3982 6178
243 246 342 302 725

1568 249 1781 303 LIBER
1818 251 1843 304 Ι
1881 250 2284 309 ΜΔιΔΟΗΙΜ.

3526 252 3633 306 726

237 371 429 447 guabit
457 373 594 444 post
624 374 801 443 me,et
827 370 955 444 ipse
984 370 1211 429 sedebit
1239 372 1301 428 in
1332 372 1477 430 solio
1505 372 1665 429 meo?
1687 389 1867 444 quare
1893 372 1949 441 Α
1979 378 2036 431 et
2067 378 2289 436 canalis
2319 379 2589 451 buccina,
2625 384 2802 452 atque
2831 378 3038 436 dicetis
3074 394 3087 434 :
3118 377 3288 433 Vivat
3330 393 3427 433 rex
3472 376 3632 434 Salo-

235 478 360 533 ergo
390 464 601 533 regnat
630 460 889 518 Adonias
926 460 994 516 ‘7
1027 462 1093 518 Et
1123 462 1316 518 adhuc
1365 461 1443 518 ibi
1495 466 1551 518 te
1600 462 1879 535 loquente
1987 467 2154 523 mon!
2189 470 2259 524 Et
2289 469 2617 526 ascendetis
2655 473 2787 541 post
2831 484 2988 539 eum,
3041 472 3099 524 et
3146 467 3391 523 venietis
3440 467 3525 538 (b.
3574 473 3630 525 et

235 567 356 607 cum
391 564 550 621 rege,
579 565 691 622 ego
719 550 948 606 veniam
975 554 1111 623 post
1138 554 1215 621 te,
1238 554 1297 607 et
1324 552 1628 623 complebo
1661 569 1876 608 sermo-

234 655 326 695 nes
370 642 522 694 tuos.
568 639 844 712 Ingresso.
875 644 964 697 est
993 640 1191 711 itaque
1220 640 1541 698 Bethsabee
1572 642 1644 697 ad
1677 656 1874 714 regem

232 727 287 783 in
315 726 791 785 cubiculumzrex
820 732 1015 785 autem
1050 733 1325 786 senuerat
1357 730 1556 799 nimis,
1579 734 1637 786 et
1657 731 1875 803 Abisag

235 816 540 872 Sanamitis
573 816 953 874 ministrabat
982 818 1053 875 ei.
1088 818 1398 875 Inclinavit
1429 836 1492 875 se
1533 820 1870 887 Bethsabee,

229 910 277 962 et
304 905 561 961 adoravit
594 923 811 977 regem.
837 908 921 962 Ad
954 924 1131 980 quam
1162 923 1260 963 rex
1293 925 1306 962 :
1342 908 1489 974 Quid
1521 910 1868 979 tibi,inquit,

233 994 355 1050 vis?
384 996 519 1059 Quae
552 996 945 1067 respondens,
976 996 1056 1051 ait
1091 1013 1104 1051 :
1140 995 1381 1052 Domine
1414 998 1516 1063 mi,
1548 1001 1609 1052 tu
1654 996 1871 1068 jurasti

229 1099 320 1156 per
346 1082 665 1139 Dominum
699 1084 878 1141 Deum
913 1089 1080 1141 tuum
1130 1084 1354 1141 ancillis
1407 1091 1539 1141 tuae.
1593 1085 1868 1141 Salomon

230 1172 370 1227 ﬁlius
399 1178 539 1228 tuus
571 1174 843 1242 regnabit
872 1180 1004 1246 post
1036 1179 1213 1241 me,et
1236 1174 1363 1246 ipse
1394 1175 1620 1231 sedebit
1642 1176 1700 1230 in
1724 1175 1868 1231 solio

229 1262 441 1317 meoEt
469 1277 607 1318 ecce
645 1279 803 1318 nunc
832 1262 1090 1319 Adonias
1121 1268 1328 1336 regnat
1360 1264 1486 1335 ’,te,
1518 1263 1755 1320 domine
1784 1264 1868 1320 mi

226 1350 675 1422 rex,ignorante.
709 1352 981 1407 Mactavit
1010 1353 1203 1419 boves,
1238 1356 1296 1407 et
1326 1352 1566 1425 pinguia
1598 1369 1866 1425 quisque,

224 1443 273 1493 et
317 1438 526 1494 arietes
579 1439 665 1511 [h.
722 1441 877 1512 oves]
929 1441 1237 1512 plurimos,
1286 1447 1343 1497 et
1388 1442 1614 1497 vocavit
1661 1458 1865 1497 omnes

223 1527 359 1583 ﬁlios
391 1527 565 1598 regis,
592 1529 883 1585 Abiathar
914 1546 1149 1602 quoque
1178 1531 1565 1597 sacerdotem,
1612 1536 1670 1587 et
1716 1531 1862 1588 Joab

227 1615 537 1687 principem
563 1616 1192 1675 militizeﬂalomonem
1218 1623 1413 1674 autem
1436 1635 1670 1675 servum
1694 1624 1859 1675 tuum

224 1721 327 1761 non
354 1706 601 1761 vocavit.
631 1711 1076 1774 Verumtamen,
1116 1709 1352 1764 domine
1396 1709 1473 1764 mi
1526 1726 1646 1773 rex,
1695 1709 1754 1763 in
1804 1713 1860 1765 te

219 1792 355 1848 oculi
420 1795 760 1867 respiciunt
818 1796 997 1853 totius
1060 1797 1257 1866 Israel,
1328 1802 1394 1851 ut
1460 1798 1684 1854 indices
1749 1798 1858 1867 eis,

223 1883 310 1954 qui
340 1884 539 1940 sedere
565 1885 783 1940 debeat
810 1885 868 1939 in
900 1885 981 1958 [h.
1016 1886 1073 1940 in
1106 1885 1251 1941 solio
1282 1886 1508 1942 domini
1549 1887 1656 1941 mei
1706 1887 1859 1960 regis

220 1977 339 2042 post
366 1973 523 2044 eum]
551 1973 708 2029 solio
735 1978 854 2045 tuo,
887 1974 1122 2030 domine
1152 1975 1234 2030 mi
1266 1992 1387 2045 rex,
1420 1980 1551 2046 post
1581 1981 1658 2031 te.
1706 1978 1857 2031 Erit-

222 2077 480 2132 que,eum
513 2062 830 2118 dormierit
860 2064 1134 2119 dominus
1161 2079 1329 2120 meus
1360 2081 1457 2120 rex
1497 2081 1630 2119 cum
1679 2066 1856 2137 patri-

219 2150 315 2206 bus
342 2151 489 2216 suis,
520 2151 755 2206 erimus
787 2168 893 2224 ego
921 2157 980 2207 et
1009 2151 1166 2207 filius
1198 2168 1367 2209 meus
1398 2153 1674 2209 Salomon
1724 2170 1857 2225 pec-

219 2245 438 2298 catores.
493 2242 713 2298 Adhuc
760 2241 863 2299 illa
907 2242 1184 2315 loquente
1231 2260 1364 2299 cum
1414 2260 1571 2316 rege,
1623 2245 1854 2301 Nathan

218 2330 474 2401 propheta
497 2331 764 2388 venit.Et
787 2331 1203 2389 nuntiaverunt
1226 2334 1365 2402 regi,
1384 2334 1856 2390 dicenteszAdest

215 2417 416 2475 Nathan
449 2421 766 2493 prapheta.
798 2425 1058 2493 Cumque
1088 2422 1393 2479 introisset
1419 2426 1553 2479 ante
1606 2439 1852 2494 conspe-

217 2512 354 2563 ctum
382 2511 655 2581 (Vulg.in
687 2512 1027 2582 conspectu)
1060 2512 1303 2583 regis,et
1333 2513 1673 2567 adorassent
1716 2530 1849 2568 eum

218 2613 413 2668 pronus
444 2599 503 2655 in
538 2604 786 2666 terram,
817 2599 963 2655 dixit
993 2600 1222 2655 Nathan
1256 2616 1269 2655 :
1303 2600 1550 2656 Domine
1598 2601 1677 2656 mi
1730 2618 1847 2670 rex,

216 2687 268 2738 tu
296 2685 481 2742 dixisti
522 2705 535 2742 :
574 2688 830 2744 Adonias
862 2692 1065 2760 regnet
1093 2693 1227 2759 post
1252 2705 1367 2752 me,
1400 2693 1457 2744 et
1491 2689 1618 2760 ipse
1649 2691 1851 2746 sedeat

219 2789 373 2845 super
398 2776 689 2834 thronum
721 2776 959 2833 meum?
987 2778 1135 2842 Quia
1199 2779 1503 2835 descendit
1549 2778 1743 2845 hodie,
1793 2784 1850 2835 et

218 2861 518 2921 immolavit
548 2866 755 2933 boves,
786 2870 843 2922 et
872 2865 1134 2938 pinguia,
1165 2870 1222 2921 et
1251 2866 1460 2923 arietes
1507 2868 1686 2939 (oves)
1719 2867 1847 2940 plu-

219 2950 459 3017 rimos.et
486 2955 721 3011 vocavit
752 2956 1055 3011 universos
1088 2954 1239 3011 filios
1268 2956 1443 3027 regis,
1467 2960 1524 3011 et
1551 2957 1846 3029 principes

219 3043 499 3111 exercitus,
536 3043 827 3100 Abiatbar
868 3060 1105 3116 quoque
1148 3046 1508 3101 sacerdotem
1544 3062 1556 3101 :
1609 3045 1848 3117 illisque

218 3132 579 3203 vescentibus,
600 3137 663 3189 et
692 3133 1026 3189 bibentibus
1055 3150 1251 3189 coram
1285 3151 1373 3201 eo,
1398 3138 1455 3189 et
1483 3134 1837 3191 dicentibus:

216 3216 359 3275 Vivat
386 3238 480 3277 rex
506 3222 772 3278 Adonias
821 3239 833 3276 :
883 3238 976 3277 me
1019 3238 1250 3278 servum
1300 3226 1495 3289 tuum,
1548 3228 1606 3279 et
1656 3224 1841 3279 Sadoc

216 3310 574 3376 sacerdotem,
607 3316 666 3366 et
698 3312 972 3367 Banaiam
1006 3311 1192 3366 ﬁlium
1218 3312 1463 3381 Joiadaa,
1497 3316 1552 3366 et
1580 3312 1838 3368 Salomo-

218 3411 329 3451 nem
363 3398 648 3456 famulum
682 3404 870 3469 tuum,
903 3417 1018 3456 non
1049 3400 1292 3455 vocavit.
1326 3401 1605 3473 Nunquid
1658 3419 1692 3457 a
1735 3403 1839 3457 do-

216 3483 355 3541 mino
385 3504 508 3544 meo
541 3504 683 3561 rege
735 3488 910 3544 exivit
954 3488 1063 3545 hoc
1109 3490 1374 3556 verbum,
1424 3494 1481 3545 et
1527 3489 1675 3545 mihi
1724 3506 1836 3544 non

218 3572 464 3633 indicasti
492 3594 665 3634 servo
695 3578 958 3649 tuo,quis
990 3593 1266 3633 sessurus
1295 3582 1450 3634 esset
1478 3595 1656 3650 super
1684 3578 1839 3634 thro-

221 3678 340 3719 num
371 3666 593 3723 domini
640 3668 750 3722 mei
801 3666 959 3737 regis
1007 3672 1143 3738 post
1187 3667 1367 3722 eum?
1420 3668 1490 3723 Et
1537 3668 1840 3738 respondit

221 3766 301 3806 rex
329 3752 525 3824 David,
558 3756 762 3811 dicens
795 3773 808 3812 :
842 3756 1049 3813 Vocate
1078 3757 1150 3811 ad
1184 3771 1277 3811 me
1309 3756 1650 3813 Bethsabee.
1703 3759 1836 3822 Qus:

220 3855 329 3895 cum
360 3844 562 3901 fuisset
592 3844 858 3917 ingressa
884 3862 1079 3901 coram
1112 3861 1264 3915 rege,
1298 3850 1355 3901 et
1398 3846 1657 3903 stetisset
1703 3851 1837 3902 ante

220 3944 352 3999 eum,
375 3933 597 4001 juravit
620 3950 741 4001 rex,
774 3940 832 3990 et
862 3935 945 3990 ait
978 3952 992 3991 :
1029 3935 1181 3990 Vivit
1210 3934 1517 4002 Dominus,
1551 3936 1651 4007 qui
1684 3936 1837 3991 eruit

220 4018 450 4077 animam
482 4038 674 4079 meam
709 4023 780 4079 de
801 4023 960 4078 omni
993 4022 1436 4095 angustia,quia
1465 4024 1831 4094 sicutjuravi

217 4106 304 4162 tibi
331 4125 424 4179 per
454 4111 769 4168 Dominum
791 4111 977 4168 Deum
1011 4111 1213 4180 Israel,
1244 4112 1445 4168 dicens
1498 4130 1510 4168 :
1558 4113 1832 4169 Salomon

218 4193 351 4252 ﬁlius
376 4203 510 4256 tuus
550 4200 821 4272 regnabit
849 4203 980 4269 post
1010 4217 1123 4265 me,
1155 4204 1213 4256 et
1239 4200 1368 4273 ipse
1398 4202 1624 4258 sedebit
1656 4218 1833 4274 super

220 4282 400 4343 solium
435 4305 633 4346 meum
666 4306 767 4359 pro
800 4305 894 4345 me
923 4307 936 4345 :
963 4288 1047 4344 sic
1078 4289 1285 4345 faciam
1317 4289 1509 4346 hodie.
1541 4292 1830 4347 Summis-

222 4386 375 4445 soque
402 4379 724 4435 Bethsabee
754 4379 809 4434 in
845 4383 1057 4434 terram
1091 4378 1277 4448 vultu,
1309 4380 1572 4436 adoravit
1610 4396 1828 4451 regem,

1982 556 2219 629 veniet),
2268 562 2326 613 et
2369 559 2596 614 sedebit
2644 574 2822 630 super
2867 558 3082 614 solium
3128 573 3347 623 meum,
3398 562 3455 612 et
3500 557 3627 628 ipse

1984 645 2254 717 regnabit
2283 664 2385 719 pro
2418 662 2511 703 me
2560 665 2573 702 :
2627 646 2831 719 illique
2880 646 3213 719 praecipiam
3266 650 3331 700 ut
3377 645 3454 701 sit
3507 647 3625 701 dux

1983 749 2160 805 super
2185 734 2383 806 Israel,
2433 740 2491 791 et
2537 752 2713 807 super
2762 736 3000 791 Judam.
3052 736 3121 789 Et
3168 734 3471 806 respondit
3519 735 3625 790 Ba-

1983 822 2149 877 naias
2220 824 2377 879 filius
2443 825 2682 889 Joiadaa,
2734 825 2855 895 regi
2921 824 3123 879 dicens
3174 840 3188 878 :
3240 828 3419 878 Amen
3471 840 3483 876 :
3540 824 3624 879 sic

1979 910 2257 983 loquatur
2287 912 2572 967 Dominus
2606 918 2757 967 Deus
2788 912 3013 968 domini
3044 913 3154 967 mei
3188 913 3341 983 regis
3369 912 3411 966 ³.
3466 912 3626 975 Quo—

1982 1001 2155 1055 modo
2189 1000 2298 1055 t‘uit
2356 1002 2638 1057 Dominus
2687 1016 2820 1056 cum
2869 1000 3106 1055 domino
3158 1016 3284 1055 meo
3333 1015 3488 1070 rege,
3537 999 3621 1055 sic

1980 1088 2058 1145 sit
2090 1106 2221 1145 cum
2254 1089 2581 1157 Salomone,
2613 1094 2669 1145 et
2699 1089 3014 1145 sublimius
3046 1088 3219 1143 faciat
3248 1088 3463 1143 solium
3494 1089 3623 1159 ejus

1980 1193 2013 1232 a
2042 1179 2187 1235 solio
2218 1179 2443 1235 domini
2474 1180 2587 1235 mei
2619 1180 2772 1251 regis
2804 1179 3004 1235 David.
3038 1179 3126 1250 (T.
3170 1179 3263 1249 II.)
3311 1177 3624 1233 Descendit

1978 1280 2114 1338 ergo
2139 1268 2324 1323 Sadoc
2347 1269 2620 1324 sacerdos
2642 1273 2698 1321 et
2716 1267 2944 1323 Nathan
2970 1266 3274 1338 propheta,
3298 1268 3354 1320 et
3374 1265 3622 1321 Banaias

1977 1355 2136 1411 filius
2166 1357 2400 1423 Joiadm,
2434 1362 2489 1412 et
2520 1357 2813 1422 Cherethi,
2849 1361 2906 1411 et
2934 1355 3291 1410 Phelethizet
3318 1354 3620 1425 imposue-

1975 1450 2114 1500 runt
2142 1444 2475 1501 Salomnem
2509 1461 2689 1517 super
2718 1445 2941 1499 mulam
2974 1443 3130 1515 regis
3160 1441 3362 1509 David,
3413 1448 3473 1498 et
3518 1444 3621 1498 ad-

1973 1536 2267 1589 duxerunt
2288 1551 2420 1590 eum
2443 1534 2502 1589 in
2523 1534 2690 1590 Gion.
2721 1534 3099 1605 Sumpsitque
3128 1533 3314 1587 Sadoc
3344 1533 3619 1588 sacerdos

1970 1639 2151 1678 cornu
2184 1624 2294 1679 olei
2320 1624 2392 1679 de
2423 1623 2822 1691 tabernaculo,
2854 1628 2911 1677 et
2959 1622 3125 1677 unxit
3176 1620 3548 1677 Salomonem
3606 1639 3618 1676 :

1972 1716 2030 1768 et
2047 1713 2385 1769 cecinerunt
2408 1712 2738 1779 buccina,et
2764 1712 2911 1767 dixit
2942 1712 3135 1767 omnis
3166 1711 3622 1782 populus:Vivat

1974 1818 2073 1857 rex
2100 1800 2473 1858 SalomonIEt
2501 1802 2765 1857 ascendit
2794 1802 3066 1856 universa
3115 1800 3436 1855 multitudo
3488 1805 3620 1871 post

1972 1907 2129 1958 eum,
2161 1896 2218 1946 et
2262 1890 2515 1962 populus
2567 1890 2904 1946 canentium
2955 1888 3135 1955 tibiis,
3186 1892 3243 1943 et
3290 1888 3617 1944 latentium

1972 1980 2187 2051 gaudio
2210 1995 2443 2051 magno,
2466 1984 2523 2034 et
2544 1979 2806 2034 insonuit
2830 1984 2985 2034 terra
3004 1996 3037 2033 a
3057 1977 3311 2033 clamore
3340 1994 3542 2033 eorum
3577 1980 3617 2032 ⁴.

1969 2069 2206 2124 Audivit
2237 2073 2431 2124 autem
2462 2068 2741 2133 Adonias,
2773 2072 2831 2123 et
2859 2083 3064 2123 omnes
3094 2067 3195 2137 qui
3228 2065 3455 2122 invitati
3488 2067 3611 2122 fue-

1971 2163 2105 2213 rant
2135 2158 2209 2214 ab
2239 2174 2327 2222 eo,
2356 2158 2595 2227 jamque
2626 2155 2955 2213 convivium
2988 2155 3219 2210 ﬁnitum
3269 2160 3394 2210 erat
3440 2173 3453 2209 :
3509 2157 3610 2211 sed

1970 2250 2026 2302 et
2044 2246 2421 2315 Joab,audita
2443 2263 2579 2301 voce
2602 2246 2779 2312 tubae,
2803 2247 2884 2300 ait
2909 2263 2921 2299 :
2941 2245 3089 2308 Quid
3112 2243 3224 2299 sibi
3244 2244 3370 2299 vult
3389 2244 3614 2300 clamor

1967 2335 2218 2391 civitatis
2244 2334 2712 2391 tumultuantis?
2736 2334 2939 2389 Adhuc
2970 2333 3069 2389 illo
3101 2333 3394 2404 loquente,
3427 2334 3610 2389 Jona-

1966 2424 2106 2480 thau
2140 2424 2297 2480 filius
2350 2424 2632 2479 Abiathar
2680 2423 3000 2478 sacerdotis
3048 2422 3205 2478 venit
3258 2439 3270 2475 ε
3321 2423 3416 2478 cui
3464 2423 3611 2477 dixit

1961 2513 2219 2569 Adonias
2251 2528 2264 2568 :
2300 2512 2628 2584 Ingredere,
2678 2510 2818 2582 quia
2862 2511 2950 2566 vir
2996 2510 3165 2566 fortis
3216 2526 3300 2578 es,
3353 2517 3410 2566 et
3456 2512 3612 2567 bona

1964 2602 2267 2657 nuntians.
2288 2600 2725 2672 Responditque
2752 2600 3049 2655 Jonathan
3079 2600 3313 2655 Adonim
3339 2616 3350 2654 :
3378 2601 3609 2672 Nequa-

1964 2707 2140 2762 quam
2177 2708 2189 2744 :
2221 2689 2497 2745 dominus
2517 2688 2675 2744 enim
2697 2692 2896 2744 noster
2917 2703 3015 2742 rex
3036 2687 3215 2742 David
3240 2705 3435 2759 regem
3469 2706 3607 2743 con-

1964 2780 2158 2836 stituit
2177 2777 2854 2848 Salomonem;misitque
2878 2793 3011 2832 cum
3035 2793 3100 2832 eo
3123 2777 3304 2831 Sadoc
3335 2779 3609 2833 sacerdo-

1962 2874 2165 2937 tem,et
2184 2868 2411 2923 Nathan
2438 2867 2781 2939 prophetam
2794 2871 2850 2922 et
2870 2866 3145 2921 Banaiam
3170 2866 3351 2920 ﬁlium
3367 2867 3607 2937 Joiadm,

1961 2962 2017 3016 et
2045 2957 2317 3014 Cherethi
2345 2964 2403 3012 et
2432 2955 2722 3023 Phelethi,
2741 2962 2798 3011 et
2829 2955 3239 3026 imposuerunt
3267 2972 3399 3009 eum
3434 2973 3612 3027 super

1962 3046 2183 3102 mulam
2218 3046 2393 3118 regis.
2426 3044 2803 3114 Uxeruntque
2832 3060 2964 3098 eum
3000 3044 3187 3098 Sadoc
3227 3044 3500 3099 sacerdos
3550 3049 3607 3099 et

1959 3135 2191 3199 Nathan
2246 3132 2526 3204 propheta
2576 3145 2772 3201 regem
2824 3130 2883 3184 in
2927 3130 3074 3185 Gion
3123 3134 3249 3199 (ms.
3302 3132 3507 3202 Geon),
3550 3137 3609 3186 et

1952 3220 2496 3279 ascenderuntinde
2518 3218 2868 3284 leetantes,et
2886 3218 3152 3274 insonuit
3174 3220 3592 3283 (mss.intonuit

1951 3312 2155 3368 civitas
2177 3310 2329 3364 :haac
2356 3314 2444 3365 est
2467 3326 2595 3376 vox,
2616 3324 2795 3379 quam
2827 3309 3212 3364 audistis.Sed
3246 3315 3301 3364 et
3330 3310 3607 3365 Salomon

1951 3400 2117 3456 sedet
2147 3415 2324 3469 super
2355 3397 2569 3453 solium
2608 3398 2788 3466 regni.
2831 3397 2901 3451 Et
2952 3397 3204 3468 ingressi
3254 3398 3404 3453 servi
3454 3397 3608 3469 regis

1948 3490 2371 3545 benedixerunt
2419 3485 2656 3542 domino
2688 3491 2889 3541 nostro
2921 3486 3040 3558 regi
3072 3488 3253 3543 David
3287 3490 3546 3545 dicentes
3580 3506 3593 3542 :

1948 3577 2282 3649 Amplificet
2306 3581 2462 3632 Deus
2512 3590 2725 3631 nomen
2776 3574 3101 3631 Salomonis
3153 3593 3333 3647 super
3382 3595 3593 3635 nomen

1946 3670 2136 3733 tuum,
2169 3670 2227 3721 et
2253 3665 2587 3737 magniﬁcet
2614 3664 2891 3719 thronum
2926 3664 3054 3735 ejus
3094 3681 3273 3737 super
3318 3666 3598 3723 thronum

1947 3760 2140 3812 tuum.
2174 3756 2242 3809 Et
2271 3754 2534 3809 adoravit
2565 3769 2664 3807 rex
2690 3754 2748 3807 in
2802 3751 3013 3807 lectulo
3064 3769 3191 3808 suo.
3245 3757 3494 3826 Insuper
3541 3761 3598 3812 et

1944 3844 2068 3901 haec
2101 3843 2277 3916 (Vulg.
2298 3846 2490 3897 tacent
2520 3842 2763 3913 insuper
2793 3846 2845 3895 et
2876 3840 3017 3909 haec)
3051 3839 3284 3897 locutus
3314 3846 3403 3897 est
3436 3859 3449 3898 :
3484 3844 3593 3899 Be-

1944 3933 2213 3989 nedictus
2244 3930 2530 3986 Dominus
2560 3930 2715 3985 Deus
2749 3928 2945 3997 Israel,
2981 3930 3080 4000 qui
3108 3930 3268 3985 dedit
3299 3930 3471 3987 hodie
3503 3949 3592 3987 se-

1944 4024 2179 4079 dentem
2226 4036 2403 4092 super
2450 4019 2664 4075 solium
2712 4020 2753 4084 “,
2805 4018 3136 4073 videntibus
3186 4019 3371 4075 oculis
3420 4021 3587 4077 meis.

1942 4112 2154 4168 Territi
2178 4115 2318 4166 sunt
2338 4126 2495 4181 ergo,
2529 4113 2584 4164 et
2604 4111 2986 4163 surrexerunt
3008 4123 3209 4163 omnes
3230 4109 3329 4179 qui
3362 4109 3590 4165 invitati

1940 4200 2173 4257 fuerant
2188 4200 2259 4256 ab
2272 4197 2578 4266 Adonia,et
2599 4197 2700 4252 ivit
2716 4197 3123 4268 unusquisque
3139 4197 3198 4252 in
3226 4197 3378 4253 viam
3396 4216 3584 4254 suam.

1940 4290 2193 4347 Adonias
2241 4294 2434 4345 autem
2495 4287 2710 4343 timens
2759 4287 3153 4354 Salomonem,
3204 4289 3480 4356 surrexit,
3532 4293 3590 4345 et

1940 4379 2084 4437 abiit
2104 4378 2408 4450 tenuitque
2429 4394 2607 4433 cornu
2632 4376 2853 4432 altaris.
2883 4376 2949 4430 Et
2971 4377 3389 4433 nuntiaverunt
3421 4377 3587 4434 Salo-

221 4460 393 4521 dicens
424 4484 435 4522 :
475 4468 638 4523 Vivat
659 4467 936 4523 dominus
964 4484 1132 4524 meus
1155 4484 1250 4523 rex
1273 4469 1456 4539 (Vulg.
1484 4474 1678 4526 tacent
1709 4472 1825 4538 rex)
1857 4454 1905 4519 D
1939 4468 2389 4539 moni,dicentes
2406 4483 2416 4521 :
2436 4467 2575 4521 Ecce
2595 4464 2851 4520 Adonias
2873 4464 3085 4520 timens
3107 4481 3303 4538 regem
3325 4465 3587 4522 Salomo-

221 4547 371 4608 David
397 4554 453 4610 in
483 4561 792 4613 aeternum.
824 4555 1085 4625 (Titulus
1130 4557 1194 4627 Ι.)
1243 4557 1399 4612 Dixit
1444 4575 1677 4629 quoque
1730 4576 1827 4614 rex

221 4640 370 4697 David
402 4661 414 4698 :
444 4645 660 4700 Vocate
692 4644 836 4700 mihi
861 4645 1045 4700 Sadoc
1075 4646 1458 4713 sacerdotem,
1495 4652 1552 4702 et
1600 4647 1825 4703 Nathan

222 4731 548 4801 prophetam,
578 4738 636 4790 et
667 4734 943 4789 Banaiam
978 4733 1166 4789 tilium
1195 4734 1552 4799 Joiadaa.0ui
1576 4753 1707 4791 cum
1742 4737 1828 4792 in-

220 4821 376 4886 gressi
405 4824 652 4880 fuissent
680 4840 877 4879 coram
908 4839 1063 4895 rege,
1096 4823 1242 4880 dixit
1285 4825 1357 4879 ad
1406 4841 1504 4881 eos
1554 4843 1567 4881 :
1622 4825 1826 4882 Tollite

221 4906 485 4967 vobiscum
512 4928 706 4969 servos
727 4912 952 4968 domini
974 4913 1237 4983 vestri,et
1260 4913 1543 4985 imponite
1562 4914 1825 4970 Salomo-

220 5008 329 5051 nem
362 4999 533 5057 filium
565 5017 762 5057 meum
792 5017 972 5072 super
996 5000 1218 5056 mulam
1260 5018 1473 5068 meam,
1524 5008 1581 5058 et
1630 5003 1825 5059 ducite

222 5080 287 5149 (h.
307 5085 577 5158 deponite)
599 5106 732 5146 eum
766 5090 824 5145 in
848 5088 1014 5144 Gion.
1050 5091 1119 5145 Et
1152 5095 1333 5161 ungat
1359 5108 1494 5147 eum
1526 5092 1607 5147 ibi
1642 5092 1824 5146 Sadoc

220 5176 536 5248 sacerdos,et
555 5178 782 5235 Nathan
806 5177 1177 5251 propheta,in
1201 5194 1397 5251 regem
1421 5196 1600 5253 super
1622 5179 1821 5237 Israel:

287 5317 300 5350 ¹
329 5318 542 5376 Rectius
572 5320 747 5376 habet
778 5319 1091 5376 Veronens.
1125 5335 1237 5376 ms.
1271 5322 1524 5390 regnavit
1553 5339 1687 5378 cum
1718 5325 1825 5378 He-

230 5400 360 5493 δι’ῳο
384 5392 510 5493 πῆπ,
540 5414 599 5465 et
628 5408 921 5481 plerisque
950 5407 1080 5464 aliis
1110 5408 1298 5465 libris.

288 5492 305 5571 ξ
333 5495 525 5571 lterum
554 5498 713 5554 idem
740 5514 851 5555 ms.
888 5513 1025 5571 cum
1048 5498 1310 5569 Hebraeo,
1342 5502 1449 5554 etc.
1480 5501 1749 5571 regnavit.

290 5564 307 5599 ι
333 5566 474 5627 Idem
499 5570 814 5630 Veronens.
848 5586 961 5628 ms.
993 5569 1215 5629 domino
1244 5564 1367 5630 meo
1390 5574 1524 5643 regi.

1936 4556 2287 4625 nem,tenuit
2317 4572 2494 4611 cornu
2529 4553 2752 4619 altaris,
2778 4554 3015 4609 dicens:
3041 4554 3206 4609 Juret
3236 4554 3380 4610 mihi
3413 4556 3583 4613 hodie

1936 4662 2031 4702 rex
2052 4644 2512 4716 Salomon,quod
2540 4660 2653 4699 non
2678 4642 2991 4698 interficiat
3015 4660 3247 4698 servum
3274 4662 3443 4699 suum
3466 4646 3582 4718 gla-

1936 4734 2331 4805 dio.Dixitque
2351 4732 2621 4788 Salomon
2651 4750 2661 4787 :
2689 4732 2744 4785 Si
2775 4731 2948 4786 fuerit
2973 4731 3054 4786 vir
3076 4732 3263 4787 bonus
3290 4734 3581 4805 (ms.ﬁlius

1934 4823 2336 4895 virtutis),non
2372 4823 2537 4877 cadet
2569 4837 2638 4876 ne
2663 4838 2816 4877 unus
2841 4820 3074 4892 quidem
3101 4821 3350 4894 capillus
3372 4826 3501 4894 ejus
3523 4827 3579 4878 in

1933 4911 2271 4969 terramLSin
2295 4916 2487 4966 autem
2515 4910 2734 4966 malum
2762 4911 3064 4964 inventum
3088 4911 3259 4966 fuerit
3280 4911 3336 4965 in
3361 4928 3577 4978 eo,mo-

1934 5002 2132 5057 rietur.
2172 5000 2331 5056 Misit
2354 5017 2487 5071 ergo
2509 5018 2606 5055 rex
2627 5000 2989 5065 Salomon,et
3010 5000 3213 5055 eduxit
3232 5016 3363 5055 eum
3395 5002 3465 5055 ab
3490 5001 3575 5075 al-

1933 5090 2123 5157 tari,et
2148 5090 2452 5162 ingressus
2473 5090 2731 5145 adoravit
2752 5105 2942 5160 regem
2967 5088 3337 5144 Salomonem
3363 5106 3377 5144 :
3400 5089 3577 5144 dixit-

1932 5197 2044 5253 que
2062 5179 2109 5233 ei
2134 5180 2411 5251 (maluae:
2429 5179 2502 5250 ei)
2523 5178 2793 5233 Salomon
2818 5196 2830 5235 :
2858 5178 3016 5232 Vade
3034 5177 3092 5231 in
3117 5178 3356 5233 domum
3388 5181 3575 5234 tuam.

2002 5323 2024 5357 ‘
2052 5321 2287 5377 Omittit
2324 5321 2417 5375 hic
2449 5320 2601 5374 idem
2636 5335 2747 5373 ms.
2781 5317 3025 5389 librarii,
3074 5321 3137 5372 ut
3184 5317 3431 5385 videtur,
3482 5335 3573 5374 os-

1933 5394 2195 5461 citantia,
2230 5409 2399 5449 voces
2429 5390 2733 5447 aclamore
2780 5406 2969 5445 eorum
3020 5406 3039 5444 :
3093 5405 3217 5458 quae
3266 5393 3464 5445 tamen
3514 5391 3572 5446 in

1932 5483 2172 5538 Hebraeo
2203 5486 2345 5537 sunt
2374 5465 2577 5569 051.33,
2607 5497 2671 5535 ac
2702 5477 2922 5534 caeteris
2955 5476 3139 5531 libris.

2005 5573 2026 5606 ⁸
2053 5570 2372 5628 Veronens.
2406 5563 2519 5627 ms.
2552 5569 2613 5624 in
2641 5569 2778 5625 solio
2810 5581 2945 5638 meo,
2972 5581 3104 5620 cum
3138 5563 3425 5637 Vulgatis.
