3982 6178
426 281 539 339 727

1459 284 1520 336 S.
1559 280 1972 338 HIERONYMI
2009 279 2264 336 DIVINA
2301 280 2799 337 BIBLIOTHECA.

3668 283 3748 343 πε

497 409 587 481 (T.
621 410 716 477 III,
748 424 868 481 cap.
901 408 1008 481 II.)
1036 406 1669 480 Appropinquaverunt
1698 410 1896 462 autem
1945 405 2069 462 dies
2098 407 2153 474 Α
2181 406 2345 463 dicas
2379 407 2677 464 Salomoni
2711 408 2832 481 regi
2856 420 3072 482 (neque
3102 407 3259 464 enim
3289 423 3484 482 negare
3507 410 3602 467 tibi
3627 415 3751 487 quid'

426 497 606 555 David
640 502 704 554 ut
751 501 1093 564 moreretur,
1145 497 1538 570 praecepitque
1603 495 1901 553 Salomoni
1958 495 2079 551 ﬁlio

435 604 563 657 suo,
591 587 792 643 dicens
824 603 837 641 :
871 587 985 657 Ego
1016 587 1316 658 ingredior
1345 586 1500 640 viam
1553 585 1837 642 universas
1888 590 2080 653 terrae,

433 677 779 744 confortare,
812 680 869 732 et
898 680 1022 732 esto
1053 676 1160 732 vir.
1214 676 1284 731 Et
1331 676 1577 731 observa
1625 677 1747 748 (ms.
1795 680 1928 736 etc.)
1977 691 2080 730 cu-

431 765 659 822 stodias
691 764 924 820 Domini
955 763 1056 821 Dei
1087 764 1199 830 tui,
1232 768 1297 819 ut
1327 765 1594 820 ambules
1625 763 1688 820 in
1721 764 1830 820 viis
1863 764 2085 834 ejus,ut

428 853 726 910 custodias
749 853 1127 910 caeremonias
1153 853 1234 914 (h.
1256 855 1496 924 statuta)
1527 855 1677 925 ejus,
1708 857 1766 910 et
1797 856 2086 925 praecepta

431 943 584 1014 ejus,
618 947 675 998 et
697 942 947 1014 judicia,
977 946 1034 998 et
1061 942 1418 1012 testimonia,
1465 944 1619 998 sicut
1667 943 1949 1014 scriptum
2000 945 2088 998 est

431 1030 497 1086 in
528 1031 654 1103 lege
686 1030 855 1099 Mosi,
889 1035 954 1086 ut
982 1029 1276 1102 intelligas
1324 1031 1595 1087 universa
1639 1049 1766 1103 quae
1818 1031 1983 1099 iacis,
2032 1035 2089 1087 et

439 1136 811 1192 quocumque
833 1124 890 1176 te
911 1120 1189 1176 verteris:
1213 1124 1276 1175 ut
1306 1121 1613 1176 conﬁrmet
1646 1121 1930 1176 Dominus
1963 1137 2088 1176 ser-

439 1223 642 1266 mones
674 1225 835 1276 suos,
869 1225 1016 1280 quos
1046 1207 1278 1265 locutus
1309 1213 1398 1265 est
1427 1210 1498 1264 de
1547 1225 1662 1280 me,
1714 1209 1915 1264 dicens
1968 1225 1982 1264 :
2031 1209 2089 1264 Si

439 1297 826 1354 custodierint
852 1297 954 1352 ﬁlii
985 1297 1070 1352 tui
1102 1298 1255 1353 viam
1287 1314 1457 1353 suam
1488 1299 1531 1366 2,
1567 1304 1624 1354 et
1662 1297 2092 1354 ambulaverint

440 1401 638 1442 coram
669 1399 762 1441 me
782 1385 844 1440 in
866 1385 1127 1456 veritate,
1157 1385 1217 1440 in
1235 1385 1398 1442 omni
1421 1387 1590 1442 corde
1612 1402 1742 1451 suo,
1769 1393 1824 1442 et
1848 1387 1905 1440 in
1929 1387 2090 1442 omni

437 1475 637 1532 anima
660 1491 911 1545 sua,non
944 1475 1241 1530 auferetur
1270 1474 1376 1530 tibi
1405 1475 1491 1530 vir
1521 1477 1592 1530 de
1623 1475 1767 1531 solio
1801 1474 2092 1532 Israel.Tu

441 1579 676 1638 quoque
699 1563 853 1619 nosti
877 1580 1004 1635 quas
1025 1563 1225 1620 fecerit
1242 1563 1385 1621 mihi
1399 1564 1543 1620 Joab
1563 1564 1716 1621 ﬁlius
1730 1565 2092 1636 Sarviaa,quae

442 1653 646 1710 fecerit
675 1653 907 1709 duobus
937 1651 1298 1724 principibus
1329 1653 1615 1709 exercitus
1647 1654 1844 1723 Israel,
1896 1654 2095 1710 Abner

443 1741 564 1798 ﬁlio
584 1741 780 1812 Ner,et
799 1744 1057 1797 Amassae
1080 1741 1199 1797 ﬁlio
1220 1742 1592 1814 Jetherzquos
1613 1742 1844 1814 occidit,
1866 1747 1922 1798 et
1951 1743 2096 1798 etfu-

446 1832 535 1887 dit
577 1830 928 1903 sanguinem
979 1830 1117 1886 belli
1161 1831 1220 1886 in
1274 1847 1433 1903 pace,
1483 1836 1540 1887 et
1589 1837 1784 1903 posuit
1834 1848 2098 1888 cruorem

452 1921 638 1994 praelii
667 1921 726 1975 in
759 1921 948 1976 balteo
979 1937 1108 1987 suo,
1132 1920 1234 1992 qui
1265 1925 1388 1976 erat
1417 1921 1573 1976 circa
1605 1920 1828 1976 lambos
1859 1923 2008 1993 ejus,
2044 1925 2102 1976 et

448 2010 513 2066 in
536 2010 933 2067 calceamento
960 2011 1251 2082 suo,quod
1275 2010 1471 2066 eratin
1485 2010 1732 2081 pedibus
1747 2011 2103 2080 ejus.P‘acies

455 2101 769 2172 ergojuxla
781 2098 1130 2170 sapientiam
1143 2103 1389 2168 tuam,et
1404 2115 1518 2153 non
1543 2099 1649 2154 ded
1662 2115 1796 2154 uces
1815 2099 1896 2171 (h.
1922 2101 2100 2172 depo-

460 2191 590 2257 nes)
615 2188 890 2244 canitiem
921 2186 1048 2257 ejus
1075 2187 1314 2258 paciﬁce
1344 2188 1414 2242 ad
1450 2187 1686 2243 inferos.
1718 2189 1826 2243 Sed
1858 2193 1915 2243 et
1966 2188 2102 2244 ﬁliis

458 2276 733 2334 Berzellai
760 2276 1080 2332 Galaaditis
1112 2277 1319 2332 reddes
1350 2276 1621 2347 gratiam,
1668 2283 1958 2349 eruntque
2007 2293 2103 2334 co-

456 2367 758 2421 medentes
787 2364 846 2419 in
879 2379 1081 2420 mensa
1109 2369 1211 2420 tua
1259 2382 1273 2420 :
1325 2370 1704 2420 occurrerunt
1751 2366 1907 2422 enim
1958 2366 2102 2422 mihi

454 2455 690 2527 quando
714 2454 1010 2525 fugebiam
1033 2471 1066 2508 a
1088 2454 1235 2509 facie
1259 2453 1534 2509 Absalom
1563 2455 1760 2511 fratris
1781 2456 1885 2511 tui.
1917 2457 2104 2512 [Iabes

453 2559 684 2616 quoque
709 2544 862 2616 apud
887 2551 940 2599 te
961 2544 1085 2614 (ms.
1117 2546 1260 2599 tacet
1280 2544 1358 2614 te)
1386 2543 1576 2600 Semei
1609 2545 1795 2600 ﬁlium
1820 2545 1967 2601 Gera
1997 2547 2107 2617 ﬁlii

455 2634 540 2706 (h.
577 2650 692 2689 non
726 2633 919 2704 habet)
949 2631 1158 2688 Jemini
1189 2633 1261 2688 de
1299 2632 1601 2699 Bahurim,
1655 2635 1752 2705 qui
1805 2635 2108 2692 maledixit

459 2723 608 2778 mihi
636 2721 1047 2778 maledictione
1067 2721 1346 2795 pessima,
1375 2724 1611 2794 quando
1634 2723 1790 2778 ibam
1813 2726 1879 2779 ad
1906 2729 2100 2781 castra

457 2811 904 2886 (h.Mannaim):
939 2811 1039 2866 sed
1063 2811 1204 2882 quia
1223 2811 1525 2867 descendit
1547 2811 1691 2867 mihi
1713 2813 1771 2868 in
1795 2829 2106 2869 occursum

457 2917 589 2956 cum
618 2901 928 2957 transirem
945 2901 1344 2965 Jordanem,et
1360 2901 1550 2970 juravi
1575 2901 1624 2956 ei
1648 2918 1753 2973 per
1772 2902 2107 2972 Dominum,

464 2989 667 3046 dicens
701 3006 714 3045 :
749 2989 876 3044 Non
907 2992 964 3044 te
1003 2987 1352 3044 interﬁciam
1402 2987 1593 3060 gladio
1645 3006 1657 3044 :
1708 2994 1771 3045 tu
1822 2990 1941 3046 noli
1989 2991 2110 3063 pati

2190 511 2363 568 quam
2398 501 2589 569 potest
2619 497 2698 566 (h.
2749 498 2896 553 Nam
2943 513 3054 552 non
3104 501 3318 554 avertet
3366 501 3546 570 faciem
3589 506 3748 576 tuam)

2189 590 2255 641 ut
2284 587 2383 641 det
2410 586 2554 640 mihi
2591 585 2805 658 Abisag
2835 586 3184 643 Sunamiten
3218 589 3389 659 (Vulg.
3436 589 3749 649 Sunamidem

2191 675 2281 731 hic
2307 678 2359 730 et
2386 674 2564 747 infra)
2592 691 2850 731 uxorem.
2887 676 2952 731 Et
2982 675 3062 731 ait
3104 676 3414 734 Bethsabee
3443 694 3454 732 :
3486 678 3635 750 Bene,
3674 697 3751 753 ego

2190 763 2402 834 loquar
2430 779 2532 835 pre
2563 768 2620 820 te
2649 763 2790 836 regi.
2823 763 2993 820 Venit
3022 779 3156 835 ergo
3188 765 3488 820 Bethsabee
3514 770 3575 822 ad
3601 783 3752 839 regem

2191 852 2584 923 Salomonem,
2619 861 2680 908 ut
2709 853 3046 925 loqueretur
3069 853 3120 908 ei
3169 869 3268 924 pro
3316 854 3537 922 Adonis,
3577 860 3625 910 et
3659 873 3754 912 sur-

2195 943 2343 997 rexit
2377 958 2474 997 rex
2504 942 2562 996 in
2593 958 2906 998 occursum
2957 943 3106 1013 ejus,
3165 943 3526 1014 adoravitque
3566 960 3689 1015 eam,
3723 952 3760 1000 et
3869 972 3871 1000 :

2197 1031 2348 1086 sedit
2377 1046 2557 1102 super
2586 1031 2863 1086 thronum
2898 1047 3075 1086 suum
3110 1046 3123 1085 :
3158 1031 3489 1102 positusque
3527 1036 3605 1087 est
3643 1033 3762 1088 thro-
3871 1060 3873 1066 ·

2198 1137 2312 1175 nus
2342 1121 2516 1175 matri
2549 1122 2725 1193 regis,
2758 1137 2887 1192 quas
2917 1120 3069 1177 sedit
3098 1121 3169 1176 ad
3201 1120 3481 1176 dexteram
3528 1121 3655 1190 ejus.
3694 1122 3766 1177 Di-
3873 1146 3875 1148 ·

2197 1206 2398 1278 xitque
2421 1207 2471 1262 ei
2500 1223 2513 1262 :
2539 1207 2882 1264 Pstitionem
2908 1225 3089 1264 unam
3114 1206 3409 1281 parvulam
3431 1224 3528 1280 ego
3546 1209 3767 1281 deprecor

2201 1311 2234 1350 a
2255 1300 2411 1363 te,nc
2440 1296 2769 1352 confundas
2799 1297 2882 1368 (h.
2918 1312 2990 1352 ne
3026 1298 3274 1368 avertas)
3298 1296 3491 1352 faciem
3522 1313 3698 1355 meam.
3722 1299 3770 1354 Et

2201 1384 2478 1456 (ms.tacet
2500 1385 2588 1456 Et)
2611 1385 2755 1440 dixit
2780 1386 2830 1441 ei
2856 1402 2980 1442 rex:
2999 1386 3346 1456 Pete,mater
3367 1401 3486 1442 mea
3513 1387 3631 1458 (ms.
3659 1387 3737 1457 mi)
3761 1405 3770 1440 :
3879 1404 3881 1418 ι

2204 1490 2390 1545 neque
2421 1474 2577 1529 enim
2612 1475 2696 1530 fas
2745 1479 2835 1530 est
2882 1479 2948 1530 ut
2996 1479 3256 1531 avertam
3304 1474 3498 1531 faciem
3539 1480 3678 1530 tuam
3713 1476 3770 1542 (h.
3881 1490 3883 1496 '

2205 1561 2358 1629 Pete,
2392 1567 2581 1617 mater
2608 1563 2710 1619 mi.
2739 1562 2865 1618 Non
2898 1569 3153 1620 avertam
3205 1563 3408 1620 faciem
3452 1565 3637 1634 tuam).
3675 1565 3773 1630 One
3883 1576 3885 1588 '

2206 1651 2336 1706 ait:
2392 1650 2572 1706 Detur
2619 1652 2837 1708 Abizab
2889 1653 3209 1709 Sunamitis
3259 1653 3481 1709 Adonim
3527 1654 3667 1708 fratri
3704 1659 3776 1710 tuo

2207 1755 2370 1795 uxor.
2405 1740 2848 1813 Responditque
2896 1758 2995 1796 rex
3044 1741 3344 1810 Salomon,
3390 1747 3445 1798 et
3488 1742 3616 1797 dixit
3650 1744 3779 1798 matri

2212 1846 2330 1885 sua:
2365 1845 2378 1883 :
2412 1830 2599 1893 Quare
2631 1831 2898 1902 postulas
2925 1831 3148 1904 Abizag
3186 1831 3518 1888 Sunamiten
3563 1830 3781 1887 Adonis?

2213 1918 2440 1990 postula
2469 1918 2519 1973 ei
2553 1925 2609 1974 et
2640 1935 2921 1991 regnum;
2957 1921 3084 1992 ipse
3122 1925 3212 1976 est
3265 1921 3413 1976 enim
3461 1921 3621 1976 frater
3659 1935 3785 1976 meus

2212 2009 2401 2078 major
2431 2025 2544 2079 me,
2577 2014 2636 2064 et
2659 2009 2840 2064 habet
2867 2010 3156 2066 Abiathar
3186 2011 3564 2076 sacerdotem,
3593 2014 3640 2065 et
3677 2009 3785 2066 Joab

2212 2096 2397 2152 ﬁlium
2425 2098 2637 2153 Sarvire
2665 2099 2749 2167 (h.
2780 2103 2834 2154 et
2877 2101 2950 2166 ei,
3001 2104 3058 2155 et
3106 2099 3393 2155 Abiathar
3440 2099 3712 2167 sacerdoti,
3749 2102 3789 2152 et

2209 2187 2354 2243 Joab
2389 2186 2505 2242 tilio
2535 2186 2790 2257 Sarviae).
2822 2188 3053 2244 Juravit
3081 2188 3288 2260 itaque
3317 2205 3413 2244 rex
3439 2190 3681 2244 Salomon
3718 2202 3792 2258 per

2211 2275 2550 2344 Dominum,
2585 2276 2826 2333 dicens:
2861 2277 2992 2332 Hac
3023 2277 3198 2333 faciat
3228 2278 3377 2333 mihi
3417 2283 3575 2345 Deus,
3614 2281 3663 2332 et
3700 2275 3791 2330 hac

2213 2365 2414 2432 addat,
2433 2365 2566 2435 quia
2596 2371 2798 2422 contra
2827 2367 3085 2422 animam
3119 2383 3294 2423 suam
3326 2366 3547 2424 locutus
3569 2370 3648 2422 est
3672 2365 3790 2420 Ado-

2212 2454 2342 2511 nias
2371 2455 2612 2510 verbum
2646 2455 2775 2511 hoc.
2810 2455 2876 2511 Et
2905 2471 3063 2512 nunc
3092 2457 3239 2512 vivit
3272 2456 3562 2518 Dominus,
3590 2454 3676 2527 qui
3717 2453 3794 2508 tir-

2214 2543 2393 2599 mavit
2419 2560 2531 2614 me,
2563 2548 2620 2600 et
2655 2543 2973 2613 collocavit
3014 2545 3206 2617 (Vulg.
3259 2546 3470 2602 addunt
3515 2544 3618 2616 me)
3661 2558 3798 2612 super

2213 2631 2426 2688 solium
2465 2633 2636 2688 David
2673 2633 2854 2705 patris
2895 2633 3030 2704 mei,
3081 2633 3184 2705 qui
3223 2634 3370 2691 fecit
3399 2632 3536 2689 mihi
3583 2633 3798 2696 domum,

2214 2721 2370 2777 sicut
2397 2721 2630 2778 locutus
2674 2727 2782 2793 est,
2842 2722 2976 2794 quia
3019 2723 3195 2779 hodie
3244 2725 3536 2780 occidetur
3577 2722 3802 2777 Adonias.

2213 2811 2304 2881 (T.
2338 2810 2462 2882 VI.)
2493 2809 2769 2882 Misitque
2800 2828 2895 2866 rex
2922 2811 3194 2868 Salomon
3227 2829 3331 2885 per
3361 2827 3591 2868 manum
3619 2809 3802 2866 Banaia

2218 2899 2319 2955 ﬁlii
2351 2900 2591 2967 Joiadae,
2625 2901 2726 2972 qui
2776 2899 3070 2957 interfecit
3118 2917 3280 2973 eum,
3329 2907 3387 2959 et
3437 2904 3683 2958 mortuus
3721 2901 3805 2953 est.

2216 2988 2495 3044 Abiathar
2566 3004 2801 3061 quoque
2856 2990 3142 3045 sacerdoti
3199 2990 3343 3047 dixit
3389 3005 3484 3046 rex
3529 3005 3541 3043 :
3589 2986 3726 3042 Vade
3761 2983 3806 3038 in

461 3094 593 3136 esse
622 3095 755 3134 eum
787 3077 1111 3134 innoxium.
1144 3076 1244 3132 Vir
1274 3079 1470 3133 autem
1503 3079 1739 3150 sapiens
1771 3096 1853 3147 es,
1873 3085 1932 3136 et
1961 3079 2111 3136 scies
2218 3076 2516 3133 Anathoth
2550 3078 2622 3132 ad
2657 3094 2865 3150 agrum
2899 3080 3372 3149 tuum,equidem
3401 3079 3484 3134 vir
3514 3077 3700 3134 mortis
3723 3090 3807 3130 es:

465 3184 594 3239 qua
625 3167 828 3238 facias,
879 3167 1249 3238 deducesque
1291 3166 1374 3238 (h.
1426 3167 1706 3239 depones)
1754 3185 1931 3224 canos
1979 3171 2107 3240 ejus
2139 3151 2181 3218 C
2222 3165 2322 3220 sed
2354 3163 2526 3220 hudie
2555 3170 2610 3220 te
2641 3182 2758 3220 non
2790 3164 3159 3234 interficiam,
3191 3167 3334 3237 quia
3381 3163 3611 3238 portasti
3654 3175 3809 3218 arcam

465 3273 602 3314 cum
634 3255 923 3328 sanguine
953 3256 1023 3310 ad
1056 3255 1372 3310 infernum.
1405 3255 1488 3315 (T.
1523 3256 1640 3324 IV.)
1671 3257 1954 3312 Dormivit
2001 3258 2112 3330 igi-

464 3350 564 3403 tur
593 3346 770 3402 David
805 3361 940 3401 cum
974 3344 1239 3417 patribus
1269 3345 1438 3412 ,suis,
1489 3350 1545 3400 et
1593 3345 1862 3418 sepultus
1911 3351 2001 3403 est
2051 3347 2110 3402 in

465 3435 698 3492 civitate
729 3435 929 3490 David.
969 3433 1098 3489 Dies
1130 3438 1325 3489 autem
1358 3433 1575 3505 quibus
1624 3436 1887 3507 regnavit
1908 3436 2111 3509 [David

465 3541 644 3598 super
672 3523 874 3590 Israel,
907 3522 1302 3595 quadraginta
1335 3523 1472 3577 anni
1517 3527 1659 3578 sunt
1709 3541 1723 3579 :
1773 3525 1832 3580 in
1887 3526 2110 3582 Bebron

465 3613 728 3687 regnavit
751 3617 974 3685 septem
999 3612 1257 3668 anniszin
1280 3611 1878 3685 Jcrusalem,triginta
1899 3615 2110 3672 tribus.

466 3701 744 3759 Salomon
766 3703 787 3735 ³
809 3704 1007 3756 autem
1041 3700 1194 3757 sedit
1224 3716 1402 3772 super
1424 3700 1704 3756 thronum
1737 3703 1912 3758 David
1939 3704 2116 3775 patris

467 3791 582 3860 sui,
613 3795 670 3848 et
701 3791 996 3845 ﬁrmatum
1029 3792 1118 3844 est
1144 3805 1391 3860 regnum
1423 3791 1552 3859 ejus
1583 3790 1780 3846 nimis.
1814 3793 1901 3862 ('I‘.
1926 3792 2013 3862 V.)
2050 3793 2118 3848 Et

467 3879 774 3951 ingressus
802 3877 1058 3934 Adonias
1090 3877 1246 3934 ﬁlius
1277 3877 1526 3950 Haggith
1559 3879 1631 3933 ad
1655 3879 1973 3936 Bethsabee
1999 3897 2117 3937 ma-

469 3973 616 4024 trem
640 3968 990 4024 Salomonis.
1023 3967 1158 4032 Quae
1191 3967 1335 4022 dixit
1355 3967 1403 4021 ei
1437 3982 1450 4022 :
1485 3966 1843 4023 Paciﬁcusne
1876 3976 1964 4025 est
1994 3971 2116 4030 (ms.

468 4067 607 4114 tacet
631 4058 745 4127 est)
775 4058 1078 4129 ingressus
1111 4055 1400 4122 tuus?Qui
1433 4056 1730 4128 respondit
1763 4072 1776 4112 :
1811 4058 2116 4115 Paciﬁcas.

471 4147 830 4220 Addiditque
864 4163 877 4201 :
909 4149 1111 4202 Sermo
1142 4144 1285 4200 mihi
1317 4150 1404 4201 est
1436 4146 1505 4200 ad
1538 4150 1614 4201 te.
1660 4145 1764 4201 Cui
1815 4147 1898 4202 ait
1947 4165 1960 4204 :
2015 4149 2118 4205 Lo-

469 4253 667 4308 quere.
702 4237 769 4292 Et
798 4235 897 4292 ille
929 4251 942 4290 :
975 4235 1083 4305 Tu,
1117 4233 1309 4306 inquit
1342 4235 1516 4302 nosti,
1547 4234 1703 4307 ,quia
1754 4253 1948 4292 meum
1999 4243 2124 4294 erat

469 4341 738 4398 regnum,
805 4329 863 4381 et
919 4340 1012 4381 me
1070 4329 1468 4397 praeposuerat
1523 4324 1645 4396 (ms.
1717 4332 2122 4398 proposuerat)

472 4417 667 4473 omnis
699 4414 876 4471 Israel
908 4415 1022 4471 sibi
1053 4415 1110 4470 in
1146 4429 1340 4485 regem
1361 4430 1372 4468 :
1393 4414 1492 4468 sed
1527 4414 1878 4470 translatum
1914 4421 2002 4472 est
2033 4434 2124 4473 re-

2223 3253 2450 3309 Domini
2475 3253 2575 3309 Dei
2599 3254 2678 3322 (h.
2711 3253 2944 3309 Domini
2977 3254 3234 3325 Domini)
3267 3271 3459 3312 coram
3491 3252 3655 3309 David
3683 3253 3811 3323 patre

2219 3341 2341 3414 (ms.
2377 3342 2550 3414 patri)
2575 3358 2726 3413 meo,
2757 3347 2814 3398 et
2831 3343 3170 3399 sustinuisti
3195 3342 3457 3400 laborem
3479 3342 3537 3397 in
3558 3339 3808 3401 omnibus,

2221 3431 2280 3486 in
2308 3429 2525 3502 quibus
2554 3429 2841 3487 laboravit
2871 3435 3036 3503 pater
3068 3447 3257 3488 meus.
3291 3431 3473 3502 Ejecit
3515 3445 3640 3503 ergo
3681 3425 3812 3483 Salo-

2223 3536 2358 3575 mon
2394 3519 2697 3587 Abiathar,
2729 3523 2793 3574 ut
2829 3536 2943 3575 non
2977 3526 3128 3575 esset
3172 3521 3448 3576 sacerdos
3495 3515 3727 3583 Domini,
3766 3517 3816 3567 ut

2224 3608 2569 3680 impleretur
2590 3625 2784 3664 sermo
2817 3608 3070 3677 Domini,
3103 3625 3282 3680 quem
3314 3608 3546 3665 locutus
3573 3610 3655 3662 est
3679 3617 3819 3676 super

2223 3699 2465 3753 domum
2501 3696 2624 3753 Heli
2656 3697 2714 3752 in
2745 3697 3060 3753 Silo.Venit
3078 3703 3276 3755 autem
3303 3697 3544 3754 nuntius
3563 3696 3628 3752 ad
3647 3692 3818 3754 πεδ’,

2226 3787 2380 3859 quod
2439 3787 2584 3842 Joab
2652 3786 3002 3842 declinasset
3069 3791 3200 3858 post
3266 3786 3571 3857 Adoniam,
3623 3787 3675 3840 et
3723 3782 3826 3853 post

2225 3875 2592 3931 Salomonem
2624 3892 2739 3931 non
2788 3875 3143 3931 declinasset
3178 3893 3190 3930 :
3224 3876 3380 3948 fugit
3429 3891 3562 3948 ergo
3607 3871 3737 3928 Joab
3778 3868 3822 3922 in

2226 3964 2670 4020 tabernaculum
2705 3963 2955 4032 Domini,
2987 3969 3044 4020 et
3076 3964 3469 4036 apprehendit
3497 3978 3666 4020 cornu
3706 3957 3827 4015 alta-

2228 4054 2331 4110 ris.
2361 4054 2830 4126 Nuntiatumque
2859 4059 2950 4110 est
2979 4055 3098 4124 regi
3128 4054 3454 4122 Salomoni,
3485 4052 3631 4125 quod
3680 4046 3830 4120 fugis-

2228 4146 2316 4197 set
2345 4142 2492 4197 Joab
2525 4141 2579 4197 in
2613 4142 3059 4198 tabernaculum
3111 4143 3349 4198 Domini
3406 4147 3462 4199 et
3512 4144 3657 4198 esset
3692 4137 3831 4208 juxta

2229 4230 2432 4297 altare,
2467 4231 2742 4303 misitque
2770 4230 3042 4287 Salomon
3078 4232 3355 4288 Banaiam
3408 4231 3587 4286 ﬁlium
3631 4223 3830 4285 Joiade.

2231 4321 2432 4376 dicens
2495 4337 2508 4374 :
2570 4321 2722 4376 Vade
2781 4320 3041 4376 interﬁce
3091 4336 3247 4377 eum.
3299 4322 3372 4377 Et
3417 4321 3540 4393 (nu.
3593 4319 3716 4375 tacet
3765 4311 3834 4377 Εἰ)

2230 4410 2389 4464 venit
2420 4409 2669 4466 Banaias
2699 4409 2769 4465 ad
2823 4408 3272 4464 tabernaculum
3328 4409 3574 4472 Domini,
3624 4411 3678 4460 et
3719 4399 3837 4457 dixit

473 4522 676 4578 gnum,
708 4510 763 4560 et
796 4505 1012 4560 factum
1045 4508 1133 4559 est
1163 4502 1360 4558 fratris
1393 4503 1538 4571 mei;
1589 4521 1620 4558 a
1672 4504 1913 4561 Domino
1967 4507 2123 4562 enim
2160 4524 2204 4587 Β
2235 4500 2283 4554 ei
2319 4517 2332 4554 ε
2371 4498 2497 4554 Haec
2529 4498 2670 4552 diCit
2701 4514 2800 4552 rex
2835 4515 2848 4556 ξ
2880 4497 3187 4569 Egredere.
3218 4499 3328 4565 QUi
3380 4498 3462 4554 ait
3493 4515 3506 4554 ε
3540 4497 3654 4587 NQn
3698 4504 3837 4585 θενθτ

475 4593 862 4651 constitutum
894 4598 984 4649 est
1031 4593 1104 4649 ei.
1154 4593 1320 4648 Nunc
1369 4606 1507 4663 ergo
1557 4593 1894 4664 petitionem
1945 4612 2124 4651 unam

476 4684 758 4756 deprecor
787 4686 944 4752 ate;
976 4698 1048 4739 ne
1087 4681 1414 4738 confundas
1466 4682 1674 4737 faciem
1726 4699 1936 4739 meam.
1989 4688 2126 4750 Qua:

478 4773 630 4830 dixit
659 4773 730 4830 ad
777 4789 958 4829 eum:
994 4772 1270 4844 Loquere.
1319 4771 1390 4826 Et
1431 4770 1529 4827 ille
1579 4772 1660 4827 ait
1713 4789 1724 4828 :
1779 4777 2009 4841 Precor,
2063 4779 2127 4830 ut

555 4976 571 5010 ¹
606 4973 819 5046 Regius
852 4977 908 5046 et
937 4970 1304 5046 Corbeiensis
1327 4971 1557 5046 num.“
1583 4971 1934 5046 legunt,viqs
1958 4989 2125 5030 meas.

481 5046 594 5102 Alii
627 5042 760 5102 cu'm
791 5045 1043 5115 Vulgata
1077 5042 1428 5109 Latina,vius
1452 5042 1856 5116 _saa.s.Q’uidam
1890 5045 2126 5116 habent,

479 5122 629 5176 viam
661 5134 855 5174 meam.
890 5114 1108 5181 Canon,
1143 5123 1204 5170 ut
1235 5131 1342 5170 nos
1373 5114 1686 5170 edidimus.
1724 5116 1902 5172 Mm'r.

551 5222 618 5232 —
651 5189 886 5262 Vulgati
913 5187 1170 5261 plurium
1205 5203 1449 5242 numero
1480 5189 1605 5262 pia:
1656 5203 1805 5242 suas.
1863 5188 2130 5262 Con_c_init

479 5257 798 5319 Veronens'.
829 5257 940 5316 ms'.
971 5276 1102 5316 cum
1136 5275 1225 5330 eo,
1259 5274 1430 5330 quem
1466 5257 1746 5314 Canonum
1783 5264 1943 5314 vocat
1976 5259 2129 5314 Mar-

479 5336 750 5391 tianaeus.

552 5408 572 5440 ²
602 5406 822 5462 Nomen
852 5404 1140 5471 Salomon,
1173 5401 1244 5456 ad
1282 5400 1442 5472 regni
1475 5401 1604 5469 ejus
1647 5401 1968 5457 notandum
2019 5402 2131 5457 ini-

483 5478 657 5543 tium,
683 5477 1001 5534 Veronens.
1037 5491 1149 5530 ms.
1185 5472 1367 5529 minio
1399 5472 1686 5528 distinxit.

557 5549 579 5583 ⁸
609 5549 734 5605 Uno
763 5547 1262 5621 exceptopano‘ne
1311 5543 1601 5621 Hebraicis
1652 5543 1932 5621 veritatis,
1957 5560 2128 5621 _mss.

490 5635 695 5677 omnes
726 5615 954 5678 codices
1001 5617 1372 5677 Notariorum
1419 5633 1484 5674 ac
1534 5615 1908 5674 librariorum
1955 5615 2133 5689 impe-

2235 4588 2384 4655 diar,
2437 4589 2536 4642 sed
2587 4587 2678 4642 hic
2730 4587 2968 4642 moriar.
3021 4587 3408 4643 Renuntiavit
3458 4585 3695 4642 Banaias
3738 4575 3835 4648 regi

2236 4691 2589 4743 sermonem,
2625 4675 2826 4730 dicens
2857 4689 2871 4728 :
2902 4677 3033 4729 Haec
3065 4673 3297 4729 locutus
3329 4679 3417 4730 est
3445 4674 3607 4740 Joab,
3652 4673 3703 4725 et
3743 4666 3837 4721 hac

2237 4765 2540 4838 respondit
2584 4763 2752 4819 mihi.
2805 4763 3073 4835 Dixitque
3120 4763 3172 4819 ei
3221 4766 3350 4833 (ms.
3394 4767 3535 4820 tacet
3584 4760 3655 4830 ei)
3698 4770 3783 4812 rex
3825 4765 3835 4802 :

2239 4964 2372 5019 ritia
2402 4961 2698 5034 depravati
2732 4964 2874 5018 sunt
2903 4959 3012 5016 hoc
3043 4960 3246 5016 modo:
3268 4959 3420 5034 Vertit
3449 4965 3621 5034 autem
3651 4952 3843 5034 nuntia:

2237 5037 2306 5091 ad
2331 5032 2698 5099 Salomonem,
2730 5037 2840 5089 etc.
2873 5036 3018 5088 Nam
3054 5048 3293 5088 sensum
3346 5032 3667 5103 Scriptura
3700 5032 3842 5080 minio

2240 5124 2332 5163 me
2363 5097 2769 5183 percipienteS,
2803 5109 3086 5183 putarunt
3114 5097 3628 5183 errorem_esse_si_
3655 5097 3844 5183 legere-

2240 5186 2335 5235 tur
2363 5173 2381 5236 Ξ
2421 5173 2572 5234 Venit
2603 5183 2788 5233 autem
2804 5173 3049 5232 huntiu:
3076 5175 3144 5232 ad
3172 5177 3324 5232 Joab.
3360 5176 3510 5230 Bene
3535 5173 3704 5245 igitur
3740 5181 3842 5221 mo-

2241 5251 2414 5306 nebat
2445 5250 2833 5321 llieronymus
2867 5249 2922 5303 in
2955 5247 3307 5321 epistolaad
3346 5249 3839 5321 Lucinum,moretn

2244 5325 2395 5378 hunc
2425 5338 2554 5377 esse
2586 5309 3080 5386 librariorumfut
3124 5319 3405 5385 scribant,
3455 5319 3569 5374 Non
3613 5309 3740 5386 quod
3781 5309 3847 5362 in-

2239 5393 2488 5460 veniunt,
2514 5392 2606 5448 sed
2635 5393 2774 5465 quod
2805 5393 3174 5465 intelligunt;
3203 5399 3254 5446 et
3291 5389 3423 5444 dum
3471 5390 3674 5465 alieno:
3716 5395 3840 5438 erro-

2240 5483 2325 5522 res
2353 5461 2953 5534 emendarém’ttmlur,
2985 5461 3273 5519 Ostenduut
3301 5477 3445 5517 suos.
3481 5461 3654 5515 MART.

2311 5568 2380 5578 -—
2407 5537 2637 5608 Optime
2668 5553 2904 5593 rursum
2936 5527 3421 5608 cumiMartianaa‘i
3437 5533 3668 5608 ‘Canone
3699 5527 3843 5579 Vero-

2244 5625 2411 5666 nens.
2448 5603 2557 5667 fns.
2586 5611 2646 5665 In
2682 5608 2812 5666 aliis
2843 5624 2946 5680 pro
2975 5605 3358 5681 Joab,invenit
3385 5603 3483 5662 ille
3512 5603 3842 5662 Salommwmc

3835 10 3849 102 Ι

3840 110 3853 252 l

3850 160 3853 276 .
