3982 6178
207 375 210 378 ’
227 360 322 414 729

1529 357 1743 412 LIBER
1779 357 1806 409 Ι
1842 355 2247 410 MALACHI'M.

3488 352 3595 410 730

228 487 322 544 Fac
341 484 491 541 sicut
525 482 752 539 loeutus
774 487 886 555 est,
917 489 977 542 et
1005 484 1272 541 interﬁce
1303 499 1462 552 eum,
1514 485 1572 538 et
1628 480 1832 551 sepeli,
1863 480 1917 546 Α
1948 495 2183 535 murum
2204 479 2530 536 Jerusalem
2561 495 2666 551 per
2679 479 3009 536 circuitum.
3045 480 3322 536 Attamen
3341 479 3593 552 populus

230 572 571 631 etamovebis
603 574 957 646 sanguinem
1016 575 1410 641 innocentem,
1466 572 1568 644 qui
1611 571 1833 627 eii‘usus

226 669 301 721 est
326 662 530 732 aJoab,
562 679 594 718 a
624 679 738 732 me,
773 669 830 719 et
859 680 893 718 a
922 665 1097 720 domo
1131 664 1314 736 patris
1345 662 1481 718 mei.
1516 663 1586 718 Et
1634 660 1838 715 reddat

229 752 481 808 Dominus
511 751 858 823 sanguinem
889 754 1017 823 ejus
1048 769 1224 825 super
1270 756 1448 824 caput
1498 752 1649 822 ejus,
1699 747 1838 820 quia

226 840 484 896 interfecit
514 841 660 896 duos
691 841 870 912 viros,
929 843 1321 914 melioresque
1369 856 1452 910 se,
1512 845 1569 896 et
1626 837 1838 895 occidit

227 946 308 986 eos
350 929 557 1001 gladio,
616 935 778 1000 patre
839 947 967 987 meo
1027 931 1208 987 David
1255 931 1584 1003 ignorante,
1642 929 1840 985 Abner

225 1017 386 1072 lilium
420 1019 536 1074 Ner
565 1019 890 1091 principem
947 1020 1170 1076 militiae
1216 1021 1415 1089 Israel,
1466 1025 1524 1076 et
1559 1021 1836 1074 Amasam

224 1106 386 1162 ﬁlium
413 1106 609 1162 Jether
641 1108 960 1180 principem
992 1110 1281 1166 exercitus
1309 1110 1338 1165 J
1351 1110 1487 1179 uda,
1541 1111 1598 1162 et
1645 1123 1838 1163 rever-

223 1197 360 1250 tetur
385 1195 626 1268 sanguis
658 1195 893 1252 illorum
921 1198 981 1253 in
1011 1202 1192 1270 caput
1238 1199 1406 1265 Joab,
1440 1202 1496 1252 et
1549 1197 1608 1252 in
1664 1199 1839 1268 caput

220 1284 441 1340 seminis
493 1285 645 1356 ejus,
692 1285 752 1340 in
807 1287 1253 1355 sempiternum.
1315 1287 1496 1343 David
1541 1290 1736 1342 autem
1783 1289 1842 1340 et

221 1373 407 1427 semini
457 1374 613 1444 ejus,
659 1378 718 1430 et
748 1375 950 1430 domui
1001 1380 1058 1431 et
1104 1376 1315 1432 throno
1373 1375 1553 1442 illius,
1603 1376 1680 1430 sit
1730 1392 1842 1447 pax

220 1477 383 1532 usque
411 1461 468 1516 in
497 1467 806 1531 jasternum
858 1481 892 1520 a
939 1465 1205 1522 Domino.
1254 1465 1340 1537 (T.
1373 1465 1518 1536 VII.)
1566 1465 1843 1520 Ascendit

220 1549 392 1621 itaque
421 1551 668 1608 Banaias
699 1551 856 1608 filius
883 1553 1126 1609 Joiadas:
1160 1558 1218 1610 et
1245 1571 1516 1627 egressus
1546 1570 1681 1610 eum
1747 1553 1838 1608 in-

218 1639 450 1696 terfecit:
483 1641 876 1714 sepultusque
902 1648 992 1698 est
1021 1643 1080 1699 in
1107 1644 1281 1700 domo
1303 1661 1412 1700 sua
1470 1646 1530 1700 in
1589 1645 1837 1700 deserto.

217 1728 274 1782 Et
299 1730 596 1785 constituit
641 1747 741 1786 rex
793 1733 1051 1788 Banaian
1110 1733 1295 1789 ﬁlium
1345 1733 1562 1789 Joiadas
1614 1750 1717 1804 pro
1775 1749 1841 1789 eo

1944 567 2288 625 immolabat
2321 569 2382 624 in
2413 569 2690 626 excelsis:
2726 587 2839 626 non
2861 569 3016 626 enim
3047 570 3402 626 aedificatum
3469 575 3596 626 erat

1943 659 2217 730 templum
2245 659 2470 714 nomini
2502 658 2733 714 Domini
2763 674 2950 730 usque
2981 659 3040 714 in
3072 659 3226 714 diem
3259 659 3453 714 illum.
3497 658 3597 714 Di—

1943 746 2085 802 lexit
2112 752 2307 804 autem
2338 748 2613 804 Salomon
2645 749 2986 816 Dominum,
3015 748 3325 804 ambulans
3356 749 3414 803 in
3447 765 3593 820 prae-

1945 837 2129 908 ceptis
2154 837 2333 892 David
2365 838 2549 908 patris
2589 838 2704 904 sui,
2737 841 2976 908 excepto
3020 838 3175 908 quod
3228 839 3286 893 in
3344 837 3592 893 excelsis

1947 925 2313 996 immolabat,
2344 932 2401 982 et
2430 927 2784 982 accendebat
2813 927 3132 998 thymiana.
3182 927 3338 982 Abiit
3397 929 3595 997 itaque

1946 1014 2005 1070 in
2038 1015 2301 1086 Gabaon,
2335 1021 2400 1070 ut
2447 1016 2782 1071 immolaret
2814 1015 2892 1071 ibi
2924 1031 2937 1070 :
2983 1015 3130 1070 illud
3191 1017 3409 1088 quippe
3463 1020 3590 1072 erat

1947 1104 2241 1160 excelsum
2275 1106 2597 1160 maximum
2625 1123 2638 1159 :
2663 1105 2822 1161 mille
2850 1104 3077 1160 hostias
3108 1105 3191 1176 (hi
3225 1104 3385 1160 mille
3434 1105 3598 1160 holo-

1948 1195 2170 1264 causta)
2229 1194 2290 1249 in
2350 1193 2760 1250 holocaustum
2813 1192 3028 1250 obtulit
3072 1192 3345 1249 Salomon
3424 1210 3602 1266 super

1949 1281 2130 1338 altare
2162 1281 2305 1338 illud
2342 1283 2398 1338 in
2441 1284 2699 1339 Gabaon.
2732 1285 2818 1355 (T.
2882 1284 3004 1340 IX.)
3063 1283 3348 1355 Apparuit
3404 1288 3598 1338 autem

1950 1372 2076 1442 (ms.
2107 1376 2249 1428 tacet
2278 1374 2497 1444 autem)
2525 1372 2808 1429 Dominus
2838 1372 3134 1429 Salomoni
3164 1389 3266 1445 per
3297 1373 3599 1428 somnium

1946 1465 2134 1528 nocte,
2167 1462 2402 1518 dicens:
2429 1461 2667 1518 Postula
2697 1463 2854 1535 quod
2901 1463 3011 1534 vis,
3045 1466 3111 1517 ut
3155 1464 3282 1518 dem
3345 1461 3450 1518 tibi
3483 1503 3496 1516 .
3529 1462 3603 1517 Et

1949 1550 2031 1607 ait
2061 1550 2337 1606 Salomon
2364 1569 2377 1606 ε
2409 1552 2493 1606 Tu
2529 1552 2718 1608 fecisti
2747 1568 2880 1607 cum
2916 1568 3079 1608 servo
3110 1555 3209 1607 tuo
3266 1551 3438 1607 David
3501 1567 3603 1621 pa-

1948 1644 2037 1696 tre
2069 1656 2196 1696 meo
2225 1641 2686 1697 misericordiam
2722 1658 3017 1713 magnam:
3068 1641 3223 1696 sicut
3280 1640 3605 1696 ambulavit

1949 1728 2010 1784 in
2043 1734 2360 1802 conspectu
2391 1735 2493 1785 tuo
2523 1729 2583 1784 in
2623 1731 2888 1798 veritate,
2944 1735 3003 1786 et
3042 1728 3298 1800 justitia,
3342 1734 3399 1784 et
3447 1733 3602 1785 recto

217 1833 371 1890 super
390 1819 741 1887 exercitum,
768 1825 826 1876 et
861 1821 1070 1888 Sadoc,
1103 1823 1465 1878 sacerdotem
1498 1822 1694 1896 posuit
1739 1839 1842 1894 pro
1877 1853 1924 1918 Β
1956 1819 2128 1874 corde
2157 1823 2351 1874 tecum
2382 1835 2396 1874 :
2444 1820 2756 1875 custodisti
2813 1820 2970 1874 enim
3033 1819 3084 1874 ei
3138 1818 3602 1874 misericordiam

213 1906 482 1964 Abiathar.
511 1908 676 1965 Misit
695 1925 924 1982 quoque
965 1927 1084 1978 rex,
1115 1916 1174 1967 et
1201 1913 1429 1968 vocavit
1482 1913 1693 1981 Semei,
1754 1913 1842 1967 di-

214 1994 386 2067 xitque
417 1997 507 2052 ei:
543 1998 792 2054 Ediﬁca
826 1999 930 2055 tibi
961 2000 1202 2055 domum
1261 2000 1322 2055 in
1382 2001 1732 2069 Jerusalem,
1790 2006 1846 2058 et

216 2083 392 2140 habita
419 2086 523 2157 ibi,
559 2091 622 2143 et
651 2103 767 2143 non
797 2088 1117 2161 egredieris
1148 2088 1286 2145 inde
1315 2089 1432 2145 huc
1463 2094 1638 2161 atque
1682 2089 1840 2147 illuc.

215 2174 576 2247 Quacumque
608 2180 803 2231 autem
824 2177 918 2232 die
938 2192 1214 2249 egressus
1238 2177 1438 2245 fueris,
1459 2184 1518 2235 et
1539 2180 1844 2237 transieris

217 2269 503 2320 torrentem
537 2265 790 2334 Cedron,
823 2266 970 2322 scito
994 2271 1050 2322 te
1079 2266 1844 2340 interﬁciendum;sanguis

217 2356 334 2408 tuus
360 2353 466 2408 erit
484 2371 672 2425 super
694 2360 873 2426 caput
899 2362 1091 2411 tuum.
1125 2355 1392 2428 Sixitque
1429 2358 1618 2413 Semei
1679 2359 1799 2430 regi
1827 2375 1839 2414 :

219 2439 390 2498 Bonus
419 2446 506 2498 est
534 2443 665 2514 (ms.
697 2448 840 2499 tacet
867 2444 980 2514 est)
1009 2461 1221 2502 sermo.
1256 2444 1420 2501 Sicut
1469 2445 1700 2502 locutus
1756 2452 1846 2503 est

217 2529 466 2587 dominus
499 2548 676 2588 meus
703 2547 825 2602 rex,
856 2533 944 2589 sic
975 2533 1148 2590 faciet
1204 2549 1410 2590 servus
1455 2539 1613 2592 tuus.
1667 2536 1846 2592 Habi—

218 2620 340 2674 tavit
375 2620 584 2693 itaque
631 2621 820 2676 Semei
852 2621 911 2678 in
967 2621 1298 2678 Jerusalem
1350 2623 1558 2679 diebus
1617 2624 1838 2680 multis.

215 2706 427 2765 Factum
458 2714 553 2765 est
583 2713 778 2765 autem
802 2714 937 2781 post
967 2727 1154 2767 annos
1183 2715 1398 2779 tres,ut
1427 2712 1697 2784 fugerent
1727 2728 1847 2768 sero

214 2795 259 2851 vi
285 2796 360 2864 (h.
418 2799 535 2853 duo
575 2798 750 2869 servi)
798 2798 988 2854 Semei
1020 2799 1091 2854 ad
1135 2798 1312 2856 Achis
1357 2799 1544 2856 ﬁlium
1600 2801 1843 2857 Maacha

216 2901 381 2958 regem
411 2887 561 2944 Geth
590 2902 606 2943 :
639 2886 1094 2960 nuntiatumque
1125 2893 1214 2944 est
1241 2890 1452 2960 Semei,
1485 2891 1640 2961 quod
1693 2890 1843 2946 servi

214 2973 322 3043 ejus
349 2981 549 3030 essent
584 2975 764 3046 (Vulg.
793 2975 1002 3047 issent)
1032 2976 1091 3032 in
1125 2977 1292 3033 Geth.
1327 2978 1394 3033 Et
1441 2979 1697 3034 surrexit
1746 2979 1840 3034 Se-

218 3063 335 3128 mei,
364 3068 419 3119 et
448 3064 666 3120 stravit
695 3064 929 3120 asinum
957 3081 1134 3121 suum
1159 3084 1173 3122 :
1206 3066 1430 3138 ivitque
1459 3067 1519 3123 in
1569 3068 1713 3124 Geth
1769 3069 1841 3124 ad

212 3151 368 3209 Acbis
397 3153 466 3209 ad
496 3153 935 3224 requirendum
961 3172 1161 3212 servos
1192 3172 1354 3221 suos,
1385 3161 1441 3211 et
1467 3157 1711 3213 adduxit
1744 3174 1844 3214 eos

1955 1909 2238 1980 grandem
2286 1910 2326 1978 ³,
2359 1914 2418 1964 et
2469 1909 2684 1964 dedisti
2743 1909 2792 1964 ei
2844 1908 3028 1964 ﬁlium
3069 1909 3369 1964 sedentem
3429 1924 3607 1978 super

1954 1997 2235 2053 thronum
2267 1999 2416 2068 ejus,
2455 1998 2609 2053 sicut
2635 2003 2727 2054 est
2755 1997 2948 2054 hodie.
2996 1998 3066 2052 Et
3123 2013 3298 2063 nunc,
3355 1997 3604 2052 Domine

1951 2092 2107 2143 Deus
2140 2104 2306 2144 meus
2337 2089 2460 2158 (ms.
2491 2092 2542 2142 et
2576 2089 2739 2158 Vulg.
2776 2091 2959 2143 tacent
2990 2087 3199 2158 meus),
3241 2092 3304 2141 tu
3362 2102 3603 2158 regnare

1955 2177 2144 2233 fecisti
2177 2193 2409 2233 servum
2444 2182 2611 2233 tuum
2647 2195 2748 2251 pro
2805 2177 2985 2234 David
3047 2183 3211 2250 patre
3267 2193 3434 2233 meo:
3495 2193 3602 2249 ego

1951 2271 2147 2322 autem
2172 2284 2305 2322 sum
2339 2283 2482 2339 puer
2514 2285 2750 2340 parvus,
2784 2272 2843 2322 et
2911 2268 3191 2339 ignorans
3213 2283 3517 2338 egressum
3549 2271 3606 2321 et

1953 2356 2261 2412 introitum
2291 2372 2477 2412 meum
2509 2357 2586 2426 (h.
2623 2374 2738 2413 non
2765 2356 2983 2428 habet).
3017 2361 3081 2412 Et
3119 2373 3325 2413 servus
3355 2361 3496 2411 tuus
3544 2356 3604 2411 in

1955 2445 2144 2502 medio
2175 2449 2264 2501 est
2298 2445 2495 2518 populi
2523 2446 2605 2517 (h.
2663 2449 2861 2518 populi
2921 2446 3050 2516 tui),
3113 2462 3292 2518 quem
3353 2445 3605 2517 elegisti,

1955 2535 2156 2607 populi
2187 2535 2425 2606 inﬁniti,
2459 2537 2560 2607 qui
2595 2535 2891 2592 numerari
2923 2540 2980 2591 et
3011 2535 3322 2607 supputari
3356 2552 3470 2590 non
3504 2552 3611 2607 po-

1953 2629 2070 2680 test
2100 2641 2214 2696 prre
2273 2624 2673 2681 multitudine.
2721 2624 2898 2680 Dabis
2949 2641 3087 2696 ergo
3119 2641 3287 2680 servo
3351 2628 3454 2679 tuo
3512 2640 3611 2678 cor

1955 2713 2160 2784 docile,
2194 2718 2260 2768 ut
2282 2714 2562 2785 populum
2594 2718 2763 2768 tuum
2790 2713 3053 2783 judicare
3101 2714 3311 2785 possit,
3363 2717 3421 2768 et
3477 2713 3603 2768 dis-

1954 2819 2190 2859 cernere
2221 2803 2370 2858 inler
2417 2804 2636 2858 bonum
2669 2808 2726 2858 et
2755 2803 3000 2858 malum.
3035 2803 3177 2867 Quis
3225 2802 3382 2858 enim
3446 2806 3607 2872 pote-

1955 2892 2302 2962 ritjudicare
2316 2891 2781 2964 populumtuum
2805 2891 2964 2947 hunc
2979 2890 3231 2946 multum
3265 2892 3284 2926 ³
3306 2890 3332 2944 ?
3383 2889 3611 2945 Placuit

1953 2997 2059 3054 ego
2091 2997 2284 3037 sermo
2309 2997 2508 3036 coram
2530 2981 2779 3037 Domino
2828 2980 2910 3051 (h.
2969 2980 3030 3034 in
3106 2979 3292 3035 oculis
3353 2978 3607 3049 Domini,

1954 3071 2109 3141 quod
2142 3069 2414 3126 Salomon
2442 3070 2844 3141 hujuscemodi
2903 3069 3263 3141 postulasset
3325 3084 3468 3124 rem.
3529 3072 3604 3124 Et

1956 3159 2104 3214 dixit
2123 3159 2407 3215 Dominus
2427 3158 2762 3214 Salomoni:
2795 3158 2940 3225 Quia
2989 3157 3305 3230 postulasti
3360 3157 3606 3212 verbum

213 3239 272 3294 de
295 3242 450 3300 Geth.
499 3221 857 3299 Nuntiatum
912 3249 1004 3300 est
1042 3248 1237 3301 autem
1301 3244 1625 3316 Salomoni,
1687 3247 1842 3318 quod
1877 3221 1920 3288 (ἶ
1962 3249 2096 3319 hoc,
2125 3252 2182 3304 et
2211 3265 2324 3304 non
2358 3249 2553 3319 petisti
2599 3249 2704 3303 tibi
2738 3221 2863 3304 dies
2922 3221 3161 3319 multos,
3195 3264 3298 3303 nec
3352 3247 3606 3302 divitias:

213 3328 336 3385 isset
363 3333 554 3388 Semei
583 3331 647 3387 in
678 3331 828 3388 Geth
860 3333 932 3388 de
957 3333 1306 3401 Jerusalem,
1341 3340 1396 3390 et
1437 3335 1727 3392 rediisset.
1789 3340 1856 3392 Et
1964 3343 2065 3394 aut
2095 3339 2352 3394 animam
2387 3339 2512 3409 (ms.
2547 3348 2597 3394 et
2631 3339 2790 3411 Vulg.
2824 3337 3451 3410 animas)inimicorum
3473 3341 3608 3392 tuo-

214 3419 427 3477 mittens
454 3421 703 3478 vocavit
733 3437 892 3492 eum,
926 3423 1189 3494 dixitque
1222 3423 1307 3479 illi
1343 3440 1356 3481 :
1385 3424 1589 3480 Nonne
1645 3426 1852 3481 testiﬁ-

214 3511 359 3565 catus
379 3527 510 3567 sum
545 3511 657 3565 tibi
692 3527 793 3579 per
813 3511 1214 3578 Dominum,et
1248 3513 1486 3584 praedixi
1517 3514 1621 3570 tibi
1654 3531 1666 3570 :
1700 3518 1851 3582 Qua-

209 3601 484 3672 aunqe(h.
515 3599 784 3671 adjuravi
844 3599 952 3656 tibi
1009 3617 1113 3672 per
1142 3602 1476 3671 Dominum,
1527 3608 1583 3658 et
1639 3604 1853 3660 contri-

208 3689 376 3744 status
405 3707 537 3746 sum
571 3705 583 3743 :
618 3691 998 3761 Quacunque)
1031 3691 1124 3746 die
1173 3707 1474 3763 egressus,
1536 3692 1673 3749 ieris
1738 3693 1851 3750 huc

208 3777 428 3849 stilluc,
461 3779 620 3835 scito
666 3782 720 3832 te
778 3795 906 3835 esse
959 3779 1356 3835 moriturum?
1408 3784 1472 3834 Et
1525 3783 1850 3853 repondisti

207 3867 370 3924 mihi:
402 3873 607 3926 Bonus
638 3885 853 3939 sermo,
906 3885 1082 3941 quem
1131 3871 1329 3926 audivi
1363 3875 1402 3927 ί.
1464 3871 1654 3935 Quare
1712 3890 1848 3944 ergo

207 3971 304 4010 non
331 3956 645 4014 custodisti
663 3957 1086 4027 jusjurandum
1109 3958 1366 4029 Domini,
1392 3963 1448 4016 et
1478 3966 1845 4033 praeceptum

205 4046 338 4115 quod
368 4062 761 4119 preceperam
794 4045 960 4101 tibi?
1007 4047 1280 4118 Dixitque
1342 4065 1436 4104 rex
1498 4051 1568 4104 ad
1619 4051 1842 4106 Semei:

206 4134 279 4188 Tu
307 4136 454 4192 nosti
485 4151 665 4192 omne
698 4134 944 4205 malum,
995 4138 1168 4207 cujus
1215 4136 1322 4193 tibi
1380 4138 1681 4194 conscium
1758 4145 1847 4196 est

207 4237 291 4278 cor
317 4229 502 4292 tuum,
527 4225 690 4296 quod
725 4224 914 4280 fecisti
944 4224 1124 4280 David
1159 4227 1312 4297 patri
1365 4242 1530 4282 meo:
1593 4228 1846 4283 reddidit

207 4311 468 4371 Dominus
503 4313 796 4370 malitiam
823 4320 986 4370 tuam
1020 4316 1079 4369 in
1112 4320 1286 4387 caput
1317 4320 1507 4372 tuum.
1534 4321 1598 4372 Et
1627 4333 1725 4372 rex
1751 4335 1842 4374 sa-

206 4397 379 4458 lomon
411 4403 782 4470 benedictus,
813 4407 868 4459 et
900 4403 1152 4459 thronus
1201 4405 1386 4460 David
1445 4405 1557 4462 erit
1614 4406 1843 4462 stabilis

206 4506 376 4550 coram
409 4494 665 4551 Domino
689 4508 873 4564 usque
896 4493 954 4548 in
987 4494 1436 4566 sempiternum.
1489 4496 1680 4553 Jussit
1733 4497 1842 4552 ita-

1963 3443 2116 3493 rum,
2155 3428 2256 3483 sed
2287 3426 2601 3498 postulasti
2623 3427 2728 3482 tibi
2758 3427 3105 3500 sapientiam
3159 3426 3226 3481 ad
3261 3426 3604 3481 discernen-

1962 3518 2103 3572 dum
2127 3516 2420 3586 julicium
2445 3533 2459 3570 :
2489 3533 2620 3572 ecce
2652 3517 2760 3572 feci
2785 3516 2888 3571 tibi
2924 3515 3248 3572 secundum
3299 3529 3606 3570 sermones

1961 3610 2118 3672 tuos,
2158 3610 2217 3660 et
2246 3605 2377 3660 dedi
2417 3606 2522 3660 tibi
2584 3622 2684 3661 cor
2737 3606 2974 3677 sapiens
3032 3609 3089 3660 et
3137 3603 3492 3676 intelligens,
3544 3603 3603 3658 in

1958 3700 2189 3751 tantum
2220 3700 2286 3750 ut
2316 3694 2514 3750 nullus
2545 3700 2679 3750 ante
2726 3699 2780 3750 te
2837 3694 3051 3750 similis
3108 3694 3192 3749 tui
3245 3694 3440 3760 fuerit,
3499 3708 3603 3747 nec

1960 3790 2091 3856 post
2111 3790 2168 3839 te
2197 3789 2574 3840 surrecturus
2607 3785 2702 3840 sit.
2722 3784 2828 3838 Sed
2861 3788 2918 3838 et
2947 3783 3087 3849 haec,
3124 3800 3253 3854 quas
3314 3799 3431 3837 non
3493 3798 3602 3852 po-

1958 3873 2215 3940 stulasti,
2248 3873 2381 3929 dedi
2413 3873 2518 3928 tibi
2545 3891 2556 3928 :
2591 3873 2826 3927 divitias
2859 3871 3104 3936 scilicet,
3136 3876 3192 3926 et
3223 3869 3490 3942 gloriam,
3533 3874 3600 3925 ut

1957 3978 2128 4017 nemo
2154 3962 2367 4017 similis
2399 3963 2481 4016 tui
2520 3962 2692 4017 fuerit
2741 3961 2798 4015 in
2861 3961 3097 4032 regibus
3156 3961 3383 4015 cunctis
3443 3962 3596 4014 retro

1954 4050 2262 4120 diebus(h.
2317 4051 2393 4105 sit
2443 4049 2500 4104 in
2552 4050 2787 4120 regibus
2845 4051 3120 4105 omnibus
3177 4049 3384 4104 diebus
3436 4048 3600 4115 tuis).

1955 4137 2014 4193 Si
2045 4143 2238 4194 autem
2273 4138 2667 4194 ambulaveris
2698 4139 2756 4193 in
2785 4138 2892 4193 viis
2939 4138 3105 4207 meis,
3137 4143 3194 4193 et
3249 4135 3598 4192 custodieris

1955 4233 2242 4299 praecepta
2273 4245 2420 4295 mea,
2454 4233 2510 4284 et
2541 4229 2819 4283 mandata
2851 4244 2980 4283 mea
3010 4229 3049 4295 ‘,
3083 4227 3230 4282 sicut
3281 4224 3604 4281 ambulavit

1953 4315 2132 4370 David
2167 4321 2330 4387 pater
2353 4321 2514 4386 tuus,
2546 4316 2748 4389 longes
2773 4315 2982 4371 faciam
3017 4317 3140 4371 dies
3200 4319 3353 4370 tuos.
3417 4315 3603 4387 Igitur

1953 4403 2247 4478 evigilavit
2285 4404 2583 4474 Salomon,
2642 4410 2698 4459 et
2755 4403 3037 4460 intellexit
3083 4405 3238 4475 quod
3299 4403 3600 4460 somnium

1954 4493 2038 4564 (b.
2072 4495 2254 4565 igitur
2281 4494 2575 4564 evigilavit
2605 4493 2919 4550 Salomon:
2965 4498 3022 4549 et
3068 4510 3200 4549 ecce
3258 4493 3601 4565 somnium).

208 4596 305 4652 que
330 4583 424 4639 rex
453 4584 690 4639 Banaie
721 4581 840 4638 lilio
869 4583 1106 4652 loiadas,
1139 4584 1240 4656 qui
1272 4599 1568 4656 egressus,
1601 4602 1840 4656 percus-
1874 4589 1917 4652 D
1953 4585 2213 4654 Cumque
2272 4584 2528 4639 venisset
2573 4584 2919 4652 Jerusalem,
2991 4583 3155 4638 stetit
3210 4599 3409 4638 coram
3467 4598 3603 4639 arca

207 4670 272 4725 sit
293 4688 440 4740 eum,
473 4678 535 4728 et
567 4676 837 4727 mortuus
867 4677 977 4728 est.

266 4760 348 4830 (Τ.
378 4761 533 4828 VIII,
565 4777 684 4832 cap.
739 4760 865 4832 III.)
909 4761 1330 4817 Confirmatum
1392 4766 1480 4819 est
1530 4763 1709 4834 igitur
1760 4781 1841 4820 re-

207 4862 370 4919 gnum
398 4851 459 4906 in
493 4865 676 4906 manu
701 4847 1060 4919 Salomonis,
1094 4854 1150 4906 et
1181 4851 1467 4907 afﬁnitate
1493 4853 1840 4924 coniunctus

213 4942 295 4992 est
317 4937 608 4995 Pharaoni
641 4938 763 5010 regi
793 4938 1021 5011 (Egypti
1052 4958 1066 5008 ;
1101 4939 1325 5012 accepit
1381 4957 1636 5013 namque
1660 4941 1840 4998 filiam

208 5027 341 5096 ejus,
370 5035 427 5086 et
459 5029 710 5085 adduxit
738 5030 800 5084 in
832 5029 1130 5084 civitatem
1153 5029 1357 5100 David,
1380 5031 1564 5088 donec
1581 5031 1840 5104 comple-

207 5122 284 5171 ret
308 5118 606 5175 aedificans
624 5119 867 5175 domum
899 5135 1069 5174 suam
1091 5123 1149 5174 et
1188 5120 1428 5176 domum
1481 5121 1734 5191 Domini,
1785 5127 1842 5178 et

270 5313 540 5370 ‘Reticet
564 5315 736 5387 juxta
770 5314 1113 5372 Hebraicam
1175 5313 1436 5387 phrasim
1492 5333 1598 5373 ms.
1658 5317 1840 5375 Vero-

208 5397 369 5461 nens,
394 5402 575 5461 quem.
607 5386 910 5461 Chaldaeus
932 5386 1368 5461 quoque’atque
1390 5388 1516 5444 aliae
1576 5389 1838 5447 Orienta-

209 5452 634 5533 les_Ve'rsiones
669 5459 774 5533 ita
819 5452 1042 5532 legu'nt,
1071 5452 1595 5533 'distinguuntque,
1626 5463 1841 5519 Bonum

207 5528 456 5601 verbium:
485 5529 695 5601 audivi,
725 5534 831 5588 etc.

233 5599 615 5681 "’lnterserit
669 5599 782 5660 ms.
840 5602 1159 5672 Veronens,
1221 5607 1394 5674 luam,
1457 5605 1841 5664 reticentibus

211 5664 368 5729 libris
401 5672 560 5734 aliis.

1956 4673 2188 4728 foederis
2221 4673 2474 4739 Domini,
2507 4678 2563 4728 et
2593 4673 2804 4727 obtulit
2845 4671 3206 4742 holocausta,
3241 4677 3296 4727 et
3345 4673 3476 4727 fecit
3519 4672 3603 4726 vi-

1953 4762 2160 4818 ctimas
2193 4763 2485 4834 pacificas,
2519 4767 2574 4816 et
2604 4763 2817 4831 grande
2866 4761 2948 4833 (h.
3008 4779 3120 4818 non
3172 4762 3367 4834 habet)
3407 4761 3602 4817 convi-

1953 4851 2114 4906 vium
2151 4851 2440 4907 universis
2489 4851 2727 4906 famulis
2757 4850 2900 4906 suis.
2935 4851 3017 4920 (T.
3052 4851 3147 4922 X.)
3208 4852 3373 4906 Tunc
3429 4866 3600 4906 vene-

1952 4945 2099 4995 runt
2123 4941 2254 4995 duae
2287 4940 2564 4996 mulieres
2594 4941 2929 4995 meretrices
2946 4941 3014 4996 ad
3036 4956 3254 5013 regem,
3280 4944 3605 4997 steterunt-

1957 5044 2070 5101 que
2099 5045 2292 5086 coram
2314 5045 2401 5097 eo,
2437 5046 2688 5100 quarum
2745 5046 2863 5084 una
2893 5029 3012 5085 ait:
3056 5029 3288 5086 Obsecro
3347 5029 3428 5101 (h.
3485 5045 3599 5083 non

1957 5118 2176 5187 habet),
2209 5117 2568 5173 midominc:
2602 5135 2708 5190 ego
2730 5123 2788 5174 et
2819 5118 3028 5175 mulier
3043 5118 3166 5175 haec
3187 5118 3603 5174 habitabamus

2025 5318 2046 5351 ³
2078 5317 2235 5371 Idem
2261 5332 2372 5371 ms.
2407 5332 2540 5370 cum
2574 5315 2864 5388 Vulgatis,
2887 5315 3158 5399 populum
3183 5318 3369 5383 istum,
3427 5333 3602 5444 poplu-

2025 5406 2071 5444 m
2109 5393 2265 5444 tuum
2295 5390 2441 5443 hunc
2487 5389 2747 5444 multum.
2810 5389 3044 5444 longius
3102 5394 3295 5443 tamen
3351 5387 3421 5443 ab
3547 5405 3602 5444 e-

1955 5390 2076 5472 luui
2109 5393 2265 5444 tuum
2295 5390 2441 5443 hunc
2487 5387 2747 5457 multum,
2810 5387 3044 5460 longius
3102 5394 3295 5443 tamen
3351 5387 3436 5443 ab
3494 5387 3603 5445 He-

1955 5463 2271 5604 br?l§gque
2297 5531 2392 5587 hic
2423 5531 2569 5604 bene
2598 5532 2668 5586 ad
2716 5532 3020 5586 Hebraeum
3054 5533 3274 5584 textum
3298 5534 3451 5604 tacet
3488 5547 3601 5588 ms.

1955 5603 2262 5663 Veronens.
2301 5603 2571 5661 mandata
2600 5611 2716 5674 tua,
2753 5619 2939 5675 neque
2971 5618 3105 5658 mox
3130 5603 3318 5659 David
3363 5619 3599 5661 nomen.
