3982 6178
124 355 214 412 733
1436 360 1650 415 LIBER
1686 364 1711 414 Ι
1746 361 2153 419 MALACHIM.

3392 361 3497 418 73‘

124 484 288 542 decim
309 483 490 540 millia
511 486 896 558 equestrium.
920 486 1384 560 Nutriebantque
1405 505 1503 545 eos
1523 504 1730 560 supra-
1763 489 1815 557 Α
1846 493 1904 545 et
1929 491 2010 546 ait
2040 509 2053 546 :
2090 492 2434 548 Benedictus
2462 491 2748 549 Dominus
2769 491 2960 548 Deus'
2983 491 3178 558 hodie,
3201 492 3298 565 qui
3334 493 3499 548 dedit

125 575 247 629 dicti
275 574 424 646 regis
458 575 706 646 prefecti
735 594 748 631 :
774 578 878 632 sed
901 581 958 633 et
984 579 1317 634 necessaria
1342 594 1556 635 mensae
1581 577 1736 648 regis

125 661 449 732 Salomonis,
481 679 610 718 cum
659 665 883 736 ingenti
934 681 1076 722 cura
1125 668 1464 738 praebebant
1495 667 1552 722 in
1584 671 1737 722 tem-

127 767 241 822 pore
285 768 409 809 suo.
461 753 541 823 (h.
594 752 1059 826 Nutriebantque
1107 757 1428 828 supradicti
1479 755 1736 828 praefecti

127 854 294 912 regem
325 840 719 908 Salomonem,
753 848 811 898 et
841 859 1048 900 omnes
1095 846 1367 901 convivas
1411 845 1740 901 Salomonis

126 945 239 984 cum
267 928 487 1000 ingenti
518 945 660 986 cura
689 931 749 986 in
780 936 1045 1005 tempore
1075 935 1224 1005 suo).
1257 935 1556 991 Hordeum
1590 950 1738 1006 quo-

125 1031 220 1088 que
246 1021 298 1072 et
323 1016 522 1088 paleas
551 1035 839 1090 equorum
870 1025 928 1076 et
965 1021 1371 1092 iumentorum
1403 1023 1742 1078 deferebant

123 1105 172 1159 in
200 1104 401 1172 locum,
435 1107 538 1160 ubi
570 1112 696 1162 erat
728 1124 844 1175 rex,
870 1110 1044 1180 juxta
1074 1110 1462 1166 constitutum
1507 1110 1619 1166 sibi
1651 1111 1736 1179 (h.

125 1192 208 1247 ubi
231 1197 347 1248 erat
377 1195 768 1252 constitutum
798 1197 954 1269 sibi).
987 1199 1154 1254 Dedit
1193 1215 1428 1270 quoque
1464 1201 1615 1255 Deus
1645 1215 1742 1253 sa-

122 1281 374 1353 pientiam
405 1282 730 1351 Salomoni,
764 1289 821 1341 et
851 1287 1224 1358 prudentiam
1255 1287 1505 1343 multam
1539 1287 1740 1356 nimis,

125 1374 171 1424 et
194 1369 553 1427 latitudinem
601 1373 816 1442 cordis,
864 1375 1033 1446 quasi
1067 1393 1329 1445 arenam,
1383 1392 1511 1448 quas
1561 1380 1651 1431 est
1681 1375 1739 1429 in

125 1457 293 1514 littore
318 1461 519 1515 maris.
553 1461 623 1515 Et
666 1463 1028 1533 precedebat
1075 1464 1364 1536 sapientia
1411 1464 1740 1519 Salomonis

125 1547 446 1618 sapientiam
480 1551 747 1606 omnium
779 1551 1160 1608 Orientalium
1209 1558 1266 1608 et
1309 1554 1739 1625 Egyptiorum,

126 1640 170 1690 et
195 1642 307 1691 erat
348 1638 674 1708 sapientior
721 1640 947 1696 cunctis
997 1641 1337 1698 hominibus
1371 1659 1384 1697 :
1420 1641 1744 1714 sapientior

127 1724 282 1779 Ethan
304 1727 657 1797 Ezrahito,et
694 1730 1003 1798 Heman,et
1031 1729 1308 1786 Chalchol
1339 1731 1463 1801 (ms.
1493 1729 1742 1800 Galeas),

1843 581 2024 636 David
2056 581 2244 636 filium
2272 581 2776 654 sapientissimum
2813 598 2988 652 super
3019 582 3302 653 populum
3337 581 3496 638 hunc

1843 669 2188 740 plurimum.
2222 671 2308 742 ('1‘.
2342 671 2483 740 XV.)
2519 671 2584 726 Et
2632 671 2797 726 misit
2845 671 3046 726 Hiram
3102 673 3174 726 ad
3224 671 3498 728 Salomo-

1846 774 2002 823 nem,
2035 759 2239 814 dicens
2273 776 2285 814 :
2324 760 2530 814 Audivi
2564 776 2932 831 quascunque
2964 761 3258 814 mandasti
3292 760 3433 815 mihi
3479 777 3493 816 :

1845 863 1951 919 ego
1970 847 2177 902 faciam
2200 864 2432 903 omnem
2460 849 2822 903 voluntatem
2841 853 2999 903 tuam
3025 849 3084 903 in
3109 848 3287 920 lignis
3317 850 3501 904 cedri-

1847 937 1939 991 nis
1965 941 2020 992 et
2042 937 2330 1006 abiegnis.
2373 937 2529 992 Servi
2571 936 2684 990 mei
2735 938 3027 1008 deponent
3071 953 3136 992 ea
3167 939 3238 992 de
3271 939 3494 994 Libano

1848 1027 1918 1082 ad
1954 1043 2136 1093 mare,
2162 1032 2218 1082 et
2243 1043 2349 1099 ego
2373 1044 2721 1100 componam
2754 1043 2822 1084 ea
2851 1028 2907 1083 in
2944 1028 3168 1085 ratibus
3214 1032 3270 1086 in
3323 1031 3494 1098 mari,

1847 1132 2032 1186 usque
2063 1117 2133 1172 ad
2165 1116 2356 1172 locum
2378 1132 2550 1188 quem
2601 1116 2955 1188 signiﬁcaris
2999 1117 3167 1185 mihi,
3199 1123 3256 1174 et
3303 1119 3498 1190 appli-

1847 1206 1990 1261 cabo
2022 1222 2089 1261 ea
2113 1206 2281 1271 ibi,et
2301 1211 2364 1262 tu
2389 1205 2561 1262 tolles
2595 1221 2661 1262 ea
2689 1223 2702 1262 :
2728 1205 3129 1280 praebebisque
3161 1208 3496 1268 necessaria

1849 1294 2017 1360 mihi,
2048 1300 2110 1350 ut
2141 1295 2312 1351 detur
2356 1295 2528 1350 cibus
2559 1295 2762 1351 domui
2822 1312 2980 1352 meae.
3045 1297 3246 1366 Itaque
3295 1297 3495 1352 Hiram
3605 1301 3628 1324 ‘

1849 1382 1928 1451 (h.
1955 1382 2049 1436 hic
2082 1383 2275 1450 habet,
2307 1383 2720 1452 Hiron)'dahat
2766 1383 3061 1440 Solomoni
3100 1384 3260 1457 ligna
3317 1385 3499 1440 cedri-

1849 1488 1944 1538 na,
1992 1476 2048 1526 et
2091 1471 2250 1543 ligna
2303 1473 2573 1545 abiegna,
2625 1475 2794 1545 juxta
2850 1490 3082 1530 omnem
3139 1473 3495 1530 voluntatem

1846 1561 1996 1630 ejus.
2023 1560 2298 1616 Salomon
2331 1568 2528 1618 autem
2562 1563 3498 1635 praebebatHiramvigintimillia

1849 1663 2015 1702 coros
2037 1648 2238 1716 tritici,
2261 1649 2318 1704 in
2336 1651 2531 1705 cibum
2557 1651 2577 1686 ³
2609 1651 2820 1707 domus
2841 1652 2995 1720 ejus,
3018 1657 3075 1706 et
3094 1651 3298 1722 viginti
3322 1667 3497 1706 coros

1851 1737 2154 1807 purissimi
2197 1737 2342 1794 olei:
2369 1739 2490 1793 haec
2517 1739 2816 1794 tribuebat
2852 1739 3121 1794 Salomon
3158 1740 3353 1794 Hiram
3389 1755 3495 1811 per

130 1818 176 1912 et
200 1815 396 1917 Dorda,
440 1815 586 1872 filiis
611 1818 780 1917 Mao'l,
813 1824 872 1917 et
899 1823 1023 1874 erat
1045 1821 1385 1917 nominatus
1418 1820 1475 1874 in
1510 1820 1740 1874 univer-
1773 1853 1818 1917 Β
1851 1841 2038 1880 annos
2069 1825 2356 1897 singulos.
2389 1828 2560 1883 Dedit
2590 1828 3120 1900 quoqueDominus
3143 1829 3494 1900 sapientiam

128 1903 193 1957 sis
218 1903 483 1974 gentibus
538 1922 642 1977 per
697 1908 1029 1964 circuitum.
1067 1908 1314 1964 Locutus
1371 1913 1460 1965 est
1508 1924 1743 1980 quoque

130 1990 370 2050 Salomon
401 1995 519 2050 tria
551 1995 738 2051 millia
765 1996 1097 2068 parabolas,
1125 2001 1183 2053 et
1221 1998 1744 2070 fueruntjcarmina

128 2081 233 2149 ejus
252 2081 505 2155 quinque
535 2088 596 2139 et
628 2084 804 2140 mille.
836 2085 908 2140 Et
933 2086 1260 2157 disputavit
1289 2103 1469 2158 super
1494 2085 1744 2157 lignis,a

130 2169 271 2224 cedro
294 2186 417 2242 qua
438 2177 536 2227 est
566 2171 626 2227 in
661 2173 896 2241 Libano,
929 2191 1117 2245 usque
1147 2176 1219 2230 ad
1256 2175 1580 2247 hyssopum
1612 2190 1742 2246 quae

132 2259 396 2328 egreditur
438 2262 517 2317 de
564 2261 803 2333 pariete,
838 2268 894 2318 et
923 2263 1205 2319 disseruit
1233 2264 1304 2318 de
1326 2265 1638 2334 jumentis,
1687 2268 1745 2318 et

129 2347 452 2415 volucribus,
486 2355 550 2406 et
573 2351 907 2422 reptilibus,
940 2346 1298 2423 et'piscibus.
1325 2353 1394 2408 Et
1433 2353 1743 2408 veniebant

131 2436 186 2490 de
211 2441 427 2494 cunctis
458 2439 702 2511 populis
723 2441 794 2495 ad
828 2441 1177 2497 audiendam
1202 2442 1552 2514 sapientiam
1579 2441 1741 2497 Salo-

131 2525 290 2582 monis
317 2532 374 2582 et
398 2532 534 2595 (me.
571 2536 727 2584 tacet.
761 2529 842 2600 et)
869 2529 941 2585 ab
976 2530 1266 2586 universis
1287 2532 1525 2602 regibus
1548 2535 1738 2600 terrae,

127 2614 204 2681 qui
232 2617 549 2673 audiebant
578 2617 923 2688 sapientiam
955 2620 1105 2690 ejus.

185 2711 260 2781 (Τ.
288 2713 434 2784 XIII,
465 2731 596 2786 cap.
629 2713 722 2784 V.)
753 2715 915 2771 Misit
944 2732 1176 2789 quoque
1226 2716 1423 2773 Hiram
1472 2734 1571 2774 rex
1609 2717 1742 2790 Tyri

131 2815 297 2857 servos
327 2820 464 2860 suos
499 2804 577 2860 ad
609 2803 981 2861 Salomonem
1007 2822 1019 2860 :
1049 2806 1274 2862 audivit
1291 2807 1447 2862 enim
1481 2807 1634 2878 quod
1663 2807 1745 2880 ip-

130 2904 236 2945 sum
267 2893 576 2950 unxissent
607 2910 796 2965 regem
830 2911 932 2966 pro
963 2899 1127 2966 patre
1156 2897 1316 2967 ejus;
1351 2895 1490 2968 quia
1519 2896 1745 2952 amicus

1849 1913 2171 1982 Salomoni,
2196 1917 2349 1971 sicut
2374 1915 2608 1972 locutus
2650 1922 2738 1972 est
2757 1918 2809 1973 ei
2850 1929 2969 1987 (ms.
2995 1921 3132 1972 tacet
3154 1917 3248 1984 ei),
3280 1921 3338 1972 et
3367 1923 3495 1972 erat

1850 2019 1962 2074 pax
1991 2004 2142 2060 inter
2173 2006 2370 2059 Hiram
2423 2011 2478 2060 et
2527 2006 2924 2075 Salomonem,
2973 2011 3028 2062 et
3075 2008 3496 2078 percusserunt

1852 2093 2035 2147 faadus
2072 2094 2268 2149 ambo.
2320 2093 2624 2167 Elegitque
2671 2112 2771 2150 rex
2827 2095 3103 2151 Salomon
3157 2109 3364 2166 operas
3422 2094 3494 2148 de

1849 2181 2010 2236 omni
2041 2181 2239 2249 Israel,
2272 2190 2328 2238 et
2359 2189 2484 2238 erat
2515 2184 2756 2240 indictio
2811 2184 3051 2256 triginta
3101 2183 3286 2238 millia
3339 2183 3493 2237 viro-

1849 2286 1998 2325 rum.
2035 2271 2422 2344 Mittebatque
2467 2289 2566 2328 eos
2616 2273 2675 2328 in
2727 2273 3034 2336 Libanum,
3064 2274 3265 2328 decem
3302 2270 3492 2325 millia

1849 2375 1948 2430 per
1978 2375 2212 2416 menses
2242 2361 2504 2430 singulos
2534 2362 2819 2427 vicissim,
2853 2363 2933 2418 ita
2961 2366 3024 2417 ut
3061 2361 3294 2416 duobus
3328 2376 3493 2414 men-

1849 2448 2014 2503 sibus
2044 2454 2244 2505 essent
2273 2450 2332 2505 in
2365 2451 2640 2508 domibus
2691 2451 2840 2516 suis,
2890 2456 2949 2506 et
3000 2451 3314 2505 Adoniram
3368 2452 3494 2503 erat

1849 2552 2024 2608 super
2053 2537 2463 2609 hujuscemodi
2498 2539 2836 2595 indictione.
2891 2540 3268 2610 Fueruntque
3318 2539 3488 2594 Salo-

1852 2626 2012 2681 moni
2047 2628 2422 2699 septuaginta
2448 2627 2676 2684 millia‘
2706 2644 2931 2697 eorum,
2965 2629 3062 2699 qui
3098 2645 3274 2683 onera
3306 2633 3495 2699 porta-

1848 2713 2014 2781 bant,
2047 2719 2104 2771 et
2131 2716 2432 2788 octoginta
2493 2715 2680 2773 millia
2737 2717 3091 2772 latomorum
3155 2718 3213 2772 in
3248 2720 3447 2772 monte
3483 2731 3498 2770 :

1851 2803 2075 2876 absque
2108 2805 2437 2878 praepositis
2467 2806 2568 2878 qui
2600 2810 2888 2877 praeerant
2913 2804 3160 2877 singulis
3191 2804 3488 2876 operibus,

1851 2909 2098 2949 numero
2124 2895 2303 2949 trium
2336 2895 2590 2950 millium
2621 2900 2677 2950 et
2709 2899 3125 2960 trecentorum,
3158 2893 3497 2966 prmeipien-

137 2977 300 3035 fuerat
329 2982 528 3039 Hiram
576 2983 747 3038 David
773 2984 932 3039 omni
973 2988 1255 3056 tempore.
1280 2985 1433 3040 Misit
1465 2989 1658 3042 autem
1691 2990 1749 3042 et
1853 2982 2005 3037 tium
2039 2983 2256 3055 populo
2284 2989 2337 3040 et
2384 2983 2466 3055 (h.
2501 3000 2615 3040 non
2648 2983 2850 3053 habet)
2899 2983 2990 3038 his
3039 2983 3138 3054 qui
3199 2982 3492 3037 faciebant

136 3065 378 3126 Salomon
436 3073 511 3128 ad
564 3072 789 3142 Hiram,
839 3074 1040 3130 dicens
1073 3090 1086 3130 :
1121 3074 1204 3129 Tu
1237 3074 1354 3130 scis
1384 3074 1743 3131 voluntatem

128 3154 278 3213 David
309 3162 488 3231 patris
525 3161 665 3230 mei,
696 3166 754 3217 et
801 3162 940 3234 quia
989 3179 1102 3218 non
1148 3164 1406 3234 potuerit
1453 3163 1742 3220 aedificare

127 3244 334 3304 domum
364 3251 446 3320 (h.
481 3251 573 3306 Tu
615 3251 730 3306 scis
770 3252 926 3323 quod
958 3251 1136 3307 David
1187 3256 1353 3324 pater
1405 3268 1570 3308 meus
1624 3271 1739 3310 non

128 3337 285 3402 potuit
311 3339 605 3395 mdiﬁoare
634 3339 899 3411 domum)
961 3340 1185 3397 nomini
1246 3341 1468 3398 Domini
1513 3342 1613 3398 Dei
1646 3343 1739 3399 sui

131 3428 335 3495 propter
387 3427 552 3484 bella
607 3427 977 3485 imminentia
1032 3444 1136 3502 per
1189 3429 1523 3502 circuitum,
1557 3432 1740 3488 donec

132 3513 268 3572 daret
321 3516 615 3575 Dominus
671 3536 771 3576 eos
837 3520 951 3576 sub
1015 3521 1260 3592 vestigio
1317 3523 1529 3592 pedum
1587 3524 1738 3594 ejus,

129 3603 196 3670 (Τ.
249 3607 413 3680 XIV.)
463 3612 639 3664 Nunc
692 3613 886 3665 autem
919 3609 1183 3682 requiem
1215 3610 1378 3666 dedit
1413 3610 1738 3668 Dominus'

132 3694 251 3749 Deus
276 3712 438 3754 meus
467 3697 619 3753 mihi
653 3714 754 3769 per
783 3698 1117 3767 circuitum,
1147 3701 1206 3754 et
1235 3715 1348 3754 non
1404 3703 1496 3755 est
1546 3706 1736 3769 satan,

130 3795 281 3852 neque
307 3801 594 3842 occursus
625 3785 837 3843 malus.
873 3788 1262 3853 Quamobrem
1311 3788 1501 3860 cogito
1558 3789 1736 3844 aedifi-

131 3884 234 3927 care
260 3875 546 3946 templum
580 3875 801 3931 nomini
855 3875 1082 3932 Domini
1117 3877 1236 3947 (ms.
1295 3884 1434 3932 tacet
1486 3878 1738 3949 Domini)

133 3959 206 4013 Dei
243 3964 367 4030 mei,
416 3964 569 4020 sicut
623 3963 856 4020 locutus
915 3969 1004 4021 est
1062 3965 1344 4020 Dominus
1377 3966 1552 4020 David
1588 3967 1733 4036 patri

132 4062 232 4104 meo
250 4050 441 4108 dicens
469 4071 481 4106 :
513 4052 694 4108 Filius
718 4057 876 4118 tuus,
901 4069 1073 4125 quem
1109 4054 1260 4109 dabo
1311 4071 1410 4125 pro
1456 4059 1512 4110 te
1561 4072 1738 4126 super

133 4135 311 4194 solium
343 4145 540 4208 tuum,
565 4141 690 4212 ipse
719 4141 1030 4198 ediﬁcabit
1058 4143 1298 4198 domum
1326 4144 1548 4199 nomini
1585 4161 1732 4201 meo.

133 4227 345 4301 Praecipe
389 4230 578 4303 igitur
633 4236 696 4286 ut
757 4233 1076 4302 pracidant
1132 4233 1278 4288 mihi
1310 4232 1494 4304 (Vulg.
1525 4233 1736 4289 addunt

128 4317 249 4370 servi
278 4319 378 4389 tui)
402 4321 612 4376 cedros
643 4321 714 4374 de
752 4322 989 4389 Libano,
1023 4327 1080 4378 et
1121 4323 1272 4378 servi
1305 4323 1418 4378 mei
1451 4324 1568 4378 sint
1599 4341 1733 4380 cum

128 4406 281 4461 servis
309 4409 820 4465 tuiszmercedem
881 4414 1078 4466 autem
1138 4427 1438 4467 servorum
1499 4420 1731 4468 tuorum

127 4488 252 4547 dabo
278 4495 374 4551 tibi
408 4513 788 4569 quacumque
823 4499 1167 4570 praeceperis
1197 4499 1279 4569 (h.
1317 4516 1734 4571 quamcunque

1853 3073 2425 3145 opus.Prascepitque
2446 3077 2637 3138 rex,ut
2659 3072 2932 3129 tollerent
2958 3072 3184 3144 lapides
3209 3071 3484 3143 grandes,

1857 3159 2083 3232 lapides
2114 3163 2436 3234 prastiosos,
2460 3162 2518 3216 in
2542 3163 2995 3218 fundamentum
3029 3160 3231 3232 templi
3265 3164 3322 3214 et
3350 3176 3494 3230 qua-

1855 3250 2096 3306 drarent
2115 3267 2213 3306 eos
2240 3268 2253 3305 :
2279 3267 2429 3323 quos
2464 3251 2808 3306 dolaverunt
2854 3249 3208 3306 caementarii
3237 3248 3499 3304 Salomo-

1850 3338 1964 3409 nis,
2009 3343 2067 3394 et
2104 3341 2458 3396 cementarii
2500 3340 2731 3408 Hiram;
2768 3341 2976 3412 porro“
3007 3339 3175 3394 Biblii
3208 3355 3502 3411 prepara-

1848 3433 2060 3484 verunt
2082 3429 2165 3499 (h.
2200 3433 2258 3484 et
2299 3429 2515 3485 Giblim
2538 3433 2594 3486 et
2616 3429 3107 3502 praeparaverunt)
3139 3428 3299 3502 ligna
3329 3433 3387 3484 et
3415 3427 3500 3485 Ia-

1851 3515 2017 3588 pides
2050 3519 2122 3573 ad
2156 3519 2561 3575 mdiﬁcandam
2594 3520 2861 3576 domum.

1923 3607 1998 3672 (C.
2033 3607 2102 3663 V.
2137 3607 2266 3680 Cap.
2301 3609 2419 3676 VI.)
2454 3609 2693 3664 Factum
2727 3613 2818 3664 est
2859 3609 3044 3680 igitur
3068 3607 3496 3678 quadragente-

1850 3695 2001 3752 simo
2031 3701 2087 3752 et
2115 3697 2470 3766 octogesimo
2487 3714 2641 3754 anno
2664 3697 3020 3770 egressionis
3043 3696 3294 3751 filiorum
3314 3695 3493 3751 Israel

1850 3785 1922 3840 de
1954 3790 2107 3841 terra
2137 3787 2386 3859 Egypti,
2421 3788 2478 3842 in
2513 3804 2666 3842 anno
2711 3791 2939 3858 quarto,
2976 3801 3176 3840 mense
3222 3785 3318 3839 Zio
3365 3784 3494 3855 (ms.

1847 3874 1968 3946 Zoi)
1997 3875 2147 3946 (ipse
2178 3881 2266 3931 est
2297 3876 2518 3932 mensis
2552 3876 2892 3945 secundus),
2926 3875 3076 3943 regis
3101 3872 3488 3945 (Vulg.regni)

1849 3963 2183 4019 Solomonis
2241 3981 2420 4036 super
2451 3963 2650 4030 Israel,
2701 3965 2988 4018 aedificare
3040 3963 3216 4034 cmpit
3253 3963 3493 4016 domum

1851 4053 2027 4124 (Vulg.
2079 4055 2352 4110 aedificari
2404 4056 2633 4114 domus)
2686 4057 2950 4110 Domino.
3004 4054 3226 4108 Domus
3275 4056 3495 4120 autem,

1849 4161 2024 4218 quam
2059 4143 2388 4198 aediﬁcabat
2444 4159 2542 4198 rex
2599 4143 2873 4198 Salomon
2909 4141 3177 4205 Domino,
3237 4140 3492 4196 habebat

1848 4233 2152 4305 sexaginta
2179 4232 2409 4287 cubitus
2443 4233 2497 4286 in
2532 4232 2916 4303 longitudine,
2941 4234 2997 4286 et
3018 4229 3221 4301 viginti
3253 4228 3482 4284 cubitus

1847 4324 1904 4378 in
1939 4322 2270 4389 latitudine,
2303 4327 2361 4376 et
2389 4321 2630 4389 triginta
2660 4321 2892 4375 cubitus
2943 4320 3001 4375 in
3052 4318 3385 4374 altitudine.
3419 4319 3489 4372 Et

1847 4411 2107 4485 porticus
2163 4415 2286 4466 erat
2339 4415 2471 4465 ante
2521 4409 2802 4481 templum
2861 4409 2944 4479 (h.
3005 4413 3138 4462 ante
3197 4406 3486 4478 templum

1846 4500 2080 4571 domus)
2111 4499 2313 4571 viginti
2346 4500 2676 4554 cubitorum
2704 4497 3296 4569 longitudinis,juxta
3331 4511 3495 4549 men-

129 4577 328 4672 dixeris.
366 4586 521 4658 Vulg.
551 4585 848 4658 petieris);
881 4586 1000 4642 scis
1047 4589 1203 4642 enim
1265 4590 1558 4660 quomodo
1617 4591 1738 4662 (ms.
1773 4607 1816 4672 ι)
1848 4608 2046 4647 suram
2083 4589 2411 4644 latitudinis
2444 4587 2745 4658 templi,et
2765 4588 3014 4642 habebat
3042 4587 3241 4640 decem
3262 4586 3492 4639 cubitos

131 4671 392 4745 quoniam)
426 4692 545 4732 non
578 4679 668 4731 est
694 4676 753 4731 in
785 4675 1000 4748 populo
1027 4691 1154 4732 meo
1201 4676 1292 4749 (h.
1331 4677 1390 4733 in
1425 4678 1619 4750 nobis)
1649 4679 1739 4734 vir
1851 4678 2181 4734 latitudinis
2230 4682 2364 4732 ante
2413 4677 2616 4732 faciem
2643 4675 2866 4745 templi.
2898 4673 3241 4746 Fecitquein
3268 4673 3490 4746 templo

128 4757 205 4825 qui
234 4763 443 4819 noverit
471 4763 634 4837 ligna
689 4766 906 4821 caedere
961 4765 1115 4820 sicut
1140 4765 1388 4821 Sidonii.
1421 4770 1561 4820 Cum
1600 4783 1736 4839 ergo

131 4847 358 4905 audisset
384 4851 586 4909 Hiram
616 4853 794 4909 verba
820 4854 1171 4922 Solomonis,
1194 4854 1419 4910 laetatus
1437 4858 1526 4910 est
1546 4853 1734 4924 valde,

131 5109 143 5121 ,
186 5044 392 5122 {Tacet
419 5049 516 5106 hic
547 5066 658 5107 ms.
691 5067 906 5107 nomen
929 5051 1213 5118 Dominus,
1237 5053 1388 5122 quod
1416 5056 1506 5108 est
1536 5057 1735 5110 tamen

130 5114 425 5254 illi]??me
447 5125 576 5247 tum
608 5131 659 5179 et
687 5123 1061 5195 particulam,
1085 5114 1267 5196 quam.
1283 5125 1558 5180 Hebraeus
1590 5143 1732 5198 quo-

184 5258 200 5262 _
230 5259 249 5262 Α
268 5206 445 5262 gnora
477 5235 490 5247 .

132 5258 201 5382 υἱ
221 5258 356 5318 eam
391 5264 622 5322 Hebrao
654 5282 764 5322 ms.
797 5265 1118 5324 Veronens.
1155 5267 1362 5323 reticet
1391 5266 1486 5323 hic
1517 5284 1731 5324 nomen

192 5345 266 5382 us.

192 5345 266 5385 us.

185 5401 202 5434 ³
230 5403 536 5482 Ριδαξίθνυῃι
563 5407 836 5465 Hebraeus
869 5411 924 5465 et
949 5407 1182 5482 Vulgati
1218 5424 1353 5466 cum
1405 5426 1516 5466 ms.
1551 5409 1732 5465 Vero-

137 5483 274 5538 nens,
301 5475 508 5532 domui.
957 5493 961 5497 ·

188 5543 382 5626 {Idem
416 5565 524 5626 ms.
555 5551 868 5608 Veronens.
899 5566 1186 5624 equorum,
1221 5567 1290 5608 ex
1310 5552 1474 5610 scioli
1506 5553 1731 5626 glossa-

139 5613 258 5691 loris
286 5617 535 5691 ingenio.

192 5685 210 5718 ⁸
233 5685 401 5747 ΚΠθῆ
430 5707 624 5753 revera
672 5693 948 5753 Hebraus
997 5710 1212 5754 nomen
1243 5695 1402 5754 istud
1433 5713 1537 5770 per
1579 5708 1618 5763 ν
1647 5695 1734 5754 Gi-

1848 4769 2166 4824 fenestras‘
2213 4766 2504 4837 obliquas.
2540 4767 2608 4820 Et
2650 4765 2959 4820 aedificavit
3000 4779 3178 4835 super
3205 4763 3488 4835 parietem

1846 4856 2047 4929 templi
2081 4853 2348 4911 tabulata
2392 4871 2495 4926 per
2524 4871 2756 4926 gyrum,
2789 4855 2845 4909 in
2898 4853 3222 4926 parietibus
3275 4853 3488 4907 domus

1845 5049 2021 5105 blim:
2053 5066 2252 5105 verum
2288 5049 2468 5105 Giblos
2499 5053 2555 5104 et
2588 5049 2772 5105 Biblos
2806 5064 2907 5119 pro
2951 5048 3153 5103 eadem
3199 5047 3491 5119 habentur

1846 5138 1982 5176 urce
2014 5121 2320 5176 Phoenicia?
2354 5123 2423 5176 ad
2460 5122 2686 5176 radices
2739 5116 2956 5176 Libani.
2999 5120 3146 5175 Vide
3178 5116 3487 5184 Ezechiel.,

1842 5210 2054 5260 xxxvn,
2086 5194 2139 5246 9.
3191 5217 3205 5228 ο

1913 5267 1934 5300 ⁶
1967 5267 2026 5319 In
2061 5265 2188 5319 albo
2247 5265 2571 5320 Veronens.
2615 5281 2726 5320 ms.
2781 5263 2902 5318 haec
2960 5261 3278 5334 opponitur
3304 5259 3442 5334 nota
3474 5270 3489 5310 :

1841 5337 1905 5410 lu
1937 5338 2315 5410 LXXLjanuas
2373 5337 2659 5391 absronsas
2707 5329 3058 5410 reticulata—5:
3108 5332 3328 5410 Nempe
3373 5329 3491 5410 μίξ-

1845 5407 2028 5462 tinam
2062 5401 2399 5462 V'ersionem
2436 5424 2564 5480 qua:
2605 5412 2738 5462 ante
2791 5403 3300 5480 Hieronymianam
3335 5401 3486 5454 obti-

1843 5479 2040 5563 nebat,
2070 5484 2239 5536 vocat
2271 5479 2698 5563 LXX,;quippe
2744 5494 2920 5563 quam
2952 5479 3022 5530 ad
3057 5489 3258 5563 eorum
3292 5486 3491 5563 axem:-

1843 5497 2040 5545 nenat,
2070 5497 2239 5536 vocat
2271 5497 2448 5544 max,
2481 5497 2698 5604 quippe
2744 5497 2920 5560 quam
2952 5497 3022 5530 au
3057 5497 3258 5531 eorum
3292 5497 3488 5526 axem»

1843 5551 1970 5634 plar
1998 5567 2334 5634 expressam
2373 5551 2616 5634 {aliis}?
2648 5554 2803 5634 acuit
2823 5563 3026 5634 vofare
3061 5544 3488 5634 Italamirl’orro

1845 5612 2206 5694 interpretati
2286 5627 2423 5694 sunt
2483 5612 2612 5678 LXX
2639 5693 2648 5694 ί
2675 5639 2688 5676 :
2717 5616 2976 5694 ⁸Εξυρίδας
3033 5612 3490 5694 ,διακοπτομὲνρις

1845 5693 1952 5768 (vel
1999 5685 2514 5770 ἓταρακυπτομένας,
2565 5693 2655 5750 vel
2714 5685 3166 5762 δεδιὶιτυωμένας)
3225 5686 3486 5764 κρυπτάς.
