3938 6174
521 268 633 323 739

1575 263 1637 316 S.
1676 259 2086 316 HIERONYMI
2123 259 2380 315 DIVINA
2415 261 2913 319 BIBLIOTHECA.
3746 274 3821 330 740

522 393 763 461 diem,et
783 394 904 446 tres
928 389 999 444 ad
1026 387 1395 452 orientem,et
1413 400 1576 440 mare
1596 400 1773 457 super
1804 399 1904 439 eos
1926 384 2179 453 desuper
2207 385 2261 450 Α
2290 384 2728 457 capitulorum).
2784 386 2851 441 Et
2900 384 3297 457 malogranata
3356 390 3689 463 quadraginta
3723 396 3740 430 ³
3776 398 3816 454 in

526 486 683 536 erat:
705 494 953 550 quorum
975 476 1298 548 posteriora
1314 472 1955 529 universaintrinsecus
1978 472 2171 526 latita-

524 572 688 625 bant.
723 567 1068 622 Grossitudo
1097 570 1293 619 autem
1332 562 1535 618 lateris
1581 562 1703 632 (ms.
1736 560 2171 631 lateris),trium

523 660 833 713 unciarum
857 661 982 711 erat
1015 672 1027 711 :
1062 655 1408 724 labiumque
1429 651 1757 723 ejus,quasi
1783 650 2004 705 labium
2027 648 2170 705 cali-

520 748 688 815 cis,et
722 747 926 802 folium
957 744 1201 816 rependi
1224 742 1329 796 lilii
1365 758 1379 796 :
1415 742 1530 797 duo
1556 741 1742 796 millia
1796 740 1964 794 batos
1987 738 2177 809 capie-

521 838 643 892 hat.
678 837 747 891 Et
779 835 914 890 fecit
942 835 1115 889 bases
1146 832 1345 886 decem
1377 846 1565 885 aeneas
1592 831 1630 896 ί,
1666 834 1920 899 quatuor
1940 827 2171 882 cubito-

518 940 649 980 rum
684 922 1071 995 longitudinis
1094 921 1262 976 bases
1286 918 1639 990 singulas,et
1669 921 1920 988 quatuor
1940 914 2169 970 cubito-

425 1057 431 1062 .
519 1030 652 1069 rum
685 1013 1038 1079 latitudinis,
1072 1016 1127 1065 et
1156 1008 1337 1063 trium
1369 1007 1705 1063 cubitorum
1742 1004 2172 1061 altitudinis.Et

517 1104 719 1175 ipsum
745 1118 895 1172 opus
927 1095 1525 1167 basium,interrasile
1555 1100 1681 1151 erat
1716 1100 1821 1157 :et
1852 1094 2167 1164 sculpturas

516 1192 672 1248 inter
694 1193 1030 1262 juncturas.
1064 1190 1133 1243 Et
1162 1187 1315 1243 inter
1345 1184 1654 1241 coronulas
1687 1190 1744 1240 et
1774 1184 2015 1255 plectas,
2048 1183 2169 1238 leo-

518 1298 623 1336 nes
654 1286 711 1335 et
742 1282 917 1335 boves
939 1284 996 1332 et
1025 1276 1326 1332 cherubim
1377 1292 1388 1329 :
1444 1280 1501 1330 et
1528 1274 1589 1329 in
1627 1273 1927 1344 juncturis
1958 1269 2166 1327 simili-

516 1375 605 1425 ter
633 1371 890 1439 desuper
924 1385 935 1422 :
970 1374 1026 1421 et
1056 1368 1259 1421 subter
1289 1364 1486 1419 leones
1519 1369 1575 1419 et
1607 1365 1802 1430 boves,
1841 1361 2008 1433 quasi
2043 1359 2167 1415 lora

515 1474 585 1513 ex
628 1474 739 1513 aere
788 1455 1194 1527 dependentia.
1247 1453 1316 1507 Et
1358 1457 1610 1522 quatuor
1660 1456 1796 1505 rota:
1854 1466 1958 1521 per
1998 1449 2163 1504 bases

518 1546 807 1618 singulas,
836 1553 889 1599 et
917 1559 1054 1599 axes
1085 1542 1215 1596 aerei
1246 1558 1259 1595 :
1291 1547 1348 1595 et
1380 1557 1480 1610 per
1503 1544 1759 1609 quatuor
1785 1544 1977 1609 partes
1996 1537 2165 1608 quasi

520 1634 813 1690 humeruli
848 1636 1050 1688 subter
1080 1632 1325 1685 luterem
1356 1630 1793 1695 fusiles,contra
1823 1643 1884 1683 se
1914 1627 2163 1682 invicem

2285 474 2517 529 duobus
2553 474 2849 529 retiaculis
2877 475 3055 530 :duos
3076 490 3283 531 versus
3309 475 3762 549 mologranatorum
3781 487 3818 542 in

2284 562 2586 617 retiaculis
2634 563 2905 634 singulis,
2941 564 3013 619 ad
3046 564 3386 635 operiendos
3425 565 3677 625 funiculos
3707 574 3817 644 capi.

2283 651 2584 717 tellorum,
2617 651 2717 723 qui
2748 658 2917 707 erant
2947 669 3129 723 super
3172 654 3361 724 capita
3391 654 3755 715 columnarum.
3777 662 3821 716 Et

2282 740 2454 795 bases
2503 741 2729 811 decem,
2776 746 2833 796 et
2880 742 3097 797 luteres
3149 743 3347 798 decem
3394 760 3558 816 super
3598 747 3746 804 bases.
3773 751 3817 805 Et

2282 846 2443 886 mare
2476 846 2683 899 unum,
2727 835 2786 885 et
2834 832 3007 887 boves
3061 831 3365 887 duodecim
3408 834 3587 889 subter
3612 850 3752 892 mare.
3774 838 3821 892 Et

2280 919 2523 986 lebetes,
2570 922 2628 975 et
2668 925 2919 985 scutrae,
2967 925 3023 976 et
3073 920 3365 987 hamulas,
3413 923 3593 978 omnia
3633 940 3742 981 vasa
3762 928 3817 994 (b.

2280 1009 2479 1063 omnia
2508 1008 2631 1064 hac
2661 1024 2841 1078 vasa),
2874 1024 3004 1079 quae
3036 1009 3173 1064 fecit
3210 1009 3404 1065 Hiram
3449 1011 3559 1082 regi
3596 1011 3820 1069 Salomoni

2277 1096 2338 1151 in
2371 1099 2543 1152 domo
2574 1097 2829 1169 Domini,
2860 1097 2932 1152 de
2963 1097 3293 1153 aurichalco
3324 1100 3562 1155 erant.ln
3584 1103 3819 1172 campestri

2277 1186 2496 1255 regione
2541 1186 2623 1257 (h.
2674 1202 2791 1242 non
2839 1187 3033 1256 habet)
3077 1187 3348 1243 Jordanis
3392 1188 3531 1242 fudit
3578 1206 3637 1244 ea
3671 1205 3749 1244 rex
3782 1192 3821 1246 in

2278 1273 2554 1346 argillosa
2618 1279 2794 1342 terra,
2862 1275 3019 1332 inter
3080 1276 3361 1331 Soccboth
3414 1286 3464 1333 et
3520 1277 3743 1332 Sarthan.
3780 1281 3823 1332 Et

2276 1364 2474 1432 posuit
2494 1362 2765 1419 Salomon
2792 1365 2992 1420 omnia
3010 1382 3149 1422 vasa
3178 1381 3193 1421 :
3228 1371 3455 1437 propter
3471 1365 3823 1421 multitudinem

2277 1457 2471 1507 autem
2522 1452 2764 1508 nimiam
2816 1469 2930 1509 non
2979 1460 3108 1509 erat
3153 1454 3383 1527 pondus
3427 1454 3548 1510 aeris
3585 1455 3660 1525 (T.
3698 1455 3823 1522 XIX.)

2276 1541 2549 1612 Fecitque
2580 1541 2856 1598 Salomon
2889 1542 3088 1598 omnia
3119 1560 3263 1600 vasa
3300 1542 3360 1599 in
3404 1544 3565 1599 domo
3610 1542 3823 1599 Domini:

2273 1630 2457 1685 altare
2487 1638 2819 1698 aureum,et
2846 1648 3326 1704 mensam,super
3354 1649 3521 1705 quam
3552 1638 3826 1703 ponerentur

517 1728 945 1795 respectantes.
970 1721 1046 1776 Os
1078 1734 1311 1791 quoque
1344 1717 1552 1773 luteris
1585 1716 1945 1771 intrinsecus
1965 1716 2160 1770 eratin
2195 1753 2241 1816 Β
2271 1736 2453 1791 panes
2482 1720 3172 1791 propositionis,auream
3205 1726 3265 1776 et
3299 1720 3626 1778 candelabra
3650 1720 3825 1787 aurea‘,

515 1813 729 1884 capitis
761 1810 1104 1867 summitate
1138 1825 1150 1862 :
1185 1814 1242 1863 et
1272 1807 1426 1878 quod
1459 1807 1786 1861 forinsecus
1822 1806 2163 1876 apparebat,

518 1902 696 1958 unius
729 1902 907 1957 cubiti
940 1904 1065 1955 erat
1093 1903 1283 1952 totum
1317 1896 1652 1963 rotundum,
1694 1894 2028 1965 pariterque
2059 1893 2165 1948 ha-

516 1993 691 2047 bebat
710 2006 889 2045 unum
908 1989 1171 2043 cubitum
1186 1991 1243 2040 et
1260 1985 1572 2039 dimidium
1594 2001 1607 2039 :
1636 1984 1694 2037 in
1717 1982 1950 2055 angulis
1968 1988 2164 2036 autem

517 2082 930 2136 columnarum
992 2075 1162 2131 variae
1230 2072 1517 2128 czelaturae
1585 2076 1754 2126 erant
1808 2088 1821 2124 :
1868 2075 1925 2125 et
1974 2069 2167 2126 media

518 2166 992 2230 intercolumnia,
1051 2163 1339 2234 quadrata
1387 2176 1504 2215 non
1567 2160 1839 2215 rotunda.
1910 2162 2168 2226 Quatuor

514 2273 749 2329 quoque
779 2261 1071 2323 rotae,quae
1102 2268 1203 2323 per
1232 2256 1486 2321 quatuor
1516 2247 1767 2320 angulos
1799 2249 1956 2304 basis
1978 2253 2165 2315 erant,

516 2345 892 2400 cohaerebant
920 2341 1104 2413 (Vulg.
1137 2339 1292 2395 addit
1337 2339 1472 2398 sibi)
1521 2339 1722 2393 subter
1776 2336 1965 2393 basim
2002 2354 2015 2391 :
2050 2353 2168 2392 una

520 2439 649 2490 rota
681 2431 931 2488 habebat
951 2429 1283 2485 altitudinis
1329 2428 1593 2482 cubitum
1645 2435 1701 2482 et
1745 2426 1945 2483 semis.
1997 2425 2168 2481 Tales

520 2529 718 2580 autem
770 2525 908 2576 rotae
952 2528 1137 2585 erant,
1189 2516 1395 2587 quales
1446 2516 1633 2571 solent
1702 2516 1761 2570 in
1815 2532 1987 2570 curru
2040 2518 2166 2582 (ms.

520 2604 818 2678 curribus)
851 2608 973 2663 ﬁeri
1008 2624 1019 2661 :
1055 2613 1112 2663 et
1142 2622 1276 2661 axes
1308 2620 1536 2673 earum,
1568 2609 1623 2659 et
1654 2603 1825 2669 radii,
1858 2609 1915 2659 et
1946 2604 2165 2671 canthi,

515 2708 573 2758 et
606 2699 870 2765 modioli,
921 2698 1122 2752 omnia
1171 2694 1388 2749 fusilis.
1451 2698 1593 2748 Nam
1628 2698 1686 2748 et
1738 2692 2033 2747 humeruli
2082 2692 2167 2747 illi

516 2797 771 2861 quatuor
799 2804 902 2858 per
931 2784 1200 2857 singulos
1234 2782 1486 2855 angulos
1518 2781 1678 2837 basis
1710 2782 1912 2848 unius,
1945 2798 2011 2837 ex
2042 2785 2169 2853 ipsa

511 2880 640 2935 basi
672 2877 877 2933 fusiles
897 2881 953 2931 et
982 2873 1284 2943 conjuncti
1317 2873 1575 2927 erant.ln
1599 2871 1939 2926 summitate
1970 2877 2166 2926 autem

514 2969 677 3025 basis
728 2970 853 3022 erat
903 2964 1172 3036 quaedam
1225 2960 1561 3016 rotunditas
1610 2960 1778 3015 unius
1826 2963 1876 3015 et
1923 2960 2004 3030 (h.
2050 2977 2166 3015 non

515 3058 712 3128 habet)
745 3054 973 3110 dimidii
1003 3052 1209 3117 cubiti,
1244 3051 1325 3105 ita
1351 3050 1687 3115 fabrefacta,
1719 3055 1784 3104 ut
1814 3049 1965 3105 luter
1995 3051 2166 3105 desu-

515 3164 623 3219 per
684 3118 890 3217 posset
948 3141 1193 3212 imponi,
1248 3140 1471 3195 habens
1552 3137 1859 3194 caelaturas
1934 3156 2068 3195 suas
2119 3118 2248 3195 etC

518 3236 871 3307 sculpturas
912 3232 1103 3287 varias
1159 3247 1227 3285 ex
1274 3228 1592 3298 semetipsa
1641 3228 1765 3297 (ms.
1812 3229 2152 3301 semetipso)

518 3301 781 3396 Sculpsit
824 3336 1059 3393 quoque
1092 3321 1147 3373 in
1180 3316 1598 3373 tabulatisillis
1618 3333 1745 3387 quae
1768 3328 1931 3373 erant
1953 3334 2020 3373 ex
2044 3301 2177 3401 mre;

519 3421 579 3473 et
610 3415 671 3469 in
710 3411 964 3483 angulis,
999 3409 1329 3475 cherubim,
1362 3405 1723 3471 etleones,et
1756 3405 2177 3478 palmas,quasi

521 3505 581 3559 in
618 3500 1073 3559 similitudinem
1111 3495 1325 3552 stantis
1357 3495 1638 3561 hominis,
1670 3500 1735 3549 ut
1784 3511 1901 3550 non
1950 3495 2170 3564 caelata,

530 3593 630 3650 sed
666 3590 935 3663 apposita
976 3604 1077 3658 per
1125 3585 1438 3641 circuitum
1486 3582 1841 3639 viderentur.
1891 3585 1953 3639 In
2013 3586 2171 3641 hunc

523 3682 765 3737 modum
802 3678 939 3733 fecit
970 3677 1160 3731 decem
1190 3673 1606 3740 bases,fusura
1639 3678 1839 3743 una,et
1869 3690 2166 3745 mensura,

516 3770 940 3841 sculpturaque
963 3762 1444 3820 consimili.Fecit
1463 3777 1697 3832 quoque
1727 3762 1925 3817 decem
1950 3762 2169 3820 luteres

516 3875 708 3917 aeneas
740 3858 761 3893 ¹
796 3874 808 3912 ;
844 3854 1235 3927 quadraginta
1266 3853 1433 3907 batos
1489 3850 1755 3921 capiebat
1803 3850 1958 3906 luter
1990 3868 2165 3919 unus,

517 3952 759 4020 eratque
775 3950 1026 4017 quatuor
1039 3941 1371 3998 cubitorum
1388 3959 1402 4007 ;
1422 3938 1688 4011 singulos
1702 3939 2165 4011 quoqueluteres

518 4055 621 4109 per
669 4033 957 4108 singulas,
1004 4032 1063 4086 id
1122 4035 1232 4094 est,
1283 4030 1483 4084 decem
1551 4029 1742 4097 bases,
1811 4028 2029 4099 posuit.
2097 4030 2166 4084 Et

518 4127 825 4185 constituit
845 4124 1046 4178 decem
1064 4123 1232 4177 bases
1255 4118 1518 4189 quinque
1533 4117 1601 4171 ad
1617 4117 1910 4172 dexteram
1938 4122 2161 4189 partem

516 4212 1081 4287 templi,etquinque
1100 4210 1168 4265 ad
1200 4208 1499 4263 sinistram
1528 4222 1539 4259 :
1566 4222 1727 4261 mare
1748 4211 1942 4261 autem
1969 4207 2163 4276 posuit

521 4306 592 4361 ad
644 4305 941 4358 dexteram
992 4303 1213 4371 partem
1274 4295 1477 4365 templi
1528 4294 1609 4363 (h.
1661 4294 1893 4365 domus)
1959 4302 2162 4352 contra

520 4394 804 4449 orientem
868 4389 937 4443 ad
997 4386 1322 4442 meridiem.
1378 4383 1535 4438 Fecit
1587 4398 1724 4454 ergo
1805 4382 1999 4438 Hiram
2072 4384 2155 4451 (h.

2277 1809 2542 1879 quinque
2574 1810 2643 1864 ad
2695 1810 3015 1876 dexteram,
3060 1814 3117 1865 et
3164 1811 3424 1882 quinque
3471 1810 3539 1867 ad
3578 1808 3827 1869 sinistram,

2275 1897 2918 1968 contra.oraculum,ex
2948 1914 3088 1954 auro
3119 1915 3268 1970 puro
3299 1899 3319 1933 '
3352 1916 3364 1953 :
3397 1897 3556 1969 quasi
3581 1896 3670 1953 lilii
3690 1894 3827 1959 ﬂores,

2276 1992 2333 2041 et
2361 1986 2629 2042 lucernas
2660 1988 2914 2058 desuper
2940 2004 3148 2043 aureas
3179 2003 3193 2042 :
3228 1992 3288 2043 et
3325 1986 3562 2058 forcipes
3589 2000 3751 2041 aureos
3776 1983 3830 2051 (b.

2277 2092 2393 2130 non
2426 2076 2644 2146 habet),
2678 2080 2734 2131 et
2762 2076 3022 2147 hydrias.
3054 2082 3110 2131 et
3139 2076 3483 2143 fuscinulas,
3514 2080 3565 2131 et
3593 2073 3831 2145 pbialas,et

2277 2164 2635 2231 mortariola,
2680 2170 2739 2219 et
2785 2163 3114 2231 thuribula,
3154 2166 3227 2219 de
3279 2181 3419 2221 auro
3460 2162 3833 2236 purissimozet

2276 2254 2545 2309 cardines
2566 2255 2853 2309 ostiorum
2884 2253 3096 2309 domus
3136 2254 3430 2310 interioris
3459 2252 3637 2308 Sancti
3664 2254 3833 2306 sancto-

2277 2358 2433 2407 rum,
2463 2345 2520 2397 et
2549 2343 2834 2397 ostiorum
2866 2341 3075 2397 domus
3109 2342 3340 2415 templi,
3371 2358 3439 2398 ex
3469 2358 3596 2397 auro
3623 2335 3838 2395 erant.Et

2277 2431 2519 2502 perfecit
2551 2447 2724 2486 omne
2752 2447 2900 2501 opus
2936 2431 3091 2501 quod
3111 2431 3365 2487 faciebat
3385 2447 3478 2486 rex
3505 2430 3525 2463 ⁶
3554 2428 3779 2484 Salomon
3796 2424 3837 2476 in

2277 2521 2451 2576 domo
2483 2520 2736 2587 Domini,
2768 2525 2824 2575 et
2855 2519 3058 2575 intulit
3088 2537 3216 2591 quae
3252 2519 3691 2577 sanctificaverat
3713 2510 3841 2570 David

2278 2614 2444 2680 pater
2475 2625 2640 2675 suus,
2674 2614 2983 2679 argentum
3017 2614 3073 2665 et
3103 2625 3345 2675 aurum,
3379 2613 3434 2664 et
3462 2600 3843 2674 vasa,reposuit-

2280 2714 2393 2769 que
2424 2697 2484 2752 in
2517 2698 2814 2753 thesauris
2848 2699 3062 2753 domus
3098 2698 3351 2753 Domini.

2349 2788 2439 2857 (T.
2474 2787 2595 2842 XX.
2617 2803 2739 2857 cap.
2772 2786 2948 2857 VIII.)
2980 2788 3147 2842 Tunc
3196 2786 3527 2858 congregati
3574 2786 3695 2840 sunt
3717 2782 3732 2815 ⁷
3755 2796 3846 2834 om-

2279 2892 2380 2931 nes
2413 2879 2662 2947 majores
2693 2881 2831 2931 natu
2868 2876 3047 2932 Israel
3078 2893 3213 2931 cum
3246 2876 3600 2948 principibus
3626 2871 3845 2934 tribuum,

2277 2971 2336 3021 et
2365 2966 2543 3021 duces
2577 2965 2932 3020 familiarum
2955 2965 3211 3020 ﬁliorum
3242 2964 3515 3031 lsrael,ad
3544 2976 3713 3033 regem
3732 2957 3845 3012 Salo-

2282 3071 2513 3110 monem
2532 3054 2591 3109 in
2614 3054 2938 3110 Jerusalem
2965 3054 3221 3124 (h.Tunc
3247 3052 3609 3125 congregavit
3634 3046 3846 3104 Salomon

2284 3145 2538 3215 majores
2568 3148 2703 3197 natu
2738 3143 2795 3197 in
2830 3143 3028 3208 Israel,
3060 3158 3267 3199 omnes
3299 3144 3585 3215 principes
3626 3137 3845 3195 tribuum,

2286 3236 2463 3290 duces
2495 3232 2853 3288 familiarum
2887 3231 3144 3288 filiorum
3181 3231 3364 3289 Israel
3392 3232 3450 3286 in
3477 3224 3781 3288 Jerusalem,
3806 3223 3848 3275 ut

2283 3324 2592 3381 deferrent)
2627 3339 2640 3378 :
2674 3326 2737 3377 ut
2757 3322 3048 3377 deferrent
3074 3336 3274 3376 arcam
3310 3320 3538 3376 fmderis
3568 3312 3780 3377 Domini,
3804 3309 3850 3362 de

2283 3412 2515 3467 civitate
2544 3411 2747 3476 David,
2780 3409 2837 3464 id
2868 3415 2977 3479 est,
3009 3410 3081 3465 de
3111 3409 3274 3464 Sion.
3302 3407 3679 3477 Convenitque
3704 3400 3761 3457 ad
3786 3411 3845 3452 re-

2282 3516 2413 3572 gem
2446 3500 2798 3555 Salomonen
2848 3498 3159 3553 universus
3196 3497 3385 3554 Israel
3419 3498 3476 3552 iu
3523 3508 3702 3551 mense
3734 3487 3852 3543 Etha~

2282 3590 2426 3655 nim,
2478 3589 2536 3642 in
2586 3587 2831 3643 solemni
2876 3587 2991 3654 die,
3040 3586 3167 3658 ipse
3218 3592 3309 3642 est
3363 3584 3580 3641 mensis
3625 3576 3845 3651 septimus

2281 3679 2689 3747 Veneruntque
2727 3676 2923 3731 cuncti
2974 3690 3143 3731 senes
3186 3691 3261 3730 ex
3313 3674 3515 3741 Israel,
3562 3676 3615 3727 et
3656 3664 3853 3723 tulerunt

2278 3767 2609 3822 sacerdotes
2641 3781 2857 3830 arcam,
2892 3768 2949 3820 et
2999 3769 3389 3835 portaverunt
3436 3776 3617 3818 arcam
3660 3747 3851 3813 Domini.

2277 3862 2334 3912 et
2362 3854 2807 3911 tabernaculum
2831 3853 3157 3921 Ioederis,et
3184 3854 3541 3909 omniavasa
3569 3838 3851 3906 Sanctuarii,

2277 3962 2401 4016 quas
2434 3950 2601 3999 erant
2630 3944 2685 3997 in
2715 3941 3094 3998 tabernaculo
3123 3958 3135 3997 :
3169 3947 3231 3997 et
3264 3942 3529 3998 ferebant
3556 3955 3619 3994 ea
3645 3928 3849 4016 sacerdo-

2272 4014 2361 4089 tes
2391 4038 2447 4088 et
2479 4032 2706 4088 Levitae.
2742 4030 2860 4086 Rex
2889 4036 3085 4085 autem
3124 4030 3426 4100 Salomon,
3463 4034 3521 4085 et
3548 4025 3721 4083 omnis
3746 4014 3854 4074 mul-

2272 4123 2460 4179 titudo
2494 4120 2689 4190 Israel,
2723 4137 2845 4191 quae
2884 4126 3239 4175 convenerat
3270 4120 3345 4175 ad
3377 4110 3855 4188 eum,gradiebatur

2272 4228 2407 4267 cum
2438 4210 2537 4266 illo
2569 4219 2703 4265 ante
2733 4224 2950 4265 arcam:
2985 4213 3044 4264 et
3072 4208 3474 4265 immolabant
3503 4221 3631 4261 oves
3657 4208 3707 4258 et
3727 4200 3853 4254 boves

2273 4302 2496 4373 absque
2528 4298 2917 4355 aestimatione
2947 4302 3004 4353 et
3034 4314 3308 4366 numero,
3361 4302 3420 4354 et
3461 4292 3758 4351 intulerunt
3789 4299 3855 4373 st-

2271 4393 2535 4446 cerdotes
2564 4404 2756 4443 arcam
2791 4386 3025 4442 fcederis
3055 4387 3293 4467 Domini
3327 4387 3388 4442 in
3426 4387 3615 4443 locum
3645 4372 3861 4441 suum,in

520 4482 743 4550 Hirom)
777 4479 1015 4543 lebetes,
1048 4481 1105 4531 et
1135 4478 1385 4537 scutrae,
1418 4476 1475 4526 et
1510 4470 1802 4538 hamulas,
1835 4475 1891 4525 et
1922 4472 2158 4542 perfecit
2192 4496 2239 4557 ι)
2270 4478 2572 4535 oraculum
2604 4476 2807 4547 templi
2848 4476 2931 4547 (h.
2965 4476 3227 4544 domus),
3261 4478 3322 4531 in
3374 4477 3650 4540 Sanctum
3679 4469 3861 4525 sancto-

520 4586 691 4627 omne
722 4585 869 4639 opus
902 4567 1056 4637 regis
1083 4563 1407 4619 Salomonis
1436 4562 1495 4619 in
1527 4559 1743 4631 templo
1772 4560 1855 4626 (h.
1880 4561 1940 4614 in
1973 4562 2169 4636 domo)

522 4658 778 4716 Domini.
812 4655 1128 4712 Columnas
1159 4652 1406 4719 duas,et
1437 4648 1729 4704 funiculos
1761 4649 2166 4720 capitellorum

521 4746 1061 4820 (ms.capitulorum)
1087 4757 1265 4813 super
1284 4738 1552 4811 capitella
1570 4737 1977 4793 columnarum
1996 4740 2164 4798 duos:

527 4843 585 4895 et
614 4834 896 4891 retiacula
927 4834 1062 4897 duo,
1104 4836 1170 4886 ut
1215 4828 1508 4901 operirent
1537 4828 1684 4881 duos
1718 4825 2030 4897 funiculos,
2064 4830 2167 4901 qui

528 4931 697 4985 erant
726 4939 905 4995 super
933 4920 1125 4993 capita
1142 4918 1550 4974 columnarum
1574 4915 1656 4987 (h.
1690 4916 1839 4971 duos
1872 4915 2166 4976 funiculos

595 5087 610 5121 ¹
646 5089 709 5142 In
740 5101 853 5140 ms.
884 5084 1196 5140 Veronens.
1227 5093 1425 5136 areas.
1468 5077 1625 5133 Idem
1660 5076 1832 5146 paulo
1868 5081 1998 5146 post
2028 5078 2164 5135 lati-

524 5158 739 5216 tudinis
771 5173 873 5228 pro
903 5150 1242 5228 altitudinis,
1264 5150 1503 5205 Hebraeo
1532 5152 1689 5203 textu
1724 5147 2073 5228 refragante.

591 5233 611 5265 ²
649 5222 865 5285 Iterum
915 5226 1066 5280 idem
1120 5240 1230 5277 ms.
1279 5236 1451 5277 aereas
1497 5236 1598 5292 pro
1643 5234 1824 5276 aeneas
1859 5235 1871 5273 :
1904 5224 1959 5275 et
2008 5222 2162 5293 quod

524 5302 713 5377 pluris
743 5304 851 5377 est,
884 5296 1228 5377 capites-pro
1260 5295 1427 5349 batos.

596 5376 617 5410 ³
647 5360 922 5430 Mendose
955 5360 1143 5425 habet'
1162 5370 1368 5421 Veron.
1404 5380 1511 5419 ms.
1545 5360 1939 5433 quadraginta.

600 5449 619 5481 ‘
652 5446 930 5501 Hebraeus
956 5457 1068 5495 non
1103 5438 1278 5492 habet
1318 5436 1561 5508 verbum
1594 5432 1737 5487 illud
1770 5436 1993 5508 aurea?
2024 5451 2162 5508 pro-

525 5522 726 5590 pterea
750 5528 1045 5590 erasmum
1077 5515 1166 5564 est
1185 5509 1266 5590 Aab
1299 5506 1669 5590 emendatore
1694 5506 1968 5571 Canonis,
1986 5506 2082 5577 qui
2102 5508 2160 5563 in

522 5579 727 5647 eodem
757 5584 1043 5645 versiculo
1075 5585 1267 5640 mutat
1294 5579 1494 5651 etiam,
1544 5592 1617 5634 ex
1665 5592 1803 5636 auro
1826 5594 1992 5651 puro,
2026 5596 2161 5638 cum

2278 4567 2641 4633 rum,subter
2670 4565 2792 4620 alas
2825 4564 3466 4635 cherubim.8iquidem
3496 4556 3770 4619 cherubim
3795 4566 3861 4606 ex-

2278 4657 2619 4727 pandebant
2643 4653 2767 4709 alas
2796 4670 2970 4725 super
2999 4652 3194 4708 locum
3249 4670 3421 4719 arcae,
3446 4657 3503 4707 et
3544 4641 3862 4722 protegebant

2278 4761 2470 4801 arcam
2505 4749 2561 4799 et
2588 4747 2786 4797 vectes
2817 4743 2945 4813 ejus
2984 4743 3261 4813 desuper.
3307 4743 3572 4812 Cumque
3600 4730 3865 4794 eminerent

2272 4838 2484 4897 vectes,
2517 4836 2574 4886 et
2601 4833 2950 4903 apparerent
2973 4830 3356 4886 summitates
3386 4844 3589 4885 eorum
3618 4823 3741 4880 foris
3762 4819 3865 4872 Sano

2276 4921 2569 4979 ctuarium
2620 4925 2755 4975 ante
2808 4918 3135 4987 oraculum,
3188 4936 3311 4976 non
3367 4916 3713 4991 apparebant
3751 4905 3866 4963 ultra

2275 5098 2344 5137 ear
2373 5097 2510 5137 auro
2540 5081 2740 5149 primo.
2773 5079 2880 5152 Sed
2917 5095 3129 5152 purum
3161 5085 3222 5135 et
3255 5078 3520 5152 primum
3571 5062 3867 5152 iiiumtztalliS

2274 5146 2551 5210 eumdem
2580 5167 2817 5207 sensum
2852 5146 3072 5206 habent
3099 5146 3587 5224 apud'Hebraeoa.
3613 5146 3775 5224 Mler.
3797 5208 3821 5224 ι,

2345 5226 2365 5260 ⁸
2398 5225 2557 5280 Idem
2592 5223 2920 5295 nis._primo
2949 5239 3052 5294 pro
3080 5218 3241 5294 ptiro,
3291 5223 3450 5295 quod
3501 5226 3559 5276 et
3610 5219 3663 5274 in
3692 5218 3869 5269 Martia.

2273 5297 2381 5353 nisi
2414 5300 2646 5367 Canone
2676 5292 2749 5367 ab
2776 5292 2890 5367 alia
2919 5292 3249 5367 repositum
3283 5292 3379 5350 est
3407 5308 3605 5350 manu.

2344 5374 2364 5407 ⁶
2393 5368 2540 5423 Cum
2573 5365 2868 5438 Vulgatis,
2902 5369 2959 5421 et
2986 5364 3203 5423 ‘Graeco
3258 5370 3418 5423 tacet
3463 5370 3761 5422 Veronens.
3790 5364 3870 5407 ma.

2271 5456 2397 5497 rex.

2348 5513 2367 5546 ⁷
2398 5510 2573 5565 Hebr.
2612 5508 2975 5578 Conaregavit
3022 5507 3302 5573 Salomon,
3360 5525 3413 5580 a7
3442 5524 3558 5580 quo
3607 5503 3871 5580 Verona)?-

2274 5598 2387 5649 ωε.
2414 5581 2525 5640 hoc
2557 5597 2675 5640 uno
2705 5566 3115 5653 abluditauod
3143 5566 3366 5641 nomen
3396 5566 3715 5639 Salomonis
3740 5566 3870 5628 tacet-
