3938 6174
160 286 237 341 741
404 272 405 275 ‘
1432 277 1645 332 LIBER
1682 279 1706 330 1
1744 276 2155 332 MALACHIM.
3390 278 3498 333 71.2

162 410 481 476 extrinsecus,
502 403 601 475 qui
631 406 690 458 et
722 402 957 459 fuerunt
989 401 1070 457 ibi
1094 417 1282 474 usque
1305 400 1365 457 in
1389 405 1735 474 prasentem
1767 406 1822 473 Α
1850 400 2155 458 ambulent
2186 418 2378 457 coram
2401 398 2675 469 ms,sicut
2695 400 2716 434 ⁸
2748 399 3063 457 ambulasti
3090 401 3145 456 in
3180 410 3498 475 conspectu

158 504 299 557 diem.
338 500 395 552 In
440 510 570 550 arca
612 497 813 548 autem
862 508 977 548 non
1023 495 1113 547 est
1144 492 1161 525 ¹
1212 490 1396 560 aliud,
1447 491 1560 547 nisi
1614 492 1740 546 duae
1851 495 2274 562 meo.Etnunc,
2308 491 2553 546 Domine
2576 489 2729 545 Deus
2766 489 2964 556 Israel,
2998 490 3305 549 ﬁrmentur
3327 495 3503 550 verba

161 588 327 646 tabula
353 584 750 657 lapideae,quas
768 581 1126 654 posueratin
1148 598 1215 637 ea
1234 581 1425 637 Moses
1448 581 1507 637 in
1527 581 1741 651 Horeb,
1854 585 2111 652 tua,quaa
2144 580 2375 636 locutus
2407 596 2469 635 es
2502 595 2667 635 scrvo
2699 584 2801 635 tuo
2828 580 3003 635 David
3038 582 3184 652 patri
3224 600 3372 640 meo.
3400 586 3504 638 Er-

157 677 344 753 quando
372 672 581 746 pepigit
631 672 821 726 foedus
879 670 1165 727 Dominus
1205 687 1338 726 cum
1372 669 1510 726 ﬁliis
1541 667 1747 737 Israel,
1853 686 2003 743 gone
2048 670 2374 742 putandum
2419 674 2508 725 est
2540 670 2694 740 quod
2724 686 2855 725 vere
2895 669 3048 725 Deus
3081 671 3307 727 habitet
3327 690 3505 745 super

161 785 261 824 cum
288 764 683 837 egrederentur
730 762 800 816 de
829 763 986 815 terra
1026 759 1276 832 Egypti.
1315 760 1402 820 (Τ.
1434 758 1609 830 ΧΧΙ.)
1641 758 1746 813 Fa-
1854 763 2071 815 terram
2093 759 2120 814 Ἰ
2165 759 2254 831 (Τ.
2288 759 2495 830 XXII.)
2546 757 2606 814 Si
2636 758 2791 814 enim
2839 759 2917 829 (h.
2954 760 3094 816 Ecce
3124 761 3357 833 coelum)
3391 779 3506 818 cce-

158 862 281 911 ctum
308 856 387 909 est
423 855 639 921 autem,
672 866 808 905 cum
844 849 1102 904 exissent
1142 849 1472 905 sacerdotes
1502 849 1573 904 de
1601 848 1748 904 San-
1856 847 2004 918 lum,
2036 845 2161 903 οωιὶ
2211 846 2490 903 ccelorum
2514 850 2569 903 te
2599 864 2803 919 capere
2836 864 2949 903 non
2982 854 3251 919 possunt,
3285 854 3504 922 quanto

160 943 356 1009 ctuario,
379 940 583 996 nebula
602 938 684 1011 (h.
706 938 915 1010 nubes)
949 937 1470 1010 implevitdomum
1494 936 1749 1004 Domini,
1861 936 2050 1008 magis
2069 936 2281 992 domus
2304 936 2444 1004 haec,
2489 952 2664 1007 quam
2700 936 2975 992 aediﬁcavi
3004 938 3031 991 *ἲ
3059 938 3165 993 Sed
3190 940 3411 1011 respice
3433 940 3505 995 ad

158 1041 321 1090 etnon
344 1033 604 1103 poterant
644 1027 976 1084 sacerdotes
1004 1031 1158 1084 stare
1181 1031 1239 1083 et
1259 1028 1595 1084 ministrare
1620 1043 1752 1099 pro-
1861 1025 2182 1081 orationem
2236 1025 2388 1081 servi
2437 1024 2545 1090 tui,
2601 1030 2658 1080 et
2715 1026 2788 1081 ad
2844 1042 3041 1095 preces
3083 1028 3230 1097 ejus,
3263 1028 3510 1084 Domine

158 1129 260 1194 pter
285 1117 540 1175 nebulam
572 1118 655 1187 (h.
691 1117 955 1188 nubem),
1008 1116 1350 1189 impleverat
1378 1118 1536 1173 enim
1567 1115 1755 1188 gloria
1861 1114 2016 1171 Deus
2048 1130 2255 1170 meus:
2312 1113 2448 1169 audi
2507 1114 2791 1186 hymnum
2841 1122 2893 1170 et
2938 1115 3283 1187 orationem,
3330 1134 3509 1189 quam

156 1209 345 1266 Domini
366 1208 599 1262 domum
626 1205 880 1261 Domini.
912 1210 1071 1262 Tunc
1094 1206 1175 1261 ait
1205 1205 1520 1263 Salomon:
1556 1205 1755 1261 Domi-
1865 1221 2068 1261 servus
2112 1209 2249 1260 tuus
2276 1208 2405 1259 orat
2428 1220 2626 1259 coram
2661 1208 2716 1259 te
2756 1204 2967 1260 hodie:
2993 1210 3057 1260 ut
3098 1204 3217 1261 sint
3243 1206 3393 1263 oculi
3430 1207 3515 1262 tui

153 1317 238 1354 nus
272 1298 422 1367 dixit,
453 1301 519 1351 ut
555 1295 850 1352 habitaret
872 1295 930 1350 in
962 1295 1195 1351 nebula.
1230 1296 1545 1352 fEdiﬁcans
1577 1294 1756 1351 aediﬁ-
1866 1293 2048 1363 aperti
2076 1309 2255 1364 super
2278 1293 2519 1347 domum
2562 1292 2711 1347 hanc
2751 1298 2918 1348 nocte
2944 1299 3002 1349 et
3027 1295 3120 1349 die
3150 1314 3163 1349 :
3200 1312 3377 1367 super
3408 1298 3517 1350 do-

156 1388 252 1443 cavi
282 1387 503 1442 domum
558 1385 615 1439 in
666 1384 1070 1441 habitaculum
1114 1390 1306 1452 tuum,
1343 1385 1756 1441 ﬁrmissimum
1870 1397 2057 1450 mum,
2090 1382 2321 1453 de_qua
2367 1380 2605 1437 dixisti:
2659 1381 2778 1436 Erit
2820 1398 3033 1438 nomen
3067 1400 3261 1439 meum
3297 1385 3419 1440 ibi:
3453 1389 3520 1439 ut

153 1477 326 1532 solium
374 1480 541 1530 tuum
573 1474 629 1529 in
692 1473 1142 1545 sempiternum.
1203 1474 1616 1545 Convertitque
1662 1490 1763 1529 rex
1840 1469 2148 1543 _exaudias
2170 1470 2494 1525 orationem
2520 1470 2600 1541 (h.
2626 1471 2814 1542 Super
2838 1470 3023 1526 locum
3057 1474 3127 1527 de
3150 1490 3261 1543 quo
3294 1473 3517 1539 dixisti,

157 1566 323 1621 faciem
353 1580 537 1633 suam,
590 1568 647 1618 et
674 1562 974 1618 benedixit
1017 1563 1176 1619 omni
1232 1563 1500 1620 Ecclesiae
1530 1561 1756 1619 Israel:
1872 1558 1983 1615 erit
2040 1575 2251 1615 nomen
2300 1576 2491 1615 meum
2542 1559 2619 1615 ibi
2654 1560 2722 1613 ad
2771 1561 3123 1617 audiendam
3149 1563 3519 1635 orationem),

155 1655 312 1710 omnis
335 1653 478 1709 enim
506 1652 764 1709 Ecclesia
798 1651 970 1708 Israel
993 1652 1283 1708 stabat.Et
1304 1654 1386 1708 ait
1419 1652 1760 1709 Salomon':
1875 1664 2053 1719 quam
2085 1651 2211 1703 orat
2268 1648 2338 1703 ad
2398 1649 2495 1703 te6
2553 1663 2757 1704 servus
2814 1654 2952 1705 tuus
3009 1651 3068 1706 in
3122 1652 3245 1708 loco
3280 1654 3413 1708 isto.
3446 1652 3523 1707 Ut

160 1743 485 1851 Benedictus,
506 1742 794 1851 D'omiqus
848 1746 995 1797 Deus
1027 1740 1234 1809 Israel,
1279 1741 1767 1851 quilocutusmest
1798 1786 1847 1851 B
1876 1737 2154 1851 exa'udias
2175 1736 2655 1851 ldeprecationem
2689 1738 2851 1851 servi
2882 1740 2969 1851 tui
2998 1746 3053 1794 et
3082 1741 3402 1851 .populiltui
3434 1746 3524 1799 Is-

158 1850 235 1888 ore
276 1850 370 1888 suo
420 1833 490 1887 ad
551 1832 723 1887 David
778 1835 1001 1902 patrem
1054 1847 1274 1903 meum,
1309 1836 1366 1888 et
1396 1831 1454 1887 in
1489 1831 1768 1889 manibus
1798 1825 1847 1851 ”
1878 1825 2019 1897 rael,
2051 1827 2441 1899 quodcunque
2481 1828 2770 1883 oraverint
2815 1828 2871 1882 in
2914 1832 3039 1885 loco
3083 1831 3228 1887 isto:
3262 1836 3319 1887 et
3349 1848 3529 1887 exau-

163 1922 305 1991 ejus3
348 1921 607 1993 perfecit,
642 1920 879 1975 dicens:
929 1922 977 1974 A
1009 1920 1103 1976 die
1133 1936 1249 1992 qua
1281 1920 1451 1977 eduxi
1484 1921 1769 1993 populum
1880 1916 2004 1972 dies
2042 1915 2099 1970 in
2135 1916 2259 1971 loco
2301 1915 2619 1971 habitaculi
2656 1918 2735 1972 tui
2771 1918 2828 1973 in
2879 1917 3059 1974 cmlo:
3094 1924 3151 1975 et
3181 1936 3315 1976 cum
3349 1938 3528 1976 exau-

168 2027 326 2065 meum
372 2008 551 2065 Israel
600 2009 672 2065 de
719 2009 983 2082 Egypto,
1036 2026 1150 2065 non
1200 2009 1345 2082 elegi
1380 2010 1671 2066 civitatem
1703 2010 1773 2066 de
1883 2005 2082 2075 dieris,
2116 2004 2407 2077 propitius
2440 2005 2566 2060 erit.
2600 2006 2655 2059 Si
2688 2007 3012 2077 peccaverit
3040 2007 3216 2064 homo
3246 2009 3305 2063 in
3340 2010 3531 2081 proxi-

168 2100 411 2155 universis
458 2099 736 2155 tribubus
782 2098 981 2168 Israel,
1015 2103 1081 2154 ut
1122 2098 1507 2155 aediﬁcaretur
1539 2101 1774 2167 domus,
1886 2110 2048 2150 mum
2074 2110 2273 2163 suum,
2307 2098 2362 2149 et
2394 2094 2921 2168 habueritaliquod
2948 2098 3379 2168 juramentum,
3414 2116 3531 2170 quo

165 2192 358 2244 etesset
396 2204 613 2244 nomen
637 2204 833 2243 meum
869 2186 950 2241 ibi
977 2212 991 2255 ;
1014 2188 1115 2242 sed
1152 2187 1299 2260 elegi
1322 2188 1497 2243 David
1526 2194 1593 2244 ut
1622 2194 1779 2245 esset
1886 2187 2155 2239 teneatur
2176 2182 2488 2249 astrictus;
2523 2186 2581 2239 et
2603 2185 2824 2240 venerit
2855 2188 3535 2259 propterjuramentum,

165 2292 309 2347 super
328 2278 608 2348 populum
634 2291 831 2331 meum
858 2274 1392 2348 Israel.Voluitque
1410 2276 1592 2333 David
1616 2282 1782 2349 pater
1888 2290 2083 2329 coram
2131 2272 2300 2329 altari
2340 2277 2442 2329 tuo
2502 2274 2559 2329 in
2606 2275 2847 2330 domum
2897 2280 3059 2333 tuam
3111 2277 3193 2346 (h.
3227 2277 3437 2349 hanc);
3472 2282 3537 2334 tu

166 2381 300 2420 meus
320 2368 612 2422 aediﬁcare
642 2366 883 2420 domum
919 2363 1141 2420 nomini
1165 2364 1399 2421 Domini
1429 2366 1530 2421 Dei
1564 2366 1781 2423 Israel:
1891 2362 2167 2418 exaudies
2214 2362 2273 2417 in
2325 2362 2503 2418 coelo:
2540 2370 2594 2418 et
2646 2364 2846 2434 facies,
2901 2370 2958 2420 et
3008 2367 3312 2437 judicabis
3345 2384 3542 2423 servos

164 2459 207 2507 et
229 2454 290 2508 ait
322 2456 613 2511 Dominus
658 2455 728 2508 ad
770 2453 944 2508 David
978 2457 1200 2525 patrem
1230 2470 1426 2510 meum
1451 2471 1465 2510 :
1490 2454 1654 2519 Quod
1685 2472 1787 2512 co-
1892 2456 2047 2519 tuos,
2080 2451 2479 2508 condemnans
2512 2452 2783 2524 impium,
2816 2458 2873 2509 et
2899 2456 3145 2511 reddens
3184 2458 3334 2513 viam
3371 2474 3542 2513 suam

163 2543 330 2613 gitasti
358 2544 411 2598 in
441 2544 623 2599 corde
648 2546 755 2598 tuo
776 2541 1062 2598 mdiﬁcare
1111 2542 1353 2598 domum
1386 2543 1607 2599 nomini
1634 2561 1785 2615 meo,
1895 2557 2073 2612 super
2100 2545 2277 2612 caput
2306 2541 2468 2611 ejus:
2510 2540 2966 2614 justiﬁcansque
2997 2546 3252 2614 justum,
3288 2552 3344 2602 et
3375 2545 3547 2602 retri-

164 2630 283 2687 bene
304 2632 514 2698 fecisti,
558 2631 667 2686 hoc
698 2630 905 2703 ipsum
942 2634 1134 2687 mente
1165 2635 1441 2688 tractans.
1474 2633 1789 2690 Verumta-
1896 2632 2085 2687 buens
2116 2630 2167 2685 ei
2199 2630 2523 2685 secundum
2553 2630 2844 2701 justitiam
2887 2649 3075 2688 suam.
3109 2634 3164 2688 Si
3199 2635 3412 2707 fugerit
3441 2652 3543 2707 po-

167 2735 270 2775 men
303 2726 358 2777 tu
407 2738 533 2777 non
584 2719 901 2775 asdiﬁcahis
954 2719 1100 2775 mihi
1123 2723 1144 2757 ⁵
1175 2720 1439 2793 domum,
1472 2723 1573 2778 sed
1610 2722 1788 2794 ﬁlius,
1899 2719 2075 2793 pulus
2097 2721 2235 2774 tuus
2258 2718 2432 2774 Israel
2461 2719 2734 2775 inimicos
2756 2736 2895 2775 suos
2918 2720 3317 2794 (h.inimicum
3345 2724 3546 2795 suum)

164 2813 295 2877 tuus,
318 2812 409 2881 qui
432 2809 776 2883 egredietur
801 2808 872 2864 de
894 2808 1135 2865 renibus
1157 2809 1298 2880 tuis,
1323 2812 1451 2882 ipse
1478 2811 1793 2868 aediﬁcabit
1899 2810 2062 2881 (quia
2084 2811 2434 2880 peccaturus
2461 2812 2549 2864 est
2573 2808 2674 2864 tibi
2694 2810 2735 2870 ⁷)
2767 2813 2824 2865 et
2855 2814 3092 2882 agentes
3118 2813 3548 2883 panitentiam,

165 2898 370 2956 domum
393 2900 630 2957 nomini
676 2915 826 2955 meo.
860 2899 1236 2954 Conﬁrmavit
1264 2900 1547 2957 Dominus
1570 2918 1794 2958 sermo-
1900 2903 1957 2955 et
1988 2898 2330 2953 conﬁtentes
2363 2898 2587 2953 nomini
2614 2902 2736 2967 tuo,
2774 2902 3046 2967 venerint,
3079 2906 3135 2956 et
3166 2902 3244 2974 (h.
3282 2919 3397 2958 non
3453 2902 3549 2959 ha-

166 3004 275 3043 nern
305 3006 494 3058 suum,
542 3004 713 3060 quem
749 2988 976 3043 loculus
1025 2994 1149 3044 est:
1202 2988 1454 3061 stetique
1486 3007 1590 3060 pro
1608 2990 1791 3047 David
1902 2988 2019 3054 bet)
2041 2986 2353 3057 oraverint,
2385 2990 2444 3043 et
2482 2989 2771 3059 deprecati
2805 2994 2862 3044 te
2881 2989 3173 3046 fuerintin
3207 2992 3381 3047 domo
3405 2992 3549 3049 hac:

166 3082 306 3148 patre
334 3095 479 3147 meo,
518 3082 581 3134 et
621 3078 742 3133 sedi
768 3093 944 3149 super
974 3076 1254 3133 thronum
1295 3078 1496 3149 Israel,
1526 3080 1680 3136 sicut
1710 3079 1794 3137 lo-
1842 3151 1853 3153 _
1905 3076 2113 3132 exaudi
2174 3076 2230 3131 in
2286 3076 2449 3147 caelo,
2510 3080 2569 3132 et
2618 3077 2850 3134 dimitte
2897 3083 3197 3150 peccatum
3232 3081 3434 3153 populi
3465 3082 3553 3137 tui

168 3172 313 3224 cutus
358 3174 445 3224 est
496 3167 786 3223 Dominus
829 3184 842 3222 :
894 3170 951 3221 et
981 3166 1260 3222 aediﬁcavi
1298 3167 1539 3224 domum
1573 3168 1795 3225 nomini
1827 3151 1870 3219 Ο
1910 3162 2173 3233 Israel,et
2205 3165 2449 3220 reduces
2480 3182 2578 3221 eos
2610 3166 2667 3221 in
2722 3172 2953 3238 terram,
2984 3184 3162 3240 quam
3205 3169 3417 3226 dedisti
3451 3188 3556 3244 pa-

170 3257 371 3311 Domini
400 3257 503 3313 Dei
559 3253 753 3312 Israel.
791 3255 861 3311 Et
890 3255 1168 3311 constitui
1216 3254 1296 3311 ibi
1324 3254 1519 3312 locum
1544 3274 1710 3327 arcae,
1742 3257 1803 3313 in
1912 3253 2102 3309 tribus
2148 3270 2373 3309 eorum.
2423 3254 2479 3308 Si
2532 3254 2798 3311 clausum
2851 3256 3025 3312 fuerit
3073 3257 3307 3330 ccelum,
3355 3265 3411 3315 et
3441 3278 3556 3317 non

172 3360 274 3414 qua
295 3347 479 3402 fcedus
507 3348 607 3400 est
625 3343 1049 3415 Domini,quod
1074 3344 1365 3416 percussit
1386 3362 1518 3402 cum
1542 3346 1806 3418 patribus
1915 3342 2127 3414 pluerit
2175 3347 2413 3415 propter
2458 3348 2692 3414 peccata
2735 3360 2956 3416 eorum,
2990 3350 3047 3402 et
3077 3353 3307 3404 orantes
3339 3348 3397 3405 in
3434 3348 3559 3407 loco

170 3435 383 3503 nostris,
416 3433 663 3507 quando
687 3432 907 3505 egressi
930 3436 1069 3489 sunt
1092 3432 1173 3505 (h.
1197 3435 1432 3505 quando
1455 3434 1655 3491 eduxit
1685 3435 1809 3508 eos)
1917 3431 2052 3500 ista,
2088 3431 2488 3504 paenitentiam
2522 3434 2748 3506 egerint
2793 3436 3016 3492 nomini
3042 3442 3144 3493 tuo
3174 3438 3347 3508 (h.’et
3379 3441 3565 3496 conﬁ—

170 3522 229 3576 de
252 3531 391 3579 Ierra
420 3521 681 3597 [Egypti
715 3521 889 3577 Stetit
931 3525 1128 3577 autem
1171 3522 1449 3580 Salomon
1473 3530 1607 3581 ante
1628 3524 1812 3581 altare
1919 3524 2108 3577 tentes
2132 3521 2353 3577 nomini
2389 3522 2514 3594 tuo)
2545 3528 2603 3579 et
2639 3541 2673 3580 a
2702 3526 2957 3596 peccatis
2989 3526 3113 3582 suis
3145 3530 3407 3585 conversi
3438 3530 3564 3586 l‘ue-

172 3611 379 3668 Domini
434 3615 495 3669 in
550 3615 871 3684 conspectu
932 3610 1012 3682 (h.
1074 3628 1270 3668 coram
1330 3613 1490 3669 omni
1530 3613 1812 3683 Ecclesia)

174 3701 419 3758 Ecclesiae
448 3702 658 3771 Israel,
696 3706 753 3756 et
773 3701 1049 3773 expandit
1080 3717 1290 3757 manus
1329 3719 1470 3759 suas
1494 3703 1551 3759 in
1577 3704 1812 3773 cmlum,

176 3796 223 3844 et
248 3792 359 3846 ait:
422 3792 680 3848 Domine
728 3790 884 3845 Deus
931 3790 1132 3862 Israel,
1184 3808 1301 3847 non
1346 3797 1436 3848 est
1467 3793 1680 3849 similis
1705 3792 1815 3863 tui,

175 3878 390 3937 Deusin
442 3880 592 3937 caelo
641 3881 911 3951 desuper,
944 3884 1000 3936 et
1029 3896 1207 3952 super
1252 3884 1471 3937 terram
1503 3883 1812 3938 deorsum:

177 3970 262 4039 qui
288 3969 553 4025 custodis
585 3972 822 4041 pactum
867 3972 923 4023 et
968 3968 1429 4025 misericordiam
1470 3970 1653 4026 servis
1676 3972 1816 4041 tuis,

176 4057 261 4129 qui
292 4060 630 4116 ambulant.
658 4058 834 4129 (Vulg.
866 4056 1272 4127 ambulabant)
1291 4074 1484 4131 coram
1519 4064 1574 4116 te
1610 4060 1667 4115 in
1699 4063 1820 4117 toto

178 4150 333 4205 corde
380 4166 515 4205 suo.
575 4146 686 4215 Qui
738 4142 1046 4202 custodisti
1098 4163 1261 4203 servo
1309 4152 1409 4203 tuo
1456 4150 1638 4205 David
1670 4148 1822 4222 patri

180 4252 291 4294 meo
313 4254 441 4311 quae
484 4239 727 4294 locutus
751 4253 814 4292 es
848 4235 900 4291 ei
929 4254 941 4291 :
975 4252 1073 4291 ore
1102 4235 1334 4293 locutus
1356 4254 1439 4306 es,
1474 4242 1530 4293 et
1547 4239 1824 4296 manibus

181 4328 459 4395 perfecisti
494 4327 579 4400 (h.
639 4341 737 4381 ore
762 4329 863 4381 tuo
905 4324 1137 4381 locutus
1182 4342 1265 4394 es,
1311 4330 1366 4381 et
1390 4343 1567 4383 manu
1603 4328 1823 4399 fecisti;

181 4416 318 4473 sicut
348 4418 477 4474 dies
508 4416 682 4487 haec),
718 4420 781 4471 ut
811 4415 931 4471 hac
984 4415 1111 4471 dies
1159 4416 1387 4488 probat.
1426 4420 1595 4473 Nunc
1624 4417 1825 4490 igitur,

183 4503 411 4563 Domine
456 4513 624 4563 Deus
676 4504 876 4571 Israel,
925 4520 1205 4561 conserva
1255 4504 1476 4561 famulo
1516 4512 1617 4562 tuo
1646 4506 1825 4562 David

184 4596 325 4663 patri
352 4612 486 4652 meo
511 4610 647 4667 quas
670 4593 900 4649 locutus
920 4609 982 4648 es
1006 4592 1079 4664 ei,
1112 4593 1312 4650 dicens
1339 4610 1350 4649 :
1376 4594 1502 4652 Non
1533 4596 1830 4651 auferetur

184 4682 246 4737 de
263 4689 315 4738 te
342 4686 434 4739 vir
455 4699 656 4740 coram
676 4682 1109 4754 me,quisedeat
1131 4698 1309 4755 super
1322 4682 1601 4739 thronum
1616 4683 1827 4740 Israel:

184 4770 258 4827 ita
284 4776 485 4830 tamen
541 4771 594 4828 si
646 4770 1032 4827 custodierint
1077 4769 1184 4825 ﬁlii
1234 4772 1322 4827 tui
1363 4771 1516 4828 viam
1548 4789 1741 4843 suam,
1767 4776 1837 4830 ut

251 4976 264 5008 ¹
301 4976 386 5030 Ita
412 4976 617 5031 Canon
642 4970 814 5027 Hebr.
835 4969 1001 5026 verit.
1029 4986 1162 5026 cum
1186 4968 1517 5028 Colbertino
1536 4972 1836 5029 Aniciensi

186 5046 395 5113 codice,
430 5051 491 5102 et
523 5042 857 5116 Corbeiensi
899 5046 1107 5116 nostro
1166 5059 1331 5116 num.
1394 5044 1478 5097 13.
1532 5044 1749 5116 Regius
1780 5049 1838 5101 et

188 5117 296 5172 San
326 5115 754 5174 Germanensis
797 5115 849 5182 3,
897 5113 1104 5186 legunt
1152 5118 1216 5170 ut
1240 5113 1301 5169 in
1333 5119 1533 5171 nostra
1564 5113 1835 5188 vulgata,

186 5208 293 5244 non
320 5198 467 5266 erat.
506 5188 691 5243 MART.
1172 5256 1184 5266 _
1432 5256 1442 5266 .

258 5294 323 5300 —
405 5265 735 5316 Veronens.
790 5272 927 5326 ms.,
988 5256 1216 5325 Choreb,
1276 5256 1522 5328 propius
1577 5258 1843 5329 Hebraeo,

192 5344 436 5461 ῃὲηθξοη
471 5402 651 5458 habet
702 5398 1021 5471 Veronens.
1084 5415 1194 5455 ms.
1228 5399 1505 5471 Salomon,
1555 5401 1712 5471 quod
1739 5417 1844 5457 no-

1922 3611 2040 3667 rint
2062 3615 2298 3683 propter
2318 3611 2692 3669 afﬁictionem
2717 3631 2883 3669 suam
2912 3633 2925 3671 :
2953 3616 3160 3672 exaudi
3188 3635 3285 3674 eos
3313 3619 3370 3674 in
3397 3620 3567 3689 cmlo,

1923 3703 1979 3754 et
2007 3699 2239 3755 dimitte
2270 3704 2509 3771 peccata
2542 3717 2841 3757 servorum
2879 3708 3136 3776 tuorum,
3166 3710 3221 3762 et
3251 3707 3450 3779 p0puli
3479 3706 3568 3762 tui

1924 3787 2101 3845 Israel
2127 3805 2139 3843 :
2172 3792 2230 3844 et
2259 3790 2501 3845 ostende
2531 3791 2616 3846 eis
2638 3791 2657 3825 ⁸
2690 3792 2839 3847 viam
2874 3792 3087 3849 bonam
3120 3811 3222 3866 per
3250 3813 3426 3868 quam
3450 3812 3569 3851 am-

1927 3875 2150 3947 bulent,
2185 3880 2241 3931 et
2269 3877 2341 3931 da
2389 3877 2645 3948 pluviam
2694 3896 2870 3951 super
2914 3884 3127 3937 terram
3170 3886 3355 3949 tuam,
3390 3900 3569 3954 quam

1927 3964 2143 4019 dedisti
2202 3964 2417 4036 populo
2476 3970 2576 4022 tuo
2634 3966 2690 4022 in
2750 3970 3199 4040 possessionem.
3257 3973 3462 4028 Fames
3520 3971 3571 4027 si

1929 4054 2134 4109 oborta
2160 4053 2334 4109 fuerit
2356 4055 2413 4109 in
2436 4060 2609 4125 terra,
2634 4061 2735 4112 aut
2756 4057 3107 4130 pestilentia,
3132 4064 3231 4114 aut
3254 4066 3570 4133 corruptus

1932 4159 2048 4209 aer,
2082 4146 2184 4197 aut
2214 4159 2428 4215 aerugo,
2487 4144 2727 4215 locusta,
2782 4146 3073 4218 rubigo,et
3121 4148 3389 4205 afﬂixerit
3438 4167 3574 4205 eum

1932 4230 2208 4287 inimicus
2231 4232 2360 4302 ejus
2387 4237 2584 4305 portas
2605 4234 3103 4304 ohsidens,omnis
3136 4239 3321 4309 (Vulg.
3354 4240 3578 4310 omnia)

1936 4318 2128 4393 plaga,
2182 4322 2452 4377 universa
2504 4323 2837 4396 inﬁrmitas,
2899 4333 3110 4382 cuncta
3169 4327 3486 4398 devoratio,
3528 4331 3585 4384 et

1936 4410 2301 4481 imprecatio,
2336 4427 2461 4482 quae
2493 4412 2768 4468 acciderit
2816 4415 2974 4469 omni
3016 4414 3237 4470 homini
3272 4417 3342 4472 de
3368 4416 3584 4489 p0pulo

1860 4526 1905 4591 Β
1935 4502 2037 4555 tuo
2066 4497 2240 4591 Israel
2268 4516 2280 4555 :
2310 4499 2359 4556 si
2378 4501 2526 4591 quis
2557 4503 2888 4574 cognoverit
2926 4504 3159 4576 plagam
3190 4506 3273 4576 (h.
3307 4512 3581 4562 cunctam

1938 4588 2260 4644 orationem
2283 4593 2341 4645 et
2357 4590 2826 4662 deprecationem
2846 4609 2973 4665 quas
2994 4594 3339 4651 t‘ueritomni
3361 4594 3589 4651 homini

1940 4677 2011 4733 de
2059 4677 2273 4750 populo
2323 4684 2424 4735 tuo
2477 4680 2676 4751 Israel,
2729 4698 2863 4736 cum
2913 4686 3287 4755 cognoverint
3326 4685 3588 4758 plagam)

1941 4766 2133 4824 cordis
2150 4767 2262 4837 sui,
2297 4772 2355 4823 et
2377 4769 2716 4841 expanderit
2745 4788 2957 4828 manus
2983 4790 3123 4829 suas
3144 4774 3203 4830 in
3226 4776 3399 4831 domo
3428 4774 3536 4831 hac
3570 4789 3584 4830 :

2015 4968 2037 5001 ⁴
2063 4963 2169 5020 Hic
2200 4980 2433 5037 quoque
2455 4964 2627 5045 juxta
2667 4967 2975 5025 Hebrmum
3025 4971 3404 5043 archetypum
3439 4974 3589 5027 tacet

1946 5042 2267 5095 Veronens.
2296 5052 2407 5091 ms.
2440 5036 2601 5093 mihi.

2019 5112 2040 5145 ⁵
2071 5108 2213 5163 Cum
2243 5106 2509 5179 vulgatis
2539 5108 2702 5164 addit
2730 5108 3050 5167 Veronens.
3085 5127 3195 5169 ms.
3229 5111 3323 5167 hic
3351 5120 3430 5167 tu.
3457 5112 3585 5167 Mox

1948 5186 2101 5238 tacet
2129 5178 2383 5249 Domine,
2410 5180 2564 5250 quod
2615 5197 2828 5236 nomen
2874 5184 3149 5238 Hebraeus
3180 5187 3372 5238 textus
3402 5184 3585 5238 addit.

2020 5254 2040 5287 ⁸
2074 5252 2340 5324 Rursum
2372 5251 2442 5305 ad
2473 5250 2740 5307 Hebraici
2769 5253 3115 5324 exemplaris
3144 5255 3320 5309 ﬁdem
3352 5254 3587 5310 voculas

1951 5324 2021 5380 ad
2050 5331 2098 5378 te
2131 5321 2374 5393 negligit
2404 5326 2720 5381 Veronens.
2754 5342 2865 5381 ms.

2024 5396 2043 5428 ⁷
2076 5394 2341 5449 Pressius
2390 5394 2627 5450 Hebraeo
2679 5396 2833 5451 idem
2878 5412 2989 5450 ms.
3042 5394 3299 5465 plurium
3349 5413 3588 5453 numero

197 5494 329 5534 men
361 5490 565 5546 neque
620 5474 676 5527 in
729 5470 991 5539 Hebraeo,
1045 5487 1233 5543 neque
1290 5470 1350 5527 in
1394 5465 1524 5527 aliis
1555 5465 1839 5543 plerisque

2021 5466 2151 5546 ibet,
2183 5466 2314 5546 quia
2342 5465 2625 5546 peccaturi
2654 5472 2799 5546 sunt.

200 5549 363 5608 libris
398 5548 498 5605 hic
531 5546 721 5601 sonat.

271 5628 291 5662 τι
322 5627 530 5681 Canon
562 5612 927 5683 emendatus,
959 5615 1011 5669 et
1037 5614 1099 5669 in
1128 5629 1299 5671 manu
1326 5629 1451 5672 sua.
1483 5618 1667 5673 Mam.

2027 5537 2047 5571 '
2076 5534 2310 5593 Rectius
2340 5534 2555 5593 iterum
2604 5553 2715 5593 ms.
2746 5537 3064 5593 Veronens.
3094 5534 3157 5592 in
3187 5535 3386 5594 futuro
3412 5540 3591 5596 osten-

1957 5608 2067 5681 des,
2101 5626 2237 5667 cum
2266 5607 2506 5667 Hebmo
2537 5617 2706 5682 mm,
2737 5607 2969 5668 docebis.
