  <div class='ocr_page' id='page_1' title='image "/cluster/home/n/w/nwhite01/storage/ocr_20150623/28/hvd.32044052824265/425.png"; bbox 0 0 3938 6174; ppageno 0'>
   <div class='ocr_carea' id='block_1_1' title="bbox 366 282 472 339">
    <p class='ocr_par' dir='ltr' id='par_1_1' title="bbox 366 282 472 339">
     <span class='ocr_line' id='line_1_1' title="bbox 366 282 472 339; baseline 0.038 -4"><span class='ocrx_word' id='word_1_1' title='bbox 366 282 472 339; x_wconf 79' lang='grc'>743</span> 
     </span>
    </p>
   </div>
   <div class='ocr_carea' id='block_1_2' title="bbox 1400 238 2741 337">
    <p class='ocr_par' dir='ltr' id='par_1_2' title="bbox 1400 238 2741 337">
     <span class='ocr_line' id='line_1_2' title="bbox 1400 238 2741 337; baseline 0.001 -3"><span class='ocrx_word' id='word_1_2' title='bbox 1400 284 1459 335; x_wconf 90' lang='lat' dir='ltr'>s.</span> <span class='ocrx_word' id='word_1_3' title='bbox 1500 280 1911 337; x_wconf 77' lang='lat' dir='ltr'><strong>HIEBONYMI</strong></span> <span class='ocrx_word' id='word_1_4' title='bbox 1948 278 2206 335; x_wconf 72' lang='lat' dir='ltr'>mva</span> <span class='ocrx_word' id='word_1_5' title='bbox 2241 279 2741 337; x_wconf 72' lang='lat' dir='ltr'>BIBLIOTHECA.</span> 
     </span>
    </p>
   </div>
   <div class='ocr_carea' id='block_1_3' title="bbox 3668 282 3767 340">
    <p class='ocr_par' dir='ltr' id='par_1_3' title="bbox 3668 282 3767 340">
     <span class='ocr_line' id='line_1_3' title="bbox 3668 282 3767 340; baseline 0.03 -3"><span class='ocrx_word' id='word_1_6' title='bbox 3668 282 3767 340; x_wconf 72' lang='grc'>744</span> 
     </span>
    </p>
   </div>
   <div class='ocr_carea' id='block_1_4' title="bbox 372 405 3764 485">
    <p class='ocr_par' dir='ltr' id='par_1_4' title="bbox 372 405 3764 485">
     <span class='ocr_line' id='line_1_4' title="bbox 372 405 3764 485; baseline 0.001 -20"><span class='ocrx_word' id='word_1_7' title='bbox 372 416 435 467; x_wconf 90' lang='lat' dir='ltr'>tu</span> <span class='ocrx_word' id='word_1_8' title='bbox 482 412 757 469; x_wconf 82' lang='lat' dir='ltr'>exaudies</span> <span class='ocrx_word' id='word_1_9' title='bbox 808 411 867 465; x_wconf 88' lang='lat' dir='ltr'>in</span> <span class='ocrx_word' id='word_1_10' title='bbox 915 410 1058 466; x_wconf 72' lang='lat' dir='ltr'>caelo</span> <span class='ocrx_word' id='word_1_11' title='bbox 1090 410 1151 465; x_wconf 91' lang='lat' dir='ltr'>in</span> <span class='ocrx_word' id='word_1_12' title='bbox 1202 408 1325 465; x_wconf 92' lang='lat' dir='ltr'>loco</span> <span class='ocrx_word' id='word_1_13' title='bbox 1376 405 1757 464; x_wconf 82' lang='lat' dir='ltr'>habitationis</span> <span class='ocrx_word' id='word_1_14' title='bbox 1790 409 1921 473; x_wconf 65' lang='lat' dir='ltr'>tuae,</span> <span class='ocrx_word' id='word_1_15' title='bbox 1955 408 2009 461; x_wconf 89' lang='lat' dir='ltr'>et</span> <span class='ocrx_word' id='word_1_16' title='bbox 2039 405 2090 472; x_wconf 82' lang='grc' dir='ltr'>Α</span> <span class='ocrx_word' id='word_1_17' title='bbox 2126 406 2347 474; x_wconf 85' lang='lat' dir='ltr'>ﬁxerat,</span> <span class='ocrx_word' id='word_1_18' title='bbox 2373 415 2431 463; x_wconf 87' lang='lat' dir='ltr'>et</span> <span class='ocrx_word' id='word_1_19' title='bbox 2461 425 2672 465; x_wconf 89' lang='lat' dir='ltr'>manus</span> <span class='ocrx_word' id='word_1_20' title='bbox 2694 410 3049 481; x_wconf 83' lang='lat' dir='ltr'>expanderat</span> <span class='ocrx_word' id='word_1_21' title='bbox 3069 408 3141 465; x_wconf 89' lang='lat' dir='ltr'>ad</span> <span class='ocrx_word' id='word_1_22' title='bbox 3165 408 3397 467; x_wconf 88' lang='lat' dir='ltr'>ccelum.</span> <span class='ocrx_word' id='word_1_23' title='bbox 3423 408 3598 467; x_wconf 78' lang='lat' dir='ltr'>Stetit</span> <span class='ocrx_word' id='word_1_24' title='bbox 3614 425 3764 485; x_wconf 85' lang='lat' dir='ltr'>ergo,</span> 
     </span>
    </p>
   </div>
   <div class='ocr_carea' id='block_1_5' title="bbox 376 496 2017 572">
    <p class='ocr_par' dir='ltr' id='par_1_5' title="bbox 376 496 2017 572">
     <span class='ocr_line' id='line_1_5' title="bbox 376 496 2017 572; baseline -0.003 -18"><span class='ocrx_word' id='word_1_25' title='bbox 376 501 938 572; x_wconf 88' lang='lat' dir='ltr'>repropitiaberis,et</span> <span class='ocrx_word' id='word_1_26' title='bbox 958 498 1130 555; x_wconf 82' lang='lat' dir='ltr'>facies</span> <span class='ocrx_word' id='word_1_27' title='bbox 1149 504 1213 555; x_wconf 89' lang='lat' dir='ltr'>ut</span> <span class='ocrx_word' id='word_1_28' title='bbox 1233 500 1335 555; x_wconf 88' lang='lat' dir='ltr'>des</span> <span class='ocrx_word' id='word_1_29' title='bbox 1357 497 1674 569; x_wconf 87' lang='lat' dir='ltr'>unicuique</span> <span class='ocrx_word' id='word_1_30' title='bbox 1696 496 2017 553; x_wconf 87' lang='lat' dir='ltr'>secundum</span> 
     </span>
    </p>
   </div>
   <div class='ocr_carea' id='block_1_6' title="bbox 378 585 2025 659">
    <p class='ocr_par' dir='ltr' id='par_1_6' title="bbox 378 585 2025 659">
     <span class='ocr_line' id='line_1_6' title="bbox 378 585 2025 659; baseline -0.002 -16"><span class='ocrx_word' id='word_1_31' title='bbox 378 605 585 644; x_wconf 90' lang='lat' dir='ltr'>omnes</span> <span class='ocrx_word' id='word_1_32' title='bbox 643 590 768 645; x_wconf 84' lang='lat' dir='ltr'>vias</span> <span class='ocrx_word' id='word_1_33' title='bbox 819 606 980 659; x_wconf 88' lang='lat' dir='ltr'>suas,</span> <span class='ocrx_word' id='word_1_34' title='bbox 1040 588 1194 644; x_wconf 83' lang='lat' dir='ltr'>sicut</span> <span class='ocrx_word' id='word_1_35' title='bbox 1244 586 1456 644; x_wconf 89' lang='lat' dir='ltr'>videris</span> <span class='ocrx_word' id='word_1_36' title='bbox 1490 591 1610 651; x_wconf 82' lang='lat' dir='ltr'>(ms.</span> <span class='ocrx_word' id='word_1_37' title='bbox 1660 585 1891 656; x_wconf 90' lang='lat' dir='ltr'>videns)</span> <span class='ocrx_word' id='word_1_38' title='bbox 1926 601 2025 640; x_wconf 91' lang='lat' dir='ltr'>cor</span> 
     </span>
    </p>
   </div>
   <div class='ocr_carea' id='block_1_7' title="bbox 374 673 2021 749">
    <p class='ocr_par' dir='ltr' id='par_1_7' title="bbox 374 673 2021 749">
     <span class='ocr_line' id='line_1_7' title="bbox 374 673 2021 749; baseline -0.002 -18"><span class='ocrx_word' id='word_1_39' title='bbox 374 678 537 749; x_wconf 86' lang='lat' dir='ltr'>(quia</span> <span class='ocrx_word' id='word_1_40' title='bbox 558 682 616 733; x_wconf 91' lang='lat' dir='ltr'>tu</span> <span class='ocrx_word' id='word_1_41' title='bbox 637 678 787 734; x_wconf 89' lang='lat' dir='ltr'>nosti</span> <span class='ocrx_word' id='word_1_42' title='bbox 811 677 971 733; x_wconf 91' lang='lat' dir='ltr'>solus</span> <span class='ocrx_word' id='word_1_43' title='bbox 986 694 1084 733; x_wconf 91' lang='lat' dir='ltr'>cor</span> <span class='ocrx_word' id='word_1_44' title='bbox 1106 676 1371 733; x_wconf 90' lang='lat' dir='ltr'>omnium</span> <span class='ocrx_word' id='word_1_45' title='bbox 1388 674 1647 730; x_wconf 82' lang='lat' dir='ltr'>ﬁliorum</span> <span class='ocrx_word' id='word_1_46' title='bbox 1666 673 2021 747; x_wconf 87' lang='lat' dir='ltr'>hominum),</span> 
     </span>
    </p>
   </div>
   <div class='ocr_carea' id='block_1_8' title="bbox 376 765 2025 837">
    <p class='ocr_par' dir='ltr' id='par_1_8' title="bbox 376 765 2025 837">
     <span class='ocr_line' id='line_1_8' title="bbox 376 765 2025 837; baseline -0.002 -16"><span class='ocrx_word' id='word_1_47' title='bbox 376 772 440 821; x_wconf 91' lang='lat' dir='ltr'>ut</span> <span class='ocrx_word' id='word_1_48' title='bbox 472 767 721 822; x_wconf 85' lang='lat' dir='ltr'>timeant</span> <span class='ocrx_word' id='word_1_49' title='bbox 754 772 810 821; x_wconf 88' lang='lat' dir='ltr'>te</span> <span class='ocrx_word' id='word_1_50' title='bbox 842 767 1074 823; x_wconf 90' lang='lat' dir='ltr'>cunctis</span> <span class='ocrx_word' id='word_1_51' title='bbox 1107 767 1336 834; x_wconf 90' lang='lat' dir='ltr'>diebus,</span> <span class='ocrx_word' id='word_1_52' title='bbox 1370 765 1587 837; x_wconf 85' lang='lat' dir='ltr'>quibus</span> <span class='ocrx_word' id='word_1_53' title='bbox 1616 765 1815 820; x_wconf 92' lang='lat' dir='ltr'>vivunt</span> <span class='ocrx_word' id='word_1_54' title='bbox 1846 779 2025 834; x_wconf 90' lang='lat' dir='ltr'>super</span> 
     </span>
    </p>
   </div>
   <div class='ocr_carea' id='block_1_9' title="bbox 371 853 2024 927">
    <p class='ocr_par' dir='ltr' id='par_1_9' title="bbox 371 853 2024 927">
     <span class='ocr_line' id='line_1_9' title="bbox 371 853 2024 927; baseline -0.002 -17"><span class='ocrx_word' id='word_1_55' title='bbox 371 856 581 911; x_wconf 78' lang='lat' dir='ltr'>faciem</span> <span class='ocrx_word' id='word_1_56' title='bbox 608 860 977 927; x_wconf 67' lang='lat' dir='ltr'>terrm,quam</span> <span class='ocrx_word' id='word_1_57' title='bbox 1002 856 1213 912; x_wconf 79' lang='lat' dir='ltr'>dedisti</span> <span class='ocrx_word' id='word_1_58' title='bbox 1238 855 1501 926; x_wconf 89' lang='lat' dir='ltr'>patribus</span> <span class='ocrx_word' id='word_1_59' title='bbox 1525 853 2024 923; x_wconf 61' lang='lat' dir='ltr'>nostriansuper</span> 
     </span>
    </p>
   </div>
   <div class='ocr_carea' id='block_1_10' title="bbox 374 940 2021 1017">
    <p class='ocr_par' dir='ltr' id='par_1_10' title="bbox 374 940 2021 1017">
     <span class='ocr_line' id='line_1_10' title="bbox 374 940 2021 1017; baseline -0.003 -17"><span class='ocrx_word' id='word_1_60' title='bbox 374 948 431 1000; x_wconf 90' lang='lat' dir='ltr'>et</span> <span class='ocrx_word' id='word_1_61' title='bbox 461 944 918 1017; x_wconf 85' lang='lat' dir='ltr'>alienigena,qui</span> <span class='ocrx_word' id='word_1_62' title='bbox 952 963 1067 1001; x_wconf 90' lang='lat' dir='ltr'>non</span> <span class='ocrx_word' id='word_1_63' title='bbox 1099 950 1186 1001; x_wconf 90' lang='lat' dir='ltr'>est</span> <span class='ocrx_word' id='word_1_64' title='bbox 1208 946 1276 1000; x_wconf 89' lang='lat' dir='ltr'>de</span> <span class='ocrx_word' id='word_1_65' title='bbox 1306 942 1520 1015; x_wconf 92' lang='lat' dir='ltr'>populo</span> <span class='ocrx_word' id='word_1_66' title='bbox 1545 951 1640 998; x_wconf 90' lang='lat' dir='ltr'>luo</span> <span class='ocrx_word' id='word_1_67' title='bbox 1666 940 1862 1008; x_wconf 77' lang='lat' dir='ltr'>Israel,</span> <span class='ocrx_word' id='word_1_68' title='bbox 1887 956 2021 996; x_wconf 90' lang='lat' dir='ltr'>cum</span> 
     </span>
    </p>
   </div>
   <div class='ocr_carea' id='block_1_11' title="bbox 369 1034 2019 1106">
    <p class='ocr_par' dir='ltr' id='par_1_11' title="bbox 369 1034 2019 1106">
     <span class='ocr_line' id='line_1_11' title="bbox 369 1034 2019 1106; baseline -0.003 -17"><span class='ocrx_word' id='word_1_69' title='bbox 369 1035 593 1090; x_wconf 88' lang='lat' dir='ltr'>venerit</span> <span class='ocrx_word' id='word_1_70' title='bbox 640 1036 712 1090; x_wconf 91' lang='lat' dir='ltr'>de</span> <span class='ocrx_word' id='word_1_71' title='bbox 764 1041 919 1091; x_wconf 87' lang='lat' dir='ltr'>terra</span> <span class='ocrx_word' id='word_1_72' title='bbox 966 1034 1286 1106; x_wconf 82' lang='lat' dir='ltr'>longinqua</span> <span class='ocrx_word' id='word_1_73' title='bbox 1329 1036 1567 1105; x_wconf 82' lang='lat' dir='ltr'>propter</span> <span class='ocrx_word' id='word_1_74' title='bbox 1610 1047 1820 1087; x_wconf 85' lang='lat' dir='ltr'>nomen</span> <span class='ocrx_word' id='word_1_75' title='bbox 1852 1034 2019 1085; x_wconf 88' lang='lat' dir='ltr'>tuum</span> 
     </span>
    </p>
   </div>
   <div class='ocr_carea' id='block_1_12' title="bbox 374 1124 2021 1195">
    <p class='ocr_par' dir='ltr' id='par_1_12' title="bbox 374 1124 2021 1195">
     <span class='ocr_line' id='line_1_12' title="bbox 374 1124 2021 1195; baseline -0.004 -16"><span class='ocrx_word' id='word_1_76' title='bbox 374 1124 675 1195; x_wconf 84' lang='lat' dir='ltr'>(audietur</span> <span class='ocrx_word' id='word_1_77' title='bbox 717 1125 874 1180; x_wconf 91' lang='lat' dir='ltr'>enim</span> <span class='ocrx_word' id='word_1_78' title='bbox 909 1140 1122 1180; x_wconf 84' lang='lat' dir='ltr'>nomen</span> <span class='ocrx_word' id='word_1_79' title='bbox 1172 1129 1342 1179; x_wconf 90' lang='lat' dir='ltr'>tuum</span> <span class='ocrx_word' id='word_1_80' title='bbox 1390 1137 1692 1194; x_wconf 87' lang='lat' dir='ltr'>magnum,</span> <span class='ocrx_word' id='word_1_81' title='bbox 1724 1124 1781 1176; x_wconf 90' lang='lat' dir='ltr'>et</span> <span class='ocrx_word' id='word_1_82' title='bbox 1812 1136 2021 1174; x_wconf 88' lang='lat' dir='ltr'>manus</span> 
     </span>
    </p>
   </div>
   <div class='ocr_carea' id='block_1_13' title="bbox 374 1207 2020 1279">
    <p class='ocr_par' dir='ltr' id='par_1_13' title="bbox 374 1207 2020 1279">
     <span class='ocr_line' id='line_1_13' title="bbox 374 1207 2020 1279; baseline -0.003 -13"><span class='ocrx_word' id='word_1_83' title='bbox 374 1218 477 1269; x_wconf 85' lang='lat' dir='ltr'>tua</span> <span class='ocrx_word' id='word_1_84' title='bbox 510 1213 698 1279; x_wconf 88' lang='lat' dir='ltr'>fortis,</span> <span class='ocrx_word' id='word_1_85' title='bbox 732 1218 789 1268; x_wconf 92' lang='lat' dir='ltr'>et</span> <span class='ocrx_word' id='word_1_86' title='bbox 808 1213 1110 1269; x_wconf 84' lang='lat' dir='ltr'>brachium</span> <span class='ocrx_word' id='word_1_87' title='bbox 1138 1216 1303 1267; x_wconf 89' lang='lat' dir='ltr'>tuum</span> <span class='ocrx_word' id='word_1_88' title='bbox 1338 1214 1659 1277; x_wconf 79' lang='lat' dir='ltr'>extentum,</span> <span class='ocrx_word' id='word_1_89' title='bbox 1690 1209 1907 1279; x_wconf 74' lang='lat' dir='ltr'>ubique)</span> <span class='ocrx_word' id='word_1_90' title='bbox 1938 1207 2020 1279; x_wconf 92' lang='lat' dir='ltr'>(h.</span> 
     </span>
    </p>
   </div>
   <div class='ocr_carea' id='block_1_14' title="bbox 375 1297 2023 1374">
    <p class='ocr_par' dir='ltr' id='par_1_14' title="bbox 375 1297 2023 1374">
     <span class='ocr_line' id='line_1_14' title="bbox 375 1297 2023 1374; baseline -0.003 -17"><span class='ocrx_word' id='word_1_91' title='bbox 375 1319 490 1358; x_wconf 89' lang='lat' dir='ltr'>non</span> <span class='ocrx_word' id='word_1_92' title='bbox 525 1302 760 1374; x_wconf 84' lang='lat' dir='ltr'>habet);</span> <span class='ocrx_word' id='word_1_93' title='bbox 793 1319 925 1357; x_wconf 89' lang='lat' dir='ltr'>cum</span> <span class='ocrx_word' id='word_1_94' title='bbox 975 1302 1197 1357; x_wconf 85' lang='lat' dir='ltr'>venerit</span> <span class='ocrx_word' id='word_1_95' title='bbox 1243 1317 1400 1372; x_wconf 86' lang='lat' dir='ltr'>ergo,</span> <span class='ocrx_word' id='word_1_96' title='bbox 1440 1304 1496 1355; x_wconf 91' lang='lat' dir='ltr'>et</span> <span class='ocrx_word' id='word_1_97' title='bbox 1526 1298 1774 1355; x_wconf 87' lang='lat' dir='ltr'>oraverit</span> <span class='ocrx_word' id='word_1_98' title='bbox 1806 1298 1864 1352; x_wconf 92' lang='lat' dir='ltr'>in</span> <span class='ocrx_word' id='word_1_99' title='bbox 1898 1297 2023 1352; x_wconf 92' lang='lat' dir='ltr'>loco</span> 
     </span>
    </p>
   </div>
   <div class='ocr_carea' id='block_1_15' title="bbox 372 1387 2020 1461">
    <p class='ocr_par' dir='ltr' id='par_1_15' title="bbox 372 1387 2020 1461">
     <span class='ocr_line' id='line_1_15' title="bbox 372 1387 2020 1461; baseline -0.003 -16"><span class='ocrx_word' id='word_1_100' title='bbox 372 1390 481 1446; x_wconf 92' lang='lat' dir='ltr'>hoc</span> <span class='ocrx_word' id='word_1_101' title='bbox 504 1391 652 1461; x_wconf 69' lang='lat' dir='ltr'>(hfin</span> <span class='ocrx_word' id='word_1_102' title='bbox 680 1391 851 1447; x_wconf 91' lang='lat' dir='ltr'>domo</span> <span class='ocrx_word' id='word_1_103' title='bbox 875 1391 1025 1461; x_wconf 78' lang='lat' dir='ltr'>hac),</span> <span class='ocrx_word' id='word_1_104' title='bbox 1062 1395 1123 1445; x_wconf 90' lang='lat' dir='ltr'>tu</span> <span class='ocrx_word' id='word_1_105' title='bbox 1158 1389 1433 1445; x_wconf 84' lang='lat' dir='ltr'>exaudies</span> <span class='ocrx_word' id='word_1_106' title='bbox 1471 1389 1529 1443; x_wconf 92' lang='lat' dir='ltr'>in</span> <span class='ocrx_word' id='word_1_107' title='bbox 1557 1387 1697 1444; x_wconf 82' lang='lat' dir='ltr'>ccelo</span> <span class='ocrx_word' id='word_1_108' title='bbox 1731 1387 1789 1442; x_wconf 92' lang='lat' dir='ltr'>in</span> <span class='ocrx_word' id='word_1_109' title='bbox 1822 1387 2020 1441; x_wconf 83' lang='lat' dir='ltr'>firma-</span> 
     </span>
    </p>
   </div>
   <div class='ocr_carea' id='block_1_16' title="bbox 373 1476 2020 1549">
    <p class='ocr_par' dir='ltr' id='par_1_16' title="bbox 373 1476 2020 1549">
     <span class='ocr_line' id='line_1_16' title="bbox 373 1476 2020 1549; baseline -0.003 -15"><span class='ocrx_word' id='word_1_110' title='bbox 373 1484 570 1535; x_wconf 90' lang='lat' dir='ltr'>mento</span> <span class='ocrx_word' id='word_1_111' title='bbox 600 1480 918 1535; x_wconf 78' lang='lat' dir='ltr'>habitaculi</span> <span class='ocrx_word' id='word_1_112' title='bbox 965 1480 1073 1548; x_wconf 89' lang='lat' dir='ltr'>tui,</span> <span class='ocrx_word' id='word_1_113' title='bbox 1106 1483 1163 1535; x_wconf 90' lang='lat' dir='ltr'>et</span> <span class='ocrx_word' id='word_1_114' title='bbox 1209 1478 1383 1534; x_wconf 82' lang='lat' dir='ltr'>facies</span> <span class='ocrx_word' id='word_1_115' title='bbox 1427 1478 1627 1533; x_wconf 90' lang='lat' dir='ltr'>omnia</span> <span class='ocrx_word' id='word_1_116' title='bbox 1670 1494 1773 1549; x_wconf 92' lang='lat' dir='ltr'>pro</span> <span class='ocrx_word' id='word_1_117' title='bbox 1805 1476 2020 1545; x_wconf 87' lang='lat' dir='ltr'>quibus</span> 
     </span>
    </p>
   </div>
   <div class='ocr_carea' id='block_1_17' title="bbox 374 1566 2019 1641">
    <p class='ocr_par' dir='ltr' id='par_1_17' title="bbox 374 1566 2019 1641">
     <span class='ocr_line' id='line_1_17' title="bbox 374 1566 2019 1641; baseline -0.002 -19"><span class='ocrx_word' id='word_1_118' title='bbox 374 1569 731 1624; x_wconf 87' lang='lat' dir='ltr'>invocaverit</span> <span class='ocrx_word' id='word_1_119' title='bbox 768 1574 823 1624; x_wconf 87' lang='lat' dir='ltr'>te</span> <span class='ocrx_word' id='word_1_120' title='bbox 866 1568 1228 1641; x_wconf 85' lang='lat' dir='ltr'>alienigena:</span> <span class='ocrx_word' id='word_1_121' title='bbox 1264 1574 1327 1623; x_wconf 88' lang='lat' dir='ltr'>ut</span> <span class='ocrx_word' id='word_1_122' title='bbox 1357 1567 1591 1623; x_wconf 87' lang='lat' dir='ltr'>discant</span> <span class='ocrx_word' id='word_1_123' title='bbox 1626 1566 1880 1621; x_wconf 79' lang='lat' dir='ltr'>universi</span> <span class='ocrx_word' id='word_1_124' title='bbox 1916 1582 2019 1636; x_wconf 83' lang='lat' dir='ltr'>po-</span> 
     </span>
    </p>
   </div>
   <div class='ocr_carea' id='block_1_18' title="bbox 372 1654 2017 1729">
    <p class='ocr_par' dir='ltr' id='par_1_18' title="bbox 372 1654 2017 1729">
     <span class='ocr_line' id='line_1_18' title="bbox 372 1654 2017 1729; baseline -0.002 -18"><span class='ocrx_word' id='word_1_125' title='bbox 372 1657 498 1729; x_wconf 87' lang='lat' dir='ltr'>puli</span> <span class='ocrx_word' id='word_1_126' title='bbox 526 1662 813 1712; x_wconf 86' lang='lat' dir='ltr'>terrarum</span> <span class='ocrx_word' id='word_1_127' title='bbox 868 1673 1077 1713; x_wconf 89' lang='lat' dir='ltr'>nomen</span> <span class='ocrx_word' id='word_1_128' title='bbox 1112 1663 1279 1712; x_wconf 90' lang='lat' dir='ltr'>tuum</span> <span class='ocrx_word' id='word_1_129' title='bbox 1321 1657 1547 1723; x_wconf 90' lang='lat' dir='ltr'>timere,</span> <span class='ocrx_word' id='word_1_130' title='bbox 1581 1656 1733 1712; x_wconf 88' lang='lat' dir='ltr'>sicut</span> <span class='ocrx_word' id='word_1_131' title='bbox 1765 1654 2017 1726; x_wconf 90' lang='lat' dir='ltr'>populus</span> 
     </span>
    </p>
   </div>
   <div class='ocr_carea' id='block_1_19' title="bbox 2125 496 3768 573">
    <p class='ocr_par' dir='ltr' id='par_1_19' title="bbox 2125 496 3768 573">
     <span class='ocr_line' id='line_1_19' title="bbox 2125 496 3768 573; baseline 0.002 -21"><span class='ocrx_word' id='word_1_132' title='bbox 2125 501 2182 552; x_wconf 91' lang='lat' dir='ltr'>et</span> <span class='ocrx_word' id='word_1_133' title='bbox 2212 496 2503 552; x_wconf 88' lang='lat' dir='ltr'>benedixit</span> <span class='ocrx_word' id='word_1_134' title='bbox 2534 498 2693 553; x_wconf 90' lang='lat' dir='ltr'>omni</span> <span class='ocrx_word' id='word_1_135' title='bbox 2722 498 2989 556; x_wconf 83' lang='lat' dir='ltr'>Ecclesiae</span> <span class='ocrx_word' id='word_1_136' title='bbox 3040 498 3218 555; x_wconf 87' lang='lat' dir='ltr'>Israel</span> <span class='ocrx_word' id='word_1_137' title='bbox 3249 516 3384 556; x_wconf 83' lang='lat' dir='ltr'>voce</span> <span class='ocrx_word' id='word_1_138' title='bbox 3415 516 3652 573; x_wconf 87' lang='lat' dir='ltr'>magna,</span> <span class='ocrx_word' id='word_1_139' title='bbox 3686 502 3768 556; x_wconf 88' lang='lat' dir='ltr'>di-</span> 
     </span>
    </p>
   </div>
   <div class='ocr_carea' id='block_1_20' title="bbox 2126 588 3767 662">
    <p class='ocr_par' dir='ltr' id='par_1_20' title="bbox 2126 588 3767 662">
     <span class='ocr_line' id='line_1_20' title="bbox 2126 588 3767 662; baseline 0.004 -22"><span class='ocrx_word' id='word_1_140' title='bbox 2126 601 2263 642; x_wconf 90' lang='lat' dir='ltr'>cens</span> <span class='ocrx_word' id='word_1_141' title='bbox 2290 603 2303 641; x_wconf 91' lang='lat'>:</span> <span class='ocrx_word' id='word_1_142' title='bbox 2336 588 2683 643; x_wconf 88' lang='lat' dir='ltr'>Benedictus</span> <span class='ocrx_word' id='word_1_143' title='bbox 2716 588 3024 658; x_wconf 87' lang='lat' dir='ltr'>Dominus,</span> <span class='ocrx_word' id='word_1_144' title='bbox 3056 589 3157 660; x_wconf 90' lang='lat' dir='ltr'>qui</span> <span class='ocrx_word' id='word_1_145' title='bbox 3191 590 3350 645; x_wconf 88' lang='lat' dir='ltr'>dedit</span> <span class='ocrx_word' id='word_1_146' title='bbox 3378 592 3638 661; x_wconf 86' lang='lat' dir='ltr'>requiem</span> <span class='ocrx_word' id='word_1_147' title='bbox 3674 608 3767 662; x_wconf 87' lang='lat' dir='ltr'>po-</span> 
     </span>
    </p>
   </div>
   <div class='ocr_carea' id='block_1_21' title="bbox 2127 675 3768 750">
    <p class='ocr_par' dir='ltr' id='par_1_21' title="bbox 2127 675 3768 750">
     <span class='ocr_line' id='line_1_21' title="bbox 2127 675 3768 750; baseline 0.004 -21"><span class='ocrx_word' id='word_1_148' title='bbox 2127 675 2263 745; x_wconf 91' lang='lat' dir='ltr'>pulo</span> <span class='ocrx_word' id='word_1_149' title='bbox 2293 692 2401 731; x_wconf 91' lang='lat' dir='ltr'>suo</span> <span class='ocrx_word' id='word_1_150' title='bbox 2426 676 2623 746; x_wconf 86' lang='lat' dir='ltr'>Israel,</span> <span class='ocrx_word' id='word_1_151' title='bbox 2649 679 2822 749; x_wconf 86' lang='lat' dir='ltr'>juxta</span> <span class='ocrx_word' id='word_1_152' title='bbox 2851 678 3051 734; x_wconf 88' lang='lat' dir='ltr'>omnia</span> <span class='ocrx_word' id='word_1_153' title='bbox 3081 694 3208 750; x_wconf 65' lang='lat' dir='ltr'>qua</span> <span class='ocrx_word' id='word_1_154' title='bbox 3238 678 3473 736; x_wconf 90' lang='lat' dir='ltr'>locutus</span> <span class='ocrx_word' id='word_1_155' title='bbox 3495 684 3626 735; x_wconf 87' lang='lat' dir='ltr'>est:</span> <span class='ocrx_word' id='word_1_156' title='bbox 3660 697 3768 736; x_wconf 89' lang='lat' dir='ltr'>non</span> 
     </span>
    </p>
   </div>
   <div class='ocr_carea' id='block_1_22' title="bbox 2126 765 3765 839">
    <p class='ocr_par' dir='ltr' id='par_1_22' title="bbox 2126 765 3765 839">
     <span class='ocr_line' id='line_1_22' title="bbox 2126 765 3765 839; baseline 0.004 -20"><span class='ocrx_word' id='word_1_157' title='bbox 2126 765 2335 820; x_wconf 88' lang='lat' dir='ltr'>cecidit</span> <span class='ocrx_word' id='word_1_158' title='bbox 2364 782 2435 820; x_wconf 87' lang='lat' dir='ltr'>ne</span> <span class='ocrx_word' id='word_1_159' title='bbox 2468 783 2619 821; x_wconf 91' lang='lat' dir='ltr'>unus</span> <span class='ocrx_word' id='word_1_160' title='bbox 2668 768 2905 838; x_wconf 89' lang='lat' dir='ltr'>quidem</span> <span class='ocrx_word' id='word_1_161' title='bbox 2940 784 3153 839; x_wconf 88' lang='lat' dir='ltr'>sermo,</span> <span class='ocrx_word' id='word_1_162' title='bbox 3199 785 3267 824; x_wconf 85' lang='lat' dir='ltr'>ex</span> <span class='ocrx_word' id='word_1_163' title='bbox 3296 768 3574 824; x_wconf 89' lang='lat' dir='ltr'>omnibus</span> <span class='ocrx_word' id='word_1_164' title='bbox 3604 769 3765 825; x_wconf 83' lang='lat' dir='ltr'>bonis</span> 
     </span>
    </p>
   </div>
   <div class='ocr_carea' id='block_1_23' title="bbox 2126 850 3770 929">
    <p class='ocr_par' dir='ltr' id='par_1_23' title="bbox 2126 850 3770 929">
     <span class='ocr_line' id='line_1_23' title="bbox 2126 850 3770 929; baseline 0.003 -21"><span class='ocrx_word' id='word_1_165' title='bbox 2126 870 2252 924; x_wconf 71' lang='lat' dir='ltr'>quae</span> <span class='ocrx_word' id='word_1_166' title='bbox 2284 853 2515 910; x_wconf 87' lang='lat' dir='ltr'>locutus</span> <span class='ocrx_word' id='word_1_167' title='bbox 2560 859 2650 910; x_wconf 90' lang='lat' dir='ltr'>est</span> <span class='ocrx_word' id='word_1_168' title='bbox 2690 872 2791 927; x_wconf 88' lang='lat' dir='ltr'>per</span> <span class='ocrx_word' id='word_1_169' title='bbox 2839 850 3043 912; x_wconf 82' lang='lat' dir='ltr'>Mosen</span> <span class='ocrx_word' id='word_1_170' title='bbox 3084 873 3315 913; x_wconf 89' lang='lat' dir='ltr'>servum</span> <span class='ocrx_word' id='word_1_171' title='bbox 3348 874 3521 913; x_wconf 89' lang='lat' dir='ltr'>suum</span> <span class='ocrx_word' id='word_1_172' title='bbox 3555 857 3639 928; x_wconf 90' lang='lat' dir='ltr'>(h.</span> <span class='ocrx_word' id='word_1_173' title='bbox 3672 873 3770 929; x_wconf 88' lang='lat' dir='ltr'>per</span> 
     </span>
    </p>
   </div>
   <div class='ocr_carea' id='block_1_24' title="bbox 2128 944 3771 1017">
    <p class='ocr_par' dir='ltr' id='par_1_24' title="bbox 2128 944 3771 1017">
     <span class='ocr_line' id='line_1_24' title="bbox 2128 944 3771 1017; baseline 0.002 -18"><span class='ocrx_word' id='word_1_174' title='bbox 2128 960 2367 1000; x_wconf 90' lang='lat' dir='ltr'>manum</span> <span class='ocrx_word' id='word_1_175' title='bbox 2402 944 2581 1017; x_wconf 84' lang='lat' dir='ltr'>Moysi</span> <span class='ocrx_word' id='word_1_176' title='bbox 2614 945 2762 1000; x_wconf 84' lang='lat' dir='ltr'>servi</span> <span class='ocrx_word' id='word_1_177' title='bbox 2796 946 2929 1014; x_wconf 89' lang='lat' dir='ltr'>sui).</span> <span class='ocrx_word' id='word_1_178' title='bbox 2963 946 3050 1001; x_wconf 91' lang='lat' dir='ltr'>Sit</span> <span class='ocrx_word' id='word_1_179' title='bbox 3078 948 3362 1002; x_wconf 87' lang='lat' dir='ltr'>Dominus</span> <span class='ocrx_word' id='word_1_180' title='bbox 3393 947 3550 1002; x_wconf 86' lang='lat' dir='ltr'>Deus</span> <span class='ocrx_word' id='word_1_181' title='bbox 3577 952 3771 1003; x_wconf 84' lang='lat' dir='ltr'>noster</span> 
     </span>
    </p>
   </div>
   <div class='ocr_carea' id='block_1_25' title="bbox 2128 1033 3772 1107">
    <p class='ocr_par' dir='ltr' id='par_1_25' title="bbox 2128 1033 3772 1107">
     <span class='ocr_line' id='line_1_25' title="bbox 2128 1033 3772 1107; baseline 0.001 -17"><span class='ocrx_word' id='word_1_182' title='bbox 2128 1033 2459 1104; x_wconf 88' lang='lat' dir='ltr'>nobiscum,</span> <span class='ocrx_word' id='word_1_183' title='bbox 2483 1033 2635 1089; x_wconf 81' lang='lat' dir='ltr'>sicut</span> <span class='ocrx_word' id='word_1_184' title='bbox 2658 1034 2767 1090; x_wconf 87' lang='lat' dir='ltr'>fuit</span> <span class='ocrx_word' id='word_1_185' title='bbox 2788 1051 2922 1090; x_wconf 92' lang='lat' dir='ltr'>cum</span> <span class='ocrx_word' id='word_1_186' title='bbox 2956 1036 3222 1107; x_wconf 89' lang='lat' dir='ltr'>patribus</span> <span class='ocrx_word' id='word_1_187' title='bbox 3256 1036 3498 1105; x_wconf 90' lang='lat' dir='ltr'>nostris,</span> <span class='ocrx_word' id='word_1_188' title='bbox 3532 1054 3652 1092; x_wconf 90' lang='lat' dir='ltr'>non</span> <span class='ocrx_word' id='word_1_189' title='bbox 3685 1037 3772 1092; x_wconf 88' lang='lat' dir='ltr'>de-</span> 
     </span>
    </p>
   </div>
   <div class='ocr_carea' id='block_1_26' title="bbox 2127 1120 3770 1197">
    <p class='ocr_par' dir='ltr' id='par_1_26' title="bbox 2127 1120 3770 1197">
     <span class='ocr_line' id='line_1_26' title="bbox 2127 1120 3770 1197; baseline 0.004 -22"><span class='ocrx_word' id='word_1_190' title='bbox 2127 1120 2467 1194; x_wconf 88' lang='lat' dir='ltr'>relinquens</span> <span class='ocrx_word' id='word_1_191' title='bbox 2486 1140 2617 1192; x_wconf 91' lang='lat' dir='ltr'>nos,</span> <span class='ocrx_word' id='word_1_192' title='bbox 2633 1140 2821 1195; x_wconf 91' lang='lat' dir='ltr'>neque</span> <span class='ocrx_word' id='word_1_193' title='bbox 2839 1125 3174 1197; x_wconf 90' lang='lat' dir='ltr'>projiciens.</span> <span class='ocrx_word' id='word_1_194' title='bbox 3201 1127 3314 1182; x_wconf 91' lang='lat' dir='ltr'>Sed</span> <span class='ocrx_word' id='word_1_195' title='bbox 3339 1125 3587 1182; x_wconf 88' lang='lat' dir='ltr'>inclinet</span> <span class='ocrx_word' id='word_1_196' title='bbox 3601 1127 3770 1182; x_wconf 80' lang='lat' dir='ltr'>corda</span> 
     </span>
    </p>
   </div>
   <div class='ocr_carea' id='block_1_27' title="bbox 2128 1213 3769 1287">
    <p class='ocr_par' dir='ltr' id='par_1_27' title="bbox 2128 1213 3769 1287">
     <span class='ocr_line' id='line_1_27' title="bbox 2128 1213 3769 1287; baseline 0.004 -22"><span class='ocrx_word' id='word_1_197' title='bbox 2128 1215 2325 1267; x_wconf 86' lang='lat' dir='ltr'>nostra</span> <span class='ocrx_word' id='word_1_198' title='bbox 2348 1214 2416 1267; x_wconf 88' lang='lat' dir='ltr'>ad</span> <span class='ocrx_word' id='word_1_199' title='bbox 2448 1229 2530 1280; x_wconf 89' lang='lat' dir='ltr'>se,</span> <span class='ocrx_word' id='word_1_200' title='bbox 2566 1215 2630 1268; x_wconf 92' lang='lat' dir='ltr'>ut</span> <span class='ocrx_word' id='word_1_201' title='bbox 2658 1213 3033 1270; x_wconf 87' lang='lat' dir='ltr'>ambulemus</span> <span class='ocrx_word' id='word_1_202' title='bbox 3063 1214 3124 1270; x_wconf 89' lang='lat' dir='ltr'>in</span> <span class='ocrx_word' id='word_1_203' title='bbox 3156 1215 3448 1271; x_wconf 86' lang='lat' dir='ltr'>universis</span> <span class='ocrx_word' id='word_1_204' title='bbox 3479 1214 3591 1271; x_wconf 89' lang='lat' dir='ltr'>viis</span> <span class='ocrx_word' id='word_1_205' title='bbox 3622 1217 3769 1287; x_wconf 85' lang='lat' dir='ltr'>ejus,</span> 
     </span>
    </p>
   </div>
   <div class='ocr_carea' id='block_1_28' title="bbox 2124 1301 3768 1376">
    <p class='ocr_par' dir='ltr' id='par_1_28' title="bbox 2124 1301 3768 1376">
     <span class='ocr_line' id='line_1_28' title="bbox 2124 1301 3768 1376; baseline 0.004 -21"><span class='ocrx_word' id='word_1_206' title='bbox 2124 1304 2181 1356; x_wconf 92' lang='lat' dir='ltr'>et</span> <span class='ocrx_word' id='word_1_207' title='bbox 2210 1301 2610 1358; x_wconf 88' lang='lat' dir='ltr'>custodiamus</span> <span class='ocrx_word' id='word_1_208' title='bbox 2645 1304 2919 1359; x_wconf 90' lang='lat' dir='ltr'>mandata</span> <span class='ocrx_word' id='word_1_209' title='bbox 2963 1304 3114 1375; x_wconf 89' lang='lat' dir='ltr'>ejus,</span> <span class='ocrx_word' id='word_1_210' title='bbox 3147 1309 3205 1360; x_wconf 89' lang='lat' dir='ltr'>et</span> <span class='ocrx_word' id='word_1_211' title='bbox 3233 1305 3615 1361; x_wconf 66' lang='lat' dir='ltr'>caeremonias</span> <span class='ocrx_word' id='word_1_212' title='bbox 3645 1306 3768 1376; x_wconf 85' lang='lat' dir='ltr'>ejus</span> 
     </span>
    </p>
   </div>
   <div class='ocr_carea' id='block_1_29' title="bbox 2126 1390 3769 1465">
    <p class='ocr_par' dir='ltr' id='par_1_29' title="bbox 2126 1390 3769 1465">
     <span class='ocr_line' id='line_1_29' title="bbox 2126 1390 3769 1465; baseline 0.003 -20"><span class='ocrx_word' id='word_1_213' title='bbox 2126 1390 2421 1461; x_wconf 80' lang='lat' dir='ltr'>(ms.lacet</span> <span class='ocrx_word' id='word_1_214' title='bbox 2468 1392 2641 1464; x_wconf 90' lang='lat' dir='ltr'>ejus),</span> <span class='ocrx_word' id='word_1_215' title='bbox 2694 1396 2751 1447; x_wconf 91' lang='lat' dir='ltr'>et</span> <span class='ocrx_word' id='word_1_216' title='bbox 2785 1393 3014 1464; x_wconf 88' lang='lat' dir='ltr'>judicia</span> <span class='ocrx_word' id='word_1_217' title='bbox 3064 1409 3427 1465; x_wconf 71' lang='lat' dir='ltr'>quaecunque</span> <span class='ocrx_word' id='word_1_218' title='bbox 3475 1394 3769 1452; x_wconf 87' lang='lat' dir='ltr'>mandavit</span> 
     </span>
    </p>
   </div>
   <div class='ocr_carea' id='block_1_30' title="bbox 2125 1479 3766 1557">
    <p class='ocr_par' dir='ltr' id='par_1_30' title="bbox 2125 1479 3766 1557">
     <span class='ocr_line' id='line_1_30' title="bbox 2125 1479 3766 1557; baseline 0.005 -24"><span class='ocrx_word' id='word_1_219' title='bbox 2125 1479 2396 1551; x_wconf 89' lang='lat' dir='ltr'>patribus</span> <span class='ocrx_word' id='word_1_220' title='bbox 2426 1481 2664 1538; x_wconf 88' lang='lat' dir='ltr'>nostris.</span> <span class='ocrx_word' id='word_1_221' title='bbox 2699 1485 2766 1537; x_wconf 87' lang='lat' dir='ltr'>Et</span> <span class='ocrx_word' id='word_1_222' title='bbox 2796 1482 2918 1538; x_wconf 90' lang='lat' dir='ltr'>sint</span> <span class='ocrx_word' id='word_1_223' title='bbox 2949 1499 3252 1540; x_wconf 90' lang='lat' dir='ltr'>sermones</span> <span class='ocrx_word' id='word_1_224' title='bbox 3283 1484 3397 1540; x_wconf 90' lang='lat' dir='ltr'>mei</span> <span class='ocrx_word' id='word_1_225' title='bbox 3427 1483 3766 1557; x_wconf 85' lang='lat' dir='ltr'>isti,quibus</span> 
     </span>
    </p>
   </div>
   <div class='ocr_carea' id='block_1_31' title="bbox 2124 1570 3766 1646">
    <p class='ocr_par' dir='ltr' id='par_1_31' title="bbox 2124 1570 3766 1646">
     <span class='ocr_line' id='line_1_31' title="bbox 2124 1570 3766 1646; baseline 0.005 -23"><span class='ocrx_word' id='word_1_226' title='bbox 2124 1570 2471 1639; x_wconf 87' lang='lat' dir='ltr'>deprecatus</span> <span class='ocrx_word' id='word_1_227' title='bbox 2504 1587 2635 1626; x_wconf 90' lang='lat' dir='ltr'>sum</span> <span class='ocrx_word' id='word_1_228' title='bbox 2685 1587 2881 1627; x_wconf 87' lang='lat' dir='ltr'>coram</span> <span class='ocrx_word' id='word_1_229' title='bbox 2918 1571 3183 1641; x_wconf 91' lang='lat' dir='ltr'>Domino,</span> <span class='ocrx_word' id='word_1_230' title='bbox 3226 1572 3766 1646; x_wconf 86' lang='lat' dir='ltr'>appropinquantes</span> 
     </span>
    </p>
   </div>
   <div class='ocr_carea' id='block_1_32' title="bbox 2122 1658 3766 1733">
    <p class='ocr_par' dir='ltr' id='par_1_32' title="bbox 2122 1658 3766 1733">
     <span class='ocr_line' id='line_1_32' title="bbox 2122 1658 3766 1733; baseline 0.004 -21"><span class='ocrx_word' id='word_1_231' title='bbox 2122 1658 2367 1713; x_wconf 91' lang='lat' dir='ltr'>Domino</span> <span class='ocrx_word' id='word_1_232' title='bbox 2395 1659 2509 1714; x_wconf 91' lang='lat' dir='ltr'>Deo</span> <span class='ocrx_word' id='word_1_233' title='bbox 2541 1663 2743 1715; x_wconf 90' lang='lat' dir='ltr'>nostro</span> <span class='ocrx_word' id='word_1_234' title='bbox 2774 1660 2867 1716; x_wconf 90' lang='lat' dir='ltr'>die</span> <span class='ocrx_word' id='word_1_235' title='bbox 2900 1676 2965 1717; x_wconf 85' lang='lat' dir='ltr'>ac</span> <span class='ocrx_word' id='word_1_236' title='bbox 2996 1666 3187 1726; x_wconf 89' lang='lat' dir='ltr'>nocte,</span> <span class='ocrx_word' id='word_1_237' title='bbox 3207 1666 3273 1717; x_wconf 90' lang='lat' dir='ltr'>ut</span> <span class='ocrx_word' id='word_1_238' title='bbox 3294 1662 3469 1718; x_wconf 88' lang='lat' dir='ltr'>faciat</span> <span class='ocrx_word' id='word_1_239' title='bbox 3488 1663 3766 1733; x_wconf 88' lang='lat' dir='ltr'>judicium</span> 
     </span>
    </p>
   </div>
   <div class='ocr_carea' id='block_1_33' title="bbox 372 1744 3765 1843">
    <p class='ocr_par' dir='ltr' id='par_1_33' title="bbox 372 1744 3765 1843">
     <span class='ocr_line' id='line_1_33' title="bbox 372 1744 3765 1843; baseline 0.002 -42"><span class='ocrx_word' id='word_1_240' title='bbox 372 1751 514 1802; x_wconf 88' lang='lat' dir='ltr'>tuus</span> <span class='ocrx_word' id='word_1_241' title='bbox 540 1750 804 1813; x_wconf 89' lang='lat' dir='ltr'>Israel,et</span> <span class='ocrx_word' id='word_1_242' title='bbox 826 1748 1074 1819; x_wconf 90' lang='lat' dir='ltr'>probent</span> <span class='ocrx_word' id='word_1_243' title='bbox 1101 1747 1238 1818; x_wconf 91' lang='lat' dir='ltr'>quia</span> <span class='ocrx_word' id='word_1_244' title='bbox 1262 1763 1469 1801; x_wconf 87' lang='lat' dir='ltr'>nomen</span> <span class='ocrx_word' id='word_1_245' title='bbox 1494 1750 1658 1801; x_wconf 90' lang='lat' dir='ltr'>tuum</span> <span class='ocrx_word' id='word_1_246' title='bbox 1681 1744 2013 1799; x_wconf 90' lang='lat' dir='ltr'>invocatum</span> <span class='ocrx_word' id='word_1_247' title='bbox 2046 1777 2092 1843; x_wconf 82' lang='lat' dir='ltr'>B</span> <span class='ocrx_word' id='word_1_248' title='bbox 2124 1746 2462 1817; x_wconf 77' lang='lat' dir='ltr'>(Vulg.addit</span> <span class='ocrx_word' id='word_1_249' title='bbox 2494 1748 2650 1819; x_wconf 88' lang='lat' dir='ltr'>cum)</span> <span class='ocrx_word' id='word_1_250' title='bbox 2682 1765 2846 1804; x_wconf 88' lang='lat' dir='ltr'>servo</span> <span class='ocrx_word' id='word_1_251' title='bbox 2877 1766 3006 1817; x_wconf 88' lang='lat' dir='ltr'>suo,</span> <span class='ocrx_word' id='word_1_252' title='bbox 3039 1754 3096 1805; x_wconf 93' lang='lat' dir='ltr'>et</span> <span class='ocrx_word' id='word_1_253' title='bbox 3145 1750 3359 1822; x_wconf 90' lang='lat' dir='ltr'>populo</span> <span class='ocrx_word' id='word_1_254' title='bbox 3391 1768 3498 1807; x_wconf 89' lang='lat' dir='ltr'>suo</span> <span class='ocrx_word' id='word_1_255' title='bbox 3530 1752 3655 1823; x_wconf 66' lang='lat' dir='ltr'>(ms.</span> <span class='ocrx_word' id='word_1_256' title='bbox 3689 1756 3765 1807; x_wconf 84' lang='lat' dir='ltr'>ta-</span> 
     </span>
    </p>
   </div>
   <div class='ocr_carea' id='block_1_34' title="bbox 370 1834 2017 1907">
    <p class='ocr_par' dir='ltr' id='par_1_34' title="bbox 370 1834 2017 1907">
     <span class='ocr_line' id='line_1_34' title="bbox 370 1834 2017 1907; baseline -0.003 -15"><span class='ocrx_word' id='word_1_257' title='bbox 370 1841 461 1892; x_wconf 87' lang='lat' dir='ltr'>est</span> <span class='ocrx_word' id='word_1_258' title='bbox 483 1853 660 1907; x_wconf 86' lang='lat' dir='ltr'>super</span> <span class='ocrx_word' id='word_1_259' title='bbox 679 1837 917 1892; x_wconf 88' lang='lat' dir='ltr'>domum</span> <span class='ocrx_word' id='word_1_260' title='bbox 942 1836 1112 1906; x_wconf 89' lang='lat' dir='ltr'>hanc,</span> <span class='ocrx_word' id='word_1_261' title='bbox 1134 1853 1310 1907; x_wconf 89' lang='lat' dir='ltr'>quam</span> <span class='ocrx_word' id='word_1_262' title='bbox 1334 1834 1634 1891; x_wconf 80' lang='lat' dir='ltr'>aediﬁcavi.</span> <span class='ocrx_word' id='word_1_263' title='bbox 1663 1834 1721 1889; x_wconf 88' lang='lat' dir='ltr'>Si</span> <span class='ocrx_word' id='word_1_264' title='bbox 1744 1849 2017 1904; x_wconf 89' lang='lat' dir='ltr'>egressus</span> 
     </span>
    </p>
   </div>
   <div class='ocr_carea' id='block_1_35' title="bbox 371 1923 2016 1997">
    <p class='ocr_par' dir='ltr' id='par_1_35' title="bbox 371 1923 2016 1997">
     <span class='ocr_line' id='line_1_35' title="bbox 371 1923 2016 1997; baseline -0.001 -18"><span class='ocrx_word' id='word_1_265' title='bbox 371 1926 548 1982; x_wconf 86' lang='lat' dir='ltr'>fuerit</span> <span class='ocrx_word' id='word_1_266' title='bbox 570 1926 821 1997; x_wconf 90' lang='lat' dir='ltr'>populus</span> <span class='ocrx_word' id='word_1_267' title='bbox 843 1932 981 1981; x_wconf 89' lang='lat' dir='ltr'>tuus</span> <span class='ocrx_word' id='word_1_268' title='bbox 1008 1927 1075 1982; x_wconf 90' lang='lat' dir='ltr'>ad</span> <span class='ocrx_word' id='word_1_269' title='bbox 1102 1926 1321 1981; x_wconf 90' lang='lat' dir='ltr'>bellum</span> <span class='ocrx_word' id='word_1_270' title='bbox 1345 1930 1547 1980; x_wconf 90' lang='lat' dir='ltr'>contra</span> <span class='ocrx_word' id='word_1_271' title='bbox 1579 1923 1851 1979; x_wconf 88' lang='lat' dir='ltr'>inimicos</span> <span class='ocrx_word' id='word_1_272' title='bbox 1877 1938 2016 1977; x_wconf 84' lang='lat' dir='ltr'>suos</span> 
     </span>
    </p>
   </div>
   <div class='ocr_carea' id='block_1_36' title="bbox 370 2010 2017 2086">
    <p class='ocr_par' dir='ltr' id='par_1_36' title="bbox 370 2010 2017 2086">
     <span class='ocr_line' id='line_1_36' title="bbox 370 2010 2017 2086; baseline -0.003 -17"><span class='ocrx_word' id='word_1_273' title='bbox 370 2015 451 2085; x_wconf 91' lang='lat' dir='ltr'>(h.</span> <span class='ocrx_word' id='word_1_274' title='bbox 478 2014 781 2070; x_wconf 90' lang='lat' dir='ltr'>inimicum</span> <span class='ocrx_word' id='word_1_275' title='bbox 800 2018 1019 2084; x_wconf 75' lang='lat' dir='ltr'>suum),</span> <span class='ocrx_word' id='word_1_276' title='bbox 1044 2032 1146 2086; x_wconf 91' lang='lat' dir='ltr'>per</span> <span class='ocrx_word' id='word_1_277' title='bbox 1168 2015 1342 2082; x_wconf 88' lang='lat' dir='ltr'>viam,</span> <span class='ocrx_word' id='word_1_278' title='bbox 1374 2028 1722 2085; x_wconf 91' lang='lat' dir='ltr'>quocunque</span> <span class='ocrx_word' id='word_1_279' title='bbox 1746 2015 1761 2046; x_wconf 91' lang='grc'>¹</span> <span class='ocrx_word' id='word_1_280' title='bbox 1792 2010 2017 2067; x_wconf 89' lang='lat' dir='ltr'>miseris</span> 
     </span>
    </p>
   </div>
   <div class='ocr_carea' id='block_1_37' title="bbox 370 2100 2013 2175">
    <p class='ocr_par' dir='ltr' id='par_1_37' title="bbox 370 2100 2013 2175">
     <span class='ocr_line' id='line_1_37' title="bbox 370 2100 2013 2175; baseline -0.003 -15"><span class='ocrx_word' id='word_1_281' title='bbox 370 2121 490 2175; x_wconf 89' lang='lat' dir='ltr'>eos,</span> <span class='ocrx_word' id='word_1_282' title='bbox 514 2105 767 2160; x_wconf 90' lang='lat' dir='ltr'>orabunt</span> <span class='ocrx_word' id='word_1_283' title='bbox 788 2109 841 2159; x_wconf 88' lang='lat' dir='ltr'>te</span> <span class='ocrx_word' id='word_1_284' title='bbox 864 2109 1064 2160; x_wconf 89' lang='lat' dir='ltr'>contra</span> <span class='ocrx_word' id='word_1_285' title='bbox 1085 2104 1239 2159; x_wconf 87' lang='lat' dir='ltr'>viam</span> <span class='ocrx_word' id='word_1_286' title='bbox 1272 2103 1542 2171; x_wconf 88' lang='lat' dir='ltr'>civitatis,</span> <span class='ocrx_word' id='word_1_287' title='bbox 1567 2118 1744 2172; x_wconf 86' lang='lat' dir='ltr'>quam</span> <span class='ocrx_word' id='word_1_288' title='bbox 1767 2100 2013 2172; x_wconf 90' lang='lat' dir='ltr'>elegisti,</span> 
     </span>
    </p>
   </div>
   <div class='ocr_carea' id='block_1_38' title="bbox 369 2190 2017 2264">
    <p class='ocr_par' dir='ltr' id='par_1_38' title="bbox 369 2190 2017 2264">
     <span class='ocr_line' id='line_1_38' title="bbox 369 2190 2017 2264; baseline -0.002 -16"><span class='ocrx_word' id='word_1_289' title='bbox 369 2198 426 2249; x_wconf 91' lang='lat' dir='ltr'>et</span> <span class='ocrx_word' id='word_1_290' title='bbox 455 2198 661 2249; x_wconf 89' lang='lat' dir='ltr'>contra</span> <span class='ocrx_word' id='word_1_291' title='bbox 708 2194 973 2260; x_wconf 88' lang='lat' dir='ltr'>domum,</span> <span class='ocrx_word' id='word_1_292' title='bbox 1006 2210 1183 2264; x_wconf 91' lang='lat' dir='ltr'>quam</span> <span class='ocrx_word' id='word_1_293' title='bbox 1231 2193 1510 2248; x_wconf 70' lang='lat' dir='ltr'>aediﬁcavi</span> <span class='ocrx_word' id='word_1_294' title='bbox 1550 2190 1773 2246; x_wconf 88' lang='lat' dir='ltr'>nomini</span> <span class='ocrx_word' id='word_1_295' title='bbox 1808 2196 1927 2260; x_wconf 90' lang='lat' dir='ltr'>tuo,</span> <span class='ocrx_word' id='word_1_296' title='bbox 1961 2193 2017 2245; x_wconf 91' lang='lat' dir='ltr'>et</span> 
     </span>
    </p>
   </div>
   <div class='ocr_carea' id='block_1_39' title="bbox 372 2282 2014 2354">
    <p class='ocr_par' dir='ltr' id='par_1_39' title="bbox 372 2282 2014 2354">
     <span class='ocr_line' id='line_1_39' title="bbox 372 2282 2014 2354; baseline -0.004 -15"><span class='ocrx_word' id='word_1_297' title='bbox 372 2283 649 2340; x_wconf 85' lang='lat' dir='ltr'>exaudies</span> <span class='ocrx_word' id='word_1_298' title='bbox 690 2283 747 2337; x_wconf 92' lang='lat' dir='ltr'>in</span> <span class='ocrx_word' id='word_1_299' title='bbox 786 2284 927 2339; x_wconf 82' lang='lat' dir='ltr'>caelo</span> <span class='ocrx_word' id='word_1_300' title='bbox 950 2283 1059 2354; x_wconf 91' lang='lat' dir='ltr'>(h.)</span> <span class='ocrx_word' id='word_1_301' title='bbox 1090 2282 1412 2338; x_wconf 88' lang='lat' dir='ltr'>orationem</span> <span class='ocrx_word' id='word_1_302' title='bbox 1445 2298 1670 2350; x_wconf 86' lang='lat' dir='ltr'>eorum,</span> <span class='ocrx_word' id='word_1_303' title='bbox 1702 2284 1759 2335; x_wconf 90' lang='lat' dir='ltr'>et</span> <span class='ocrx_word' id='word_1_304' title='bbox 1788 2295 2014 2350; x_wconf 89' lang='lat' dir='ltr'>precem</span> 
     </span>
    </p>
   </div>
   <div class='ocr_carea' id='block_1_40' title="bbox 373 2367 2013 2445">
    <p class='ocr_par' dir='ltr' id='par_1_40' title="bbox 373 2367 2013 2445">
     <span class='ocr_line' id='line_1_40' title="bbox 373 2367 2013 2445; baseline -0.003 -18"><span class='ocrx_word' id='word_1_305' title='bbox 373 2389 598 2445; x_wconf 87' lang='lat' dir='ltr'>eorum,</span> <span class='ocrx_word' id='word_1_306' title='bbox 632 2378 689 2427; x_wconf 91' lang='lat' dir='ltr'>et</span> <span class='ocrx_word' id='word_1_307' title='bbox 722 2371 1212 2443; x_wconf 86' lang='lat' dir='ltr'>faciesjudicium</span> <span class='ocrx_word' id='word_1_308' title='bbox 1244 2371 1563 2441; x_wconf 89' lang='lat' dir='ltr'>eorum.(T.</span> <span class='ocrx_word' id='word_1_309' title='bbox 1593 2369 1820 2445; x_wconf 74' lang='lat' dir='ltr'>XXIII.)</span> <span class='ocrx_word' id='word_1_310' title='bbox 1852 2367 2013 2433; x_wconf 86' lang='lat' dir='ltr'>Quod</span> 
     </span>
    </p>
   </div>
   <div class='ocr_carea' id='block_1_41' title="bbox 374 2456 2014 2533">
    <p class='ocr_par' dir='ltr' id='par_1_41' title="bbox 374 2456 2014 2533">
     <span class='ocr_line' id='line_1_41' title="bbox 374 2456 2014 2533; baseline -0.004 -16"><span class='ocrx_word' id='word_1_311' title='bbox 374 2462 427 2517; x_wconf 88' lang='lat' dir='ltr'>si</span> <span class='ocrx_word' id='word_1_312' title='bbox 459 2461 823 2533; x_wconf 89' lang='lat' dir='ltr'>peccaverint</span> <span class='ocrx_word' id='word_1_313' title='bbox 879 2461 987 2515; x_wconf 88' lang='lat' dir='ltr'>tibi</span> <span class='ocrx_word' id='word_1_314' title='bbox 1045 2462 1183 2531; x_wconf 90' lang='lat' dir='ltr'>(non</span> <span class='ocrx_word' id='word_1_315' title='bbox 1233 2464 1322 2515; x_wconf 93' lang='lat' dir='ltr'>est</span> <span class='ocrx_word' id='word_1_316' title='bbox 1376 2460 1529 2514; x_wconf 90' lang='lat' dir='ltr'>enim</span> <span class='ocrx_word' id='word_1_317' title='bbox 1563 2458 1737 2513; x_wconf 90' lang='lat' dir='ltr'>homo</span> <span class='ocrx_word' id='word_1_318' title='bbox 1770 2456 1869 2528; x_wconf 89' lang='lat' dir='ltr'>qui</span> <span class='ocrx_word' id='word_1_319' title='bbox 1900 2473 2014 2512; x_wconf 89' lang='lat' dir='ltr'>non</span> 
     </span>
    </p>
   </div>
   <div class='ocr_carea' id='block_1_42' title="bbox 372 2544 2019 2622">
    <p class='ocr_par' dir='ltr' id='par_1_42' title="bbox 372 2544 2019 2622">
     <span class='ocr_line' id='line_1_42' title="bbox 372 2544 2019 2622; baseline -0.004 -16"><span class='ocrx_word' id='word_1_320' title='bbox 372 2552 593 2622; x_wconf 86' lang='lat' dir='ltr'>peccet)</span> <span class='ocrx_word' id='word_1_321' title='bbox 626 2554 681 2604; x_wconf 91' lang='lat' dir='ltr'>et</span> <span class='ocrx_word' id='word_1_322' title='bbox 734 2549 921 2605; x_wconf 89' lang='lat' dir='ltr'>iratus</span> <span class='ocrx_word' id='word_1_323' title='bbox 976 2548 1289 2604; x_wconf 89' lang='lat' dir='ltr'>tradideris</span> <span class='ocrx_word' id='word_1_324' title='bbox 1346 2564 1443 2604; x_wconf 87' lang='lat' dir='ltr'>eos</span> <span class='ocrx_word' id='word_1_325' title='bbox 1496 2545 1752 2602; x_wconf 90' lang='lat' dir='ltr'>inimicis</span> <span class='ocrx_word' id='word_1_326' title='bbox 1783 2544 1930 2614; x_wconf 86' lang='lat' dir='ltr'>suis,</span> <span class='ocrx_word' id='word_1_327' title='bbox 1962 2548 2019 2600; x_wconf 88' lang='lat' dir='ltr'>et</span> 
     </span>
    </p>
   </div>
   <div class='ocr_carea' id='block_1_43' title="bbox 373 2634 2016 2711">
    <p class='ocr_par' dir='ltr' id='par_1_43' title="bbox 373 2634 2016 2711">
     <span class='ocr_line' id='line_1_43' title="bbox 373 2634 2016 2711; baseline -0.004 -16"><span class='ocrx_word' id='word_1_328' title='bbox 373 2639 585 2711; x_wconf 88' lang='lat' dir='ltr'>captivi</span> <span class='ocrx_word' id='word_1_329' title='bbox 618 2639 777 2694; x_wconf 90' lang='lat' dir='ltr'>ducti</span> <span class='ocrx_word' id='word_1_330' title='bbox 814 2638 1026 2694; x_wconf 83' lang='lat' dir='ltr'>fuerint</span> <span class='ocrx_word' id='word_1_331' title='bbox 1057 2638 1114 2693; x_wconf 91' lang='lat' dir='ltr'>in</span> <span class='ocrx_word' id='word_1_332' title='bbox 1146 2642 1362 2693; x_wconf 90' lang='lat' dir='ltr'>terram</span> <span class='ocrx_word' id='word_1_333' title='bbox 1394 2636 1764 2692; x_wconf 87' lang='lat' dir='ltr'>inimicorum</span> <span class='ocrx_word' id='word_1_334' title='bbox 1790 2635 1872 2706; x_wconf 88' lang='lat' dir='ltr'>(h.</span> <span class='ocrx_word' id='word_1_335' title='bbox 1904 2634 2016 2689; x_wconf 91' lang='lat' dir='ltr'>ini-</span> 
     </span>
    </p>
   </div>
   <div class='ocr_carea' id='block_1_44' title="bbox 375 2725 2016 2803">
    <p class='ocr_par' dir='ltr' id='par_1_44' title="bbox 375 2725 2016 2803">
     <span class='ocr_line' id='line_1_44' title="bbox 375 2725 2016 2803; baseline -0.004 -17"><span class='ocrx_word' id='word_1_336' title='bbox 375 2730 536 2801; x_wconf 87' lang='lat' dir='ltr'>mici)</span> <span class='ocrx_word' id='word_1_337' title='bbox 568 2730 740 2803; x_wconf 89' lang='lat' dir='ltr'>longe</span> <span class='ocrx_word' id='word_1_338' title='bbox 786 2729 873 2785; x_wconf 92' lang='lat' dir='ltr'>vel</span> <span class='ocrx_word' id='word_1_339' title='bbox 907 2745 1106 2801; x_wconf 92' lang='lat' dir='ltr'>prope,</span> <span class='ocrx_word' id='word_1_340' title='bbox 1157 2733 1213 2784; x_wconf 90' lang='lat' dir='ltr'>et</span> <span class='ocrx_word' id='word_1_341' title='bbox 1260 2728 1486 2799; x_wconf 87' lang='lat' dir='ltr'>egerint</span> <span class='ocrx_word' id='word_1_342' title='bbox 1525 2726 1924 2799; x_wconf 79' lang='lat' dir='ltr'>paenitentiam</span> <span class='ocrx_word' id='word_1_343' title='bbox 1956 2725 2016 2779; x_wconf 89' lang='lat' dir='ltr'>in</span> 
     </span>
    </p>
   </div>
   <div class='ocr_carea' id='block_1_45' title="bbox 374 2816 2017 2890">
    <p class='ocr_par' dir='ltr' id='par_1_45' title="bbox 374 2816 2017 2890">
     <span class='ocr_line' id='line_1_45' title="bbox 374 2816 2017 2890; baseline -0.003 -16"><span class='ocrx_word' id='word_1_344' title='bbox 374 2820 547 2876; x_wconf 90' lang='lat' dir='ltr'>corde</span> <span class='ocrx_word' id='word_1_345' title='bbox 601 2837 707 2875; x_wconf 92' lang='lat' dir='ltr'>suo</span> <span class='ocrx_word' id='word_1_346' title='bbox 752 2820 808 2873; x_wconf 87' lang='lat' dir='ltr'>in</span> <span class='ocrx_word' id='word_1_347' title='bbox 858 2818 984 2874; x_wconf 91' lang='lat' dir='ltr'>loco</span> <span class='ocrx_word' id='word_1_348' title='bbox 1033 2818 1386 2890; x_wconf 87' lang='lat' dir='ltr'>captivitatis</span> <span class='ocrx_word' id='word_1_349' title='bbox 1432 2816 1515 2887; x_wconf 90' lang='lat' dir='ltr'>(h.</span> <span class='ocrx_word' id='word_1_350' title='bbox 1565 2817 1621 2870; x_wconf 91' lang='lat' dir='ltr'>in</span> <span class='ocrx_word' id='word_1_351' title='bbox 1655 2821 1807 2871; x_wconf 85' lang='lat' dir='ltr'>terra</span> <span class='ocrx_word' id='word_1_352' title='bbox 1835 2818 2017 2886; x_wconf 76' lang='lat' dir='ltr'>capti-</span> 
     </span>
    </p>
   </div>
   <div class='ocr_carea' id='block_1_46' title="bbox 371 2904 2015 2980">
    <p class='ocr_par' dir='ltr' id='par_1_46' title="bbox 371 2904 2015 2980">
     <span class='ocr_line' id='line_1_46' title="bbox 371 2904 2015 2980; baseline -0.004 -16"><span class='ocrx_word' id='word_1_353' title='bbox 371 2909 625 2965; x_wconf 74' lang='lat' dir='ltr'>vantium</span> <span class='ocrx_word' id='word_1_354' title='bbox 657 2909 799 2980; x_wconf 91' lang='lat' dir='ltr'>eos),</span> <span class='ocrx_word' id='word_1_355' title='bbox 822 2916 876 2963; x_wconf 92' lang='lat' dir='ltr'>et</span> <span class='ocrx_word' id='word_1_356' title='bbox 905 2907 1169 2963; x_wconf 89' lang='lat' dir='ltr'>conversi</span> <span class='ocrx_word' id='word_1_357' title='bbox 1202 2905 1494 2978; x_wconf 87' lang='lat' dir='ltr'>deprecati</span> <span class='ocrx_word' id='word_1_358' title='bbox 1517 2910 1574 2960; x_wconf 89' lang='lat' dir='ltr'>te</span> <span class='ocrx_word' id='word_1_359' title='bbox 1606 2907 1728 2973; x_wconf 75' lang='lat' dir='ltr'>(ms.</span> <span class='ocrx_word' id='word_1_360' title='bbox 1762 2908 1908 2960; x_wconf 77' lang='lat' dir='ltr'>tacet</span> <span class='ocrx_word' id='word_1_361' title='bbox 1938 2904 2015 2975; x_wconf 89' lang='lat' dir='ltr'>te)</span> 
     </span>
    </p>
   </div>
   <div class='ocr_carea' id='block_1_47' title="bbox 372 2993 2017 3069">
    <p class='ocr_par' dir='ltr' id='par_1_47' title="bbox 372 2993 2017 3069">
     <span class='ocr_line' id='line_1_47' title="bbox 372 2993 2017 3069; baseline -0.004 -15"><span class='ocrx_word' id='word_1_362' title='bbox 372 2998 593 3054; x_wconf 83' lang='lat' dir='ltr'>fuerint</span> <span class='ocrx_word' id='word_1_363' title='bbox 637 2998 694 3053; x_wconf 92' lang='lat' dir='ltr'>in</span> <span class='ocrx_word' id='word_1_364' title='bbox 746 2996 1079 3069; x_wconf 90' lang='lat' dir='ltr'>captivitate</span> <span class='ocrx_word' id='word_1_365' title='bbox 1112 3013 1239 3062; x_wconf 88' lang='lat' dir='ltr'>sua,</span> <span class='ocrx_word' id='word_1_366' title='bbox 1288 2995 1587 3051; x_wconf 88' lang='lat' dir='ltr'>dicentes:</span> <span class='ocrx_word' id='word_1_367' title='bbox 1621 2993 2017 3058; x_wconf 88' lang='lat' dir='ltr'>Peccavimus,</span> 
     </span>
    </p>
   </div>
   <div class='ocr_carea' id='block_1_48' title="bbox 372 3081 2020 3157">
    <p class='ocr_par' dir='ltr' id='par_1_48' title="bbox 372 3081 2020 3157">
     <span class='ocr_line' id='line_1_48' title="bbox 372 3081 2020 3157; baseline -0.004 -16"><span class='ocrx_word' id='word_1_368' title='bbox 372 3087 576 3156; x_wconf 90' lang='lat' dir='ltr'>inique</span> <span class='ocrx_word' id='word_1_369' title='bbox 603 3086 852 3157; x_wconf 86' lang='lat' dir='ltr'>egimus,</span> <span class='ocrx_word' id='word_1_370' title='bbox 885 3084 1063 3156; x_wconf 89' lang='lat' dir='ltr'>impie</span> <span class='ocrx_word' id='word_1_371' title='bbox 1112 3083 1407 3155; x_wconf 88' lang='lat' dir='ltr'>gessimus</span> <span class='ocrx_word' id='word_1_372' title='bbox 1435 3100 1448 3151; x_wconf 91' lang='lat'>;</span> <span class='ocrx_word' id='word_1_373' title='bbox 1478 3086 1534 3138; x_wconf 90' lang='lat' dir='ltr'>et</span> <span class='ocrx_word' id='word_1_374' title='bbox 1559 3081 1769 3137; x_wconf 85' lang='lat' dir='ltr'>reversi</span> <span class='ocrx_word' id='word_1_375' title='bbox 1802 3081 2020 3136; x_wconf 88' lang='lat' dir='ltr'>fuerint</span> 
     </span>
    </p>
   </div>
   <div class='ocr_carea' id='block_1_49' title="bbox 373 3170 2019 3237">
    <p class='ocr_par' dir='ltr' id='par_1_49' title="bbox 373 3170 2019 3237">
     <span class='ocr_line' id='line_1_49' title="bbox 373 3170 2019 3237; baseline -0.004 -6"><span class='ocrx_word' id='word_1_376' title='bbox 373 3176 445 3231; x_wconf 89' lang='lat' dir='ltr'>ad</span> <span class='ocrx_word' id='word_1_377' title='bbox 479 3179 533 3230; x_wconf 90' lang='lat' dir='ltr'>te</span> <span class='ocrx_word' id='word_1_378' title='bbox 563 3174 622 3230; x_wconf 91' lang='lat' dir='ltr'>in</span> <span class='ocrx_word' id='word_1_379' title='bbox 655 3174 922 3229; x_wconf 90' lang='lat' dir='ltr'>universo</span> <span class='ocrx_word' id='word_1_380' title='bbox 966 3173 1137 3228; x_wconf 89' lang='lat' dir='ltr'>corde</span> <span class='ocrx_word' id='word_1_381' title='bbox 1186 3189 1317 3237; x_wconf 91' lang='lat' dir='ltr'>suo,</span> <span class='ocrx_word' id='word_1_382' title='bbox 1348 3176 1405 3227; x_wconf 89' lang='lat' dir='ltr'>et</span> <span class='ocrx_word' id='word_1_383' title='bbox 1440 3172 1499 3226; x_wconf 90' lang='lat' dir='ltr'>in</span> <span class='ocrx_word' id='word_1_384' title='bbox 1530 3175 1652 3226; x_wconf 89' lang='lat' dir='ltr'>tota</span> <span class='ocrx_word' id='word_1_385' title='bbox 1682 3170 1879 3225; x_wconf 89' lang='lat' dir='ltr'>anima</span> <span class='ocrx_word' id='word_1_386' title='bbox 1910 3186 2019 3225; x_wconf 91' lang='lat' dir='ltr'>sua</span> 
     </span>
    </p>
   </div>
   <div class='ocr_carea' id='block_1_50' title="bbox 369 3258 2016 3333">
    <p class='ocr_par' dir='ltr' id='par_1_50' title="bbox 369 3258 2016 3333">
     <span class='ocr_line' id='line_1_50' title="bbox 369 3258 2016 3333; baseline -0.002 -16"><span class='ocrx_word' id='word_1_387' title='bbox 369 3264 433 3319; x_wconf 91' lang='lat' dir='ltr'>in</span> <span class='ocrx_word' id='word_1_388' title='bbox 465 3268 619 3318; x_wconf 90' lang='lat' dir='ltr'>terra</span> <span class='ocrx_word' id='word_1_389' title='bbox 640 3262 1015 3319; x_wconf 87' lang='lat' dir='ltr'>inimicorum</span> <span class='ocrx_word' id='word_1_390' title='bbox 1049 3262 1389 3326; x_wconf 88' lang='lat' dir='ltr'>suorum,ad</span> <span class='ocrx_word' id='word_1_391' title='bbox 1418 3276 1593 3333; x_wconf 87' lang='lat' dir='ltr'>quam</span> <span class='ocrx_word' id='word_1_392' title='bbox 1620 3258 1833 3330; x_wconf 91' lang='lat' dir='ltr'>captivi</span> <span class='ocrx_word' id='word_1_393' title='bbox 1856 3258 2016 3313; x_wconf 92' lang='lat' dir='ltr'>ducti</span> 
     </span>
    </p>
   </div>
   <div class='ocr_carea' id='block_1_51' title="bbox 372 3346 2015 3421">
    <p class='ocr_par' dir='ltr' id='par_1_51' title="bbox 372 3346 2015 3421">
     <span class='ocr_line' id='line_1_51' title="bbox 372 3346 2015 3421; baseline -0.004 -13"><span class='ocrx_word' id='word_1_394' title='bbox 372 3356 514 3408; x_wconf 88' lang='lat' dir='ltr'>sunt</span> <span class='ocrx_word' id='word_1_395' title='bbox 560 3353 737 3421; x_wconf 81' lang='lat' dir='ltr'>(Vulg.</span> <span class='ocrx_word' id='word_1_396' title='bbox 790 3351 1065 3417; x_wconf 88' lang='lat' dir='ltr'>fuerint):</span> <span class='ocrx_word' id='word_1_397' title='bbox 1121 3356 1178 3406; x_wconf 90' lang='lat' dir='ltr'>et</span> <span class='ocrx_word' id='word_1_398' title='bbox 1208 3349 1500 3405; x_wconf 90' lang='lat' dir='ltr'>oraverint</span> <span class='ocrx_word' id='word_1_399' title='bbox 1543 3354 1597 3403; x_wconf 90' lang='lat' dir='ltr'>te</span> <span class='ocrx_word' id='word_1_400' title='bbox 1629 3353 1831 3403; x_wconf 89' lang='lat' dir='ltr'>contra</span> <span class='ocrx_word' id='word_1_401' title='bbox 1860 3346 2015 3402; x_wconf 87' lang='lat' dir='ltr'>viam</span> 
     </span>
    </p>
   </div>
   <div class='ocr_carea' id='block_1_52' title="bbox 372 3434 2015 3511">
    <p class='ocr_par' dir='ltr' id='par_1_52' title="bbox 372 3434 2015 3511">
     <span class='ocr_line' id='line_1_52' title="bbox 372 3434 2015 3511; baseline -0.004 -16"><span class='ocrx_word' id='word_1_402' title='bbox 372 3447 536 3496; x_wconf 65' lang='lat' dir='ltr'>terrae</span> <span class='ocrx_word' id='word_1_403' title='bbox 569 3458 708 3509; x_wconf 60' lang='lat' dir='ltr'>sum,</span> <span class='ocrx_word' id='word_1_404' title='bbox 742 3457 920 3511; x_wconf 89' lang='lat' dir='ltr'>quam</span> <span class='ocrx_word' id='word_1_405' title='bbox 965 3438 1175 3494; x_wconf 88' lang='lat' dir='ltr'>dedisti</span> <span class='ocrx_word' id='word_1_406' title='bbox 1208 3438 1472 3509; x_wconf 77' lang='lat' dir='ltr'>patribus</span> <span class='ocrx_word' id='word_1_407' title='bbox 1522 3453 1747 3504; x_wconf 86' lang='lat' dir='ltr'>eorum,</span> <span class='ocrx_word' id='word_1_408' title='bbox 1791 3441 1846 3490; x_wconf 89' lang='lat' dir='ltr'>et</span> <span class='ocrx_word' id='word_1_409' title='bbox 1876 3434 2015 3489; x_wconf 90' lang='lat' dir='ltr'>civi-</span> 
     </span>
    </p>
   </div>
   <div class='ocr_carea' id='block_1_53' title="bbox 374 3522 2012 3600">
    <p class='ocr_par' dir='ltr' id='par_1_53' title="bbox 374 3522 2012 3600">
     <span class='ocr_line' id='line_1_53' title="bbox 374 3522 2012 3600; baseline -0.004 -16"><span class='ocrx_word' id='word_1_410' title='bbox 374 3530 536 3599; x_wconf 86' lang='lat' dir='ltr'>tatis,</span> <span class='ocrx_word' id='word_1_411' title='bbox 570 3546 747 3600; x_wconf 89' lang='lat' dir='ltr'>quam</span> <span class='ocrx_word' id='word_1_412' title='bbox 802 3528 1047 3600; x_wconf 87' lang='lat' dir='ltr'>elegisti,</span> <span class='ocrx_word' id='word_1_413' title='bbox 1093 3532 1151 3582; x_wconf 91' lang='lat' dir='ltr'>et</span> <span class='ocrx_word' id='word_1_414' title='bbox 1196 3525 1402 3597; x_wconf 90' lang='lat' dir='ltr'>templi</span> <span class='ocrx_word' id='word_1_415' title='bbox 1450 3525 1531 3597; x_wconf 87' lang='lat' dir='ltr'>(h.</span> <span class='ocrx_word' id='word_1_416' title='bbox 1583 3524 1817 3593; x_wconf 88' lang='lat' dir='ltr'>domus)</span> <span class='ocrx_word' id='word_1_417' title='bbox 1860 3522 2012 3593; x_wconf 92' lang='lat' dir='ltr'>quod</span> 
     </span>
    </p>
   </div>
   <div class='ocr_carea' id='block_1_54' title="bbox 370 3612 2014 3679">
    <p class='ocr_par' dir='ltr' id='par_1_54' title="bbox 370 3612 2014 3679">
     <span class='ocr_line' id='line_1_54' title="bbox 370 3612 2014 3679; baseline -0.005 -6"><span class='ocrx_word' id='word_1_418' title='bbox 370 3618 603 3673; x_wconf 80' lang='lat' dir='ltr'>aedicavi</span> <span class='ocrx_word' id='word_1_419' title='bbox 636 3617 861 3673; x_wconf 89' lang='lat' dir='ltr'>nomini</span> <span class='ocrx_word' id='word_1_420' title='bbox 906 3622 1049 3671; x_wconf 91' lang='lat' dir='ltr'>tuo:</span> <span class='ocrx_word' id='word_1_421' title='bbox 1099 3615 1374 3671; x_wconf 86' lang='lat' dir='ltr'>exaudies</span> <span class='ocrx_word' id='word_1_422' title='bbox 1422 3614 1481 3669; x_wconf 91' lang='lat' dir='ltr'>in</span> <span class='ocrx_word' id='word_1_423' title='bbox 1528 3613 1692 3679; x_wconf 74' lang='lat' dir='ltr'>caelo,</span> <span class='ocrx_word' id='word_1_424' title='bbox 1728 3612 1784 3666; x_wconf 93' lang='lat' dir='ltr'>in</span> <span class='ocrx_word' id='word_1_425' title='bbox 1818 3612 2014 3666; x_wconf 86' lang='lat' dir='ltr'>ﬁrma-</span> 
     </span>
    </p>
   </div>
   <div class='ocr_carea' id='block_1_55' title="bbox 370 3706 2015 3776">
    <p class='ocr_par' dir='ltr' id='par_1_55' title="bbox 370 3706 2015 3776">
     <span class='ocr_line' id='line_1_55' title="bbox 370 3706 2015 3776; baseline -0.005 -13"><span class='ocrx_word' id='word_1_426' title='bbox 370 3711 568 3764; x_wconf 90' lang='lat' dir='ltr'>mento</span> <span class='ocrx_word' id='word_1_427' title='bbox 602 3706 733 3763; x_wconf 90' lang='lat' dir='ltr'>solii</span> <span class='ocrx_word' id='word_1_428' title='bbox 755 3707 862 3776; x_wconf 90' lang='lat' dir='ltr'>tui,</span> <span class='ocrx_word' id='word_1_429' title='bbox 894 3706 1187 3761; x_wconf 82' lang='lat' dir='ltr'>orationes</span> <span class='ocrx_word' id='word_1_430' title='bbox 1244 3719 1470 3772; x_wconf 90' lang='lat' dir='ltr'>eorum,</span> <span class='ocrx_word' id='word_1_431' title='bbox 1500 3708 1557 3758; x_wconf 92' lang='lat' dir='ltr'>et</span> <span class='ocrx_word' id='word_1_432' title='bbox 1587 3717 1784 3773; x_wconf 90' lang='lat' dir='ltr'>preces</span> <span class='ocrx_word' id='word_1_433' title='bbox 1813 3715 2015 3756; x_wconf 89' lang='lat' dir='ltr'>eorum</span> 
     </span>
    </p>
   </div>
   <div class='ocr_carea' id='block_1_56' title="bbox 370 3791 2015 3867">
    <p class='ocr_par' dir='ltr' id='par_1_56' title="bbox 370 3791 2015 3867">
     <span class='ocr_line' id='line_1_56' title="bbox 370 3791 2015 3867; baseline -0.004 -16"><span class='ocrx_word' id='word_1_434' title='bbox 370 3795 492 3867; x_wconf 77' lang='lat' dir='ltr'>(ms.</span> <span class='ocrx_word' id='word_1_435' title='bbox 527 3800 667 3851; x_wconf 83' lang='lat' dir='ltr'>tacet</span> <span class='ocrx_word' id='word_1_436' title='bbox 714 3797 960 3864; x_wconf 88' lang='lat' dir='ltr'>eorum),</span> <span class='ocrx_word' id='word_1_437' title='bbox 1012 3798 1070 3850; x_wconf 89' lang='lat' dir='ltr'>et</span> <span class='ocrx_word' id='word_1_438' title='bbox 1122 3792 1296 3849; x_wconf 88' lang='lat' dir='ltr'>facies</span> <span class='ocrx_word' id='word_1_439' title='bbox 1338 3791 1630 3863; x_wconf 89' lang='lat' dir='ltr'>judicium</span> <span class='ocrx_word' id='word_1_440' title='bbox 1683 3792 2015 3846; x_wconf 74' lang='lat' dir='ltr'>eorumzet</span> 
     </span>
    </p>
   </div>
   <div class='ocr_carea' id='block_1_57' title="bbox 368 3878 2012 3957">
    <p class='ocr_par' dir='ltr' id='par_1_57' title="bbox 368 3878 2012 3957">
     <span class='ocr_line' id='line_1_57' title="bbox 368 3878 2012 3957; baseline -0.004 -17"><span class='ocrx_word' id='word_1_441' title='bbox 368 3884 779 3957; x_wconf 87' lang='lat' dir='ltr'>propitiaberis</span> <span class='ocrx_word' id='word_1_442' title='bbox 829 3883 1043 3955; x_wconf 90' lang='lat' dir='ltr'>populo</span> <span class='ocrx_word' id='word_1_443' title='bbox 1074 3887 1176 3939; x_wconf 91' lang='lat' dir='ltr'>tuo</span> <span class='ocrx_word' id='word_1_444' title='bbox 1220 3882 1321 3953; x_wconf 93' lang='lat' dir='ltr'>qui</span> <span class='ocrx_word' id='word_1_445' title='bbox 1354 3880 1614 3952; x_wconf 87' lang='lat' dir='ltr'>peccavit</span> <span class='ocrx_word' id='word_1_446' title='bbox 1644 3878 1772 3947; x_wconf 89' lang='lat' dir='ltr'>tibi,</span> <span class='ocrx_word' id='word_1_447' title='bbox 1807 3882 1864 3933; x_wconf 91' lang='lat' dir='ltr'>et</span> <span class='ocrx_word' id='word_1_448' title='bbox 1891 3893 2012 3934; x_wconf 90' lang='lat' dir='ltr'>om-</span> 
     </span>
    </p>
   </div>
   <div class='ocr_carea' id='block_1_58' title="bbox 260 3966 2012 4045">
    <p class='ocr_par' dir='ltr' id='par_1_58' title="bbox 260 3966 2012 4045">
     <span class='ocr_line' id='line_1_58' title="bbox 260 3966 2012 4045; baseline -0.004 -16"><span class='ocrx_word' id='word_1_449' title='bbox 260 3976 263 3979; x_wconf 74' lang='grc'><em>’</em></span> <span class='ocrx_word' id='word_1_450' title='bbox 368 3975 544 4030; x_wconf 91' lang='lat' dir='ltr'>nibus</span> <span class='ocrx_word' id='word_1_451' title='bbox 566 3972 980 4045; x_wconf 85' lang='lat' dir='ltr'>iniquitatibus</span> <span class='ocrx_word' id='word_1_452' title='bbox 1012 3970 1461 4041; x_wconf 90' lang='lat' dir='ltr'>eorum,quibus</span> <span class='ocrx_word' id='word_1_453' title='bbox 1483 3966 1841 4040; x_wconf 79' lang='lat' dir='ltr'>praevaricati</span> <span class='ocrx_word' id='word_1_454' title='bbox 1872 3971 2012 4022; x_wconf 88' lang='lat' dir='ltr'>sunt</span> 
     </span>
    </p>
   </div>
   <div class='ocr_carea' id='block_1_59' title="bbox 367 4056 2011 4127">
    <p class='ocr_par' dir='ltr' id='par_1_59' title="bbox 367 4056 2011 4127">
     <span class='ocr_line' id='line_1_59' title="bbox 367 4056 2011 4127; baseline -0.004 -8"><span class='ocrx_word' id='word_1_455' title='bbox 367 4063 427 4118; x_wconf 90' lang='lat' dir='ltr'>in</span> <span class='ocrx_word' id='word_1_456' title='bbox 460 4069 553 4119; x_wconf 89' lang='lat' dir='ltr'>te:</span> <span class='ocrx_word' id='word_1_457' title='bbox 606 4067 663 4119; x_wconf 89' lang='lat' dir='ltr'>et</span> <span class='ocrx_word' id='word_1_458' title='bbox 708 4062 875 4118; x_wconf 87' lang='lat' dir='ltr'>dabis</span> <span class='ocrx_word' id='word_1_459' title='bbox 920 4060 1379 4118; x_wconf 88' lang='lat' dir='ltr'>misericordiam</span> <span class='ocrx_word' id='word_1_460' title='bbox 1431 4074 1625 4114; x_wconf 91' lang='lat' dir='ltr'>coram</span> <span class='ocrx_word' id='word_1_461' title='bbox 1666 4057 1750 4113; x_wconf 90' lang='lat' dir='ltr'>eis</span> <span class='ocrx_word' id='word_1_462' title='bbox 1782 4056 1882 4127; x_wconf 92' lang='lat' dir='ltr'>qui</span> <span class='ocrx_word' id='word_1_463' title='bbox 1913 4072 2011 4113; x_wconf 92' lang='lat' dir='ltr'>eos</span> 
     </span>
    </p>
   </div>
   <div class='ocr_carea' id='block_1_60' title="bbox 369 4146 2012 4225">
    <p class='ocr_par' dir='ltr' id='par_1_60' title="bbox 369 4146 2012 4225">
     <span class='ocr_line' id='line_1_60' title="bbox 369 4146 2012 4225; baseline -0.004 -17"><span class='ocrx_word' id='word_1_464' title='bbox 369 4153 627 4225; x_wconf 90' lang='lat' dir='ltr'>captivos</span> <span class='ocrx_word' id='word_1_465' title='bbox 686 4153 1017 4219; x_wconf 88' lang='lat' dir='ltr'>habuerint,</span> <span class='ocrx_word' id='word_1_466' title='bbox 1078 4156 1144 4205; x_wconf 93' lang='lat' dir='ltr'>ut</span> <span class='ocrx_word' id='word_1_467' title='bbox 1191 4150 1582 4205; x_wconf 89' lang='lat' dir='ltr'>misereantur</span> <span class='ocrx_word' id='word_1_468' title='bbox 1614 4146 1719 4202; x_wconf 90' lang='lat' dir='ltr'>eis.</span> <span class='ocrx_word' id='word_1_469' title='bbox 1752 4147 2012 4217; x_wconf 88' lang='lat' dir='ltr'>Populus</span> 
     </span>
    </p>
   </div>
   <div class='ocr_carea' id='block_1_61' title="bbox 367 4235 2012 4311">
    <p class='ocr_par' dir='ltr' id='par_1_61' title="bbox 367 4235 2012 4311">
     <span class='ocr_line' id='line_1_61' title="bbox 367 4235 2012 4311; baseline -0.004 -14"><span class='ocrx_word' id='word_1_470' title='bbox 367 4242 520 4297; x_wconf 91' lang='lat' dir='ltr'>enim</span> <span class='ocrx_word' id='word_1_471' title='bbox 546 4246 685 4297; x_wconf 90' lang='lat' dir='ltr'>tuus</span> <span class='ocrx_word' id='word_1_472' title='bbox 734 4247 839 4311; x_wconf 90' lang='lat' dir='ltr'>est,</span> <span class='ocrx_word' id='word_1_473' title='bbox 870 4245 927 4296; x_wconf 92' lang='lat' dir='ltr'>et</span> <span class='ocrx_word' id='word_1_474' title='bbox 974 4239 1281 4295; x_wconf 83' lang='lat' dir='ltr'>haereditas</span> <span class='ocrx_word' id='word_1_475' title='bbox 1325 4242 1448 4307; x_wconf 88' lang='lat' dir='ltr'>tua,</span> <span class='ocrx_word' id='word_1_476' title='bbox 1480 4253 1624 4307; x_wconf 90' lang='lat' dir='ltr'>quos</span> <span class='ocrx_word' id='word_1_477' title='bbox 1655 4235 1909 4292; x_wconf 84' lang='lat' dir='ltr'>eduxisti</span> <span class='ocrx_word' id='word_1_478' title='bbox 1941 4236 2012 4291; x_wconf 89' lang='lat' dir='ltr'>de</span> 
     </span>
    </p>
   </div>
   <div class='ocr_carea' id='block_1_62' title="bbox 368 4326 2010 4404">
    <p class='ocr_par' dir='ltr' id='par_1_62' title="bbox 368 4326 2010 4404">
     <span class='ocr_line' id='line_1_62' title="bbox 368 4326 2010 4404; baseline -0.005 -17"><span class='ocrx_word' id='word_1_479' title='bbox 368 4337 526 4388; x_wconf 90' lang='lat' dir='ltr'>terra</span> <span class='ocrx_word' id='word_1_480' title='bbox 545 4331 772 4404; x_wconf 60' lang='lat' dir='ltr'>ngypti</span> <span class='ocrx_word' id='word_1_481' title='bbox 798 4330 881 4402; x_wconf 93' lang='lat' dir='ltr'>(h.</span> <span class='ocrx_word' id='word_1_482' title='bbox 915 4331 985 4385; x_wconf 91' lang='lat' dir='ltr'>de</span> <span class='ocrx_word' id='word_1_483' title='bbox 1017 4329 1303 4401; x_wconf 66' lang='lat' dir='ltr'>Egypto),</span> <span class='ocrx_word' id='word_1_484' title='bbox 1333 4330 1403 4382; x_wconf 92' lang='lat' dir='ltr'>de</span> <span class='ocrx_word' id='word_1_485' title='bbox 1438 4327 1630 4382; x_wconf 91' lang='lat' dir='ltr'>medio</span> <span class='ocrx_word' id='word_1_486' title='bbox 1663 4330 1782 4395; x_wconf 73' lang='lat' dir='ltr'>(ms.</span> <span class='ocrx_word' id='word_1_487' title='bbox 1814 4326 2010 4396; x_wconf 87' lang='lat' dir='ltr'>domo)</span> 
     </span>
    </p>
   </div>
   <div class='ocr_carea' id='block_1_63' title="bbox 369 4414 2009 4486">
    <p class='ocr_par' dir='ltr' id='par_1_63' title="bbox 369 4414 2009 4486">
     <span class='ocr_line' id='line_1_63' title="bbox 369 4414 2009 4486; baseline -0.005 -9"><span class='ocrx_word' id='word_1_488' title='bbox 369 4421 625 4477; x_wconf 86' lang='lat' dir='ltr'>fornacis</span> <span class='ocrx_word' id='word_1_489' title='bbox 652 4421 869 4475; x_wconf 78' lang='lat' dir='ltr'>ferreae.</span> <span class='ocrx_word' id='word_1_490' title='bbox 930 4418 1004 4475; x_wconf 92' lang='lat' dir='ltr'>Ut</span> <span class='ocrx_word' id='word_1_491' title='bbox 1033 4419 1152 4474; x_wconf 89' lang='lat' dir='ltr'>sint</span> <span class='ocrx_word' id='word_1_492' title='bbox 1180 4416 1331 4472; x_wconf 90' lang='lat' dir='ltr'>oculi</span> <span class='ocrx_word' id='word_1_493' title='bbox 1373 4416 1457 4471; x_wconf 91' lang='lat' dir='ltr'>tui</span> <span class='ocrx_word' id='word_1_494' title='bbox 1487 4414 1671 4486; x_wconf 86' lang='lat' dir='ltr'>aperti</span> <span class='ocrx_word' id='word_1_495' title='bbox 1701 4415 1771 4469; x_wconf 90' lang='lat' dir='ltr'>ad</span> <span class='ocrx_word' id='word_1_496' title='bbox 1806 4414 2009 4485; x_wconf 88' lang='lat' dir='ltr'>depre-</span> 
     </span>
    </p>
   </div>
   <div class='ocr_carea' id='block_1_64' title="bbox 2122 1835 3765 1908">
    <p class='ocr_par' dir='ltr' id='par_1_64' title="bbox 2122 1835 3765 1908">
     <span class='ocr_line' id='line_1_64' title="bbox 2122 1835 3765 1908; baseline 0.003 -18"><span class='ocrx_word' id='word_1_497' title='bbox 2122 1844 2206 1891; x_wconf 72' lang='grc' dir='ltr'>σοι</span> <span class='ocrx_word' id='word_1_498' title='bbox 2236 1838 2367 1903; x_wconf 90' lang='lat' dir='ltr'>suo)</span> <span class='ocrx_word' id='word_1_499' title='bbox 2399 1835 2576 1891; x_wconf 89' lang='lat' dir='ltr'>Israel</span> <span class='ocrx_word' id='word_1_500' title='bbox 2610 1854 2710 1908; x_wconf 90' lang='lat' dir='ltr'>per</span> <span class='ocrx_word' id='word_1_501' title='bbox 2740 1838 3007 1908; x_wconf 87' lang='lat' dir='ltr'>singulos</span> <span class='ocrx_word' id='word_1_502' title='bbox 3057 1839 3183 1894; x_wconf 91' lang='lat' dir='ltr'>dies</span> <span class='ocrx_word' id='word_1_503' title='bbox 3210 1855 3222 1893; x_wconf 91' lang='lat'>:</span> <span class='ocrx_word' id='word_1_504' title='bbox 3262 1844 3319 1894; x_wconf 89' lang='lat' dir='ltr'>et</span> <span class='ocrx_word' id='word_1_505' title='bbox 3347 1839 3538 1895; x_wconf 90' lang='lat' dir='ltr'>sciant</span> <span class='ocrx_word' id='word_1_506' title='bbox 3568 1857 3765 1896; x_wconf 88' lang='lat' dir='ltr'>omnes</span> 
     </span>
    </p>
   </div>
   <div class='ocr_carea' id='block_1_65' title="bbox 2121 1924 3765 1999">
    <p class='ocr_par' dir='ltr' id='par_1_65' title="bbox 2121 1924 3765 1999">
     <span class='ocr_line' id='line_1_65' title="bbox 2121 1924 3765 1999; baseline 0.004 -19"><span class='ocrx_word' id='word_1_507' title='bbox 2121 1924 2321 1996; x_wconf 90' lang='lat' dir='ltr'>populi</span> <span class='ocrx_word' id='word_1_508' title='bbox 2347 1929 2533 1995; x_wconf 83' lang='lat' dir='ltr'>terrae,</span> <span class='ocrx_word' id='word_1_509' title='bbox 2567 1926 2705 1997; x_wconf 90' lang='lat' dir='ltr'>quia</span> <span class='ocrx_word' id='word_1_510' title='bbox 2755 1928 3038 1983; x_wconf 89' lang='lat' dir='ltr'>Dominus</span> <span class='ocrx_word' id='word_1_511' title='bbox 3070 1928 3197 1999; x_wconf 86' lang='lat' dir='ltr'>ipse</span> <span class='ocrx_word' id='word_1_512' title='bbox 3240 1934 3329 1984; x_wconf 89' lang='lat' dir='ltr'>est</span> <span class='ocrx_word' id='word_1_513' title='bbox 3358 1928 3536 1997; x_wconf 90' lang='lat' dir='ltr'>Deus,</span> <span class='ocrx_word' id='word_1_514' title='bbox 3569 1935 3627 1985; x_wconf 90' lang='lat' dir='ltr'>et</span> <span class='ocrx_word' id='word_1_515' title='bbox 3659 1947 3765 1986; x_wconf 89' lang='lat' dir='ltr'>non</span> 
     </span>
    </p>
   </div>
   <div class='ocr_carea' id='block_1_66' title="bbox 2121 2014 3764 2091">
    <p class='ocr_par' dir='ltr' id='par_1_66' title="bbox 2121 2014 3764 2091">
     <span class='ocr_line' id='line_1_66' title="bbox 2121 2014 3764 2091; baseline 0.003 -22"><span class='ocrx_word' id='word_1_516' title='bbox 2121 2018 2211 2069; x_wconf 91' lang='lat' dir='ltr'>est</span> <span class='ocrx_word' id='word_1_517' title='bbox 2242 2014 2397 2069; x_wconf 89' lang='lat' dir='ltr'>ultra</span> <span class='ocrx_word' id='word_1_518' title='bbox 2425 2015 2649 2086; x_wconf 87' lang='lat' dir='ltr'>absque</span> <span class='ocrx_word' id='word_1_519' title='bbox 2670 2032 2757 2071; x_wconf 89' lang='lat' dir='ltr'>eo.</span> <span class='ocrx_word' id='word_1_520' title='bbox 2779 2017 2864 2071; x_wconf 87' lang='lat' dir='ltr'>Sit</span> <span class='ocrx_word' id='word_1_521' title='bbox 2889 2032 3125 2088; x_wconf 91' lang='lat' dir='ltr'>quoque</span> <span class='ocrx_word' id='word_1_522' title='bbox 3156 2033 3255 2072; x_wconf 92' lang='lat' dir='ltr'>cor</span> <span class='ocrx_word' id='word_1_523' title='bbox 3284 2022 3552 2073; x_wconf 85' lang='lat' dir='ltr'>nostrum</span> <span class='ocrx_word' id='word_1_524' title='bbox 3584 2020 3764 2091; x_wconf 88' lang='lat' dir='ltr'>perfe-</span> 
     </span>
    </p>
   </div>
   <div class='ocr_carea' id='block_1_67' title="bbox 2120 2103 3763 2175">
    <p class='ocr_par' dir='ltr' id='par_1_67' title="bbox 2120 2103 3763 2175">
     <span class='ocr_line' id='line_1_67' title="bbox 2120 2103 3763 2175; baseline 0.003 -18"><span class='ocrx_word' id='word_1_525' title='bbox 2120 2106 2281 2158; x_wconf 90' lang='lat' dir='ltr'>ctum</span> <span class='ocrx_word' id='word_1_526' title='bbox 2313 2120 2448 2159; x_wconf 90' lang='lat' dir='ltr'>cum</span> <span class='ocrx_word' id='word_1_527' title='bbox 2479 2103 2726 2160; x_wconf 91' lang='lat' dir='ltr'>Domino</span> <span class='ocrx_word' id='word_1_528' title='bbox 2774 2105 2891 2160; x_wconf 90' lang='lat' dir='ltr'>Deo</span> <span class='ocrx_word' id='word_1_529' title='bbox 2939 2110 3160 2175; x_wconf 90' lang='lat' dir='ltr'>nostro,</span> <span class='ocrx_word' id='word_1_530' title='bbox 3212 2110 3277 2162; x_wconf 91' lang='lat' dir='ltr'>ut</span> <span class='ocrx_word' id='word_1_531' title='bbox 3306 2107 3681 2164; x_wconf 89' lang='lat' dir='ltr'>ambulemus</span> <span class='ocrx_word' id='word_1_532' title='bbox 3710 2108 3763 2163; x_wconf 88' lang='lat' dir='ltr'>in</span> 
     </span>
    </p>
   </div>
   <div class='ocr_carea' id='block_1_68' title="bbox 2121 2192 3765 2269">
    <p class='ocr_par' dir='ltr' id='par_1_68' title="bbox 2121 2192 3765 2269">
     <span class='ocr_line' id='line_1_68' title="bbox 2121 2192 3765 2269; baseline 0.003 -21"><span class='ocrx_word' id='word_1_533' title='bbox 2121 2192 2369 2249; x_wconf 90' lang='lat' dir='ltr'>decretis</span> <span class='ocrx_word' id='word_1_534' title='bbox 2411 2193 2561 2262; x_wconf 89' lang='lat' dir='ltr'>ejus,</span> <span class='ocrx_word' id='word_1_535' title='bbox 2595 2198 2653 2248; x_wconf 91' lang='lat' dir='ltr'>et</span> <span class='ocrx_word' id='word_1_536' title='bbox 2696 2195 3105 2251; x_wconf 89' lang='lat' dir='ltr'>custodiamus</span> <span class='ocrx_word' id='word_1_537' title='bbox 3154 2195 3238 2266; x_wconf 91' lang='lat' dir='ltr'>(h.</span> <span class='ocrx_word' id='word_1_538' title='bbox 3290 2196 3379 2251; x_wconf 88' lang='lat' dir='ltr'>Sit</span> <span class='ocrx_word' id='word_1_539' title='bbox 3408 2213 3641 2269; x_wconf 90' lang='lat' dir='ltr'>quoque</span> <span class='ocrx_word' id='word_1_540' title='bbox 3671 2214 3765 2253; x_wconf 90' lang='lat' dir='ltr'>cor</span> 
     </span>
    </p>
   </div>
   <div class='ocr_carea' id='block_1_69' title="bbox 2118 2281 3760 2352">
    <p class='ocr_par' dir='ltr' id='par_1_69' title="bbox 2118 2281 3760 2352">
     <span class='ocr_line' id='line_1_69' title="bbox 2118 2281 3760 2352; baseline 0.004 -17"><span class='ocrx_word' id='word_1_541' title='bbox 2118 2287 2378 2337; x_wconf 89' lang='lat' dir='ltr'>vestrum</span> <span class='ocrx_word' id='word_1_542' title='bbox 2424 2281 2743 2352; x_wconf 84' lang='lat' dir='ltr'>perfectum</span> <span class='ocrx_word' id='word_1_543' title='bbox 2806 2299 2940 2338; x_wconf 92' lang='lat' dir='ltr'>cum</span> <span class='ocrx_word' id='word_1_544' title='bbox 3000 2284 3247 2339; x_wconf 87' lang='lat' dir='ltr'>Domino</span> <span class='ocrx_word' id='word_1_545' title='bbox 3278 2284 3394 2340; x_wconf 90' lang='lat' dir='ltr'>Deo</span> <span class='ocrx_word' id='word_1_546' title='bbox 3443 2290 3667 2351; x_wconf 90' lang='lat' dir='ltr'>nostro,</span> <span class='ocrx_word' id='word_1_547' title='bbox 3695 2287 3760 2342; x_wconf 87' lang='lat' dir='ltr'>ad</span> 
     </span>
    </p>
   </div>
   <div class='ocr_carea' id='block_1_70' title="bbox 2121 2369 3763 2445">
    <p class='ocr_par' dir='ltr' id='par_1_70' title="bbox 2121 2369 3763 2445">
     <span class='ocr_line' id='line_1_70' title="bbox 2121 2369 3763 2445; baseline 0.002 -19"><span class='ocrx_word' id='word_1_548' title='bbox 2121 2369 2545 2426; x_wconf 86' lang='lat' dir='ltr'>ambulandum</span> <span class='ocrx_word' id='word_1_549' title='bbox 2576 2370 2636 2424; x_wconf 94' lang='lat' dir='ltr'>in</span> <span class='ocrx_word' id='word_1_550' title='bbox 2695 2371 2945 2427; x_wconf 88' lang='lat' dir='ltr'>decretis</span> <span class='ocrx_word' id='word_1_551' title='bbox 3001 2372 3152 2443; x_wconf 89' lang='lat' dir='ltr'>ejus,</span> <span class='ocrx_word' id='word_1_552' title='bbox 3204 2377 3260 2427; x_wconf 93' lang='lat' dir='ltr'>et</span> <span class='ocrx_word' id='word_1_553' title='bbox 3292 2374 3763 2445; x_wconf 91' lang='lat' dir='ltr'>custodiendum)</span> 
     </span>
    </p>
   </div>
   <div class='ocr_carea' id='block_1_71' title="bbox 2121 2459 3764 2532">
    <p class='ocr_par' dir='ltr' id='par_1_71' title="bbox 2121 2459 3764 2532">
     <span class='ocr_line' id='line_1_71' title="bbox 2121 2459 3764 2532; baseline 0.004 -19"><span class='ocrx_word' id='word_1_554' title='bbox 2121 2459 2396 2514; x_wconf 89' lang='lat' dir='ltr'>mandata</span> <span class='ocrx_word' id='word_1_555' title='bbox 2427 2459 2578 2528; x_wconf 87' lang='lat' dir='ltr'>ejus,</span> <span class='ocrx_word' id='word_1_556' title='bbox 2606 2460 2761 2515; x_wconf 89' lang='lat' dir='ltr'>sicut</span> <span class='ocrx_word' id='word_1_557' title='bbox 2790 2464 2849 2515; x_wconf 90' lang='lat' dir='ltr'>et</span> <span class='ocrx_word' id='word_1_558' title='bbox 2894 2459 3087 2516; x_wconf 90' lang='lat' dir='ltr'>hodie.</span> <span class='ocrx_word' id='word_1_559' title='bbox 3130 2461 3315 2532; x_wconf 88' lang='lat' dir='ltr'>Igitur</span> <span class='ocrx_word' id='word_1_560' title='bbox 3358 2477 3456 2517; x_wconf 85' lang='lat' dir='ltr'>rex</span> <span class='ocrx_word' id='word_1_561' title='bbox 3485 2468 3544 2518; x_wconf 93' lang='lat' dir='ltr'>et</span> <span class='ocrx_word' id='word_1_562' title='bbox 3574 2465 3764 2519; x_wconf 89' lang='lat' dir='ltr'>omnis</span> 
     </span>
    </p>
   </div>
   <div class='ocr_carea' id='block_1_72' title="bbox 2122 2548 3767 2609">
    <p class='ocr_par' dir='ltr' id='par_1_72' title="bbox 2122 2548 3767 2609">
     <span class='ocr_line' id='line_1_72' title="bbox 2122 2548 3767 2609; baseline 0.003 -5"><span class='ocrx_word' id='word_1_563' title='bbox 2122 2548 2299 2604; x_wconf 90' lang='lat' dir='ltr'>Israel</span> <span class='ocrx_word' id='word_1_564' title='bbox 2327 2565 2456 2604; x_wconf 90' lang='lat' dir='ltr'>cum</span> <span class='ocrx_word' id='word_1_565' title='bbox 2479 2565 2544 2603; x_wconf 92' lang='lat' dir='ltr'>eo</span> <span class='ocrx_word' id='word_1_566' title='bbox 2569 2548 2959 2605; x_wconf 88' lang='lat' dir='ltr'>immolabant</span> <span class='ocrx_word' id='word_1_567' title='bbox 2986 2550 3255 2607; x_wconf 84' lang='lat' dir='ltr'>victimas</span> <span class='ocrx_word' id='word_1_568' title='bbox 3276 2567 3469 2607; x_wconf 90' lang='lat' dir='ltr'>coram</span> <span class='ocrx_word' id='word_1_569' title='bbox 3494 2552 3767 2609; x_wconf 90' lang='lat' dir='ltr'>Domino.</span> 
     </span>
    </p>
   </div>
   <div class='ocr_carea' id='block_1_73' title="bbox 2123 2636 3770 2713">
    <p class='ocr_par' dir='ltr' id='par_1_73' title="bbox 2123 2636 3770 2713">
     <span class='ocr_line' id='line_1_73' title="bbox 2123 2636 3770 2713; baseline 0.004 -22"><span class='ocrx_word' id='word_1_570' title='bbox 2123 2637 2513 2708; x_wconf 90' lang='lat' dir='ltr'>Mactavitque</span> <span class='ocrx_word' id='word_1_571' title='bbox 2559 2636 2833 2693; x_wconf 90' lang='lat' dir='ltr'>Salomon</span> <span class='ocrx_word' id='word_1_572' title='bbox 2878 2638 3106 2695; x_wconf 90' lang='lat' dir='ltr'>hostias</span> <span class='ocrx_word' id='word_1_573' title='bbox 3150 2639 3447 2712; x_wconf 82' lang='lat' dir='ltr'>pacificas,</span> <span class='ocrx_word' id='word_1_574' title='bbox 3481 2657 3633 2713; x_wconf 91' lang='lat' dir='ltr'>quas</span> <span class='ocrx_word' id='word_1_575' title='bbox 3664 2641 3770 2698; x_wconf 84' lang='lat' dir='ltr'>im-</span> 
     </span>
    </p>
   </div>
   <div class='ocr_carea' id='block_1_74' title="bbox 2124 2725 3771 2800">
    <p class='ocr_par' dir='ltr' id='par_1_74' title="bbox 2124 2725 3771 2800">
     <span class='ocr_line' id='line_1_74' title="bbox 2124 2725 3771 2800; baseline 0.002 -18"><span class='ocrx_word' id='word_1_576' title='bbox 2124 2725 2362 2782; x_wconf 87' lang='lat' dir='ltr'>molavit</span> <span class='ocrx_word' id='word_1_577' title='bbox 2390 2725 2661 2796; x_wconf 91' lang='lat' dir='ltr'>Domino,</span> <span class='ocrx_word' id='word_1_578' title='bbox 2694 2727 2873 2782; x_wconf 90' lang='lat' dir='ltr'>boum</span> <span class='ocrx_word' id='word_1_579' title='bbox 2904 2727 3113 2799; x_wconf 88' lang='lat' dir='ltr'>viginti</span> <span class='ocrx_word' id='word_1_580' title='bbox 3143 2729 3258 2783; x_wconf 92' lang='lat' dir='ltr'>duo</span> <span class='ocrx_word' id='word_1_581' title='bbox 3291 2728 3520 2785; x_wconf 88' lang='lat' dir='ltr'>millia:</span> <span class='ocrx_word' id='word_1_582' title='bbox 3552 2730 3771 2800; x_wconf 88' lang='lat' dir='ltr'>ovium,</span> 
     </span>
    </p>
   </div>
   <div class='ocr_carea' id='block_1_75' title="bbox 2125 2815 3773 2891">
    <p class='ocr_par' dir='ltr' id='par_1_75' title="bbox 2125 2815 3773 2891">
     <span class='ocr_line' id='line_1_75' title="bbox 2125 2815 3773 2891; baseline 0.002 -20"><span class='ocrx_word' id='word_1_583' title='bbox 2125 2818 2360 2871; x_wconf 87' lang='lat' dir='ltr'>centum</span> <span class='ocrx_word' id='word_1_584' title='bbox 2393 2815 2642 2886; x_wconf 86' lang='lat' dir='ltr'>vinginti</span> <span class='ocrx_word' id='word_1_585' title='bbox 2674 2815 2857 2871; x_wconf 86' lang='lat' dir='ltr'>millia</span> <span class='ocrx_word' id='word_1_586' title='bbox 2885 2832 2899 2871; x_wconf 92' lang='lat'>:</span> <span class='ocrx_word' id='word_1_587' title='bbox 2946 2820 3003 2872; x_wconf 91' lang='lat' dir='ltr'>et</span> <span class='ocrx_word' id='word_1_588' title='bbox 3032 2817 3451 2874; x_wconf 87' lang='lat' dir='ltr'>dedicaverunt</span> <span class='ocrx_word' id='word_1_589' title='bbox 3490 2819 3773 2891; x_wconf 89' lang='lat' dir='ltr'>templum</span> 
     </span>
    </p>
   </div>
   <div class='ocr_carea' id='block_1_76' title="bbox 2126 2904 3773 2980">
    <p class='ocr_par' dir='ltr' id='par_1_76' title="bbox 2126 2904 3773 2980">
     <span class='ocr_line' id='line_1_76' title="bbox 2126 2904 3773 2980; baseline 0.003 -22"><span class='ocrx_word' id='word_1_590' title='bbox 2126 2904 2207 2973; x_wconf 81' lang='lat' dir='ltr'>(h.</span> <span class='ocrx_word' id='word_1_591' title='bbox 2251 2904 2515 2975; x_wconf 89' lang='lat' dir='ltr'>domum)</span> <span class='ocrx_word' id='word_1_592' title='bbox 2548 2904 2779 2959; x_wconf 91' lang='lat' dir='ltr'>Domini</span> <span class='ocrx_word' id='word_1_593' title='bbox 2807 2921 2906 2960; x_wconf 81' lang='lat' dir='ltr'>rex</span> <span class='ocrx_word' id='word_1_594' title='bbox 2930 2909 2987 2960; x_wconf 91' lang='lat' dir='ltr'>et</span> <span class='ocrx_word' id='word_1_595' title='bbox 3008 2904 3115 2961; x_wconf 85' lang='lat' dir='ltr'>ﬁlii</span> <span class='ocrx_word' id='word_1_596' title='bbox 3138 2905 3336 2963; x_wconf 88' lang='lat' dir='ltr'>Israel.</span> <span class='ocrx_word' id='word_1_597' title='bbox 3370 2911 3449 2977; x_wconf 92' lang='lat' dir='ltr'>(T.</span> <span class='ocrx_word' id='word_1_598' title='bbox 3481 2907 3683 2980; x_wconf 83' lang='lat' dir='ltr'>XXV.)</span> <span class='ocrx_word' id='word_1_599' title='bbox 3715 2908 3773 2963; x_wconf 87' lang='lat' dir='ltr'>In</span> 
     </span>
    </p>
   </div>
   <div class='ocr_carea' id='block_1_77' title="bbox 2127 2992 3775 3069">
    <p class='ocr_par' dir='ltr' id='par_1_77' title="bbox 2127 2992 3775 3069">
     <span class='ocr_line' id='line_1_77' title="bbox 2127 2992 3775 3069; baseline 0.003 -21"><span class='ocrx_word' id='word_1_600' title='bbox 2127 2994 2219 3048; x_wconf 91' lang='lat' dir='ltr'>die</span> <span class='ocrx_word' id='word_1_601' title='bbox 2249 2992 2351 3048; x_wconf 91' lang='lat' dir='ltr'>illa</span> <span class='ocrx_word' id='word_1_602' title='bbox 2394 2993 2784 3049; x_wconf 85' lang='lat' dir='ltr'>sanctificavit</span> <span class='ocrx_word' id='word_1_603' title='bbox 2830 3010 2929 3050; x_wconf 83' lang='lat' dir='ltr'>rex</span> <span class='ocrx_word' id='word_1_604' title='bbox 2973 2995 3235 3051; x_wconf 89' lang='lat' dir='ltr'>medium</span> <span class='ocrx_word' id='word_1_605' title='bbox 3274 2995 3429 3066; x_wconf 88' lang='lat' dir='ltr'>atrii,</span> <span class='ocrx_word' id='word_1_606' title='bbox 3463 2998 3621 3069; x_wconf 90' lang='lat' dir='ltr'>quod</span> <span class='ocrx_word' id='word_1_607' title='bbox 3653 3002 3775 3054; x_wconf 88' lang='lat' dir='ltr'>erat</span> 
     </span>
    </p>
   </div>
   <div class='ocr_carea' id='block_1_78' title="bbox 2128 3082 3778 3157">
    <p class='ocr_par' dir='ltr' id='par_1_78' title="bbox 2128 3082 3778 3157">
     <span class='ocr_line' id='line_1_78' title="bbox 2128 3082 3778 3157; baseline 0.004 -20"><span class='ocrx_word' id='word_1_608' title='bbox 2128 3086 2261 3138; x_wconf 90' lang='lat' dir='ltr'>ante</span> <span class='ocrx_word' id='word_1_609' title='bbox 2285 3082 2529 3138; x_wconf 90' lang='lat' dir='ltr'>domum</span> <span class='ocrx_word' id='word_1_610' title='bbox 2551 3082 2784 3138; x_wconf 91' lang='lat' dir='ltr'>Domini</span> <span class='ocrx_word' id='word_1_611' title='bbox 2811 3100 2824 3139; x_wconf 96' lang='lat'>:</span> <span class='ocrx_word' id='word_1_612' title='bbox 2850 3083 2983 3140; x_wconf 85' lang='lat' dir='ltr'>fecit</span> <span class='ocrx_word' id='word_1_613' title='bbox 3004 3083 3220 3156; x_wconf 90' lang='lat' dir='ltr'>quippe</span> <span class='ocrx_word' id='word_1_614' title='bbox 3239 3085 3319 3140; x_wconf 91' lang='lat' dir='ltr'>ibi</span> <span class='ocrx_word' id='word_1_615' title='bbox 3336 3085 3778 3157; x_wconf 88' lang='lat' dir='ltr'>holocaustum,</span> 
     </span>
    </p>
   </div>
   <div class='ocr_carea' id='block_1_79' title="bbox 2129 3171 3771 3247">
    <p class='ocr_par' dir='ltr' id='par_1_79' title="bbox 2129 3171 3771 3247">
     <span class='ocr_line' id='line_1_79' title="bbox 2129 3171 3771 3247; baseline 0.002 -20"><span class='ocrx_word' id='word_1_616' title='bbox 2129 3176 2186 3227; x_wconf 91' lang='lat' dir='ltr'>et</span> <span class='ocrx_word' id='word_1_617' title='bbox 2214 3171 2593 3238; x_wconf 84' lang='lat' dir='ltr'>sacrificium,</span> <span class='ocrx_word' id='word_1_618' title='bbox 2653 3177 2710 3228; x_wconf 88' lang='lat' dir='ltr'>et</span> <span class='ocrx_word' id='word_1_619' title='bbox 2739 3172 2970 3243; x_wconf 89' lang='lat' dir='ltr'>adipem</span> <span class='ocrx_word' id='word_1_620' title='bbox 3025 3173 3401 3244; x_wconf 86' lang='lat' dir='ltr'>pacificorum</span> <span class='ocrx_word' id='word_1_621' title='bbox 3438 3192 3452 3230; x_wconf 91' lang='lat'>:</span> <span class='ocrx_word' id='word_1_622' title='bbox 3487 3176 3771 3247; x_wconf 88' lang='lat' dir='ltr'>quoniam</span> 
     </span>
    </p>
   </div>
   <div class='ocr_carea' id='block_1_80' title="bbox 2126 3260 3776 3334">
    <p class='ocr_par' dir='ltr' id='par_1_80' title="bbox 2126 3260 3776 3334">
     <span class='ocr_line' id='line_1_80' title="bbox 2126 3260 3776 3334; baseline 0.003 -19"><span class='ocrx_word' id='word_1_623' title='bbox 2126 3260 2311 3316; x_wconf 90' lang='lat' dir='ltr'>altare</span> <span class='ocrx_word' id='word_1_624' title='bbox 2358 3276 2597 3326; x_wconf 66' lang='lat' dir='ltr'>aereum,</span> <span class='ocrx_word' id='word_1_625' title='bbox 2646 3261 2802 3332; x_wconf 91' lang='lat' dir='ltr'>quod</span> <span class='ocrx_word' id='word_1_626' title='bbox 2860 3265 2984 3316; x_wconf 92' lang='lat' dir='ltr'>erat</span> <span class='ocrx_word' id='word_1_627' title='bbox 3022 3277 3217 3317; x_wconf 90' lang='lat' dir='ltr'>coram</span> <span class='ocrx_word' id='word_1_628' title='bbox 3265 3262 3540 3334; x_wconf 82' lang='lat' dir='ltr'>Domino,</span> <span class='ocrx_word' id='word_1_629' title='bbox 3572 3265 3776 3321; x_wconf 90' lang='lat' dir='ltr'>minus</span> 
     </span>
    </p>
   </div>
   <div class='ocr_carea' id='block_1_81' title="bbox 2125 3349 3777 3424">
    <p class='ocr_par' dir='ltr' id='par_1_81' title="bbox 2125 3349 3777 3424">
     <span class='ocr_line' id='line_1_81' title="bbox 2125 3349 3777 3424; baseline 0.002 -19"><span class='ocrx_word' id='word_1_630' title='bbox 2125 3353 2268 3417; x_wconf 89' lang='lat' dir='ltr'>erat,</span> <span class='ocrx_word' id='word_1_631' title='bbox 2289 3352 2346 3404; x_wconf 89' lang='lat' dir='ltr'>et</span> <span class='ocrx_word' id='word_1_632' title='bbox 2366 3365 2572 3420; x_wconf 88' lang='lat' dir='ltr'>capere</span> <span class='ocrx_word' id='word_1_633' title='bbox 2594 3366 2708 3404; x_wconf 90' lang='lat' dir='ltr'>non</span> <span class='ocrx_word' id='word_1_634' title='bbox 2750 3354 2980 3420; x_wconf 89' lang='lat' dir='ltr'>poterat</span> <span class='ocrx_word' id='word_1_635' title='bbox 3000 3349 3407 3407; x_wconf 85' lang='lat' dir='ltr'>holocaustum</span> <span class='ocrx_word' id='word_1_636' title='bbox 3444 3353 3570 3424; x_wconf 83' lang='lat' dir='ltr'>(ms.</span> <span class='ocrx_word' id='word_1_637' title='bbox 3606 3352 3777 3410; x_wconf 84' lang='lat' dir='ltr'>holo-</span> 
     </span>
    </p>
   </div>
   <div class='ocr_carea' id='block_1_82' title="bbox 2126 3437 3778 3511">
    <p class='ocr_par' dir='ltr' id='par_1_82' title="bbox 2126 3437 3778 3511">
     <span class='ocr_line' id='line_1_82' title="bbox 2126 3437 3778 3511; baseline 0.003 -18"><span class='ocrx_word' id='word_1_638' title='bbox 2126 3437 2376 3509; x_wconf 88' lang='lat' dir='ltr'>causta),</span> <span class='ocrx_word' id='word_1_639' title='bbox 2409 3442 2465 3493; x_wconf 92' lang='lat' dir='ltr'>et</span> <span class='ocrx_word' id='word_1_640' title='bbox 2483 3438 2861 3508; x_wconf 84' lang='lat' dir='ltr'>sacriﬁcium,</span> <span class='ocrx_word' id='word_1_641' title='bbox 2893 3442 2951 3494; x_wconf 88' lang='lat' dir='ltr'>et</span> <span class='ocrx_word' id='word_1_642' title='bbox 2978 3438 3209 3508; x_wconf 88' lang='lat' dir='ltr'>adipem</span> <span class='ocrx_word' id='word_1_643' title='bbox 3244 3440 3649 3511; x_wconf 82' lang='lat' dir='ltr'>paciﬁcorum.</span> <span class='ocrx_word' id='word_1_644' title='bbox 3682 3443 3778 3498; x_wconf 87' lang='lat' dir='ltr'>Fe-</span> 
     </span>
    </p>
   </div>
   <div class='ocr_carea' id='block_1_83' title="bbox 2127 3527 3777 3600">
    <p class='ocr_par' dir='ltr' id='par_1_83' title="bbox 2127 3527 3777 3600">
     <span class='ocr_line' id='line_1_83' title="bbox 2127 3527 3777 3600; baseline 0.004 -18"><span class='ocrx_word' id='word_1_645' title='bbox 2127 3527 2205 3582; x_wconf 92' lang='lat' dir='ltr'>cit</span> <span class='ocrx_word' id='word_1_646' title='bbox 2234 3544 2370 3598; x_wconf 86' lang='lat' dir='ltr'>ergo</span> <span class='ocrx_word' id='word_1_647' title='bbox 2403 3527 2677 3583; x_wconf 89' lang='lat' dir='ltr'>Salomon</span> <span class='ocrx_word' id='word_1_648' title='bbox 2728 3528 2787 3583; x_wconf 91' lang='lat' dir='ltr'>in</span> <span class='ocrx_word' id='word_1_649' title='bbox 2832 3532 3097 3600; x_wconf 90' lang='lat' dir='ltr'>tempore</span> <span class='ocrx_word' id='word_1_650' title='bbox 3147 3528 3249 3585; x_wconf 91' lang='lat' dir='ltr'>illo</span> <span class='ocrx_word' id='word_1_651' title='bbox 3283 3529 3661 3586; x_wconf 86' lang='lat' dir='ltr'>festivitatem</span> <span class='ocrx_word' id='word_1_652' title='bbox 3688 3547 3777 3588; x_wconf 90' lang='lat' dir='ltr'>ce-</span> 
     </span>
    </p>
   </div>
   <div class='ocr_carea' id='block_1_84' title="bbox 2125 3615 3781 3693">
    <p class='ocr_par' dir='ltr' id='par_1_84' title="bbox 2125 3615 3781 3693">
     <span class='ocr_line' id='line_1_84' title="bbox 2125 3615 3781 3693; baseline 0.004 -23"><span class='ocrx_word' id='word_1_653' title='bbox 2125 3615 2368 3685; x_wconf 90' lang='lat' dir='ltr'>lebrem,</span> <span class='ocrx_word' id='word_1_654' title='bbox 2402 3620 2460 3671; x_wconf 90' lang='lat' dir='ltr'>et</span> <span class='ocrx_word' id='word_1_655' title='bbox 2484 3616 2675 3671; x_wconf 87' lang='lat' dir='ltr'>omnis</span> <span class='ocrx_word' id='word_1_656' title='bbox 2704 3616 2885 3671; x_wconf 88' lang='lat' dir='ltr'>Israel</span> <span class='ocrx_word' id='word_1_657' title='bbox 2918 3633 3049 3671; x_wconf 90' lang='lat' dir='ltr'>cum</span> <span class='ocrx_word' id='word_1_658' title='bbox 3091 3633 3179 3685; x_wconf 92' lang='lat' dir='ltr'>eo,</span> <span class='ocrx_word' id='word_1_659' title='bbox 3216 3616 3534 3675; x_wconf 88' lang='lat' dir='ltr'>multitudo</span> <span class='ocrx_word' id='word_1_660' title='bbox 3565 3636 3781 3693; x_wconf 84' lang='lat' dir='ltr'>magna</span> 
     </span>
    </p>
   </div>
   <div class='ocr_carea' id='block_1_85' title="bbox 2126 3704 3782 3780">
    <p class='ocr_par' dir='ltr' id='par_1_85' title="bbox 2126 3704 3782 3780">
     <span class='ocr_line' id='line_1_85' title="bbox 2126 3704 3782 3780; baseline 0.004 -21"><span class='ocrx_word' id='word_1_661' title='bbox 2126 3704 2198 3759; x_wconf 92' lang='lat' dir='ltr'>ab</span> <span class='ocrx_word' id='word_1_662' title='bbox 2228 3704 2475 3759; x_wconf 81' lang='lat' dir='ltr'>introitu</span> <span class='ocrx_word' id='word_1_663' title='bbox 2506 3704 2713 3759; x_wconf 89' lang='lat' dir='ltr'>Emath</span> <span class='ocrx_word' id='word_1_664' title='bbox 2747 3720 2936 3777; x_wconf 91' lang='lat' dir='ltr'>usque</span> <span class='ocrx_word' id='word_1_665' title='bbox 2967 3706 3037 3760; x_wconf 88' lang='lat' dir='ltr'>ad</span> <span class='ocrx_word' id='word_1_666' title='bbox 3074 3706 3265 3761; x_wconf 89' lang='lat' dir='ltr'>rivum</span> <span class='ocrx_word' id='word_1_667' title='bbox 3296 3708 3553 3780; x_wconf 64' lang='lat' dir='ltr'>Egypti,</span> <span class='ocrx_word' id='word_1_668' title='bbox 3582 3725 3782 3765; x_wconf 87' lang='lat' dir='ltr'>coram</span> 
     </span>
    </p>
   </div>
   <div class='ocr_carea' id='block_1_86' title="bbox 2126 3793 3783 3868">
    <p class='ocr_par' dir='ltr' id='par_1_86' title="bbox 2126 3793 3783 3868">
     <span class='ocr_line' id='line_1_86' title="bbox 2126 3793 3783 3868; baseline 0.002 -19"><span class='ocrx_word' id='word_1_669' title='bbox 2126 3793 2374 3850; x_wconf 89' lang='lat' dir='ltr'>Domino</span> <span class='ocrx_word' id='word_1_670' title='bbox 2406 3793 2522 3848; x_wconf 90' lang='lat' dir='ltr'>Deo</span> <span class='ocrx_word' id='word_1_671' title='bbox 2543 3798 2766 3863; x_wconf 88' lang='lat' dir='ltr'>nostro,</span> <span class='ocrx_word' id='word_1_672' title='bbox 2801 3797 3025 3866; x_wconf 89' lang='lat' dir='ltr'>septem</span> <span class='ocrx_word' id='word_1_673' title='bbox 3059 3795 3289 3862; x_wconf 89' lang='lat' dir='ltr'>diebus,</span> <span class='ocrx_word' id='word_1_674' title='bbox 3317 3801 3376 3851; x_wconf 89' lang='lat' dir='ltr'>et</span> <span class='ocrx_word' id='word_1_675' title='bbox 3404 3804 3631 3868; x_wconf 86' lang='lat' dir='ltr'>septem</span> <span class='ocrx_word' id='word_1_676' title='bbox 3663 3798 3783 3853; x_wconf 89' lang='lat' dir='ltr'>die-</span> 
     </span>
    </p>
   </div>
   <div class='ocr_carea' id='block_1_87' title="bbox 2126 3881 3784 3957">
    <p class='ocr_par' dir='ltr' id='par_1_87' title="bbox 2126 3881 3784 3957">
     <span class='ocr_line' id='line_1_87' title="bbox 2126 3881 3784 3957; baseline 0.002 -20"><span class='ocrx_word' id='word_1_677' title='bbox 2126 3883 2256 3952; x_wconf 89' lang='lat' dir='ltr'>bus,</span> <span class='ocrx_word' id='word_1_678' title='bbox 2283 3881 2342 3936; x_wconf 91' lang='lat' dir='ltr'>id</span> <span class='ocrx_word' id='word_1_679' title='bbox 2375 3887 2485 3952; x_wconf 88' lang='lat' dir='ltr'>est,</span> <span class='ocrx_word' id='word_1_680' title='bbox 2519 3882 2967 3953; x_wconf 86' lang='lat' dir='ltr'>quatuordecim</span> <span class='ocrx_word' id='word_1_681' title='bbox 3016 3882 3246 3940; x_wconf 90' lang='lat' dir='ltr'>diebus.</span> <span class='ocrx_word' id='word_1_682' title='bbox 3292 3886 3375 3955; x_wconf 88' lang='lat' dir='ltr'>(T.</span> <span class='ocrx_word' id='word_1_683' title='bbox 3408 3885 3689 3957; x_wconf 84' lang='lat' dir='ltr'>XXXVI.)</span> <span class='ocrx_word' id='word_1_684' title='bbox 3718 3887 3784 3942; x_wconf 88' lang='lat' dir='ltr'>Et</span> 
     </span>
    </p>
   </div>
   <div class='ocr_carea' id='block_1_88' title="bbox 2122 3971 3781 4053">
    <p class='ocr_par' dir='ltr' id='par_1_88' title="bbox 2122 3971 3781 4053">
     <span class='ocr_line' id='line_1_88' title="bbox 2122 3971 3781 4053; baseline 0.002 -27"><span class='ocrx_word' id='word_1_685' title='bbox 2122 3983 2252 4053; x_wconf 74' lang='lat' dir='ltr'>(ms.</span> <span class='ocrx_word' id='word_1_686' title='bbox 2283 3974 2421 4027; x_wconf 79' lang='lat' dir='ltr'>tacet</span> <span class='ocrx_word' id='word_1_687' title='bbox 2471 3972 2557 4039; x_wconf 88' lang='lat' dir='ltr'>Et)</span> <span class='ocrx_word' id='word_1_688' title='bbox 2613 3972 2671 4025; x_wconf 91' lang='lat' dir='ltr'>in</span> <span class='ocrx_word' id='word_1_689' title='bbox 2705 3971 2799 4026; x_wconf 87' lang='lat' dir='ltr'>die</span> <span class='ocrx_word' id='word_1_690' title='bbox 2832 3975 3033 4027; x_wconf 90' lang='lat' dir='ltr'>octava</span> <span class='ocrx_word' id='word_1_691' title='bbox 3064 3972 3291 4028; x_wconf 90' lang='lat' dir='ltr'>dimisit</span> <span class='ocrx_word' id='word_1_692' title='bbox 3319 3975 3607 4046; x_wconf 88' lang='lat' dir='ltr'>populum</span> <span class='ocrx_word' id='word_1_693' title='bbox 3637 3993 3650 4031; x_wconf 92' lang='lat'>:</span> <span class='ocrx_word' id='word_1_694' title='bbox 3683 3974 3781 4047; x_wconf 86' lang='lat' dir='ltr'>qui</span> 
     </span>
    </p>
   </div>
   <div class='ocr_carea' id='block_1_89' title="bbox 2122 4060 3782 4131">
    <p class='ocr_par' dir='ltr' id='par_1_89' title="bbox 2122 4060 3782 4131">
     <span class='ocr_line' id='line_1_89' title="bbox 2122 4060 3782 4131; baseline 0.002 -16"><span class='ocrx_word' id='word_1_695' title='bbox 2122 4060 2539 4116; x_wconf 90' lang='lat' dir='ltr'>benedicentes</span> <span class='ocrx_word' id='word_1_696' title='bbox 2575 4060 2717 4131; x_wconf 85' lang='lat' dir='ltr'>regi,</span> <span class='ocrx_word' id='word_1_697' title='bbox 2745 4060 2990 4131; x_wconf 89' lang='lat' dir='ltr'>profecti</span> <span class='ocrx_word' id='word_1_698' title='bbox 3028 4068 3165 4115; x_wconf 90' lang='lat' dir='ltr'>sunt</span> <span class='ocrx_word' id='word_1_699' title='bbox 3189 4061 3249 4117; x_wconf 90' lang='lat' dir='ltr'>in</span> <span class='ocrx_word' id='word_1_700' title='bbox 3269 4061 3649 4119; x_wconf 88' lang='lat' dir='ltr'>tabernacula</span> <span class='ocrx_word' id='word_1_701' title='bbox 3677 4080 3782 4119; x_wconf 79' lang='lat' dir='ltr'>sua</span> 
     </span>
    </p>
   </div>
   <div class='ocr_carea' id='block_1_90' title="bbox 2122 4148 3779 4224">
    <p class='ocr_par' dir='ltr' id='par_1_90' title="bbox 2122 4148 3779 4224">
     <span class='ocr_line' id='line_1_90' title="bbox 2122 4148 3779 4224; baseline 0.003 -20"><span class='ocrx_word' id='word_1_702' title='bbox 2122 4150 2408 4217; x_wconf 69' lang='lat' dir='ltr'>laetantes,</span> <span class='ocrx_word' id='word_1_703' title='bbox 2434 4153 2489 4205; x_wconf 91' lang='lat' dir='ltr'>et</span> <span class='ocrx_word' id='word_1_704' title='bbox 2509 4148 2690 4204; x_wconf 90' lang='lat' dir='ltr'>alacri</span> <span class='ocrx_word' id='word_1_705' title='bbox 2722 4149 2896 4205; x_wconf 91' lang='lat' dir='ltr'>corde</span> <span class='ocrx_word' id='word_1_706' title='bbox 2927 4166 3105 4221; x_wconf 89' lang='lat' dir='ltr'>super</span> <span class='ocrx_word' id='word_1_707' title='bbox 3136 4152 3409 4207; x_wconf 89' lang='lat' dir='ltr'>omnibus</span> <span class='ocrx_word' id='word_1_708' title='bbox 3442 4151 3621 4209; x_wconf 89' lang='lat' dir='ltr'>bonis</span> <span class='ocrx_word' id='word_1_709' title='bbox 3655 4170 3779 4224; x_wconf 67' lang='lat' dir='ltr'>qua</span> 
     </span>
    </p>
   </div>
   <div class='ocr_carea' id='block_1_91' title="bbox 2121 4238 3778 4315">
    <p class='ocr_par' dir='ltr' id='par_1_91' title="bbox 2121 4238 3778 4315">
     <span class='ocr_line' id='line_1_91' title="bbox 2121 4238 3778 4315; baseline 0.001 -19"><span class='ocrx_word' id='word_1_710' title='bbox 2121 4244 2337 4302; x_wconf 86' lang='lat' dir='ltr'>fecerat</span> <span class='ocrx_word' id='word_1_711' title='bbox 2365 4238 2652 4295; x_wconf 91' lang='lat' dir='ltr'>Dominus</span> <span class='ocrx_word' id='word_1_712' title='bbox 2687 4238 2862 4294; x_wconf 89' lang='lat' dir='ltr'>David</span> <span class='ocrx_word' id='word_1_713' title='bbox 2917 4255 3082 4295; x_wconf 90' lang='lat' dir='ltr'>servo</span> <span class='ocrx_word' id='word_1_714' title='bbox 3120 4256 3226 4295; x_wconf 89' lang='lat' dir='ltr'>suo</span> <span class='ocrx_word' id='word_1_715' title='bbox 3258 4244 3317 4297; x_wconf 88' lang='lat' dir='ltr'>et</span> <span class='ocrx_word' id='word_1_716' title='bbox 3348 4241 3530 4297; x_wconf 89' lang='lat' dir='ltr'>Israel</span> <span class='ocrx_word' id='word_1_717' title='bbox 3564 4241 3778 4315; x_wconf 91' lang='lat' dir='ltr'>populo</span> 
     </span>
    </p>
   </div>
   <div class='ocr_carea' id='block_1_92' title="bbox 2125 4345 2255 4383">
    <p class='ocr_par' dir='ltr' id='par_1_92' title="bbox 2125 4345 2255 4383">
     <span class='ocr_line' id='line_1_92' title="bbox 2125 4345 2255 4383; baseline -0.008 0"><span class='ocrx_word' id='word_1_718' title='bbox 2125 4345 2255 4383; x_wconf 75' lang='grc'>8110.</span> 
     </span>
    </p>
   </div>
   <div class='ocr_carea' id='block_1_93' title="bbox 2190 4416 3789 4490">
    <p class='ocr_par' dir='ltr' id='par_1_93' title="bbox 2190 4416 3789 4490">
     <span class='ocr_line' id='line_1_93' title="bbox 2190 4416 3789 4490; baseline 0.003 -18"><span class='ocrx_word' id='word_1_719' title='bbox 2190 4417 2342 4488; x_wconf 83' lang='lat' dir='ltr'>(Cap.</span> <span class='ocrx_word' id='word_1_720' title='bbox 2378 4416 2498 4488; x_wconf 84' lang='lat' dir='ltr'>1X.)</span> <span class='ocrx_word' id='word_1_721' title='bbox 2532 4417 2770 4473; x_wconf 89' lang='lat' dir='ltr'>Factum</span> <span class='ocrx_word' id='word_1_722' title='bbox 2794 4421 2885 4473; x_wconf 90' lang='lat' dir='ltr'>est</span> <span class='ocrx_word' id='word_1_723' title='bbox 2916 4422 3113 4473; x_wconf 90' lang='lat' dir='ltr'>autem</span> <span class='ocrx_word' id='word_1_724' title='bbox 3149 4434 3282 4473; x_wconf 92' lang='lat' dir='ltr'>cum</span> <span class='ocrx_word' id='word_1_725' title='bbox 3307 4419 3657 4490; x_wconf 86' lang='lat' dir='ltr'>perfecisset</span> <span class='ocrx_word' id='word_1_726' title='bbox 3683 4420 3789 4476; x_wconf 87' lang='lat' dir='ltr'>Sa-</span> 
     </span>
    </p>
   </div>
   <div class='ocr_carea' id='block_1_94' title="bbox 373 4501 3793 4578">
    <p class='ocr_par' dir='ltr' id='par_1_94' title="bbox 373 4501 3793 4578">
     <span class='ocr_line' id='line_1_94' title="bbox 373 4501 3793 4578; baseline -0.003 -12"><span class='ocrx_word' id='word_1_727' title='bbox 373 4510 663 4566; x_wconf 85' lang='lat' dir='ltr'>cationem</span> <span class='ocrx_word' id='word_1_728' title='bbox 718 4508 869 4565; x_wconf 90' lang='lat' dir='ltr'>servi</span> <span class='ocrx_word' id='word_1_729' title='bbox 899 4508 1005 4576; x_wconf 89' lang='lat' dir='ltr'>tui,</span> <span class='ocrx_word' id='word_1_730' title='bbox 1065 4511 1123 4562; x_wconf 88' lang='lat' dir='ltr'>et</span> <span class='ocrx_word' id='word_1_731' title='bbox 1178 4505 1379 4578; x_wconf 90' lang='lat' dir='ltr'>populi</span> <span class='ocrx_word' id='word_1_732' title='bbox 1436 4504 1523 4560; x_wconf 88' lang='lat' dir='ltr'>tui</span> <span class='ocrx_word' id='word_1_733' title='bbox 1581 4504 1704 4575; x_wconf 79' lang='lat' dir='ltr'>(ms.</span> <span class='ocrx_word' id='word_1_734' title='bbox 1745 4508 1885 4559; x_wconf 76' lang='lat' dir='ltr'>tacet</span> <span class='ocrx_word' id='word_1_735' title='bbox 1914 4501 2019 4574; x_wconf 92' lang='lat' dir='ltr'>tui)</span> <span class='ocrx_word' id='word_1_736' title='bbox 2055 4508 2103 4571; x_wconf 75' lang='grc' dir='ltr'>Β</span> <span class='ocrx_word' id='word_1_737' title='bbox 2133 4506 2333 4562; x_wconf 87' lang='lat' dir='ltr'>lomon</span> <span class='ocrx_word' id='word_1_738' title='bbox 2364 4506 2675 4561; x_wconf 77' lang='lat' dir='ltr'>aediﬁcium</span> <span class='ocrx_word' id='word_1_739' title='bbox 2707 4507 2918 4562; x_wconf 85' lang='lat' dir='ltr'>domus</span> <span class='ocrx_word' id='word_1_740' title='bbox 2966 4506 3225 4575; x_wconf 77' lang='lat' dir='ltr'>Domini,</span> <span class='ocrx_word' id='word_1_741' title='bbox 3259 4512 3316 4563; x_wconf 75' lang='lat' dir='ltr'>et</span> <span class='ocrx_word' id='word_1_742' title='bbox 3346 4508 3667 4565; x_wconf 66' lang='lat' dir='ltr'>aedificium</span> <span class='ocrx_word' id='word_1_743' title='bbox 3700 4525 3793 4565; x_wconf 77' lang='grc' dir='ltr'>ιιο-</span> 
     </span>
    </p>
   </div>
   <div class='ocr_carea' id='block_1_95' title="bbox 379 4592 2021 4667">
    <p class='ocr_par' dir='ltr' id='par_1_95' title="bbox 379 4592 2021 4667">
     <span class='ocr_line' id='line_1_95' title="bbox 379 4592 2021 4667; baseline -0.004 -15"><span class='ocrx_word' id='word_1_744' title='bbox 379 4598 645 4667; x_wconf 88' lang='lat' dir='ltr'>Israel,et</span> <span class='ocrx_word' id='word_1_745' title='bbox 675 4597 955 4653; x_wconf 86' lang='lat' dir='ltr'>exaudias</span> <span class='ocrx_word' id='word_1_746' title='bbox 986 4613 1087 4653; x_wconf 92' lang='lat' dir='ltr'>eos</span> <span class='ocrx_word' id='word_1_747' title='bbox 1117 4596 1177 4651; x_wconf 91' lang='lat' dir='ltr'>in</span> <span class='ocrx_word' id='word_1_748' title='bbox 1216 4593 1504 4650; x_wconf 89' lang='lat' dir='ltr'>universis</span> <span class='ocrx_word' id='word_1_749' title='bbox 1544 4610 1646 4665; x_wconf 90' lang='lat' dir='ltr'>pro</span> <span class='ocrx_word' id='word_1_750' title='bbox 1679 4592 1898 4664; x_wconf 81' lang='lat' dir='ltr'>quibus</span> <span class='ocrx_word' id='word_1_751' title='bbox 1927 4592 2021 4646; x_wconf 88' lang='lat' dir='ltr'>in-</span> 
     </span>
    </p>
   </div>
   <div class='ocr_carea' id='block_1_96' title="bbox 372 4681 2021 4756">
    <p class='ocr_par' dir='ltr' id='par_1_96' title="bbox 372 4681 2021 4756">
     <span class='ocr_line' id='line_1_96' title="bbox 372 4681 2021 4756; baseline -0.003 -13"><span class='ocrx_word' id='word_1_752' title='bbox 372 4688 709 4744; x_wconf 87' lang='lat' dir='ltr'>vocaverint</span> <span class='ocrx_word' id='word_1_753' title='bbox 740 4691 815 4743; x_wconf 90' lang='lat' dir='ltr'>te.</span> <span class='ocrx_word' id='word_1_754' title='bbox 849 4688 934 4742; x_wconf 91' lang='lat' dir='ltr'>Tu</span> <span class='ocrx_word' id='word_1_755' title='bbox 967 4685 1123 4741; x_wconf 89' lang='lat' dir='ltr'>enim</span> <span class='ocrx_word' id='word_1_756' title='bbox 1156 4684 1445 4756; x_wconf 77' lang='lat' dir='ltr'>separasti</span> <span class='ocrx_word' id='word_1_757' title='bbox 1476 4699 1576 4739; x_wconf 91' lang='lat' dir='ltr'>eos</span> <span class='ocrx_word' id='word_1_758' title='bbox 1607 4682 1714 4738; x_wconf 88' lang='lat' dir='ltr'>tibi</span> <span class='ocrx_word' id='word_1_759' title='bbox 1746 4681 1805 4738; x_wconf 90' lang='lat' dir='ltr'>in</span> <span class='ocrx_word' id='word_1_760' title='bbox 1837 4682 2021 4738; x_wconf 81' lang='lat' dir='ltr'>haere-</span> 
     </span>
    </p>
   </div>
   <div class='ocr_carea' id='block_1_97' title="bbox 374 4770 2025 4847">
    <p class='ocr_par' dir='ltr' id='par_1_97' title="bbox 374 4770 2025 4847">
     <span class='ocr_line' id='line_1_97' title="bbox 374 4770 2025 4847; baseline -0.003 -15"><span class='ocrx_word' id='word_1_761' title='bbox 374 4776 617 4832; x_wconf 89' lang='lat' dir='ltr'>ditatem</span> <span class='ocrx_word' id='word_1_762' title='bbox 642 4777 713 4832; x_wconf 92' lang='lat' dir='ltr'>de</span> <span class='ocrx_word' id='word_1_763' title='bbox 735 4776 1023 4832; x_wconf 84' lang='lat' dir='ltr'>universis</span> <span class='ocrx_word' id='word_1_764' title='bbox 1056 4774 1289 4847; x_wconf 90' lang='lat' dir='ltr'>populis</span> <span class='ocrx_word' id='word_1_765' title='bbox 1314 4778 1501 4845; x_wconf 68' lang='lat' dir='ltr'>terrae,</span> <span class='ocrx_word' id='word_1_766' title='bbox 1532 4772 1682 4828; x_wconf 90' lang='lat' dir='ltr'>sicut</span> <span class='ocrx_word' id='word_1_767' title='bbox 1703 4770 1935 4827; x_wconf 89' lang='lat' dir='ltr'>locutus</span> <span class='ocrx_word' id='word_1_768' title='bbox 1961 4785 2025 4827; x_wconf 86' lang='lat' dir='ltr'>es</span> 
     </span>
    </p>
   </div>
   <div class='ocr_carea' id='block_1_98' title="bbox 374 4856 2024 4938">
    <p class='ocr_par' dir='ltr' id='par_1_98' title="bbox 374 4856 2024 4938">
     <span class='ocr_line' id='line_1_98' title="bbox 374 4856 2024 4938; baseline -0.005 -17"><span class='ocrx_word' id='word_1_769' title='bbox 374 4881 479 4938; x_wconf 93' lang='lat' dir='ltr'>per</span> <span class='ocrx_word' id='word_1_770' title='bbox 507 4865 706 4921; x_wconf 90' lang='lat' dir='ltr'>Mosen</span> <span class='ocrx_word' id='word_1_771' title='bbox 730 4881 961 4921; x_wconf 88' lang='lat' dir='ltr'>servum</span> <span class='ocrx_word' id='word_1_772' title='bbox 986 4868 1151 4919; x_wconf 92' lang='lat' dir='ltr'>tuum</span> <span class='ocrx_word' id='word_1_773' title='bbox 1175 4864 1256 4935; x_wconf 93' lang='lat' dir='ltr'>(h.</span> <span class='ocrx_word' id='word_1_774' title='bbox 1282 4879 1385 4933; x_wconf 91' lang='lat' dir='ltr'>per</span> <span class='ocrx_word' id='word_1_775' title='bbox 1405 4878 1646 4917; x_wconf 89' lang='lat' dir='ltr'>manum</span> <span class='ocrx_word' id='word_1_776' title='bbox 1673 4859 1853 4933; x_wconf 85' lang='lat' dir='ltr'>Moysi</span> <span class='ocrx_word' id='word_1_777' title='bbox 1874 4856 2024 4915; x_wconf 89' lang='lat' dir='ltr'>servi</span> 
     </span>
    </p>
   </div>
   <div class='ocr_carea' id='block_1_99' title="bbox 373 4951 2025 5028">
    <p class='ocr_par' dir='ltr' id='par_1_99' title="bbox 373 4951 2025 5028">
     <span class='ocr_line' id='line_1_99' title="bbox 373 4951 2025 5028; baseline -0.003 -18"><span class='ocrx_word' id='word_1_778' title='bbox 373 4956 507 5024; x_wconf 92' lang='lat' dir='ltr'>tui),</span> <span class='ocrx_word' id='word_1_779' title='bbox 542 4956 776 5028; x_wconf 91' lang='lat' dir='ltr'>quando</span> <span class='ocrx_word' id='word_1_780' title='bbox 829 4956 1078 5011; x_wconf 88' lang='lat' dir='ltr'>eduxisti</span> <span class='ocrx_word' id='word_1_781' title='bbox 1122 4959 1316 5025; x_wconf 86' lang='lat' dir='ltr'>patres</span> <span class='ocrx_word' id='word_1_782' title='bbox 1350 4958 1581 5008; x_wconf 89' lang='lat' dir='ltr'>nostros</span> <span class='ocrx_word' id='word_1_783' title='bbox 1635 4952 1709 5007; x_wconf 92' lang='lat' dir='ltr'>de</span> <span class='ocrx_word' id='word_1_784' title='bbox 1759 4951 2025 5025; x_wconf 65' lang='lat' dir='ltr'>Egypto,</span> 
     </span>
    </p>
   </div>
   <div class='ocr_carea' id='block_1_100' title="bbox 377 5044 2025 5117">
    <p class='ocr_par' dir='ltr' id='par_1_100' title="bbox 377 5044 2025 5117">
     <span class='ocr_line' id='line_1_100' title="bbox 377 5044 2025 5117; baseline -0.003 -17"><span class='ocrx_word' id='word_1_785' title='bbox 377 5045 624 5102; x_wconf 88' lang='lat' dir='ltr'>Domine</span> <span class='ocrx_word' id='word_1_786' title='bbox 656 5046 829 5102; x_wconf 91' lang='lat' dir='ltr'>Deus.</span> <span class='ocrx_word' id='word_1_787' title='bbox 866 5046 954 5117; x_wconf 93' lang='lat' dir='ltr'>(T.</span> <span class='ocrx_word' id='word_1_788' title='bbox 986 5044 1220 5115; x_wconf 83' lang='lat' dir='ltr'>XXIV.)</span> <span class='ocrx_word' id='word_1_789' title='bbox 1252 5044 1493 5099; x_wconf 87' lang='lat' dir='ltr'>Factum</span> <span class='ocrx_word' id='word_1_790' title='bbox 1525 5046 1615 5098; x_wconf 89' lang='lat' dir='ltr'>est</span> <span class='ocrx_word' id='word_1_791' title='bbox 1644 5044 1863 5107; x_wconf 87' lang='lat' dir='ltr'>autem,</span> <span class='ocrx_word' id='word_1_792' title='bbox 1889 5056 2025 5096; x_wconf 91' lang='lat' dir='ltr'>cum</span> 
     </span>
    </p>
   </div>
   <div class='ocr_carea' id='block_1_101' title="bbox 375 5132 2026 5206">
    <p class='ocr_par' dir='ltr' id='par_1_101' title="bbox 375 5132 2026 5206">
     <span class='ocr_line' id='line_1_101' title="bbox 375 5132 2026 5206; baseline -0.004 -16"><span class='ocrx_word' id='word_1_793' title='bbox 375 5134 734 5206; x_wconf 89' lang='lat' dir='ltr'>complesset</span> <span class='ocrx_word' id='word_1_794' title='bbox 754 5134 1030 5189; x_wconf 86' lang='lat' dir='ltr'>Salomon</span> <span class='ocrx_word' id='word_1_795' title='bbox 1062 5149 1237 5187; x_wconf 89' lang='lat' dir='ltr'>orans</span> <span class='ocrx_word' id='word_1_796' title='bbox 1282 5132 1590 5187; x_wconf 85' lang='lat' dir='ltr'>Dominum</span> <span class='ocrx_word' id='word_1_797' title='bbox 1625 5145 1859 5185; x_wconf 90' lang='lat' dir='ltr'>omnem</span> <span class='ocrx_word' id='word_1_798' title='bbox 1893 5146 2026 5184; x_wconf 59' lang='lat' dir='ltr'>ora-</span> 
     </span>
    </p>
   </div>
   <div class='ocr_carea' id='block_1_102' title="bbox 376 5217 2026 5295">
    <p class='ocr_par' dir='ltr' id='par_1_102' title="bbox 376 5217 2026 5295">
     <span class='ocr_line' id='line_1_102' title="bbox 376 5217 2026 5295; baseline -0.004 -17"><span class='ocrx_word' id='word_1_799' title='bbox 376 5223 602 5279; x_wconf 86' lang='lat' dir='ltr'>tionem</span> <span class='ocrx_word' id='word_1_800' title='bbox 625 5228 682 5280; x_wconf 90' lang='lat' dir='ltr'>et</span> <span class='ocrx_word' id='word_1_801' title='bbox 702 5221 1171 5295; x_wconf 89' lang='lat' dir='ltr'>deprecationem</span> <span class='ocrx_word' id='word_1_802' title='bbox 1206 5219 1381 5290; x_wconf 90' lang='lat' dir='ltr'>hanc,</span> <span class='ocrx_word' id='word_1_803' title='bbox 1404 5217 1655 5275; x_wconf 84' lang='lat' dir='ltr'>surrexit</span> <span class='ocrx_word' id='word_1_804' title='bbox 1690 5219 1760 5273; x_wconf 93' lang='lat' dir='ltr'>de</span> <span class='ocrx_word' id='word_1_805' title='bbox 1783 5234 2026 5289; x_wconf 90' lang='lat' dir='ltr'>conspe-</span> 
     </span>
    </p>
   </div>
   <div class='ocr_carea' id='block_1_103' title="bbox 378 5306 2028 5381">
    <p class='ocr_par' dir='ltr' id='par_1_103' title="bbox 378 5306 2028 5381">
     <span class='ocr_line' id='line_1_103' title="bbox 378 5306 2028 5381; baseline -0.004 -11"><span class='ocrx_word' id='word_1_806' title='bbox 378 5318 476 5370; x_wconf 86' lang='lat' dir='ltr'>ctu</span> <span class='ocrx_word' id='word_1_807' title='bbox 500 5312 705 5370; x_wconf 90' lang='lat' dir='ltr'>altaris</span> <span class='ocrx_word' id='word_1_808' title='bbox 739 5310 965 5368; x_wconf 91' lang='lat' dir='ltr'>Domini</span> <span class='ocrx_word' id='word_1_809' title='bbox 994 5326 1007 5377; x_wconf 91' lang='lat'><strong>;</strong></span> <span class='ocrx_word' id='word_1_810' title='bbox 1031 5315 1350 5380; x_wconf 89' lang='lat' dir='ltr'>utrumque</span> <span class='ocrx_word' id='word_1_811' title='bbox 1374 5307 1530 5365; x_wconf 89' lang='lat' dir='ltr'>enim</span> <span class='ocrx_word' id='word_1_812' title='bbox 1558 5324 1711 5381; x_wconf 86' lang='lat' dir='ltr'>genu</span> <span class='ocrx_word' id='word_1_813' title='bbox 1733 5306 1794 5361; x_wconf 88' lang='lat' dir='ltr'>in</span> <span class='ocrx_word' id='word_1_814' title='bbox 1813 5311 2028 5364; x_wconf 87' lang='lat' dir='ltr'>terram</span> 
     </span>
    </p>
   </div>
   <div class='ocr_carea' id='block_1_104' title="bbox 452 5545 1532 5619">
    <p class='ocr_par' dir='ltr' id='par_1_104' title="bbox 452 5545 1532 5619">
     <span class='ocr_line' id='line_1_104' title="bbox 452 5545 1532 5619; baseline -0.006 -16"><span class='ocrx_word' id='word_1_815' title='bbox 452 5551 467 5586; x_wconf 86' lang='grc'>¹</span> <span class='ocrx_word' id='word_1_816' title='bbox 502 5549 662 5605; x_wconf 87' lang='lat' dir='ltr'>Idem</span> <span class='ocrx_word' id='word_1_817' title='bbox 692 5564 777 5604; x_wconf 90' lang='lat' dir='ltr'>m.</span> <span class='ocrx_word' id='word_1_818' title='bbox 816 5562 917 5619; x_wconf 83' lang='lat' dir='ltr'>per</span> <span class='ocrx_word' id='word_1_819' title='bbox 947 5545 1096 5602; x_wconf 84' lang='lat' dir='ltr'>viam</span> <span class='ocrx_word' id='word_1_820' title='bbox 1126 5556 1532 5615; x_wconf 81' lang='lat' dir='ltr'>quamcunque.</span> 
     </span>
    </p>
   </div>
   <div class='ocr_carea' id='block_1_105' title="bbox 2131 4596 3795 4670">
    <p class='ocr_par' dir='ltr' id='par_1_105' title="bbox 2131 4596 3795 4670">
     <span class='ocr_line' id='line_1_105' title="bbox 2131 4596 3795 4670; baseline 0.002 -20"><span class='ocrx_word' id='word_1_821' title='bbox 2131 4597 2221 4669; x_wconf 89' lang='lat' dir='ltr'>gis</span> <span class='ocrx_word' id='word_1_822' title='bbox 2252 4596 2333 4661; x_wconf 92' lang='lat' dir='ltr'>(h.</span> <span class='ocrx_word' id='word_1_823' title='bbox 2368 4600 2425 4651; x_wconf 91' lang='lat' dir='ltr'>et</span> <span class='ocrx_word' id='word_1_824' title='bbox 2455 4596 2693 4651; x_wconf 90' lang='lat' dir='ltr'>domum</span> <span class='ocrx_word' id='word_1_825' title='bbox 2754 4596 2954 4668; x_wconf 85' lang='lat' dir='ltr'>regis),</span> <span class='ocrx_word' id='word_1_826' title='bbox 2992 4600 3051 4651; x_wconf 89' lang='lat' dir='ltr'>et</span> <span class='ocrx_word' id='word_1_827' title='bbox 3093 4612 3267 4652; x_wconf 92' lang='lat' dir='ltr'>omne</span> <span class='ocrx_word' id='word_1_828' title='bbox 3298 4598 3452 4669; x_wconf 90' lang='lat' dir='ltr'>quod</span> <span class='ocrx_word' id='word_1_829' title='bbox 3487 4602 3795 4670; x_wconf 83' lang='lat' dir='ltr'>optaverat</span> 
     </span>
    </p>
   </div>
   <div class='ocr_carea' id='block_1_106' title="bbox 2132 4684 3792 4756">
    <p class='ocr_par' dir='ltr' id='par_1_106' title="bbox 2132 4684 3792 4756">
     <span class='ocr_line' id='line_1_106' title="bbox 2132 4684 3792 4756; baseline 0.001 -16"><span class='ocrx_word' id='word_1_830' title='bbox 2132 4690 2189 4740; x_wconf 91' lang='lat' dir='ltr'>et</span> <span class='ocrx_word' id='word_1_831' title='bbox 2212 4684 2518 4743; x_wconf 61' lang='lat' dir='ltr'>voluerat”</span> <span class='ocrx_word' id='word_1_832' title='bbox 2548 4684 2755 4750; x_wconf 85' lang='lat' dir='ltr'>facere,</span> <span class='ocrx_word' id='word_1_833' title='bbox 2788 4686 3063 4756; x_wconf 89' lang='lat' dir='ltr'>apparuit</span> <span class='ocrx_word' id='word_1_834' title='bbox 3094 4685 3381 4742; x_wconf 91' lang='lat' dir='ltr'>Dominus</span> <span class='ocrx_word' id='word_1_835' title='bbox 3421 4688 3471 4741; x_wconf 92' lang='lat' dir='ltr'>ei</span> <span class='ocrx_word' id='word_1_836' title='bbox 3506 4686 3792 4752; x_wconf 88' lang='lat' dir='ltr'>secundo,</span> 
     </span>
    </p>
   </div>
   <div class='ocr_carea' id='block_1_107' title="bbox 2133 4771 3793 4844">
    <p class='ocr_par' dir='ltr' id='par_1_107' title="bbox 2133 4771 3793 4844">
     <span class='ocr_line' id='line_1_107' title="bbox 2133 4771 3793 4844; baseline -0.001 -14"><span class='ocrx_word' id='word_1_837' title='bbox 2133 4773 2288 4830; x_wconf 86' lang='lat' dir='ltr'>sicut</span> <span class='ocrx_word' id='word_1_838' title='bbox 2317 4776 2669 4844; x_wconf 90' lang='lat' dir='ltr'>apparuerat</span> <span class='ocrx_word' id='word_1_839' title='bbox 2711 4772 2763 4828; x_wconf 93' lang='lat' dir='ltr'>ei</span> <span class='ocrx_word' id='word_1_840' title='bbox 2794 4771 2855 4826; x_wconf 90' lang='lat' dir='ltr'>in</span> <span class='ocrx_word' id='word_1_841' title='bbox 2886 4772 3145 4829; x_wconf 89' lang='lat' dir='ltr'>Gabaon.</span> <span class='ocrx_word' id='word_1_842' title='bbox 3195 4774 3468 4844; x_wconf 78' lang='lat' dir='ltr'>Dixitque</span> <span class='ocrx_word' id='word_1_843' title='bbox 3497 4774 3793 4831; x_wconf 88' lang='lat' dir='ltr'>Dominus</span> 
     </span>
    </p>
   </div>
   <div class='ocr_carea' id='block_1_108' title="bbox 2132 4856 3794 4936">
    <p class='ocr_par' dir='ltr' id='par_1_108' title="bbox 2132 4856 3794 4936">
     <span class='ocr_line' id='line_1_108' title="bbox 2132 4856 3794 4936; baseline 0.001 -17"><span class='ocrx_word' id='word_1_844' title='bbox 2132 4863 2203 4919; x_wconf 90' lang='lat' dir='ltr'>ad</span> <span class='ocrx_word' id='word_1_845' title='bbox 2235 4879 2405 4917; x_wconf 90' lang='lat' dir='ltr'>eum:</span> <span class='ocrx_word' id='word_1_846' title='bbox 2441 4860 2716 4916; x_wconf 84' lang='lat' dir='ltr'>Exaudivi</span> <span class='ocrx_word' id='word_1_847' title='bbox 2772 4862 3094 4918; x_wconf 89' lang='lat' dir='ltr'>orationem</span> <span class='ocrx_word' id='word_1_848' title='bbox 3144 4869 3305 4918; x_wconf 89' lang='lat' dir='ltr'>tuam</span> <span class='ocrx_word' id='word_1_849' title='bbox 3336 4856 3794 4936; x_wconf 56' lang='lat' dir='ltr'>ef‘deprecatio—</span> 
     </span>
    </p>
   </div>
   <div class='ocr_carea' id='block_1_109' title="bbox 2135 4950 3789 5023">
    <p class='ocr_par' dir='ltr' id='par_1_109' title="bbox 2135 4950 3789 5023">
     <span class='ocr_line' id='line_1_109' title="bbox 2135 4950 3789 5023; baseline 0.001 -16"><span class='ocrx_word' id='word_1_850' title='bbox 2135 4967 2266 5007; x_wconf 91' lang='lat' dir='ltr'>nem</span> <span class='ocrx_word' id='word_1_851' title='bbox 2300 4955 2486 5019; x_wconf 90' lang='lat' dir='ltr'>tuam,</span> <span class='ocrx_word' id='word_1_852' title='bbox 2517 4966 2691 5022; x_wconf 90' lang='lat' dir='ltr'>quam</span> <span class='ocrx_word' id='word_1_853' title='bbox 2724 4950 3071 5023; x_wconf 82' lang='lat' dir='ltr'>deprecatus</span> <span class='ocrx_word' id='word_1_854' title='bbox 3100 4966 3163 5007; x_wconf 87' lang='lat' dir='ltr'>es</span> <span class='ocrx_word' id='word_1_855' title='bbox 3193 4968 3389 5008; x_wconf 90' lang='lat' dir='ltr'>coram</span> <span class='ocrx_word' id='word_1_856' title='bbox 3412 4969 3504 5008; x_wconf 89' lang='lat' dir='ltr'>me</span> <span class='ocrx_word' id='word_1_857' title='bbox 3529 4969 3543 5007; x_wconf 94' lang='lat'>:</span> <span class='ocrx_word' id='word_1_858' title='bbox 3568 4954 3789 5009; x_wconf 86' lang='lat' dir='ltr'>sancti-</span> 
     </span>
    </p>
   </div>
   <div class='ocr_carea' id='block_1_110' title="bbox 2134 5038 3782 5114">
    <p class='ocr_par' dir='ltr' id='par_1_110' title="bbox 2134 5038 3782 5114">
     <span class='ocr_line' id='line_1_110' title="bbox 2134 5038 3782 5114; baseline 0.001 -18"><span class='ocrx_word' id='word_1_859' title='bbox 2134 5040 2299 5096; x_wconf 87' lang='lat' dir='ltr'>ﬁcavi</span> <span class='ocrx_word' id='word_1_860' title='bbox 2332 5040 2577 5095; x_wconf 89' lang='lat' dir='ltr'>domum</span> <span class='ocrx_word' id='word_1_861' title='bbox 2631 5038 2802 5106; x_wconf 88' lang='lat' dir='ltr'>hanc,</span> <span class='ocrx_word' id='word_1_862' title='bbox 2836 5056 3014 5110; x_wconf 91' lang='lat' dir='ltr'>quam</span> <span class='ocrx_word' id='word_1_863' title='bbox 3044 5040 3373 5107; x_wconf 72' lang='lat' dir='ltr'>:ediﬂcasti,</span> <span class='ocrx_word' id='word_1_864' title='bbox 3406 5046 3472 5097; x_wconf 90' lang='lat' dir='ltr'>ut</span> <span class='ocrx_word' id='word_1_865' title='bbox 3502 5058 3782 5114; x_wconf 89' lang='lat' dir='ltr'>ponerem</span> 
     </span>
    </p>
   </div>
   <div class='ocr_carea' id='block_1_111' title="bbox 2133 5126 3785 5200">
    <p class='ocr_par' dir='ltr' id='par_1_111' title="bbox 2133 5126 3785 5200">
     <span class='ocr_line' id='line_1_111' title="bbox 2133 5126 3785 5200; baseline 0 -15"><span class='ocrx_word' id='word_1_866' title='bbox 2133 5145 2346 5185; x_wconf 89' lang='lat' dir='ltr'>nomen</span> <span class='ocrx_word' id='word_1_867' title='bbox 2380 5144 2575 5183; x_wconf 89' lang='lat' dir='ltr'>meum</span> <span class='ocrx_word' id='word_1_868' title='bbox 2606 5126 2687 5183; x_wconf 91' lang='lat' dir='ltr'>ibi</span> <span class='ocrx_word' id='word_1_869' title='bbox 2720 5128 3169 5200; x_wconf 89' lang='lat' dir='ltr'>sempiternum,</span> <span class='ocrx_word' id='word_1_870' title='bbox 3203 5137 3256 5185; x_wconf 92' lang='lat' dir='ltr'>et</span> <span class='ocrx_word' id='word_1_871' title='bbox 3286 5138 3455 5186; x_wconf 90' lang='lat' dir='ltr'>erunt</span> <span class='ocrx_word' id='word_1_872' title='bbox 3486 5130 3644 5187; x_wconf 90' lang='lat' dir='ltr'>oculi</span> <span class='ocrx_word' id='word_1_873' title='bbox 3669 5129 3785 5187; x_wconf 90' lang='lat' dir='ltr'>mei</span> 
     </span>
    </p>
   </div>
   <div class='ocr_carea' id='block_1_112' title="bbox 2135 5216 3783 5291">
    <p class='ocr_par' dir='ltr' id='par_1_112' title="bbox 2135 5216 3783 5291">
     <span class='ocr_line' id='line_1_112' title="bbox 2135 5216 3783 5291; baseline 0.001 -17"><span class='ocrx_word' id='word_1_874' title='bbox 2135 5223 2191 5274; x_wconf 90' lang='lat' dir='ltr'>et</span> <span class='ocrx_word' id='word_1_875' title='bbox 2221 5234 2322 5273; x_wconf 91' lang='lat' dir='ltr'>cor</span> <span class='ocrx_word' id='word_1_876' title='bbox 2350 5232 2546 5272; x_wconf 90' lang='lat' dir='ltr'>meum</span> <span class='ocrx_word' id='word_1_877' title='bbox 2576 5216 2656 5271; x_wconf 93' lang='lat' dir='ltr'>ibi</span> <span class='ocrx_word' id='word_1_878' title='bbox 2687 5216 2916 5273; x_wconf 90' lang='lat' dir='ltr'>cunctis</span> <span class='ocrx_word' id='word_1_879' title='bbox 2947 5218 3176 5274; x_wconf 89' lang='lat' dir='ltr'>diebus.</span> <span class='ocrx_word' id='word_1_880' title='bbox 3199 5222 3281 5274; x_wconf 91' lang='lat' dir='ltr'>Tu</span> <span class='ocrx_word' id='word_1_881' title='bbox 3307 5236 3543 5291; x_wconf 89' lang='lat' dir='ltr'>quoque</span> <span class='ocrx_word' id='word_1_882' title='bbox 3574 5220 3625 5275; x_wconf 89' lang='lat' dir='ltr'>si</span> <span class='ocrx_word' id='word_1_883' title='bbox 3653 5236 3783 5275; x_wconf 87' lang='lat' dir='ltr'>am-</span> 
     </span>
    </p>
   </div>
   <div class='ocr_carea' id='block_1_113' title="bbox 2141 5304 3784 5380">
    <p class='ocr_par' dir='ltr' id='par_1_113' title="bbox 2141 5304 3784 5380">
     <span class='ocr_line' id='line_1_113' title="bbox 2141 5304 3784 5380; baseline 0 -17"><span class='ocrx_word' id='word_1_884' title='bbox 2141 5306 2435 5363; x_wconf 88' lang='lat' dir='ltr'>bulaveris</span> <span class='ocrx_word' id='word_1_885' title='bbox 2462 5322 2659 5378; x_wconf 80' lang='lat' dir='ltr'>coram</span> <span class='ocrx_word' id='word_1_886' title='bbox 2680 5304 2960 5377; x_wconf 89' lang='lat' dir='ltr'>me,sicut</span> <span class='ocrx_word' id='word_1_887' title='bbox 2989 5306 3311 5363; x_wconf 81' lang='lat' dir='ltr'>ambulavit</span> <span class='ocrx_word' id='word_1_888' title='bbox 3340 5312 3502 5380; x_wconf 91' lang='lat' dir='ltr'>pater</span> <span class='ocrx_word' id='word_1_889' title='bbox 3530 5313 3697 5379; x_wconf 86' lang='lat' dir='ltr'>tuus,</span> <span class='ocrx_word' id='word_1_890' title='bbox 3725 5307 3784 5363; x_wconf 89' lang='lat' dir='ltr'>in</span> 
     </span>
    </p>
   </div>
   <div class='ocr_carea' id='block_1_114' title="bbox 457 5608 3203 5703">
    <p class='ocr_par' dir='ltr' id='par_1_114' title="bbox 457 5608 3203 5703">
     <span class='ocr_line' id='line_1_114' title="bbox 457 5608 3203 5703; baseline -0.003 -27"><span class='ocrx_word' id='word_1_891' title='bbox 457 5621 478 5655; x_wconf 72' lang='grc'>³</span> <span class='ocrx_word' id='word_1_892' title='bbox 512 5620 621 5678; x_wconf 88' lang='lat' dir='ltr'>Ms.</span> <span class='ocrx_word' id='word_1_893' title='bbox 652 5608 977 5677; x_wconf 76' lang='lat' dir='ltr'>Veronens.</span> <span class='ocrx_word' id='word_1_894' title='bbox 1028 5608 1265 5690; x_wconf 62' lang='lat' dir='ltr'>voverat,</span> <span class='ocrx_word' id='word_1_895' title='bbox 1297 5608 1470 5687; x_wconf 73' lang='lat' dir='ltr'>quem</span> <span class='ocrx_word' id='word_1_896' title='bbox 1501 5615 1642 5687; x_wconf 87' lang='lat' dir='ltr'>puto</span> <span class='ocrx_word' id='word_1_897' title='bbox 1670 5610 2045 5684; x_wconf 83' lang='lat' dir='ltr'>exscriptoris</span> <span class='ocrx_word' id='word_1_898' title='bbox 2080 5610 2315 5684; x_wconf 87' lang='lat' dir='ltr'>lapsum</span> <span class='ocrx_word' id='word_1_899' title='bbox 2345 5629 2361 5683; x_wconf 86' lang='lat'><strong>;</strong></span> <span class='ocrx_word' id='word_1_900' title='bbox 2392 5612 2479 5669; x_wconf 82' lang='lat' dir='ltr'>est</span> <span class='ocrx_word' id='word_1_901' title='bbox 2501 5608 2658 5669; x_wconf 84' lang='lat' dir='ltr'>enim</span> <span class='ocrx_word' id='word_1_902' title='bbox 2689 5608 2754 5669; x_wconf 91' lang='lat' dir='ltr'>in</span> <span class='ocrx_word' id='word_1_903' title='bbox 2782 5608 3021 5668; x_wconf 75' lang='lat' dir='ltr'>Hebraeo</span> <span class='ocrx_word' id='word_1_904' title='bbox 3051 5619 3203 5703; x_wconf 61' lang='lat' dir='ltr'>Van.</span> 
     </span>
    </p>
   </div>
   <div class='ocr_carea' id='block_1_115' title="bbox 2244 5758 2277 5771">
    <p class='ocr_par' dir='ltr' id='par_1_115' title="bbox 2244 5758 2277 5771">
     <span class='ocr_line' id='line_1_115' title="bbox 2244 5758 2277 5771; baseline 0 0"><span class='ocrx_word' id='word_1_905' title='bbox 2244 5758 2277 5771; x_wconf 65' lang='grc' dir='ltr'>τι.</span> 
     </span>
    </p>
   </div>
  </div>
