3938 6174
149 355 231 409 745

1418 349 1630 402 LIBER
1669 350 1693 401 Ῑ
1731 348 2135 404 MALACHIM.

3370 345 3478 400 ’746

150 474 456 547 simplicitate
481 471 751 538 cordis,et
780 472 839 527 in
873 472 1247 544 aequitate:et
1280 471 1483 527 feceris
1515 470 1716 526 omnia
1744 471 1798 537 Α
1828 473 1977 526 tates
2009 473 2359 542 equitum,et
2391 474 2784 546 quodcunque
2812 472 2863 528 ei
2896 471 3118 544 placuit
3148 475 3213 527 ut
3231 471 3478 528 aediﬁca-

148 583 245 639 quas
271 563 482 636 pracepi
510 561 634 627 tibi,
665 566 723 618 et
753 560 1017 633 legitima
1048 578 1178 617 mea
1224 566 1282 617 et
1317 559 1546 633 judicia
1594 575 1722 615 mea

150 654 425 724 servaveris,
456 667 657 724 ponam
688 651 771 722 (h.
808 652 1076 721 ﬁrmabo)
1107 651 1385 706 thronum
1420 649 1583 722 regni
1632 649 1716 702 tui

146 761 282 816 super
306 740 465 799 Israel
496 742 549 795 in
600 740 1049 812 sempiternum,
1098 740 1254 796 sicut
1302 739 1533 795 locutus
1583 754 1718 793 sum

146 833 283 890 David
311 831 442 902 patri
473 839 584 900 tuo,
608 830 809 886 dicens
843 847 855 886 :
888 828 1013 884 Non
1046 830 1346 885 auferetur
1374 829 1463 885 vir
1515 828 1586 882 de
1618 843 1719 899 ge-

142 936 246 977 nere
264 925 349 976 tuo
376 920 440 975 de
466 918 610 974 solio
642 917 841 974 Israel.
874 917 933 973 Si
966 921 1161 972 autem
1197 916 1497 973 aversione
1530 915 1718 971 aversi

142 1009 323 1066 fueritis
347 1025 438 1065 vos
466 1010 519 1063 et
547 1005 652 1061 ﬁlii
679 1006 875 1075 vestri,
921 1023 1033 1061 non
1082 1009 1399 1076 sequentes
1449 1020 1562 1069 me,
1612 1018 1719 1059 nec

136 1098 475 1155 custodientes
505 1096 781 1151 mandata
812 1111 962 1164 mea,
1008 1099 1065 1150 et
1112 1095 1486 1150 caeremonias
1536 1094 1716 1165 (Vulg.

137 1187 259 1243 addit
285 1188 448 1255 meas)
478 1202 623 1258 quas
652 1185 932 1257 proposui
962 1184 1261 1249 vobis,sed
1296 1184 1422 1254 (ms.
1452 1182 1525 1254 si)
1560 1183 1719 1238 abie-

133 1276 315 1345 ritis,et
339 1274 625 1331 colueritis
657 1275 797 1329 deos
826 1272 1069 1339 alienos,
1095 1278 1153 1329 et
1181 1272 1563 1329 adoraveritis
1596 1287 1717 1327 eos:

134 1365 344 1420 auferam
371 1363 539 1420 Israel
571 1364 642 1419 de
672 1362 982 1435 superficie
1010 1367 1389 1433 terrm,quam
1419 1361 1549 1417 dedi
1584 1363 1668 1416 eis
1701 1377 1715 1417 :

130 1458 172 1508 et
196 1452 445 1525 templum
477 1452 561 1524 (h.
596 1451 883 1523 domum),
918 1452 1075 1523 quod
1108 1450 1463 1507 sanctiﬁcavi
1497 1450 1721 1505 nomini

130 1558 249 1610 meo,
285 1542 572 1614 projiciam
619 1559 654 1597 a
701 1545 1018 1612 conspectu
1085 1556 1234 1596 meo.
1281 1541 1370 1611 (T.
1421 1539 1720 1607 XXXVII.)

125 1630 320 1702 Eritque
340 1631 509 1687 Israel
531 1632 593 1687 in
618 1630 988 1702 proverbium
1021 1634 1079 1685 et
1107 1630 1166 1684 in
1200 1629 1458 1685 fabulam
1492 1629 1721 1685 cunctis

124 1720 330 1791 populis.
361 1721 426 1776 Et
455 1721 669 1776 domus
700 1720 821 1775 haec
850 1720 961 1775 erit
993 1719 1051 1773 in
1083 1717 1417 1790 exemplum
1467 1735 1481 1775 :
1526 1718 1721 1774 omnis

1830 565 1917 615 ret
1946 560 2006 616 in
2035 562 2385 630 Jerusalem,
2421 568 2478 619 et
2509 563 2568 618 in
2621 563 2857 629 Libano,
2904 566 2961 617 et
3005 561 3066 616 in
3114 562 3276 617 omni
3321 565 3480 616 terra

1830 651 2141 720 potestatis
2168 669 2305 707 sum.
2340 653 2423 721 (T.
2458 651 2715 723 XXVII.)
2763 651 3115 706 Universum
3164 650 3475 722 populum,

1829 738 1931 805 qui
1963 746 2327 797 remanserat
2349 742 2421 797 de
2449 741 2824 809 Amorrhaais,
2850 745 2907 796 et
2924 739 3221 810 Hetthasis,
3240 743 3298 795 et
3317 739 3471 794 Phas-

1829 827 2027 894 rezeis,
2059 837 2112 884 et
2139 829 2344 897 Evmis,
2377 835 2435 886 et
2462 830 2767 895 Jebusaeis,
2791 830 2889 901 qui
2916 844 3030 885 non
3061 833 3203 885 sunt
3231 829 3304 884 de
3334 827 3474 885 filiis

1830 919 2008 973 Israel
2042 934 2055 973 :
2091 919 2303 975 horum
2354 919 2533 985 filios,
2583 920 2683 991 qui
2732 922 3139 974 remanserant
3184 917 3245 973 in
3288 922 3470 985 terra,

1828 1022 1975 1080 quos
1999 1006 2222 1063 scilicet
2243 1024 2359 1062 non
2382 1011 2694 1079 potuerant
2716 1006 2820 1061 lilii
2845 1007 3021 1063 Israel
3041 1006 3467 1064 exterminare:

1826 1096 1963 1152 fecit
1990 1097 2333 1152 tributarios
2363 1097 2655 1167 Salomon,
2686 1111 2877 1168 usque
2901 1097 2962 1151 in
2993 1097 3147 1152 diem
3179 1096 3349 1153 hanc.
3396 1101 3472 1153 De

1827 1185 1966 1241 filiis
1997 1190 2191 1242 autem
2220 1186 2395 1243 Israel
2428 1203 2543 1242 non
2575 1186 2884 1242 constituit
2931 1185 3205 1241 Salomon
3254 1186 3473 1241 servire

1827 1290 2208 1345 quemquam,
2242 1276 2342 1329 sed
2374 1279 2543 1331 erant
2586 1273 2894 1330 bellatores
2941 1272 3070 1342 viri,
3118 1275 3176 1328 et
3216 1271 3474 1328 ministri

1827 1365 1978 1434 ejus,
2001 1368 2059 1419 et
2089 1363 2405 1435 principes,
2426 1368 2484 1419 et
2513 1362 2712 1428 duces,
2733 1366 2791 1418 et
2819 1361 3075 1434 praefecti
3106 1376 3389 1418 curruum
3419 1365 3478 1418 et

1827 1469 2114 1524 equorum
2147 1452 2230 1521 (h.
2263 1452 2576 1524 equitum).
2605 1455 2783 1507 Erant
2812 1455 3011 1508 autem
3044 1449 3340 1523 principes
3370 1466 3479 1507 su-

1829 1558 1931 1615 per
1972 1542 2173 1597 omnia
2222 1557 2399 1612 opera
2444 1539 2771 1597 Salomonis
2821 1539 3120 1612 praepositi
3168 1539 3478 1613 quingenti

1829 1631 2279 1703 quinquaginta,
2314 1631 2414 1702 qui
2454 1630 2749 1686 habebant
2779 1630 3115 1701 subjectum
3167 1628 3475 1702 populum,

1829 1726 1887 1777 et
1917 1720 2152 1775 statutis
2182 1721 2461 1791 operibus
2494 1719 2887 1791 imperabant.
2922 1718 3066 1774 Filia
3095 1722 3293 1775 autem
3326 1718 3475 1775 Pha-

124 1809 200 1879 qui
228 1810 499 1866 transierit
528 1826 636 1882 per
682 1825 833 1877 earn,
887 1809 1170 1879 stupeblt,
1226 1813 1284 1864 et
1333 1807 1616 1873 sibilabit,
1668 1811 1727 1863 et
1755 1848 1801 1913 Β
1832 1810 2027 1867 raonis
2050 1809 2316 1865 ascendit
2336 1810 2405 1864 de
2436 1810 2672 1864 civitate
2704 1808 2883 1864 David
2912 1808 2971 1863 in
3005 1809 3247 1864 domum
3278 1824 3475 1874 suam,

128 1897 250 1952 dicet
294 1915 305 1953 :
352 1900 535 1963 Quare
586 1898 723 1953 fecit
770 1897 1057 1952 Dominus
1105 1897 1190 1952 sic
1243 1901 1412 1952 terras
1458 1895 1616 1965 huic,
1668 1900 1726 1952 et

123 1984 283 2041 domui
313 1986 468 2042 huic?
490 1988 558 2043 Et
592 1987 1034 2058 respondebunt
1062 2004 1074 2041 :
1108 1986 1253 2053 Quia
1284 1985 1729 2057 dereliquerunt

122 2073 386 2131 Dominum
417 2076 607 2133 Deum
642 2075 948 2147 suum,qui
981 2076 1181 2130 eduxit
1211 2080 1407 2147 patres
1429 2076 1728 2131 eorum‘de

128 2166 251 2219 terra
275 2166 578 2238 £gypti,et
604 2166 787 2221 secuti
819 2167 960 2219 sunt
990 2165 1128 2219 deos
1158 2164 1490 2229 alienos,'et
1520 2166 1727 2220 adora-

126 2260 298 2309 verunt
324 2271 439 2322 eos,
473 2260 531 2310 et
565 2254 876 2309 coluerunt
907 2252 1092 2324 (Vulg.
1125 2252 1281 2309 addit
1308 2253 1429 2326 eos)
1463 2270 1475 2307 :
1510 2252 1728 2310 idcirco

126 2340 314 2397 induxit
340 2343 632 2399 Dominus
663 2359 841 2414 super
870 2358 969 2397 eos
1000 2358 1172 2398 omne
1203 2342 1423 2397 malum
1457 2342 1582 2397 hoc.
1618 2343 1730 2397 Ex-

117 2428 250 2497 pletis
280 2438 471 2488 autem
507 2431 687 2487 annis
718 2431 930 2502 viginti
983 2436 1294 2503 postquam
1344 2430 1731 2487 asdiiicaverat

118 2517 343 2576 Salomon
377 2523 525 2578 duas
562 2522 795 2591 domos,
823 2521 881 2575 id
914 2526 1024 2586 est,
1074 2522 1317 2576 domum
1368 2521 1622 2587 Domini,
1674 2524 1733 2576 et

112 2606 307 2665 domum
336 2610 491 2683 regis
523 2610 752 2683 (Hiram
786 2625 921 2681 rege
945 2611 1074 2682 Tyri
1107 2609 1401 2681 praebente
1428 2609 1729 2665 Salomoni

109 2693 236 2766 ligna
261 2701 491 2756 cedrina
513 2706 573 2755 et
597 2700 925 2770 abiegna,et
948 2716 1157 2755 aurum
1183 2701 1354 2769 juxta
1376 2715 1547 2755 omne
1571 2700 1727 2771 quod

107 2801 227 2855 opus
255 2787 581 2859 habuerat),
617 2792 757 2843 tunc
800 2788 959 2842 dedit
1008 2789 1149 2843 rexI
1199 2789 1471 2844 Salomon
1526 2789 1726 2844 Hiram

111 2874 280 2945 viginti
312 2878 530 2949 oppida
582 2879 645 2932 in
698 2882 853 2933 terra
898 2876 1170 2933 Galilsezs.
1208 2878 1610 2948 Egressusque
1639 2882 1730 2933 est

109 2963 269 3020 lliram
300 2967 368 3022 de
402 2968 587 3040 Tyro,
622 2972 688 3021 ut
720 2966 941 3022 videret
970 2966 1185 3038 oppida
1216 2983 1341 3038 quae
1390 2967 1629 3023 dederat
1675 2967 1727 3022 ei

109 3052 371 3125 Salomon,
401 3064 461 3113 et
491 3074 617 3114 non
666 3056 1018 3129 placuerunt
1059 3056 1133 3126 ei,
1181 3061 1238 3112 et
1286 3058 1370 3113 ait
1419 3057 1727 3114 :Hasccine

103 3149 218 3199 sunt
242 3146 523 3214 civitates,
561 3163 715 3218 quas
745 3146 957 3202 dedisti
994 3146 1161 3216 mihi,
1196 3148 1373 3202 frater
1411 3147 1493 3219 (h.
1548 3148 1729 3202 frater

1833 1914 2011 1970 quam
2056 1897 2440 1952 aediﬁcaverat
2468 1899 2520 1953 ei
2548 1898 2727 1969 (Vulg.
2762 1896 2935 1954 addit.
2967 1896 3255 1967 Salomon)
3290 1914 3303 1951 :
3335 1902 3478 1952 tunc

1832 1986 2140 2043 aediﬁcavit
2168 1985 2359 2041 Mello.
2387 1986 2679 2042 Oﬂ‘erebat
2707 2003 2942 2058 quoque
2991 2003 3087 2042 rex
3132 1988 3153 2021 ⁸
3204 1986 3478 2042 Salomon

1832 2077 2024 2132 tribus
2054 2075 2281 2131 vicibus
2325 2092 2429 2147 per
2470 2092 2657 2131 annos
2704 2075 2968 2145 singulos
3016 2075 3378 2145 holocausta,
3424 2078 3483 2131 et

1833 2165 2106 2238 paciﬁcas
2137 2165 2429 2233 victimas,
2462 2180 2640 2236 super
2668 2163 2847 2220 altare
2891 2166 3048 2235 qnod
3097 2165 3483 2219 sediﬁcaverat

1836 2254 2103 2319 Domino,
2137 2259 2195 2309 et
2234 2253 2505 2310 adolebat
2550 2254 2877 2324 thymiama
2923 2269 3118 2309 coram
3170 2253 3415 2311 Domino

1836 2346 2275 2416 perfectumque
2304 2348 2394 2399 est
2425 2342 2707 2415 templum
2735 2343 2819 2412 (h.
2854 2344 3227 2414 perfectaque
3255 2347 3346 2398 est
3375 2345 3484 2399 do-

1836 2435 2012 2504 mus).
2057 2433 2141 2505 (T.
2190 2432 2407 2503 XXIX.)
2457 2433 2716 2489 Classem
2746 2435 3001 2505 |quoque
3047 2432 3183 2489 fecit
3230 2449 3328 2489 rex
3374 2432 3484 2489 Sa-

1835 2523 2031 2579 lomon
2065 2523 2121 2576 in
2155 2522 2583 2593 Asion-Gaber,
2635 2539 2763 2594 quas
2809 2528 2901 2578 est
2941 2524 3111 2594 juxta
3156 2522 3344 2578 Ailam
3396 2523 3481 2590 (h.

1836 2612 2025 2683 Eloth)
2057 2612 2115 2665 in
2152 2610 2347 2666 littore
2394 2612 2575 2666 maris
2626 2611 2830 2679 Rubri,
2883 2612 2938 2666 in
2988 2616 3143 2667 terra
3191 2612 3479 2667 Idumam.

1836 2700 2110 2771 Misitque
2153 2701 2351 2755 Hiram
2405 2700 2463 2754 in
2514 2699 2702 2756 classe
2749 2700 2853 2755 illa
2901 2716 3094 2756 serros
3141 2716 3279 2756 suos
3324 2700 3481 2757 viros

1835 2791 1957 2861 (ms.
2007 2795 2148 2845 tacet
2193 2789 2370 2849 viros)
2413 2790 2682 2845 nanticos
2727 2793 2786 2845 et
2830 2806 3046 2861 gnaros
3094 2790 3297 2857 maris,
3344 2806 3479 2844 cum

1832 2880 2017 2936 servis
2065 2878 2420 2934 Salomonis.
2476 2879 2583 2945 Qui
2633 2894 2767 2934 cum
2815 2879 3116 2934 venissent
3164 2878 3222 2933 in
3272 2876 3477 2950 Ophis,

1833 2972 2141 3039 sumptum
2167 2967 2305 3022 inde
2326 2983 2537 3023 aurum
2564 2966 3131 3039 quadringentorum
3162 2967 3373 3039 viginti
3393 2972 3479 3022 ta-

1832 3057 2125 3114 lentorum
2156 3055 2495 3113 detulerunt
2524 3058 2594 3111 ad
2626 3073 2823 3129 regem
2853 3057 3247 3112 Salomonem.

1907 3150 1985 3219 (T.
2017 3146 2181 3217 XXX,
2216 3146 2348 3218 Cap.
2404 3147 2502 3217 X.)
2550 3146 2660 3201 Sed
2709 3150 2766 3201 et
2814 3147 3016 3217 regina
3060 3147 3231 3216 Saba,
3279 3145 3483 3201 audita

103 3235 301 3302 meus)?
329 3236 396 3291 Et
428 3217 757 3309 appellavit
781 3251 879 3290 eas
912 3240 1125 3291 terram
1161 3217 1627 3307 Chabul,lusque
1662 3236 1721 3291 in
1754 3217 1796 3284 C
1835 3217 1994 3293 fama
2023 3217 2352 3292 Salomonis
2378 3236 2436 3290 in
2470 3236 2707 3292 nomine
2753 3236 3007 3305 Domini,
3055 3236 3213 3291 venit
3258 3239 3485 3291 tentare

99 3320 223 3378 diem
255 3323 419 3382 hanc.
436 3325 611 3381 Misit
641 3339 869 3395 quoque
899 3324 1096 3379 Hiram
1131 3326 1199 3380 ad
1236 3340 1428 3397 regem
1461 3326 1728 3381 Salomo-

102 3426 211 3466 nem
240 3414 261 3447 ²
290 3420 530 3470 centum
565 3413 779 3485 viginti
812 3413 1033 3468 talenta
1063 3414 1348 3469 auri.H:ec
1378 3419 1465 3470 est
1495 3431 1731 3469 summa

100 3513 480 3575 expensarum,
517 3520 704 3577 quam
737 3502 950 3559 obtulit
980 3519 1080 3558 rex
1108 3503 1407 3559 Salomon"
1435 3505 1505 3559 ad
1558 3504 1733 3559 aedifi-

99 3596 311 3652 candam
343 3599 602 3654 domum
639 3596 863 3653 Domini
898 3601 951 3651 et
984 3598 1223 3651 domum
1256 3602 1512 3665 suam,et
1542 3598 1728 3668 Melle,

100 3688 145 3736 et
172 3701 396 3743 murum
430 3686 799 3755 Jerusalem,
840 3690 896 3740 et
943 3687 1085 3740 Eser
1130 3687 1173 3750 ³,
1222 3690 1277 3740 et
1326 3687 1626 3758 Mageddo,
1677 3691 1735 3743 et

101 3772 272 3834 Gazer.
299 3778 537 3834 Pharao
571 3775 928 3847 rex/Egypti
961 3775 1243 3841 ascendit,
1269 3783 1321 3830 et
1351 3776 1505 3847 cepit
1534 3775 1734 3846 Gazer,

104 3867 497 3938 succenditque
525 3883 661 3922 eam
696 3864 817 3937 igni
855 3881 867 3918 :
900 3869 957 3919 et
985 3864 1403 3932 Chananasum,
1437 3864 1537 3935 qui
1567 3865 1736 3920 habi-

100 3953 237 4008 tabat
263 3955 319 4010 in
353 3956 689 4019 civitate,et
717 3952 1087 4021 interfecit,et
1116 3954 1277 4008 dedit
1304 3970 1431 4009 eam
1454 3955 1513 4007 in
1537 3955 1732 4010 dotem

102 4036 209 4093 ﬁlias
229 4057 345 4096 suae
368 4043 547 4098 uxori
568 4039 923 4096 Salomonis.
954 4038 1276 4096 [Ediﬁcavit
1295 4056 1430 4111 ergo
1460 4039 1736 4095 Salomon

102 4126 274 4197 Gazer,
298 4137 357 4186 et
388 4129 732 4187 Beth-Oron
766 4128 1123 4195 inferiorem,
1150 4132 1207 4183 et
1239 4127 1504 4198 Balaath,
1526 4133 1583 4184 et
1614 4128 1740 4183 Pal-

101 4216 285 4274 miram
316 4222 339 4255 ⁴
370 4218 766 4293 (h.Tadmor)
793 4218 853 4273 in
885 4222 1042 4273 terra
1067 4218 1426 4274 solitudinis.
1450 4218 1519 4272 Et
1540 4234 1744 4273 omnes

94 4307 250 4377 viros,
283 4311 385 4382 qui
425 4311 503 4367 ad
545 4326 613 4365 se
645 4307 1040 4380 pertinebant,
1064 4312 1119 4363 et
1145 4316 1307 4363 erant
1335 4308 1538 4379 absque
1565 4323 1743 4378 muro,

95 4399 310 4454 munivit
334 4399 419 4470 (h.
444 4416 574 4456 non
600 4397 822 4467 habet),
843 4401 900 4451 et
922 4396 1188 4453 civitates
1210 4414 1489 4453 curruum
1519 4401 1577 4453 et
1603 4397 1747 4453 civi-

156 4558 169 4589 ¹
200 4557 340 4615 Cum
372 4557 664 4631 Vulgatis
692 4561 846 4613 tacet
882 4557 1199 4631 Veronens.
1253 4575 1366 4614 ms.
1418 4574 1539 4631 rex,
1593 4559 1747 4631 quod

97 4632 170 4682 est
198 4635 391 4687 tamen
428 4631 493 4685 in
512 4628 818 4685 ‘Hebraico
851 4628 1164 4699 exemplari
1198 4635 1372 4701 atque
1404 4630 1555 4685 aliis.

1781 4577 1904 4688 1)ῗέ

1833 3344 1968 3383 eum
2003 3327 2061 3381 in
2090 3325 2521 3397 senigmatibus.
2552 3325 2619 3379 Et
2644 3326 2911 3395 ingressa
2937 3324 3263 3381 Jerusalem
3296 3323 3483 3381 multo

1834 3433 1968 3472 cum
2001 3418 2124 3487 (ms.
2157 3418 2299 3470 tacet
2329 3415 2487 3483 cum)
2520 3414 2801 3469 comitatu
2850 3420 2908 3469 et
2948 3413 3196 3482 divitiis,
3244 3413 3484 3470 camelis

1836 3505 2210 3578 portantibus
2241 3508 2526 3572 aromata,
2555 3508 2611 3558 et
2643 3520 2852 3558 aurum
2886 3503 3187 3558 inﬁnitum
3220 3503 3485 3569 nimis,et

1835 3611 2102 3668 gemmas
2132 3593 2602 3666 pretiosas,venit
2631 3593 2700 3647 ad
2732 3609 2930 3665 regem
2960 3594 2981 3627 ⁸
3008 3592 3405 3658 Salomonem,
3427 3595 3486 3647 et

1836 3686 2033 3741 locuta
2061 3687 2147 3738 est
2178 3684 2229 3738 ei
2264 3682 2538 3737 universa
2567 3698 2694 3753 quas
2728 3681 2983 3737 habebat
3024 3682 3083 3737 in
3133 3684 3307 3739 corde
3350 3699 3479 3750 suo,

1837 3780 1896 3832 et
1924 3774 2123 3830 docuit
2147 3788 2274 3827 eam
2310 3771 2389 3839 (h.
2423 3776 2480 3826 et
2511 3771 2801 3826 nuntiavit
2842 3771 2913 3840 ei)
2963 3772 3235 3827 Salomon
3285 3771 3486 3828 omnia

1836 3865 2012 3922 verba
2039 3880 2165 3934 quae
2200 3865 2613 3932 proposuerat:
2637 3877 2752 3915 non
2786 3860 2897 3915 fuit
2925 3878 3140 3929 sermo,
3161 3861 3260 3932 qui
3290 3879 3486 3935 regem

1844 3957 2041 4026 posset
2068 3951 2269 4019 latere,
2301 3954 2365 4004 ut
2396 3966 2512 4005 non
2546 3950 2923 4019 responderet
2950 3952 2969 3984 ’³
3001 3951 3073 4006 ei.
3121 3952 3340 4008 Videns
3385 3970 3489 4008 au-

1844 4049 1962 4099 tem
1993 4040 2196 4113 regina
2224 4039 2376 4094 Saba
2406 4054 2639 4094 omnem
2674 4039 3024 4109 sapientiam
3057 4039 3410 4108 Salomonis,
3437 4045 3495 4098 et

1847 4134 2088 4188 domum
2142 4146 2319 4199 quam
2369 4127 2770 4194 aediﬁcaverat,
2821 4131 2877 4182 et
2924 4127 3086 4183 cibos
3134 4128 3217 4200 (h.
3270 4130 3494 4199 cibum)

1848 4237 2063 4278 mensae
2094 4220 2244 4290 ejus,
2278 4221 2336 4273 et
2371 4215 2710 4273 habitacula
2757 4233 3082 4284 servorum,
3122 4222 3179 4273 et
3228 4218 3497 4275 ordinem

1849 4308 2342 4372 ministrantium,
2377 4310 2683 4378 vestesque
2713 4321 2940 4375 eorum,
2982 4311 3040 4362 et
3084 4308 3396 4380 pincernas
3445 4313 3503 4365 et

1850 4399 2196 4456 holocausta
2225 4413 2353 4469 quas
2384 4394 2665 4451 offerebat
2712 4395 2771 4450 in
2819 4395 2993 4451 domo
3044 4396 3273 4452 Domini
3321 4413 3335 4452 :
3386 4414 3502 4454 non

1896 4558 2184 4633 peximus,
2214 4557 2417 4633 legunt
2447 4555 2873 4633 intra_textu_m,
2905 4569 3064 4633 πνοι-π,
3096 4559 3371 4633 ΤΙραγηονς
3403 4559 3507 4615 sed

1909 4628 1991 4687 eri
2021 4632 2091 4686 ad
2126 4628 2446 4700 marginem
2477 4628 2751 4683 exhibent
2780 4628 2995 4699 Regius
3027 4634 3083 4685 et
3128 4630 3511 4687 Oratorianus

158 4702 177 4733 9
206 4701 304 4757 Hic
329 4720 475 4759 vero
515 4701 742 4775 rectius
774 4716 907 4755 cum
940 4698 1179 4756 Hebraeo
1212 4698 1421 4757 nomen
1444 4700 1758 4757 Salomonis
1868 4720 2047 4774 supra
2075 4698 2316 4775 laudati.
2351 4698 2739 4775 Pelissonmus
2766 4698 2960 4775 ng_ster
2991 4701 3138 4775 nihil
3170 4703 3346 4759 habet
3377 4720 3517 4775 prae-

102 4769 238 4828 idem
270 4792 386 4830 ms.
422 4772 681 4830 omittit.

161 4843 181 4879 ³
202 4844 320 4903 Hoc
346 4846 545 4902 modo
578 4843 668 4914 leg

672 4846 783 4915 unt
808 4858 957 4915 mss,
981 4846 1203 4898 veteres
1239 4860 1252 4898 :
1286 4842 1368 4899 ita
1398 4859 1632 4915 quoque
1661 4843 1764 4899 ha-

103 4912 342 4974 bebatur
372 4921 437 4975 in
474 4912 722 4971 Canone
752 4913 1046 4969 Hebraicas
1071 4915 1333 4971 veritatis
1379 4912 1511 4971 ante
1534 4912 1761 4971 emen-

1869 4771 1958 4831 ter
1983 4771 2542 4847 puramglectionem
2591 4783 2743 4847 jizn,
2791 4772 3042 4847 Thamar.
3095 4774 3181 4829 Ita
3228 4771 3516 4847 scrip-tum

1872 4842 2000 4903 erat
2029 4847 2089 4919 in
2124 4844 2356 4919 Hebr-mo
2387 4842 2700 4919 exemplari
2735 4844 2933 4919 sancti
2953 4844 3312 4919 Hieronymi,
3350 4842 3521 4919 'quod

1875 4916 2361 4974 manifestissime
2392 4915 2602 4985 probat
2631 4915 2873 4970 verbum
2907 4915 3218 4973 Patmiram
3251 4919 3307 4973 in
3356 4915 3523 4975 sacro

107 4986 394 5059 dationem
433 4985 966 5059 ejus.NuncAi_n_eo
998 4986 1283 5059 scriptum
1316 4988 1605 5058 reperitur
1636 4990 1769 5043 Asor
1877 4992 2149 5046 contextu
2201 5003 2214 5040 :
2264 4986 2495 5059 Thamar
2542 4986 2698 5059 enim
2745 4987 3057 5059 Palmiram
3105 4989 3224 5045 sive
3271 4992 3526 5045 Palmam

102 5056 251 5124 iuxta
274 5056 759 5188 Sunoiationsm
794 5056 1019 5139 Hebraei
1048 5056 1351 5141 contextus
1372 5056 1537 5136 non
1569 5063 1767 5114 tamen
1879 5059 2271 5140 signiﬁcat.t_\t
2292 5057 2640 5113 scholiastes
2661 5058 2914 5114 Canonis
2936 5058 3157 5131 legerat
3177 5062 3237 5116 in
3261 5062 3530 5143 Hebraeo-

102 5144 266 5186 secun
320 5150 427 5188 um
464 5146 688 5187 sonum
719 5128 1076 5183 hodiernum
1115 5128 1321 5184 litteras
1368 5141 1428 5188 Π.
1482 5146 1610 5188 quae
1659 5131 1769 5185 du-
1882 5147 2014 5188 rum
2048 5130 2349 5186 codicibus
2380 5140 2571 5188 17:111.
2618 5129 2906 5188 Thadmor.
2958 5131 3044 5187 vel
3099 5133 3324 5188 Tadmor
3372 5136 3530 5188 iuxta

100 5127 427 5188 secundum
464 5146 688 5187 sonum
719 5128 1076 5183 hodiernum
1115 5127 1321 5184 litteras
1368 5132 1428 5193 Π,

1482 5146 1610 5199 quas
1659 5131 1769 5185 du-

1882 5129 2014 5214 rum
2045 5130 2349 5214 codicibus
2380 5140 2571 5214 179111,
2618 5129 3044 5214 Thadmor,“vél
3099 5133 3324 5214 I‘admor
3362 5135 3532 5214 juxta

95 5199 295 5277 plicem
335 5203 535 5277 habet
567 5200 1099 5277 aspirationem,_et
1144 5200 1632 5277 vocatur__Hheth,
1672 5204 1774 5257 aut
1884 5203 2323 5277 adnotationem
2390 5200 2658 5270 ejusdem
2720 5202 3049 5273 appositam
3117 5204 3177 5259 in
3244 5199 3529 5277 margine.

108 5273 286 5339 Cheth,
312 5276 477 5329 unde
509 5270 655 5338 ἠως
694 5272 957 5335 Hhatsor,
989 5270 1111 5325 sive
1144 5271 1363 5326 Chasor.
1396 5274 1583 5327 Maar.

168 5346 460 5401 ‘Excidit
492 5359 529 5397 e
566 5342 757 5398 medio
815 5342 997 5412 hujus
1044 5343 1203 5398 vocis
1251 5342 1466 5408 littera,
1512 5342 1711 5398 Daleth
1757 5359 1779 5397 :

107 5416 149 5468 si
176 5421 380 5473 tamen
416 5416 615 5471 ﬁdem
647 5412 1031 5469 adhibeamus
1081 5413 1514 5484 exemplaribus
1554 5414 1781 5469 Masso—

1947 5292 2074 5330 ΛΒΤ.

1947 5292 2074 5330 ΛΒΤ.

1885 5276 1979 5380 Μδ
2009 5350 2150 5399 Cum
2182 5344 2420 5398 Hebraeo
2453 5345 2609 5397 tacet
2634 5342 2955 5400 Veronens.
2986 5360 3097 5399 ms.
3131 5360 3248 5400 rex.

1958 5416 1980 5451 ⁸
2010 5416 2214 5471 Denuo
2248 5414 2319 5470 ad
2370 5414 2637 5470 Hebraici
2686 5420 2880 5471 textus
2931 5416 3105 5471 ﬁdem
3155 5419 3309 5472 tacet
3357 5414 3538 5471 Vero-

112 5490 421 5544 retharum
455 5485 794 5550 hodiernis,
823 5484 923 5565 ubi
958 5483 1232 5555 spatium,
1265 5486 1420 5609 quod
1472 5488 1785 5556 occuparet
1893 5504 2059 5544 nens.
2095 5503 2204 5541 ms.
2239 5501 2442 5556 regem.

113 5559 314 5609 Daleth
357 5560 597 5609 littera.
627 5558 686 5609 in
719 5554 894 5609 editis
923 5571 1173 5609 vacuum
1222 5572 1282 5609 re
1312 5556 1598 5609 induitur.
1649 5571 1783 5609 cum
1966 5560 1987 5594 7
2021 5557 2179 5609 Idem
2207 5573 2343 5609 ms.-
2391 5561 2442 5609 Et

1254 5572 1282 5610 ϐ

113 5559 315 5617 Daleth
356 5560 597 5619 littera,
627 5558 686 5611 in
719 5554 894 5610 editis
923 5554 1173 5610 vacuum
1222 5572 1250 5609 r

458 5816 738 5879 Panos.
783 5814 1051 5879 XXVIII.

114 5561 315 5617 Daleth
356 5561 597 5619 littera,
627 5561 686 5611 in
719 5561 894 5610 editis
923 5571 1173 5610 vacuum
1222 5561 1598 5627 relinquitur,
1649 5571 1783 5610 cum

114 5637 244 5702 nota
262 5626 611 5702 marginali
629 5627 845 5702 Ceri,ut_
862 5627 1068 5702 doceat
1086 5626 1398 5702 legendum
1423 5635 1786 5702 essen‘m‘m,

121 5696 441 5760 Tandan
479 5697 877 5769 Manuscripti
926 5696 1061 5753 libri
1103 5696 1317 5755 vetusti
1366 5702 1656 5769 quotquot
1696 5698 1792 5753 in-

1962 5557 2179 5686 :Idem
2207 5555 2344 5628 ms.,
2391 5561 2452 5612 Et
2503 5572 2613 5612 non
2659 5556 3028 5628 responderat,
3079 5555 3189 5629 leg.
3241 5559 3543 5632 responde-

1900 5645 2000 5685 νει.

3155 5820 3235 5881 24
