3938 6174
144 326 226 382 Ἠλίό

1439 319 1655 374 LIBER
1694 321 1717 371 Ι
1757 320 2164 378 MALACHIM.

3392 317 3501 374 750

160 449 234 522 qui
260 453 333 504 est
355 448 540 501 contra
567 441 920 513 Jerusalem,
943 450 1003 498 et
1031 443 1257 499 Moloch
1289 443 1443 499 idolo
1476 443 1558 515 [h.
1594 461 1736 499 con-
1766 449 1820 513 Α
1851 453 2104 521 runtque
2133 451 2510 520 Damascum,
2535 455 2592 506 et
2616 449 3031 506 habitaverunt
3061 448 3166 515 ibi,
3197 452 3256 504 et
3275 448 3501 505 consti-

158 533 481 604 taminationi]
513 531 769 588 filiorum
799 535 1072 588 Ammon.
1105 536 1295 604 Atque
1339 533 1398 588 in
1427 534 1582 588 hunc
1615 551 1739 588 mo-

160 630 265 682 dum
295 625 407 680 fecit
434 622 719 678 universis
744 623 1026 678 uxoribus
1058 621 1185 678 suis
1217 622 1584 695 alienigenis,
1609 640 1738 694 quae

155 723 409 780 adolehant
446 720 640 784 thura,
670 725 728 775 et
776 719 1159 774 immolabant
1192 719 1307 774 diis
1356 721 1503 775 suis.
1555 723 1742 792 Igitur

153 814 297 868 iratus
337 815 415 866 est
440 811 725 864 Dominus
772 808 1091 876 Salomoni,
1145 812 1295 880 quod
1351 826 1555 864 aversa
1585 812 1741 864 esset

151 917 280 956 mens
324 899 438 968 ejus
467 899 584 967 [cor
629 897 768 968 eius]
800 913 834 951 a
882 897 1130 952 Domino
1178 902 1296 952 Deo
1348 898 1549 962 Israel,
1601 898 1740 968 quia

149 990 438 1060 apparuerat
467 987 519 1040 ei
551 986 832 1054 secundo,
858 990 915 1041 et
947 991 1298 1058 prmeeperst
1319 988 1388 1042 de
1409 987 1582 1041 verbo
1606 985 1735 1054 hoc,

144 1095 198 1134 ne
222 1080 532 1148 sequeretur
561 1075 699 1130 deos
751 1073 991 1141 alienos,
1026 1081 1084 1131 et
1119 1092 1230 1130 non
1264 1075 1582 1130 custodivit
1611 1092 1737 1146 quae

144 1165 392 1221 mandavit
412 1164 461 1220 ei
495 1165 803 1220 Dominus.
836 1165 993 1221 Dixit
1023 1165 1226 1236 itaque
1261 1165 1542 1219 Dominus
1573 1162 1737 1219 Salo-

141 1255 300 1310 moni:
329 1254 465 1319 Quia
509 1253 768 1309 habuisti
805 1255 909 1310 hoc
952 1255 1103 1325 apud
1169 1259 1245 1317 te,
1278 1258 1334 1308 et
1382 1269 1495 1309 non
1539 1257 1738 1309 custo-

139 1343 246 1398 disti
273 1349 490 1413 pactum
526 1358 746 1409 meum,
772 1348 828 1397 et
849 1346 1138 1414 praecepta
1159 1359 1289 1398 mea
1313 1358 1439 1412 quae
1465 1342 1734 1397 mandavi

135 1432 232 1500 tibi,
262 1431 626 1503 disrumpens
675 1431 941 1486 scindam
978 1446 1225 1503 regnum
1257 1437 1452 1499 tuum,
1502 1436 1558 1486 et
1586 1432 1737 1486 dabo

133 1519 248 1574 illud
275 1535 423 1574 servo
465 1525 592 1575 tuo.
646 1520 1059 1576 Verumtamen
1107 1520 1165 1575 in
1219 1521 1430 1576 diebus
1479 1521 1595 1574 tuis
1621 1537 1736 1575 non

127 1608 320 1670 faciam.
353 1613 587 1680 propter
617 1609 794 1664 David
831 1615 1054 1680 patrem
1091 1615 1256 1664 tuum
1286 1625 1298 1664 :
1326 1610 1398 1664 de
1430 1627 1606 1664 manu
1632 1609 1735 1664 ﬁlii

137 1698 206 1751 tui
257 1697 508 1752 scindam
566 1697 735 1760 illud,
785 1714 891 1753 nec
936 1703 1125 1753 totum
1176 1713 1422 1769 regnum
1475 1697 1734 1752 auferam

133 1785 420 1858 [scindam],
441 1788 548 1842 sed
595 1786 818 1841 tribum
842 1803 1019 1842 unam
1039 1787 1190 1842 dabo
1215 1787 1331 1841 filio
1351 1794 1472 1854 tuo,
1500 1791 1735 1858 propter

131 1875 270 1928 David
306 1892 534 1930 servum
584 1891 781 1931 meum
833 1881 890 1932 et
935 1876 1260 1932 Jerusalem
1324 1892 1502 1948 quam
1561 1875 1730 1947 elegi.

131 1963 196 2033 [Τ.
224 1963 477 2037 ΧΧΧΙν.]
534 1965 848 2020 Suscitavit
894 1971 1090 2020 autem
1137 1965 1425 2021 Dominus
1457 1965 1731 2020 adversa-

129 2054 249 2107 rium
297 2053 613 2121 Salomoni,
650 2054 803 2108 Adad
851 2054 1174 2108 ldumaaum
1206 2054 1277 2108 de
1307 2054 1530 2109 semine
1551 2053 1729 2125 regio,

127 2141 202 2212 qui
225 2149 331 2197 erat
359 2143 415 2197 in
448 2143 660 2198 Edam.
722 2147 864 2196 Cum
910 2142 1068 2198 enim
1101 2149 1256 2198 esset
1285 2144 1464 2198 David
1498 2143 1556 2196 in
1593 2144 1732 2198 [dua

126 2248 256 2296 mea,
283 2238 337 2286 et
364 2231 736 2288 ascendisset
754 2232 900 2287 Joab
922 2233 1194 2304 princeps
1226 2232 1449 2286 militiae
1473 2232 1542 2286 ad
1566 2248 1730 2304 sepe-

125 2319 308 2376 liendos
359 2337 454 2377 eos
509 2321 613 2392 qui
659 2321 892 2376 fuerant
952 2321 1263 2388 interfecti,
1308 2325 1366 2375 et
1421 2320 1733 2376 occidisset

125 2426 261 2464 omne
285 2410 680 2466 masculinum
706 2411 721 2444 ¹
745 2410 804 2465 in
831 2411 1085 2466 Idumam
1105 2411 1226 2480 (sex
1249 2411 1404 2466 enim
1431 2409 1730 2466 mensibus

125 2498 186 2551 ibi
212 2505 454 2555 moratus
487 2506 588 2555 est
615 2500 784 2568 Joab,
815 2505 872 2554 et
917 2499 1110 2554 omnis
1142 2499 1339 2567 Israel,
1373 2500 1558 2554 donec
1579 2499 1729 2555 inte-

123 2587 316 2643 rimeret
366 2589 488 2661 [τηε.
552 2588 970 2659 interficerent]
1019 2605 1191 2644 omne
1241 2588 1636 2643 masculinum
1669 2588 1728 2641 in

123 2674 374 2749 ldumasa),
408 2679 746 2751 fugitAdab
778 2678 924 2750 ipse,
966 2683 1025 2732 et
1054 2678 1160 2732 viri
1196 2677 1432 2732 Idumaei
1455 2678 1524 2732 de
1547 2677 1729 2733 servis

121 2768 267 2836 patris
311 2770 434 2839 ejus
483 2785 628 2825 cum
673 2785 762 2837 eo,
809 2773 875 2823 ut
926 2768 1331 2840 ingrederetur
1375 2768 1723 2839 Egyptum:

121 2861 219 2909 erat
245 2864 426 2914 autem
449 2859 623 2913 Adad
657 2874 799 2929 puer
819 2857 1118 2929 parvulus.
1142 2857 1408 2928 Cumque
1441 2858 1727 2912 surrexis-

118 2951 221 2999 sent
245 2946 308 3000 de
329 2947 592 3014 Madian,
629 2950 914 3002 venerunt
962 2946 1021 3001 in
1055 2946 1305 3013 Pharao,
1350 2945 1728 3016 tuleruntque

120 3047 282 3089 secum
321 3037 472 3092 viros
509 3037 586 3091 de
637 3035 890 3100 Pharan,
924 3040 981 3090 et
1026 3034 1378 3091 introierunt
1416 3039 1727 3108 Egyptum

117 3121 172 3176 ad
217 3123 576 3181 Pharaonem
626 3141 820 3197 regem
871 3125 1095 3196 Egypti
1124 3142 1137 3180 :
1171 3125 1265 3194 qui
1312 3125 1473 3179 dedit
1504 3123 1586 3178 eis
1619 3124 1725 3180 do-

1849 541 2090 593 tuerunt
2120 556 2254 595 eum
2289 556 2485 612 regem
2517 539 2574 594 in
2610 539 2920 606 Damasco,
2951 543 3195 609 eratque
3225 538 3503 594 adversa-

1850 626 1972 681 rius
2016 629 2216 684 Israeli
2274 629 2503 685 cunctis
2534 628 2743 684 diebus
2790 627 3138 694 Salomonis,
3193 626 3384 682 ethoc
3413 631 3503 683 est

1851 716 2073 772 malum
2105 719 2290 781 Adad.
2319 723 2374 773 et
2405 718 2605 774 odium
2656 723 2861 774 contra
2893 716 3092 783 Israel,
3124 715 3502 789 regnavitque

1850 804 1908 858 in
1939 805 2126 877 Syria.
2154 807 2247 875 [Τ.
2280 806 2558 877 XXXVIJ
2599 808 2908 862 Jeroboam
2949 821 3180 877 quoque
3209 804 3368 862 ﬁlius
3384 804 3501 860 Na-

1847 894 1968 960 bat,
2015 895 2417 968 Ephrathaeus,
2464 897 2534 952 de
2573 895 2998 966 Sareda,cujus
3029 899 3216 950 mater
3240 899 3366 950 erat
3397 911 3499 951 no-

1847 983 2005 1039 mine
2035 990 2233 1056 SarVa,
2269 986 2482 1040 mulier
2509 986 2707 1055 vidua,
2733 1001 2937 1040 servus
2967 983 3312 1052 Salomonis,
3344 982 3500 1040 leva-

1845 1072 1928 1126 vit
1959 1090 2194 1130 manum
2227 1081 2431 1131 contra
2462 1091 2680 1147 regem.
2714 1072 2783 1129 Et
2813 1074 2934 1130 haec
2955 1089 3132 1129 causa
3161 1072 3500 1129 rebellionis

1846 1161 2130 1219 adversus
2177 1179 2337 1233 eum,
2389 1164 2530 1236 quia
2576 1162 2852 1218 Salomon
2884 1161 3189 1218 mdiﬁcavit
3221 1160 3413 1230 Mello,
3443 1166 3502 1218 et

1845 1253 2165 1323 coaequavit
2215 1253 2553 1325 voraginem
2597 1251 2861 1308 civitatis
2914 1251 3098 1307 David
3148 1249 3334 1323 patris
3381 1249 3497 1306 sui.

1841 1341 1983 1395 Erat
2012 1347 2208 1397 autem
2238 1343 2549 1398 Jeroboam
2580 1341 2669 1396 vir
2696 1340 2864 1396 fortis
2895 1346 2952 1397 et
2984 1345 3190 1413 potens
3217 1357 3230 1396 :
3265 1340 3498 1396 videns-

1844 1447 1955 1501 que
1988 1431 2265 1487 Salomon
2310 1431 2738 1487 adolescentem
2787 1431 2952 1486 bona;
2981 1429 3200 1486 indolis
3231 1433 3290 1486 et
3327 1429 3499 1484 indu-

1845 1521 2079 1589 strium,
2114 1521 2500 1576 constituerat
2529 1537 2663 1576 eum
2699 1520 3037 1592 prafectum
3071 1534 3250 1591 super
3270 1519 3496 1575 tributa

1845 1609 2132 1665 universas
2165 1610 2377 1665 domus
2408 1608 2648 1681 Joseph.
2681 1609 2767 1678 [Τ.
2791 1608 3108 1680 XXXVII.]
3141 1607 3381 1663 Factum
3405 1610 3497 1663 est

1845 1699 2024 1770 igitur
2054 1699 2114 1754 in
2143 1703 2404 1771 tempore
2434 1698 2556 1768 illo,
2588 1703 2650 1754 ut
2677 1698 2988 1754 Jeroboam
3019 1698 3392 1770 egrederetur
3421 1697 3493 1752 de

1763 1813 1811 1878 Β
1840 1787 2192 1856 Jerusalem,
2244 1793 2301 1844 et
2329 1789 2617 1844 inveniret
2663 1804 2798 1843 eum
2830 1787 3010 1843 Ahias
3047 1785 3323 1843 Silonites
3353 1801 3490 1856 pro-

1843 1877 2020 1948 pheta
2050 1878 2108 1932 in
2141 1877 2232 1932 via
2262 1881 2500 1949 opertus
2534 1876 2706 1948 pallio
2738 1893 2884 1932 novo
2919 1895 2931 1932 :
2957 1880 3124 1932 erant
3153 1879 3351 1931 autem
3375 1874 3490 1930 duo

1842 1971 2072 2021 tantum
2108 1967 2166 2021 in
2200 1982 2358 2038 agro.
2407 1966 2982 2038 Apprehendensque
3029 1964 3210 2020 Ahias
3241 1962 3488 2036 pallium

1839 2073 1999 2110 suum
2035 2056 2116 2127 [h.
2169 2072 2286 2110 non
2315 2055 2512 2127 habet]
2554 2071 2790 2118 novum,
2841 2071 2957 2126 quo
2988 2057 3296 2125 coopertus
3343 2057 3488 2122 erat,

1841 2145 2014 2200 scidit
2044 2146 2101 2200 in
2162 2145 2472 2200 duodecim
2519 2151 2734 2216 partes.
2794 2145 2864 2199 Et
2911 2144 2993 2198 ait
3022 2144 3093 2198 ad
3133 2142 3485 2198 Jeroboam:

1841 2233 2001 2289 Tolle
2027 2233 2132 2288 tibi
2152 2235 2352 2290 decem
2367 2234 2656 2290 scissuras
2677 2250 2690 2288 :
2715 2233 2838 2288 haec
2858 2232 3014 2289 enim
3037 2230 3180 2287 dicit
3209 2230 3490 2288 Dominus

1841 2330 1994 2380 Deus
2028 2325 2238 2382 Israel:
2273 2330 2412 2380 Ecce
2460 2341 2566 2397 ego
2597 2323 2866 2380 scindam
2917 2338 3165 2393 regnum
3198 2323 3270 2378 de
3303 2338 3483 2378 manu

1839 2413 2191 2485 Salomonis,
2224 2418 2282 2469 et
2331 2415 2483 2470 dabo
2533 2413 2639 2468 tibi
2671 2414 2873 2468 decem
2913 2412 3126 2467 tribus.
3160 2416 3336 2468 Porro
3369 2427 3487 2467 una

1839 2505 2028 2558 tribus
2053 2503 2377 2558 remanebit
2407 2503 2726 2575 ei,propter
2745 2517 2979 2558 servum
2999 2517 3198 2556 meum
3223 2499 3404 2556 David
3429 2503 3487 2556 et

1838 2592 2166 2648 Jerusalem
2220 2593 2536 2660 civitatem,
2590 2607 2769 2663 quam
2801 2591 2949 2663 elegi
2980 2608 3050 2647 ex
3079 2589 3356 2646 omnibus
3385 2589 3488 2644 tri-

1838 2683 2034 2737 bubus
2069 2681 2244 2737 Israel
2271 2699 2283 2736 :
2317 2697 2383 2737 eo
2403 2681 2554 2753 quod
2574 2679 2958 2751 dereliquerit
2989 2695 3078 2734 me
3106 2679 3148 2746 ³,
3183 2683 3240 2734 et
3274 2678 3485 2734 adora-

1839 2769 1986 2823 verit
2005 2769 2355 2824 Astharthen
2379 2769 2459 2840 [h.
2487 2768 2771 2839 Astoreth]
2811 2769 2979 2823 deam
3009 2767 3402 2835 Sidoniorum,
3429 2770 3488 2822 et

1838 2857 2089 2914 Chamos
2122 2859 2293 2913 deum
2339 2858 2525 2923 Moab,
2560 2862 2616 2912 et
2662 2856 2950 2912 Melchom
3001 2857 3177 2911 deum
3220 2855 3481 2911 filiorum

1835 2950 2164 3016 Ammon,et
2194 2963 2310 3002 non
2342 2946 2730 3002 ambulaverit
2759 2946 2820 3000 in
2849 2945 2960 3000 viis
2991 2946 3139 3000 meis
3173 2949 3236 3000 ut
3268 2944 3484 3000 faceret

1831 3034 2127 3106 justitiam
2177 3050 2369 3090 coram
2414 3050 2528 3101 me,
2560 3038 2614 3089 et
2656 3041 2946 3106 praecepta
2995 3049 3125 3088 mea
3155 3031 3481 3102 etjudicia,

1839 3125 1994 3182 sicut
2021 3124 2201 3179 David
2226 3128 2388 3196 pater
2418 3124 2568 3194 ejus.
2603 3123 2717 3178 Nec
2743 3123 3003 3179 auferam
3038 3137 3211 3177 omne
3239 3136 3486 3194 regnum

118 3226 270 3282 mum,
297 3221 351 3270 et
380 3216 512 3271 cibo
528 3231 553 3269 s
577 3215 656 3286 [h.
683 3184 918 3286 panem]
941 3184 1271 3282 constituit,
1297 3220 1354 3268 et
1378 3220 1590 3268 terram
1623 3214 1722 3267 de-
1756 3184 1800 3250 (ἶ
1836 3215 1908 3269 de
1928 3230 2104 3268 manu
2122 3184 2271 3284 ejus.
2291 3212 2392 3268 sed
2411 3184 2618 3268 ducem
2635 3228 2848 3285 ponam
2870 3228 3005 3268 eum
3023 3212 3249 3267 cunctis
3281 3184 3488 3268 diebus

111 3296 304 3370 legavit.
336 3304 400 3359 Et
430 3303 668 3361 invenit
696 3304 858 3358 Adad
908 3304 1160 3374 gratiam
1194 3319 1389 3358 coram
1423 3302 1726 3357 Pharaone

117 3389 276 3461 valde,
328 3394 388 3448 in
447 3398 692 3450 tantum
742 3398 805 3448 ut
853 3393 1012 3448 daret
1060 3392 1110 3448 ei
1162 3408 1419 3461 uxorem,
1471 3409 1728 3448 sororem

123 3481 283 3537 uxoris
333 3500 450 3540 sum
499 3499 848 3557 germanam
881 3483 1194 3554 Thaphnes
1227 3483 1460 3553 reginis.
1495 3482 1730 3538 Genuit-

120 3583 206 3633 que
247 3571 293 3625 ei
341 3589 512 3628 soror
562 3572 881 3644 Thaphnes
925 3572 1232 3628 Genubath
1273 3570 1396 3645 [ms.
1448 3572 1729 3642 Genebat]

119 3655 292 3729 tilium,
323 3667 378 3717 et
430 3661 685 3717 nutrivit
714 3677 849 3716 eum
899 3661 1210 3732 Thaphnes
1259 3661 1317 3715 in
1367 3661 1541 3717 domo
1581 3660 1730 3714 Pha-

119 3749 314 3806 monis:
348 3756 600 3824 eratque
629 3750 936 3805 Genubath
982 3749 1256 3804 habitans
1287 3751 1441 3821 apud
1474 3749 1730 3804 Pharao-

119 3849 220 3891 nem
249 3854 376 3895 cum
411 3839 554 3895 ﬁliis
587 3840 737 3910 ejus.
771 3841 1033 3910 Cumque
1065 3839 1327 3894 audisset
1354 3839 1515 3893 Adad
1549 3838 1607 3892 in
1639 3839 1730 3892 ΛΞ-

117 3929 276 3994 gypto,
306 3928 606 3984 dormisse
659 3927 832 3982 David
865 3942 995 3982 cum
1029 3926 1294 3999 patribus
1324 3927 1471 3996 suis,
1495 3932 1552 3981 et
1578 3943 1733 3982 mor-

118 4015 252 4067 tuum
281 4031 406 4072 esse
422 4018 575 4072 Joab
610 4015 931 4087 principem
977 4015 1223 4086 militiae,
1255 4016 1401 4070 dixit
1425 4015 1730 4071 Pharaoni.

115 4097 320 4160 Dimitte
362 4121 481 4175 me,
513 4111 579 4162 ut
610 4105 818 4160 vadem
868 4105 950 4173 [h.
987 4104 1149 4160 Mitte
1179 4121 1294 4175 me,
1321 4109 1379 4160 et
1408 4105 1640 4176 vadam]
1672 4104 1733 4159 in

116 4192 294 4246 terram
335 4211 556 4250 meam.
609 4194 875 4264 Dixitque
905 4193 957 4249 ei
1002 4193 1224 4248 Pharao
1262 4210 1276 4248 :
1310 4196 1435 4252 Qua
1486 4194 1642 4248 enim
1674 4208 1734 4248 re

112 4282 238 4346 apud
264 4297 351 4338 me
380 4284 645 4355 indiges,
668 4287 731 4337 ut
757 4298 984 4353 qumras
1002 4283 1083 4336 ire
1101 4283 1172 4337 ad
1193 4287 1405 4337 terram
1433 4288 1596 4337 tuam
1621 4281 1643 4336 Ρ
1666 4285 1736 4337 At

113 4362 192 4420 ille
213 4373 511 4443 respondit
537 4390 551 4427 :
591 4371 798 4429 Nulla:
832 4371 932 4426 sed
975 4372 1216 4427 obsecro
1248 4377 1304 4427 te
1328 4373 1349 4406 ²
1376 4377 1440 4427 ut
1471 4371 1734 4428 dimittas

111 4470 185 4510 me
215 4459 285 4530 [h.
323 4468 386 4516 ut
416 4461 629 4517 mittas
661 4461 796 4532 me].
829 4461 916 4532 [T.
947 4461 1201 4534 XXXV.)
1232 4462 1546 4517 Suscitavit
1589 4478 1737 4533 quo-

1833 3305 1964 3361 vitae
1993 3323 2134 3374 suae,
2169 3307 2408 3377 propter
2437 3304 2620 3359 David
2651 3321 2885 3360 servum
2920 3319 3140 3374 meum,
3172 3319 3348 3375 quem
3375 3301 3490 3358 ele-

1834 3395 1913 3467 gi,
1948 3395 2049 3466 qui
2081 3394 2396 3450 custodivit
2445 3395 2722 3449 mandata
2749 3409 2878 3449 mea
2907 3398 2963 3449 et
3007 3398 3295 3465 praecepta
3335 3408 3490 3448 mea-

1833 3485 2108 3539 Auferam
2140 3487 2337 3539 autem
2360 3499 2607 3555 regnum
2638 3485 2708 3538 de
2730 3501 2908 3538 manu
2935 3483 3037 3538 ﬁlii
3070 3484 3224 3554 ejus,
3256 3487 3316 3538 et
3333 3483 3482 3539 dabo

1834 3572 1934 3628 tibi
1961 3574 2157 3628 decem
2189 3574 2417 3628 tribus:
2453 3571 2574 3627 ﬁlio
2619 3578 2816 3628 autem
2849 3574 3024 3643 cujus
3069 3573 3221 3628 dabo
3257 3571 3482 3628 tribum

1836 3678 2037 3729 unam,
2068 3666 2131 3717 ut
2161 3661 2716 3718 remaneatlucerna
2739 3662 2921 3717 David
2945 3679 3110 3718 servo
3144 3677 3272 3717 meo
3305 3677 3478 3717 cunc-

1835 3752 1911 3805 tis
1943 3751 2152 3806 diehus
2199 3767 2392 3806 coram
2425 3767 2517 3805 me
2549 3750 2605 3804 in
2639 3749 2966 3806 Jerusalem
3017 3750 3273 3820 civitate,
3305 3765 3483 3822 quam

1834 3839 2073 3911 elegi,ut
2097 3845 2334 3894 essetne
2345 3855 2475 3893 men
2495 3855 2691 3892 meum
2732 3837 2832 3893 ibi.
2850 3838 2928 3892 Te
2941 3844 3137 3893 autem
3152 3852 3454 3893 assumam
3467 3880 3482 3907 ,

1836 3933 1893 3984 et
1923 3929 2196 4000 regnabis
2216 3944 2393 3999 super
2410 3927 2608 3983 omnia
2639 3944 2763 3998 quas
2781 3927 3075 3982 desiderat
3106 3927 3304 3982 anima
3320 3930 3425 3981 tua
3439 3927 3482 3980 δ.

1837 4018 2069 4090 erisque
2100 4034 2199 4072 rex
2228 4033 2404 4088 super
2435 4016 2634 4072 Israel.
2666 4017 2722 4070 Si
2753 4017 2934 4089 igitur
2963 4015 3222 4071 audieris
3263 4015 3488 4083 omnia,

1838 4124 1964 4179 quae
1997 4121 2318 4177 praecepero
2359 4105 2487 4170 tibi,
2539 4110 2597 4160 et
2626 4105 3016 4160 ambulaveris
3065 4105 3125 4159 in
3168 4103 3280 4160 viis
3313 4102 3486 4170 meis,

1836 4201 1893 4251 et
1921 4195 2126 4250 feceris
2158 4195 2311 4265 quod
2344 4199 2568 4248 rectum
2600 4199 2689 4248 est
2717 4209 2914 4249 coram
2951 4209 3042 4248 me
3073 4193 3154 4264 [h.
3189 4192 3248 4247 in
3297 4191 3488 4248 oculis

1839 4283 2028 4353 meis],
2061 4284 2400 4339 custodiens
2449 4283 2727 4338 mandata
2758 4298 2888 4337 mea
2916 4288 2973 4336 et
3003 4286 3290 4354 praecepta
3322 4297 3473 4349 mea,

1838 4373 1994 4428 sicut
2024 4371 2162 4427 fecit
2192 4371 2372 4426 David
2407 4387 2612 4427 servus
2644 4387 2850 4426 meus:
2884 4387 2982 4426 ero
3013 4375 3229 4436 tecum,
3263 4374 3319 4425 et
3347 4370 3488 4425 aedi-

1838 4463 2024 4518 ficabo
2055 4461 2160 4516 tibi
2194 4461 2435 4516 domum
2471 4459 2722 4531 fidelem,
2747 4460 3038 4530 quomodo
3069 4459 3348 4515 aediﬁcavi
3375 4459 3488 4515 Da-

112 4558 204 4612 que
231 4550 276 4601 ei
308 4549 466 4606 Deus
490 4551 898 4606 adversarium
934 4550 1124 4605 Razon
1152 4550 1338 4605 filium
1371 4551 1593 4619 Etiada,
1626 4551 1728 4623 qui
1760 4554 1804 4618 D
1836 4551 1953 4618 vid,
1985 4556 2044 4606 et
2072 4549 2297 4604 tradam
2320 4547 2426 4603 tibi
2460 4548 2660 4619 Israel,
2692 4553 2749 4604 et
2777 4549 3039 4621 affligam
3072 4564 3272 4604 semen
3303 4549 3485 4605 David

109 4634 310 4705 fugerat
339 4640 655 4695 Adadezer
684 4654 878 4710 regem
921 4640 1072 4694 Soba
1101 4639 1400 4695 dominum
1449 4657 1647 4709 suum,
1679 4645 1737 4696 et

111 4729 459 4799 congregavit
508 4733 717 4784 contra
765 4744 897 4784 eum
930 4729 1109 4796 viros,
1142 4734 1199 4784 et
1230 4729 1419 4785 factus
1458 4734 1547 4785 est
1575 4730 1736 4802 prin-

109 4827 221 4884 ceps
255 4814 586 4874 latronum'
614 4833 749 4873 cum
797 4817 1155 4875 interﬁceret
1207 4834 1305 4875 eos
1350 4817 1554 4886 David,
1587 4819 1738 4877 abie-

167 4973 180 5006 ¹
221 4972 542 5034 Veronens.
597 4992 711 5032 ms.
762 4977 1085 5034 occidissent
1129 4993 1345 5034 omnem
1390 4979 1734 5034 masculum:

113 5049 956 5194 Ρῳῗὲἓεαῗὲξινῗίἒὲζξῇε.
1010 5137 1286 5193 Hebraeus
1316 5142 1510 5193 autem
1543 5141 1738 5195 textus

111 5203 302 5280 nedum
347 5223 482 5263 eam
536 5207 829 5280 voculam,
879 5209 981 5265 sed
1028 5214 1083 5264 et
1113 5210 1446 5280 praecedens
1489 5211 1736 5266 verbum

107 5271 339 5360 obsearo,‘
353 5279 778 5360 praetermittit.

165 5343 185 5378 ³
211 5343 451 5406 Rectius
500 5349 720 5407 iterum
771 5352 841 5408 ad
875 5348 1098 5406 Hebraei
1139 5347 1358 5404 codicis
1409 5348 1580 5405 fidem
1623 5366 1734 5406 ms.

106 5413 438 5495 Veronensis
493 5421 639 5491 legit
687 5423 944 5495 plurium
1000 5437 1264 5495 numero,
1315 5421 1738 5494 Derch‘queruut

105 5498 190 5552 me,
217 5491 704 5566 elatior-avarum:
722 5495 869 5566 Tum
919 5493 1213 5550 Astharoth
1251 5491 1356 5566 pro
1389 5491 1736 5562 Astliarthen,

104 5570 262 5683 auem
286 5563 613 5620 lectionem
634 5565 814 5621 Arabs
846 5580 1079 5637 quoque
1110 5563 1362 5647 praefert.
1394 5567 1576 5649 Paulo
1605 5571 1738 5636 post

150 5630 291 5683 obch
313 5651 419 5683 nm
453 5632 738 5683 Halcham
765 5652 896 5683 cum
921 5635 1190 5683 Vulcatii:
1225 5652 1239 5683 :
1274 5635 1510 5683 lnnmns
1539 5641 1733 5683 tamen

150 5630 291 5690 oloch
312 5651 419 5707 pro
450 5632 738 5695 Metellum
765 5630 899 5693 cum
921 5630 1190 5709 vulgatis
1225 5652 1239 5692 :
1273 5635 1510 5710 longius
1539 5630 1736 5693 tamen

1844 4658 2020 4716 super
2050 4640 2179 4706 hoc,
2213 4645 2617 4695 verumtamen
2651 4657 2767 4695 non
2790 4639 3018 4696 cunctis
3049 4639 3276 4697 diebus.
3292 4639 3492 4696 Voluit

1844 4749 1980 4804 ergo
2011 4730 2287 4788 Salomon
2322 4729 2647 4786 interficere
2695 4729 3007 4785 Jeroboam
3031 4747 3049 4784 :
3083 4731 3186 4802 qui
3217 4730 3490 4801 surrexit,

1845 4820 2145 4892 etaufugit
2167 4820 2225 4875 in
2253 4821 2565 4893 Egyptum
2586 4820 2656 4876 ad
2692 4823 2864 4876 Sesac
2887 4819 3008 4890 [me
3040 4819 3272 4890 Susam]
3293 4834 3489 4891 regem

1847 4980 1927 5051 ab,
1954 4980 2124 5035 Hebr.
2159 4963 2350 5038 D3572.
2384 4979 2646 5051 Denique
2677 4977 3036 5051 cohmrenter
3067 4979 3353 5051 superiori
3373 4979 3490 5035 iso-

1845 5050 1994 5117 colo,
2027 5065 2111 5121 ac
2161 5064 2397 5121 rursum
2432 5050 2627 5121 Hebr.
2675 5049 2937 5121 plurium
2985 5049 3252 5106 numero.
3284 5055 3352 5106 Et
3377 5065 3492 5107 non

1846 5120 2274 5194 ambulaverunt
2303 5118 2365 5175 in
2385 5119 2488 5176 uiis
2518 5118 2744 5194 meis—ut
2766 5125 3030 5194 facerent,
3059 5131 3168 5178 etc.

1914 5195 1936 5228 ‘
1959 5191 2389 5264 Rescripsimus
2421 5197 2513 5247 tua
2543 5209 2612 5248 ex
2634 5191 2955 5249 Veronens.
2983 5209 3118 5261 ms.,
3149 5191 3492 5264 concinente

1846 5265 2087 5321 Hebraeo
2135 5263 2292 5320 textu
2343 5276 2528 5351 qum.
2580 5265 2690 5321 Sed
2760 5269 2817 5320 et
2890 5264 3135 5337 reliqum
3194 5263 3494 5351 versiones

1847 5368 2074 5417 omnes,
2107 5351 2349 5422 ipsaque
2374 5350 2629 5424 Vulgata
2672 5353 2758 5407 sic
2785 5351 2988 5424 legunt
3021 5369 3034 5406 :
3066 5354 3131 5406 ut
3175 5365 3345 5424 nemo
3366 5350 3494 5424 jam

1845 5421 2181 5480 Martianaio
2205 5421 2336 5492 jure
2367 5439 2480 5478 non
2498 5421 2877 5490 'succenseat',
2900 5424 2994 5493 qui
3028 5427 3088 5477 et
3117 5438 3220 5492 pro
3252 5421 3495 5476 arbitrio

1844 5495 2160 5551 lectionem
2183 5495 2466 5549 veriorem
2501 5496 2762 5560 mutarit,
2795 5502 2851 5550 et
2881 5495 3151 5549 lectorem
3204 5509 3380 5547 suum
3424 5493 3496 5548 de

1845 5568 1956 5623 hac
1989 5567 2121 5639 ipsa
2151 5565 2474 5623 mutatione
2504 5583 2609 5623 nec
2639 5567 2811 5624 verbo
2845 5573 3014 5622 tenus
3040 5563 3354 5621 monuerit.
