3938 6174
188 395 271 451 753

1464 389 1677 443 LIBER
1713 393 1738 444 Ι
1777 389 2183 444 MALACHIM.

3426 382 3534 442 754

187 523 335 580 tilium
357 515 868 589 Salomonisregem
882 515 914 571 J
923 515 1059 582 uda,
1083 517 1139 571 et
1160 515 1229 570 ad
1255 529 1489 571 omnem
1513 514 1755 570 domum
1785 515 1840 583 Α
1868 514 1974 582 tui,
2008 519 2064 570 et
2090 530 2191 569 ora
2222 529 2324 586 pro
2349 529 2440 569 me
2472 516 2535 569 ut
2566 512 2914 569 restituatur
2957 528 3171 569 manus
3201 528 3329 569 mea
3360 512 3528 569 mihi.

186 612 321 678 Juda,
342 614 388 666 et
420 605 741 679 Benjamin,
769 608 826 662 et
850 604 1118 677 reliquos
1146 606 1217 660 de
1248 605 1487 677 populo,
1517 603 1720 660 dicens
1754 621 1767 661 :

1881 603 2194 674 Oravitque
2222 601 2421 658 virDei
2455 602 2656 658 faciem
2680 602 3001 670 Domini,et
3022 618 3254 658 reversa
3284 606 3376 659 est
3406 619 3530 659 ma-

185 702 284 758 Hazc
316 698 437 753 dicit
464 695 779 752 Dominus:
813 696 940 751 Non
964 695 1316 766 ascendetis,
1341 710 1445 750 nec
1478 693 1770 750 bellabitis
1880 710 1993 748 nus
2026 691 2181 765 regis
2214 693 2284 747 ad
2317 707 2473 759 eum,
2517 696 2575 747 et
2602 692 2754 747 facta
2799 695 2887 747 est
2939 691 3087 748 sicut
3119 692 3283 764 prius
3315 692 3524 748 fuerat.

192 794 349 845 contra
372 786 559 841 fratres
588 790 819 840 vestros
868 782 1022 840 filios
1078 784 1248 839 Israel
1288 801 1301 839 :
1334 787 1656 839 revertatur
1684 783 1771 837 vir
1881 783 1965 853 (T.
2001 781 2085 854 L.)
2122 782 2377 837 Locutus
2408 785 2498 838 est
2529 788 2721 837 autem
2756 797 2853 836 rex
2885 782 2954 836 ad
2982 781 3170 836 virum
3199 781 3301 836 Dei
3331 798 3344 837 ε
3378 782 3526 837 Veni

184 878 228 934 in
253 878 454 932 domum
488 891 677 945 suam,
710 891 744 929 a
772 891 866 930 me
906 873 1064 930 enim
1118 874 1348 929 factum
1400 877 1499 929 est
1524 873 1764 929 verbum

190 966 289 1023 hoc.
317 964 615 1019 Audierunt
647 979 980 1018 sermonem
1014 962 1271 1030 Domini,
1295 967 1351 1017 et
1381 962 1594 1018 reversi
1628 965 1768 1016 sunt

190 1054 246 1109 de
267 1053 464 1121 itinere,
493 1051 643 1107 sicut
698 1051 782 1107 eis
842 1056 1193 1125 praeceperat
1246 1052 1533 1107 Dominus
1560 1050 1640 1122 (h.
1676 1065 1766 1106 se-

181 1144 389 1200 cundum
414 1142 648 1197 verbum
678 1141 955 1205 Domini).
989 1141 1315 1197 (Edificavit
1366 1145 1559 1196 autem
1607 1139 1767 1195 Jero-

178 1231 313 1287 beam
358 1230 571 1285 Sichem
603 1228 663 1284 in
692 1234 890 1285 monte
933 1230 1233 1303 prraim,
1266 1235 1323 1284 et
1347 1228 1631 1284 habitavit
1661 1228 1763 1295 ibi,

183 1323 483 1391 otegressus
527 1318 664 1374 inde
722 1319 1028 1375 aedificavit
1084 1319 1365 1375 Phanuel.
1423 1320 1509 1387 (T.
1545 1318 1761 1389 XLVI.)

170 1406 393 1479 Dixitque
417 1408 720 1465 Jeroboam
746 1408 804 1463 in
840 1409 1015 1465 corde
1046 1424 1153 1464 suo
1188 1425 1200 1463 :
1234 1408 1401 1463 Nunc
1443 1412 1764 1463 revertetur

170 1512 365 1568 regnum
395 1497 457 1552 ad
488 1497 730 1552 domum
781 1497 986 1567 David,
1028 1498 1075 1552 si
1127 1496 1457 1553 ascenderit
1507 1498 1761 1569 populus

167 1583 252 1640 iste
278 1589 331 1639 ut
356 1586 513 1642 faciat
540 1586 833 1642 sacrificia
864 1586 925 1641 in
955 1587 1127 1643 domo
1160 1587 1389 1642 Domini
1414 1587 1472 1640 in
1519 1585 1759 1642 Jerusa~

167 1672 274 1740 lem,
300 1678 347 1729 et
376 1680 736 1732 convertatur
767 1675 1097 1749 cor'populi
1132 1675 1314 1746 hujus
1346 1676 1416 1730 ad
1450 1674 1759 1730 dominum

166 1778 304 1820 suum
330 1765 568 1821 Roboam
603 1782 799 1839 regem
835 1766 1011 1833 Juda,
1044 1764 1515 1837 interﬁcientque
1546 1781 1660 1835 me,
1703 1768 1760 1819 et

1879 888 2109 927 mecum
2144 872 2385 927 domum
2419 876 2484 926 ut
2514 872 2802 943 prandeas
2833 871 2961 942 (ms.
2995 871 3439 943 prandeamus),
3470 875 3530 927 et

1879 962 2031 1017 dabo
2064 960 2171 1016 tibi
2204 961 2930 1033 munera.Responditque
2959 960 3045 1015 vir
3060 961 3153 1015 Dei
3190 961 3261 1015 ad
3293 976 3523 1033 regem:

1876 1050 1932 1106 Si
1960 1051 2255 1106 dedideris
2289 1050 2431 1106 mihi
2467 1051 2719 1106 mediam
2752 1054 2977 1122 partem
3012 1051 3223 1106 domus
3252 1054 3387 1119 tum,
3409 1068 3520 1107 non

1873 1140 2105 1196 veniam
2138 1144 2354 1210 tecum,
2390 1156 2494 1195 nec
2526 1140 2828 1195 comedam
2858 1155 3068 1209 panem
3104 1155 3294 1211 neque
3325 1139 3521 1195 bibam

1876 1245 2090 1300 aquam
2125 1229 2183 1284 in
2218 1228 2343 1285 loco
2375 1229 2519 1296 isto;
2554 1228 2637 1284 sic
2668 1228 2823 1284 enim
2859 1229 3203 1284 mandatum
3246 1232 3335 1284 est
3378 1229 3523 1283 mihi

1874 1317 1933 1374 in
1984 1334 2251 1374 sermone
2302 1317 2537 1374 Domini
2591 1317 2985 1389 praecipientis
3019 1334 3032 1372 ε
3066 1317 3191 1372 Non
3253 1319 3525 1373 comedes

1875 1424 2110 1481 panem,
2145 1425 2333 1480 neque
2385 1408 2552 1463 bibes
2599 1423 2838 1479 aquam,
2900 1422 3006 1461 nec
3064 1406 3368 1463 reverteris
3423 1423 3527 1478 per

1870 1497 2022 1556 viam
2056 1514 2229 1569 quam
2263 1497 2492 1553 venisti.
2531 1496 2680 1552 Abiit
2711 1513 2849 1569 ergo
2882 1514 2984 1570 per
3038 1495 3213 1552 aliam
3256 1498 3437 1562 viam,
3470 1503 3525 1553 et

1872 1604 1989 1642 non
2022 1592 2111 1642 est
2141 1603 2410 1642 reversus
2460 1603 2562 1658 per
2602 1585 2714 1641 iter
2744 1602 2859 1657 quo
2890 1589 3127 1642 venerat
3159 1586 3217 1641 in
3251 1586 3519 1642 Belh-El.

1873 1676 1958 1749 (T.
1994 1677 2108 1746 LI.)
2144 1676 2460 1747 Prophetes
2494 1680 2687 1732 autem
2723 1676 2961 1747 quidam
2995 1692 3167 1731 sexex
3216 1676 3523 1733 habitabat

1870 1766 1929 1821 in
1964 1765 2228 1835 Beth-El,
2256 1766 2326 1820 ad
2353 1781 2526 1837 quem
2552 1764 2709 1821 venit
2731 1765 2890 1820 filius
2925 1782 3071 1820 suus
3102 1769 3224 1834 (ms.
3260 1765 3431 1838 ejus),
3466 1770 3523 1821 et

165 1856 471 1909 revertentur
498 1855 569 1910 ad
607 1872 764 1911 eum.
819 1857 884 1911 Et
931 1855 1256 1928 excogitato
1310 1853 1576 1924 consilio,
1623 1853 1757 1909 fecit
1786 1886 1834 1952 Β
1870 1855 2165 1910 narravit2
2195 1854 2243 1909 ei
2278 1854 2476 1909 omnia
2506 1870 2682 1926 opera
2712 1870 2843 1925 quas
2880 1854 3093 1909 fecerat
3117 1853 3203 1909 vir
3222 1855 3316 1910 Dei
3342 1855 3398 1909 in
3422 1854 3521 1910 illa

167 1940 281 1996 duos
324 1942 523 2000 vitulos
581 1961 813 2013 aureos,
875 1948 931 2001 et
990 1944 1137 1999 dixit
1183 1944 1267 2000 eis
1307 1960 1319 1999 :
1361 1942 1551 1999 Nolite
1602 1943 1758 1998 ultra

172 2032 431 2089 ascendere
459 2033 515 2088 in
547 2034 879 2091 Jerusalem
916 2050 931 2089 :
963 2050 1094 2089 ecce
1127 2034 1205 2089 dii
1256 2034 1368 2101 tui,
1414 2032 1616 2101 Israel,
1658 2032 1757 2105 qui

176 2119 450 2177 eduxerunt
471 2127 523 2179 te
549 2124 626 2179 de
652 2127 807 2180 terra
828 2124 1078 2196 Egypti.
1122 2123 1437 2195 Posuitque
1480 2139 1662 2178 unum
1697 2122 1757 2177 in

167 2209 380 2280 Both-El,
407 2217 462 2268 et
486 2213 740 2269 alterum
784 2214 842 2269 in
884 2220 1028 2270 Dan.
1066 2215 1133 2269 Et
1158 2214 1373 2270 factum
1399 2218 1488 2269 est
1514 2214 1757 2269 verbum

166 2295 247 2353 hoc
268 2298 320 2354 in
340 2307 636 2370 peccatum
665 2322 678 2359 :
703 2303 824 2358 ibat
844 2303 997 2359 enim
1022 2302 1273 2376 pepulus
1297 2304 1363 2358 ad
1390 2304 1755 2359 adorandum

168 2385 374 2444 vitulum
406 2408 596 2463 usque
621 2392 679 2447 in
714 2392 858 2448 Dan.
886 2392 970 2465 (T.
1003 2392 1251 2449 XLVII.)
1279 2393 1347 2447 Et
1370 2392 1505 2447 fecit
1536 2393 1669 2448 fana
1698 2393 1757 2448 in

160 2474 374 2547 excelsis,
395 2484 450 2535 et
477 2481 814 2537 sacerdotes
845 2482 915 2538 de
946 2483 1224 2537 extremis
1253 2481 1476 2554 populi,
1511 2481 1612 2555 qui
1644 2499 1757 2537 non

157 2571 287 2620 erant
327 2568 390 2623 de
428 2568 568 2625 ﬁliis
606 2570 756 2626 Levi.
788 2569 1223 2643 Constituitque
1249 2572 1403 2626 diem
1436 2572 1755 2627 solemnem

154 2650 197 2705 in
224 2669 393 2712 mense
422 2662 650 2729 octavo,
698 2658 1141 2732 quintadecima
1172 2660 1264 2716 die
1316 2661 1562 2728 mensis,
1593 2661 1651 2717 in
1685 2660 1757 2717 si-

152 2739 493 2802 militudinem
556 2748 974 2813 solemnitatis,
1039 2767 1166 2821 quae
1217 2748 1653 2806 cclcbrabatur'
1694 2750 1753 2805 in

150 2827 289 2886 Juda.
321 2835 380 2889 Et
410 2837 741 2893 ascendens
776 2837 981 2908 altare,
1014 2838 1291 2894 similiter
1320 2839 1454 2895 fecit
1483 2839 1544 2895 in
1577 2839 1755 2896 Beth-

150 2916 218 2984 ΕΙ,
260 2925 315 2976 ut
360 2924 697 2982 immolaret
750 2925 950 2983 vitulis
1008 2944 1156 2999 quos
1210 2927 1529 2985 fabricatus
1583 2937 1749 2985 erat:

151 3009 498 3086 constituique
557 3015 622 3070 in
684 3016 919 3072 Beth-El
981 3018 1314 3073 sacecdotes
1366 3018 1749 3090 excelsorum,

149 3110 248 3166 quae
290 3100 509 3159 fecerat.
556 3106 633 3160 Et
682 3106 948 3161 ascendit
998 3121 1176 3179 super
1227 3107 1407 3163 altare
1463 3108 1610 3177 quod
1662 3125 1753 3163 ex-

146 3189 394 3248 struxerat
436 3194 496 3250 in
542 3194 817 3266 Beth'El,
861 3196 1237 3267 quindecima
1276 3197 1369 3252 die
1410 3198 1625 3253 mensis
1653 3215 1748 3253 oc-

1870 1944 1962 1999 die
1992 1944 2049 1998 in
2086 1941 2348 2010 Beth-El;
2383 1948 2440 1997 et
2472 1943 2647 1998 verba
2680 1959 2806 2015 qum
2839 1944 3067 1999 locutus
3100 1944 3293 1999 fuerat
3320 1944 3391 1999 ad
3427 1960 3516 1999 re-

1866 2048 2015 2106 gem.
2048 2033 2116 2088 Et
2148 2035 2534 2087 narraverunt
2586 2031 2739 2103 patri
2797 2048 2926 2097 suo,
2959 2035 3015 2087 et
3044 2031 3190 2087 dixit
3234 2032 3319 2088 eis
3349 2036 3515 2105 pater

1866 2139 2068 2179 eorum
2096 2140 2109 2177 :
2142 2126 2245 2177 Per
2276 2138 2450 2193 quam
2483 2121 2637 2177 viam
2668 2120 2859 2177 abiit?
2890 2121 3288 2177 Ostenderunt
3325 2122 3375 2177 ei
3409 2121 3513 2177 filii

1866 2215 1960 2271 sui
1995 2215 2148 2270 viam
2184 2231 2285 2286 per
2308 2231 2478 2286 quam
2511 2214 2736 2269 abierat
2762 2214 2855 2268 vir
2884 2214 3005 2284 Dei,
3037 2214 3137 2286 qui
3175 2218 3413 2270 venerat
3442 2216 3514 2270 de

1864 2305 2041 2361 Juda.
2074 2305 2143 2359 Et
2169 2303 2251 2359 ait
2282 2303 2421 2361 filiis
2451 2303 2576 2360 suis
2611 2320 2623 2359 :
2659 2304 2914 2360 Stcrnite
2947 2303 3091 2358 mihi
3125 2304 3373 2359 asinum.
3402 2304 3513 2371 Qui

1869 2411 2003 2450 cum
2036 2394 2402 2464 stravissent,
2419 2392 2702 2463 ascendit,
2719 2398 2774 2448 et
2794 2393 2939 2449 abiit
2965 2398 3096 2466 post
3122 2395 3311 2449 virum
3336 2394 3437 2450 Dei
3460 2399 3517 2450 et

1868 2483 2090 2539 invenit
2120 2498 2253 2539 eum
2288 2485 2587 2539 sedentem
2642 2484 2854 2538 subtus
2886 2483 3308 2551 terebinthum,
3343 2488 3399 2539 et
3431 2485 3514 2539 ait

1867 2572 1950 2627 illi
1989 2589 2000 2628 :
2033 2573 2196 2628 Tunc
2228 2575 2318 2627 est
2350 2572 2433 2626 vir
2463 2572 2588 2635 Dei,
2623 2571 2721 2643 qui
2754 2572 2942 2644 (Vulg.
2976 2576 3113 2628 tacet
3147 2572 3271 2645 qui)
3304 2573 3513 2629 venisti

1866 2662 1937 2717 de
1958 2661 2177 2716 Juda3?
2202 2659 2524 2733 Respondit
2548 2676 2561 2715 :
2584 2660 2703 2730 Ego
2726 2676 2877 2715 sum.
2903 2659 3058 2715 Dixit
3078 2660 3149 2715 ad
3174 2677 3306 2715 eum
3333 2678 3345 2716 :
3374 2661 3511 2716 Veni

1865 2766 2093 2807 mecum
2128 2751 2392 2820 domum,
2430 2753 2495 2805 ut
2524 2750 2798 2805 comedas
2827 2765 3059 2821 panem.
3094 2750 3201 2815 Qui
3236 2750 3315 2805 ait
3345 2767 3357 2803 :
3382 2754 3507 2806 Non

1865 2856 2106 2914 possum
2140 2839 2370 2905 reverti,
2396 2855 2585 2911 neque
2615 2840 2813 2894 venire
2835 2843 3049 2905 tecum,
3079 2854 3183 2894 nec
3206 2840 3505 2895 comedam

1861 2945 2211 3002 panem,nec
2232 2928 2429 2983 bibam
2453 2944 2669 3000 aquam
2695 2927 2754 2982 in
2779 2926 2904 2983 loco
2927 2928 3039 2982 isto
3069 2945 3082 2983 :
3109 2928 3247 2999 quia
3276 2927 3508 2985 locutus

1860 3022 1951 3074 est
1979 3018 2241 3074 Dominus
2271 3016 2352 3089 (h.
2388 3034 2503 3072 non
2545 3016 2741 3087 habet)
2776 3017 2843 3070 ad
2881 3033 2971 3071 me
2999 3016 3058 3071 in
3091 3032 3361 3072 sermone
3389 3017 3507 3072 Do-

1861 3108 2003 3163 mini
2041 3107 2239 3163 dicens
2274 3125 2285 3162 :
2322 3106 2448 3163 Non
2499 3106 2767 3162 comedes
2820 3122 3057 3178 panem,
3110 3122 3300 3179 neque
3340 3107 3507 3164 bibes

1862 3214 2077 3271 aquam
2108 3197 2334 3265 ibi,nec
2352 3195 2661 3253 reverteris
2686 3196 2958 3269 perviam
2994 3212 3112 3269 qua
3139 3197 3508 3264 veneris.Qui

142 3274 248 3344 ΐενὶ,
277 3294 435 3350 quem
470 3283 726 3340 ﬁnxerat
756 3265 830 3340 de
865 3265 1037 3341 corde
1070 3302 1198 3357 suo,
1223 3289 1277 3341 et
1299 3287 1433 3342 fecit
1471 3288 1747 3343 solemni-
1780 3265 1823 3332 (ἶ
1864 3265 1947 3344 ait
1978 3287 2063 3342 illi
2088 3303 2100 3341 :
2135 3288 2204 3343 Et
2230 3303 2335 3360 ego
2358 3286 2643 3359 propheta
2664 3265 2797 3342 sum
2818 3265 3031 3342 similis
3048 3286 3158 3357 tui,
3182 3290 3240 3343 et
3260 3287 3509 3360 angelus

138 3364 282 3421 tatem
333 3369 467 3427 ﬁliis
527 3372 730 3443 Israel,
790 3378 848 3430 et
897 3374 1163 3430 ascendit
1221 3391 1401 3447 super
1450 3374 1652 3445 altare,
1686 3381 1751 3433 ut

141 3451 356 3512 adoleret
388 3458 712 3518 incensum
746 3468 869 3531 (ms.
904 3463 1272 3535 adoleretur).

188 3542 258 3611 (Τ.
284 3548 531 3620 XLVIII,
558 3551 695 3623 Cap.
729 3552 909 3625 XIII.)
962 3553 1029 3609 Et
1076 3570 1209 3609 ecce
1246 3554 1333 3609 vir
1358 3555 1458 3611 Dei
1488 3555 1645 3611 venit
1679 3557 1751 3612 de

138 3625 260 3687 Juda
302 3635 356 3691 in
418 3655 698 3696 sermone
753 3642 987 3697 Domini
1044 3643 1101 3697 in
1156 3643 1415 3709 Beth-El,
1447 3645 1751 3701 Jeroboam

148 3721 303 3805 stante
330 3742 506 3798 super
534 3728 743 3801 altare,
768 3737 825 3785 et
844 3730 981 3786 thus
993 3731 1249 3803 jaciente
1268 3733 1747 3805 (Vulg.faciente).

140 3800 191 3859 Et
214 3811 537 3873 exclamavit
569 3824 776 3875 contra
806 3819 986 3875 altare
1013 3820 1074 3876 in
1106 3838 1375 3877 sermone
1405 3822 1657 3891 Domini,
1697 3831 1752 3881 et

141 3894 229 3952 ait:
254 3900 459 3973 Altare,
486 3908 699 3977 altare,
725 3908 847 3964 haec
869 3909 1013 3965 dicit
1054 3910 1337 3966 Dominus
1362 3927 1374 3967 :
1405 3915 1547 3967 Ecce
1592 3912 1748 3970 filius

136 3994 369 4047 nascetur
395 3994 607 4052 domui
630 3998 829 4067 David,
848 3998 1042 4054 Josias
1066 3999 1321 4067 nomine,
1346 4000 1749 4060 etimmolabit

136 4087 279 4162 super
321 4085 377 4137 te
434 4086 777 4144 sacerdotes
832 4087 1219 4157 excelsorum,
1250 4090 1351 4162 qui
1405 4107 1561 4146 nunc
1602 4091 1660 4147 in
1692 4098 1748 4150 te

132 4160 267 4222 thura
288 4175 683 4244 succendunt,
706 4180 763 4232 et
784 4193 919 4233 ossa
944 4177 1256 4233 hominum
1271 4160 1551 4236 Vincendet
1569 4198 1747 4252 super

130 4252 190 4347 te.
218 4254 482 4333 Deditque
530 4263 595 4319 in
644 4265 739 4321 die
768 4265 868 4321 illa
915 4267 1147 4339 signum
1207 4266 1409 4324 dicens
1442 4285 1454 4323 :
1486 4269 1606 4326 Hoc
1636 4271 1747 4326 erit

136 4353 333 4410 Signum
353 4353 507 4421 quod
523 4353 759 4410 loculus
780 4360 867 4410 est
886 4356 1166 4411 Dominus
1187 4374 1200 4412 :
1226 4360 1366 4413 Ecce
1388 4357 1568 4414 altare
1589 4359 1746 4415 scin-

143 4426 301 4521 dettlr,
332 4444 386 4493 et
414 4440 757 4497 eﬂundetur
794 4442 963 4514 cinis,
998 4445 1097 4515 qui
1148 4444 1208 4500 in
1248 4462 1314 4502 eo
1345 4450 1451 4502 est.
1485 4450 1746 4521 Cumque

139 4519 365 4580 audisset
387 4544 487 4584 rex
510 4547 845 4587 sermonem
872 4532 1129 4589 hominis
1150 4534 1445 4607 Dei,quem
1470 4519 1746 4596 inclama-

1863 3376 2095 3432 locutus
2121 3378 2211 3432 est
2240 3374 2387 3431 mihi
2414 3375 2473 3430 in
2499 3391 2771 3431 sermone
2792 3374 3026 3431 Domini
3051 3375 3286 3432 dicens:
3310 3377 3509 3433 Reduc

1861 3480 1997 3521 eum
2026 3469 2221 3522 tecum
2254 3464 2312 3520 in
2346 3465 2583 3520 domum
2618 3468 2802 3532 tuam,
2836 3468 2892 3519 et
2923 3464 3108 3535 (Vulg.
3129 3466 3214 3537 ut)
3241 3466 3509 3522 comedat

1861 3571 2095 3627 panem,
2129 3558 2186 3610 et
2215 3554 2379 3610 bibat
2412 3570 2649 3626 aquam,
2704 3553 2928 3609 Fofellit
2984 3571 3144 3624 eum,
3177 3559 3235 3610 et
3275 3556 3507 3610 reduxit

1861 3660 2061 3701 secum
2089 3662 2102 3699 :
2128 3644 2381 3699 comedit
2402 3660 2538 3716 ergo
2571 3660 2782 3717 panem
2817 3644 2874 3698 in
2908 3644 3080 3698 domo
3111 3644 3261 3715 ejus,
3285 3649 3340 3699 et
3359 3645 3508 3700 bibit

1860 3750 2094 3807 aquam-
2127 3734 2213 3803 (T.
2241 3733 2385 3804 LII.)
2408 3738 2671 3805 Cumque
2703 3733 2973 3789 sederent
2999 3734 3070 3788 ad
3105 3749 3393 3804 mensam,
3420 3734 3506 3789 fa-

1860 3828 1990 3879 ctus
2013 3826 2103 3877 est
2125 3838 2319 3878 sermo
2340 3822 2575 3878 Domini
2596 3822 2665 3877 ad
2691 3822 3167 3894 prophetam,qui
3193 3823 3502 3877 reduxerat

1857 3928 2016 3967 eum.
2044 3914 2113 3965 Et
2138 3910 2490 3966 exclamavit
2522 3911 2591 3965 ad
2627 3910 2815 3965 virum
2855 3910 2970 3979 Dei,
3022 3910 3121 3983 qui
3165 3915 3399 3965 venerat
3430 3912 3501 3965 de

1854 4000 2027 4067 Juda,
2053 4000 2293 4054 dicens:
2320 3999 2450 4054 Haec
2482 3999 2626 4053 dixit
2650 4000 3125 4065 Dominuszouia
3156 3999 3500 4054 inobediens

1856 4087 2020 4143 fuisti
2080 4087 2164 4142 ori
2220 4088 2475 4153 Domini,
2530 4092 2588 4142 et
2646 4104 2759 4142 non
2811 4087 3121 4143 custodisti
3154 4088 3496 4142 mandatum

1855 4158 2009 4248 quod
2042 4178 2318 4248 praecepit
2347 4176 2455 4231 tibi
2507 4176 2630 4247 (ms.
2677 4182 2821 4232 (acet
2852 4176 2980 4248 tibi)
3025 4176 3311 4231 Dominus
3341 4181 3496 4231 Deus

1854 4269 2017 4332 tuus,
2052 4269 2108 4321 et
2137 4282 2405 4321 reversus
2435 4270 2591 4335 es,et
2622 4265 2927 4321 comedisti
2962 4268 3267 4337 panem,et
3297 4265 3497 4321 bibisti

1856 4371 2070 4420 aquam
2104 4355 2163 4408 in
2194 4353 2321 4410 loco
2353 4356 2411 4410 in
2445 4370 2558 4426 quo
2589 4355 2862 4426 praecepit
2906 4356 3029 4426 (ms.
3082 4356 3495 4427 praeceperam)

1852 4444 1959 4500 tibi
1994 4461 2065 4499 ne
2096 4444 2435 4499 comederes
2485 4461 2693 4516 pane'n
2746 4460 2935 4516 neque
2997 4444 3226 4500 biberes
3257 4461 3492 4515 aquam,

1852 4550 1969 4589 non
2003 4533 2285 4589 inferetur
2311 4533 2710 4605 (ms.infertur)
2739 4534 2985 4588 cadaver
3004 4538 3171 4588 tuum
3200 4532 3258 4587 in
3291 4533 3495 4603 sepul-

126 4615 257 4666 νεῖαι
282 4614 401 4682 (πυ.
432 4619 883 4691 exclamaverat)
933 4628 1139 4678 contra
1168 4622 1351 4680 altare
1389 4625 1446 4679 in
1481 4626 1736 4695 Betb-El,
1768 4622 1815 4687 D
1846 4640 2011 4679 crum
2045 4628 2278 4695 patrum
2302 4622 2829 4695 tuorum.Cumque
2855 4622 3491 4693 comedisset,etbibis-

128 4700 347 4786 extendit
374 4722 624 4763 manum
655 4726 824 4765 suam
874 4710 945 4765 de
995 4710 1185 4779 altari,
1232 4711 1433 4768 dicens
1467 4731 1481 4770 :
1514 4717 1738 4786 Appre-

128 4776 325 4846 hendite
354 4809 513 4850 eum.
552 4801 640 4864 (T.
686 4796 901 4870 XLIX).
952 4802 1019 4854 Et
1066 4776 1297 4855 exaruit
1346 4776 1737 4876 manus-ejus,

125 4883 270 4937 quam
298 4885 642 4941 extenderat
671 4892 878 4943 contra
910 4903 1068 4956 eum;
1095 4905 1201 4944 nec
1231 4888 1414 4946 valuit
1445 4894 1738 4950 retrahere

124 4970 226 5018 eam
254 4968 319 5023 ad
350 4986 434 5027 se.
468 4971 671 5030 Altare
703 4992 943 5047 quoque
974 4977 1228 5033 scissum
1281 4983 1389 5045 est,
1422 4986 1478 5035 et
1515 4982 1737 5039 effusus

128 5055 198 5140 fat
224 5055 361 5114 cinis
387 5060 459 5116 de
482 5061 678 5130 altari,
716 5064 888 5134 juxta
916 5066 1152 5138 signum
1184 5068 1339 5138 quod
1392 5070 1737 5140 praedixerat

121 5132 178 5233 ll)-
207 5147 339 5212 Quod
370 5147 630 5223 dedehal)
654 5132 741 5207 vir
796 5152 897 5209 Dei
946 5132 1009 5209 in
1066 5132 1338 5212 sermone
1378 5132 1632 5215 Domini.
1665 5161 1735 5217 Et

117 5231 179 5281 ait
200 5246 291 5289 rex
422 5239 620 5297 virum
641 5240 740 5298 Dei
766 5258 779 5297 :
805 5242 1124 5315 Deprecare
1145 5244 1349 5302 faciem
1372 5249 1608 5306 Domini
1628 5249 1731 5307 Dei

391 5497 543 5579 ‘Qnaa
574 5499 952 5579 subsequitur
988 5501 1322 5579 scholiastis
1353 5509 1571 5579 notam,
1605 5525 1731 5567 exe-

118 5555 183 5647 {i'c
222 5555 513 5647 vetustate
574 5555 941 5647 litt'eirislrse'
982 5555 1705 5646 édﬁj'eéiiiidd‘é'xé'déi‘é’éé

121 5625 800 5701 uenissemus?”
859 5625 920 5630 π
985 5625 1359 5646 ’τ-υνν--π-

178 5704 192 5739 ¹
224 5706 372 5768 Idem
402 5726 546 5782 ωε..
575 5715 899 5773 celebratur.
936 5716 1220 5776 Hebraica
1249 5724 1444 5778 autem
1494 5723 1729 5796 phrasis

1850 4717 1940 4767 set
1970 4711 2179 4767 stravit
2210 4711 2439 4766 asinum
2483 4729 2656 4767 suum
2693 4710 3006 4783 pr0phetaa,
3043 4729 3214 4783 quem
3248 4713 3487 4768 reduxe-

1848 4806 1958 4856 rat.
1991 4802 2099 4865 Qui
2130 4817 2263 4855 cum
2317 4801 2578 4870 abiisset,
2628 4800 2849 4855 invenit
2894 4817 3028 4856 eum
3078 4801 3168 4857 leo
3200 4801 3261 4856 in
3287 4802 3401 4873 via,
3433 4808 3492 4857 et

1847 4890 2081 4959 occidit,
2113 4893 2168 4945 et
2197 4893 2321 4944 erat
2348 4890 2596 4945 cadaver
2621 4892 2750 4959 ejus
2783 4890 3109 4961 projectum
3141 4891 3201 4946 in
3235 4890 3439 4947 itinere
3474 4909 3487 4946 :

1845 4979 2050 5035 asinus
2081 4982 2278 5033 autem
2302 4979 2499 5034 stabat
2520 4980 2683 5050 juxta
2709 4977 2897 5049 illum,
2922 4984 2979 5034 et
3003 4978 3091 5035 leo
3113 4980 3490 5051 stabatjuxta

1845 5068 2110 5124 cadaver.
2144 5071 2212 5122 Et
2240 5083 2371 5123 ecce
2401 5068 2509 5123 viri
2531 5072 2905 5124 transeuntes
2946 5069 3219 5125 viderunt
3248 5070 3491 5124 cadaver

1844 5158 2167 5230 projectum
2200 5158 2259 5213 in
2290 5158 2398 5227 via,
2435 5163 2491 5214 et
2535 5158 2761 5215 leonem
2803 5163 3059 5215 stantem
3102 5161 3269 5229 juxta
3314 5158 3488 5213 cada-

1842 5263 1960 5303 ver.
1994 5248 2064 5303 Et
2090 5252 2399 5317 venerunt,
2432 5253 2489 5304 et
2536 5248 2988 5320 divulgaverunt
3035 5249 3095 5304 in
3140 5246 3395 5313 civitate,
3427 5248 3486 5302 in

1838 5514 2078 5588 verbum
2110 5514 2219 5571 hoc
2250 5516 2484 5588 penitus
2515 5517 2755 5572 omittit.

1910 5587 1931 5659 3
1961 5585 2223 5659 Yulgati,
2252 5585 2522 5644 uenerunt
2550 5590 2661 5659 ﬁlii
2687 5587 2798 5654 sui,
2832 5593 2887 5643 et
2915 5589 3308 5659 narraverunt»,
3331 5589 3443 5642 etc.

1908 5658 1929 5691 ³
1964 5657 2274 5731 Veronens.
2337 5677 2446 5714 ms.
2506 5657 2654 5715 me
2682 5678 2701 5713 :
2729 5664 2783 5715 et
2812 5675 2973 5731 Mmox
3026 5674 3160 5731 cum
3195 5657 3483 5731 Vulgatis‘l

1838 5730 2139 5802 Respondit
2168 5731 2264 5787 ille
2298 5749 2312 5789 :
2346 5735 2668 5803 utrumque
2695 5732 2767 5787 ab
2799 5730 3037 5788 Hebraeo
3069 5728 3319 5802 longius.
