  <div class='ocr_page' id='page_1' title='image "/cluster/home/n/w/nwhite01/storage/ocr_20150623/28/hvd.32044052824265/431.png"; bbox 0 0 3938 6174; ppageno 0'>
   <div class='ocr_carea' id='block_1_1' title="bbox 461 349 572 406">
    <p class='ocr_par' dir='ltr' id='par_1_1' title="bbox 461 349 572 406">
     <span class='ocr_line' id='line_1_1' title="bbox 461 349 572 406; baseline 0.018 -2"><span class='ocrx_word' id='word_1_1' title='bbox 461 349 572 406; x_wconf 84' lang='grc'><strong>755</strong></span> 
     </span>
    </p>
   </div>
   <div class='ocr_carea' id='block_1_2' title="bbox 1495 343 2834 405">
    <p class='ocr_par' dir='ltr' id='par_1_2' title="bbox 1495 343 2834 405">
     <span class='ocr_line' id='line_1_2' title="bbox 1495 343 2834 405; baseline -0.001 0"><span class='ocrx_word' id='word_1_2' title='bbox 1495 353 1556 405; x_wconf 84' lang='lat'><strong>8.</strong></span> <span class='ocrx_word' id='word_1_3' title='bbox 1599 345 2005 404; x_wconf 78' lang='lat' dir='ltr'><strong>HIERONYMI</strong></span> <span class='ocrx_word' id='word_1_4' title='bbox 2043 343 2299 398; x_wconf 82' lang='lat' dir='ltr'><strong>DIVINA</strong></span> <span class='ocrx_word' id='word_1_5' title='bbox 2333 343 2834 402; x_wconf 74' lang='lat' dir='ltr'><strong>BIBLIOTHECA.</strong></span> 
     </span>
    </p>
   </div>
   <div class='ocr_carea' id='block_1_3' title="bbox 3716 361 3798 418">
    <p class='ocr_par' dir='ltr' id='par_1_3' title="bbox 3716 361 3798 418">
     <span class='ocr_line' id='line_1_3' title="bbox 3716 361 3798 418; baseline 0.049 -4"><span class='ocrx_word' id='word_1_6' title='bbox 3716 361 3798 418; x_wconf 83' lang='lat'><strong>756</strong></span> 
     </span>
    </p>
   </div>
   <div class='ocr_carea' id='block_1_4' title="bbox 474 467 3802 550">
    <p class='ocr_par' dir='ltr' id='par_1_4' title="bbox 474 467 3802 550">
     <span class='ocr_line' id='line_1_4' title="bbox 474 467 3802 550; baseline 0.002 -18"><span class='ocrx_word' id='word_1_7' title='bbox 474 493 590 549; x_wconf 93' lang='lat' dir='ltr'><strong>qua</strong></span> <span class='ocrx_word' id='word_1_8' title='bbox 621 475 936 550; x_wconf 83' lang='lat' dir='ltr'><strong>prophetes</strong></span> <span class='ocrx_word' id='word_1_9' title='bbox 965 493 1142 533; x_wconf 84' lang='lat' dir='ltr'><strong>senex</strong></span> <span class='ocrx_word' id='word_1_10' title='bbox 1172 475 1273 533; x_wconf 91' lang='lat' dir='ltr'><strong>ille</strong></span> <span class='ocrx_word' id='word_1_11' title='bbox 1308 475 1631 532; x_wconf 83' lang='lat' dir='ltr'><strong>habitabat.</strong></span> <span class='ocrx_word' id='word_1_12' title='bbox 1667 475 1830 538; x_wconf 88' lang='lat' dir='ltr'><strong>Quod</strong></span> <span class='ocrx_word' id='word_1_13' title='bbox 1863 487 1998 528; x_wconf 91' lang='lat' dir='ltr'><strong>cum</strong></span> <span class='ocrx_word' id='word_1_14' title='bbox 2031 487 2104 526; x_wconf 90' lang='lat' dir='ltr'><strong>au</strong></span> <span class='ocrx_word' id='word_1_15' title='bbox 2135 467 2190 533; x_wconf 83' lang='grc' dir='ltr'>Α</span> <span class='ocrx_word' id='word_1_16' title='bbox 2221 468 2374 526; x_wconf 83' lang='lat' dir='ltr'><strong>sicut</strong></span> <span class='ocrx_word' id='word_1_17' title='bbox 2402 486 2606 528; x_wconf 90' lang='lat' dir='ltr'><strong>servus</strong></span> <span class='ocrx_word' id='word_1_18' title='bbox 2636 487 2804 528; x_wconf 91' lang='lat' dir='ltr'><strong>meus</strong></span> <span class='ocrx_word' id='word_1_19' title='bbox 2845 473 3050 544; x_wconf 84' lang='lat' dir='ltr'><strong>David,</strong></span> <span class='ocrx_word' id='word_1_20' title='bbox 3083 474 3185 546; x_wconf 87' lang='lat' dir='ltr'><strong>qui</strong></span> <span class='ocrx_word' id='word_1_21' title='bbox 3234 476 3536 538; x_wconf 86' lang='lat' dir='ltr'><strong>custodivit</strong></span> <span class='ocrx_word' id='word_1_22' title='bbox 3579 485 3802 544; x_wconf 75' lang='lat' dir='ltr'><strong>mandata</strong></span> 
     </span>
    </p>
   </div>
   <div class='ocr_carea' id='block_1_5' title="bbox 458 563 2121 638">
    <p class='ocr_par' dir='ltr' id='par_1_5' title="bbox 458 563 2121 638">
     <span class='ocr_line' id='line_1_5' title="bbox 458 563 2121 638; baseline -0.004 -17"><span class='ocrx_word' id='word_1_23' title='bbox 458 567 550 622; x_wconf 91' lang='lat' dir='ltr'><strong>dis</strong></span> <span class='ocrx_word' id='word_1_24' title='bbox 570 575 657 622; x_wconf 88' lang='lat' dir='ltr'><strong>set</strong></span> <span class='ocrx_word' id='word_1_25' title='bbox 695 565 980 638; x_wconf 80' lang='lat' dir='ltr'><strong>propheta</strong></span> <span class='ocrx_word' id='word_1_26' title='bbox 1002 565 1118 633; x_wconf 91' lang='lat' dir='ltr'><strong>ille,</strong></span> <span class='ocrx_word' id='word_1_27' title='bbox 1139 567 1236 637; x_wconf 92' lang='lat' dir='ltr'><strong>qui</strong></span> <span class='ocrx_word' id='word_1_28' title='bbox 1260 566 1570 621; x_wconf 86' lang='lat' dir='ltr'><strong>reduxerat</strong></span> <span class='ocrx_word' id='word_1_29' title='bbox 1597 582 1732 620; x_wconf 90' lang='lat' dir='ltr'><strong>eum</strong></span> <span class='ocrx_word' id='word_1_30' title='bbox 1761 566 1831 620; x_wconf 92' lang='lat' dir='ltr'><strong>de</strong></span> <span class='ocrx_word' id='word_1_31' title='bbox 1851 563 1962 633; x_wconf 91' lang='lat' dir='ltr'><strong>via,</strong></span> <span class='ocrx_word' id='word_1_32' title='bbox 1994 563 2075 617; x_wconf 86' lang='lat' dir='ltr'><strong>ait</strong></span> <span class='ocrx_word' id='word_1_33' title='bbox 2108 576 2121 614; x_wconf 90' lang='lat'>:</span> 
     </span>
    </p>
   </div>
   <div class='ocr_carea' id='block_1_6' title="bbox 477 654 2124 727">
    <p class='ocr_par' dir='ltr' id='par_1_6' title="bbox 477 654 2124 727">
     <span class='ocr_line' id='line_1_6' title="bbox 477 654 2124 727; baseline -0.001 -18"><span class='ocrx_word' id='word_1_34' title='bbox 477 656 580 711; x_wconf 90' lang='lat' dir='ltr'><strong>Vir</strong></span> <span class='ocrx_word' id='word_1_35' title='bbox 613 655 714 711; x_wconf 85' lang='lat' dir='ltr'><strong>Dei</strong></span> <span class='ocrx_word' id='word_1_36' title='bbox 748 659 856 724; x_wconf 86' lang='lat' dir='ltr'><strong>est,</strong></span> <span class='ocrx_word' id='word_1_37' title='bbox 891 655 990 727; x_wconf 86' lang='lat' dir='ltr'><strong>qui</strong></span> <span class='ocrx_word' id='word_1_38' title='bbox 1025 656 1368 712; x_wconf 89' lang='lat' dir='ltr'><strong>inobediens</strong></span> <span class='ocrx_word' id='word_1_39' title='bbox 1401 656 1482 711; x_wconf 88' lang='lat' dir='ltr'><strong>fui</strong></span> <span class='ocrx_word' id='word_1_40' title='bbox 1505 655 1592 712; x_wconf 92' lang='lat' dir='ltr'><strong>ori</strong></span> <span class='ocrx_word' id='word_1_41' title='bbox 1617 654 1872 720; x_wconf 85' lang='lat' dir='ltr'><strong>Domini,</strong></span> <span class='ocrx_word' id='word_1_42' title='bbox 1897 658 1956 709; x_wconf 91' lang='lat' dir='ltr'><strong>et</strong></span> <span class='ocrx_word' id='word_1_43' title='bbox 2001 657 2124 707; x_wconf 87' lang='lat' dir='ltr'><strong>tra-</strong></span> 
     </span>
    </p>
   </div>
   <div class='ocr_carea' id='block_1_7' title="bbox 493 741 2122 816">
    <p class='ocr_par' dir='ltr' id='par_1_7' title="bbox 493 741 2122 816">
     <span class='ocr_line' id='line_1_7' title="bbox 493 741 2122 816; baseline -0.003 -16"><span class='ocrx_word' id='word_1_44' title='bbox 493 745 643 800; x_wconf 88' lang='lat' dir='ltr'><strong>didit</strong></span> <span class='ocrx_word' id='word_1_45' title='bbox 662 761 796 800; x_wconf 93' lang='lat' dir='ltr'><strong>eum</strong></span> <span class='ocrx_word' id='word_1_46' title='bbox 827 744 1112 800; x_wconf 84' lang='lat' dir='ltr'><strong>Dominus</strong></span> <span class='ocrx_word' id='word_1_47' title='bbox 1135 744 1308 815; x_wconf 90' lang='lat' dir='ltr'><strong>leoni,</strong></span> <span class='ocrx_word' id='word_1_48' title='bbox 1332 749 1388 800; x_wconf 91' lang='lat' dir='ltr'><strong>et</strong></span> <span class='ocrx_word' id='word_1_49' title='bbox 1412 745 1700 816; x_wconf 84' lang='lat' dir='ltr'><strong>confregit</strong></span> <span class='ocrx_word' id='word_1_50' title='bbox 1720 760 1877 811; x_wconf 90' lang='lat' dir='ltr'><strong>eum,</strong></span> <span class='ocrx_word' id='word_1_51' title='bbox 1901 747 1958 798; x_wconf 90' lang='lat' dir='ltr'><strong>et</strong></span> <span class='ocrx_word' id='word_1_52' title='bbox 1973 741 2122 799; x_wconf 91' lang='lat' dir='ltr'><strong>occi-</strong></span> 
     </span>
    </p>
   </div>
   <div class='ocr_carea' id='block_1_8' title="bbox 486 832 2129 906">
    <p class='ocr_par' dir='ltr' id='par_1_8' title="bbox 486 832 2129 906">
     <span class='ocr_line' id='line_1_8' title="bbox 486 832 2129 906; baseline -0.002 -16"><span class='ocrx_word' id='word_1_53' title='bbox 486 835 573 890; x_wconf 86' lang='lat' dir='ltr'><strong>dit</strong></span> <span class='ocrx_word' id='word_1_54' title='bbox 607 835 769 906; x_wconf 82' lang='lat' dir='ltr'><strong>juxta</strong></span> <span class='ocrx_word' id='word_1_55' title='bbox 790 835 1033 890; x_wconf 83' lang='lat' dir='ltr'><strong>verbum</strong></span> <span class='ocrx_word' id='word_1_56' title='bbox 1054 833 1306 901; x_wconf 85' lang='lat' dir='ltr'><strong>Domini,</strong></span> <span class='ocrx_word' id='word_1_57' title='bbox 1332 837 1486 906; x_wconf 93' lang='lat' dir='ltr'><strong>quod</strong></span> <span class='ocrx_word' id='word_1_58' title='bbox 1510 833 1740 890; x_wconf 89' lang='lat' dir='ltr'><strong>locutus</strong></span> <span class='ocrx_word' id='word_1_59' title='bbox 1763 839 1851 888; x_wconf 88' lang='lat' dir='ltr'><strong>est</strong></span> <span class='ocrx_word' id='word_1_60' title='bbox 1871 832 2129 888; x_wconf 85' lang='lat' dir='ltr'><strong>ei.Dixit-</strong></span> 
     </span>
    </p>
   </div>
   <div class='ocr_carea' id='block_1_9' title="bbox 481 922 2123 996">
    <p class='ocr_par' dir='ltr' id='par_1_9' title="bbox 481 922 2123 996">
     <span class='ocr_line' id='line_1_9' title="bbox 481 922 2123 996; baseline -0.001 -17"><span class='ocrx_word' id='word_1_61' title='bbox 481 939 597 996; x_wconf 88' lang='lat' dir='ltr'><strong>que</strong></span> <span class='ocrx_word' id='word_1_62' title='bbox 618 925 689 980; x_wconf 90' lang='lat' dir='ltr'><strong>ad</strong></span> <span class='ocrx_word' id='word_1_63' title='bbox 714 923 866 980; x_wconf 85' lang='lat' dir='ltr'><strong>ﬁlios</strong></span> <span class='ocrx_word' id='word_1_64' title='bbox 901 940 1078 979; x_wconf 90' lang='lat' dir='ltr'><strong>suos:</strong></span> <span class='ocrx_word' id='word_1_65' title='bbox 1107 924 1360 979; x_wconf 89' lang='lat' dir='ltr'><strong>Sternite</strong></span> <span class='ocrx_word' id='word_1_66' title='bbox 1393 923 1536 978; x_wconf 88' lang='lat' dir='ltr'><strong>mihi</strong></span> <span class='ocrx_word' id='word_1_67' title='bbox 1567 924 1823 979; x_wconf 90' lang='lat' dir='ltr'><strong>asinum.</strong></span> <span class='ocrx_word' id='word_1_68' title='bbox 1852 922 1958 986; x_wconf 89' lang='lat' dir='ltr'><strong>Qui</strong></span> <span class='ocrx_word' id='word_1_69' title='bbox 1992 938 2123 978; x_wconf 90' lang='lat' dir='ltr'><strong>cum</strong></span> 
     </span>
    </p>
   </div>
   <div class='ocr_carea' id='block_1_10' title="bbox 476 1011 2125 1081">
    <p class='ocr_par' dir='ltr' id='par_1_10' title="bbox 476 1011 2125 1081">
     <span class='ocr_line' id='line_1_10' title="bbox 476 1011 2125 1081; baseline -0.002 -12"><span class='ocrx_word' id='word_1_70' title='bbox 476 1013 848 1080; x_wconf 80' lang='lat' dir='ltr'><strong>stravissent,</strong></span> <span class='ocrx_word' id='word_1_71' title='bbox 883 1016 941 1068; x_wconf 89' lang='lat' dir='ltr'><strong>et</strong></span> <span class='ocrx_word' id='word_1_72' title='bbox 969 1011 1067 1066; x_wconf 89' lang='lat' dir='ltr'><strong>ille</strong></span> <span class='ocrx_word' id='word_1_73' title='bbox 1115 1011 1378 1079; x_wconf 89' lang='lat' dir='ltr'><strong>abiisset,</strong></span> <span class='ocrx_word' id='word_1_74' title='bbox 1429 1011 1649 1066; x_wconf 88' lang='lat' dir='ltr'><strong>invenit</strong></span> <span class='ocrx_word' id='word_1_75' title='bbox 1706 1013 1948 1067; x_wconf 84' lang='lat' dir='ltr'><strong>cadaver</strong></span> <span class='ocrx_word' id='word_1_76' title='bbox 1995 1011 2125 1081; x_wconf 85' lang='lat' dir='ltr'><strong>ejus</strong></span> 
     </span>
    </p>
   </div>
   <div class='ocr_carea' id='block_1_11' title="bbox 488 1100 2125 1174">
    <p class='ocr_par' dir='ltr' id='par_1_11' title="bbox 488 1100 2125 1174">
     <span class='ocr_line' id='line_1_11' title="bbox 488 1100 2125 1174; baseline -0.001 -17"><span class='ocrx_word' id='word_1_77' title='bbox 488 1103 815 1174; x_wconf 77' lang='lat' dir='ltr'><strong>projectum</strong></span> <span class='ocrx_word' id='word_1_78' title='bbox 848 1101 906 1155; x_wconf 95' lang='lat' dir='ltr'><strong>in</strong></span> <span class='ocrx_word' id='word_1_79' title='bbox 947 1100 1041 1156; x_wconf 85' lang='lat' dir='ltr'><strong>via</strong></span> <span class='ocrx_word' id='word_1_80' title='bbox 1079 1100 1312 1156; x_wconf 90' lang='lat' dir='ltr'><strong>asinum</strong></span> <span class='ocrx_word' id='word_1_81' title='bbox 1345 1107 1402 1156; x_wconf 90' lang='lat' dir='ltr'><strong>et</strong></span> <span class='ocrx_word' id='word_1_82' title='bbox 1425 1101 1650 1156; x_wconf 89' lang='lat' dir='ltr'><strong>leonem</strong></span> <span class='ocrx_word' id='word_1_83' title='bbox 1690 1105 1914 1157; x_wconf 82' lang='lat' dir='ltr'><strong>stantes</strong></span> <span class='ocrx_word' id='word_1_84' title='bbox 1962 1102 2125 1170; x_wconf 85' lang='lat' dir='ltr'><strong>juxta</strong></span> 
     </span>
    </p>
   </div>
   <div class='ocr_carea' id='block_1_12' title="bbox 485 1189 2125 1257">
    <p class='ocr_par' dir='ltr' id='par_1_12' title="bbox 485 1189 2125 1257">
     <span class='ocr_line' id='line_1_12' title="bbox 485 1189 2125 1257; baseline -0.002 -11"><span class='ocrx_word' id='word_1_85' title='bbox 485 1191 736 1246; x_wconf 86' lang='lat' dir='ltr'><strong>cadaver</strong></span> <span class='ocrx_word' id='word_1_86' title='bbox 779 1207 792 1246; x_wconf 90' lang='lat'><strong>:</strong></span> <span class='ocrx_word' id='word_1_87' title='bbox 837 1205 953 1245; x_wconf 91' lang='lat' dir='ltr'><strong>non</strong></span> <span class='ocrx_word' id='word_1_88' title='bbox 985 1190 1239 1244; x_wconf 87' lang='lat' dir='ltr'><strong>comedit</strong></span> <span class='ocrx_word' id='word_1_89' title='bbox 1264 1189 1351 1245; x_wconf 90' lang='lat' dir='ltr'><strong>leo</strong></span> <span class='ocrx_word' id='word_1_90' title='bbox 1397 1191 1468 1245; x_wconf 92' lang='lat' dir='ltr'><strong>de</strong></span> <span class='ocrx_word' id='word_1_91' title='bbox 1506 1190 1803 1257; x_wconf 85' lang='lat' dir='ltr'><strong>cadavere,</strong></span> <span class='ocrx_word' id='word_1_92' title='bbox 1838 1207 1943 1246; x_wconf 90' lang='lat' dir='ltr'><strong>nec</strong></span> <span class='ocrx_word' id='word_1_93' title='bbox 1973 1189 2125 1244; x_wconf 82' lang='lat' dir='ltr'><strong>laesit</strong></span> 
     </span>
    </p>
   </div>
   <div class='ocr_carea' id='block_1_13' title="bbox 477 1278 2124 1351">
    <p class='ocr_par' dir='ltr' id='par_1_13' title="bbox 477 1278 2124 1351">
     <span class='ocr_line' id='line_1_13' title="bbox 477 1278 2124 1351; baseline -0.001 -17"><span class='ocrx_word' id='word_1_94' title='bbox 477 1279 734 1335; x_wconf 90' lang='lat' dir='ltr'><strong>asinum.</strong></span> <span class='ocrx_word' id='word_1_95' title='bbox 769 1278 928 1334; x_wconf 89' lang='lat' dir='ltr'><strong>Tulit</strong></span> <span class='ocrx_word' id='word_1_96' title='bbox 957 1295 1092 1350; x_wconf 89' lang='lat' dir='ltr'><strong>ergo</strong></span> <span class='ocrx_word' id='word_1_97' title='bbox 1128 1279 1436 1351; x_wconf 86' lang='lat' dir='ltr'><strong>prophetes</strong></span> <span class='ocrx_word' id='word_1_98' title='bbox 1468 1280 1713 1334; x_wconf 86' lang='lat' dir='ltr'><strong>cadaver</strong></span> <span class='ocrx_word' id='word_1_99' title='bbox 1756 1279 1859 1333; x_wconf 90' lang='lat' dir='ltr'><strong>viri</strong></span> <span class='ocrx_word' id='word_1_100' title='bbox 1911 1279 2035 1344; x_wconf 87' lang='lat' dir='ltr'><strong>Dei,</strong></span> <span class='ocrx_word' id='word_1_101' title='bbox 2069 1283 2124 1333; x_wconf 89' lang='lat' dir='ltr'><strong>et</strong></span> 
     </span>
    </p>
   </div>
   <div class='ocr_carea' id='block_1_14' title="bbox 476 1367 2120 1440">
    <p class='ocr_par' dir='ltr' id='par_1_14' title="bbox 476 1367 2120 1440">
     <span class='ocr_line' id='line_1_14' title="bbox 476 1367 2120 1440; baseline -0.002 -16"><span class='ocrx_word' id='word_1_102' title='bbox 476 1368 677 1440; x_wconf 85' lang='lat' dir='ltr'><strong>posuit</strong></span> <span class='ocrx_word' id='word_1_103' title='bbox 706 1367 856 1422; x_wconf 90' lang='lat' dir='ltr'><strong>illud</strong></span> <span class='ocrx_word' id='word_1_104' title='bbox 893 1384 1071 1438; x_wconf 89' lang='lat' dir='ltr'><strong>super</strong></span> <span class='ocrx_word' id='word_1_105' title='bbox 1099 1369 1356 1436; x_wconf 90' lang='lat' dir='ltr'><strong>asinum,</strong></span> <span class='ocrx_word' id='word_1_106' title='bbox 1389 1375 1445 1424; x_wconf 90' lang='lat' dir='ltr'><strong>et</strong></span> <span class='ocrx_word' id='word_1_107' title='bbox 1488 1385 1756 1424; x_wconf 87' lang='lat' dir='ltr'><strong>reversus</strong></span> <span class='ocrx_word' id='word_1_108' title='bbox 1804 1367 2004 1422; x_wconf 86' lang='lat' dir='ltr'><strong>intulit</strong></span> <span class='ocrx_word' id='word_1_109' title='bbox 2063 1368 2120 1421; x_wconf 91' lang='lat' dir='ltr'><strong>in</strong></span> 
     </span>
    </p>
   </div>
   <div class='ocr_carea' id='block_1_15' title="bbox 475 1455 2125 1529">
    <p class='ocr_par' dir='ltr' id='par_1_15' title="bbox 475 1455 2125 1529">
     <span class='ocr_line' id='line_1_15' title="bbox 475 1455 2125 1529; baseline -0.002 -16"><span class='ocrx_word' id='word_1_110' title='bbox 475 1456 779 1513; x_wconf 88' lang='lat' dir='ltr'><strong>civitatem</strong></span> <span class='ocrx_word' id='word_1_111' title='bbox 813 1457 1128 1527; x_wconf 86' lang='lat' dir='ltr'><strong>prophetes</strong></span> <span class='ocrx_word' id='word_1_112' title='bbox 1160 1473 1354 1523; x_wconf 88' lang='lat' dir='ltr'><strong>senex,</strong></span> <span class='ocrx_word' id='word_1_113' title='bbox 1389 1461 1453 1511; x_wconf 91' lang='lat' dir='ltr'><strong>ut</strong></span> <span class='ocrx_word' id='word_1_114' title='bbox 1481 1455 1781 1529; x_wconf 87' lang='lat' dir='ltr'><strong>plangeret</strong></span> <span class='ocrx_word' id='word_1_115' title='bbox 1823 1473 1958 1511; x_wconf 86' lang='lat' dir='ltr'><strong>eum</strong></span> <span class='ocrx_word' id='word_1_116' title='bbox 1981 1460 2020 1512; x_wconf 91' lang='grc'>¹.</span> <span class='ocrx_word' id='word_1_117' title='bbox 2055 1457 2125 1512; x_wconf 91' lang='lat' dir='ltr'><strong>Et</strong></span> 
     </span>
    </p>
   </div>
   <div class='ocr_carea' id='block_1_16' title="bbox 475 1543 2126 1618">
    <p class='ocr_par' dir='ltr' id='par_1_16' title="bbox 475 1543 2126 1618">
     <span class='ocr_line' id='line_1_16' title="bbox 475 1543 2126 1618; baseline -0.001 -17"><span class='ocrx_word' id='word_1_118' title='bbox 475 1543 675 1618; x_wconf 89' lang='lat' dir='ltr'><strong>posuit</strong></span> <span class='ocrx_word' id='word_1_119' title='bbox 705 1546 952 1600; x_wconf 90' lang='lat' dir='ltr'><strong>cadaver</strong></span> <span class='ocrx_word' id='word_1_120' title='bbox 982 1548 1110 1614; x_wconf 88' lang='lat' dir='ltr'><strong>ejus</strong></span> <span class='ocrx_word' id='word_1_121' title='bbox 1141 1546 1200 1600; x_wconf 92' lang='lat' dir='ltr'><strong>in</strong></span> <span class='ocrx_word' id='word_1_122' title='bbox 1232 1545 1500 1617; x_wconf 89' lang='lat' dir='ltr'><strong>sepulcro</strong></span> <span class='ocrx_word' id='word_1_123' title='bbox 1532 1563 1661 1614; x_wconf 87' lang='lat' dir='ltr'><strong>suo,</strong></span> <span class='ocrx_word' id='word_1_124' title='bbox 1693 1550 1747 1600; x_wconf 89' lang='lat' dir='ltr'><strong>et</strong></span> <span class='ocrx_word' id='word_1_125' title='bbox 1776 1547 2126 1617; x_wconf 85' lang='lat' dir='ltr'><strong>planxerunt</strong></span> 
     </span>
    </p>
   </div>
   <div class='ocr_carea' id='block_1_17' title="bbox 481 1633 2124 1706">
    <p class='ocr_par' dir='ltr' id='par_1_17' title="bbox 481 1633 2124 1706">
     <span class='ocr_line' id='line_1_17' title="bbox 481 1633 2124 1706; baseline -0.001 -17"><span class='ocrx_word' id='word_1_126' title='bbox 481 1650 617 1690; x_wconf 89' lang='lat' dir='ltr'><strong>eum</strong></span> <span class='ocrx_word' id='word_1_127' title='bbox 637 1652 650 1689; x_wconf 89' lang='lat'><strong>:</strong></span> <span class='ocrx_word' id='word_1_128' title='bbox 670 1633 819 1689; x_wconf 84' lang='lat' dir='ltr'><strong>Heul</strong></span> <span class='ocrx_word' id='word_1_129' title='bbox 845 1633 987 1689; x_wconf 88' lang='lat' dir='ltr'><strong>heul</strong></span> <span class='ocrx_word' id='word_1_130' title='bbox 1015 1634 1095 1705; x_wconf 81' lang='lat' dir='ltr'><strong>(h.</strong></span> <span class='ocrx_word' id='word_1_131' title='bbox 1123 1638 1240 1689; x_wconf 88' lang='lat' dir='ltr'><strong>Heu</strong></span> <span class='ocrx_word' id='word_1_132' title='bbox 1262 1637 1271 1691; x_wconf 95' lang='lat' dir='ltr'><strong>l</strong></span> <span class='ocrx_word' id='word_1_133' title='bbox 1295 1635 1474 1690; x_wconf 86' lang='lat' dir='ltr'><strong>frater</strong></span> <span class='ocrx_word' id='word_1_134' title='bbox 1507 1635 1606 1706; x_wconf 88' lang='lat' dir='ltr'><strong>mi)</strong></span> <span class='ocrx_word' id='word_1_135' title='bbox 1638 1635 1837 1690; x_wconf 82' lang='lat' dir='ltr'><strong>frater.</strong></span> <span class='ocrx_word' id='word_1_136' title='bbox 1859 1634 2124 1706; x_wconf 88' lang='lat' dir='ltr'><strong>Cumque</strong></span> 
     </span>
    </p>
   </div>
   <div class='ocr_carea' id='block_1_18' title="bbox 476 1721 2120 1796">
    <p class='ocr_par' dir='ltr' id='par_1_18' title="bbox 476 1721 2120 1796">
     <span class='ocr_line' id='line_1_18' title="bbox 476 1721 2120 1796; baseline 0.001 -20"><span class='ocrx_word' id='word_1_137' title='bbox 476 1721 841 1796; x_wconf 84' lang='lat' dir='ltr'><strong>planxissent</strong></span> <span class='ocrx_word' id='word_1_138' title='bbox 902 1723 981 1794; x_wconf 89' lang='lat' dir='ltr'><strong>(h.</strong></span> <span class='ocrx_word' id='word_1_139' title='bbox 1038 1723 1412 1796; x_wconf 88' lang='lat' dir='ltr'><strong>sepelissent)</strong></span> <span class='ocrx_word' id='word_1_140' title='bbox 1468 1740 1623 1792; x_wconf 91' lang='lat' dir='ltr'><strong>eum,</strong></span> <span class='ocrx_word' id='word_1_141' title='bbox 1660 1725 1805 1779; x_wconf 86' lang='lat' dir='ltr'><strong>dixit</strong></span> <span class='ocrx_word' id='word_1_142' title='bbox 1847 1725 1916 1778; x_wconf 90' lang='lat' dir='ltr'><strong>ad</strong></span> <span class='ocrx_word' id='word_1_143' title='bbox 1969 1723 2120 1778; x_wconf 87' lang='lat' dir='ltr'><strong>tilios</strong></span> 
     </span>
    </p>
   </div>
   <div class='ocr_carea' id='block_1_19' title="bbox 2236 564 3798 636">
    <p class='ocr_par' dir='ltr' id='par_1_19' title="bbox 2236 564 3798 636">
     <span class='ocr_line' id='line_1_19' title="bbox 2236 564 3798 636; baseline 0.012 -22"><span class='ocrx_word' id='word_1_144' title='bbox 2236 576 2386 624; x_wconf 91' lang='lat' dir='ltr'><strong>mea,</strong></span> <span class='ocrx_word' id='word_1_145' title='bbox 2417 565 2472 615; x_wconf 88' lang='lat' dir='ltr'><strong>et</strong></span> <span class='ocrx_word' id='word_1_146' title='bbox 2499 566 2737 619; x_wconf 89' lang='lat' dir='ltr'><strong>secutus</strong></span> <span class='ocrx_word' id='word_1_147' title='bbox 2768 566 2858 618; x_wconf 90' lang='lat' dir='ltr'><strong>est</strong></span> <span class='ocrx_word' id='word_1_148' title='bbox 2891 580 2981 620; x_wconf 91' lang='lat' dir='ltr'><strong>me</strong></span> <span class='ocrx_word' id='word_1_149' title='bbox 3017 564 3076 618; x_wconf 92' lang='lat' dir='ltr'><strong>in</strong></span> <span class='ocrx_word' id='word_1_150' title='bbox 3107 568 3229 620; x_wconf 87' lang='lat' dir='ltr'><strong>toto</strong></span> <span class='ocrx_word' id='word_1_151' title='bbox 3260 568 3427 623; x_wconf 87' lang='lat' dir='ltr'><strong>corde</strong></span> <span class='ocrx_word' id='word_1_152' title='bbox 3465 585 3581 636; x_wconf 89' lang='lat' dir='ltr'><strong>suo,</strong></span> <span class='ocrx_word' id='word_1_153' title='bbox 3628 573 3798 633; x_wconf 81' lang='lat' dir='ltr'><strong>faciens</strong></span> 
     </span>
    </p>
   </div>
   <div class='ocr_carea' id='block_1_20' title="bbox 2233 648 3802 730">
    <p class='ocr_par' dir='ltr' id='par_1_20' title="bbox 2233 648 3802 730">
     <span class='ocr_line' id='line_1_20' title="bbox 2233 648 3802 730; baseline 0.011 -29"><span class='ocrx_word' id='word_1_154' title='bbox 2233 649 2385 716; x_wconf 90' lang='lat' dir='ltr'><strong>quod</strong></span> <span class='ocrx_word' id='word_1_155' title='bbox 2419 648 2701 719; x_wconf 91' lang='lat' dir='ltr'><strong>placitum</strong></span> <span class='ocrx_word' id='word_1_156' title='bbox 2733 656 2887 706; x_wconf 89' lang='lat' dir='ltr'><strong>esset</strong></span> <span class='ocrx_word' id='word_1_157' title='bbox 2917 650 2977 706; x_wconf 90' lang='lat' dir='ltr'><strong>in</strong></span> <span class='ocrx_word' id='word_1_158' title='bbox 3010 657 3324 724; x_wconf 91' lang='lat' dir='ltr'><strong>conspectu</strong></span> <span class='ocrx_word' id='word_1_159' title='bbox 3346 671 3465 712; x_wconf 88' lang='lat' dir='ltr'><strong>meo</strong></span> <span class='ocrx_word' id='word_1_160' title='bbox 3495 658 3639 730; x_wconf 91' lang='lat' dir='ltr'><strong>(h.in</strong></span> <span class='ocrx_word' id='word_1_161' title='bbox 3659 663 3802 720; x_wconf 85' lang='lat' dir='ltr'><strong>oculis</strong></span> 
     </span>
    </p>
   </div>
   <div class='ocr_carea' id='block_1_21' title="bbox 2236 735 3801 820">
    <p class='ocr_par' dir='ltr' id='par_1_21' title="bbox 2236 735 3801 820">
     <span class='ocr_line' id='line_1_21' title="bbox 2236 735 3801 820; baseline 0.011 -31"><span class='ocrx_word' id='word_1_162' title='bbox 2236 735 2424 804; x_wconf 89' lang='lat' dir='ltr'><strong>meis);</strong></span> <span class='ocrx_word' id='word_1_163' title='bbox 2457 739 2557 792; x_wconf 89' lang='lat' dir='ltr'><strong>sed</strong></span> <span class='ocrx_word' id='word_1_164' title='bbox 2590 745 2865 809; x_wconf 82' lang='lat' dir='ltr'><strong>operatus</strong></span> <span class='ocrx_word' id='word_1_165' title='bbox 2899 756 2960 795; x_wconf 89' lang='lat' dir='ltr'><strong>es</strong></span> <span class='ocrx_word' id='word_1_166' title='bbox 2992 740 3148 796; x_wconf 90' lang='lat' dir='ltr'><strong>mala</strong></span> <span class='ocrx_word' id='word_1_167' title='bbox 3178 758 3356 814; x_wconf 87' lang='lat' dir='ltr'><strong>super</strong></span> <span class='ocrx_word' id='word_1_168' title='bbox 3383 761 3573 802; x_wconf 84' lang='lat' dir='ltr'><strong>omnes</strong></span> <span class='ocrx_word' id='word_1_169' title='bbox 3602 749 3689 820; x_wconf 89' lang='lat' dir='ltr'><strong>qui</strong></span> <span class='ocrx_word' id='word_1_170' title='bbox 3709 751 3801 806; x_wconf 84' lang='lat' dir='ltr'><strong>fue-</strong></span> 
     </span>
    </p>
   </div>
   <div class='ocr_carea' id='block_1_22' title="bbox 2234 829 3802 908">
    <p class='ocr_par' dir='ltr' id='par_1_22' title="bbox 2234 829 3802 908">
     <span class='ocr_line' id='line_1_22' title="bbox 2234 829 3802 908; baseline 0.01 -29"><span class='ocrx_word' id='word_1_171' title='bbox 2234 829 2372 880; x_wconf 91' lang='lat' dir='ltr'><strong>runt</strong></span> <span class='ocrx_word' id='word_1_172' title='bbox 2403 831 2555 893; x_wconf 90' lang='lat' dir='ltr'><strong>ante,</strong></span> <span class='ocrx_word' id='word_1_173' title='bbox 2609 832 2667 883; x_wconf 87' lang='lat' dir='ltr'><strong>et</strong></span> <span class='ocrx_word' id='word_1_174' title='bbox 2725 829 2910 884; x_wconf 88' lang='lat' dir='ltr'><strong>fecisti</strong></span> <span class='ocrx_word' id='word_1_175' title='bbox 2967 830 3049 901; x_wconf 89' lang='lat' dir='ltr'><strong>(h.</strong></span> <span class='ocrx_word' id='word_1_176' title='bbox 3107 836 3165 886; x_wconf 86' lang='lat' dir='ltr'><strong>et</strong></span> <span class='ocrx_word' id='word_1_177' title='bbox 3193 833 3525 904; x_wconf 89' lang='lat' dir='ltr'><strong>ambulasti,</strong></span> <span class='ocrx_word' id='word_1_178' title='bbox 3555 842 3607 891; x_wconf 91' lang='lat' dir='ltr'><strong>et</strong></span> <span class='ocrx_word' id='word_1_179' title='bbox 3639 839 3802 908; x_wconf 83' lang='lat' dir='ltr'><strong>fecisti)</strong></span> 
     </span>
    </p>
   </div>
   <div class='ocr_carea' id='block_1_23' title="bbox 2234 915 3802 991">
    <p class='ocr_par' dir='ltr' id='par_1_23' title="bbox 2234 915 3802 991">
     <span class='ocr_line' id='line_1_23' title="bbox 2234 915 3802 991; baseline 0.008 -21"><span class='ocrx_word' id='word_1_180' title='bbox 2234 915 2342 970; x_wconf 87' lang='lat' dir='ltr'><strong>tibi</strong></span> <span class='ocrx_word' id='word_1_181' title='bbox 2375 915 2514 971; x_wconf 90' lang='lat' dir='ltr'><strong>deos</strong></span> <span class='ocrx_word' id='word_1_182' title='bbox 2545 916 2766 973; x_wconf 90' lang='lat' dir='ltr'><strong>alienos</strong></span> <span class='ocrx_word' id='word_1_183' title='bbox 2797 924 2854 974; x_wconf 90' lang='lat' dir='ltr'><strong>et</strong></span> <span class='ocrx_word' id='word_1_184' title='bbox 2884 920 3228 991; x_wconf 80' lang='lat' dir='ltr'><strong>contlatiles,</strong></span> <span class='ocrx_word' id='word_1_185' title='bbox 3263 927 3326 977; x_wconf 92' lang='lat' dir='ltr'><strong>ut</strong></span> <span class='ocrx_word' id='word_1_186' title='bbox 3374 939 3463 979; x_wconf 81' lang='lat' dir='ltr'><strong>me</strong></span> <span class='ocrx_word' id='word_1_187' title='bbox 3507 926 3572 980; x_wconf 93' lang='lat' dir='ltr'><strong>ad</strong></span> <span class='ocrx_word' id='word_1_188' title='bbox 3619 926 3802 983; x_wconf 86' lang='lat' dir='ltr'><strong>iracun-</strong></span> 
     </span>
    </p>
   </div>
   <div class='ocr_carea' id='block_1_24' title="bbox 2235 1004 3802 1088">
    <p class='ocr_par' dir='ltr' id='par_1_24' title="bbox 2235 1004 3802 1088">
     <span class='ocr_line' id='line_1_24' title="bbox 2235 1004 3802 1088; baseline 0.01 -29"><span class='ocrx_word' id='word_1_189' title='bbox 2235 1004 2392 1060; x_wconf 90' lang='lat' dir='ltr'><strong>diam</strong></span> <span class='ocrx_word' id='word_1_190' title='bbox 2416 1021 2779 1077; x_wconf 87' lang='lat' dir='ltr'><strong>provocares,</strong></span> <span class='ocrx_word' id='word_1_191' title='bbox 2815 1024 2906 1062; x_wconf 90' lang='lat' dir='ltr'><strong>me</strong></span> <span class='ocrx_word' id='word_1_192' title='bbox 2938 1013 3132 1064; x_wconf 88' lang='lat' dir='ltr'><strong>autem</strong></span> <span class='ocrx_word' id='word_1_193' title='bbox 3167 1010 3458 1082; x_wconf 89' lang='lat' dir='ltr'><strong>projecisti</strong></span> <span class='ocrx_word' id='word_1_194' title='bbox 3493 1020 3613 1085; x_wconf 88' lang='lat' dir='ltr'><strong>post</strong></span> <span class='ocrx_word' id='word_1_195' title='bbox 3637 1032 3802 1088; x_wconf 85' lang='lat' dir='ltr'><strong>corpus</strong></span> 
     </span>
    </p>
   </div>
   <div class='ocr_carea' id='block_1_25' title="bbox 2235 1095 3804 1176">
    <p class='ocr_par' dir='ltr' id='par_1_25' title="bbox 2235 1095 3804 1176">
     <span class='ocr_line' id='line_1_25' title="bbox 2235 1095 3804 1176; baseline 0.01 -29"><span class='ocrx_word' id='word_1_196' title='bbox 2235 1097 2433 1162; x_wconf 88' lang='lat' dir='ltr'><strong>tuum;</strong></span> <span class='ocrx_word' id='word_1_197' title='bbox 2486 1095 2702 1152; x_wconf 91' lang='lat' dir='ltr'><strong>idcirco</strong></span> <span class='ocrx_word' id='word_1_198' title='bbox 2760 1098 2935 1153; x_wconf 72' lang='lat' dir='ltr'><strong>ecce’</strong></span> <span class='ocrx_word' id='word_1_199' title='bbox 2990 1114 3095 1170; x_wconf 86' lang='lat' dir='ltr'><strong>ego</strong></span> <span class='ocrx_word' id='word_1_200' title='bbox 3154 1100 3426 1156; x_wconf 88' lang='lat' dir='ltr'><strong>inducam</strong></span> <span class='ocrx_word' id='word_1_201' title='bbox 3484 1103 3626 1158; x_wconf 90' lang='lat' dir='ltr'><strong>mala</strong></span> <span class='ocrx_word' id='word_1_202' title='bbox 3672 1122 3804 1176; x_wconf 84' lang='lat' dir='ltr'><strong>super</strong></span> 
     </span>
    </p>
   </div>
   <div class='ocr_carea' id='block_1_26' title="bbox 2233 1183 3807 1258">
    <p class='ocr_par' dir='ltr' id='par_1_26' title="bbox 2233 1183 3807 1258">
     <span class='ocr_line' id='line_1_26' title="bbox 2233 1183 3807 1258; baseline 0.008 -22"><span class='ocrx_word' id='word_1_203' title='bbox 2233 1183 2472 1238; x_wconf 90' lang='lat' dir='ltr'><strong>domum</strong></span> <span class='ocrx_word' id='word_1_204' title='bbox 2505 1184 2843 1253; x_wconf 87' lang='lat' dir='ltr'><strong>Jeroboam,</strong></span> <span class='ocrx_word' id='word_1_205' title='bbox 2867 1191 2924 1241; x_wconf 91' lang='lat' dir='ltr'><strong>et</strong></span> <span class='ocrx_word' id='word_1_206' title='bbox 2945 1188 3272 1258; x_wconf 88' lang='lat' dir='ltr'><strong>percutiam</strong></span> <span class='ocrx_word' id='word_1_207' title='bbox 3303 1191 3375 1244; x_wconf 91' lang='lat' dir='ltr'><strong>de</strong></span> <span class='ocrx_word' id='word_1_208' title='bbox 3398 1192 3678 1248; x_wconf 84' lang='lat' dir='ltr'><strong>Jeroboam</strong></span> <span class='ocrx_word' id='word_1_209' title='bbox 3700 1195 3807 1249; x_wconf 83' lang='lat' dir='ltr'><strong>min-</strong></span> 
     </span>
    </p>
   </div>
   <div class='ocr_carea' id='block_1_27' title="bbox 2234 1275 3806 1345">
    <p class='ocr_par' dir='ltr' id='par_1_27' title="bbox 2234 1275 3806 1345">
     <span class='ocr_line' id='line_1_27' title="bbox 2234 1275 3806 1345; baseline 0.01 -21"><span class='ocrx_word' id='word_1_210' title='bbox 2234 1275 2467 1341; x_wconf 83' lang='lat' dir='ltr'><strong>gentem</strong></span> <span class='ocrx_word' id='word_1_211' title='bbox 2501 1275 2570 1328; x_wconf 92' lang='lat' dir='ltr'><strong>ad</strong></span> <span class='ocrx_word' id='word_1_212' title='bbox 2604 1275 2910 1345; x_wconf 89' lang='lat' dir='ltr'><strong>parietem,</strong></span> <span class='ocrx_word' id='word_1_213' title='bbox 2942 1281 2999 1332; x_wconf 89' lang='lat' dir='ltr'><strong>et</strong></span> <span class='ocrx_word' id='word_1_214' title='bbox 3049 1276 3344 1344; x_wconf 87' lang='lat' dir='ltr'><strong>clausum,</strong></span> <span class='ocrx_word' id='word_1_215' title='bbox 3392 1284 3447 1335; x_wconf 88' lang='lat' dir='ltr'><strong>et</strong></span> <span class='ocrx_word' id='word_1_216' title='bbox 3493 1281 3806 1340; x_wconf 87' lang='lat' dir='ltr'><strong>novissimum</strong></span> 
     </span>
    </p>
   </div>
   <div class='ocr_carea' id='block_1_28' title="bbox 2229 1359 3806 1440">
    <p class='ocr_par' dir='ltr' id='par_1_28' title="bbox 2229 1359 3806 1440">
     <span class='ocr_line' id='line_1_28' title="bbox 2229 1359 3806 1440; baseline 0.01 -27"><span class='ocrx_word' id='word_1_217' title='bbox 2229 1359 2291 1414; x_wconf 92' lang='lat' dir='ltr'><strong>in</strong></span> <span class='ocrx_word' id='word_1_218' title='bbox 2337 1361 2509 1417; x_wconf 79' lang='lat' dir='ltr'><strong>Israel</strong></span> <span class='ocrx_word' id='word_1_219' title='bbox 2541 1363 2620 1431; x_wconf 91' lang='lat' dir='ltr'><strong>(h.</strong></span> <span class='ocrx_word' id='word_1_220' title='bbox 2659 1362 2947 1433; x_wconf 91' lang='lat' dir='ltr'><strong>clausum,</strong></span> <span class='ocrx_word' id='word_1_221' title='bbox 2981 1370 3039 1421; x_wconf 88' lang='lat' dir='ltr'><strong>et</strong></span> <span class='ocrx_word' id='word_1_222' title='bbox 3067 1366 3463 1440; x_wconf 89' lang='lat' dir='ltr'><strong>derelictum);</strong></span> <span class='ocrx_word' id='word_1_223' title='bbox 3495 1373 3806 1428; x_wconf 85' lang='lat' dir='ltr'><strong>etmundabo</strong></span> 
     </span>
    </p>
   </div>
   <div class='ocr_carea' id='block_1_29' title="bbox 2233 1451 3809 1524">
    <p class='ocr_par' dir='ltr' id='par_1_29' title="bbox 2233 1451 3809 1524">
     <span class='ocr_line' id='line_1_29' title="bbox 2233 1451 3809 1524; baseline 0.007 -19"><span class='ocrx_word' id='word_1_224' title='bbox 2233 1451 2512 1524; x_wconf 88' lang='lat' dir='ltr'><strong>reliquias</strong></span> <span class='ocrx_word' id='word_1_225' title='bbox 2572 1453 2785 1508; x_wconf 89' lang='lat' dir='ltr'><strong>domus</strong></span> <span class='ocrx_word' id='word_1_226' title='bbox 2843 1455 3176 1522; x_wconf 90' lang='lat' dir='ltr'><strong>Jeroboam,</strong></span> <span class='ocrx_word' id='word_1_227' title='bbox 3223 1457 3380 1513; x_wconf 89' lang='lat' dir='ltr'><strong>sicut</strong></span> <span class='ocrx_word' id='word_1_228' title='bbox 3429 1460 3674 1515; x_wconf 90' lang='lat' dir='ltr'><strong>mundari</strong></span> <span class='ocrx_word' id='word_1_229' title='bbox 3701 1461 3809 1516; x_wconf 87' lang='lat' dir='ltr'><strong>solet</strong></span> 
     </span>
    </p>
   </div>
   <div class='ocr_carea' id='block_1_30' title="bbox 2235 1540 3808 1613">
    <p class='ocr_par' dir='ltr' id='par_1_30' title="bbox 2235 1540 3808 1613">
     <span class='ocr_line' id='line_1_30' title="bbox 2235 1540 3808 1613; baseline 0.008 -19"><span class='ocrx_word' id='word_1_230' title='bbox 2235 1540 2411 1595; x_wconf 82' lang='lat' dir='ltr'><strong>fimus</strong></span> <span class='ocrx_word' id='word_1_231' title='bbox 2443 1556 2632 1611; x_wconf 88' lang='lat' dir='ltr'><strong>usque</strong></span> <span class='ocrx_word' id='word_1_232' title='bbox 2685 1543 2753 1596; x_wconf 90' lang='lat' dir='ltr'><strong>ad</strong></span> <span class='ocrx_word' id='word_1_233' title='bbox 2816 1559 3057 1613; x_wconf 88' lang='lat' dir='ltr'><strong>purum.</strong></span> <span class='ocrx_word' id='word_1_234' title='bbox 3098 1545 3205 1609; x_wconf 89' lang='lat' dir='ltr'><strong>Qui</strong></span> <span class='ocrx_word' id='word_1_235' title='bbox 3268 1548 3482 1602; x_wconf 84' lang='lat' dir='ltr'><strong>mortui</strong></span> <span class='ocrx_word' id='word_1_236' title='bbox 3539 1549 3722 1604; x_wconf 85' lang='lat' dir='ltr'><strong>fuerint</strong></span> <span class='ocrx_word' id='word_1_237' title='bbox 3758 1551 3808 1606; x_wconf 84' lang='lat' dir='ltr'><strong>de</strong></span> 
     </span>
    </p>
   </div>
   <div class='ocr_carea' id='block_1_31' title="bbox 2230 1629 3808 1708">
    <p class='ocr_par' dir='ltr' id='par_1_31' title="bbox 2230 1629 3808 1708">
     <span class='ocr_line' id='line_1_31' title="bbox 2230 1629 3808 1708; baseline 0.006 -24"><span class='ocrx_word' id='word_1_238' title='bbox 2230 1629 2540 1684; x_wconf 89' lang='lat' dir='ltr'><strong>Jeroboam</strong></span> <span class='ocrx_word' id='word_1_239' title='bbox 2576 1631 2634 1684; x_wconf 91' lang='lat' dir='ltr'><strong>in</strong></span> <span class='ocrx_word' id='word_1_240' title='bbox 2680 1630 2935 1698; x_wconf 86' lang='lat' dir='ltr'><strong>civitate,</strong></span> <span class='ocrx_word' id='word_1_241' title='bbox 2996 1635 3305 1690; x_wconf 89' lang='lat' dir='ltr'><strong>comedent</strong></span> <span class='ocrx_word' id='word_1_242' title='bbox 3352 1652 3448 1692; x_wconf 89' lang='lat' dir='ltr'><strong>eos</strong></span> <span class='ocrx_word' id='word_1_243' title='bbox 3504 1653 3692 1704; x_wconf 89' lang='lat' dir='ltr'><strong>canes;</strong></span> <span class='ocrx_word' id='word_1_244' title='bbox 3739 1640 3808 1708; x_wconf 90' lang='lat' dir='ltr'><strong>qui</strong></span> 
     </span>
    </p>
   </div>
   <div class='ocr_carea' id='block_1_32' title="bbox 2233 1720 3812 1795">
    <p class='ocr_par' dir='ltr' id='par_1_32' title="bbox 2233 1720 3812 1795">
     <span class='ocr_line' id='line_1_32' title="bbox 2233 1720 3812 1795; baseline 0.006 -23"><span class='ocrx_word' id='word_1_245' title='bbox 2233 1723 2431 1773; x_wconf 88' lang='lat' dir='ltr'><strong>autem</strong></span> <span class='ocrx_word' id='word_1_246' title='bbox 2462 1720 2676 1774; x_wconf 89' lang='lat' dir='ltr'><strong>mortui</strong></span> <span class='ocrx_word' id='word_1_247' title='bbox 2713 1721 2928 1776; x_wconf 87' lang='lat' dir='ltr'><strong>fuerint</strong></span> <span class='ocrx_word' id='word_1_248' title='bbox 2960 1721 3017 1776; x_wconf 91' lang='lat' dir='ltr'><strong>in</strong></span> <span class='ocrx_word' id='word_1_249' title='bbox 3069 1738 3232 1795; x_wconf 88' lang='lat' dir='ltr'><strong>agro,</strong></span> <span class='ocrx_word' id='word_1_250' title='bbox 3266 1726 3547 1780; x_wconf 87' lang='lat' dir='ltr'><strong>vorabunt</strong></span> <span class='ocrx_word' id='word_1_251' title='bbox 3589 1743 3673 1782; x_wconf 85' lang='lat' dir='ltr'><strong>eos</strong></span> <span class='ocrx_word' id='word_1_252' title='bbox 3712 1743 3812 1782; x_wconf 79' lang='lat' dir='ltr'><strong>aves</strong></span> 
     </span>
    </p>
   </div>
   <div class='ocr_carea' id='block_1_33' title="bbox 479 1806 3809 1893">
    <p class='ocr_par' dir='ltr' id='par_1_33' title="bbox 479 1806 3809 1893">
     <span class='ocr_line' id='line_1_33' title="bbox 479 1806 3809 1893; baseline 0.004 -35"><span class='ocrx_word' id='word_1_253' title='bbox 479 1827 621 1867; x_wconf 70' lang='lat' dir='ltr'><strong>suos</strong></span> <span class='ocrx_word' id='word_1_254' title='bbox 645 1828 658 1866; x_wconf 70' lang='grc' dir='ltr'>ε</span> <span class='ocrx_word' id='word_1_255' title='bbox 684 1828 818 1867; x_wconf 83' lang='lat' dir='ltr'><strong>cum</strong></span> <span class='ocrx_word' id='word_1_256' title='bbox 859 1818 1150 1879; x_wconf 71' lang='lat' dir='ltr'><strong>mortuus,</strong></span> <span class='ocrx_word' id='word_1_257' title='bbox 1187 1813 1367 1880; x_wconf 70' lang='lat' dir='ltr'><strong>fuero,</strong></span> <span class='ocrx_word' id='word_1_258' title='bbox 1403 1813 1643 1885; x_wconf 81' lang='lat' dir='ltr'><strong>sepelite</strong></span> <span class='ocrx_word' id='word_1_259' title='bbox 1693 1829 1786 1868; x_wconf 86' lang='lat' dir='ltr'><strong>me</strong></span> <span class='ocrx_word' id='word_1_260' title='bbox 1833 1814 1890 1867; x_wconf 84' lang='lat' dir='ltr'><strong>in</strong></span> <span class='ocrx_word' id='word_1_261' title='bbox 1919 1813 2118 1883; x_wconf 80' lang='lat' dir='ltr'><strong>sepul-</strong></span> <span class='ocrx_word' id='word_1_262' title='bbox 2155 1829 2200 1893; x_wconf 83' lang='grc' dir='ltr'><strong>Β</strong></span> <span class='ocrx_word' id='word_1_263' title='bbox 2234 1806 2383 1872; x_wconf 72' lang='grc' dir='ltr'><strong>οωιὶ,</strong></span> <span class='ocrx_word' id='word_1_264' title='bbox 2437 1807 2575 1880; x_wconf 89' lang='lat' dir='ltr'><strong>quia</strong></span> <span class='ocrx_word' id='word_1_265' title='bbox 2624 1810 2902 1866; x_wconf 77' lang='lat' dir='ltr'><strong>Dominus</strong></span> <span class='ocrx_word' id='word_1_266' title='bbox 2950 1809 3181 1867; x_wconf 88' lang='lat' dir='ltr'><strong>locutus</strong></span> <span class='ocrx_word' id='word_1_267' title='bbox 3210 1818 3322 1868; x_wconf 89' lang='lat' dir='ltr'><strong>est.</strong></span> <span class='ocrx_word' id='word_1_268' title='bbox 3353 1815 3435 1870; x_wconf 92' lang='lat' dir='ltr'><strong>Tu</strong></span> <span class='ocrx_word' id='word_1_269' title='bbox 3467 1815 3636 1888; x_wconf 89' lang='lat' dir='ltr'><strong>igitur</strong></span> <span class='ocrx_word' id='word_1_270' title='bbox 3661 1831 3809 1887; x_wconf 82' lang='lat' dir='ltr'><strong>surge,</strong></span> 
     </span>
    </p>
   </div>
   <div class='ocr_carea' id='block_1_34' title="bbox 480 1899 2123 1974">
    <p class='ocr_par' dir='ltr' id='par_1_34' title="bbox 480 1899 2123 1974">
     <span class='ocr_line' id='line_1_34' title="bbox 480 1899 2123 1974; baseline -0.001 -18"><span class='ocrx_word' id='word_1_271' title='bbox 480 1916 580 1956; x_wconf 90' lang='lat' dir='ltr'><strong>cro</strong></span> <span class='ocrx_word' id='word_1_272' title='bbox 635 1899 695 1955; x_wconf 91' lang='lat' dir='ltr'><strong>in</strong></span> <span class='ocrx_word' id='word_1_273' title='bbox 754 1916 870 1965; x_wconf 85' lang='lat' dir='ltr'><strong>quo</strong></span> <span class='ocrx_word' id='word_1_274' title='bbox 903 1900 991 1954; x_wconf 92' lang='lat' dir='ltr'><strong>vir</strong></span> <span class='ocrx_word' id='word_1_275' title='bbox 1033 1901 1130 1956; x_wconf 88' lang='lat' dir='ltr'><strong>Dei</strong></span> <span class='ocrx_word' id='word_1_276' title='bbox 1167 1902 1435 1974; x_wconf 87' lang='lat' dir='ltr'><strong>sepultus</strong></span> <span class='ocrx_word' id='word_1_277' title='bbox 1465 1907 1556 1958; x_wconf 89' lang='lat' dir='ltr'><strong>est</strong></span> <span class='ocrx_word' id='word_1_278' title='bbox 1589 1918 1601 1957; x_wconf 91' lang='lat'><strong>:</strong></span> <span class='ocrx_word' id='word_1_279' title='bbox 1629 1904 1801 1972; x_wconf 89' lang='lat' dir='ltr'><strong>juxta</strong></span> <span class='ocrx_word' id='word_1_280' title='bbox 1829 1918 1964 1957; x_wconf 91' lang='lat' dir='ltr'><strong>ossa</strong></span> <span class='ocrx_word' id='word_1_281' title='bbox 1995 1901 2123 1971; x_wconf 85' lang='lat' dir='ltr'><strong>ejus</strong></span> 
     </span>
    </p>
   </div>
   <div class='ocr_carea' id='block_1_35' title="bbox 481 1988 2132 2061">
    <p class='ocr_par' dir='ltr' id='par_1_35' title="bbox 481 1988 2132 2061">
     <span class='ocr_line' id='line_1_35' title="bbox 481 1988 2132 2061; baseline 0.001 -17"><span class='ocrx_word' id='word_1_282' title='bbox 481 1988 681 2060; x_wconf 87' lang='lat' dir='ltr'><strong>ponite</strong></span> <span class='ocrx_word' id='word_1_283' title='bbox 714 2006 850 2045; x_wconf 90' lang='lat' dir='ltr'><strong>ossa</strong></span> <span class='ocrx_word' id='word_1_284' title='bbox 882 2005 1028 2045; x_wconf 89' lang='lat' dir='ltr'><strong>mea.</strong></span> <span class='ocrx_word' id='word_1_285' title='bbox 1049 1990 1310 2046; x_wconf 85' lang='lat' dir='ltr'><strong>Profecto</strong></span> <span class='ocrx_word' id='word_1_286' title='bbox 1331 1991 1486 2046; x_wconf 91' lang='lat' dir='ltr'><strong>enim</strong></span> <span class='ocrx_word' id='word_1_287' title='bbox 1509 1991 1702 2046; x_wconf 86' lang='lat' dir='ltr'><strong>veniet</strong></span> <span class='ocrx_word' id='word_1_288' title='bbox 1733 2005 2132 2061; x_wconf 88' lang='lat' dir='ltr'><strong>sermo,quem</strong></span> 
     </span>
    </p>
   </div>
   <div class='ocr_carea' id='block_1_36' title="bbox 483 2077 2136 2150">
    <p class='ocr_par' dir='ltr' id='par_1_36' title="bbox 483 2077 2136 2150">
     <span class='ocr_line' id='line_1_36' title="bbox 483 2077 2136 2150; baseline 0.001 -18"><span class='ocrx_word' id='word_1_289' title='bbox 483 2078 760 2150; x_wconf 73' lang='lat' dir='ltr'><strong>praedixit</strong></span> <span class='ocrx_word' id='word_1_290' title='bbox 794 2078 878 2148; x_wconf 89' lang='lat' dir='ltr'><strong>(h.</strong></span> <span class='ocrx_word' id='word_1_291' title='bbox 912 2079 1159 2150; x_wconf 89' lang='lat' dir='ltr'><strong>vocavit)</strong></span> <span class='ocrx_word' id='word_1_292' title='bbox 1180 2081 1234 2133; x_wconf 91' lang='lat' dir='ltr'><strong>in</strong></span> <span class='ocrx_word' id='word_1_293' title='bbox 1261 2096 1529 2135; x_wconf 87' lang='lat' dir='ltr'><strong>sermone</strong></span> <span class='ocrx_word' id='word_1_294' title='bbox 1556 2080 1788 2136; x_wconf 92' lang='lat' dir='ltr'><strong>Domini</strong></span> <span class='ocrx_word' id='word_1_295' title='bbox 1820 2085 2021 2135; x_wconf 90' lang='lat' dir='ltr'><strong>contra</strong></span> <span class='ocrx_word' id='word_1_296' title='bbox 2048 2077 2136 2134; x_wconf 92' lang='lat' dir='ltr'><strong>al—</strong></span> 
     </span>
    </p>
   </div>
   <div class='ocr_carea' id='block_1_37' title="bbox 479 2167 2140 2242">
    <p class='ocr_par' dir='ltr' id='par_1_37' title="bbox 479 2167 2140 2242">
     <span class='ocr_line' id='line_1_37' title="bbox 479 2167 2140 2242; baseline 0 -20"><span class='ocrx_word' id='word_1_297' title='bbox 479 2171 600 2222; x_wconf 85' lang='lat' dir='ltr'><strong>tare</strong></span> <span class='ocrx_word' id='word_1_298' title='bbox 626 2168 780 2237; x_wconf 89' lang='lat' dir='ltr'><strong>quod</strong></span> <span class='ocrx_word' id='word_1_299' title='bbox 813 2171 904 2222; x_wconf 90' lang='lat' dir='ltr'><strong>est</strong></span> <span class='ocrx_word' id='word_1_300' title='bbox 937 2167 994 2221; x_wconf 90' lang='lat' dir='ltr'><strong>in</strong></span> <span class='ocrx_word' id='word_1_301' title='bbox 1027 2167 1302 2237; x_wconf 87' lang='lat' dir='ltr'><strong>Beth-El,</strong></span> <span class='ocrx_word' id='word_1_302' title='bbox 1335 2174 1392 2223; x_wconf 91' lang='lat' dir='ltr'><strong>et</strong></span> <span class='ocrx_word' id='word_1_303' title='bbox 1421 2174 1624 2224; x_wconf 88' lang='lat' dir='ltr'><strong>contra</strong></span> <span class='ocrx_word' id='word_1_304' title='bbox 1654 2169 1852 2224; x_wconf 92' lang='lat' dir='ltr'><strong>omnia</strong></span> <span class='ocrx_word' id='word_1_305' title='bbox 1885 2171 2026 2224; x_wconf 87' lang='lat' dir='ltr'><strong>fana‘</strong></span> <span class='ocrx_word' id='word_1_306' title='bbox 2043 2185 2140 2242; x_wconf 88' lang='lat' dir='ltr'><strong>ex_</strong></span> 
     </span>
    </p>
   </div>
   <div class='ocr_carea' id='block_1_38' title="bbox 477 2253 2140 2345">
    <p class='ocr_par' dir='ltr' id='par_1_38' title="bbox 477 2253 2140 2345">
     <span class='ocr_line' id='line_1_38' title="bbox 477 2253 2140 2345; baseline 0.002 -35"><span class='ocrx_word' id='word_1_307' title='bbox 477 2253 796 2320; x_wconf 89' lang='lat' dir='ltr'><strong>celsorum,</strong></span> <span class='ocrx_word' id='word_1_308' title='bbox 827 2272 954 2327; x_wconf 70' lang='lat' dir='ltr'><strong>quae</strong></span> <span class='ocrx_word' id='word_1_309' title='bbox 995 2261 1131 2312; x_wconf 90' lang='lat' dir='ltr'><strong>sunt</strong></span> <span class='ocrx_word' id='word_1_310' title='bbox 1164 2257 1224 2312; x_wconf 92' lang='lat' dir='ltr'><strong>in</strong></span> <span class='ocrx_word' id='word_1_311' title='bbox 1267 2258 1510 2313; x_wconf 88' lang='lat' dir='ltr'><strong>urbibus</strong></span> <span class='ocrx_word' id='word_1_312' title='bbox 1541 2259 1839 2314; x_wconf 65' lang='lat' dir='ltr'><strong>Samarim.</strong></span> <span class='ocrx_word' id='word_1_313' title='bbox 1873 2258 2140 2345; x_wconf 73' lang='grc' dir='ltr'><strong>(Των.)</strong></span> 
     </span>
    </p>
   </div>
   <div class='ocr_carea' id='block_1_39' title="bbox 475 2343 2134 2418">
    <p class='ocr_par' dir='ltr' id='par_1_39' title="bbox 475 2343 2134 2418">
     <span class='ocr_line' id='line_1_39' title="bbox 475 2343 2134 2418; baseline 0.004 -20"><span class='ocrx_word' id='word_1_314' title='bbox 475 2347 618 2400; x_wconf 88' lang='lat' dir='ltr'><strong>Post</strong></span> <span class='ocrx_word' id='word_1_315' title='bbox 648 2343 729 2415; x_wconf 87' lang='lat' dir='ltr'><strong>(h.</strong></span> <span class='ocrx_word' id='word_1_316' title='bbox 763 2348 997 2400; x_wconf 83' lang='lat' dir='ltr'><strong>verbum</strong></span> <span class='ocrx_word' id='word_1_317' title='bbox 1027 2346 1147 2418; x_wconf 87' lang='lat' dir='ltr'><strong>hoc)</strong></span> <span class='ocrx_word' id='word_1_318' title='bbox 1200 2348 1374 2402; x_wconf 80' lang='lat' dir='ltr'><strong>verba</strong></span> <span class='ocrx_word' id='word_1_319' title='bbox 1405 2347 1524 2403; x_wconf 70' lang='lat' dir='ltr'><strong>haec</strong></span> <span class='ocrx_word' id='word_1_320' title='bbox 1557 2365 1672 2404; x_wconf 91' lang='lat' dir='ltr'><strong>non</strong></span> <span class='ocrx_word' id='word_1_321' title='bbox 1723 2354 1814 2403; x_wconf 90' lang='lat' dir='ltr'><strong>est</strong></span> <span class='ocrx_word' id='word_1_322' title='bbox 1864 2343 2134 2405; x_wconf 84' lang='lat' dir='ltr'><strong>reversus</strong></span> 
     </span>
    </p>
   </div>
   <div class='ocr_carea' id='block_1_40' title="bbox 471 2434 2132 2507">
    <p class='ocr_par' dir='ltr' id='par_1_40' title="bbox 471 2434 2132 2507">
     <span class='ocr_line' id='line_1_40' title="bbox 471 2434 2132 2507; baseline 0.001 -16"><span class='ocrx_word' id='word_1_323' title='bbox 471 2434 781 2491; x_wconf 86' lang='lat' dir='ltr'><strong>Jeroboam</strong></span> <span class='ocrx_word' id='word_1_324' title='bbox 814 2436 886 2490; x_wconf 87' lang='lat' dir='ltr'><strong>de</strong></span> <span class='ocrx_word' id='word_1_325' title='bbox 917 2436 1016 2492; x_wconf 86' lang='lat' dir='ltr'><strong>via</strong></span> <span class='ocrx_word' id='word_1_326' title='bbox 1051 2452 1160 2490; x_wconf 90' lang='lat' dir='ltr'><strong>sua</strong></span> <span class='ocrx_word' id='word_1_327' title='bbox 1191 2436 1468 2507; x_wconf 86' lang='lat' dir='ltr'><strong>pessima,</strong></span> <span class='ocrx_word' id='word_1_328' title='bbox 1503 2437 1601 2491; x_wconf 88' lang='lat' dir='ltr'><strong>sed</strong></span> <span class='ocrx_word' id='word_1_329' title='bbox 1635 2438 1962 2492; x_wconf 90' lang='lat' dir='ltr'><strong>econtrario</strong></span> <span class='ocrx_word' id='word_1_330' title='bbox 1999 2438 2132 2494; x_wconf 88' lang='lat' dir='ltr'><strong>fecit</strong></span> 
     </span>
    </p>
   </div>
   <div class='ocr_carea' id='block_1_41' title="bbox 475 2522 2132 2596">
    <p class='ocr_par' dir='ltr' id='par_1_41' title="bbox 475 2522 2132 2596">
     <span class='ocr_line' id='line_1_41' title="bbox 475 2522 2132 2596; baseline 0.002 -19"><span class='ocrx_word' id='word_1_331' title='bbox 475 2523 548 2578; x_wconf 91' lang='lat' dir='ltr'><strong>de</strong></span> <span class='ocrx_word' id='word_1_332' title='bbox 579 2522 911 2579; x_wconf 90' lang='lat' dir='ltr'><strong>novissimis</strong></span> <span class='ocrx_word' id='word_1_333' title='bbox 942 2523 1144 2594; x_wconf 81' lang='lat' dir='ltr'><strong>papuli</strong></span> <span class='ocrx_word' id='word_1_334' title='bbox 1176 2525 1506 2579; x_wconf 87' lang='lat' dir='ltr'><strong>sacerdotes</strong></span> <span class='ocrx_word' id='word_1_335' title='bbox 1541 2525 1905 2581; x_wconf 86' lang='lat' dir='ltr'><strong>excelsorum</strong></span> <span class='ocrx_word' id='word_1_336' title='bbox 1945 2544 1957 2582; x_wconf 91' lang='lat'><strong>:</strong></span> <span class='ocrx_word' id='word_1_337' title='bbox 1994 2527 2132 2596; x_wconf 91' lang='lat' dir='ltr'><strong>qui-</strong></span> 
     </span>
    </p>
   </div>
   <div class='ocr_carea' id='block_1_42' title="bbox 475 2612 2133 2685">
    <p class='ocr_par' dir='ltr' id='par_1_42' title="bbox 475 2612 2133 2685">
     <span class='ocr_line' id='line_1_42' title="bbox 475 2612 2133 2685; baseline 0.002 -19"><span class='ocrx_word' id='word_1_338' title='bbox 475 2628 712 2683; x_wconf 86' lang='lat' dir='ltr'><strong>cunque</strong></span> <span class='ocrx_word' id='word_1_339' title='bbox 741 2612 969 2668; x_wconf 92' lang='lat' dir='ltr'><strong>volebat</strong></span> <span class='ocrx_word' id='word_1_340' title='bbox 999 2613 1279 2684; x_wconf 88' lang='lat' dir='ltr'><strong>implebat</strong></span> <span class='ocrx_word' id='word_1_341' title='bbox 1319 2630 1560 2669; x_wconf 90' lang='lat' dir='ltr'><strong>manum</strong></span> <span class='ocrx_word' id='word_1_342' title='bbox 1619 2631 1812 2685; x_wconf 91' lang='lat' dir='ltr'><strong>suam,</strong></span> <span class='ocrx_word' id='word_1_343' title='bbox 1845 2620 1903 2670; x_wconf 88' lang='lat' dir='ltr'><strong>et</strong></span> <span class='ocrx_word' id='word_1_344' title='bbox 1955 2615 2133 2670; x_wconf 85' lang='lat' dir='ltr'><strong>ﬁebat</strong></span> 
     </span>
    </p>
   </div>
   <div class='ocr_carea' id='block_1_43' title="bbox 481 2701 2130 2776">
    <p class='ocr_par' dir='ltr' id='par_1_43' title="bbox 481 2701 2130 2776">
     <span class='ocr_line' id='line_1_43' title="bbox 481 2701 2130 2776; baseline 0.002 -20"><span class='ocrx_word' id='word_1_345' title='bbox 481 2702 757 2757; x_wconf 89' lang='lat' dir='ltr'><strong>sacerdos</strong></span> <span class='ocrx_word' id='word_1_346' title='bbox 787 2701 1175 2758; x_wconf 85' lang='lat' dir='ltr'><strong>excelsorum.</strong></span> <span class='ocrx_word' id='word_1_347' title='bbox 1198 2702 1264 2757; x_wconf 88' lang='lat' dir='ltr'><strong>Et</strong></span> <span class='ocrx_word' id='word_1_348' title='bbox 1294 2708 1530 2774; x_wconf 90' lang='lat' dir='ltr'><strong>propter</strong></span> <span class='ocrx_word' id='word_1_349' title='bbox 1554 2702 1706 2758; x_wconf 90' lang='lat' dir='ltr'><strong>hanc</strong></span> <span class='ocrx_word' id='word_1_350' title='bbox 1737 2720 1974 2760; x_wconf 90' lang='lat' dir='ltr'><strong>causom</strong></span> <span class='ocrx_word' id='word_1_351' title='bbox 2005 2721 2130 2776; x_wconf 90' lang='lat' dir='ltr'><strong>pec-</strong></span> 
     </span>
    </p>
   </div>
   <div class='ocr_carea' id='block_1_44' title="bbox 483 2790 2130 2861">
    <p class='ocr_par' dir='ltr' id='par_1_44' title="bbox 483 2790 2130 2861">
     <span class='ocr_line' id='line_1_44' title="bbox 483 2790 2130 2861; baseline 0.002 -16"><span class='ocrx_word' id='word_1_352' title='bbox 483 2790 636 2845; x_wconf 89' lang='lat' dir='ltr'><strong>cavit</strong></span> <span class='ocrx_word' id='word_1_353' title='bbox 666 2790 880 2846; x_wconf 92' lang='lat' dir='ltr'><strong>domus</strong></span> <span class='ocrx_word' id='word_1_354' title='bbox 907 2791 1239 2857; x_wconf 87' lang='lat' dir='ltr'><strong>Jeroboam,</strong></span> <span class='ocrx_word' id='word_1_355' title='bbox 1284 2796 1342 2847; x_wconf 92' lang='lat' dir='ltr'><strong>et</strong></span> <span class='ocrx_word' id='word_1_356' title='bbox 1380 2808 1580 2847; x_wconf 87' lang='lat' dir='ltr'><strong>eversa</strong></span> <span class='ocrx_word' id='word_1_357' title='bbox 1611 2796 1719 2861; x_wconf 84' lang='lat' dir='ltr'><strong>est,</strong></span> <span class='ocrx_word' id='word_1_358' title='bbox 1753 2797 1809 2846; x_wconf 90' lang='lat' dir='ltr'><strong>et</strong></span> <span class='ocrx_word' id='word_1_359' title='bbox 1839 2791 2028 2848; x_wconf 91' lang='lat' dir='ltr'><strong>deleta</strong></span> <span class='ocrx_word' id='word_1_360' title='bbox 2059 2795 2130 2849; x_wconf 92' lang='lat' dir='ltr'><strong>de</strong></span> 
     </span>
    </p>
   </div>
   <div class='ocr_carea' id='block_1_45' title="bbox 481 2879 1001 2950">
    <p class='ocr_par' dir='ltr' id='par_1_45' title="bbox 481 2879 1001 2950">
     <span class='ocr_line' id='line_1_45' title="bbox 481 2879 1001 2950; baseline 0.002 -16"><span class='ocrx_word' id='word_1_361' title='bbox 481 2879 789 2950; x_wconf 85' lang='lat' dir='ltr'><strong>superficie</strong></span> <span class='ocrx_word' id='word_1_362' title='bbox 813 2883 1001 2935; x_wconf 71' lang='lat' dir='ltr'><strong>terrae.</strong></span> 
     </span>
    </p>
   </div>
   <div class='ocr_carea' id='block_1_46' title="bbox 550 2966 2128 3042">
    <p class='ocr_par' dir='ltr' id='par_1_46' title="bbox 550 2966 2128 3042">
     <span class='ocr_line' id='line_1_46' title="bbox 550 2966 2128 3042; baseline 0.003 -20"><span class='ocrx_word' id='word_1_363' title='bbox 550 2967 638 3038; x_wconf 91' lang='lat' dir='ltr'><strong>(T.</strong></span> <span class='ocrx_word' id='word_1_364' title='bbox 674 2966 786 3035; x_wconf 89' lang='lat' dir='ltr'><strong>LV,</strong></span> <span class='ocrx_word' id='word_1_365' title='bbox 835 2969 963 3040; x_wconf 84' lang='lat' dir='ltr'><strong>Cap.</strong></span> <span class='ocrx_word' id='word_1_366' title='bbox 996 2969 1176 3037; x_wconf 87' lang='lat' dir='ltr'><strong>XIV.)</strong></span> <span class='ocrx_word' id='word_1_367' title='bbox 1237 2973 1298 3025; x_wconf 92' lang='lat' dir='ltr'><strong>In</strong></span> <span class='ocrx_word' id='word_1_368' title='bbox 1353 2975 1613 3040; x_wconf 88' lang='lat' dir='ltr'><strong>tempore</strong></span> <span class='ocrx_word' id='word_1_369' title='bbox 1668 2969 1770 3026; x_wconf 91' lang='lat' dir='ltr'><strong>illo</strong></span> <span class='ocrx_word' id='word_1_370' title='bbox 1829 2972 2128 3042; x_wconf 69' lang='lat' dir='ltr'><strong>azgrotavit</strong></span> 
     </span>
    </p>
   </div>
   <div class='ocr_carea' id='block_1_47' title="bbox 478 3055 2122 3131">
    <p class='ocr_par' dir='ltr' id='par_1_47' title="bbox 478 3055 2122 3131">
     <span class='ocr_line' id='line_1_47' title="bbox 478 3055 2122 3131; baseline 0.004 -22"><span class='ocrx_word' id='word_1_371' title='bbox 478 3055 630 3110; x_wconf 85' lang='lat' dir='ltr'><strong>Abia</strong></span> <span class='ocrx_word' id='word_1_372' title='bbox 651 3055 808 3111; x_wconf 79' lang='lat' dir='ltr'><strong>filius</strong></span> <span class='ocrx_word' id='word_1_373' title='bbox 831 3058 1443 3131; x_wconf 84' lang='lat' dir='ltr'><strong>Jeroboam.Dixitque</strong></span> <span class='ocrx_word' id='word_1_374' title='bbox 1463 3060 1768 3115; x_wconf 82' lang='lat' dir='ltr'><strong>Jeroboam</strong></span> <span class='ocrx_word' id='word_1_375' title='bbox 1795 3060 1958 3115; x_wconf 86' lang='lat' dir='ltr'><strong>uxori</strong></span> <span class='ocrx_word' id='word_1_376' title='bbox 1983 3077 2122 3115; x_wconf 62' lang='lat' dir='ltr'><strong>suae:</strong></span> 
     </span>
    </p>
   </div>
   <div class='ocr_carea' id='block_1_48' title="bbox 475 3145 2123 3220">
    <p class='ocr_par' dir='ltr' id='par_1_48' title="bbox 475 3145 2123 3220">
     <span class='ocr_line' id='line_1_48' title="bbox 475 3145 2123 3220; baseline 0.003 -22"><span class='ocrx_word' id='word_1_377' title='bbox 475 3147 683 3216; x_wconf 84' lang='lat' dir='ltr'><strong>Surge,</strong></span> <span class='ocrx_word' id='word_1_378' title='bbox 716 3150 772 3199; x_wconf 90' lang='lat' dir='ltr'><strong>et</strong></span> <span class='ocrx_word' id='word_1_379' title='bbox 802 3151 1101 3202; x_wconf 90' lang='lat' dir='ltr'><strong>commuta</strong></span> <span class='ocrx_word' id='word_1_380' title='bbox 1130 3145 1423 3217; x_wconf 88' lang='lat' dir='ltr'><strong>habitum,</strong></span> <span class='ocrx_word' id='word_1_381' title='bbox 1457 3164 1528 3202; x_wconf 90' lang='lat' dir='ltr'><strong>ne</strong></span> <span class='ocrx_word' id='word_1_382' title='bbox 1551 3149 1924 3220; x_wconf 80' lang='lat' dir='ltr'><strong>cognosceris</strong></span> <span class='ocrx_word' id='word_1_383' title='bbox 1969 3149 2123 3220; x_wconf 91' lang='lat' dir='ltr'><strong>quod</strong></span> 
     </span>
    </p>
   </div>
   <div class='ocr_carea' id='block_1_49' title="bbox 475 3231 2124 3304">
    <p class='ocr_par' dir='ltr' id='par_1_49' title="bbox 475 3231 2124 3304">
     <span class='ocr_line' id='line_1_49' title="bbox 475 3231 2124 3304; baseline 0.002 -17"><span class='ocrx_word' id='word_1_384' title='bbox 475 3231 556 3287; x_wconf 87' lang='lat' dir='ltr'><strong>sis</strong></span> <span class='ocrx_word' id='word_1_385' title='bbox 589 3248 734 3286; x_wconf 88' lang='lat' dir='ltr'><strong>uxor</strong></span> <span class='ocrx_word' id='word_1_386' title='bbox 762 3233 1094 3304; x_wconf 86' lang='lat' dir='ltr'><strong>Jeroboam,</strong></span> <span class='ocrx_word' id='word_1_387' title='bbox 1127 3238 1184 3289; x_wconf 88' lang='lat' dir='ltr'><strong>et</strong></span> <span class='ocrx_word' id='word_1_388' title='bbox 1212 3235 1355 3290; x_wconf 87' lang='lat' dir='ltr'><strong>vade</strong></span> <span class='ocrx_word' id='word_1_389' title='bbox 1407 3234 1466 3289; x_wconf 92' lang='lat' dir='ltr'><strong>in</strong></span> <span class='ocrx_word' id='word_1_390' title='bbox 1517 3235 1658 3304; x_wconf 90' lang='lat' dir='ltr'><strong>Silo,</strong></span> <span class='ocrx_word' id='word_1_391' title='bbox 1691 3236 1788 3290; x_wconf 94' lang='lat' dir='ltr'><strong>ubi</strong></span> <span class='ocrx_word' id='word_1_392' title='bbox 1825 3241 1914 3290; x_wconf 89' lang='lat' dir='ltr'><strong>est</strong></span> <span class='ocrx_word' id='word_1_393' title='bbox 1945 3236 2124 3291; x_wconf 88' lang='lat' dir='ltr'><strong>Ahias</strong></span> 
     </span>
    </p>
   </div>
   <div class='ocr_carea' id='block_1_50' title="bbox 476 3321 2125 3395">
    <p class='ocr_par' dir='ltr' id='par_1_50' title="bbox 476 3321 2125 3395">
     <span class='ocr_line' id='line_1_50' title="bbox 476 3321 2125 3395; baseline 0.002 -21"><span class='ocrx_word' id='word_1_394' title='bbox 476 3321 782 3392; x_wconf 88' lang='lat' dir='ltr'><strong>propheta,</strong></span> <span class='ocrx_word' id='word_1_395' title='bbox 815 3323 916 3392; x_wconf 89' lang='lat' dir='ltr'><strong>qui</strong></span> <span class='ocrx_word' id='word_1_396' title='bbox 951 3323 1180 3378; x_wconf 90' lang='lat' dir='ltr'><strong>locutus</strong></span> <span class='ocrx_word' id='word_1_397' title='bbox 1229 3327 1318 3378; x_wconf 89' lang='lat' dir='ltr'><strong>est</strong></span> <span class='ocrx_word' id='word_1_398' title='bbox 1372 3323 1541 3389; x_wconf 90' lang='lat' dir='ltr'><strong>mihi,</strong></span> <span class='ocrx_word' id='word_1_399' title='bbox 1584 3324 1739 3393; x_wconf 90' lang='lat' dir='ltr'><strong>quod</strong></span> <span class='ocrx_word' id='word_1_400' title='bbox 1772 3327 2125 3395; x_wconf 88' lang='lat' dir='ltr'><strong>regnaturus</strong></span> 
     </span>
    </p>
   </div>
   <div class='ocr_carea' id='block_1_51' title="bbox 477 3410 2124 3484">
    <p class='ocr_par' dir='ltr' id='par_1_51' title="bbox 477 3410 2124 3484">
     <span class='ocr_line' id='line_1_51' title="bbox 477 3410 2124 3484; baseline 0.002 -20"><span class='ocrx_word' id='word_1_401' title='bbox 477 3424 671 3465; x_wconf 87' lang='lat' dir='ltr'><strong>essem</strong></span> <span class='ocrx_word' id='word_1_402' title='bbox 703 3426 881 3480; x_wconf 90' lang='lat' dir='ltr'><strong>super</strong></span> <span class='ocrx_word' id='word_1_403' title='bbox 902 3410 1185 3482; x_wconf 89' lang='lat' dir='ltr'><strong>populum</strong></span> <span class='ocrx_word' id='word_1_404' title='bbox 1215 3411 1392 3466; x_wconf 88' lang='lat' dir='ltr'><strong>hunc.</strong></span> <span class='ocrx_word' id='word_1_405' title='bbox 1414 3411 1575 3467; x_wconf 90' lang='lat' dir='ltr'><strong>Tolle</strong></span> <span class='ocrx_word' id='word_1_406' title='bbox 1596 3428 1831 3484; x_wconf 89' lang='lat' dir='ltr'><strong>quoque</strong></span> <span class='ocrx_word' id='word_1_407' title='bbox 1861 3412 1919 3466; x_wconf 89' lang='lat' dir='ltr'><strong>in</strong></span> <span class='ocrx_word' id='word_1_408' title='bbox 1947 3429 2124 3468; x_wconf 91' lang='lat' dir='ltr'><strong>manu</strong></span> 
     </span>
    </p>
   </div>
   <div class='ocr_carea' id='block_1_52' title="bbox 479 3497 2128 3569">
    <p class='ocr_par' dir='ltr' id='par_1_52' title="bbox 479 3497 2128 3569">
     <span class='ocr_line' id='line_1_52' title="bbox 479 3497 2128 3569; baseline 0.003 -18"><span class='ocrx_word' id='word_1_409' title='bbox 479 3501 580 3551; x_wconf 89' lang='lat' dir='ltr'><strong>tua</strong></span> <span class='ocrx_word' id='word_1_410' title='bbox 611 3497 813 3552; x_wconf 91' lang='lat' dir='ltr'><strong>decem</strong></span> <span class='ocrx_word' id='word_1_411' title='bbox 848 3515 1054 3568; x_wconf 92' lang='lat' dir='ltr'><strong>panes,</strong></span> <span class='ocrx_word' id='word_1_412' title='bbox 1104 3503 1162 3553; x_wconf 92' lang='lat' dir='ltr'><strong>et</strong></span> <span class='ocrx_word' id='word_1_413' title='bbox 1211 3499 1562 3566; x_wconf 91' lang='lat' dir='ltr'><strong>crustulam,</strong></span> <span class='ocrx_word' id='word_1_414' title='bbox 1596 3508 1652 3555; x_wconf 90' lang='lat' dir='ltr'><strong>et</strong></span> <span class='ocrx_word' id='word_1_415' title='bbox 1679 3517 1780 3554; x_wconf 91' lang='lat' dir='ltr'><strong>vas</strong></span> <span class='ocrx_word' id='word_1_416' title='bbox 1814 3500 2028 3569; x_wconf 89' lang='lat' dir='ltr'><strong>mellis,</strong></span> <span class='ocrx_word' id='word_1_417' title='bbox 2069 3505 2128 3556; x_wconf 87' lang='lat' dir='ltr'><strong>et</strong></span> 
     </span>
    </p>
   </div>
   <div class='ocr_carea' id='block_1_53' title="bbox 478 3586 2125 3660">
    <p class='ocr_par' dir='ltr' id='par_1_53' title="bbox 478 3586 2125 3660">
     <span class='ocr_line' id='line_1_53' title="bbox 478 3586 2125 3660; baseline 0.004 -21"><span class='ocrx_word' id='word_1_418' title='bbox 478 3586 625 3641; x_wconf 89' lang='lat' dir='ltr'><strong>vade</strong></span> <span class='ocrx_word' id='word_1_419' title='bbox 655 3587 725 3640; x_wconf 89' lang='lat' dir='ltr'><strong>ad</strong></span> <span class='ocrx_word' id='word_1_420' title='bbox 761 3586 927 3642; x_wconf 93' lang='lat' dir='ltr'><strong>illum</strong></span> <span class='ocrx_word' id='word_1_421' title='bbox 960 3587 1086 3659; x_wconf 91' lang='lat' dir='ltr'><strong>ipse</strong></span> <span class='ocrx_word' id='word_1_422' title='bbox 1116 3587 1401 3644; x_wconf 86' lang='lat' dir='ltr'><strong>indicabit</strong></span> <span class='ocrx_word' id='word_1_423' title='bbox 1449 3588 1550 3645; x_wconf 90' lang='lat' dir='ltr'><strong>tibi</strong></span> <span class='ocrx_word' id='word_1_424' title='bbox 1606 3589 1744 3660; x_wconf 92' lang='lat' dir='ltr'><strong>quid</strong></span> <span class='ocrx_word' id='word_1_425' title='bbox 1779 3595 2125 3645; x_wconf 90' lang='lat' dir='ltr'><strong>eventurum</strong></span> 
     </span>
    </p>
   </div>
   <div class='ocr_carea' id='block_1_54' title="bbox 479 3673 2128 3748">
    <p class='ocr_par' dir='ltr' id='par_1_54' title="bbox 479 3673 2128 3748">
     <span class='ocr_line' id='line_1_54' title="bbox 479 3673 2128 3748; baseline 0.002 -18"><span class='ocrx_word' id='word_1_426' title='bbox 479 3673 559 3730; x_wconf 88' lang='lat' dir='ltr'><strong>sit</strong></span> <span class='ocrx_word' id='word_1_427' title='bbox 592 3674 724 3730; x_wconf 88' lang='lat' dir='ltr'><strong>huic</strong></span> <span class='ocrx_word' id='word_1_428' title='bbox 756 3692 957 3747; x_wconf 88' lang='lat' dir='ltr'><strong>puero.</strong></span> <span class='ocrx_word' id='word_1_429' title='bbox 999 3677 1149 3732; x_wconf 83' lang='lat' dir='ltr'><strong>Fecit</strong></span> <span class='ocrx_word' id='word_1_430' title='bbox 1181 3681 1245 3732; x_wconf 91' lang='lat' dir='ltr'><strong>ut</strong></span> <span class='ocrx_word' id='word_1_431' title='bbox 1277 3678 1500 3733; x_wconf 86' lang='lat' dir='ltr'><strong>dixerat</strong></span> <span class='ocrx_word' id='word_1_432' title='bbox 1529 3695 1674 3733; x_wconf 84' lang='lat' dir='ltr'><strong>uxor</strong></span> <span class='ocrx_word' id='word_1_433' title='bbox 1700 3679 2036 3748; x_wconf 87' lang='lat' dir='ltr'><strong>Jeroboam,</strong></span> <span class='ocrx_word' id='word_1_434' title='bbox 2070 3685 2128 3734; x_wconf 91' lang='lat' dir='ltr'><strong>et</strong></span> 
     </span>
    </p>
   </div>
   <div class='ocr_carea' id='block_1_55' title="bbox 483 3765 2125 3835">
    <p class='ocr_par' dir='ltr' id='par_1_55' title="bbox 483 3765 2125 3835">
     <span class='ocr_line' id='line_1_55' title="bbox 483 3765 2125 3835; baseline 0.002 -17"><span class='ocrx_word' id='word_1_435' title='bbox 483 3778 846 3835; x_wconf 90' lang='lat' dir='ltr'><strong>consurgens</strong></span> <span class='ocrx_word' id='word_1_436' title='bbox 914 3765 1060 3821; x_wconf 91' lang='lat' dir='ltr'><strong>abiit</strong></span> <span class='ocrx_word' id='word_1_437' title='bbox 1129 3767 1186 3820; x_wconf 92' lang='lat' dir='ltr'><strong>in</strong></span> <span class='ocrx_word' id='word_1_438' title='bbox 1237 3766 1378 3830; x_wconf 93' lang='lat' dir='ltr'><strong>Silo,</strong></span> <span class='ocrx_word' id='word_1_439' title='bbox 1441 3775 1493 3822; x_wconf 88' lang='lat' dir='ltr'><strong>et</strong></span> <span class='ocrx_word' id='word_1_440' title='bbox 1555 3767 1712 3822; x_wconf 90' lang='lat' dir='ltr'><strong>venit</strong></span> <span class='ocrx_word' id='word_1_441' title='bbox 1765 3767 1823 3820; x_wconf 92' lang='lat' dir='ltr'><strong>in</strong></span> <span class='ocrx_word' id='word_1_442' title='bbox 1883 3767 2125 3822; x_wconf 91' lang='lat' dir='ltr'><strong>domum</strong></span> 
     </span>
    </p>
   </div>
   <div class='ocr_carea' id='block_1_56' title="bbox 482 3850 2126 3927">
    <p class='ocr_par' dir='ltr' id='par_1_56' title="bbox 482 3850 2126 3927">
     <span class='ocr_line' id='line_1_56' title="bbox 482 3850 2126 3927; baseline 0.004 -22"><span class='ocrx_word' id='word_1_443' title='bbox 482 3850 645 3906; x_wconf 73' lang='lat' dir='ltr'><strong>Ahiaa</strong></span> <span class='ocrx_word' id='word_1_444' title='bbox 671 3872 684 3920; x_wconf 85' lang='lat'><strong>;</strong></span> <span class='ocrx_word' id='word_1_445' title='bbox 713 3858 773 3908; x_wconf 87' lang='lat' dir='ltr'><strong>at</strong></span> <span class='ocrx_word' id='word_1_446' title='bbox 830 3853 926 3908; x_wconf 89' lang='lat' dir='ltr'><strong>ille</strong></span> <span class='ocrx_word' id='word_1_447' title='bbox 977 3871 1091 3910; x_wconf 90' lang='lat' dir='ltr'><strong>non</strong></span> <span class='ocrx_word' id='word_1_448' title='bbox 1151 3861 1378 3926; x_wconf 87' lang='lat' dir='ltr'><strong>poterat</strong></span> <span class='ocrx_word' id='word_1_449' title='bbox 1420 3856 1638 3925; x_wconf 88' lang='lat' dir='ltr'><strong>videre,</strong></span> <span class='ocrx_word' id='word_1_450' title='bbox 1672 3856 1810 3927; x_wconf 88' lang='lat' dir='ltr'><strong>quia</strong></span> <span class='ocrx_word' id='word_1_451' title='bbox 1840 3856 2126 3927; x_wconf 88' lang='lat' dir='ltr'><strong>caligave-</strong></span> 
     </span>
    </p>
   </div>
   <div class='ocr_carea' id='block_1_57' title="bbox 485 3942 2124 4015">
    <p class='ocr_par' dir='ltr' id='par_1_57' title="bbox 485 3942 2124 4015">
     <span class='ocr_line' id='line_1_57' title="bbox 485 3942 2124 4015; baseline 0.001 -19"><span class='ocrx_word' id='word_1_452' title='bbox 485 3945 620 3996; x_wconf 89' lang='lat' dir='ltr'><strong>rant</strong></span> <span class='ocrx_word' id='word_1_453' title='bbox 648 3943 774 4010; x_wconf 80' lang='lat' dir='ltr'><strong>(ms.</strong></span> <span class='ocrx_word' id='word_1_454' title='bbox 825 3942 1241 4014; x_wconf 87' lang='lat' dir='ltr'><strong>caligaverunt)</strong></span> <span class='ocrx_word' id='word_1_455' title='bbox 1291 3944 1446 4000; x_wconf 91' lang='lat' dir='ltr'><strong>oculi</strong></span> <span class='ocrx_word' id='word_1_456' title='bbox 1497 3946 1626 4015; x_wconf 88' lang='lat' dir='ltr'><strong>ejus</strong></span> <span class='ocrx_word' id='word_1_457' title='bbox 1659 3961 1772 4015; x_wconf 70' lang='lat' dir='ltr'><strong>prae</strong></span> <span class='ocrx_word' id='word_1_458' title='bbox 1805 3948 2124 4000; x_wconf 89' lang='lat' dir='ltr'><strong>senectute.</strong></span> 
     </span>
    </p>
   </div>
   <div class='ocr_carea' id='block_1_58' title="bbox 480 4029 2129 4101">
    <p class='ocr_par' dir='ltr' id='par_1_58' title="bbox 480 4029 2129 4101">
     <span class='ocr_line' id='line_1_58' title="bbox 480 4029 2129 4101; baseline 0.003 -18"><span class='ocrx_word' id='word_1_459' title='bbox 480 4029 639 4083; x_wconf 85' lang='lat' dir='ltr'><strong>Dixit</strong></span> <span class='ocrx_word' id='word_1_460' title='bbox 697 4034 893 4084; x_wconf 88' lang='lat' dir='ltr'><strong>autem</strong></span> <span class='ocrx_word' id='word_1_461' title='bbox 951 4033 1231 4087; x_wconf 89' lang='lat' dir='ltr'><strong>Dominus</strong></span> <span class='ocrx_word' id='word_1_462' title='bbox 1287 4034 1356 4087; x_wconf 91' lang='lat' dir='ltr'><strong>ad</strong></span> <span class='ocrx_word' id='word_1_463' title='bbox 1422 4032 1629 4087; x_wconf 88' lang='lat' dir='ltr'><strong>Ahiam</strong></span> <span class='ocrx_word' id='word_1_464' title='bbox 1689 4032 1771 4101; x_wconf 86' lang='lat' dir='ltr'><strong>(h.</strong></span> <span class='ocrx_word' id='word_1_465' title='bbox 1834 4032 1924 4088; x_wconf 78' lang='lat' dir='ltr'><strong>hic</strong></span> <span class='ocrx_word' id='word_1_466' title='bbox 1966 4035 2129 4088; x_wconf 79' lang='lat' dir='ltr'><strong>habet</strong></span> 
     </span>
    </p>
   </div>
   <div class='ocr_carea' id='block_1_59' title="bbox 478 4117 2128 4192">
    <p class='ocr_par' dir='ltr' id='par_1_59' title="bbox 478 4117 2128 4192">
     <span class='ocr_line' id='line_1_59' title="bbox 478 4117 2128 4192; baseline 0.004 -21"><span class='ocrx_word' id='word_1_467' title='bbox 478 4117 689 4189; x_wconf 82' lang='lat' dir='ltr'><strong>Ahian)</strong></span> <span class='ocrx_word' id='word_1_468' title='bbox 707 4136 719 4173; x_wconf 89' lang='lat'>:</span> <span class='ocrx_word' id='word_1_469' title='bbox 738 4119 879 4174; x_wconf 89' lang='lat' dir='ltr'><strong>Ecce</strong></span> <span class='ocrx_word' id='word_1_470' title='bbox 909 4136 1053 4174; x_wconf 89' lang='lat' dir='ltr'><strong>uxor</strong></span> <span class='ocrx_word' id='word_1_471' title='bbox 1067 4121 1373 4177; x_wconf 88' lang='lat' dir='ltr'><strong>Jeroboam</strong></span> <span class='ocrx_word' id='word_1_472' title='bbox 1397 4122 1749 4192; x_wconf 86' lang='lat' dir='ltr'><strong>ingreditur,</strong></span> <span class='ocrx_word' id='word_1_473' title='bbox 1773 4126 1838 4177; x_wconf 90' lang='lat' dir='ltr'><strong>ut</strong></span> <span class='ocrx_word' id='word_1_474' title='bbox 1859 4122 2128 4177; x_wconf 87' lang='lat' dir='ltr'><strong>consulat</strong></span> 
     </span>
    </p>
   </div>
   <div class='ocr_carea' id='block_1_60' title="bbox 477 4206 2122 4281">
    <p class='ocr_par' dir='ltr' id='par_1_60' title="bbox 477 4206 2122 4281">
     <span class='ocr_line' id='line_1_60' title="bbox 477 4206 2122 4281; baseline 0.004 -22"><span class='ocrx_word' id='word_1_475' title='bbox 477 4210 532 4261; x_wconf 87' lang='lat' dir='ltr'><strong>te</strong></span> <span class='ocrx_word' id='word_1_476' title='bbox 557 4222 736 4278; x_wconf 89' lang='lat' dir='ltr'><strong>super</strong></span> <span class='ocrx_word' id='word_1_477' title='bbox 753 4206 871 4263; x_wconf 86' lang='lat' dir='ltr'><strong>ﬁlio</strong></span> <span class='ocrx_word' id='word_1_478' title='bbox 893 4224 1000 4263; x_wconf 91' lang='lat' dir='ltr'><strong>suo</strong></span> <span class='ocrx_word' id='word_1_479' title='bbox 1023 4209 1122 4280; x_wconf 91' lang='lat' dir='ltr'><strong>qui</strong></span> <span class='ocrx_word' id='word_1_480' title='bbox 1144 4215 1542 4280; x_wconf 61' lang='lat' dir='ltr'><strong>mgrotatﬂaac</strong></span> <span class='ocrx_word' id='word_1_481' title='bbox 1563 4215 1620 4266; x_wconf 88' lang='lat' dir='ltr'><strong>et</strong></span> <span class='ocrx_word' id='word_1_482' title='bbox 1640 4209 2029 4281; x_wconf 72' lang='lat' dir='ltr'><strong>haacloqueris</strong></span> <span class='ocrx_word' id='word_1_483' title='bbox 2051 4211 2122 4266; x_wconf 92' lang='lat' dir='ltr'><strong>ei.</strong></span> 
     </span>
    </p>
   </div>
   <div class='ocr_carea' id='block_1_61' title="bbox 473 4295 2124 4370">
    <p class='ocr_par' dir='ltr' id='par_1_61' title="bbox 473 4295 2124 4370">
     <span class='ocr_line' id='line_1_61' title="bbox 473 4295 2124 4370; baseline 0.001 -20"><span class='ocrx_word' id='word_1_484' title='bbox 473 4297 620 4350; x_wconf 91' lang='lat' dir='ltr'><strong>Cum</strong></span> <span class='ocrx_word' id='word_1_485' title='bbox 644 4311 781 4368; x_wconf 86' lang='lat' dir='ltr'><strong>ergo</strong></span> <span class='ocrx_word' id='word_1_486' title='bbox 804 4295 904 4352; x_wconf 93' lang='lat' dir='ltr'><strong>illa</strong></span> <span class='ocrx_word' id='word_1_487' title='bbox 936 4298 1200 4366; x_wconf 88' lang='lat' dir='ltr'><strong>intraret,</strong></span> <span class='ocrx_word' id='word_1_488' title='bbox 1229 4304 1285 4353; x_wconf 90' lang='lat' dir='ltr'><strong>et</strong></span> <span class='ocrx_word' id='word_1_489' title='bbox 1307 4298 1713 4355; x_wconf 90' lang='lat' dir='ltr'><strong>dissimularet</strong></span> <span class='ocrx_word' id='word_1_490' title='bbox 1743 4316 1874 4354; x_wconf 89' lang='lat' dir='ltr'><strong>esse</strong></span> <span class='ocrx_word' id='word_1_491' title='bbox 1903 4315 1965 4355; x_wconf 87' lang='lat' dir='ltr'><strong>se</strong></span> <span class='ocrx_word' id='word_1_492' title='bbox 1996 4315 2124 4370; x_wconf 78' lang='lat' dir='ltr'><strong>quae</strong></span> 
     </span>
    </p>
   </div>
   <div class='ocr_carea' id='block_1_62' title="bbox 475 4383 2122 4457">
    <p class='ocr_par' dir='ltr' id='par_1_62' title="bbox 475 4383 2122 4457">
     <span class='ocr_line' id='line_1_62' title="bbox 475 4383 2122 4457; baseline 0.004 -21"><span class='ocrx_word' id='word_1_493' title='bbox 475 4387 621 4449; x_wconf 90' lang='lat' dir='ltr'><strong>erat,</strong></span> <span class='ocrx_word' id='word_1_494' title='bbox 652 4383 874 4440; x_wconf 89' lang='lat' dir='ltr'><strong>audivit</strong></span> <span class='ocrx_word' id='word_1_495' title='bbox 903 4385 1084 4442; x_wconf 83' lang='lat' dir='ltr'><strong>Ahias</strong></span> <span class='ocrx_word' id='word_1_496' title='bbox 1115 4387 1376 4441; x_wconf 90' lang='lat' dir='ltr'><strong>sonitum</strong></span> <span class='ocrx_word' id='word_1_497' title='bbox 1412 4387 1515 4457; x_wconf 91' lang='lat' dir='ltr'><strong>ped</strong></span> <span class='ocrx_word' id='word_1_498' title='bbox 1532 4404 1629 4442; x_wconf 91' lang='lat' dir='ltr'><strong>um</strong></span> <span class='ocrx_word' id='word_1_499' title='bbox 1663 4388 1790 4456; x_wconf 89' lang='lat' dir='ltr'><strong>ejus</strong></span> <span class='ocrx_word' id='word_1_500' title='bbox 1823 4388 2122 4442; x_wconf 88' lang='lat' dir='ltr'><strong>introeun-</strong></span> 
     </span>
    </p>
   </div>
   <div class='ocr_carea' id='block_1_63' title="bbox 471 4471 2117 4548">
    <p class='ocr_par' dir='ltr' id='par_1_63' title="bbox 471 4471 2117 4548">
     <span class='ocr_line' id='line_1_63' title="bbox 471 4471 2117 4548; baseline 0.002 -22"><span class='ocrx_word' id='word_1_501' title='bbox 471 4471 550 4526; x_wconf 83' lang='lat' dir='ltr'><strong>tis</strong></span> <span class='ocrx_word' id='word_1_502' title='bbox 583 4489 684 4543; x_wconf 90' lang='lat' dir='ltr'><strong>per</strong></span> <span class='ocrx_word' id='word_1_503' title='bbox 712 4473 959 4542; x_wconf 91' lang='lat' dir='ltr'><strong>ostium,</strong></span> <span class='ocrx_word' id='word_1_504' title='bbox 981 4479 1039 4530; x_wconf 89' lang='lat' dir='ltr'><strong>et</strong></span> <span class='ocrx_word' id='word_1_505' title='bbox 1061 4474 1143 4530; x_wconf 91' lang='lat' dir='ltr'><strong>ait</strong></span> <span class='ocrx_word' id='word_1_506' title='bbox 1174 4492 1186 4529; x_wconf 91' lang='lat'><strong>:</strong></span> <span class='ocrx_word' id='word_1_507' title='bbox 1222 4476 1548 4548; x_wconf 88' lang='lat' dir='ltr'><strong>Ingredere,</strong></span> <span class='ocrx_word' id='word_1_508' title='bbox 1583 4493 1727 4531; x_wconf 88' lang='lat' dir='ltr'><strong>uxor</strong></span> <span class='ocrx_word' id='word_1_509' title='bbox 1756 4476 2067 4531; x_wconf 86' lang='lat' dir='ltr'><strong>Jeroboam</strong></span> <span class='ocrx_word' id='word_1_510' title='bbox 2103 4493 2117 4530; x_wconf 90' lang='lat'><strong>:</strong></span> 
     </span>
    </p>
   </div>
   <div class='ocr_carea' id='block_1_64' title="bbox 2241 1897 3811 1975">
    <p class='ocr_par' dir='ltr' id='par_1_64' title="bbox 2241 1897 3811 1975">
     <span class='ocr_line' id='line_1_64' title="bbox 2241 1897 3811 1975; baseline 0.005 -25"><span class='ocrx_word' id='word_1_511' title='bbox 2241 1900 2298 1950; x_wconf 87' lang='lat' dir='ltr'><strong>et</strong></span> <span class='ocrx_word' id='word_1_512' title='bbox 2326 1897 2470 1951; x_wconf 89' lang='lat' dir='ltr'><strong>vade</strong></span> <span class='ocrx_word' id='word_1_513' title='bbox 2499 1898 2555 1950; x_wconf 92' lang='lat' dir='ltr'><strong>in</strong></span> <span class='ocrx_word' id='word_1_514' title='bbox 2589 1898 2832 1953; x_wconf 87' lang='lat' dir='ltr'><strong>domum</strong></span> <span class='ocrx_word' id='word_1_515' title='bbox 2860 1903 3044 1966; x_wconf 89' lang='lat' dir='ltr'><strong>tuam,</strong></span> <span class='ocrx_word' id='word_1_516' title='bbox 3077 1906 3136 1956; x_wconf 85' lang='lat' dir='ltr'><strong>et</strong></span> <span class='ocrx_word' id='word_1_517' title='bbox 3164 1901 3222 1957; x_wconf 90' lang='lat' dir='ltr'><strong>in</strong></span> <span class='ocrx_word' id='word_1_518' title='bbox 3245 1901 3378 1974; x_wconf 90' lang='lat' dir='ltr'><strong>ipso</strong></span> <span class='ocrx_word' id='word_1_519' title='bbox 3399 1904 3626 1960; x_wconf 91' lang='lat' dir='ltr'><strong>introitu</strong></span> <span class='ocrx_word' id='word_1_520' title='bbox 3647 1905 3811 1975; x_wconf 83' lang='lat' dir='ltr'><strong>pedum</strong></span> 
     </span>
    </p>
   </div>
   <div class='ocr_carea' id='block_1_65' title="bbox 2240 1977 3817 2065">
    <p class='ocr_par' dir='ltr' id='par_1_65' title="bbox 2240 1977 3817 2065">
     <span class='ocr_line' id='line_1_65' title="bbox 2240 1977 3817 2065; baseline 0.004 -27"><span class='ocrx_word' id='word_1_521' title='bbox 2240 1989 2479 2040; x_wconf 93' lang='lat' dir='ltr'><strong>tuorum</strong></span> <span class='ocrx_word' id='word_1_522' title='bbox 2510 1986 2568 2040; x_wconf 92' lang='lat' dir='ltr'><strong>in</strong></span> <span class='ocrx_word' id='word_1_523' title='bbox 2603 1987 2830 2057; x_wconf 91' lang='lat' dir='ltr'><strong>urbem,</strong></span> <span class='ocrx_word' id='word_1_524' title='bbox 2857 1977 3148 2054; x_wconf 85' lang='lat' dir='ltr'><strong>morietur.</strong></span> <span class='ocrx_word' id='word_1_525' title='bbox 3163 2008 3310 2062; x_wconf 88' lang='lat' dir='ltr'><strong>puer</strong></span> <span class='ocrx_word' id='word_1_526' title='bbox 3341 1992 3422 2065; x_wconf 89' lang='lat' dir='ltr'><strong>(h.</strong></span> <span class='ocrx_word' id='word_1_527' title='bbox 3452 1993 3748 2065; x_wconf 86' lang='lat' dir='ltr'><strong>parvulus);</strong></span> <span class='ocrx_word' id='word_1_528' title='bbox 3778 1996 3817 2047; x_wconf 88' lang='lat' dir='ltr'><strong>et</strong></span> 
     </span>
    </p>
   </div>
   <div class='ocr_carea' id='block_1_66' title="bbox 2242 2072 3815 2152">
    <p class='ocr_par' dir='ltr' id='par_1_66' title="bbox 2242 2072 3815 2152">
     <span class='ocr_line' id='line_1_66' title="bbox 2242 2072 3815 2152; baseline 0.005 -26"><span class='ocrx_word' id='word_1_529' title='bbox 2242 2072 2662 2144; x_wconf 62' lang='lat' dir='ltr'><strong>plangetseum</strong></span> <span class='ocrx_word' id='word_1_530' title='bbox 2687 2076 2881 2131; x_wconf 91' lang='lat' dir='ltr'><strong>omnis</strong></span> <span class='ocrx_word' id='word_1_531' title='bbox 2911 2078 3112 2146; x_wconf 89' lang='lat' dir='ltr'><strong>Israel,</strong></span> <span class='ocrx_word' id='word_1_532' title='bbox 3161 2085 3219 2134; x_wconf 90' lang='lat' dir='ltr'><strong>et</strong></span> <span class='ocrx_word' id='word_1_533' title='bbox 3266 2081 3534 2152; x_wconf 88' lang='lat' dir='ltr'><strong>sepeliet;</strong></span> <span class='ocrx_word' id='word_1_534' title='bbox 3567 2084 3662 2138; x_wconf 88' lang='lat' dir='ltr'><strong>iste</strong></span> <span class='ocrx_word' id='word_1_535' title='bbox 3697 2082 3815 2136; x_wconf 90' lang='lat' dir='ltr'><strong>enim</strong></span> 
     </span>
    </p>
   </div>
   <div class='ocr_carea' id='block_1_67' title="bbox 2242 2161 3820 2242">
    <p class='ocr_par' dir='ltr' id='par_1_67' title="bbox 2242 2161 3820 2242">
     <span class='ocr_line' id='line_1_67' title="bbox 2242 2161 3820 2242; baseline 0.005 -26"><span class='ocrx_word' id='word_1_536' title='bbox 2242 2161 2403 2216; x_wconf 91' lang='lat' dir='ltr'><strong>solus</strong></span> <span class='ocrx_word' id='word_1_537' title='bbox 2425 2163 2705 2218; x_wconf 90' lang='lat' dir='ltr'><strong>inferetur</strong></span> <span class='ocrx_word' id='word_1_538' title='bbox 2733 2165 2804 2220; x_wconf 91' lang='lat' dir='ltr'><strong>de</strong></span> <span class='ocrx_word' id='word_1_539' title='bbox 2823 2165 3128 2223; x_wconf 83' lang='lat' dir='ltr'><strong>Jeroboam</strong></span> <span class='ocrx_word' id='word_1_540' title='bbox 3154 2169 3210 2223; x_wconf 93' lang='lat' dir='ltr'><strong>in</strong></span> <span class='ocrx_word' id='word_1_541' title='bbox 3240 2170 3593 2242; x_wconf 89' lang='lat' dir='ltr'><strong>sepulcrum,</strong></span> <span class='ocrx_word' id='word_1_542' title='bbox 3622 2171 3820 2242; x_wconf 78' lang='lat' dir='ltr'><strong>quiaiu-</strong></span> 
     </span>
    </p>
   </div>
   <div class='ocr_carea' id='block_1_68' title="bbox 2240 2255 3820 2330">
    <p class='ocr_par' dir='ltr' id='par_1_68' title="bbox 2240 2255 3820 2330">
     <span class='ocr_line' id='line_1_68' title="bbox 2240 2255 3820 2330; baseline 0.006 -27"><span class='ocrx_word' id='word_1_543' title='bbox 2240 2255 2450 2305; x_wconf 89' lang='lat' dir='ltr'><strong>ventus</strong></span> <span class='ocrx_word' id='word_1_544' title='bbox 2469 2256 2558 2306; x_wconf 91' lang='lat' dir='ltr'><strong>est</strong></span> <span class='ocrx_word' id='word_1_545' title='bbox 2579 2268 2772 2308; x_wconf 90' lang='lat' dir='ltr'><strong>sermo</strong></span> <span class='ocrx_word' id='word_1_546' title='bbox 2795 2255 2985 2310; x_wconf 90' lang='lat' dir='ltr'><strong>bonus</strong></span> <span class='ocrx_word' id='word_1_547' title='bbox 3008 2271 3187 2327; x_wconf 88' lang='lat' dir='ltr'><strong>super</strong></span> <span class='ocrx_word' id='word_1_548' title='bbox 3214 2274 3354 2314; x_wconf 93' lang='lat' dir='ltr'><strong>eum</strong></span> <span class='ocrx_word' id='word_1_549' title='bbox 3384 2259 3466 2329; x_wconf 90' lang='lat' dir='ltr'><strong>(h.</strong></span> <span class='ocrx_word' id='word_1_550' title='bbox 3504 2259 3558 2315; x_wconf 94' lang='lat' dir='ltr'><strong>in</strong></span> <span class='ocrx_word' id='word_1_551' title='bbox 3581 2275 3659 2330; x_wconf 71' lang='lat' dir='ltr'><strong>eo;</strong></span> <span class='ocrx_word' id='word_1_552' title='bbox 3683 2276 3712 2314; x_wconf 89' lang='lat' dir='ltr'><strong>a</strong></span> <span class='ocrx_word' id='word_1_553' title='bbox 3737 2258 3820 2313; x_wconf 90' lang='lat' dir='ltr'><strong>Do-</strong></span> 
     </span>
    </p>
   </div>
   <div class='ocr_carea' id='block_1_69' title="bbox 2243 2338 3822 2409">
    <p class='ocr_par' dir='ltr' id='par_1_69' title="bbox 2243 2338 3822 2409">
     <span class='ocr_line' id='line_1_69' title="bbox 2243 2338 3822 2409; baseline 0.005 -17"><span class='ocrx_word' id='word_1_554' title='bbox 2243 2338 2403 2394; x_wconf 92' lang='lat' dir='ltr'><strong>mino</strong></span> <span class='ocrx_word' id='word_1_555' title='bbox 2434 2339 2549 2395; x_wconf 89' lang='lat' dir='ltr'><strong>Deo</strong></span> <span class='ocrx_word' id='word_1_556' title='bbox 2591 2341 2822 2409; x_wconf 77' lang='lat' dir='ltr'><strong>Israel‘,</strong></span> <span class='ocrx_word' id='word_1_557' title='bbox 2857 2343 2915 2399; x_wconf 92' lang='lat' dir='ltr'><strong>in</strong></span> <span class='ocrx_word' id='word_1_558' title='bbox 2973 2345 3146 2401; x_wconf 89' lang='lat' dir='ltr'><strong>domo</strong></span> <span class='ocrx_word' id='word_1_559' title='bbox 3202 2349 3534 2406; x_wconf 88' lang='lat' dir='ltr'><strong>Jeroboam.</strong></span> <span class='ocrx_word' id='word_1_560' title='bbox 3563 2349 3822 2405; x_wconf 85' lang='lat' dir='ltr'><strong>Constituit</strong></span> 
     </span>
    </p>
   </div>
   <div class='ocr_carea' id='block_1_70' title="bbox 2241 2428 3820 2509">
    <p class='ocr_par' dir='ltr' id='par_1_70' title="bbox 2241 2428 3820 2509">
     <span class='ocr_line' id='line_1_70' title="bbox 2241 2428 3820 2509; baseline 0.005 -28"><span class='ocrx_word' id='word_1_561' title='bbox 2241 2432 2437 2482; x_wconf 87' lang='lat' dir='ltr'><strong>autem</strong></span> <span class='ocrx_word' id='word_1_562' title='bbox 2471 2428 2582 2483; x_wconf 91' lang='lat' dir='ltr'><strong>sibi</strong></span> <span class='ocrx_word' id='word_1_563' title='bbox 2606 2429 2892 2487; x_wconf 89' lang='lat' dir='ltr'><strong>Dominus</strong></span> <span class='ocrx_word' id='word_1_564' title='bbox 2920 2449 3113 2504; x_wconf 88' lang='lat' dir='ltr'><strong>regem</strong></span> <span class='ocrx_word' id='word_1_565' title='bbox 3155 2452 3340 2507; x_wconf 91' lang='lat' dir='ltr'><strong>super</strong></span> <span class='ocrx_word' id='word_1_566' title='bbox 3362 2437 3589 2498; x_wconf 77' lang='lat' dir='ltr'><strong>Israel&#39;.</strong></span> <span class='ocrx_word' id='word_1_567' title='bbox 3609 2438 3697 2509; x_wconf 88' lang='lat' dir='ltr'><strong>qui</strong></span> <span class='ocrx_word' id='word_1_568' title='bbox 3721 2451 3820 2506; x_wconf 84' lang='lat' dir='ltr'><strong>pcr-</strong></span> 
     </span>
    </p>
   </div>
   <div class='ocr_carea' id='block_1_71' title="bbox 2240 2516 3818 2590">
    <p class='ocr_par' dir='ltr' id='par_1_71' title="bbox 2240 2516 3818 2590">
     <span class='ocr_line' id='line_1_71' title="bbox 2240 2516 3818 2590; baseline 0.006 -20"><span class='ocrx_word' id='word_1_569' title='bbox 2240 2516 2422 2571; x_wconf 89' lang='lat' dir='ltr'><strong>cutiet</strong></span> <span class='ocrx_word' id='word_1_570' title='bbox 2451 2517 2691 2573; x_wconf 92' lang='lat' dir='ltr'><strong>domum</strong></span> <span class='ocrx_word' id='word_1_571' title='bbox 2713 2517 3024 2576; x_wconf 89' lang='lat' dir='ltr'><strong>Jeroboam</strong></span> <span class='ocrx_word' id='word_1_572' title='bbox 3058 2522 3116 2576; x_wconf 92' lang='lat' dir='ltr'><strong>in</strong></span> <span class='ocrx_word' id='word_1_573' title='bbox 3143 2523 3251 2578; x_wconf 91' lang='lat' dir='ltr'><strong>hac</strong></span> <span class='ocrx_word' id='word_1_574' title='bbox 3271 2525 3392 2590; x_wconf 89' lang='lat' dir='ltr'><strong>die,</strong></span> <span class='ocrx_word' id='word_1_575' title='bbox 3415 2531 3471 2582; x_wconf 89' lang='lat' dir='ltr'><strong>et</strong></span> <span class='ocrx_word' id='word_1_576' title='bbox 3501 2529 3556 2581; x_wconf 90' lang='lat' dir='ltr'><strong>in</strong></span> <span class='ocrx_word' id='word_1_577' title='bbox 3587 2525 3681 2581; x_wconf 87' lang='lat' dir='ltr'><strong>hoc</strong></span> <span class='ocrx_word' id='word_1_578' title='bbox 3707 2529 3818 2580; x_wconf 86' lang='lat' dir='ltr'><strong>tem-</strong></span> 
     </span>
    </p>
   </div>
   <div class='ocr_carea' id='block_1_72' title="bbox 2239 2606 3820 2682">
    <p class='ocr_par' dir='ltr' id='par_1_72' title="bbox 2239 2606 3820 2682">
     <span class='ocr_line' id='line_1_72' title="bbox 2239 2606 3820 2682; baseline 0.006 -27"><span class='ocrx_word' id='word_1_579' title='bbox 2239 2618 2404 2673; x_wconf 89' lang='lat' dir='ltr'><strong>pore;</strong></span> <span class='ocrx_word' id='word_1_580' title='bbox 2437 2608 2493 2658; x_wconf 89' lang='lat' dir='ltr'><strong>et</strong></span> <span class='ocrx_word' id='word_1_581' title='bbox 2526 2606 2808 2674; x_wconf 87' lang='lat' dir='ltr'><strong>percutiet</strong></span> <span class='ocrx_word' id='word_1_582' title='bbox 2832 2607 3113 2664; x_wconf 90' lang='lat' dir='ltr'><strong>Dominus</strong></span> <span class='ocrx_word' id='word_1_583' title='bbox 3135 2611 3318 2682; x_wconf 84' lang='lat' dir='ltr'><strong>(Vulg.</strong></span> <span class='ocrx_word' id='word_1_584' title='bbox 3353 2613 3558 2668; x_wconf 78' lang='lat' dir='ltr'><strong>addunt</strong></span> <span class='ocrx_word' id='word_1_585' title='bbox 3583 2613 3733 2682; x_wconf 90' lang='lat' dir='ltr'><strong>Deus)</strong></span> <span class='ocrx_word' id='word_1_586' title='bbox 3759 2613 3820 2666; x_wconf 83' lang='lat' dir='ltr'><strong>Is-</strong></span> 
     </span>
    </p>
   </div>
   <div class='ocr_carea' id='block_1_73' title="bbox 2238 2691 3822 2774">
    <p class='ocr_par' dir='ltr' id='par_1_73' title="bbox 2238 2691 3822 2774">
     <span class='ocr_line' id='line_1_73' title="bbox 2238 2691 3822 2774; baseline 0.004 -29"><span class='ocrx_word' id='word_1_587' title='bbox 2238 2691 2378 2757; x_wconf 89' lang='lat' dir='ltr'><strong>rael,</strong></span> <span class='ocrx_word' id='word_1_588' title='bbox 2411 2693 2563 2747; x_wconf 84' lang='lat' dir='ltr'><strong>sicut</strong></span> <span class='ocrx_word' id='word_1_589' title='bbox 2594 2696 2809 2748; x_wconf 89' lang='lat' dir='ltr'><strong>moveri</strong></span> <span class='ocrx_word' id='word_1_590' title='bbox 2842 2694 2989 2751; x_wconf 89' lang='lat' dir='ltr'><strong>solet</strong></span> <span class='ocrx_word' id='word_1_591' title='bbox 3037 2701 3263 2755; x_wconf 88' lang='lat' dir='ltr'><strong>arundo</strong></span> <span class='ocrx_word' id='word_1_592' title='bbox 3300 2702 3361 2756; x_wconf 90' lang='lat' dir='ltr'><strong>in</strong></span> <span class='ocrx_word' id='word_1_593' title='bbox 3390 2718 3558 2774; x_wconf 87' lang='lat' dir='ltr'><strong>aqua,</strong></span> <span class='ocrx_word' id='word_1_594' title='bbox 3587 2707 3640 2757; x_wconf 89' lang='lat' dir='ltr'><strong>et</strong></span> <span class='ocrx_word' id='word_1_595' title='bbox 3663 2699 3822 2756; x_wconf 84' lang='lat' dir='ltr'><strong>evellet</strong></span> 
     </span>
    </p>
   </div>
   <div class='ocr_carea' id='block_1_74' title="bbox 2238 2781 3823 2863">
    <p class='ocr_par' dir='ltr' id='par_1_74' title="bbox 2238 2781 3823 2863">
     <span class='ocr_line' id='line_1_74' title="bbox 2238 2781 3823 2863; baseline 0.004 -27"><span class='ocrx_word' id='word_1_596' title='bbox 2238 2781 2416 2836; x_wconf 88' lang='lat' dir='ltr'><strong>Israel</strong></span> <span class='ocrx_word' id='word_1_597' title='bbox 2445 2782 2516 2837; x_wconf 89' lang='lat' dir='ltr'><strong>de</strong></span> <span class='ocrx_word' id='word_1_598' title='bbox 2546 2787 2702 2838; x_wconf 85' lang='lat' dir='ltr'><strong>terra</strong></span> <span class='ocrx_word' id='word_1_599' title='bbox 2731 2783 2884 2840; x_wconf 88' lang='lat' dir='ltr'><strong>bona</strong></span> <span class='ocrx_word' id='word_1_600' title='bbox 2914 2784 3045 2852; x_wconf 89' lang='lat' dir='ltr'><strong>hac,</strong></span> <span class='ocrx_word' id='word_1_601' title='bbox 3080 2803 3256 2858; x_wconf 87' lang='lat' dir='ltr'><strong>quam</strong></span> <span class='ocrx_word' id='word_1_602' title='bbox 3292 2791 3457 2847; x_wconf 90' lang='lat' dir='ltr'><strong>dedit</strong></span> <span class='ocrx_word' id='word_1_603' title='bbox 3486 2791 3725 2863; x_wconf 86' lang='lat' dir='ltr'><strong>patribus</strong></span> <span class='ocrx_word' id='word_1_604' title='bbox 3748 2804 3823 2842; x_wconf 86' lang='lat' dir='ltr'><strong>ec-</strong></span> 
     </span>
    </p>
   </div>
   <div class='ocr_carea' id='block_1_75' title="bbox 2236 2872 3824 2952">
    <p class='ocr_par' dir='ltr' id='par_1_75' title="bbox 2236 2872 3824 2952">
     <span class='ocr_line' id='line_1_75' title="bbox 2236 2872 3824 2952; baseline 0.003 -28"><span class='ocrx_word' id='word_1_605' title='bbox 2236 2886 2391 2940; x_wconf 91' lang='lat' dir='ltr'><strong>rum,</strong></span> <span class='ocrx_word' id='word_1_606' title='bbox 2425 2877 2480 2926; x_wconf 90' lang='lat' dir='ltr'><strong>et</strong></span> <span class='ocrx_word' id='word_1_607' title='bbox 2500 2872 2802 2928; x_wconf 88' lang='lat' dir='ltr'><strong>ventilabit</strong></span> <span class='ocrx_word' id='word_1_608' title='bbox 2831 2890 2930 2929; x_wconf 90' lang='lat' dir='ltr'><strong>eos</strong></span> <span class='ocrx_word' id='word_1_609' title='bbox 2954 2882 3117 2932; x_wconf 90' lang='lat' dir='ltr'><strong>trans</strong></span> <span class='ocrx_word' id='word_1_610' title='bbox 3149 2882 3426 2942; x_wconf 84' lang='lat' dir='ltr'><strong>ﬂumem;</strong></span> <span class='ocrx_word' id='word_1_611' title='bbox 3457 2881 3588 2952; x_wconf 90' lang='lat' dir='ltr'><strong>quia</strong></span> <span class='ocrx_word' id='word_1_612' title='bbox 3617 2879 3824 2935; x_wconf 84' lang='lat' dir='ltr'><strong>fecerunt</strong></span> 
     </span>
    </p>
   </div>
   <div class='ocr_carea' id='block_1_76' title="bbox 2236 2959 3825 3026">
    <p class='ocr_par' dir='ltr' id='par_1_76' title="bbox 2236 2959 3825 3026">
     <span class='ocr_line' id='line_1_76' title="bbox 2236 2959 3825 3026; baseline 0.004 -12"><span class='ocrx_word' id='word_1_613' title='bbox 2236 2960 2348 3014; x_wconf 87' lang='lat' dir='ltr'><strong>sibi</strong></span> <span class='ocrx_word' id='word_1_614' title='bbox 2366 2959 2931 3026; x_wconf 87' lang='lat' dir='ltr'><strong>lucos,utirritarent</strong></span> <span class='ocrx_word' id='word_1_615' title='bbox 2963 2966 3298 3023; x_wconf 91' lang='lat' dir='ltr'><strong>Dominum.</strong></span> <span class='ocrx_word' id='word_1_616' title='bbox 3320 2970 3584 3026; x_wconf 88' lang='lat' dir='ltr'><strong>Ettradet</strong></span> <span class='ocrx_word' id='word_1_617' title='bbox 3603 2968 3825 3024; x_wconf 86' lang='lat' dir='ltr'><strong>Dominus</strong></span> 
     </span>
    </p>
   </div>
   <div class='ocr_carea' id='block_1_77' title="bbox 2237 3047 3823 3130">
    <p class='ocr_par' dir='ltr' id='par_1_77' title="bbox 2237 3047 3823 3130">
     <span class='ocr_line' id='line_1_77' title="bbox 2237 3047 3823 3130; baseline 0.004 -28"><span class='ocrx_word' id='word_1_618' title='bbox 2237 3047 2420 3104; x_wconf 87' lang='lat' dir='ltr'><strong>Israel</strong></span> <span class='ocrx_word' id='word_1_619' title='bbox 2453 3055 2690 3120; x_wconf 90' lang='lat' dir='ltr'><strong>propter</strong></span> <span class='ocrx_word' id='word_1_620' title='bbox 2722 3059 2959 3122; x_wconf 88' lang='lat' dir='ltr'><strong>peccata</strong></span> <span class='ocrx_word' id='word_1_621' title='bbox 2997 3054 3340 3123; x_wconf 86' lang='lat' dir='ltr'><strong>Jeroboam,</strong></span> <span class='ocrx_word' id='word_1_622' title='bbox 3389 3059 3485 3130; x_wconf 92' lang='lat' dir='ltr'><strong>qui</strong></span> <span class='ocrx_word' id='word_1_623' title='bbox 3516 3056 3760 3130; x_wconf 87' lang='lat' dir='ltr'><strong>peccavit,</strong></span> <span class='ocrx_word' id='word_1_624' title='bbox 3783 3059 3823 3109; x_wconf 86' lang='lat' dir='ltr'><strong>et</strong></span> 
     </span>
    </p>
   </div>
   <div class='ocr_carea' id='block_1_78' title="bbox 2237 3140 3824 3218">
    <p class='ocr_par' dir='ltr' id='par_1_78' title="bbox 2237 3140 3824 3218">
     <span class='ocr_line' id='line_1_78' title="bbox 2237 3140 3824 3218; baseline 0.005 -27"><span class='ocrx_word' id='word_1_625' title='bbox 2237 3153 2477 3209; x_wconf 89' lang='lat' dir='ltr'><strong>peccare</strong></span> <span class='ocrx_word' id='word_1_626' title='bbox 2503 3140 2636 3194; x_wconf 88' lang='lat' dir='ltr'><strong>fecit</strong></span> <span class='ocrx_word' id='word_1_627' title='bbox 2658 3141 2854 3196; x_wconf 89' lang='lat' dir='ltr'><strong>Israel.</strong></span> <span class='ocrx_word' id='word_1_628' title='bbox 2883 3142 3148 3199; x_wconf 90' lang='lat' dir='ltr'><strong>Surrexit</strong></span> <span class='ocrx_word' id='word_1_629' title='bbox 3171 3147 3373 3218; x_wconf 85' lang='lat' dir='ltr'><strong>itaque</strong></span> <span class='ocrx_word' id='word_1_630' title='bbox 3387 3165 3532 3203; x_wconf 88' lang='lat' dir='ltr'><strong>uxor</strong></span> <span class='ocrx_word' id='word_1_631' title='bbox 3546 3147 3824 3207; x_wconf 82' lang='lat' dir='ltr'><strong>Jeroboam,</strong></span> 
     </span>
    </p>
   </div>
   <div class='ocr_carea' id='block_1_79' title="bbox 2234 3227 3818 3309">
    <p class='ocr_par' dir='ltr' id='par_1_79' title="bbox 2234 3227 3818 3309">
     <span class='ocr_line' id='line_1_79' title="bbox 2234 3227 3818 3309; baseline 0.004 -29"><span class='ocrx_word' id='word_1_632' title='bbox 2234 3233 2291 3282; x_wconf 92' lang='lat' dir='ltr'><strong>et</strong></span> <span class='ocrx_word' id='word_1_633' title='bbox 2319 3227 2482 3293; x_wconf 90' lang='lat' dir='ltr'><strong>abiit,</strong></span> <span class='ocrx_word' id='word_1_634' title='bbox 2513 3233 2569 3283; x_wconf 89' lang='lat' dir='ltr'><strong>et</strong></span> <span class='ocrx_word' id='word_1_635' title='bbox 2598 3231 2754 3285; x_wconf 91' lang='lat' dir='ltr'><strong>venit</strong></span> <span class='ocrx_word' id='word_1_636' title='bbox 2786 3231 2843 3285; x_wconf 92' lang='lat' dir='ltr'><strong>in</strong></span> <span class='ocrx_word' id='word_1_637' title='bbox 2876 3232 3132 3302; x_wconf 87' lang='lat' dir='ltr'><strong>Thersa;</strong></span> <span class='ocrx_word' id='word_1_638' title='bbox 3182 3251 3424 3309; x_wconf 89' lang='lat' dir='ltr'><strong>cunque</strong></span> <span class='ocrx_word' id='word_1_639' title='bbox 3456 3237 3552 3291; x_wconf 91' lang='lat' dir='ltr'><strong>illa</strong></span> <span class='ocrx_word' id='word_1_640' title='bbox 3595 3233 3818 3307; x_wconf 83' lang='lat' dir='ltr'><strong>ingrede-</strong></span> 
     </span>
    </p>
   </div>
   <div class='ocr_carea' id='block_1_80' title="bbox 2235 3316 3817 3394">
    <p class='ocr_par' dir='ltr' id='par_1_80' title="bbox 2235 3316 3817 3394">
     <span class='ocr_line' id='line_1_80' title="bbox 2235 3316 3817 3394; baseline 0.004 -24"><span class='ocrx_word' id='word_1_641' title='bbox 2235 3322 2397 3371; x_wconf 90' lang='lat' dir='ltr'><strong>retur</strong></span> <span class='ocrx_word' id='word_1_642' title='bbox 2427 3316 2604 3372; x_wconf 90' lang='lat' dir='ltr'><strong>limen</strong></span> <span class='ocrx_word' id='word_1_643' title='bbox 2650 3321 2882 3389; x_wconf 91' lang='lat' dir='ltr'><strong>domus,</strong></span> <span class='ocrx_word' id='word_1_644' title='bbox 2918 3337 3063 3391; x_wconf 90' lang='lat' dir='ltr'><strong>puer</strong></span> <span class='ocrx_word' id='word_1_645' title='bbox 3093 3329 3370 3381; x_wconf 90' lang='lat' dir='ltr'><strong>mortuus</strong></span> <span class='ocrx_word' id='word_1_646' title='bbox 3399 3332 3511 3394; x_wconf 88' lang='lat' dir='ltr'><strong>est,</strong></span> <span class='ocrx_word' id='word_1_647' title='bbox 3547 3331 3602 3382; x_wconf 86' lang='lat' dir='ltr'><strong>et</strong></span> <span class='ocrx_word' id='word_1_648' title='bbox 3621 3323 3817 3394; x_wconf 87' lang='lat' dir='ltr'><strong>sepelie-</strong></span> 
     </span>
    </p>
   </div>
   <div class='ocr_carea' id='block_1_81' title="bbox 2236 3409 3824 3489">
    <p class='ocr_par' dir='ltr' id='par_1_81' title="bbox 2236 3409 3824 3489">
     <span class='ocr_line' id='line_1_81' title="bbox 2236 3409 3824 3489; baseline 0.003 -28"><span class='ocrx_word' id='word_1_649' title='bbox 2236 3411 2375 3462; x_wconf 87' lang='lat' dir='ltr'><strong>runt</strong></span> <span class='ocrx_word' id='word_1_650' title='bbox 2402 3424 2559 3464; x_wconf 89' lang='lat' dir='ltr'><strong>eum.</strong></span> <span class='ocrx_word' id='word_1_651' title='bbox 2601 3410 2669 3465; x_wconf 87' lang='lat' dir='ltr'><strong>Et</strong></span> <span class='ocrx_word' id='word_1_652' title='bbox 2712 3409 2937 3481; x_wconf 86' lang='lat' dir='ltr'><strong>planxit</strong></span> <span class='ocrx_word' id='word_1_653' title='bbox 2961 3429 3093 3469; x_wconf 88' lang='lat' dir='ltr'><strong>eum</strong></span> <span class='ocrx_word' id='word_1_654' title='bbox 3127 3417 3328 3473; x_wconf 89' lang='lat' dir='ltr'><strong>omnis</strong></span> <span class='ocrx_word' id='word_1_655' title='bbox 3362 3418 3536 3474; x_wconf 88' lang='lat' dir='ltr'><strong>Israel</strong></span> <span class='ocrx_word' id='word_1_656' title='bbox 3563 3420 3708 3489; x_wconf 82' lang='lat' dir='ltr'><strong>juxta</strong></span> <span class='ocrx_word' id='word_1_657' title='bbox 3733 3430 3824 3469; x_wconf 86' lang='lat' dir='ltr'><strong>ser-</strong></span> 
     </span>
    </p>
   </div>
   <div class='ocr_carea' id='block_1_82' title="bbox 2236 3497 3826 3570">
    <p class='ocr_par' dir='ltr' id='par_1_82' title="bbox 2236 3497 3826 3570">
     <span class='ocr_line' id='line_1_82' title="bbox 2236 3497 3826 3570; baseline 0.001 -19"><span class='ocrx_word' id='word_1_658' title='bbox 2236 3512 2471 3552; x_wconf 92' lang='lat' dir='ltr'><strong>monem</strong></span> <span class='ocrx_word' id='word_1_659' title='bbox 2503 3497 2759 3566; x_wconf 90' lang='lat' dir='ltr'><strong>Domini,</strong></span> <span class='ocrx_word' id='word_1_660' title='bbox 2793 3516 2968 3570; x_wconf 90' lang='lat' dir='ltr'><strong>quem</strong></span> <span class='ocrx_word' id='word_1_661' title='bbox 3002 3501 3234 3560; x_wconf 90' lang='lat' dir='ltr'><strong>locutus</strong></span> <span class='ocrx_word' id='word_1_662' title='bbox 3267 3511 3368 3562; x_wconf 88' lang='lat' dir='ltr'><strong>est</strong></span> <span class='ocrx_word' id='word_1_663' title='bbox 3415 3507 3475 3562; x_wconf 89' lang='lat' dir='ltr'><strong>in</strong></span> <span class='ocrx_word' id='word_1_664' title='bbox 3525 3523 3685 3561; x_wconf 90' lang='lat' dir='ltr'><strong>manu</strong></span> <span class='ocrx_word' id='word_1_665' title='bbox 3714 3501 3826 3558; x_wconf 81' lang='lat' dir='ltr'><strong>servi</strong></span> 
     </span>
    </p>
   </div>
   <div class='ocr_carea' id='block_1_83' title="bbox 2236 3585 3825 3667">
    <p class='ocr_par' dir='ltr' id='par_1_83' title="bbox 2236 3585 3825 3667">
     <span class='ocr_line' id='line_1_83' title="bbox 2236 3585 3825 3667; baseline 0.011 -26"><span class='ocrx_word' id='word_1_666' title='bbox 2236 3585 2328 3641; x_wconf 89' lang='lat' dir='ltr'><strong>sui</strong></span> <span class='ocrx_word' id='word_1_667' title='bbox 2350 3585 2510 3641; x_wconf 81' lang='lat' dir='ltr'><strong>Ahiae</strong></span> <span class='ocrx_word' id='word_1_668' title='bbox 2539 3586 2622 3658; x_wconf 91' lang='lat' dir='ltr'><strong>(h.</strong></span> <span class='ocrx_word' id='word_1_669' title='bbox 2667 3587 2853 3643; x_wconf 85' lang='lat' dir='ltr'><strong>Ahian</strong></span> <span class='ocrx_word' id='word_1_670' title='bbox 2885 3589 3049 3646; x_wconf 73' lang='lat' dir='ltr'><strong>habet</strong></span> <span class='ocrx_word' id='word_1_671' title='bbox 3079 3592 3192 3663; x_wconf 79' lang='lat' dir='ltr'><strong>hic)</strong></span> <span class='ocrx_word' id='word_1_672' title='bbox 3223 3596 3546 3667; x_wconf 73' lang='lat' dir='ltr'><strong>prophetae.</strong></span> <span class='ocrx_word' id='word_1_673' title='bbox 3573 3595 3652 3664; x_wconf 79' lang='grc' dir='ltr'><strong>(Τ.</strong></span> <span class='ocrx_word' id='word_1_674' title='bbox 3679 3591 3825 3658; x_wconf 64' lang='lat' dir='ltr'><strong>LVII.)</strong></span> 
     </span>
    </p>
   </div>
   <div class='ocr_carea' id='block_1_84' title="bbox 2238 3674 3826 3757">
    <p class='ocr_par' dir='ltr' id='par_1_84' title="bbox 2238 3674 3826 3757">
     <span class='ocr_line' id='line_1_84' title="bbox 2238 3674 3826 3757; baseline 0.003 -28"><span class='ocrx_word' id='word_1_675' title='bbox 2238 3674 2485 3746; x_wconf 86' lang='lat' dir='ltr'><strong>Reliqua</strong></span> <span class='ocrx_word' id='word_1_676' title='bbox 2515 3681 2710 3731; x_wconf 89' lang='lat' dir='ltr'><strong>autem</strong></span> <span class='ocrx_word' id='word_1_677' title='bbox 2743 3678 3050 3734; x_wconf 88' lang='lat' dir='ltr'><strong>verborum</strong></span> <span class='ocrx_word' id='word_1_678' title='bbox 3083 3680 3428 3755; x_wconf 79' lang='lat' dir='ltr'><strong>Jeroboam,</strong></span> <span class='ocrx_word' id='word_1_679' title='bbox 3461 3683 3729 3757; x_wconf 89' lang='lat' dir='ltr'><strong>quomodo</strong></span> <span class='ocrx_word' id='word_1_680' title='bbox 3748 3695 3826 3752; x_wconf 84' lang='lat' dir='ltr'><strong>pu-</strong></span> 
     </span>
    </p>
   </div>
   <div class='ocr_carea' id='block_1_85' title="bbox 2237 3763 3826 3844">
    <p class='ocr_par' dir='ltr' id='par_1_85' title="bbox 2237 3763 3826 3844">
     <span class='ocr_line' id='line_1_85' title="bbox 2237 3763 3826 3844; baseline 0.005 -29"><span class='ocrx_word' id='word_1_681' title='bbox 2237 3763 2520 3834; x_wconf 87' lang='lat' dir='ltr'><strong>gnaverit,</strong></span> <span class='ocrx_word' id='word_1_682' title='bbox 2553 3770 2609 3818; x_wconf 91' lang='lat' dir='ltr'><strong>et</strong></span> <span class='ocrx_word' id='word_1_683' title='bbox 2635 3767 2928 3835; x_wconf 90' lang='lat' dir='ltr'><strong>quomodo</strong></span> <span class='ocrx_word' id='word_1_684' title='bbox 2951 3771 3307 3839; x_wconf 90' lang='lat' dir='ltr'><strong>regnaverit,</strong></span> <span class='ocrx_word' id='word_1_685' title='bbox 3341 3790 3475 3829; x_wconf 91' lang='lat' dir='ltr'><strong>ecce</strong></span> <span class='ocrx_word' id='word_1_686' title='bbox 3505 3773 3705 3844; x_wconf 88' lang='lat' dir='ltr'><strong>scripta</strong></span> <span class='ocrx_word' id='word_1_687' title='bbox 3725 3771 3826 3824; x_wconf 78' lang='lat' dir='ltr'><strong>sunt</strong></span> 
     </span>
    </p>
   </div>
   <div class='ocr_carea' id='block_1_86' title="bbox 2238 3851 3830 3931">
    <p class='ocr_par' dir='ltr' id='par_1_86' title="bbox 2238 3851 3830 3931">
     <span class='ocr_line' id='line_1_86' title="bbox 2238 3851 3830 3931; baseline 0.004 -26"><span class='ocrx_word' id='word_1_688' title='bbox 2238 3852 2295 3906; x_wconf 90' lang='lat' dir='ltr'><strong>in</strong></span> <span class='ocrx_word' id='word_1_689' title='bbox 2329 3851 2476 3906; x_wconf 88' lang='lat' dir='ltr'><strong>libro</strong></span> <span class='ocrx_word' id='word_1_690' title='bbox 2509 3851 2830 3908; x_wconf 88' lang='lat' dir='ltr'><strong>Verborum</strong></span> <span class='ocrx_word' id='word_1_691' title='bbox 2874 3855 3101 3912; x_wconf 90' lang='lat' dir='ltr'><strong>dierum</strong></span> <span class='ocrx_word' id='word_1_692' title='bbox 3157 3874 3370 3931; x_wconf 87' lang='lat' dir='ltr'><strong>regum</strong></span> <span class='ocrx_word' id='word_1_693' title='bbox 3406 3861 3602 3918; x_wconf 88' lang='lat' dir='ltr'><strong>Israel.</strong></span> <span class='ocrx_word' id='word_1_694' title='bbox 3628 3860 3742 3916; x_wconf 89' lang='lat' dir='ltr'><strong>Dies</strong></span> <span class='ocrx_word' id='word_1_695' title='bbox 3759 3872 3830 3910; x_wconf 87' lang='lat' dir='ltr'><strong>au-</strong></span> 
     </span>
    </p>
   </div>
   <div class='ocr_carea' id='block_1_87' title="bbox 2235 3940 3828 4022">
    <p class='ocr_par' dir='ltr' id='par_1_87' title="bbox 2235 3940 3828 4022">
     <span class='ocr_line' id='line_1_87' title="bbox 2235 3940 3828 4022; baseline 0.003 -28"><span class='ocrx_word' id='word_1_696' title='bbox 2235 3943 2375 4009; x_wconf 85' lang='lat' dir='ltr'><strong>tem,</strong></span> <span class='ocrx_word' id='word_1_697' title='bbox 2435 3940 2650 4012; x_wconf 89' lang='lat' dir='ltr'><strong>quibus</strong></span> <span class='ocrx_word' id='word_1_698' title='bbox 2707 3945 2968 4014; x_wconf 89' lang='lat' dir='ltr'><strong>regnavit</strong></span> <span class='ocrx_word' id='word_1_699' title='bbox 3030 3946 3363 4020; x_wconf 88' lang='lat' dir='ltr'><strong>Jeroboam,</strong></span> <span class='ocrx_word' id='word_1_700' title='bbox 3419 3950 3617 4022; x_wconf 89' lang='lat' dir='ltr'><strong>viginti</strong></span> <span class='ocrx_word' id='word_1_701' title='bbox 3663 3946 3828 4002; x_wconf 85' lang='lat' dir='ltr'><strong>etduo</strong></span> 
     </span>
    </p>
   </div>
   <div class='ocr_carea' id='block_1_88' title="bbox 2236 4029 3831 4109">
    <p class='ocr_par' dir='ltr' id='par_1_88' title="bbox 2236 4029 3831 4109">
     <span class='ocr_line' id='line_1_88' title="bbox 2236 4029 3831 4109; baseline 0.001 -25"><span class='ocrx_word' id='word_1_702' title='bbox 2236 4029 2374 4084; x_wconf 89' lang='lat' dir='ltr'><strong>anni</strong></span> <span class='ocrx_word' id='word_1_703' title='bbox 2403 4034 2530 4084; x_wconf 76' lang='lat' dir='ltr'><strong>sunt</strong></span> <span class='ocrx_word' id='word_1_704' title='bbox 2561 4030 2642 4102; x_wconf 89' lang='lat' dir='ltr'><strong>(h.</strong></span> <span class='ocrx_word' id='word_1_705' title='bbox 2674 4047 2787 4086; x_wconf 92' lang='lat' dir='ltr'><strong>non</strong></span> <span class='ocrx_word' id='word_1_706' title='bbox 2818 4033 3036 4105; x_wconf 86' lang='lat' dir='ltr'><strong>habet),</strong></span> <span class='ocrx_word' id='word_1_707' title='bbox 3069 4036 3427 4095; x_wconf 89' lang='lat' dir='ltr'><strong>etdormivit</strong></span> <span class='ocrx_word' id='word_1_708' title='bbox 3459 4055 3590 4095; x_wconf 92' lang='lat' dir='ltr'><strong>cum</strong></span> <span class='ocrx_word' id='word_1_709' title='bbox 3618 4033 3831 4109; x_wconf 87' lang='lat' dir='ltr'><strong>patribus</strong></span> 
     </span>
    </p>
   </div>
   <div class='ocr_carea' id='block_1_89' title="bbox 2237 4119 3830 4199">
    <p class='ocr_par' dir='ltr' id='par_1_89' title="bbox 2237 4119 3830 4199">
     <span class='ocr_line' id='line_1_89' title="bbox 2237 4119 3830 4199; baseline 0.009 -27"><span class='ocrx_word' id='word_1_710' title='bbox 2237 4119 2391 4174; x_wconf 90' lang='lat' dir='ltr'><strong>suis:</strong></span> <span class='ocrx_word' id='word_1_711' title='bbox 2411 4119 2787 4190; x_wconf 90' lang='lat' dir='ltr'><strong>regnavitque</strong></span> <span class='ocrx_word' id='word_1_712' title='bbox 2809 4121 3010 4177; x_wconf 87' lang='lat' dir='ltr'><strong>Nadab</strong></span> <span class='ocrx_word' id='word_1_713' title='bbox 3026 4123 3184 4180; x_wconf 89' lang='lat' dir='ltr'><strong>filius</strong></span> <span class='ocrx_word' id='word_1_714' title='bbox 3197 4126 3332 4197; x_wconf 90' lang='lat' dir='ltr'><strong>ejus</strong></span> <span class='ocrx_word' id='word_1_715' title='bbox 3347 4145 3450 4199; x_wconf 86' lang='lat' dir='ltr'><strong>pro</strong></span> <span class='ocrx_word' id='word_1_716' title='bbox 3463 4145 3550 4184; x_wconf 93' lang='lat' dir='ltr'><strong>eo.</strong></span> <span class='ocrx_word' id='word_1_717' title='bbox 3564 4127 3644 4197; x_wconf 90' lang='lat' dir='ltr'><strong>(T.</strong></span> <span class='ocrx_word' id='word_1_718' title='bbox 3662 4120 3830 4186; x_wconf 76' lang='lat' dir='ltr'><strong>LVIII.)</strong></span> 
     </span>
    </p>
   </div>
   <div class='ocr_carea' id='block_1_90' title="bbox 2234 4207 3832 4288">
    <p class='ocr_par' dir='ltr' id='par_1_90' title="bbox 2234 4207 3832 4288">
     <span class='ocr_line' id='line_1_90' title="bbox 2234 4207 3832 4288; baseline 0 -26"><span class='ocrx_word' id='word_1_719' title='bbox 2234 4211 2412 4262; x_wconf 90' lang='lat' dir='ltr'><strong>Porro</strong></span> <span class='ocrx_word' id='word_1_720' title='bbox 2442 4209 2701 4263; x_wconf 89' lang='lat' dir='ltr'><strong>Roboam</strong></span> <span class='ocrx_word' id='word_1_721' title='bbox 2738 4207 2894 4264; x_wconf 83' lang='lat' dir='ltr'><strong>ﬁlius</strong></span> <span class='ocrx_word' id='word_1_722' title='bbox 2917 4210 3248 4269; x_wconf 89' lang='lat' dir='ltr'><strong>Salomonis</strong></span> <span class='ocrx_word' id='word_1_723' title='bbox 3297 4216 3560 4288; x_wconf 90' lang='lat' dir='ltr'><strong>regnavit</strong></span> <span class='ocrx_word' id='word_1_724' title='bbox 3604 4215 3660 4270; x_wconf 87' lang='lat' dir='ltr'><strong>in</strong></span> <span class='ocrx_word' id='word_1_725' title='bbox 3698 4211 3832 4268; x_wconf 85' lang='lat' dir='ltr'><strong>Juda.</strong></span> 
     </span>
    </p>
   </div>
   <div class='ocr_carea' id='block_1_91' title="bbox 2235 4297 3831 4370">
    <p class='ocr_par' dir='ltr' id='par_1_91' title="bbox 2235 4297 3831 4370">
     <span class='ocr_line' id='line_1_91' title="bbox 2235 4297 3831 4370; baseline 0.004 -21"><span class='ocrx_word' id='word_1_726' title='bbox 2235 4297 2632 4368; x_wconf 85' lang='lat' dir='ltr'><strong>Quadraginta</strong></span> <span class='ocrx_word' id='word_1_727' title='bbox 2659 4306 2712 4352; x_wconf 89' lang='lat' dir='ltr'><strong>et</strong></span> <span class='ocrx_word' id='word_1_728' title='bbox 2743 4298 2921 4353; x_wconf 90' lang='lat' dir='ltr'><strong>unius</strong></span> <span class='ocrx_word' id='word_1_729' title='bbox 2957 4300 3093 4354; x_wconf 90' lang='lat' dir='ltr'><strong>anni</strong></span> <span class='ocrx_word' id='word_1_730' title='bbox 3126 4307 3252 4356; x_wconf 88' lang='lat' dir='ltr'><strong>erat</strong></span> <span class='ocrx_word' id='word_1_731' title='bbox 3305 4305 3585 4370; x_wconf 86' lang='lat' dir='ltr'><strong>Roboam,</strong></span> <span class='ocrx_word' id='word_1_732' title='bbox 3618 4317 3735 4358; x_wconf 88' lang='lat' dir='ltr'><strong>cum</strong></span> <span class='ocrx_word' id='word_1_733' title='bbox 3764 4313 3831 4351; x_wconf 79' lang='lat' dir='ltr'><strong>re-</strong></span> 
     </span>
    </p>
   </div>
   <div class='ocr_carea' id='block_1_92' title="bbox 2231 4386 3833 4462">
    <p class='ocr_par' dir='ltr' id='par_1_92' title="bbox 2231 4386 3833 4462">
     <span class='ocr_line' id='line_1_92' title="bbox 2231 4386 3833 4462; baseline 0.002 -23"><span class='ocrx_word' id='word_1_734' title='bbox 2231 4399 2412 4455; x_wconf 87' lang='lat' dir='ltr'><strong>gnare</strong></span> <span class='ocrx_word' id='word_1_735' title='bbox 2442 4386 2714 4456; x_wconf 89' lang='lat' dir='ltr'><strong>coepisset</strong></span> <span class='ocrx_word' id='word_1_736' title='bbox 2746 4404 2759 4444; x_wconf 89' lang='lat'><strong>:</strong></span> <span class='ocrx_word' id='word_1_737' title='bbox 2793 4387 2992 4442; x_wconf 89' lang='lat' dir='ltr'><strong>decem</strong></span> <span class='ocrx_word' id='word_1_738' title='bbox 3022 4394 3079 4443; x_wconf 90' lang='lat' dir='ltr'><strong>et</strong></span> <span class='ocrx_word' id='word_1_739' title='bbox 3109 4397 3338 4462; x_wconf 83' lang='lat' dir='ltr'><strong>septem</strong></span> <span class='ocrx_word' id='word_1_740' title='bbox 3395 4394 3565 4449; x_wconf 93' lang='lat' dir='ltr'><strong>annis</strong></span> <span class='ocrx_word' id='word_1_741' title='bbox 3617 4386 3833 4462; x_wconf 80' lang='lat' dir='ltr'><strong>regnavit</strong></span> 
     </span>
    </p>
   </div>
   <div class='ocr_carea' id='block_1_93' title="bbox 2234 4472 3832 4553">
    <p class='ocr_par' dir='ltr' id='par_1_93' title="bbox 2234 4472 3832 4553">
     <span class='ocr_line' id='line_1_93' title="bbox 2234 4472 3832 4553; baseline 0.004 -27"><span class='ocrx_word' id='word_1_742' title='bbox 2234 4472 2293 4527; x_wconf 90' lang='lat' dir='ltr'><strong>in</strong></span> <span class='ocrx_word' id='word_1_743' title='bbox 2322 4473 2648 4529; x_wconf 89' lang='lat' dir='ltr'><strong>Jerusalem</strong></span> <span class='ocrx_word' id='word_1_744' title='bbox 2709 4475 2966 4542; x_wconf 88' lang='lat' dir='ltr'><strong>civitate,</strong></span> <span class='ocrx_word' id='word_1_745' title='bbox 3013 4493 3188 4547; x_wconf 90' lang='lat' dir='ltr'><strong>quam</strong></span> <span class='ocrx_word' id='word_1_746' title='bbox 3245 4479 3424 4553; x_wconf 87' lang='lat' dir='ltr'><strong>elegit</strong></span> <span class='ocrx_word' id='word_1_747' title='bbox 3489 4480 3832 4537; x_wconf 54' lang='lat' dir='ltr'><strong>Dominum!!!</strong></span> 
     </span>
    </p>
   </div>
   <div class='ocr_carea' id='block_1_94' title="bbox 471 4553 3829 4637">
    <p class='ocr_par' dir='ltr' id='par_1_94' title="bbox 471 4553 3829 4637">
     <span class='ocr_line' id='line_1_94' title="bbox 471 4553 3829 4637; baseline 0 -23"><span class='ocrx_word' id='word_1_748' title='bbox 471 4561 558 4632; x_wconf 91' lang='lat' dir='ltr'><strong>(T.</strong></span> <span class='ocrx_word' id='word_1_749' title='bbox 590 4561 754 4631; x_wconf 92' lang='lat' dir='ltr'><strong>LIV.)</strong></span> <span class='ocrx_word' id='word_1_750' title='bbox 782 4579 961 4633; x_wconf 87' lang='lat' dir='ltr'><strong>quare</strong></span> <span class='ocrx_word' id='word_1_751' title='bbox 990 4563 1165 4619; x_wconf 91' lang='lat' dir='ltr'><strong>aliam</strong></span> <span class='ocrx_word' id='word_1_752' title='bbox 1202 4568 1257 4619; x_wconf 89' lang='lat' dir='ltr'><strong>te</strong></span> <span class='ocrx_word' id='word_1_753' title='bbox 1289 4581 1417 4620; x_wconf 90' lang='lat' dir='ltr'><strong>esse</strong></span> <span class='ocrx_word' id='word_1_754' title='bbox 1451 4565 1740 4620; x_wconf 85' lang='lat' dir='ltr'><strong>simulas?</strong></span> <span class='ocrx_word' id='word_1_755' title='bbox 1788 4582 1893 4637; x_wconf 90' lang='lat' dir='ltr'><strong>ego</strong></span> <span class='ocrx_word' id='word_1_756' title='bbox 1926 4571 2121 4620; x_wconf 90' lang='lat' dir='ltr'><strong>autem</strong></span> <span class='ocrx_word' id='word_1_757' title='bbox 2151 4553 2199 4617; x_wconf 89' lang='lat' dir='ltr'><strong>D</strong></span> <span class='ocrx_word' id='word_1_758' title='bbox 2231 4568 2470 4633; x_wconf 88' lang='lat' dir='ltr'><strong>poneret</strong></span> <span class='ocrx_word' id='word_1_759' title='bbox 2501 4579 2713 4618; x_wconf 85' lang='lat' dir='ltr'><strong>nomen</strong></span> <span class='ocrx_word' id='word_1_760' title='bbox 2764 4579 2940 4619; x_wconf 92' lang='lat' dir='ltr'><strong>suum</strong></span> <span class='ocrx_word' id='word_1_761' title='bbox 2999 4564 3082 4621; x_wconf 88' lang='lat' dir='ltr'><strong>ibi</strong></span> <span class='ocrx_word' id='word_1_762' title='bbox 3137 4583 3206 4622; x_wconf 81' lang='lat' dir='ltr'><strong>ex</strong></span> <span class='ocrx_word' id='word_1_763' title='bbox 3263 4569 3546 4626; x_wconf 90' lang='lat' dir='ltr'><strong>omnibus</strong></span> <span class='ocrx_word' id='word_1_764' title='bbox 3601 4567 3829 4624; x_wconf 83' lang='lat' dir='ltr'><strong>tribubus</strong></span> 
     </span>
    </p>
   </div>
   <div class='ocr_carea' id='block_1_95' title="bbox 469 4649 2115 4726">
    <p class='ocr_par' dir='ltr' id='par_1_95' title="bbox 469 4649 2115 4726">
     <span class='ocr_line' id='line_1_95' title="bbox 469 4649 2115 4726; baseline 0.002 -21"><span class='ocrx_word' id='word_1_765' title='bbox 469 4649 690 4706; x_wconf 90' lang='lat' dir='ltr'><strong>missus</strong></span> <span class='ocrx_word' id='word_1_766' title='bbox 721 4668 854 4707; x_wconf 91' lang='lat' dir='ltr'><strong>sum</strong></span> <span class='ocrx_word' id='word_1_767' title='bbox 887 4653 955 4708; x_wconf 90' lang='lat' dir='ltr'><strong>ad</strong></span> <span class='ocrx_word' id='word_1_768' title='bbox 988 4657 1045 4708; x_wconf 91' lang='lat' dir='ltr'><strong>te</strong></span> <span class='ocrx_word' id='word_1_769' title='bbox 1103 4654 1292 4710; x_wconf 90' lang='lat' dir='ltr'><strong>durus</strong></span> <span class='ocrx_word' id='word_1_770' title='bbox 1347 4654 1581 4710; x_wconf 78' lang='lat' dir='ltr'><strong>nuntius</strong></span> <span class='ocrx_word' id='word_1_771' title='bbox 1627 4654 1709 4726; x_wconf 87' lang='lat' dir='ltr'><strong>(h.</strong></span> <span class='ocrx_word' id='word_1_772' title='bbox 1745 4671 1858 4710; x_wconf 91' lang='lat' dir='ltr'><strong>non</strong></span> <span class='ocrx_word' id='word_1_773' title='bbox 1893 4655 2115 4726; x_wconf 85' lang='lat' dir='ltr'><strong>habet).</strong></span> 
     </span>
    </p>
   </div>
   <div class='ocr_carea' id='block_1_96' title="bbox 464 4739 2115 4805">
    <p class='ocr_par' dir='ltr' id='par_1_96' title="bbox 464 4739 2115 4805">
     <span class='ocr_line' id='line_1_96' title="bbox 464 4739 2115 4805; baseline 0.002 -10"><span class='ocrx_word' id='word_1_774' title='bbox 464 4739 640 4805; x_wconf 88' lang='lat' dir='ltr'><strong>Vade,</strong></span> <span class='ocrx_word' id='word_1_775' title='bbox 681 4745 740 4795; x_wconf 84' lang='lat' dir='ltr'><strong>et</strong></span> <span class='ocrx_word' id='word_1_776' title='bbox 780 4740 872 4795; x_wconf 91' lang='lat' dir='ltr'><strong>dic</strong></span> <span class='ocrx_word' id='word_1_777' title='bbox 899 4742 1208 4798; x_wconf 86' lang='lat' dir='ltr'><strong>Jeroboam</strong></span> <span class='ocrx_word' id='word_1_778' title='bbox 1245 4761 1258 4799; x_wconf 90' lang='lat'>:</span> <span class='ocrx_word' id='word_1_779' title='bbox 1297 4745 1423 4798; x_wconf 86' lang='lat' dir='ltr'><strong>Haec</strong></span> <span class='ocrx_word' id='word_1_780' title='bbox 1452 4745 1595 4799; x_wconf 89' lang='lat' dir='ltr'><strong>dicit</strong></span> <span class='ocrx_word' id='word_1_781' title='bbox 1625 4745 1912 4799; x_wconf 91' lang='lat' dir='ltr'><strong>Dominus</strong></span> <span class='ocrx_word' id='word_1_782' title='bbox 1961 4744 2115 4799; x_wconf 88' lang='lat' dir='ltr'><strong>Deus</strong></span> 
     </span>
    </p>
   </div>
   <div class='ocr_carea' id='block_1_97' title="bbox 463 4828 2112 4906">
    <p class='ocr_par' dir='ltr' id='par_1_97' title="bbox 463 4828 2112 4906">
     <span class='ocr_line' id='line_1_97' title="bbox 463 4828 2112 4906; baseline 0.004 -24"><span class='ocrx_word' id='word_1_783' title='bbox 463 4828 640 4884; x_wconf 87' lang='lat' dir='ltr'><strong>Israel</strong></span> <span class='ocrx_word' id='word_1_784' title='bbox 675 4845 688 4884; x_wconf 88' lang='lat'><strong>:</strong></span> <span class='ocrx_word' id='word_1_785' title='bbox 721 4829 871 4894; x_wconf 85' lang='lat' dir='ltr'><strong>Quia</strong></span> <span class='ocrx_word' id='word_1_786' title='bbox 896 4831 1144 4886; x_wconf 86' lang='lat' dir='ltr'><strong>exaltavi</strong></span> <span class='ocrx_word' id='word_1_787' title='bbox 1177 4836 1232 4888; x_wconf 91' lang='lat' dir='ltr'><strong>te</strong></span> <span class='ocrx_word' id='word_1_788' title='bbox 1283 4833 1353 4889; x_wconf 91' lang='lat' dir='ltr'><strong>de</strong></span> <span class='ocrx_word' id='word_1_789' title='bbox 1401 4833 1591 4889; x_wconf 91' lang='lat' dir='ltr'><strong>medio</strong></span> <span class='ocrx_word' id='word_1_790' title='bbox 1624 4833 1844 4906; x_wconf 85' lang='lat' dir='ltr'><strong>pepuli,</strong></span> <span class='ocrx_word' id='word_1_791' title='bbox 1887 4839 1947 4889; x_wconf 90' lang='lat' dir='ltr'><strong>et</strong></span> <span class='ocrx_word' id='word_1_792' title='bbox 1977 4834 2112 4889; x_wconf 90' lang='lat' dir='ltr'><strong>dedi</strong></span> 
     </span>
    </p>
   </div>
   <div class='ocr_carea' id='block_1_98' title="bbox 463 4919 2108 4992">
    <p class='ocr_par' dir='ltr' id='par_1_98' title="bbox 463 4919 2108 4992">
     <span class='ocr_line' id='line_1_98' title="bbox 463 4919 2108 4992; baseline 0.002 -18"><span class='ocrx_word' id='word_1_793' title='bbox 463 4921 519 4974; x_wconf 87' lang='lat' dir='ltr'><strong>te</strong></span> <span class='ocrx_word' id='word_1_794' title='bbox 549 4919 756 4974; x_wconf 93' lang='lat' dir='ltr'><strong>ducem</strong></span> <span class='ocrx_word' id='word_1_795' title='bbox 783 4935 960 4990; x_wconf 89' lang='lat' dir='ltr'><strong>super</strong></span> <span class='ocrx_word' id='word_1_796' title='bbox 985 4920 1268 4992; x_wconf 91' lang='lat' dir='ltr'><strong>populum</strong></span> <span class='ocrx_word' id='word_1_797' title='bbox 1298 4938 1496 4978; x_wconf 91' lang='lat' dir='ltr'><strong>meum</strong></span> <span class='ocrx_word' id='word_1_798' title='bbox 1530 4923 1732 4992; x_wconf 89' lang='lat' dir='ltr'><strong>Israel,</strong></span> <span class='ocrx_word' id='word_1_799' title='bbox 1759 4932 1813 4979; x_wconf 82' lang='lat' dir='ltr'><strong>et</strong></span> <span class='ocrx_word' id='word_1_800' title='bbox 1844 4922 1990 4979; x_wconf 90' lang='lat' dir='ltr'><strong>scidi</strong></span> <span class='ocrx_word' id='word_1_801' title='bbox 2021 4939 2108 4978; x_wconf 89' lang='lat' dir='ltr'><strong>re-</strong></span> 
     </span>
    </p>
   </div>
   <div class='ocr_carea' id='block_1_99' title="bbox 463 5009 2108 5080">
    <p class='ocr_par' dir='ltr' id='par_1_99' title="bbox 463 5009 2108 5080">
     <span class='ocr_line' id='line_1_99' title="bbox 463 5009 2108 5080; baseline 0.001 -16"><span class='ocrx_word' id='word_1_802' title='bbox 463 5022 648 5080; x_wconf 83' lang='lat' dir='ltr'><strong>gnum</strong></span> <span class='ocrx_word' id='word_1_803' title='bbox 678 5009 890 5064; x_wconf 90' lang='lat' dir='ltr'><strong>domus</strong></span> <span class='ocrx_word' id='word_1_804' title='bbox 920 5009 1118 5078; x_wconf 86' lang='lat' dir='ltr'><strong>David,</strong></span> <span class='ocrx_word' id='word_1_805' title='bbox 1139 5015 1196 5066; x_wconf 88' lang='lat' dir='ltr'><strong>et</strong></span> <span class='ocrx_word' id='word_1_806' title='bbox 1222 5011 1355 5067; x_wconf 90' lang='lat' dir='ltr'><strong>dedi</strong></span> <span class='ocrx_word' id='word_1_807' title='bbox 1388 5010 1532 5067; x_wconf 92' lang='lat' dir='ltr'><strong>illud</strong></span> <span class='ocrx_word' id='word_1_808' title='bbox 1565 5011 1692 5079; x_wconf 91' lang='lat' dir='ltr'><strong>tibi,</strong></span> <span class='ocrx_word' id='word_1_809' title='bbox 1716 5017 1770 5068; x_wconf 91' lang='lat' dir='ltr'><strong>et</strong></span> <span class='ocrx_word' id='word_1_810' title='bbox 1803 5029 1919 5067; x_wconf 90' lang='lat' dir='ltr'><strong>non</strong></span> <span class='ocrx_word' id='word_1_811' title='bbox 1946 5011 2108 5066; x_wconf 87' lang='lat' dir='ltr'><strong>fuisti</strong></span> 
     </span>
    </p>
   </div>
   <div class='ocr_carea' id='block_1_100' title="bbox 528 5239 2102 5314">
    <p class='ocr_par' dir='ltr' id='par_1_100' title="bbox 528 5239 2102 5314">
     <span class='ocr_line' id='line_1_100' title="bbox 528 5239 2102 5314; baseline 0.001 -18"><span class='ocrx_word' id='word_1_812' title='bbox 528 5242 545 5276; x_wconf 77' lang='grc'>¹</span> <span class='ocrx_word' id='word_1_813' title='bbox 580 5239 817 5297; x_wconf 84' lang='lat' dir='ltr'><strong>Rectius</strong></span> <span class='ocrx_word' id='word_1_814' title='bbox 841 5257 975 5314; x_wconf 88' lang='lat' dir='ltr'><strong>cum</strong></span> <span class='ocrx_word' id='word_1_815' title='bbox 1008 5241 1249 5298; x_wconf 63' lang='lat' dir='ltr'><strong>Hebraeo</strong></span> <span class='ocrx_word' id='word_1_816' title='bbox 1272 5258 1383 5298; x_wconf 91' lang='lat' dir='ltr'><strong>ms.</strong></span> <span class='ocrx_word' id='word_1_817' title='bbox 1418 5241 1738 5314; x_wconf 85' lang='lat' dir='ltr'><strong>Veronens.</strong></span> <span class='ocrx_word' id='word_1_818' title='bbox 1770 5242 1831 5296; x_wconf 89' lang='lat' dir='ltr'><strong>in</strong></span> <span class='ocrx_word' id='word_1_819' title='bbox 1853 5241 2102 5314; x_wconf 88' lang='lat' dir='ltr'><strong>gignen-</strong></span> 
     </span>
    </p>
   </div>
   <div class='ocr_carea' id='block_1_101' title="bbox 457 5311 2100 5396">
    <p class='ocr_par' dir='ltr' id='par_1_101' title="bbox 457 5311 2100 5396">
     <span class='ocr_line' id='line_1_101' title="bbox 457 5311 2100 5396; baseline 0.002 -29"><span class='ocrx_word' id='word_1_820' title='bbox 457 5311 710 5396; x_wconf 67' lang='lat' dir='ltr'><strong>dicasu,</strong></span> <span class='ocrx_word' id='word_1_821' title='bbox 739 5312 1127 5396; x_wconf 35' lang='lat' dir='ltr'><strong>prophetghut</strong></span> <span class='ocrx_word' id='word_1_822' title='bbox 1153 5315 1499 5396; x_wconf 63' lang='lat' dir='ltr'><strong>plangerent.</strong></span> <span class='ocrx_word' id='word_1_823' title='bbox 1524 5311 1988 5396; x_wconf 31' lang='lat' dir='ltr'><strong>Vulgataip’sius</strong></span> <span class='ocrx_word' id='word_1_824' title='bbox 2020 5313 2100 5369; x_wconf 87' lang='lat' dir='ltr'><strong>le-</strong></span> 
     </span>
    </p>
   </div>
   <div class='ocr_carea' id='block_1_102' title="bbox 455 5383 2096 5456">
    <p class='ocr_par' dir='ltr' id='par_1_102' title="bbox 455 5383 2096 5456">
     <span class='ocr_line' id='line_1_102' title="bbox 455 5383 2096 5456; baseline 0.001 -17"><span class='ocrx_word' id='word_1_825' title='bbox 455 5383 570 5439; x_wconf 90' lang='lat' dir='ltr'><strong>ctio</strong></span> <span class='ocrx_word' id='word_1_826' title='bbox 603 5384 710 5440; x_wconf 90' lang='lat' dir='ltr'><strong>hoc</strong></span> <span class='ocrx_word' id='word_1_827' title='bbox 741 5383 857 5440; x_wconf 88' lang='lat' dir='ltr'><strong>uno</strong></span> <span class='ocrx_word' id='word_1_828' title='bbox 891 5383 1163 5453; x_wconf 47' lang='lat' dir='ltr'><strong>abludit,</strong></span> <span class='ocrx_word' id='word_1_829' title='bbox 1194 5383 1347 5456; x_wconf 84' lang='lat' dir='ltr'><strong>quod</strong></span> <span class='ocrx_word' id='word_1_830' title='bbox 1379 5385 1556 5456; x_wconf 87' lang='lat' dir='ltr'><strong>habet</strong></span> <span class='ocrx_word' id='word_1_831' title='bbox 1586 5383 2096 5456; x_wconf 85' lang='lat' dir='ltr'><strong>minorinumero.</strong></span> 
     </span>
    </p>
   </div>
   <div class='ocr_carea' id='block_1_103' title="bbox 451 5455 2098 5582">
    <p class='ocr_par' dir='ltr' id='par_1_103' title="bbox 451 5455 2098 5582">
     <span class='ocr_line' id='line_1_103' title="bbox 451 5455 2098 5582; baseline 0.002 -73"><span class='ocrx_word' id='word_1_832' title='bbox 451 5456 761 5582; x_wconf 51' lang='lat' dir='ltr'><strong>glangerel.</strong></span> <span class='ocrx_word' id='word_1_833' title='bbox 795 5461 926 5513; x_wconf 88' lang='lat' dir='ltr'><strong>Mox</strong></span> <span class='ocrx_word' id='word_1_834' title='bbox 957 5457 1112 5512; x_wconf 92' lang='lat' dir='ltr'><strong>idem</strong></span> <span class='ocrx_word' id='word_1_835' title='bbox 1167 5455 1278 5512; x_wconf 86' lang='lat' dir='ltr'><strong>ms.</strong></span> <span class='ocrx_word' id='word_1_836' title='bbox 1339 5455 1519 5512; x_wconf 90' lang='lat' dir='ltr'><strong>semel</strong></span> <span class='ocrx_word' id='word_1_837' title='bbox 1570 5456 1744 5511; x_wconf 87' lang='lat' dir='ltr'><strong>habet</strong></span> <span class='ocrx_word' id='word_1_838' title='bbox 1799 5455 2098 5529; x_wconf 78' lang='lat' dir='ltr'><strong>heujuxta</strong></span> 
     </span>
     <span class='ocr_line' id='line_1_104' title="bbox 505 5527 820 5582; baseline 0.003 -1"><span class='ocrx_word' id='word_1_839' title='bbox 505 5527 820 5582; x_wconf 81' lang='lat' dir='ltr'><strong>ebraicum.</strong></span> 
     </span>
    </p>
   </div>
   <div class='ocr_carea' id='block_1_104' title="bbox 505 5541 820 5582">
    <p class='ocr_par' dir='ltr' id='par_1_104' title="bbox 505 5541 820 5582">
     <span class='ocr_line' id='line_1_105' title="bbox 505 5541 820 5582; baseline 0.003 -1"><span class='ocrx_word' id='word_1_840' title='bbox 505 5541 820 5582; x_wconf 81' lang='lat' dir='ltr'><strong>enraicum.</strong></span> 
     </span>
    </p>
   </div>
   <div class='ocr_carea' id='block_1_105' title="bbox 522 5597 2090 5671">
    <p class='ocr_par' dir='ltr' id='par_1_105' title="bbox 522 5597 2090 5671">
     <span class='ocr_line' id='line_1_106' title="bbox 522 5597 2090 5671; baseline 0.002 -18"><span class='ocrx_word' id='word_1_841' title='bbox 522 5598 544 5631; x_wconf 83' lang='grc'>¹</span> <span class='ocrx_word' id='word_1_842' title='bbox 573 5599 751 5671; x_wconf 77' lang='lat' dir='ltr'><strong>Tacet</strong></span> <span class='ocrx_word' id='word_1_843' title='bbox 779 5599 933 5654; x_wconf 91' lang='lat' dir='ltr'><strong>idem</strong></span> <span class='ocrx_word' id='word_1_844' title='bbox 966 5614 1075 5654; x_wconf 90' lang='lat' dir='ltr'><strong>ms.</strong></span> <span class='ocrx_word' id='word_1_845' title='bbox 1106 5614 1247 5671; x_wconf 74' lang='lat' dir='ltr'><strong>ecce,</strong></span> <span class='ocrx_word' id='word_1_846' title='bbox 1280 5599 1437 5671; x_wconf 85' lang='lat' dir='ltr'><strong>quod</strong></span> <span class='ocrx_word' id='word_1_847' title='bbox 1469 5597 1652 5654; x_wconf 62' lang='grc' dir='ltr'><strong>ϐπεωοί</strong></span> <span class='ocrx_word' id='word_1_848' title='bbox 1699 5602 1927 5656; x_wconf 87' lang='lat' dir='ltr'><strong>tantum</strong></span> <span class='ocrx_word' id='word_1_849' title='bbox 1977 5601 2090 5656; x_wconf 87' lang='lat' dir='ltr'><strong>ali-</strong></span> 
     </span>
    </p>
   </div>
   <div class='ocr_carea' id='block_1_106' title="bbox 455 5668 1897 5743">
    <p class='ocr_par' dir='ltr' id='par_1_106' title="bbox 455 5668 1897 5743">
     <span class='ocr_line' id='line_1_107' title="bbox 455 5668 1897 5743; baseline 0.006 -23"><span class='ocrx_word' id='word_1_850' title='bbox 455 5671 598 5736; x_wconf 91' lang='lat' dir='ltr'><strong>quot</strong></span> <span class='ocrx_word' id='word_1_851' title='bbox 621 5668 756 5724; x_wconf 92' lang='lat' dir='ltr'><strong>libri</strong></span> <span class='ocrx_word' id='word_1_852' title='bbox 788 5675 965 5742; x_wconf 87' lang='lat' dir='ltr'><strong>atque</strong></span> <span class='ocrx_word' id='word_1_853' title='bbox 995 5669 1240 5727; x_wconf 81' lang='lat' dir='ltr'><strong>Arabica</strong></span> <span class='ocrx_word' id='word_1_854' title='bbox 1270 5668 1456 5727; x_wconf 39' lang='lat' dir='ltr'><strong>v‘ersio</strong></span> <span class='ocrx_word' id='word_1_855' title='bbox 1488 5671 1897 5743; x_wconf 80' lang='lat' dir='ltr'><strong>praetermittit.</strong></span> 
     </span>
    </p>
   </div>
   <div class='ocr_carea' id='block_1_107' title="bbox 2230 4651 3830 4726">
    <p class='ocr_par' dir='ltr' id='par_1_107' title="bbox 2230 4651 3830 4726">
     <span class='ocr_line' id='line_1_108' title="bbox 2230 4651 3830 4726; baseline -0.003 -20"><span class='ocrx_word' id='word_1_856' title='bbox 2230 4651 2420 4706; x_wconf 78' lang='lat' dir='ltr'><strong>Israel.</strong></span> <span class='ocrx_word' id='word_1_857' title='bbox 2436 4652 2652 4709; x_wconf 89' lang='lat' dir='ltr'><strong>Nomen</strong></span> <span class='ocrx_word' id='word_1_858' title='bbox 2673 4657 2869 4707; x_wconf 88' lang='lat' dir='ltr'><strong>autem</strong></span> <span class='ocrx_word' id='word_1_859' title='bbox 2903 4655 3109 4710; x_wconf 89' lang='lat' dir='ltr'><strong>matris</strong></span> <span class='ocrx_word' id='word_1_860' title='bbox 3132 4658 3260 4726; x_wconf 91' lang='lat' dir='ltr'><strong>ejus</strong></span> <span class='ocrx_word' id='word_1_861' title='bbox 3285 4652 3830 4715; x_wconf 82' lang='lat' dir='ltr'><strong>NaamaAmmanitis</strong></span> 
     </span>
    </p>
   </div>
   <div class='ocr_carea' id='block_1_108' title="bbox 2225 4740 3828 4810">
    <p class='ocr_par' dir='ltr' id='par_1_108' title="bbox 2225 4740 3828 4810">
     <span class='ocr_line' id='line_1_109' title="bbox 2225 4740 3828 4810; baseline 0.002 -16"><span class='ocrx_word' id='word_1_862' title='bbox 2225 4741 2347 4810; x_wconf 74' lang='lat' dir='ltr'><strong>(ms.</strong></span> <span class='ocrx_word' id='word_1_863' title='bbox 2381 4740 2828 4808; x_wconf 86' lang='lat' dir='ltr'><strong>Ammanithes).</strong></span> <span class='ocrx_word' id='word_1_864' title='bbox 2866 4741 2931 4795; x_wconf 85' lang='lat' dir='ltr'><strong>Et</strong></span> <span class='ocrx_word' id='word_1_865' title='bbox 2979 4743 3114 4797; x_wconf 82' lang='lat' dir='ltr'><strong>fecit</strong></span> <span class='ocrx_word' id='word_1_866' title='bbox 3159 4745 3351 4802; x_wconf 89' lang='lat' dir='ltr'><strong>Judas</strong></span> <span class='ocrx_word' id='word_1_867' title='bbox 3407 4748 3626 4803; x_wconf 88' lang='lat' dir='ltr'><strong>malum</strong></span> <span class='ocrx_word' id='word_1_868' title='bbox 3671 4754 3828 4799; x_wconf 79' lang='lat' dir='ltr'><strong>coram</strong></span> 
     </span>
    </p>
   </div>
   <div class='ocr_carea' id='block_1_109' title="bbox 2230 4828 3822 4901">
    <p class='ocr_par' dir='ltr' id='par_1_109' title="bbox 2230 4828 3822 4901">
     <span class='ocr_line' id='line_1_110' title="bbox 2230 4828 3822 4901; baseline -0.001 -18"><span class='ocrx_word' id='word_1_869' title='bbox 2230 4831 2470 4884; x_wconf 89' lang='lat' dir='ltr'><strong>Domino</strong></span> <span class='ocrx_word' id='word_1_870' title='bbox 2500 4829 2582 4901; x_wconf 88' lang='lat' dir='ltr'><strong>(h.</strong></span> <span class='ocrx_word' id='word_1_871' title='bbox 2616 4829 2675 4884; x_wconf 93' lang='lat' dir='ltr'><strong>in</strong></span> <span class='ocrx_word' id='word_1_872' title='bbox 2709 4828 2894 4885; x_wconf 89' lang='lat' dir='ltr'><strong>oculis</strong></span> <span class='ocrx_word' id='word_1_873' title='bbox 2923 4831 3203 4901; x_wconf 91' lang='lat' dir='ltr'><strong>Domini),</strong></span> <span class='ocrx_word' id='word_1_874' title='bbox 3237 4840 3295 4890; x_wconf 91' lang='lat' dir='ltr'><strong>et</strong></span> <span class='ocrx_word' id='word_1_875' title='bbox 3317 4837 3694 4892; x_wconf 87' lang='lat' dir='ltr'><strong>irritaverunt</strong></span> <span class='ocrx_word' id='word_1_876' title='bbox 3718 4844 3822 4886; x_wconf 88' lang='lat' dir='ltr'><strong>eum</strong></span> 
     </span>
    </p>
   </div>
   <div class='ocr_carea' id='block_1_110' title="bbox 2221 4919 3826 4992">
    <p class='ocr_par' dir='ltr' id='par_1_110' title="bbox 2221 4919 3826 4992">
     <span class='ocr_line' id='line_1_111' title="bbox 2221 4919 3826 4992; baseline 0.001 -19"><span class='ocrx_word' id='word_1_877' title='bbox 2221 4934 2399 4990; x_wconf 90' lang='lat' dir='ltr'><strong>super</strong></span> <span class='ocrx_word' id='word_1_878' title='bbox 2425 4919 2724 4990; x_wconf 90' lang='lat' dir='ltr'><strong>omnibus,</strong></span> <span class='ocrx_word' id='word_1_879' title='bbox 2771 4935 2902 4990; x_wconf 85' lang='lat' dir='ltr'><strong>quae</strong></span> <span class='ocrx_word' id='word_1_880' title='bbox 2948 4929 3363 4992; x_wconf 89' lang='lat' dir='ltr'><strong>peccaverunt.</strong></span> <span class='ocrx_word' id='word_1_881' title='bbox 3418 4921 3826 4981; x_wconf 63' lang='lat' dir='ltr'><strong>zEdificavcrunt</strong></span> 
     </span>
    </p>
   </div>
   <div class='ocr_carea' id='block_1_111' title="bbox 2217 5006 3828 5082">
    <p class='ocr_par' dir='ltr' id='par_1_111' title="bbox 2217 5006 3828 5082">
     <span class='ocr_line' id='line_1_112' title="bbox 2217 5006 3828 5082; baseline 0.002 -20"><span class='ocrx_word' id='word_1_882' title='bbox 2217 5006 2374 5062; x_wconf 91' lang='lat' dir='ltr'><strong>enim</strong></span> <span class='ocrx_word' id='word_1_883' title='bbox 2408 5013 2465 5063; x_wconf 89' lang='lat' dir='ltr'><strong>et</strong></span> <span class='ocrx_word' id='word_1_884' title='bbox 2490 5008 2602 5080; x_wconf 91' lang='lat' dir='ltr'><strong>ipsi</strong></span> <span class='ocrx_word' id='word_1_885' title='bbox 2628 5009 2742 5065; x_wconf 91' lang='lat' dir='ltr'><strong>sibi</strong></span> <span class='ocrx_word' id='word_1_886' title='bbox 2769 5027 2922 5079; x_wconf 89' lang='lat' dir='ltr'><strong>aras,</strong></span> <span class='ocrx_word' id='word_1_887' title='bbox 2956 5020 3012 5068; x_wconf 86' lang='lat' dir='ltr'><strong>et</strong></span> <span class='ocrx_word' id='word_1_888' title='bbox 3050 5015 3304 5082; x_wconf 89' lang='lat' dir='ltr'><strong>statuas,</strong></span> <span class='ocrx_word' id='word_1_889' title='bbox 3346 5022 3408 5071; x_wconf 87' lang='lat' dir='ltr'><strong>et</strong></span> <span class='ocrx_word' id='word_1_890' title='bbox 3439 5014 3601 5070; x_wconf 90' lang='lat' dir='ltr'><strong>lucos</strong></span> <span class='ocrx_word' id='word_1_891' title='bbox 3647 5013 3720 5082; x_wconf 88' lang='lat' dir='ltr'><strong>(h.</strong></span> <span class='ocrx_word' id='word_1_892' title='bbox 3755 5022 3828 5062; x_wconf 76' lang='lat' dir='ltr'><strong>ex-</strong></span> 
     </span>
    </p>
   </div>
   <div class='ocr_carea' id='block_1_112' title="bbox 2283 5240 3830 5316">
    <p class='ocr_par' dir='ltr' id='par_1_112' title="bbox 2283 5240 3830 5316">
     <span class='ocr_line' id='line_1_113' title="bbox 2283 5240 3830 5316; baseline -0.003 -20"><span class='ocrx_word' id='word_1_893' title='bbox 2283 5240 2305 5274; x_wconf 80' lang='grc'>⁸</span> <span class='ocrx_word' id='word_1_894' title='bbox 2331 5240 2506 5296; x_wconf 85' lang='lat' dir='ltr'><strong>Juxta</strong></span> <span class='ocrx_word' id='word_1_895' title='bbox 2535 5241 2840 5316; x_wconf 70' lang='lat' dir='ltr'><strong>Hebraeum</strong></span> <span class='ocrx_word' id='word_1_896' title='bbox 2873 5242 3131 5316; x_wconf 90' lang='lat' dir='ltr'><strong>plurium</strong></span> <span class='ocrx_word' id='word_1_897' title='bbox 3151 5260 3400 5301; x_wconf 88' lang='lat' dir='ltr'><strong>numero</strong></span> <span class='ocrx_word' id='word_1_898' title='bbox 3416 5246 3717 5302; x_wconf 83' lang='lat' dir='ltr'><strong>Veronens.</strong></span> <span class='ocrx_word' id='word_1_899' title='bbox 3741 5251 3830 5292; x_wconf 82' lang='lat' dir='ltr'><strong>ms.</strong></span> 
     </span>
    </p>
   </div>
   <div class='ocr_carea' id='block_1_113' title="bbox 2207 5311 2890 5383">
    <p class='ocr_par' dir='ltr' id='par_1_113' title="bbox 2207 5311 2890 5383">
     <span class='ocr_line' id='line_1_114' title="bbox 2207 5311 2890 5383; baseline 0.009 -18"><span class='ocrx_word' id='word_1_900' title='bbox 2207 5311 2488 5382; x_wconf 73' lang='lat' dir='ltr'><strong>plangant,</strong></span> <span class='ocrx_word' id='word_1_901' title='bbox 2523 5319 2579 5368; x_wconf 91' lang='lat' dir='ltr'><strong>et</strong></span> <span class='ocrx_word' id='word_1_902' title='bbox 2605 5311 2890 5383; x_wconf 57' lang='lat' dir='ltr'><strong>sepelierit:</strong></span> 
     </span>
    </p>
   </div>
   <div class='ocr_carea' id='block_1_114' title="bbox 2280 5376 3834 5443">
    <p class='ocr_par' dir='ltr' id='par_1_114' title="bbox 2280 5376 3834 5443">
     <span class='ocr_line' id='line_1_115' title="bbox 2280 5376 3834 5443; baseline 0.001 -7"><span class='ocrx_word' id='word_1_903' title='bbox 2280 5385 2301 5416; x_wconf 78' lang='grc'><strong>⁸</strong></span> <span class='ocrx_word' id='word_1_904' title='bbox 2334 5376 2491 5439; x_wconf 76' lang='lat' dir='ltr'><strong>Idem</strong></span> <span class='ocrx_word' id='word_1_905' title='bbox 2526 5400 2635 5439; x_wconf 87' lang='lat' dir='ltr'><strong>ms.</strong></span> <span class='ocrx_word' id='word_1_906' title='bbox 2661 5376 2930 5440; x_wconf 63' lang='lat' dir='ltr'><strong>Inventus</strong></span> <span class='ocrx_word' id='word_1_907' title='bbox 2981 5394 3064 5442; x_wconf 76' lang='lat' dir='ltr'><strong>est</strong></span> <span class='ocrx_word' id='word_1_908' title='bbox 3091 5403 3260 5443; x_wconf 73' lang='lat' dir='ltr'><strong>super</strong></span> <span class='ocrx_word' id='word_1_909' title='bbox 3289 5403 3354 5442; x_wconf 84' lang='lat' dir='ltr'><strong>eo</strong></span> <span class='ocrx_word' id='word_1_910' title='bbox 3393 5401 3577 5443; x_wconf 76' lang='lat' dir='ltr'><strong>sermo</strong></span> <span class='ocrx_word' id='word_1_911' title='bbox 3604 5386 3756 5441; x_wconf 75' lang='lat' dir='ltr'><strong>bona:</strong></span> <span class='ocrx_word' id='word_1_912' title='bbox 3781 5376 3834 5432; x_wconf 79' lang='lat' dir='ltr'><strong>ad</strong></span> 
     </span>
    </p>
   </div>
   <div class='ocr_carea' id='block_1_115' title="bbox 2208 5405 3833 5536">
    <p class='ocr_par' dir='ltr' id='par_1_115' title="bbox 2208 5405 3833 5536">
     <span class='ocr_line' id='line_1_116' title="bbox 2280 5405 3833 5443; baseline 0.003 -6"><span class='ocrx_word' id='word_1_913' title='bbox 2280 5405 2301 5416; x_wconf 69' lang='grc' dir='ltr'><strong>ν</strong></span> <span class='ocrx_word' id='word_1_914' title='bbox 2334 5405 2491 5439; x_wconf 79' lang='grc' dir='ltr'><strong>ιαθω</strong></span> <span class='ocrx_word' id='word_1_915' title='bbox 2526 5405 2635 5439; x_wconf 86' lang='lat' dir='ltr'><strong>ms.</strong></span> <span class='ocrx_word' id='word_1_916' title='bbox 2673 5405 2930 5440; x_wconf 70' lang='lat' dir='ltr'><strong>inventus</strong></span> <span class='ocrx_word' id='word_1_917' title='bbox 2981 5405 3064 5442; x_wconf 68' lang='lat' dir='ltr'><strong>est</strong></span> <span class='ocrx_word' id='word_1_918' title='bbox 3091 5405 3158 5442; x_wconf 72' lang='lat' dir='ltr'><strong>su</strong></span> <span class='ocrx_word' id='word_1_919' title='bbox 3197 5405 3260 5442; x_wconf 83' lang='lat' dir='ltr'><strong>er</strong></span> <span class='ocrx_word' id='word_1_920' title='bbox 3289 5405 3354 5442; x_wconf 82' lang='lat' dir='ltr'><strong>eo</strong></span> <span class='ocrx_word' id='word_1_921' title='bbox 3393 5405 3577 5443; x_wconf 76' lang='lat' dir='ltr'><strong>sermo</strong></span> <span class='ocrx_word' id='word_1_922' title='bbox 3604 5405 3756 5441; x_wconf 72' lang='lat' dir='ltr'><strong>vanus</strong></span> <span class='ocrx_word' id='word_1_923' title='bbox 3781 5405 3833 5432; x_wconf 77' lang='grc' dir='ltr'>αα</span> 
     </span>
     <span class='ocr_line' id='line_1_117' title="bbox 2208 5405 3833 5536; baseline 0.001 -28"><span class='ocrx_word' id='word_1_924' title='bbox 2208 5455 2508 5536; x_wconf 70' lang='lat' dir='ltr'><strong>Dominum</strong></span> <span class='ocrx_word' id='word_1_925' title='bbox 2538 5457 2705 5512; x_wconf 86' lang='lat' dir='ltr'><strong>Deum</strong></span> <span class='ocrx_word' id='word_1_926' title='bbox 2747 5459 2798 5512; x_wconf 74' lang='lat' dir='ltr'><strong>Is</strong></span> <span class='ocrx_word' id='word_1_927' title='bbox 2821 5457 2970 5523; x_wconf 83' lang='lat' dir='ltr'><strong>rael,</strong></span> <span class='ocrx_word' id='word_1_928' title='bbox 3031 5459 3103 5514; x_wconf 91' lang='lat' dir='ltr'><strong>ad</strong></span> <span class='ocrx_word' id='word_1_929' title='bbox 3155 5405 3381 5514; x_wconf 59' lang='grc' dir='ltr'><strong>ἔοι)τωὶ</strong></span> <span class='ocrx_word' id='word_1_930' title='bbox 3416 5463 3715 5516; x_wconf 86' lang='lat' dir='ltr'><strong>contextus</strong></span> <span class='ocrx_word' id='word_1_931' title='bbox 3756 5465 3833 5504; x_wconf 77' lang='lat' dir='ltr'><strong>ve-</strong></span> 
     </span>
    </p>
   </div>
   <div class='ocr_carea' id='block_1_116' title="bbox 2205 5531 3826 5672">
    <p class='ocr_par' dir='ltr' id='par_1_116' title="bbox 2205 5531 3826 5672">
     <span class='ocr_line' id='line_1_118' title="bbox 2205 5531 3826 5672; baseline 0 -21"><span class='ocrx_word' id='word_1_932' title='bbox 2205 5531 2532 5672; x_wconf 26' lang='lat' dir='ltr'><strong>sfl‘glt’lerius</strong></span> <span class='ocrx_word' id='word_1_933' title='bbox 2563 5597 2623 5653; x_wconf 93' lang='lat' dir='ltr'><strong>in</strong></span> <span class='ocrx_word' id='word_1_934' title='bbox 2659 5599 2861 5672; x_wconf 82' lang='lat' dir='ltr'><strong>futuro</strong></span> <span class='ocrx_word' id='word_1_935' title='bbox 2901 5598 3039 5672; x_wconf 90' lang='lat' dir='ltr'><strong>legit</strong></span> <span class='ocrx_word' id='word_1_936' title='bbox 3067 5598 3528 5672; x_wconf 87' lang='lat' dir='ltr'><strong>ms.Veronens.</strong></span> <span class='ocrx_word' id='word_1_937' title='bbox 3553 5600 3714 5657; x_wconf 82' lang='lat' dir='ltr'><strong>Juxta</strong></span> <span class='ocrx_word' id='word_1_938' title='bbox 3733 5590 3826 5650; x_wconf 88' lang='lat' dir='ltr'><strong>ori-</strong></span> 
     </span>
    </p>
   </div>
   <div class='ocr_carea' id='block_1_117' title="bbox 2201 5669 3331 5743">
    <p class='ocr_par' dir='ltr' id='par_1_117' title="bbox 2201 5669 3331 5743">
     <span class='ocr_line' id='line_1_119' title="bbox 2201 5669 3331 5743; baseline 0.002 -17"><span class='ocrx_word' id='word_1_939' title='bbox 2201 5669 2428 5742; x_wconf 87' lang='lat' dir='ltr'><strong>ginales</strong></span> <span class='ocrx_word' id='word_1_940' title='bbox 2459 5674 2656 5728; x_wconf 89' lang='lat' dir='ltr'><strong>textus</strong></span> <span class='ocrx_word' id='word_1_941' title='bbox 2687 5678 2744 5728; x_wconf 90' lang='lat' dir='ltr'><strong>et</strong></span> <span class='ocrx_word' id='word_1_942' title='bbox 2769 5669 3040 5743; x_wconf 74' lang='lat' dir='ltr'><strong>Vulgafos</strong></span> <span class='ocrx_word' id='word_1_943' title='bbox 3070 5671 3331 5731; x_wconf 85' lang='lat' dir='ltr'><strong>Latinos.</strong></span> 
     </span>
    </p>
   </div>
  </div>
