3938 6174
213 358 305 415 757

1528 354 1744 412 LIBER
1780 359 1806 411 Ῑ
1842 354 2252 412 MALACHIM.

3487 357 3596 416 758

212 485 364 555 celsa,
401 488 455 540 et
482 481 725 554 titulos),
758 499 938 556 super
968 497 1203 538 omnem
1252 481 1459 538 collem
1509 482 1828 546 excelsum,
1858 486 1907 550 Α
1941 486 1998 537 et
2027 482 2271 539 abstulit
2304 485 2669 541 effeminatos
2712 486 2784 541 de
2826 488 2981 542 terra
3032 487 3423 561 purgavitque
3463 491 3596 547 uni-

215 580 264 633 et
288 575 473 631 subter
506 589 733 629 omnem
759 572 1027 629 arborem
1059 572 1420 640 frondosam;
1456 572 1555 628 sed
1590 575 1647 627 et
1691 571 1830 627 eﬁe-

221 662 399 719 minati
429 663 505 730 (h.
535 662 926 733 effeminatus)
956 662 1194 717 fuerunt
1222 662 1281 716 in
1315 666 1489 731 terra,
1543 662 1831 717 fecerunt-

1940 589 2148 630 versas
2180 575 2383 631 sordes
2410 575 2698 632 idolorum
2729 576 2812 647 (h.
2841 593 2956 631 non
2999 577 3212 643 habet),
3265 596 3391 651 quae
3440 580 3595 635 fece-

1940 668 2078 718 rant
2109 668 2300 734 patres
2323 665 2470 735 ejus.
2498 667 2744 737 Insuper
2763 670 2821 721 et
2840 667 3137 723 Maacham
3154 672 3397 723 matrem
3420 686 3590 726 suam

216 770 310 825 que
340 768 533 808 omnes
563 751 1033 808 abominationes
1075 751 1363 823 gentium,
1415 767 1563 823 quas
1612 751 1833 806 attrivit
1940 753 2177 816 amovit,
2210 768 2283 807 ne
2310 757 2465 808 esset
2510 754 2780 826 princeps
2832 754 2889 808 in
2944 756 3128 811 sacris
3173 757 3389 829 Priapi,
3441 760 3585 814 etin

212 840 465 898 Dominus
498 844 629 896 ante
660 840 868 895 faciem
904 840 1162 895 ﬁliorum
1198 840 1395 897 Israel.
1446 840 1534 900 (T.
1570 840 1738 908 LIX.)
1771 839 1829 893 in

215 930 394 1002 quinto
424 935 615 985 autem
641 946 796 984 anno
830 930 995 1002 regni
1037 929 1303 985 Rohoam
1351 929 1617 984 ascendit
1657 927 1829 985 Sesac

212 1036 295 1075 rex
322 1019 535 1091 Egypti
556 1019 614 1073 in
645 1018 995 1089 Jerusalem,
1030 1023 1088 1074 et
1117 1017 1255 1073 tulit
1275 1017 1586 1073 thesauros
1615 1018 1828 1073 domus

214 1108 431 1173 Domini,
464 1112 520 1163 et
547 1107 861 1163 thesauros
894 1108 1105 1177 regios,
1137 1112 1195 1161 et
1242 1108 1515 1162 universa
1562 1106 1825 1178 diripuit,

206 1203 348 1252 scuta
376 1212 602 1269 quoque
649 1213 848 1263 aurea,
898 1213 1027 1268 qua
1081 1196 1303 1252 fecerat
1353 1196 1667 1263 Salomon;
1721 1211 1824 1268 pro

204 1286 392 1358 quibus
421 1285 554 1341 fecit
584 1285 840 1341 Roboam
877 1302 977 1341 rex
1007 1290 1171 1341 scuta
1203 1302 1370 1355 aerea,
1404 1295 1462 1340 et
1490 1285 1731 1340 tradidit
1760 1301 1826 1341 ea

203 1375 249 1430 in
280 1391 440 1431 manu
472 1376 691 1431 ducum
710 1374 1133 1443 scutariorum,
1150 1378 1207 1430 et
1228 1390 1431 1430 eorum
1456 1374 1556 1445 qui
1577 1374 1823 1430 excuba-

204 1465 462 1519 bantante
488 1464 708 1519 ostium
732 1464 947 1520 domus
960 1464 1823 1536 regis.Cumqueingrederetur

204 1568 285 1607 rex
307 1552 359 1606 in
384 1552 625 1608 domum
670 1552 928 1618 Domini,
952 1553 1261 1625 portabant
1290 1569 1355 1608 ea
1397 1554 1495 1624 qui
1527 1541 1823 1623 praeeundi

196 1640 457 1698 habebant
485 1642 774 1709 ofﬁcium,
805 1646 863 1698 et
894 1648 1098 1714 postea
1127 1642 1511 1714 reportabant
1526 1642 1596 1697 ad
1624 1658 1817 1696 arma-

198 1730 518 1786 mentarium
551 1731 971 1787 scutariorum.
1001 1731 1241 1803 Reliqua
1260 1737 1455 1787 autem
1479 1747 1816 1787 sermonum

197 1821 443 1891 Roboam,
474 1826 531 1877 et
563 1820 837 1877 omnium
872 1838 999 1892 quae
1033 1821 1187 1891 fecit,
1236 1837 1368 1876 ecce
1418 1821 1631 1892 scripta
1677 1824 1818 1875 sunt

193 1908 263 1976 (h.
293 1926 469 1965 nonne
499 1910 729 1982 scripta
765 1915 923 1980 sunt)
957 1910 1015 1966 in
1062 1910 1214 1966 libro
1262 1909 1587 1966 Verborum
1638 1909 1816 1980 (Vulg-

197 2000 523 2069 sermonum)
575 1999 813 2054 dierum
864 2014 1071 2071 regum
1102 1997 1272 2054 Juda.
1309 2000 1548 2069 Fuitque
1588 1998 1806 2054 bellum

192 2085 318 2141 inter
345 2086 594 2143 Roboam
631 2093 689 2144 et
718 2088 1030 2144 Jeroboam
1064 2088 1289 2144 conctis
1320 2088 1549 2144 diebus.
1585 2087 1809 2143 Dormi-

191 2175 354 2247 vitque
376 2178 637 2235 Roboam
666 2195 798 2234 cum
835 2178 1104 2250 patribus
1137 2179 1283 2247 suis,
1316 2183 1376 2234 et
1405 2178 1672 2251 sepultus
1720 2182 1810 2234 est

188 2281 295 2320 cum
323 2267 400 2322 eis
428 2266 484 2321 in
523 2267 767 2322 civitate
800 2267 1004 2323 David:
1037 2268 1130 2338 (T.
1168 2268 1307 2339 LX.)
1350 2283 1560 2323 nomen
1611 2273 1806 2323 autem

194 2355 365 2411 matris
393 2358 518 2427 ejus
544 2356 775 2413 Naama
804 2356 1181 2426 Ammanitis,
1238 2361 1294 2412 et
1351 2357 1610 2427 regnavit
1665 2357 1810 2413 Abia

189 2444 252 2511 (h.
276 2445 493 2517 Abiam}
524 2445 692 2501 ﬁlius
722 2446 853 2515 ejus
883 2462 988 2517 pro
1021 2461 1087 2501 eo

246 2532 376 2605 (Cap.
410 2534 560 2604 XV.)
600 2535 787 2606 Igitur
818 2535 875 2589 in
908 2538 1107 2590 octavo
1160 2535 1387 2590 decimo
1436 2552 1590 2589 anno
1644 2535 1805 2607 regni

183 2621 455 2679 Jeroboam
488 2622 599 2677 ﬁlii
633 2623 843 2693 Nahat,
876 2622 1142 2694 regnavit
1165 2622 1375 2678 Abiam
1400 2640 1577 2694 super
1595 2624 1805 2679 Judam

187 2710 367 2768 Tribus
396 2713 565 2768 annis
605 2713 868 2784 regnavit
900 2712 956 2767 in
1007 2712 1377 2768 Jerusalem:
1430 2728 1641 2768 nomen
1689 2729 1809 2769 ma-

184 2800 271 2854 tris
295 2802 413 2871 ejus
444 2801 691 2857 Maacha
724 2800 845 2856 filia
875 2800 1154 2857 Absalom
1188 2803 1203 2835 ¹
1239 2800 1322 2871 (h.
1362 2800 1453 2856 hic
1483 2801 1644 2857 habet
1670 2802 1806 2856 Abi-

185 2887 382 2959 salom).
413 2889 870 2961 Ambulavitque
901 2890 960 2944 in
989 2890 1268 2946 omnibus
1314 2893 1568 2961 peccatis
1621 2890 1807 2962 patris

185 2978 275 3046 sui,
299 2996 415 3050 quae
446 2981 669 3037 fecerat
701 2984 836 3035 ante
866 2994 1023 3046 eum,
1059 2996 1165 3035 nec
1194 2985 1319 3034 erat
1349 2996 1450 3034 cor
1494 2980 1623 3049 ejus
1677 2995 1805 3050 per-

183 3067 365 3123 fectum
396 3085 525 3123 cum
558 3068 815 3124 Domino
846 3075 960 3124 Deo
993 3086 1120 3136 suo,
1146 3069 1301 3124 sicut
1333 3085 1432 3123 cor
1466 3067 1639 3123 David
1701 3085 1805 3139 pa-

181 3156 269 3211 tris
295 3157 431 3227 ejus.
456 3158 563 3213 Sed
608 3162 844 3228 propter
873 3157 1050 3213 David
1084 3158 1249 3213 dedit
1268 3157 1319 3212 ei
1344 3158 1626 3213 Dominus
1651 3156 1805 3212 Deus

1937 840 2063 896 loco
2095 842 2243 912 eius,
2275 858 2440 912 quem
2462 845 3326 917 consecraverat,subvertitque
3345 863 3586 918 specum

1939 931 2091 1002 ejus,
2114 935 2171 985 et
2192 931 2474 1005 confregit
2497 932 2877 988 simulacrum
2903 934 3337 1006 turpissimum.
3355 941 3412 991 et
3425 953 3586 992 com-

1937 1019 2132 1075 bussit
2162 1020 2219 1074 in
2254 1024 2510 1076 torrente
2538 1023 2785 1077 Cedron:
2817 1023 3045 1078 excelsa
3075 1027 3271 1079 autem
3302 1042 3419 1081 non
3453 1027 3585 1082 abs-

1942 1108 2101 1165 tulit.
2138 1109 2550 1165 Verumtamen
2603 1127 2703 1166 cor
2750 1113 2858 1166 Asa
2905 1111 3226 1183 perfectum
3275 1119 3400 1169 erat
3448 1131 3583 1171 eum

1937 1198 2059 1268 (ms.
2095 1198 2313 1271 coram)
2348 1199 2595 1255 Domino
2624 1199 2853 1255 cunctis
2875 1199 3107 1255 diebius
3129 1201 3276 1264 suis,
3307 1201 3585 1258 etintulit

1934 1303 2021 1351 ea,
2056 1303 2183 1359 quae
2217 1288 2684 1343 sanctiﬁcaverat
2727 1292 2893 1361 pater
2937 1306 3082 1345 suus
3121 1293 3179 1344 et
3223 1296 3475 1357 voverat,
3521 1291 3580 1347 in

1934 1376 2174 1431 domum
2210 1376 2460 1444 Domini,
2507 1381 2812 1447 argentum
2847 1381 2903 1432 et
2929 1393 3158 1446 aurum,
3192 1382 3249 1433 et
3268 1396 3425 1435 vasa.
3451 1380 3582 1435 Bel-

1932 1463 2054 1521 lum
2087 1470 2283 1521 autem
2317 1470 2445 1520 erat
2475 1466 2630 1521 inter
2678 1471 2795 1522 Asa
2834 1471 2890 1522 et
2940 1468 3126 1523 Bassa
3148 1483 3341 1539 regem
3376 1469 3576 1525 Israel.

1930 1555 2161 1609 cunctis
2193 1555 2401 1609 diebus
2433 1571 2661 1614 eorum.
2696 1557 2971 1611 Ascendit
2999 1573 3233 1629 quoque
3262 1559 3447 1613 Baasa
3478 1575 3577 1615 rex

1932 1643 2112 1698 Israel
2146 1644 2203 1697 in
2236 1643 2476 1702 Judam.
2508 1648 2565 1699 et
2594 1644 2899 1701 aediﬁcavit
2930 1646 3133 1715 Rama,
3159 1650 3225 1701 ut
3246 1663 3361 1701 non
3379 1653 3577 1719 posset

1928 1732 2224 1803 quispiam
2260 1732 2456 1804 egredi
2489 1733 2576 1788 vel
2614 1734 2839 1805 ingredi
2873 1735 2944 1789 de
2972 1739 3133 1806 parte
3155 1740 3271 1791 Asa
3294 1737 3448 1808 regis
3469 1738 3573 1791 Ju-

1929 1822 2022 1876 da.
2055 1821 2138 1880 (T.
2176 1821 2393 1893 LXIII.)
2424 1821 2657 1877 Tollens
2687 1822 2884 1894 itaque
2913 1826 3027 1878 Asa
3056 1839 3229 1879 omne
3258 1830 3570 1897 argentum

1928 1915 1985 1966 et
2020 1927 2255 1978 aurum,
2290 1911 2444 1982 quod
2496 1916 2861 1967 remanserat
2907 1912 2966 1967 in
3015 1912 3307 1969 thesauris
3355 1916 3569 1971 domus

1919 1999 2176 2070 Domini,
2201 2004 2254 2054 et
2288 1999 2346 2054 in
2378 2000 2673 2056 thesauris
2712 2001 2924 2058 domus
2974 2002 3164 2075 regiae,
3214 2004 3375 2059 dedit
3416 2005 3563 2061 illud

1920 2089 1978 2143 in
2013 2104 2220 2144 manus
2252 2104 2558 2144 servorum
2609 2106 2876 2159 suorum,
2926 2097 2983 2145 et
3006 2092 3170 2147 misit
3193 2094 3263 2148 ad
3289 2093 3559 2151 Benadad

1920 2175 2108 2231 ﬁlium
2142 2176 2465 2231 Tahremon
2499 2176 2605 2231 ﬁlii
2637 2176 2837 2241 Ezion,
2870 2194 3064 2248 regem
3099 2179 3296 2251 Syriae,
3328 2182 3425 2251 qui
3461 2182 3564 2238 ha-

1918 2264 2142 2319 bitabat
2171 2265 2227 2321 in
2261 2265 2569 2321 Damasco.
2598 2266 2822 2321 dicens:
2856 2266 3066 2322 Foedus
3115 2273 3205 2322 est
3260 2270 3413 2324 inter
3470 2287 3564 2327 me

1917 2358 1974 2409 et
2003 2358 2080 2419 te,
2115 2358 2172 2409 et
2203 2355 2353 2409 inter
2383 2359 2607 2426 patrem
2642 2371 2839 2410 meum
2872 2362 2931 2411 et
2961 2361 3185 2427 patrem
3217 2362 3410 2413 tuum:
3433 2358 3564 2414 ideo

1917 2442 2051 2498 misi
2086 2444 2192 2498 tibi
2250 2460 2518 2511 munera,
2554 2449 2861 2515 argentum
2897 2450 2953 2499 et
2984 2463 3217 2511 aurum,
3241 2452 3299 2501 et
3325 2454 3476 2519 peto.
3501 2454 3567 2505 ut

1918 2534 2147 2599 venias,
2181 2533 2488 2588 etirritum
2526 2533 2703 2588 facias
2748 2535 2958 2601 foedus,
3010 2536 3165 2606 quod
3213 2537 3394 2592 habes
3425 2554 3559 2593 cum

1916 2627 2099 2677 Bassa
2132 2637 2266 2693 rege
2297 2622 2496 2691 Israel,
2539 2627 2595 2677 et
2643 2624 2865 2678 recedat
2918 2640 2952 2678 a
2997 2640 3112 2679 me.
3164 2626 3559 2696 Acquiescens

1916 2710 2187 2765 Benadad
2223 2710 2341 2781 regi
2375 2712 2508 2776 Asa,
2536 2710 2697 2765 misit
2731 2711 3025 2783 principes
3052 2714 3342 2770 exercitus
3374 2717 3465 2769 sui
3498 2718 3556 2770 in

1915 2799 2180 2854 civitates
2212 2798 2411 2867 Israel,
2443 2804 2500 2853 et
2521 2804 2941 2871 percusserunt
2970 2800 3179 2863 Ahion,
3210 2810 3267 2856 et
3298 2802 3444 2864 Dan.
3502 2810 3559 2859 et

1914 2886 2059 2944 Abel
2091 2888 2331 2942 domum
2362 2888 2624 2953 Maacha,
2654 2892 2709 2943 et
2740 2888 3072 2944 universam
3095 2890 3556 2963 Chenerotb(m:.

1914 2976 2240 3043 Ceneroth),
2277 2993 2511 3032 omnem
2545 2976 2769 3032 scilicet
2798 2982 3010 3032 terram
3042 2979 3368 3049 Nephthali.
3390 2982 3552 3045 Quod

1913 3082 2045 3121 cum
2081 3065 2344 3120 audisset
2376 3066 2578 3121 Bassa:
2632 3067 2947 3121 intermisit
3005 3066 3290 3122 aediﬁcare
3352 3068 3555 3139 Rama,

1912 3159 1969 3211 et
1999 3171 2269 3210 reversus
2300 3158 2392 3210 est
2422 3156 2481 3209 in
2512 3154 2747 3210 Thersa.
2780 3160 2895 3211 Rex
2918 3162 3113 3211 autem
3130 3158 3251 3212 Asa
3274 3158 3551 3214 nuntium

181 3259 299 3300 suus
327 3245 626 3303 lucernam
662 3246 720 3301 in
753 3246 1105 3311 Jerusalem,
1141 3251 1208 3301 ut
1252 3245 1563 3301 suscitaret
1605 3244 1793 3299 ﬁlium
1825 3238 1870 3302 C
1910 3244 2074 3300 misit
2104 3244 2161 3299 in
2186 3260 2416 3299 omnem
2450 3245 2666 3300 Judam
2694 3246 2739 3315 ³,
2773 3245 2995 3301 dicens:
3029 3245 3210 3301 Nemo
3259 3246 3338 3302 sit
3379 3264 3551 3303 excu-

178 3334 284 3403 ejus
312 3343 431 3405 post
452 3352 620 3401 eum,
653 3339 709 3391 et
740 3339 1026 3391 statueret
1056 3345 1181 3406 (ms.
1218 3334 1421 3406 staret)
1448 3334 1798 3401 Jerusalem,

178 3436 231 3475 eo
255 3424 394 3493 quod
428 3424 670 3479 fecisset
702 3423 878 3479 David
912 3428 1136 3480 rectum
1172 3424 1230 3479 in
1263 3422 1449 3479 oculis
1475 3422 1806 3489 Domini,et

187 3527 283 3565 non
311 3512 663 3569 declinasset
698 3513 769 3568 ab
800 3514 1100 3578 omnibus,
1150 3530 1278 3584 quis
1329 3518 1681 3584 praeceperat
1728 3511 1803 3580 ei,

176 3603 370 3659 cunctis
399 3603 621 3660 diebus
649 3604 778 3659 vitea
837 3621 979 3669 suae,
1040 3609 1277 3675 excepto
1333 3619 1600 3659 sermone
1656 3602 1803 3658 Uria:

182 3690 413 3747 lletthaai.
445 3695 724 3749 Attamen
758 3693 977 3749 bellum
1016 3693 1124 3748 fuit
1148 3694 1301 3749 inter
1332 3693 1585 3748 Boboam
1614 3696 1673 3747 et
1707 3692 1807 3747 Je-

180 3779 407 3853 roboam,
437 3782 608 3838 omni
638 3787 903 3855 tempore
933 3782 1016 3853 (h.
1067 3783 1346 3839 omnibus
1395 3781 1623 3849 diebus)
1672 3780 1805 3836 vitae

175 3868 296 3939 ejus.
329 3870 565 3943 Reliqua
602 3876 795 3927 autem
829 3887 1170 3928 sermonum
1192 3872 1360 3937 Abia,
1385 3875 1442 3927 et
1462 3869 1661 3925 omnia
1680 3886 1803 3941 quae

182 3956 316 4023 fecit,
348 3976 536 4016 nonne
565 3959 691 4015 hac
714 3959 933 4033 scripta
973 3964 1112 4016 sunt
1161 3960 1220 4014 in
1278 3958 1430 4015 libro
1478 3959 1802 4014 Verborum

177 4046 377 4104 dierum
414 4066 627 4122 regum
667 4049 851 4105 Juda.’
877 4049 1128 4120 Fuitque
1148 4048 1578 4121 praaliuminter
1596 4048 1804 4103 Abiam

177 4140 223 4190 et
243 4137 378 4194 inter
411 4146 539 4204 (ms.
574 4148 628 4195 et
666 4140 820 4209 Vulg.
874 4147 1061 4196 tacent
1108 4139 1279 4209 inter)
1327 4138 1662 4194 Jeroboam.
1715 4141 1801 4203 (T.

178 4221 311 4295 LXI.)
340 4226 406 4283 Et
434 4227 720 4284 dormivit
749 4228 898 4283 Abia
926 4244 1061 4283 cum
1095 4227 1359 4299 patribus
1389 4226 1536 4297 suis,
1569 4231 1627 4283 et
1650 4243 1805 4298 sepe-

179 4311 371 4371 lierunt
397 4332 533 4373 eum
595 4318 655 4371 in
718 4318 947 4372 civitate
999 4316 1202 4372 David:
1259 4318 1637 4387 regnavitque
1691 4319 1807 4371 Asa

186 4400 322 4460 ﬁlius
350 4406 475 4477 ejus
507 4422 614 4479 pro
645 4422 733 4462 eo.
764 4407 827 4461 In
858 4421 1012 4461 anno
1043 4421 1180 4478 ergo
1195 4404 1475 4461 vicesimo
1494 4406 1805 4461 Jeroboam

185 4495 317 4564 regis
346 4496 524 4553 Israel
555 4496 820 4568 regnavit
849 4498 964 4551 Asa
994 4512 1094 4551 rex
1120 4495 1151 4551 J
1160 4496 1294 4563 uda,
1328 4498 1385 4550 et
1414 4496 1808 4567 quadraginta

181 4596 279 4636 uno
308 4600 453 4641 anno
496 4585 769 4658 regnavit
813 4584 872 4639 in
915 4583 1266 4641 Jerusalem.
1319 4584 1540 4640 Nomen
1596 4584 1804 4640 matris
1834 4602 1880 4666 D

176 4669 302 4739 ejus,
337 4674 598 4739 Maacha,
655 4674 777 4729 ﬁlia
834 4673 1108 4730 Absalom
1170 4671 1250 4739 (h.
1304 4673 1650 4745 Abisalom).
1708 4674 1794 4744 (T.

178 4756 344 4831 LXII.)
372 4762 442 4817 Et
472 4763 611 4819 fecit
634 4766 751 4820 Asa
783 4766 1005 4818 rectum
1036 4766 1169 4818 ante
1199 4766 1577 4833 conspectum
1612 4763 1692 4833 (h.
1736 4763 1797 4817 in

176 4848 335 4906 oculis
364 4850 613 4919 Domini)
670 4850 929 4921 Domini,
988 4850 1142 4907 sicut
1186 4850 1367 4907 David
1426 4855 1592 4923 pater
1645 4852 1797 4923 ejus,

215 5096 613 5175 .‘Suppositus
628 5100 1021 5175 Hieronymus
1036 5101 1108 5175 _in
1132 5101 1543 5174 Quaestionibus
1565 5102 1798 5175 Hebrai-

180 5170 247 5245 ςὶε
274 5170 338 5245 ad
373 5172 422 5229 II
454 5172 702 5245 Parolip.
732 5170 975 5245 rmo'net,
1035 5170 1192 5229 hunc
1248 5190 1365 5245 non
1424 5189 1553 5229 esse
1611 5173 1797 5229 ﬁlium

180 5241 375 5320 Davidr
398 5267 418 5293 ι
448 5245 579 5320 Non
609 5241 698 5302 est
727 5244 857 5320 iste,
890 5245 1100 5314 inquit,
1153 5244 1426 5320 Absalom
1451 5245 1629 5320 ﬁlius
1691 5248 1798 5300 lla-

180 5310 381 5377 vid,sed
413 5315 584 5385 alius,
608 5317 762 5387 quod
786 5310 851 5372 in
869 5310 1094 5386 Regum
1114 5316 1412 5372 volumine
1432 5318 1798 5373 demonstra-

182 5387 285 5463 tur.
311 5404 339 5433 κ
356 5387 535 5463 Illinc
563 5387 980 5463 itaquelocum
1012 5389 1281 5463 attendit,
1298 5389 1453 5463 _qui_a
1480 5389 1540 5443 in
1573 5388 1796 5463 scholia

356 5457 675 5515 Hebraeum'
708 5460 1013 5526 Abisalom,
1073 5477 1187 5516 non
1244 5457 1504 5515 Abialm
1559 5460 1794 5517 dicitur.

229 5540 341 5581 ΛΒΤ.

247 5631 317 5640 -
347 5602 503 5659 Idem
538 5618 645 5661 ms.
676 5602 773 5659 hic
804 5608 981 5676 atque
1014 5603 1165 5658 infra
1186 5603 1476 5659 Abessalon
1507 5618 1640 5659 cum
1672 5602 1800 5660 Vul-

224 5690 344 5749 atis.
366 5692 632 5751 Hebreus
663 5693 792 5767 ipse
819 5696 984 5751 textu
1015 5691 1110 5750 hic
1133 5676 1403 5755 nibwvna
1425 5692 1620 5765 habet,
1643 5692 1799 5764 quod

1909 3340 2089 3389 satus.
2126 3333 2193 3387 Et
2222 3332 2487 3389 tulerunt
2512 3333 2739 3405 lapides
2770 3335 2841 3390 de
2864 3335 3066 3405 Rama,
3100 3345 3153 3390 et
3202 3335 3386 3409 ligna,
3421 3337 3553 3408 qui-

1910 3420 2021 3477 bus
2050 3420 2439 3476 mdiﬁcaverat
2468 3422 2675 3487 Baasa,
2699 3426 2755 3477 et
2784 3423 3072 3478 exstruxit
3101 3424 3172 3479 de
3203 3424 3286 3480 eis
3309 3440 3407 3479 rex
3437 3430 3555 3481 Asa

1908 3510 2103 3566 Gabaa
2116 3511 2249 3581 Benj
2260 3510 2441 3575 amin,
2466 3516 2521 3565 et
2532 3510 2797 3583 Maspha.
2816 3511 3273 3583 Reliquaautem
3289 3513 3554 3569 omnium

1908 3615 2248 3655 sermonum
2282 3602 2417 3665 Asa,
2458 3606 2516 3655 et
2566 3601 2850 3655 universae
2894 3601 3267 3657 fortitudines
3316 3603 3466 3673 ejus,
3499 3606 3557 3659 et

1907 3693 2122 3743 cuncta
2152 3705 2278 3759 qum
2309 3688 2464 3753 fecit,
2499 3693 2556 3744 et
2585 3690 2871 3745 civitates.
2903 3706 3051 3761 quas
3074 3693 3376 3760 exstruxit,
3412 3708 3554 3747 non-

1909 3794 1981 3833 ne
2012 3777 2131 3832 haec
2183 3777 2402 3848 scripta
2452 3783 2595 3833 sunt
2642 3779 2702 3833 in
2753 3777 2901 3833 libro
2946 3779 3270 3835 Verborum
3323 3780 3549 3836 dierum

1908 3883 2108 3937 regum
2141 3867 2321 3921 Juda?
2348 3866 2767 3921 Verumtamen
2810 3867 2867 3921 in
2920 3872 3181 3939 tempore
3231 3870 3554 3925 senectutis

1911 3971 2030 4011 suae
2062 3954 2252 4009 doluit
2280 3955 2479 4025 pedes.
2511 3955 2579 4008 Et
2608 3953 2883 4008 dormivit
2914 3970 3045 4008 cum
3079 3955 3347 4025 patribus
3404 3955 3550 4024 suis,

1908 4048 1967 4099 et
1996 4044 2265 4114 sepultus
2297 4047 2387 4097 est
2416 4058 2551 4097 cum
2584 4042 2667 4097 eis
2700 4042 2756 4095 in
2782 4041 3013 4097 civitate
3029 4042 3210 4098 David
3232 4045 3414 4115 patris
3439 4044 3552 4100 sui.

1909 4132 2310 4204 Regnavitque
2343 4131 2622 4203 Josaphat
2654 4130 2811 4186 ﬁlius
2842 4132 2968 4202 ejus
2991 4149 3094 4203 pro
3110 4147 3196 4187 eo.
3224 4132 3311 4204 (T.
3342 4133 3550 4205 LXIV.)

1912 4222 2115 4278 Nadab
2144 4236 2277 4276 vero
2310 4221 2467 4276 ﬁlius
2497 4222 2807 4277 Jeroboam
2841 4220 3106 4292 regnavit
3144 4237 3321 4293 super
3378 4222 3555 4277 Israel

1911 4326 2063 4367 anno
2096 4310 2354 4365 secundo
2384 4313 2499 4365 Asa
2529 4309 2680 4381 regis
2711 4309 2887 4365 Iuda:
2950 4309 3329 4382 regnavitque
3378 4326 3557 4382 super

1910 4399 2089 4456 Israel
2121 4400 2352 4456 duobus
2382 4400 2578 4455 annis.
2615 4401 2682 4455 Et
2711 4400 2844 4456 fecit
2873 4402 3028 4472 quod
3081 4400 3303 4455 malum
3355 4404 3444 4456 est
3492 4401 3553 4455 in

1910 4494 2227 4562 conspectu
2258 4488 2489 4545 Domini
2521 4490 2601 4557 (h.
2636 4490 2693 4543 in
2746 4490 2976 4561 oculis),
3029 4494 3087 4546 et
3130 4488 3453 4545 ambulavit
3490 4490 3551 4545 in

1912 4580 2022 4634 viis
2054 4579 2239 4650 patris
2270 4577 2382 4646 sui,
2424 4582 2481 4633 et
2510 4579 2569 4633 in
2604 4579 2858 4650 peccatis
2912 4578 3037 4649 (ms.
3088 4582 3144 4635 et
3184 4578 3243 4633 in
3295 4582 3552 4650 peccato)

1913 4668 2066 4738 ejus,
2098 4667 2314 4738 quibus
2371 4683 2611 4738 peccare
2671 4667 2801 4723 fecit
2854 4667 3047 4723 Israel.
3101 4667 3421 4724 lnsidiatus
3466 4672 3557 4724 est

1911 4761 2107 4813 autem
2141 4756 2191 4812 ei
2224 4761 2405 4812 Baesa
2439 4755 2594 4811 ﬁlius
2623 4756 2781 4812 Ahise
2823 4758 2893 4812 de
2935 4758 3108 4812 domo
3163 4757 3448 4825 Issachar,
3499 4762 3558 4813 et

1912 4845 2203 4918 percussit
2262 4862 2396 4902 eum
2457 4846 2517 4901 in
2574 4846 2952 4917 Gebbethon,
3003 4863 3131 4918 qua:
3182 4847 3325 4902 urbs
3374 4846 3553 4903 Phili-

1909 5094 2254 5153 scholiastes
2283 5098 2469 5150 notat.
2497 5094 2568 5149 Et
2596 5111 2750 5159 vero,
2774 5092 2911 5151 licet
2940 5111 3123 5150 unum
3156 5094 3429 5164 idemque
3475 5092 3552 5147 sit

1910 5184 2123 5224 nomen
2151 5165 2389 5222 Absalon
2421 5172 2478 5221 et
2507 5167 2825 5235 Abessalon,
2892 5171 2954 5221 ut
2985 5182 3055 5221 ex
3095 5169 3143 5221 II
3197 5164 3550 5235 Paralipom.

1909 5258 1972 5307 ιι,
2003 5241 2068 5294 21
2104 5243 2353 5306 constat,
2385 5237 2564 5293 alium
2599 5234 2921 5293 tamen’hic
2954 5255 2985 5293 a
3013 5237 3250 5294 Davidis
3280 5234 3553 5307 ﬁliosb-

1909 5305 2202 5368 salomum
2234 5310 2422 5374 innui,
2458 5309 2597 5364 olim
2627 5310 2820 5366 visum
2878 5314 2967 5365 est
3023 5309 3361 5365 oriticornm
3392 5305 3549 5362 ﬁliis.

1906 5382 2152 5454 PrOpius
2208 5383 2285 5454 ad
2314 5382 2491 5437 ﬁdem
2514 5382 2807 5454 Josephus
2834 5379 3247 5454 existimat._de
3266 5377 3551 5454 Thamare

1908 5448 2202 5536 Absalomi
2234 5452 2355 5509 ﬁlia
2384 5458 2579 5509 natam
2603 5448 2691 5536 illi
2719 5456 2953 5536 neptem
2988 5450 3285 5508 Maacham
3313 5448 3550 5505 nomine

1910 5544 2039 5598 quas
2070 5526 2193 5582 ﬁlia
2220 5528 2674 5600 καταχρηστικῶς
2702 5524 2933 5579 dicitur.

1980 5619 2001 5652 ²
2031 5617 2285 5672 Verbum
2317 5616 2501 5672 dicem
2524 5630 2631 5669 ms.
2668 5615 2979 5669 Veronens.
3028 5612 3199 5681 juxta
3242 5608 3413 5666 Hebr.
3432 5612 3553 5666 tex-

1913 5696 2062 5757 tum,
2094 5695 2150 5745 et
2179 5704 2312 5744 mox
2340 5690 2415 5745 de
2444 5685 2706 5743 voculam
2738 5689 2907 5741 tacet.
