3938 6174
417 327 528 384 759

1453 340 1516 391 Β.
1553 334 1968 391 HIERONYMI
2003 333 2261 386 DIVINA
2295 334 2798 392 BIBLIOTHECA.
2870 368 2872 371 τ

3697 347 3786 403 760

417 458 1073 532 sthinorum,eiquidem
1108 463 1308 521 Nadab
1338 467 1398 520 et
1417 463 1610 520 omnis
1632 461 1812 519 Israel
1828 458 2061 516 obside-
2093 459 2149 525 Α
2175 460 2345 549 Anno
2376 458 2631 517 vicesino
2654 466 2817 519 sexto
2850 467 2968 519 Aea
2996 465 3151 538 regis
3200 467 3232 522 J
3242 467 3374 537 uda,
3422 473 3668 547 regnavit
3705 476 3788 549 ΕΙ,

419 550 562 607 bant
592 551 952 609 Gebbetbon.
986 556 1077 626 (T.
1116 555 1305 627 LXV.)
1337 557 1634 612 Interfecit
1660 556 1842 628 igitur
1897 551 2066 608 illum

421 642 609 699 Baasa
638 643 698 698 in
728 661 881 701 anno
910 648 1082 702 tertio
1122 654 1237 702 Asa
1270 647 1422 718 regis
1473 648 1651 712 Juda,
1704 650 1762 701 et
1805 642 2072 715 regnavit

424 749 529 804 pro
558 748 645 789 eo.
678 733 942 806 Cumque
972 742 1291 808 regnasset,
1339 737 1633 809 percussit
1681 750 1915 790 omnem
1968 733 2069 787 do-

424 837 589 877 mum
619 823 953 879 Jeroboam:
989 841 1105 880 non
1130 825 1358 881 dimisit
1388 842 1460 880 ne
1482 842 1657 880 unam
1676 824 1913 895 quidem
1940 820 2066 875 ani-

428 926 585 967 mam
617 912 688 967 de
717 913 941 969 semine
970 916 1101 985 ejus
1131 915 1211 982 (b.
1236 916 1306 970 de
1327 914 1684 985 Jeroboam),
1709 915 1894 968 donec
1914 909 2070 965 dele-

428 1004 516 1056 ret
545 1017 702 1070 eum,
728 1002 895 1072 juxta
914 1003 1157 1059 verbum
1190 1004 1442 1070 Domini,
1475 1004 1630 1076 quod
1670 1002 1902 1058 locutus
1950 1000 2075 1053 fue-

431 1093 522 1144 rat
549 1089 607 1144 in
639 1107 819 1146 manu
851 1093 1001 1147 servi
1034 1094 1125 1147 sui
1157 1092 1317 1149 Ahiaa
1349 1092 1632 1160 Silonitis;
1667 1096 1902 1163 propter
1941 1104 2074 1160 pec—

436 1183 565 1234 cata
592 1180 925 1251 Jeroboam,
958 1197 1083 1252 quae
1115 1188 1473 1254 peccaverat,
1508 1186 1565 1237 et
1595 1181 1808 1252 quibus
1839 1192 2077 1250 peccare

433 1268 652 1323 fecerat
680 1269 805 1339 (ms.
838 1268 990 1342 fecit)
1022 1270 1224 1336 Israel,
1257 1276 1315 1327 et
1346 1275 1581 1341 propter
1609 1269 1908 1333 delictum,
1962 1281 2078 1336 qno

435 1355 764 1414 irritaverat
792 1357 1105 1413 Dominum
1139 1364 1320 1415 Deum
1354 1358 1552 1414 Israel.
1589 1357 1837 1428 Reliqua
1878 1359 2077 1410 autem

436 1461 774 1502 sermonum
809 1447 1029 1515 Nadab,
1062 1454 1118 1503 et
1140 1449 1339 1504 omnia
1361 1465 1487 1521 quae
1511 1451 1787 1518 operatus
1800 1451 1908 1511 est,
1934 1459 2078 1498 non-

438 1550 511 1591 ne
542 1535 662 1590 haec
694 1536 918 1607 scripta
949 1542 1089 1592 sunt
1118 1537 1177 1592 in
1208 1537 1357 1593 libro
1385 1539 1710 1593 Verborum
1740 1536 1967 1590 dierum
1993 1550 2079 1588 rc-

439 1640 579 1696 gum
612 1623 817 1681 Israel?
869 1626 1117 1698 Fuitque
1160 1626 1381 1682 bellum
1425 1627 1580 1681 inter
1627 1632 1745 1681 Asa
1792 1629 1848 1679 et
1897 1629 2084 1678 Baasa

439 1729 637 1785 regem
670 1713 870 1782 lsrael,
904 1716 1134 1771 cunctis
1166 1717 1373 1772 diebus
1412 1732 1635 1773 eorum.
1688 1720 1853 1769 Anno
1914 1711 2082 1767 tertio

2180 548 2339 605 ﬁlius
2372 554 2561 606 Baasa
2588 568 2769 624 super
2798 552 2978 609 Israel
3012 555 3071 609 in
3102 556 3326 613 Thersa
3350 559 3578 618 duobus
3622 548 3784 621 annis.

2178 642 2249 693 Et
2282 639 2585 695 rebellavit
2616 648 2819 698 contra
2849 659 2983 699 eum
3017 661 3223 701 servus
3254 664 3398 704 suus
3438 650 3640 717 Zamri,
3691 654 3784 710 dux

2182 726 2385 782 mediae
2419 732 2603 800 partis
2634 731 2901 803 equitum
2934 735 3018 806 (b.
3075 738 3376 809 curruum)
3412 754 3425 792 :
3458 746 3577 795 erat
3620 748 3781 799 autem

2185 815 2287 871 Ela
2316 818 2373 871 in
2405 819 2627 875 Thersa
2657 822 2865 878 bibens
2895 830 2951 879 et
2982 825 3365 893 temulentus,
3394 829 3453 884 in
3486 830 3646 887 domo
3681 833 3785 889 Aisa

2183 906 2434 976 praefecti
2466 909 2708 974 Thersa,
2741 913 2974 969 Irruens
3014 930 3150 987 ergo
3178 917 3389 983 Zamri,
3439 921 3707 990 percussit
3744 928 3786 978 et

2186 995 2400 1051 occidit
2430 1012 2587 1068 eum,
2620 1016 2772 1056 anno
2806 1002 3083 1059 vicesimo
3124 1006 3376 1076 septimo
3407 1012 3520 1063 Asa
3550 1010 3686 1081 regis
3710 1011 3790 1067 Ju-

2185 1086 2282 1153 da,
2316 1092 2373 1141 et
2401 1090 2781 1161 regnavitpro
2798 1095 2992 1164 eo.(T.
3012 1095 3779 1172 LXVIII.)Cumqueregnas-

2187 1179 2295 1242 set,
2329 1180 2385 1229 et
2415 1178 2664 1233 sedisset
2686 1196 2864 1251 super
2892 1182 3103 1239 solium
3146 1186 3296 1256 ejus,
3357 1190 3637 1259 percussit
3685 1207 3786 1246 om-

2191 1279 2323 1318 nem
2354 1265 2596 1320 domum
2627 1271 2832 1335 Baasa,
2865 1276 2921 1325 et
2953 1288 3069 1327 non
3096 1273 3412 1345 dereliquit
3442 1292 3509 1331 ex
3538 1293 3600 1332 eo
3636 1280 3787 1350 (Vulg.

2191 1353 2279 1424 ea)
2312 1354 2672 1426 mingentem
2705 1358 2776 1412 ad
2804 1360 3200 1433 parrietem,et
3219 1365 3582 1437 propinquos
3602 1372 3653 1422 et
3671 1370 3786 1423 ami-

2192 1458 2291 1497 cos
2321 1444 2472 1512 ejus.
2506 1444 2842 1518 Delevitque
2865 1451 3056 1505 Zamri
3087 1468 3324 1508 omnem
3358 1455 3592 1511 domum
3624 1461 3789 1524 Baasa,

2184 1530 2357 1601 juxta
2372 1533 2612 1588 verbum
2644 1538 2897 1605 Domini,
2932 1541 3085 1610 quod
3108 1540 3342 1598 locutus
3368 1544 3626 1600 Iueratad
3648 1547 3793 1602 Baasa

2193 1619 2253 1675 in
2288 1637 2464 1675 manu
2496 1621 2605 1678 Jeu
2639 1625 3027 1697 prophetm,et
3045 1635 3282 1701 propter
3306 1633 3577 1689 universa
3596 1642 3793 1706 peccata

2195 1712 2397 1776 Baasa,
2424 1716 2479 1766 et
2509 1718 2747 1782 peccata
2776 1715 2879 1770 Ela
2908 1716 3013 1770 ﬁlii
3062 1720 3212 1789 ejus,
3272 1722 3379 1792 qui
3438 1728 3793 1793 peccaverunt,

441 1805 557 1859 Aea
586 1803 741 1875 regis
771 1803 943 1869 Juda,
979 1807 1243 1876 regnavit
1272 1806 1456 1860 Baasa
1483 1806 1640 1859 ﬁlius
1679 1804 1856 1871 Abiae,
1907 1817 2085 1873 super
2114 1829 2162 1894 Β
2195 1804 2251 1853 et
2273 1816 2511 1894 peccare
2544 1802 2804 1894 fecerunt
2843 1805 3042 1871 Israel,
3090 1816 3477 1879 provocantes
3526 1812 3795 1869 Dominum

441 1907 675 1947 omnem
706 1891 906 1961 Israel,
932 1893 989 1947 in
1023 1895 1262 1963 Thersa,
1314 1894 1522 1965 viginti
1581 1899 1832 1965 quatuor
1891 1892 2083 1946 annis.

444 1981 512 2036 Et
541 1981 678 2036 fecit
707 1982 931 2037 malum
963 1999 1155 2039 coram
1189 1983 1435 2038 Domino
1467 1985 1548 2054 (b.
1585 1984 1645 2037 in
1678 1981 1865 2039 oculis
1891 1980 2086 2036 Domi-

445 2070 551 2141 ni),
584 2070 1023 2142 ambulavitque
1054 2071 1115 2126 in
1147 2072 1238 2126 via
1267 2072 1391 2142 (ms.
1424 2071 1554 2142 viis)
1582 2071 1914 2137 Jeroboam,
1940 2074 1996 2124 et
2027 2069 2086 2123 in

447 2160 700 2230 peccatis
729 2160 879 2229 ejus,
914 2161 1132 2231 quibus
1163 2177 1403 2232 peccare
1433 2162 1570 2216 fecit
1602 2160 1802 2215 Israel.

520 2249 631 2317 (T.
673 2248 859 2316 LXVI,
895 2248 1026 2320 Cap.
1057 2250 1226 2320 XVI.)
1262 2250 1469 2305 Factus
1517 2259 1604 2304 est
1650 2254 1845 2304 autem
1897 2262 2088 2303 sermo

448 2336 683 2393 Domini
712 2338 784 2393 ad
813 2337 923 2393 Jeu
954 2337 1143 2393 filium
1174 2340 1392 2394 Aanani
1423 2343 1625 2394 contra
1670 2339 1914 2393 Baasam
1963 2338 2087 2408 (ms.

446 2426 675 2496 Baasa),
708 2426 929 2482 dicens:
965 2426 1072 2483 Pro
1102 2444 1167 2483 eo
1199 2430 1353 2499 quod
1396 2429 1638 2483 exaltavi
1663 2434 1717 2483 te
1738 2428 1809 2483 de
1831 2425 2088 2497 pulvere,

445 2519 505 2572 et
532 2516 704 2587 posui
737 2517 919 2587 (Vulg.
978 2515 1108 2572 add.
1170 2522 1250 2572 te)
1299 2519 1507 2573 ducem
1566 2532 1743 2588 super
1803 2514 2086 2588 populum

447 2619 644 2661 meum
676 2604 880 2675 Israel,
911 2611 975 2661 tu
1007 2611 1202 2661 autem
1227 2605 1621 2662 ambulastiin
1643 2606 1736 2661 via
1751 2605 2088 2671 Jeroboam,

444 2697 504 2750 et
533 2709 773 2765 peccare
801 2694 989 2750 fecisti
1046 2695 1333 2767 populum
1394 2711 1589 2749 meum
1647 2694 1846 2760 Israel,
1879 2702 1941 2748 ut
1998 2708 2090 2748 me

446 2782 712 2839 irritares
744 2782 803 2838 in
850 2785 1104 2855 peccatis
1145 2800 1389 2840 eorum:
1436 2801 1588 2855 ecce,
1640 2800 1747 2856 ego
1796 2785 2088 2839 demetam

451 2872 775 2943 posteriora
806 2874 1012 2939 Baasa,
1045 2878 1103 2928 et
1150 2873 1473 2944 posteriora
1525 2874 1736 2929 domus
1795 2873 1972 2943 ejus:
2034 2876 2091 2926 et

448 2960 659 3017 faciam
691 2962 935 3017 domum
967 2967 1131 3017 tuam
1161 2963 1316 3018 sicut
1345 2964 1587 3017 domum
1632 2962 1944 3018 Jeroboam
1984 2960 2088 3015 ﬁlii

449 3050 649 3105 Nabat.
684 3049 790 3115 Qui
821 3054 1090 3106 mortuus
1146 3051 1319 3107 fuerit
1376 3052 1447 3107 de
1502 3051 1687 3106 Baasa
1743 3051 1801 3106 in
1835 3051 2086 3118 civitate,

446 3139 760 3195 comedent
790 3155 925 3193 eum
958 3155 1154 3195 canes:
1189 3145 1248 3195 et
1278 3140 1379 3211 qui
1410 3144 1680 3195 mortuus
1712 3139 1888 3195 tuerit
1925 3156 1993 3195 ex
2021 3156 2087 3195 eo

2199 1892 2378 1943 Deum
2412 1890 2588 1945 Israel
2637 1892 2698 1947 in
2758 1895 3116 1952 vanitatibus
3164 1898 3311 1955 suis.
3370 1900 3607 1973 Reliqua
3640 1909 3794 1957 autem

2198 1994 2538 2034 sermonum
2571 1980 2693 2048 Ela,
2739 1987 2797 2037 et
2845 1986 3045 2040 omnia
3091 2002 3219 2058 quae
3269 1988 3426 2060 fecit,
3480 2006 3660 2046 nonne
3702 1990 3794 2047 hac

2199 2066 2418 2136 scripta
2447 2074 2587 2123 sunt
2616 2070 2674 2124 in
2707 2070 2856 2127 libro
2905 2075 3221 2131 Verborum
3250 2078 3480 2134 dierum
3530 2096 3709 2151 regum
3732 2084 3796 2136 Is-

2197 2152 2349 2208 rael?
2378 2156 2545 2210 Anno
2577 2156 2854 2214 vicesimo
2885 2166 3138 2232 septimo
3172 2168 3283 2220 Asa
3344 2167 3499 2239 regis
3529 2168 3687 2235 Juda,
3728 2184 3796 2222 re-

2197 2240 2395 2312 gnavit
2413 2244 2603 2298 Zamri
2637 2252 2860 2318 septem
2882 2249 3093 2306 diebus
3127 2254 3184 2306 in
3216 2254 3467 2311 Thersa:
3490 2272 3649 2327 porro
3669 2272 3797 2312 exer-

2198 2330 2351 2386 citus
2382 2332 2687 2390 obsidebat
2731 2335 3074 2395 Gebbetbon
3127 2342 3335 2399 urbem
3379 2344 3798 2414 Philistinorum,

2200 2419 2288 2492 (T.
2326 2421 2540 2493 LXIX.)
2574 2425 2836 2497 Cumque
2885 2429 3154 2486 audisset
3202 2433 3520 2490 rebellasse
3554 2436 3739 2500 Zamri,
3758 2441 3801 2491 et

2199 2510 2480 2567 occidisse
2510 2529 2731 2584 regem,
2763 2516 2899 2571 fecit
2933 2517 3046 2572 sibi
3067 2535 3263 2592 regem
3289 2523 3486 2579 omnis
3513 2524 3674 2580 Israel
3698 2531 3803 2580 Am-

2198 2598 2270 2665 ri,
2303 2600 2402 2670 qui
2435 2607 2557 2656 erat
2591 2602 2859 2676 princeps
2912 2606 3141 2663 militias
3189 2626 3376 2682 super
3426 2612 3596 2668 Israel
3640 2613 3689 2667 in
3732 2611 3803 2665 die

2198 2687 2298 2743 illa
2326 2690 2383 2743 in
2415 2690 2644 2746 castris.
2678 2695 2953 2751 Ascendit
2976 2712 3115 2769 ergo
3145 2699 3334 2768 Amri,
3369 2709 3423 2758 et
3461 2698 3800 2758 omnislsrael

2199 2791 2268 2832 cu
2280 2793 2333 2832 m
2349 2794 2435 2844 eo,
2454 2779 2525 2835 de
2539 2778 2900 2854 Gebbethod,
2916 2791 2973 2840 et
2984 2786 3340 2844 obsidebant
3367 2790 3601 2847 Thersa.
3620 2790 3798 2845 Videas

2199 2871 2395 2922 autem
2422 2868 2610 2923 Zamri
2655 2872 2809 2940 quod
2859 2878 3249 2947 expugnanda
3297 2886 3455 2935 esset
3502 2879 3703 2945 civitas,
3726 2877 3797 2933 in-

2199 2971 2440 3027 gressus
2469 2963 2559 3012 est
2588 2959 2889 3032 palatium,
2923 2968 2980 3017 et
3002 2966 3312 3022 succendit
3347 2984 3543 3025 secum
3595 2970 3794 3024 domum

2200 3044 2442 3117 regiam:
2475 3049 2829 3114 etgmortuus
2860 3056 2949 3106 est
2976 3051 3036 3106 in
3063 3054 3322 3124 peccatis
3353 3060 3497 3125 suis,
3543 3074 3662 3129 quae
3691 3071 3797 3128 pec-

2200 3139 2430 3189 caverat
2456 3134 2675 3192 faciens
2708 3137 2930 3195 malum
2963 3157 3160 3197 coram
3193 3144 3450 3202 Domino
3473 3146 3551 3216 (b.
3582 3148 3637 3202 in
3652 3144 3799 3203 oculis

451 3226 510 3282 in
542 3226 777 3299 regione
811 3226 893 3297 (b.
954 3227 1012 3281 in
1045 3240 1226 3299 agre),
1288 3199 1595 3284 comedent
1645 3244 1780 3283 eum
1828 3228 2092 3285 volucres
2122 3199 2165 3267 θ
2204 3222 2483 3295 Domini).
2516 3230 2572 3279 et
2601 3226 2914 3283 ambulans
2946 3230 3003 3284 in
3035 3232 3127 3286 vis.
3151 3199 3515 3304 Jeroboam,
3543 3241 3597 3292 et
3623 3236 3675 3290 in
3703 3249 3803 3306 pec-

452 3314 602 3371 cmli.
628 3314 874 3386 Reliqua
897 3319 1092 3370 autem
1121 3332 1463 3371 sermonum
1495 3318 1699 3384 Baasa,
1733 3324 1791 3373 et
1821 3334 2093 3387 quaecun-

452 3420 565 3475 que
594 3402 749 3473 fecit,
781 3408 838 3458 et
870 3403 1066 3475 praelia
1091 3406 1218 3475 ejus
1240 3404 1320 3467 (b.
1348 3410 1406 3460 et
1438 3405 1716 3461 fortitudo
1746 3407 1918 3475 ejus),
1956 3422 2097 3460 non-

457 3508 530 3548 ne
559 3492 680 3547 baec
710 3491 931 3563 scripta
984 3498 1123 3547 sunt
1160 3493 1220 3547 in
1276 3492 1427 3548 libro
1484 3493 1809 3550 Verborum
1868 3494 2097 3550 dierum

458 3598 661 3654 regum
697 3580 903 3637 Israel?
942 3582 1030 3652 (T.
1092 3581 1332 3650 LXVII.)
1387 3584 1672 3638 Dormivit
1728 3599 1861 3653 ergo
1914 3586 2098 3641 Baasa

456 3688 591 3728 cum
622 3672 887 3743 patribus
917 3672 1066 3741 suis,
1098 3671 1484 3745 sepultusque
1513 3678 1604 3728 est
1634 3673 1693 3728 in
1740 3673 1962 3731 Thersa
1994 3690 2008 3729 :
2042 3679 2100 3730 et

456 3760 725 3832 regnavit
755 3759 855 3816 Ela
884 3760 1044 3815 ﬁlius
1066 3762 1194 3832 ejus
1227 3777 1331 3832 pro
1364 3777 1451 3817 eo.
1485 3763 1627 3817 Cum
1660 3763 1835 3818 etiam
1870 3763 1927 3817 in
1972 3780 2098 3818 ma-

378 3894 381 3897 .
456 3866 535 3905 nu
566 3850 646 3922 (li.
674 3851 738 3905 Et
767 3849 934 3905 etiam
963 3849 1023 3904 in
1055 3850 1257 3921 manu)
1286 3851 1390 3907 Jeu
1422 3850 1526 3905 ﬁlii
1550 3851 1777 3907 Hanani
1803 3852 2099 3924 prOpbetae

455 3940 699 3995 verbum
732 3939 964 3994 Domini
996 3939 1218 3994 factum
1253 3949 1407 3996 esset
1437 3940 1520 4013 (h.
1553 3942 1686 4013 fuit)
1708 3948 1910 3997 contra
1948 3942 2097 3998 Baa-

457 4045 606 4097 sam,
641 4033 699 4083 et
728 4034 931 4084 contra
962 4030 1201 4084 domum
1233 4031 1383 4100 ejus,
1416 4034 1474 4086 et
1503 4040 1708 4086 contra
1745 4047 1919 4087 omne
1968 4048 2098 4088 ma-

456 4117 605 4185 lum,
637 4119 792 4189 quod
826 4118 1042 4174 fecerat
1069 4134 1265 4175 coram
1297 4119 1546 4175 Domino
1577 4119 1657 4191 (h.
1693 4119 1753 4174 in
1785 4120 1969 4175 oculis
1992 4121 2099 4177 Do-

457 4207 646 4279 mini),
679 4208 750 4262 ad
784 4207 1138 4263 irritandum
1186 4223 1321 4262 eum
1354 4208 1414 4262 in
1474 4208 1750 4280 operibus
1811 4225 2096 4265 manuum

457 4313 725 4364 suarum,
759 4299 823 4351 ut
852 4295 1016 4352 ﬁeret
1044 4296 1201 4352 sicut
1229 4297 1439 4353 domus
1468 4297 1810 4353 Jeroboam:
1843 4298 1915 4354 ob
1948 4298 2098 4355 hanc

458 4401 698 4443 causam
730 4385 943 4442 occidit
972 4401 1109 4440 eum
1158 4384 1241 4453 (b.
1293 4390 1517 4457 propter
1576 4386 1729 4458 quod
1786 4386 2101 4443 occidisset

455 4476 773 4547 eum),hoc
802 4480 913 4546 est,
957 4475 1067 4531 Jeu
1126 4474 1309 4530 ﬁlium
1373 4476 1617 4541 Hanani,
1680 4476 2094 4546 prophetam’.

527 4654 544 4687 ¹
577 4650 931 4723 Glossatoris
962 4651 1084 4706 hac
1113 4665 1265 4715 esse,
1291 4667 1425 4723 non
1485 4652 1825 4723 Interpretis
1872 4654 2047 4709 verba
2083 4673 2095 4711 :

457 4726 560 4782 hoc
587 4728 664 4780 est
691 4726 788 4779 Jeu
816 4722 997 4791 ﬁlium
1030 4721 1318 4789 Hannani,
1354 4721 1699 4794 prophetam,
1748 4725 1965 4780 clamat
2007 4743 2097 4782 res

453 4798 603 4870 ipsa.
636 4796 759 4851 Non
793 4795 935 4870 adeo
967 4796 1025 4848 in
1057 4794 1228 4870 Hebr.
1283 4794 1473 4870 solum
1523 4796 1856 4870 archetypo,
1898 4798 1997 4853 sed
2041 4802 2098 4853 et

453 4864 671 4933 Graeco,
687 4864 1028 4936 ceterisque
1047 4865 1416 4921 versionibus
1430 4864 1863 4923 desiderant—ur:
1880 4873 2092 4924 etcum

454 4940 563 4997 soli
594 4940 735 5007 sint,
768 4938 868 5008 qui
900 4955 963 4992 ea
994 4936 1301 5001 retineant,
1366 4938 1549 4993 Latini
1601 4939 1757 5003 libri,
1817 4946 1970 4995 certe
2026 4958 2093 4997 eo

455 5012 645 5086 pluris
676 5010 942 5086 facienda,
960 5014 1048 5086 est
1082 5008 1431 5086 Veronensis
1455 5026 1564 5086 ms.
1625 5012 1891 5086 omnium
1942 5029 2088 5083 prae-

453 5080 801 5141 stantissimi
826 5082 1091 5155 castitas,
1125 5097 1258 5135 cum
1288 5080 1403 5155 alia
1426 5082 1629 5155 multa,
1659 5100 1785 5155 quae
1808 5080 2090 5139 hactenus

451 5160 731 5214 annotata
760 5156 903 5210 sunt
931 5152 1080 5208 sacri
1113 5156 1305 5208 textus
1339 5152 1758 5218 additamenta,
1801 5159 1927 5208 tum
1982 5154 2091 5210 hoc

453 5230 625 5299 plane
652 5225 875 5299 respuit
897 5240 963 5299 ac
994 5225 1209 5299 nescit:
1244 5240 1582 5299 quanquam
1615 5231 1673 5280 et
1712 5224 1961 5299 scimus
1985 5226 2088 5281 Es-

451 5296 532 5356 tio
562 5300 701 5356 olim
723 5296 872 5353 alios
886 5296 1200 5367 ejusmodi,
1218 5297 1315 5365 qui
1346 5312 1411 5351 eo
1429 5306 1712 5367 carerent,
1736 5297 2086 5353 innotuisse.

448 5373 530 5427 Ad
562 5373 685 5428 base
717 5371 936 5440 scimus
966 5367 1415 5440 et‘doctissimis
1457 5368 1672 5423 criticis
1724 5383 1843 5423 rem
1895 5368 2087 5440 ipsam

448 5445 650 5499 minus
682 5439 935 5512 probari,
968 5437 1329 5512 minimeque
1358 5455 1553 5512 veram
1575 5437 1934 5512 viderihanc
1954 5458 2086 5512 pro-

447 5516 634 5593 phetae
664 5510 774 5593 Jeu
802 5528 1024 5567 necem.
1058 5510 1223 5574 Nam,
1241 5511 1554 5593 inquiunt,
1602 5512 1712 5567 sub
1741 5510 2083 5593 Josaph'nto.

490 5587 549 5659 ui
578 5590 710 5659 post
742 5586 984 5659 Bassam
1017 5582 1301 5659 regnavit,
1334 5582 1483 5659 idem
1520 5583 1642 5659 ipse
1673 5583 1955 5655 prepheta
1975 5585 2083 5640 Jeu

490 5603 549 5642 ιιι
578 5602 710 5659 ροεῑ
742 5602 984 5640 nassam
1017 5602 1301 5653 regnavu,
1334 5602 1483 5638 108m
1520 5602 1642 5665 ψεᾳ
1673 5602 1955 5655 propneta
1975 5602 2082 5640 Jeu

445 5602 603 5715 alius
632 5656 859 5714 Hanani
891 5655 1113 5712 missus
1141 5653 1358 5727 legitur
1386 5672 1427 5712 ιι
1453 5654 1937 5728 Paralipomenon
1965 5673 2082 5730 xxx,

2124 4572 2172 4638 D

2205 3317 2335 3367 cato
2367 3313 2515 3382 ejus,
2550 3332 2662 3385 quo
2693 3316 2833 3372 fecit
2856 3334 3099 3388 peccare
3128 3321 3335 3379 Israel.
3370 3325 3608 3397 Reliqua
3642 3330 3800 3379 autem

2204 3417 2543 3457 sermonum
2575 3404 2858 3473 Zamri,et
2879 3408 3229 3466 insidiarum
3252 3414 3409 3482 ejus,
3428 3419 3485 3469 et
3503 3410 3801 3486 tyrannidis,

2206 3506 2399 3546 nonne
2430 3492 2550 3547 haec
2580 3493 2799 3564 scripta
2830 3502 2971 3551 sunt
2996 3498 3053 3552 in
3081 3497 3233 3555 libro
3260 3501 3584 3558 Verborum
3614 3502 3800 3557 dierum

2206 3594 2410 3651 regum
2437 3579 2643 3636 Israel?
2673 3583 2837 3637 Tunc
2891 3584 3116 3642 divisus
3145 3593 3235 3643 est
3280 3592 3539 3662 populus
3579 3588 3734 3645 Israel
3756 3585 3800 3640 in

2207 3668 2355 3723 duas
2370 3673 2586 3739 partes:
2622 3671 2813 3726 media
2844 3689 2976 3743 pars
3008 3675 3208 3747 populi
3240 3681 3601 3751 sequebatur
3618 3674 3799 3734 Thebni

2207 3755 2397 3810 ﬁlium
2429 3757 2638 3812 Ginetb
2664 3760 2799 3829 (me.
2840 3760 3109 3833 Genetb),
3160 3768 3223 3819 ut
3279 3770 3655 3823 constitueret
3695 3777 3798 3819 eum

2207 3861 2424 3916 regem:
2459 3851 2514 3901 et
2546 3848 2736 3903 media
2768 3866 2904 3919 pars
2934 3851 3111 3907 Amri.
3144 3855 3460 3912 Praevaluit
3513 3861 3693 3912 autem
3726 3868 3802 3924 po-

2207 3933 2381 4005 pulus
2414 3936 2515 4007 qui
2544 3940 2668 3992 erat
2697 3952 2829 3993 cum
2860 3940 3046 4010 Amri,
3088 3942 3306 4014 papulo
3357 3947 3459 4017 qui
3501 3944 3805 4017 sequebatur

2208 4022 2435 4079 Thebni
2469 4024 2656 4081 filium
2691 4027 2935 4084 Gineth:
2970 4035 3365 4104 mortuusque
3394 4039 3484 4091 est
3524 4030 3739 4101 Thebni,
3762 4032 3805 4083 et

2207 4112 2473 4183 regnavit
2502 4116 2688 4171 Amri.
2721 4117 2813 4184 (T.
2865 4117 3058 4187 LXX.)
3104 4125 3270 4177 Anno
3315 4123 3605 4179 tricesimo
3650 4120 3803 4193 primo

2206 4205 2326 4256 Aea
2357 4203 2512 4273 regis
2540 4204 2716 4272 Juda,
2751 4207 3016 4277 regnavit
3044 4209 3206 4264 Amri
3238 4228 3423 4283 super
3452 4210 3642 4277 Israel,
3687 4210 3804 4265 duo-

2208 4290 2399 4346 decim
2431 4292 2622 4359 annis;
2659 4292 2716 4348 in
2748 4293 2971 4351 Thersa
3002 4298 3262 4368 regnavit
3291 4316 3396 4357 sex
3433 4301 3618 4358 annis.
3660 4294 3803 4353 Emit-

2209 4396 2323 4451 que
2355 4385 2611 4437 montem
2662 4382 2937 4439 Samaria:
2985 4402 3019 4440 a
3076 4386 3283 4443 Somer
3331 4390 3562 4447 duobus
3607 4380 3805 4444 talentis

2210 4469 2457 4541 argenti:
2491 4474 2547 4525 et
2577 4471 2886 4527 tediﬁcavit
2916 4489 3076 4541 eum,
3105 4480 3161 4531 et
3204 4480 3435 4534 vocavit
3466 4494 3666 4535 nomen
3697 4472 3806 4530 civi-

2208 4652 2262 4728 2_,
2293 4652 2379 4728 ad
2400 4649 2719 4728 principem
2751 4648 2919 4728 illum
2947 4653 3445 4728 redargnendum,
3479 4656 3634 4728 quod»
3650 4649 3803 4728 impio

2205 4720 2440 4779 Achabo
2472 4720 2751 4776 auxilium
2776 4720 3151 4793 praebuisset:
3178 4726 3367 4782 Verba
3394 4720 3582 4783 autem
3604 4726 3708 4790 illa,
3726 4720 3800 4779 ob-

2207 4812 2372 4865 quam
2391 4810 2616 4849 causam
2649 4793 2857 4849 occidit
2888 4811 3035 4862 eum,
3069 4795 3154 4851 vel
3202 4799 3271 4853 ad
3329 4801 3506 4855 Deum
3556 4798 3799 4865 referunt,

2205 4862 2594 4942 quiBaasam
2614 4870 2700 4919 tot
2729 4866 3013 4942 scelerum
3047 4883 3209 4942 reum
3243 4876 3428 4926 morte
3460 4862 3798 4942 punivit,_vel

2205 4936 2275 4992 ad
2310 4940 2551 4993 Baasam
2581 4936 2800 5006 ipsum,
2834 4938 2935 5007 qui
2965 4940 3273 4995 Nadabum
3297 4936 3626 4998 Jeroboami
3646 4938 3798 4994 ﬁlium

2204 5009 2516 5088 interfecit,
2549 5014 2845 5088 totamqne
2875 5010 3004 5088 ejus
3032 5010 3317 5088 familiam
3359 5014 3587 5088 delevit,
3625 5016 3691 5088 ut
3730 5023 3801 5088 rq-

2201 5096 2382 5162 gnum
2417 5080 2735 5162 invaderet.
2771 5081 2905 5162 Quae
2940 5085 3004 5162 ut
3034 5098 3096 5137 se
3120 5080 3799 5162 habeanthprofectomtni'

2202 5154 2316 5207 rari
2350 5152 2531 5218 subit,
2569 5167 2758 5221 neque
2789 5168 2821 5206 a
2850 5152 3154 5209 Matianaao
3188 5157 3367 5211 fuisse
3400 5152 3546 5212 Hanc
3581 5152 3799 5209 additio«

2201 5241 2333 5298 nem
2352 5223 2854 5298 ganimadversam,
2890 5239 3078 5298 neque
3103 5227 3176 5281 ab
3198 5229 3457 5292 Hebraeo,
3477 5242 3640 5298 quem
3663 5223 3799 5298 vocat

2200 5296 2537 5369 scboliaste,
2572 5295 2673 5369 qui
2706 5294 2920 5369 saepius
2949 5294 3277 5369 levissimas
3336 5294 3799 5369 nulliusqueﬂfere

2199 5366 2805 5442 momentivariantes
2836 5366 2909 5421 ab
2941 5367 3522 5442 _Hebra'o_l_ectiones
3568 5366 3797 5442 studiose

2198 5439 2433 5509 ingerit.
2468 5438 2589 5492 Nisi
2624 5437 2671 5492 si
2734 5438 3063 5509 putandum
3109 5441 3179 5495 de
3209 5440 3306 5496 illo
3364 5447 3473 5509 est,
3506 5443 3561 5495 in
3609 5455 3669 5495 eo
3719 5437 3793 5509 cui

2196 5506 2454 5583 primum
2489 5526 2593 5565 sua
2627 5506 2995 5583 haeciscbqolia
3015 5514 3286 5583 apposuit
3309 5506 3512 5569 Latino
3537 5506 3793 5575 exempla:

2195 5581 2266 5653 ri,
2295 5583 2446 5639 hanc
2476 5583 2492 5637 i
2501 5598 2668 5654 psam
2700 5581 3067 5640 additionem
3096 5581 3211 5641 non
3242 5585 3545 5641 exstitisse.
