3938 6174
200 356 286 411 761
1498 352 1717 406 LIBER
1752 356 1755 404 ἶ

2019 351 2226 407 ΟΗΙΜ.
3464 348 3574 407 ’762

202 483 337 552 tatis,
366 494 534 552 quam
563 480 945 546 exstruxerat,
980 476 1219 532 nomine
1279 476 1485 533 Somer
1518 480 1533 512 ί
1595 475 1818 532 domini
1851 478 1901 544 Α
1932 480 2041 544 set,
2073 477 2227 533 sedit
2256 477 2316 533 in
2340 480 2599 534 torrente
2645 476 2866 533 Carith.
2908 475 3009 547 qui
3039 478 3129 531 est
3184 479 3390 532 contra
3441 476 3572 532 Jor-

208 571 398 628 montis
419 568 706 624 Samariae.
730 566 883 622 Fecit
905 571 1101 622 autem
1126 567 1322 621 Amari
1346 565 1568 621 malum
1592 565 1650 619 in
1680 582 1815 619 cou-
1929 567 2161 621 danem.
2196 566 2284 639 (T.
2323 569 2601 637 LXXIII.)
2647 566 2810 621 Corvi
2868 580 3101 636 quoque
3157 564 3493 621 deferebant
3522 565 3573 620 ei

206 664 381 732 spectu
419 657 640 713 Domini
670 656 752 724 (h.
808 658 867 711 in
917 655 1105 711 oculis
1163 655 1439 726 Domini),
1495 660 1551 711 et
1608 671 1820 727 opera-
1926 654 2221 726 (ms.tucet
2268 656 2344 727 ei)
2404 673 2613 728 panem
2670 660 2727 710 et
2783 671 2988 711 carnes
3056 670 3251 720 mane,
3304 653 3576 709 similiter

206 755 287 805 tus
313 754 393 803 est
420 745 683 818 nequiter
711 762 887 816 super
943 761 1169 811 omnes,
1231 745 1330 815 qui
1383 745 1622 799 fuerunt
1683 748 1817 800 ante
1927 760 2137 815 panem
2169 749 2225 799 et
2256 761 2459 801 carnes
2503 745 2747 816 vesperi,
2797 750 2855 799 et
2884 744 3123 799 bibebat
3169 744 3241 798 de
3298 747 3573 798 torrente.

205 853 337 893 eum.
369 832 811 905 Ambulavitque
841 834 1077 889 inomni
1109 834 1198 888 via
1217 833 1527 889 Jerohoam
1560 833 1665 887 ﬁlii
1702 838 1814 889 Na-
1926 836 2066 888 Post
2096 833 2223 889 dies
2270 838 2464 889 autem
2498 835 2756 889 siccatus
2810 837 2900 889 est
2939 838 3167 889 torrens
3201 850 3214 888 :
3249 847 3364 887 non
3413 831 3569 888 enim

202 927 303 993 bat,
334 929 384 979 et
412 923 465 977 in
500 923 749 994 peccatis
779 924 907 993 ejus
940 922 1157 994 quibus
1190 940 1427 995 peccare
1478 923 1692 978 fecerat
1736 923 1815 977 Is-
1926 921 2157 995 pluerat
2188 939 2366 995 super
2396 928 2633 979 terram.
2668 923 2880 978 Factus
2910 926 3000 978 est
3022 922 3203 994 igitur
3235 937 3425 976 sermo
3461 925 3573 977 Do-

200 1012 331 1070 rael:
366 1012 691 1068 utirritaret
710 1011 1025 1067 Dominum
1042 1011 1226 1067 Deum
1250 1012 1428 1068 Israel
1458 1012 1515 1066 in
1537 1011 1815 1066 vanitati-
1926 1012 2071 1068 mini
2103 1015 2173 1068 ad
2207 1031 2367 1082 eum,
2392 1015 2591 1069 dicens
2626 1032 2637 1068 :
2670 1015 2876 1085 Surge,
2900 1019 2957 1069 et
2987 1014 3129 1067 vade
3160 1013 3217 1066 in
3243 1012 3572 1083 Sarephtha

194 1104 287 1159 bus
314 1101 707 1173 suis.Reliqua
736 1104 934 1156 autem
988 1117 1328 1156 sermonum
1363 1100 1546 1168 Amri,
1580 1106 1637 1155 et
1667 1117 1812 1172 pras-
1923 1102 2006 1172 (h.
2063 1102 2413 1175 Sarphatha)
2448 1103 2846 1170 Sidoniornm,
2876 1106 2933 1157 et
2972 1101 3337 1156 manebisibi
3366 1117 3378 1156 :
3424 1117 3573 1171 prai-

190 1191 256 1247 lia
282 1192 396 1261 ejus
422 1190 498 1261 (h.
533 1194 590 1245 et
632 1190 914 1245 fortitudo
964 1191 1114 1261 ejus)
1172 1207 1298 1261 qua:
1354 1190 1564 1262 gessit,
1618 1206 1813 1245 nonne
1922 1192 2047 1264 cepi
2078 1192 2233 1247 enim
2267 1192 2345 1247 ibi
2379 1192 2609 1247 mulieri
2626 1192 2815 1247 viduae
2845 1196 2912 1247 ut
2940 1194 3143 1263 pascat
3163 1194 3238 1245 te.
3282 1189 3568 1257 Surrexit,

188 1280 289 1337 haec
306 1280 511 1352 scripta
543 1287 685 1336 sunt
710 1280 768 1335 in
792 1278 944 1335 libro
966 1279 1298 1335 Verborum
1345 1280 1575 1335 dierum
1611 1296 1815 1351 regum
1921 1285 1979 1337 et
2008 1281 2151 1337 abiit
2178 1282 2237 1337 in
2270 1282 2615 1355 Sarephtha.
2640 1286 2902 1352 Cumque
2933 1283 3188 1336 venisset
3218 1280 3287 1335 ad
3343 1283 3569 1350 portam

187 1369 483 1434 Israel?(T.
518 1368 727 1437 LXXI.)
789 1368 1187 1439 Dormivitque
1239 1368 1401 1423 Amri
1452 1384 1585 1423 cum
1628 1368 1811 1439 patri-
1921 1370 2195 1436 civitatis,
2228 1372 2502 1443 apparuit
2532 1371 2581 1426 ei
2616 1370 2827 1425 mulier
2855 1370 3031 1424 vidua
3074 1367 3356 1439 colligens
3386 1366 3572 1438 ligna,

186 1459 277 1515 bus
304 1460 438 1526 suis,
475 1465 530 1514 et
556 1458 830 1531 sepultus
861 1463 952 1514 est
984 1458 1039 1512 in
1086 1457 1357 1513 Samaria
1386 1483 1400 1525 ;
1435 1458 1811 1530 reguavitque
1921 1463 1977 1514 et
2007 1460 2233 1515 vocavit
2260 1477 2413 1528 eam,
2472 1460 2735 1533 dixitque
2769 1459 2821 1516 ei
2850 1459 2872 1493 ⁸
2904 1476 2918 1513 ;
2952 1459 3036 1515 Da
3064 1457 3206 1512 mibi
3263 1455 3568 1528 paululum

186 1548 327 1602 Ahab
354 1547 505 1603 ﬁlius
537 1549 671 1619 ejus
702 1565 805 1621 pro
840 1564 928 1603 eo.
961 1546 1127 1602 Ahab
1157 1563 1291 1601 vero
1324 1546 1483 1602 ﬁlius
1512 1547 1671 1601 Amri
1722 1563 1811 1601 re-
1921 1564 2088 1620 aquae
2117 1550 2176 1604 in
2209 1566 2364 1618 vase,
2400 1555 2462 1605 nt
2493 1550 2712 1605 bibam.
2765 1552 3030 1620 Cumque
3059 1546 3161 1601 illa
3211 1551 3475 1618 pergeret
3510 1549 3574 1600 ut

186 1636 549 1709 gnavitsuper
573 1636 923 1693 Israelanno
951 1636 1281 1692 tricessimo
1303 1641 1501 1692 octavo
1527 1634 1809 1707 Asaregis
1920 1638 2169 1708 afferret,
2202 1638 2479 1694 clamavit
2510 1645 2640 1711 post
2673 1647 2897 1710 tergum
2932 1638 3079 1709 ejus,
3135 1636 3335 1691 dicens
3369 1651 3382 1689 :
3418 1635 3574 1689 Aﬁ'er

190 1725 337 1779 Juda.
368 1727 435 1781 Et
464 1726 734 1798 regnavit
764 1724 932 1779 Ahab
964 1723 1123 1780 ﬁlius
1153 1724 1311 1778 Amri
1343 1740 1523 1795 super
1555 1722 1728 1779 Israel
1748 1723 1807 1778 in
1919 1727 2062 1781 mihi
2095 1727 2421 1798 obsecro,et
2451 1726 2773 1783 buccellam
2797 1727 2967 1799 panis
2993 1726 3051 1780 in
3078 1741 3254 1779 manu
3282 1730 3404 1779 tua.
3438 1725 3572 1789 Quae

186 1814 415 1871 Samaria
463 1814 673 1885 viginti
731 1818 789 1870 et
837 1814 1069 1869 duobus
1129 1815 1303 1869 annis
1334 1813 1467 1883 '(h.
1519 1813 1723 1886 viginti
1753 1820 1809 1869 et
1840 1851 1888 1917 B
1920 1817 2223 1887 respondit
2258 1834 2271 1872 :
2305 1817 2457 1872 Vivit
2514 1817 2802 1873 Dominus
2864 1816 3013 1871 Deus
3070 1818 3234 1881 tuus,
3264 1812 3404 1884 quia
3452 1828 3564 1868 non

178 1909 392 1973 quatuor
420 1904 641 1975 annis].
675 1904 745 1959 Et
777 1903 911 1959 fecit
930 1902 1103 1958 Ahab
1131 1902 1288 1957 ﬁlius
1311 1904 1473 1957 Amri
1497 1902 1715 1958 malum
1750 1903 1806 1957 in
1840 1902 1887 1917 "
1922 1903 2108 1961 habeo
2143 1923 2376 1977 panem,
2404 1908 2517 1963 nisi
2541 1910 2831 1978 quantum
2866 1903 3126 1977 pugillus
3148 1919 3350 1975 capere
3380 1904 3573 1974 potest

174 1998 451 2065 conspectu
483 1992 747 2061 Domini,
797 2010 977 2065 super
1008 2009 1221 2049 omnes
1254 1992 1356 2064 qui
1407 1994 1648 2048 fuerunt
1679 1998 1814 2049 ante
1921 1994 2119 2051 farina:
2150 1996 2210 2051 in
2242 1996 2469 2070 hydria,
2502 2003 2561 2054 et
2615 1995 2925 2070 paululum
2957 1995 3068 2051 olei
3100 1994 3160 2050 in
3191 1993 3458 2066 lecytho:
3493 2010 3565 2049 en

172 2098 310 2137 eum.
340 2083 447 2138 Nec
472 2082 716 2139 suffecit
745 2083 819 2150 ei,
854 2087 919 2137 ut
971 2081 1304 2137 ambularet
1334 2081 1393 2138 in
1426 2081 1680 2154 peccatis
1707 2082 1807 2138 Je-
1919 2084 2131 2157 colligo
2156 2086 2273 2142 duo
2295 2085 2475 2158 ligna,
2507 2091 2569 2142 ut
2590 2085 2885 2158 ingrediar
2904 2089 2963 2140 et
2994 2084 3201 2140 faciam
3240 2082 3383 2139 illud
3419 2081 3563 2138 mihi

170 2171 372 2228 roboam
405 2171 506 2227 ﬁlii
538 2171 797 2227 Nabath:
823 2172 1069 2244 insuper
1090 2171 1257 2227 duxit
1292 2188 1533 2227 uxorem
1570 2172 1809 2227 Jezabel
1915 2178 1972 2229 et
1993 2174 2110 2230 ﬁlio
2125 2191 2272 2245 meo,
2295 2177 2747 2232 utcomedamus
2763 2173 3273 2245 etmoriamur.(T.
3294 2171 3566 2244 LXXIV.)

172 2259 236 2314 ih-
263 2260 447 2334 Israel)
497 2261 688 2317 ﬁliam
746 2260 998 2316 Ethbaal
1036 2261 1191 2332 regis
1265 2261 1637 2317 Sidoniorum
1670 2261 1709 2328 ⁸,
1741 2262 1807 2317 Et
1912 2263 1996 2317 Ad
2021 2280 2200 2335 quam
2231 2264 2387 2322 Elias
2416 2266 2498 2322 ait
2537 2283 2550 2321 :
2595 2264 2721 2322 Noli
2754 2266 2978 2332 timere,
3040 2264 3139 2320 sed
3172 2264 3334 2331 vade,
3385 2266 3441 2317 et
3471 2262 3560 2317 fac

176 2350 312 2417 abiit,
342 2357 396 2406 et
418 2351 667 2407 servivit
697 2349 858 2418 Baal,
893 2358 950 2406 et
1000 2350 1267 2407 anoravit
1295 2367 1451 2405 eum.
1512 2350 1581 2405 Et
1608 2352 1803 2423 posuit
1913 2351 2067 2408 sicut
2094 2353 2334 2411 dixisti:
2392 2360 2793 2412 verumtamen
2850 2353 2995 2410 mibi
3053 2352 3311 2425 primum
3370 2350 3459 2407 fac
3489 2351 3561 2407 de

179 2455 311 2495 aram
355 2440 485 2496 Baal
518 2440 582 2496 in
620 2440 841 2512 templo
874 2439 1032 2507 Baal,
1086 2440 1238 2511 quod
1301 2440 1686 2495 aediﬁcaverat
1741 2441 1796 2495 in
1909 2440 2040 2513 ipsa
2079 2444 2335 2501 farinula
2364 2445 2820 2502 subcinericium
2867 2460 3073 2515 panem
3108 2442 3443 2514 parvulum,
3502 2444 3560 2497 et

178 2528 422 2597 Samaria,
449 2534 505 2586 et
543 2528 839 2603 plantavit
895 2528 1092 2586 lucum
1129 2545 1143 2583 :
1176 2533 1233 2584 et
1261 2529 1490 2584 addidit
1523 2528 1685 2585 Ahab
1738 2530 1796 2585 iu
1908 2531 2051 2587 aﬁ’er
2079 2534 2151 2588 ad
2186 2550 2313 2590 me:
2349 2534 2455 2590 tibi
2486 2539 2681 2590 autem
2740 2540 2799 2590 et
2837 2533 2956 2589 ﬁlio
2989 2538 3090 2588 tuo
3121 2531 3299 2587 facies
3333 2534 3555 2601 postea.

177 2633 317 2688 opere
346 2636 467 2686 suo,
498 2619 748 2675 irritans
801 2618 1113 2675 Dominum
1144 2619 1327 2674 Deum
1362 2618 1559 2685 Israel,
1621 2635 1799 2690 super
1905 2622 2039 2675 Haec
2082 2627 2277 2679 autem
2338 2624 2478 2679 dicit
2510 2625 2793 2680 Dominus
2853 2624 3003 2678 Deus
3062 2621 3287 2678 Israel:
3340 2619 3557 2692 Hydria

176 2722 348 2764 omnes
378 2725 540 2782 reges
568 2708 752 2764 Israel
784 2709 884 2780 qui
914 2710 1149 2764 fuerunt
1164 2713 1297 2763 ante
1319 2725 1475 2764 eum.
1501 2708 1561 2763 In
1588 2708 1797 2763 diebus
1896 2710 2105 2780 jarinaa
2138 2728 2253 2767 non
2303 2712 2553 2777 deﬁciet,
2612 2729 2719 2768 nec
2775 2712 3041 2781 lecythus
3088 2710 3197 2766 olei
3257 2709 3557 2765 minuetur

172 2796 277 2865 ejus
304 2798 607 2853 ediﬁcavit
634 2797 801 2854 Ahiel
833 2799 903 2853 de
950 2798 1216 2865 Both-El,
1265 2797 1499 2853 Jericho
1532 2798 1627 2853 :in
1657 2798 1794 2853 Abi-
1906 2815 2096 2870 usque
2127 2801 2198 2856 ad
2232 2801 2411 2867 diem,
2444 2803 2502 2857 in
2528 2819 2645 2873 qua
2673 2802 2922 2857 daturus
2952 2808 3039 2855 est
3070 2800 3358 2855 Dominus
3418 2798 3553 2869 plu-

172 2899 271 2938 ram
300 2886 591 2958 primitivo
626 2904 734 2942 suo
765 2886 847 2958 (h.
906 2887 1294 2959 primogenito
1336 2890 1462 2950 suo)
1523 2886 1793 2942 fundavit
1902 2888 2055 2944 viam
2087 2906 2265 2961 super
2295 2892 2501 2947 faciem
2532 2897 2717 2947 terrae.
2750 2892 2887 2955 Quae
2918 2890 3081 2958 abiit,
3139 2894 3198 2944 et
3229 2888 3363 2943 fecit
3382 2888 3553 2959 juxta

168 2989 292 3041 eam,
313 2975 437 3031 etin
459 2977 659 3048 Segub
684 2976 1005 3031 novissimo
1036 2992 1142 3031 suo
1164 2976 1363 3047 posuit
1391 2978 1589 3047 portas
1620 2976 1747 3045 ejus
1773 2991 1786 3030 :
1900 2978 2142 3035 verbum
2175 2980 2309 3035 Eliaa
2345 2997 2358 3034 :
2384 2985 2441 3035 et
2469 2980 2723 3036 comedit
2778 2980 2925 3051 ipse,
2985 2983 3045 3034 et
3094 2977 3218 3047 illa,
3248 2981 3307 3031 et
3334 2976 3548 3031 domus

162 3061 304 3132 juxta
329 3066 566 3121 verbum
608 3064 859 3135 Domini,
911 3064 1065 3136 quod
1090 3063 1323 3120 locutus
1356 3064 1546 3119 fuerat
1576 3063 1633 3118 in
1664 3080 1788 3119 ma-
1900 3066 2064 3136 ejus:
2098 3074 2157 3123 et
2182 3084 2250 3124 ex
2278 3069 2379 3125 illa
2406 3069 2499 3124 die
2558 3069 2767 3141 hydria
2797 3068 2875 3129 (h.
2903 3072 2962 3122 et
3004 3068 3216 3122 domus
3248 3067 3379 3135 ejus
3448 3082 3552 3136 per

172 3166 233 3205 nu
257 3155 418 3209 Josue
448 3154 551 3209 ﬁlii
594 3154 749 3210 Nun.
1828 3226 1857 3231 ᾧ
1900 3154 2049 3222 dies,
2083 3157 2316 3231 hydria)
2377 3159 2573 3215 farinae
2615 3175 2732 3214 non
2757 3158 2991 3225 defecit,
3048 3160 3106 3212 et
3134 3155 3407 3224 Iecythus
3438 3153 3551 3211 olei

228 3240 299 3311 [Τ.
322 3243 469 3299 LXX.
507 3245 656 3315 Cap.
710 3243 903 3314 xvu.)
959 3246 1026 3297 Et
1055 3241 1205 3297 dixit
1273 3240 1424 3296 Elias
1476 3241 1785 3298 Thesbites
1817 3226 1859 3292 C
1899 3262 2014 3300 non
2038 3226 2525 3315 estvimminutus,
2551 3248 2721 3317 juxta
2740 3247 2982 3301 verbum
3012 3243 3262 3310 Domini,
3289 3244 3442 3314 quod
3472 3242 3552 3299 lo-

171 3329 236 3399 (h.
265 3332 488 3403 advena)
522 3331 999 3400 de,hahitoribus
1031 3330 1111 3402 (h.
1153 3331 1224 3385 de
1284 3329 1547 3403 advenis)
1582 3330 1797 3387 Galaad
1910 3342 2081 3392 cntut-
2115 3336 2305 3393 fuerat
2332 3337 2393 3392 in
2425 3354 2603 3392 manu
2654 3336 2810 3392 Eliaa.
2868 3338 2952 3407 (T.
3017 3333 3255 3406 LXXV.)
3316 3334 3551 3389 Factum

176 3419 235 3473 ad
260 3420 455 3478 Ahab:
498 3423 667 3477 Vivit
718 3421 1005 3487 Dominus
1043 3421 1198 3476 Deus
1259 3419 1457 3491 Israel,
1518 3423 1575 3474 in
1627 3421 1799 3491 cujus
1908 3430 1998 3480 est
2048 3430 2242 3482 autem
2305 3431 2435 3497 post
2485 3426 2661 3481 verba
2714 3425 2875 3496 (Vulg
2931 3428 3115 3479 tacent
3162 3423 3353 3491 verba)
3409 3422 3552 3489 haec,

177 3516 452 3582 conspectu
486 3518 585 3569 sto
630 3510 715 3583 (h.
776 3510 983 3583 stetit),
1015 3509 1191 3567 sieril
1237 3509 1407 3565 annis
1466 3509 1558 3565 bis
1589 3526 1685 3565 r08
1742 3514 1799 3565 et
1906 3516 2212 3588 aegrotavit
2242 3516 2399 3571 ﬁlius
2456 3514 2723 3571 mulieris
2782 3512 3248 3581 matrisfamiliai,
3314 3515 3374 3567 et
3428 3515 3555 3567 erat

178 3596 363 3672 pluvia,
395 3602 504 3658 nisi
527 3603 709 3674 juxta
740 3600 856 3655 oris
906 3600 1019 3655 mei
1050 3599 1250 3656 verba.
1303 3600 1374 3654 Et
1431 3599 1648 3654 factum
1705 3603 1797 3654 est
1905 3604 2155 3677 languor
2185 3607 2314 3676 ejus
2346 3605 2510 3660 fortis
2541 3603 2719 3659 nimis
2751 3605 2935 3673 (ms.et
2968 3603 3119 3673 Vulg.
3152 3608 3334 3657 tacent
3382 3600 3550 3671 ejus;

173 3688 379 3746 verbum
409 3689 650 3747 Domini
682 3690 753 3744 ad
786 3705 942 3760 eum,
992 3688 1193 3744 dicens
1226 3705 1239 3744 :
1276 3689 1499 3745 Recede
1550 3688 1709 3760 hinc,
1741 3693 1798 3744 et
1902 3696 2021 3748 tum
2058 3695 2209 3763 Vulg.
2270 3693 2630 3750 fortissimus
2655 3708 2755 3764 pro
2789 3692 2953 3747 tortis
2985 3691 3206 3762 nimis),
3227 3689 3310 3745 ita
3339 3692 3404 3743 ut
3436 3704 3551 3744 non

176 3777 298 3832 "de
325 3786 522 3836 contra
579 3778 887 3844 orientem.
919 3783 978 3834 et
1028 3779 1387 3834 abscondere
1421 3780 1478 3834 in
1534 3783 1796 3834 tOPI‘enl-e
1903 3790 2231 3840 remaneret
2260 3785 2317 3839 in
2350 3800 2416 3839 eo
2447 3783 2689 3837 halitus.
2709 3781 2864 3836 Dixit
2884 3796 3021 3850 ergo
3045 3780 3115 3836 ad
3138 3780 3321 3833 Eiiam
3358 3796 3371 3833 :
3404 3779 3550 3844 Quid

168 3866 357 3939 Carith,
378 3870 474 3941 qui
507 3874 606 3925 est
628 3875 832 3924 contra
857 3868 1197 3936 Jordanem,
1231 3873 1289 3923 et
1320 3868 1401 3923 ibi
1433 3868 1502 3923 de
1533 3872 1791 3924 torrente
1902 3873 2047 3928 mibi
2080 3878 2137 3929 et
2152 3873 2282 3941 tibi,
2312 3873 2398 3929 vir
2425 3872 2577 3927 Dei?
2624 3872 2927 3941 ingressus
2952 3886 3015 3925 es
3035 3870 3106 3925 ad
3126 3883 3241 3933 me,
3267 3869 3328 3923 ut
3358 3883 3546 3922 remo-

170 3953 342 4015 bibes:
375 3960 688 4029 corvisque
727 3958 977 4030 praecepi
1010 3962 1074 4013 ut
1129 3965 1375 4030 pascant
1413 3963 1468 4013 te
1497 3958 1601 4013 ibi.
1637 3958 1793 4014 Abiit
1900 3967 2171 4017 rarentur
2236 3961 2578 4032 iniquitates
2640 3976 2800 4020 meai.
2857 3964 2917 4014 et
2942 3958 3300 4012 interﬁceres
3358 3956 3545 4011 ﬁlium

166 4060 297 4118 ergo,
326 4052 381 4104 et
400 4048 536 4105 fecit
556 4048 984 4120 juxtaverbum
1006 4047 1239 4103 Domini
1267 4064 1280 4102 :
1325 4063 1579 4118 cumque
1608 4049 1786 4103 abiis-
1899 4067 2095 4107 meum
2118 4053 2145 4107 ?
2176 4053 2241 4106 Et
2272 4052 2353 4107 ait
2382 4052 2449 4106 ad
2481 4066 2609 4105 eam
2644 4050 2830 4121 (Vulg.
2872 4047 2997 4102 add.
3031 4046 3208 4116 Elias)
3239 4061 3253 4100 :
3287 4045 3370 4101 Da
3400 4045 3543 4101 mibi

222 4245 236 4277 ¹
262 4243 478 4317 Numine
509 4245 722 4311 Somer,
753 4245 819 4317 id,
846 4249 927 4301 est
956 4248 1192 4301 montem
1220 4244 1459 4317 Domini,
1504 4244 1597 4300 vel
1623 4262 1783 4301 mon-
1894 4248 2165 4305 rumdam
2200 4246 2581 4317 antiquorum
2606 4244 2983 4300 Hebraeorum
3026 4240 3291 4298 codicum
3323 4242 3544 4295 temere

162 4315 251 4367 tem
276 4315 572 4397 samariaz.
612 4316 953 4397 Imperitum
978 4317 1147 4397 istud
1184 4316 1491 4397 glossema
1521 4318 1780 4397 positum
1894 4315 2415 4397 reprehendamus:
2450 4322 2638 4397 MA_lt'l‘.

164 4388 455 4460 reperimus
479 4389 540 4444 in
575 4385 739 4443 sacro
761 4393 1035 4446 contextu
1059 4385 1222 4459 Regii
1240 4388 1462 4460 codicis
1490 4385 1595 4444 ms.
1626 4391 1780 4460 quod
1961 4385 2031 4431 '—
2063 4391 2281 4445 Iterum
2315 4406 2382 4444 ex
2401 4389 2509 4444 hoc
2530 4390 2651 4445 loco
2673 4386 2941 4460 colligere
2963 4390 3072 4460 est,
3093 4402 3207 4441 non
3229 4385 3539 4460 Hebraeum

267 4460 537 4516 adnotare
569 4476 757 4531 operai
814 4460 1078 4533 pretium
1113 4453 1272 4527 duxi,
1306 4466 1369 4533 ut
1418 4453 1779 4530 exploratum
1891 4462 2295 4533 archetypum,
2326 4462 2435 4533 sed
2464 4461 2739 4516 Latinum
2772 4453 3087 4529 quodpiam
3136 4456 3539 4533 apographuin

162 4523 383 4603 habeant
410 4523 645 4597 omnes,
704 4523 891 4587 multa
930 4523 1273 4598 hujusmodi
1306 4523 1663 4603 glossemata
1718 4534 1776 4588 in
1816 4602 1819 4603 ν
1890 4523 2117 4589 laudari
2134 4523 2222 4587 'ab
2256 4523 2589 4587 scholiaste.
2614 4523 2959 4601 Quanquam
2994 4546 3108 4583 non
3141 4523 3412 4583 Hebraeus
3442 4545 3542 4603 so-

158 4599 437 4675 §cripturae
468 4607 809 4660 contextum
841 4620 973 4658 cum
1006 4599 1442 4675 Graecumﬂum
1482 4603 1779 4675 Latinum,
1811 4602 1859 4665 D
1892 4606 2037 4671 lum,
2062 4606 2161 4659 sed
2195 4610 2252 4659 et
2282 4604 2471 4659 caeteri
2498 4604 2632 4658 libri
2662 4599 2867 4658 omnes
2890 4605 3033 4675 quot
3080 4605 3419 4675 supersunt,
3452 4601 3540 4656 vi-

159 4667 1235 4751 librariorumimperitia_ettemeritate
1251 4667 1779 4751 antiquitusfuisse
1888 4667 2036 4751 ginti
2066 4677 2217 4751 duos
2247 4682 2473 4751 tantum
2509 4675 2671 4747 regni
2702 4667 3465 4751 annos'Achabo'tribunnt.

162 4738 370 4800 inducta
400 4763 413 4801 :
448 4738 789 4817 quanquam
822 4746 944 4801 hzsc
1002 4752 1271 4801 auctores
1302 4738 1662 4802 scb'oliorum
1704 4750 1775 4803 ad
1888 4738 1923 4751 υ
1958 4750 1979 4783 ³
2011 4754 2124 4805 Itat
2152 4747 2293 4817 legit
2321 4748 2517 4803 Canou
2559 4738 2924 4802 emendatus.
2948 4816 2957 4817 ί
2982 4744 3294 4817 Caeteriad
3354 4762 3536 4801 unum

160 4817 425 4889 margines
452 4815 740 4874 librorum
764 4818 1183 4889 apposuissent
1212 4834 1315 4888 pro
1339 4816 1621 4873 lectorum
1645 4835 1776 4875 eru-
1889 4835 2034 4876 mss.
2069 4815 2299 4875 codices
2354 4818 2623 4873 Melhhaal
2680 4823 2781 4873 aut
2837 4816 3140 4889 Methabaal
3192 4815 3429 4889 habent,
3480 4823 3539 4873 et

159 4883 591 4974 ἀίξὶςιιθεΜΑιιτ..
705 4967 715 4974 ι
802 4883 924 4974 ".-
1099 4964 1108 4974 ι
1214 4883 1230 4888 ’
1275 4959 1290 4974 ἱ
1358 4957 1391 4974 μ
1474 4963 1484 4974 Δ
1629 4960 1675 4974 Η
1742 4962 1755 4974 ι
1887 4891 2127 4974 proclivi
2152 4899 2305 4974 certe
2326 4890 2495 4974 lapsu
2518 4888 3535 4974 proptermimmediatepraaced‘ens

216 4957 233 4989 ³
254 4957 403 5016 Unde
460 4962 799 5033 expiscatus
855 4960 933 5016 sit
984 4964 1184 5016 noster
1212 4957 1559 5033 scholiastes
1614 4960 1778 5017 Ahab
1888 4957 1946 5019 in
1979 4980 2117 5019 voce
2146 4962 2347 5033 ﬁliam.
2383 4957 2533 5025 Quis
2556 4957 2777 5033 nesciat
2806 4961 3028 5016 centies
3059 4976 3126 5015 ac
3156 4957 3348 5016 milles
3379 4960 3531 5015 idem

157 5025 258 5107 give
285 5033 476 5107 Achab
499 5025 706 5107 viginti
760 5036 817 5087 et
848 5035 1121 5107 quatuor,
1159 5032 1331 5107 annis
1388 5048 1661 5107 regnasse
1699 5033 1774 5107 in
1888 5025 2208 5107 contigisse
2238 5033 2606 5104 antiquariis,
2642 5031 3019 5107 utelementa
3039 5032 3355 5107 verborum
3389 5048 3532 5107 pris:

157 5095 412 5181 Samaria,
445 5095 639 5181 adhuc
682 5095 1025 5181 ignoramus
1060 5121 1081 5181 :_
1106 5104 1165 5181 in
1218 5095 1564 5181 Polyglottis
1620 5105 1774 5161 enim
1889 5095 2221 5181 cedenutium
2271 5095 2403 5161 eum
2453 5095 2840 5176 sequentibus
2896 5103 3087 5161 verbis
3144 5095 3535 5174 copularent?

158 5175 403 5231 universa
431 5177 502 5232 ad
540 5175 847 5231 numerum
878 5175 1083 5245 viginti
1118 5179 1175 5230 et
1203 5176 1453 5231 duorum
1486 5192 1777 5231 annorum
1888 5180 2077 5235 MART.

156 5256 386 5320 gousona
467 5247 859 5319 reperiuntur.
920 5248 1069 5320 Tria
1113 5262 1379 5320 quoque,
1415 5248 1775 5320 exemplaria
1958 5282 2026 5292 ——
2060 5255 2375 5305 Veronens.
2411 5264 2564 5320 ms.,r
2588 5247 2859 5320 Methle
2889 5263 2901 5304 :
2940 5245 3439 5320 quemadmodum
3471 5246 3530 5320 in

155 5313 411 5394 Hebraicis:
434 5313 582 5374 mss.
605 5336 731 5391 quas
753 5335 887 5394 cum
937 5319 1110 5394 editis
1130 5313 1780 5394 :coritulimus,_viginti
1888 5322 2185 5394 plerisque
2217 5320 2348 5376 aliis
2402 5313 2776 5376 Martiancus
2806 5313 3045 5394 invenit:
3076 5335 3145 5373 ex
3175 5317 3345 5394 obvio
3379 5316 3530 5371 Lati-

155 5388 200 5463 ξι
225 5388 363 5463 duos
393 5406 582 5447 annos
612 5388 934 5447 renuntiat.
969 5391 1225 5463 Tabulae,
1255 5392 1492 5463 demum
1528 5388 1778 5447 chrono-
1889 5388 2106 5450 norum
2124 5393 2447 5448 scribarum
2476 5409 2693 5458 errore,
2726 5392 2826 5463 qui
2857 5392 3106 5446 litteram
3141 5393 3531 5463 prostremam

156 5451 334 5540 logica:
388 5462 1105 5540 apud_historiograpbos
1150 5462 1294 5517 nihil
1382 5462 1660 5540 differunt
1716 5464 1775 5519 in
1888 5465 2272 5537 praecedentis
2301 5464 2561 5540 proxime
2615 5451 2771 5540 vocis
2826 5465 3025 5534 ﬁliam,
3082 5451 3407 5532 geminant,
3463 5477 3531 5518 ao

159 5533 308 5606 anuis
346 5533 509 5604 regni
544 5534 731 5606 Ahab.
767 5533 971 5605 Itaque
1000 5534 1095 5590 hic
1128 5534 1401 5606 suspensi
1462 5533 1776 5606 haeremus,
1888 5533 2250 5595 transferunt
2277 5533 2348 5591 ad
2380 5552 2629 5605 sequens
2659 5539 2921 5592 verbum.

160 5613 220 5678 ne
246 5600 476 5678 lapsum
503 5604 755 5678 aliquem
785 5600 1078 5662 memoriae
1129 5600 1581 5678 diligentissimo
1612 5600 1778 5663 schoé
1960 5611 1980 5645 ⁴
2010 5609 2330 5665 Veronens.
2365 5600 2478 5663 ms:
2510 5612 2666 5666 tacet
2685 5607 2758 5677 ei,
2783 5606 2935 5677 quod
2962 5604 3200 5676 quidem
3224 5619 3414 5677 neque
3439 5608 3529 5663 est

159 5665 319 5731 liasti'
340 5665 744 5753 impingentes,
765 5678 1087 5738 variantem
1135 5665 1282 5737 forte
1302 5676 1611 5737 lectionem
1632 5694 1777 5753 quo-
1886 5680 1946 5741 iu
1978 5681 2217 5740 Hebrao
2241 5679 2526 5737 additum.
