3938 6174
423 332 529 390 763

1455 344 1512 395 Β.
1554 337 1964 394 HIERONYMI
2002 342 2255 397 DIVINA
2290 343 2792 399 BIBLIOTHBCA.

3674 349 3755 405 764

422 459 542 516 ﬁliu
566 466 832 523 mtuum.
872 465 1138 540 Tolitque
1161 484 1295 523 eum
1319 467 1389 522 de
1419 468 1551 522 sinu
1571 466 1721 536 ejus,
1741 468 1798 519 et
1818 466 2067 537 portavit
2096 472 2149 536 Α
2180 469 2358 525 Adest
2386 468 2564 526 Elias.
2599 468 2861 541 Cumque
2919 485 3210 526 recessero
3251 487 3283 526 a
3311 474 3385 539 te,
3413 471 3639 543 Spiritus
3664 476 3745 531 Do-

451 568 483 605 n
519 556 905 622 ccenaculum,
940 556 1037 611 ubi
1072 557 1197 628 ipse
1225 556 1518 624 manebat,
1559 559 1616 609 et
1650 556 1845 622 posuit
1897 573 2072 626 super

425 642 719 699 lectulum
758 662 933 701 suum
976 647 1374 719 (ms.lectum).
1400 648 1467 701 Et
1480 645 1752 702 clamavit
1772 646 1843 701 ad
1869 647 2071 702 Domi-

424 752 589 800 num,
652 740 708 791 et
755 737 947 793 dixit:
1026 738 1269 793 Domine
1330 737 1484 793 Deus
1541 750 1725 802 meus,
1815 736 2070 792 etiamne

420 825 685 894 viduam,
751 827 905 897 apud
961 843 1139 898 quam
1191 842 1295 898 ego
1355 826 1689 895 utumque'
1747 829 2069 896 sustentor,

418 914 697 983 all‘lixisti,
724 916 1161 971 utinterliceres
1187 916 1378 969 filium
1404 915 1566 984 ejus?
1600 914 1671 969 Et
1691 914 1966 984 expandit
1985 931 2066 981 se,

419 1012 597 1077 atque
642 1023 884 1062 mensus
943 1016 1027 1060 est
1088 1021 1266 1076 super
1315 1019 1558 1075 puerum
1593 1002 1671 1073 (h.
1738 1001 2071 1074 parvulum)

419 1096 610 1151 tribus
644 1096 891 1161 vicibus,
920 1094 1309 1164 clamavitque
1360 1094 1430 1147 ad
1464 1092 1800 1159 Dominum,
1834 1098 1893 1146 et
1948 1093 2065 1147 ait:

422 1191 663 1242 Domine
694 1187 847 1241 Deus
880 1201 1068 1251 meus,
1102 1186 1441 1249 revertatur,
1500 1198 1622 1249 oro,
1658 1182 1853 1238 anima
1904 1182 2067 1253 pueri

422 1273 507 1345 (h.
552 1274 801 1345 parvuli)
860 1273 1039 1343 hujus
1072 1274 1129 1327 in
1161 1273 1382 1327 viscera
1447 1273 1596 1341 ejus.
1656 1276 1731 1326 Et
1773 1272 2069 1327 exaudivit

424 1364 705 1419 Dominus
738 1380 935 1419 vocem
970 1362 1104 1417 Eliae
1138 1379 1149 1417 :
1184 1366 1241 1417 et
1272 1376 1500 1416 reversa
1529 1366 1617 1416 est
1672 1361 1870 1415 anima
1900 1361 2065 1432 pueri

433 1452 515 1523 (h.
551 1453 800 1524 parvuli)
832 1453 984 1507 intra
1005 1468 1162 1519 eum,
1204 1457 1261 1507 et
1308 1450 1533 1507 revixit.
1583 1449 1858 1520 Tulitque
1914 1449 2065 1505 Elias

429 1557 675 1611 puerum
694 1541 779 1609 (h.
804 1540 1159 1612 parvulum.)
1192 1545 1249 1594 et
1278 1538 1550 1610 deposuit
1578 1554 1712 1593 eum
1744 1538 1814 1593 de
1870 1555 2064 1593 omna-

423 1629 553 1685 culo
582 1630 641 1685 in
675 1631 1008 1686 inferiorem
1042 1632 1305 1696 domum,
1353 1636 1409 1684 et
1438 1628 1680 1683 tradidit
1719 1626 1891 1682 matri
1923 1645 2062 1697 suae,

422 1725 479 1775 et
507 1720 589 1774 ait
618 1719 701 1774 illi
736 1735 750 1774 :
786 1724 864 1773 En
889 1718 1028 1774 vivit
1058 1718 1213 1774 ﬁlius
1238 1724 1375 1774 tuus
1404 1718 1485 1788 (h.
1537 1716 1701 1786 Vide,
1737 1716 1877 1771 vivit
1908 1715 2065 1771 filius

2182 557 2325 612 mini
2358 557 2678 629 asportabit
2709 563 2767 614 te
2799 557 2857 613 in
2918 558 3114 615 locum
3152 576 3323 632 quem
3377 576 3475 632 ego
3504 562 3692 633 ignem,
3716 569 3758 621 et

2179 645 2484 719 ingressus
2517 648 2800 703 nuntiabo
2859 648 3123 716 Ahab,et
3175 665 3286 704 non
3340 649 3615 706 inveniens
3662 654 3759 721 te‘,

2180 735 2491 792 interﬁciet
2517 753 2645 792 me:
2681 754 2887 793 servus
2916 743 3111 793 autem
3142 744 3277 793 tuus
3310 739 3468 793 timet
3503 739 3759 799 Dominum

2181 826 2253 881 ab
2285 826 2531 882 infantia
2586 844 2711 882 sua.
2746 827 3023 899 Nunquid
3085 845 3195 883 non
3236 827 3546 883 indicatum
3575 836 3651 884 est
3682 831 3760 888 tibi

2180 914 2417 969 domlno
2438 931 2586 984 meo,
2607 916 2747 985 quid
2791 916 3027 972 fecerim
3061 933 3194 971 cum
3226 916 3561 972 interﬁceret
3585 918 3761 974 Iezabel

2180 1002 2493 1075 prophetas
2526 1003 2778 1074 Domini,
2812 1006 2967 1076 quod
2999 1004 3401 1061 absconderim
3431 1006 3498 1061 de
3515 1006 3762 1078 prophetis

2178 1091 2411 1148 Domini
2445 1099 2680 1148 centum
2731 1093 2905 1161 viros,
2964 1094 3410 1165 quinquagenos
3457 1098 3507 1149 et
3542 1095 3614 1163 (h,
3672 1112 3759 1150 non

2176 1180 2373 1251 habet)
2405 1181 2853 1253 quinquagenos
2884 1182 2943 1238 in
2998 1182 3318 1255 speluncis,
3356 1188 3412 1239 et
3442 1184 3669 1254 pavet-im
3694 1200 3767 1239 eos

2177 1286 2326 1339 pane
2356 1276 2413 1325 et
2444 1287 2596 1339 aqua
2625 1269 2652 1325 ?
2695 1272 2762 1326 Et
2820 1289 2975 1327 nunc
3034 1276 3097 1327 tu
3157 1272 3349 1327 dicis:
3395 1273 3563 1343 Vade,
3607 1278 3655 1326 et
3694 1273 3764 1327 dic

2175 1358 2413 1415 domino
2444 1364 2543 1415 tuo
2580 1361 2798 1416 :Adest
2825 1360 3006 1428 Elias,
3064 1366 3128 1415 ut
3183 1361 3489 1417 interticiat
3541 1365 3668 1416 me?
3713 1361 3763 1415 Et

2175 1448 2319 1502 dixit
2350 1447 2503 1502 Elias
2535 1464 2547 1503 :
2573 1448 2730 1504 Vivit
2754 1449 3040 1505 Dominus
3070 1450 3451 1520 exercituum,
3481 1454 3601 1505 ante
3626 1450 3762 1520 cujus

2175 1537 2404 1592 vultum
2439 1542 2527 1593 sto
2559 1538 2636 1608 (h.
2665 1539 2850 1609 steti),
2879 1539 3018 1610 quia
3042 1539 3210 1594 hodie
3236 1540 3520 1611 apparebo
3548 1538 3612 1594 ei.
3640 1538 3762 1594 Abiit

2174 1643 2306 1697 ergo
2329 1627 2546 1683 Abdias
2578 1627 2636 1682 in
2686 1643 2992 1683 occursum
3048 1628 3239 1700 Ahab)
3297 1633 3353 1683 et
3410 1628 3662 1683 indicavit
3706 1627 3763 1683 ei.

2174 1714 2461 1786 Venitque
2491 1715 2648 1771 Ahab
2682 1716 2739 1770 in
2773 1732 3083 1772 occursum
3116 1716 3269 1772 Eliaa.
3299 1716 3383 1785 (T.
3417 1715 3693 1785 LXXVIII.)
3718 1718 3767 1769 Et

420 1809 604 1879 tuus).
638 1807 908 1879 Dixitque
968 1807 1180 1863 mulier
1236 1808 1305 1862 ad
1360 1806 1545 1862 Eliam
1568 1824 1579 1861 :
1606 1806 1771 1861 Nunc
1831 1805 1889 1860 in
1952 1806 2063 1861 isto
2098 1840 2142 1904 Β
2175 1821 2308 1859 cum
2340 1804 2581 1861 vidisset
2608 1822 2765 1875 eum,
2799 1807 2915 1861 ait:
2940 1806 3105 1861 Tune
3136 1822 3200 1862 es
3232 1804 3353 1871 ille,
3379 1806 3475 1877 qui
3506 1804 3770 1860 conturbas

422 1898 685 1968 cognovi,
719 1898 997 1968 quoniam
1022 1897 1108 1951 vir
1137 1897 1238 1951 Dei
1269 1913 1330 1951 es
1363 1904 1444 1964 tu,
1476 1902 1533 1951 et
1562 1895 1802 1950 verbum
1832 1894 2064 1949 Domini

419 1985 477 2040 in
503 2003 601 2041 ore
632 1991 733 2041 tuo
767 2003 966 2042 verum
1027 1994 1104 2041 est
1134 1985 1213 2048 (h.
1249 2002 1365 2040 non
1398 1984 1614 2055 habet).

492 2076 580 2141 (T.
622 2075 911 2130 LXXXVI.
949 2077 1079 2146 Lap.
1131 2074 1351 2144 XVIII.)
1378 2073 1515 2129 Post
1545 2074 1671 2129 dies
1696 2073 1912 2128 multos
1940 2089 2065 2128 ver-

423 2166 565 2220 bum
592 2164 823 2220 Domini
857 2165 1075 2219 factum
1098 2170 1188 2219 est
1216 2164 1287 2219 ad
1319 2162 1524 2229 Eliam,
1576 2165 1633 2217 in
1667 2179 1820 2218 anno
1874 2162 2066 2229 tertio,

422 2254 622 2309 dicens
657 2271 669 2308 :
707 2253 877 2320 Vade,
912 2258 968 2308 et
994 2254 1235 2308 ostende
1258 2257 1312 2307 te
1345 2252 1503 2306 Abab
1536 2257 1599 2306 ut
1646 2253 1777 2307 dem
1811 2250 2067 2323 pluviam

421 2358 599 2412 super
630 2343 835 2397 faciem
867 2347 1053 2397 terrae.
1080 2341 1342 2413 Ivitergo
1365 2340 1624 2407 Elias,ut
1645 2341 1977 2396 ostenderet
2008 2356 2070 2394 se

421 2430 633 2487 Ahab:
686 2436 774 2486 est
814 2437 1007 2486 autem
1058 2432 1243 2487 fames
1298 2431 1613 2488 vehemens
1672 2431 1730 2485 in
1782 2428 2068 2485 Samaria.

419 2520 773 2592 Vocavitque
820 2520 988 2575 Ahab
1032 2520 1279 2575 Abdiam
1341 2521 1803 2591 dispensatorem
1861 2521 2070 2574 domus

422 2626 581 2666 suae:
612 2609 829 2665 Abdias
857 2613 1052 2665 autem
1084 2610 1330 2665 timebat
1358 2609 1670 2665 Dominum
1705 2608 1889 2664 valde.
1923 2607 2067 2664 Nam

421 2714 551 2754 cum
588 2697 941 2753 interficeret
968 2696 1200 2753 Jezabel
1241 2698 1322 2769 (h.
1366 2696 1576 2768 Isabel)
1610 2696 1924 2769 prophetas
1956 2697 2071 2752 Do-

427 2788 594 2853 mini,
633 2786 881 2842 tulitille
912 2792 1150 2841 centum
1183 2786 1521 2857 prophetas,
1555 2793 1610 2843 et
1640 2786 1949 2842 abscondit
1974 2802 2073 2842 eos

425 2876 872 2949 quinquagenos
904 2875 961 2930 in
990 2875 1287 2947 speluncis
1318 2876 1359 2943 ²,
1394 2880 1451 2931 et
1507 2877 1665 2948 pavit
1693 2893 1793 2932 eos
1825 2892 1971 2946 pane
2019 2878 2075 2930 et

419 2983 592 3037 aqua.
628 2965 780 3020 Dixit
809 2981 945 3036 ergo
966 2965 1128 3020 Ahab
1160 2966 1230 3020 ad
1256 2965 1503 3021 Abdiam
1530 2982 1542 3020 :
1577 2965 1733 3021 Vade
1766 2966 1825 3020 in
1856 2969 2072 3020 terram

419 3057 491 3111 ad
526 3056 834 3111 universos
863 3056 1051 3110 fontes
1083 3070 1394 3125 aquarum,
1428 3054 1564 3110 etin
1593 3060 1837 3110 cunctas
1867 3053 2071 3124 valles,

422 3145 474 3199 si
513 3146 660 3199 forte
688 3144 949 3198 invenire
982 3143 1276 3215 possimus
1298 3144 1421 3214 (ms.
1446 3144 1776 3215 possemus)
1810 3144 2072 3205 herbam.

2175 1894 2256 1965 (h.
2288 1896 2641 1966 conturbans)
2699 1895 2934 1951 Israel?
2978 1896 3043 1950 Ει
3091 1894 3189 1950 illc
3246 1896 3376 1951 ait:
3438 1894 3556 1950 Non
3587 1891 3773 1948 turbavi

2170 1982 2356 2055 (Vulg.
2391 1984 2517 2039 add.
2552 1985 2682 2057 ego)
2719 1984 3029 2055 Israel,sed
3070 1990 3129 2040 tu
3155 1990 3245 2041 est
3283 1985 3489 2041 domus
3518 1983 3678 2055 patris
3695 1980 3777 2047 tui,

2171 2073 2272 2143 qui
2304 2071 2699 2144 dereliquistis
2723 2074 2997 2129 mandata
3026 2074 3261 2129 Domini
3293 2074 3334 2141 ⁸,
3368 2078 3424 2129 et
3473 2072 3641 2129 secuti
3664 2071 3774 2127 estis

2174 2161 2418 2217 Baalim.
2446 2162 2863 2219 Verumtamen
2899 2180 3055 2218 nunc
3113 2164 3309 2229 mitte,
3356 2167 3414 2219 et
3444 2177 3702 2235 congrege
3724 2159 3777 2215 ad

2176 2267 2269 2306 me
2290 2251 2629 2306 universum
2648 2251 2825 2306 Israel
2850 2250 2907 2306 in
2931 2260 3125 2307 monte
3146 2249 3421 2318 Carmeli,
3445 2259 3497 2306 et
3519 2249 3779 2322 prophetas

2175 2340 2309 2396 Baal
2361 2339 2823 2413 quadringentos
2872 2340 3328 2413 quinquaginta,
3407 2339 3779 2411 prophetasque

2175 2430 2442 2486 lucorum
2498 2430 2939 2501 quadragintos,
2987 2430 3089 2503 qui
3137 2431 3459 2486 comedunt
3511 2430 3576 2484 de
3621 2442 3782 2482 mensa

2175 2519 2427 2575 Jesahel.
2463 2519 2623 2574 Misit
2652 2518 2817 2574 Ahab
2848 2520 2917 2575 ad
2951 2536 3158 2575 omnes
3189 2519 3348 2575 ﬁlios
3380 2516 3574 2585 Israel,
3599 2521 3650 2572 et
3671 2531 3782 2571 con-

2177 2609 2437 2681 gregavit
2470 2608 2781 2679 prophetas
2823 2608 2882 2662 in
2918 2613 3116 2663 monte
3173 2607 3452 2664 Carmeli.
3484 2606 3565 2676 (T.
3598 2602 3777 2671 LXIX.)

2177 2698 2478 2754 Accedens
2511 2698 2704 2752 auiem
2767 2696 2925 2752 Elias
2958 2697 3031 2753 ad
3063 2712 3305 2753 omnem
3368 2692 3656 2768 populum,
3682 2691 3783 2748 ait:

2178 2788 2497 2858 Usquequo
2550 2785 2894 2841 claudicatis
2917 2786 2974 2840 in
3007 2787 3155 2841 duas
3187 2784 3435 2858 partes?
3465 2784 3512 2839 si
3544 2781 3782 2839 Dominus

2178 2883 2268 2934 est
2296 2877 2471 2944 Deus,
2494 2876 2812 2947 sequimini
2836 2892 2970 2931 eum
2998 2893 3011 2931 :
3037 2875 3087 2930 si
3109 2880 3312 2931 autem
3333 2873 3486 2945 Baal,
3514 2867 3787 2943 sequimini

2180 2966 2369 3021 illum.
2398 2967 2471 3021 Et
2497 2982 2610 3021 non
2645 2964 2952 3037 respondit
2980 2964 3032 3020 ei
3066 2963 3327 3036 populus
3357 2963 3611 3019 verbum.
3632 2960 3692 3014 Et
3727 2956 3789 3011 ait

2186 3073 2392 3112 rursus
2425 3054 2576 3110 Elias
2608 3054 2679 3110 ad
2714 3053 2995 3126 populum
3034 3070 3046 3109 :
3080 3054 3197 3125 Ego
3230 3053 3494 3109 remansi
3551 3048 3788 3123 propheta

2189 3144 2420 3201 Domini
2452 3144 2614 3200 solus
2648 3164 2661 3211 ;
2697 3144 2991 3215 propheta
3016 3149 3211 3198 autem
3281 3141 3422 3199 Baal
3452 3134 3789 3213 quadragenti

419 3238 477 3289 et
506 3232 730 3288 salvare
760 3249 943 3304 equos
972 3210 1031 3287 et
1063 3231 1252 3288 mulos
1305 3210 1387 3301 th.
1422 3210 1641 3303 equum
1697 3210 1767 3287 et,
1802 3232 2072 3303 mulum),
2108 3210 2150 3276 (ἶ
2190 3234 2621 3307 quinquaginta
2652 3210 2759 3287 viri
2782 3210 2939 3288 sunt.
2964 3232 3187 3288 Dantur
3217 3232 3395 3288 nobis
3426 3210 3536 3286 duo
3566 3228 3795 3291 boves,et

432 3329 487 3381 et
519 3341 631 3379 non
666 3325 902 3394 penitus
930 3325 1199 3393 jumenta
1258 3324 1567 3379 intereant.
1622 3324 2076 3394 Diviseruntque

423 3415 541 3472 sibi
614 3414 880 3483 regiones
934 3413 1011 3481 (h.
1074 3414 1337 3483 terram),
1409 3418 1473 3469 ut
1547 3414 1953 3482 circumirenti
1982 3429 2079 3468 eas

438 3503 521 3575 (h.
545 3506 691 3569 eam)
718 3521 731 3559 :
769 3502 927 3558 Ahab
958 3501 1080 3557 ibat
1106 3518 1208 3573 per
1235 3503 1387 3558 viam
1413 3519 1612 3572 unam,
1646 3508 1702 3559 et
1728 3504 1947 3559 Abdias
1980 3518 2082 3573 per

421 3593 579 3649 viam
602 3592 844 3648 alteram
877 3608 1141 3647 seorsum
1169 3591 1249 3657 (h.
1284 3608 1387 3662 per
1404 3593 1560 3647 viam
1593 3609 1771 3648 unam
1806 3592 1988 3661 solus,
2020 3596 2080 3652 et

427 3682 649 3736 Abdias
709 3698 811 3753 per
868 3680 1023 3735 viam
1092 3680 1334 3736 alteram
1415 3698 1683 3737 seorsum
1751 3683 2077 3757 solus.)(T.

426 3770 733 3841 LXXXVI.)
764 3772 1028 3841 Cumque
1058 3778 1210 3826 esset
1242 3770 1459 3827 Abdias
1507 3773 1565 3825 in
1596 3772 1709 3839 via,
1742 3776 1996 3831 occurrit
2026 3778 2077 3832 ei

432 3860 589 3917 Elias
621 3876 634 3915 :
669 3859 769 3931 qui
818 3876 951 3914 cum
993 3858 1359 3930 cognovisset
1394 3877 1551 3923 eum.
1612 3862 1822 3917 cecidit
1877 3881 2077 3936 super,

425 3950 633 4007 faciem
667 3964 858 4014 suam,
910 3952 967 4003 et
998 3949 1125 4003 ait:
1189 3948 1342 4003 Num
1402 3952 1465 4003 tu
1519 3965 1603 4018 es,
1690 3951 1927 4007 domine
1978 3954 2081 4021 mi,

427 4039 635 4095 Elius?
674 4038 777 4093 Cui
838 4037 935 4092 ille
991 4038 1335 4108 respondit.
1400 4038 1540 4109 Ego.
1592 4038 1771 4106 Vade,
1828 4044 1934 4095 et‘
1988 4043 2081 4098 die

431 4128 671 4184 domino
701 4133 844 4182 tuo:
882 4126 1063 4181 Adest
1118 4125 1285 4181 Elias.
1346 4127 1416 4182 Et
1463 4127 1581 4193 ille,
1638 4128 1808 4198 Quid,
1869 4131 2082 4203 inquit,

429 4217 684 4289 peccavi,
708 4216 989 4287 quoniam
1024 4215 1209 4270 tradis
1235 4230 1327 4269 me
1352 4232 1586 4271 servum
1612 4222 1780 4273 tuum
1811 4218 1868 4273 in
1904 4236 2084 4275 manu

426 4306 617 4372 Ahab,
650 4308 717 4359 ut
745 4304 1059 4360 interficiat
1093 4319 1183 4359 me
1203 4302 1231 4358 ?
1260 4303 1411 4360 Vivit
1444 4305 1723 4363 Dominus
1763 4307 1917 4364 Deus
1945 4314 2088 4366 tuus

434 4392 628 4467 (Vulg.
661 4391 794 4447 add.
830 4390 1014 4461 quia.)
1072 4407 1184 4446 non
1232 4396 1320 4445 est
1351 4407 1495 4463 gens
1525 4398 1627 4449 aut
1674 4411 1939 4465 regnum,
1973 4414 2088 4468 quo

444 4498 559 4538 non
579 4481 808 4536 miserit
830 4480 1109 4535 dominus
1132 4496 1298 4535 meus
1317 4484 1370 4535 te
1394 4482 1736 4553 requirens:
1766 4490 1824 4540 et
1854 4502 2091 4557 respon-

2191 3324 2278 3379 illi
2308 3324 2530 3395 eligant
2563 3324 2747 3394 (Vulg.
2798 3322 2924 3377 add.
2961 3321 3097 3394 sibi)
3157 3322 3369 3377 bovem
3432 3335 3627 3383 unum,
3672 3321 3720 3370 et
3750 3313 3795 3367 in

2192 3414 2380 3469 frusta
2403 3414 2711 3480 caedentes,
2749 3416 3165 3484 ponantsuper
3194 3410 3385 3483 ligna,
3419 3410 3608 3482 ignem
3639 3408 3794 3460 autem

2196 3520 2309 3559 non
2343 3506 2717 3575 supponant:
2768 3506 2825 3557 et
2854 3516 2960 3573 ego
2984 3500 3192 3556 faciam
3254 3500 3468 3556 bovem
3499 3493 3800 3559 alterum,et

2194 3595 2495 3666 imponam
2515 3608 2692 3664 super
2712 3591 2889 3663 ligna,
2911 3592 3107 3663 ignem
3131 3594 3332 3646 autem
3357 3607 3472 3645 non
3496 3597 3798 3658 supponam.

2191 3684 2458 3739 Invocate
2490 3682 2729 3738 nomina
2760 3682 3002 3736 deorum
3034 3682 3367 3735 vestrorum
3410 3679 3493 3751 (h.
3526 3680 3581 3731 in
3621 3670 3801 3729 nomine

2189 3774 2417 3829 deorum
2448 3777 2800 3837 vestrorum,
2831 3776 2888 3825 et
2907 3785 3013 3841 ego
3046 3769 3332 3824 invocabo
3367 3783 3576 3824 nomen
3609 3756 3799 3820 Domini

2192 3862 2355 3933 (Vulg
2380 3861 2514 3916 add.
2550 3859 2709 3928 mei):
2735 3864 2793 3913 et
2818 3862 2968 3914 Deus
3001 3856 3099 3929 qui
3131 3856 3466 3912 exaudierit
3500 3870 3598 3927 per
3625 3853 3800 3924 ignem,

2192 3954 2318 4023 ipse
2349 3951 2428 4005 sit
2460 3954 2630 4004 Deus.
2695 3947 3078 4018 Respondens
3138 3946 3339 4002 omnis
3400 3942 3646 4017 populus
3695 3937 3797 3992 ait:

2193 4041 2424 4111 Optima
2458 4036 2775 4109 propositio
2806 4036 2887 4103 (h.
2922 4035 3145 4090 bonum
3200 4035 3495 4096 verbum).
3528 4029 3671 4088 Dixit
3695 4037 3801 4094 ergo

2194 4128 2349 4184 Elias
2382 4123 2834 4198 prophetisBaal
2871 4141 2885 4178 :
2938 4123 3142 4195 Eligite
3201 4124 3373 4179 vobis
3403 4124 3600 4178 bovem
3657 4125 3804 4171 unum

2195 4224 2253 4274 et
2285 4218 2453 4273 facite
2486 4215 2683 4287 primi,
2715 4215 2854 4286 quia
2907 4230 3007 4269 vos
3037 4214 3237 4285 plures
3270 4213 3417 4270 estis
3440 4231 3459 4268 :
3488 4215 3546 4267 et
3589 4206 3811 4265 invocata

2198 4308 2441 4365 nomina
2470 4306 2714 4361 deorum
2752 4308 3077 4359 vestrorum
3135 4301 3220 4373 (h.
3258 4305 3319 4358 in
3380 4302 3602 4357 nomine
3628 4296 3817 4351 deorum

2196 4397 2545 4468 vestrorum),
2577 4395 2891 4466 ignemque
2943 4409 3058 4448 non
3131 4390 3507 4463 supponatis.
3558 4386 3657 4454 Qui
3708 4392 3815 4437 cum

2200 4487 2475 4543 tulissent
2503 4485 2731 4548 bovem,
2766 4499 2941 4554 quem
2974 4481 3213 4537 dederat
3259 4481 3348 4537 eis
3375 4481 3417 4547 ’,
3469 4477 3716 4534 fecerunt
3742 4470 3815 4523 :et

432 4570 714 4626 dentibus
774 4570 1003 4626 cunctis
1028 4587 1041 4624 :
1071 4569 1200 4623 Non
1260 4575 1349 4624 est
1380 4570 1496 4637 hic,
1565 4572 1860 4643 adjuravit
1911 4555 2085 4647 regna
2115 4581 2160 4645 ο
2195 4576 2543 4632 invocabant
2575 4588 2789 4628 nomen
2838 4570 2977 4626 Baal
3007 4572 3079 4627 de
3131 4586 3306 4626 mane
3355 4583 3548 4641 usque
3576 4565 3644 4622 ad
3674 4555 3816 4619 meri-

451 4659 687 4731 singula
715 4662 771 4714 et
796 4664 1021 4729 gentes,
1053 4674 1119 4714 eo
1151 4659 1307 4730 quod
1336 4658 1572 4715 minime
1630 4663 1987 4733 reperireris.
2021 4668 2089 4721 Et

450 4764 605 4805 nunc
635 4752 698 4803 tu
748 4746 894 4804 dicis
952 4747 1097 4803 mihi
1129 4746 1345 4815 :Vade,
1401 4753 1458 4803 et
1512 4749 1605 4805 dic
1659 4751 1896 4809 domino
1952 4758 2086 4811 tuo:

514 4950 531 4982 ί
566 4944 743 5001 Paulo
795 4944 1004 4999 vitiosa
1026 4944 1318 5015 scriptura
1348 4944 1407 4999 in
1438 4946 1757 5003 Veronens.
1806 4966 1919 5005 ms.
1962 4950 2092 5006 huc-

438 5034 694 5089 cumque,
728 5016 891 5093 quod
930 5016 1449 5093 accipere__malim
1520 5036 1623 5093 pro
1654 5020 1952 5093 hucusque,
1978 5040 2093 5078 non

441 5088 753 5164 utcunque:
787 5090 893 5143 etsi
922 5088 1079 5164 enim
1102 5088 1159 5141 in
1184 5088 1421 5164 Hebraeo
1452 5088 1619 5145 mihil
1642 5094 1719 5146 sit
1740 5088 1893 5164 quod
1927 5093 2098 5150 alter-

446 5165 563 5219 utri
589 5159 715 5243 vovi
750 5159 979 5243 proprie
1023 5160 1393 5243 respondeat,
1450 5159 1981 5243 consonat'tamen
2030 5183 2098 5222 ea

445 5234 638 5307 magis
660 5231 827 5307 sacro
849 5231 1191 5307 contextui:
1226 5236 1282 5286 et
1313 5231 1511 5307 Grfrco
1544 5234 1737 5307 nescio
1768 5236 1859 5290 eui
1908 5237 2095 5292 Hexa-

448 5300 597 5376 plari
676 5304 977 5375 interpreti
1040 5300 1489 5376 probatumén,
1568 5306 1762 5370 adhuc,
1820 5307 1937 5362 sive
1995 5308 2101 5363 huc

443 5375 637 5449 usque.
698 5377 944 5449 Sequior
1030 5375 1409 5430 amanuensis
1485 5377 1543 5430 in
1633 5378 1830 5434 codice
1892 5380 2101 5451 refixit,

443 5460 741 5505 utcunaus.

523 5467 614 5503 :un
656 5465 741 5503 ue.

523 5521 544 5554 ²
570 5465 777 5597 Minori
837 5534 1081 5597 nurnero
1115 5516 1273 5597 idem,
1303 5532 1416 5576 ms.
1440 5518 1611 5597 juxta
1650 5519 1821 5575 Hebr.
1878 5524 1936 5577 in
1968 5538 2101 5597 ape-

453 5589 902 5665 luucu,_Vulgati
933 5590 1023 5645 bis
1064 5588 1283 5665 habent
1312 5598 1364 5644 et
1389 5591 1820 5665 quinquagenos.

536 5661 558 5696 ³
605 5660 763 5719 Idem
790 5660 903 5719 ins.
937 5675 1072 5719 cum
1104 5660 1281 5721 Hebr.
1304 5660 1457 5720 tacet
1483 5660 1552 5733 et,
1575 5660 1828 5738 moxque
1847 5664 2107 5725 habent

2201 4666 2379 4733 diem,
2412 4664 2677 4719 dicentes
2708 4678 2723 4717 :
2758 4659 2915 4726 Baal,
2941 4659 3150 4716 exaudi
3183 4676 3313 4716 nos.
3344 4659 3414 4714 Et
3445 4672 3561 4713 non
3582 4656 3815 4733 eratvox,

2202 4770 2306 4811 nec
2337 4732 2436 4824 qui
2468 4750 2885 4823 responderet:
2921 4747 3456 4820 transiliebantque
3489 4744 3665 4804 altare
3693 4732 3822 4811 quod

2202 4953 2300 5058 tu?
2326 4948 2815 5089 Vegoighgfms”
2854 5026 2905 5075 et
2934 5032 3048 5075 non
3078 5014 3326 5071 inveniet
3348 5024 3419 5083 te,
3481 5018 3534 5071 et
3564 5000 3826 5075 interﬁcit!

2203 5111 2295 5151 me

2278 5146 2455 5222 Addit
2513 5163 2669 5217 idem
2724 5178 2863 5229 ms.,
2896 5159 2992 5217 Dei
3048 5160 3154 5215 tui.
3191 5158 3348 5230 quod
3382 5155 3619 5230 quidem
3651 5151 3703 5205 in
3744 5146 3827 5230 ho-

2208 5217 2423 5293 dierno
2441 5217 2679 5291 Hebraeo
2712 5217 2872 5288 textu
2915 5248 3029 5288 non
3072 5234 3160 5286 est
3191 5217 3459 5302 {legisse
3489 5217 3826 5302 tamenolin}

2210 5287 2872 5381 quvi—disin—iilevidentur
2897 5287 3035 5381 LXX
3058 5287 3438 5381 Interpretes,
3472 5296 3572 5371 qui
3604 5287 3830 5381 reddpgl

2209 5373 2299 5434 ’ἑὸν
2330 5378 2522 5453 Κύριον
2554 5377 2680 5453 Θςὸν
2736 5376 2899 5453 ⁸ὑμῶν
2928 5376 3295 5453 :__Dominum
3358 5377 3564 5453 Deum.

2282 5430 2302 5487 δ
2334 5430 2546 5507 Iterum
2566 5430 2704 5521 plus
2736 5430 3266 5523 habetVeronens.
3331 5460 3448 5499 ms.
3482 5430 3829 5523 addens

2211 5540 2402 5593 unum,
2437 5514 2611 5595 quam
2644 5536 2842 5578 vocem
2875 5536 2939 5576 ex
2975 5535 3091 5590 quo
3122 5522 3278 5575 textu
3311 5514 3633 5580 excudarit,
3665 5514 3831 5562 nesci-

2214 5612 2367 5654 IDUS.
