3938 6174
219 384 315 438 765
1542 385 1755 439 LIBER
1792 387 1816 438 Ι

1983 385 2259 439 [ιΑΟΗΙΜ.

3494 382 3601 437 766

218 512 745 581 fecerant.Gumque
775 508 1075 579 essetjam
1112 508 1407 578 meridies,
1440 507 1727 564 illudebat
1754 509 1838 565 eis
1869 511 1925 576 Α
1952 508 2113 576 illuc,
2159 527 2289 566 ecce
2338 511 2466 567 caeli
2510 511 2907 567 contenebrati
2957 514 3115 580 sunt,
3170 515 3227 567 et
3274 510 3460 567 nubes
3514 510 3599 581 (h.

220 600 375 665 Elias,
404 598 601 653 dicens
635 614 648 651 :
683 597 943 653 Clamate
969 614 1108 653 voce
1154 598 1373 669 majore
1424 615 1437 652 :
1492 598 1637 653 deus
1689 598 1839 653 enim

216 695 312 755 est,
344 693 395 742 et
423 688 664 742 forsitan
702 686 984 757 loquitur,
1014 690 1117 741 aut
1146 686 1205 740 in
1237 687 1557 743 diversorio
1588 692 1696 755 est,
1722 690 1843 757 tant

216 779 266 834 in
294 778 517 845 itinere,
545 780 644 831 aut
674 781 828 830 certe
866 774 1101 844 dormit,
1153 779 1210 830 et
1256 776 1560 831 excitetur.
1611 776 1839 831 Clama-

217 870 342 923 bant
363 882 491 936 ergo
517 881 653 919 voce
677 880 916 935 magna,
948 869 1007 920 et
1025 863 1366 919 incidebant
1392 866 1631 936 etjuxta
1662 867 1839 920 ritum

216 970 372 1009 suum
404 951 611 1007 cultris
658 958 714 1006 et
762 950 1061 1016 lanceolis,
1116 952 1299 1005 donec
1350 953 1844 1023 profunderentur

214 1042 494 1115 sanguine.
531 1045 848 1110 Postquam
900 1045 1097 1095 autem
1147 1040 1383 1095 transiit
1439 1041 1733 1109 meridies,
1788 1045 1845 1095 et

213 1134 318 1189 illis
333 1133 1084 1206 prephetantibus.venerat
1100 1135 1336 1202 tempus
1355 1148 1468 1202 quo
1491 1131 1840 1187 sacrificium

211 1222 382 1281 offerri
431 1222 601 1287 solet,
657 1237 762 1277 nec
811 1219 1165 1276 audiebatur
1212 1237 1341 1290 vox,
1393 1236 1582 1291 neque
1630 1222 1842 1292 aliquis

208 1312 603 1385 respondebat,
636 1324 745 1365 nec
774 1310 1114 1365 attendebat
1145 1314 1380 1364 orantes
1425 1326 1439 1363 :
1494 1309 1640 1363 dixit
1687 1309 1843 1365 Elias

207 1403 347 1459 omni
382 1399 596 1473 populo
635 1416 648 1456 :
682 1399 887 1455 Venite
918 1399 987 1453 ad
1025 1415 1134 1454 me.
1181 1400 1244 1453 Et
1294 1400 1606 1453 accedente
1660 1400 1727 1454 ad
1783 1416 1845 1455 se

207 1490 421 1564 pepulo,
456 1490 689 1544 curavit
729 1488 911 1544 altare
960 1487 1217 1555 Domini,
1268 1488 1422 1560 quod
1476 1488 1842 1544 destructum

206 1582 393 1639 fuerat.
426 1580 495 1634 Et
524 1577 671 1634 tulit
700 1577 1015 1633 duodecim
1050 1577 1275 1649 lapides
1305 1578 1477 1649 juxta
1526 1593 1841 1633 numerum

206 1672 445 1727 tribuum
479 1669 737 1725 filiorum
769 1668 1048 1738 Jacob,ad
1084 1684 1257 1739 quem
1294 1668 1485 1723 factus
1516 1674 1607 1723 est
1649 1684 1841 1724 sermo

211 1761 435 1831 Domini,
461 1760 671 1815 dicens
704 1776 717 1813 :
753 1758 931 1814 Israel
962 1758 1075 1814 erit
1103 1774 1316 1813 nomen
1347 1763 1539 1813 tuum.
1568 1762 1633 1813 Et
1662 1760 1839 1814 aedifi-

206 1851 337 1906 cavit
358 1850 426 1905 de
446 1848 749 1920 lapidibus
773 1848 956 1903 altare
982 1846 1040 1900 in
1065 1848 1300 1903 nomine
1323 1846 1572 1903 Domini:
1592 1847 1838 1919 fecitque

204 1940 621 2011 aquaiductum,
654 1938 824 2009 quasi
854 1953 956 2008 per
985 1937 1133 1991 duas
1175 1936 1573 1991 aratiunculas
1622 1937 1681 1991 in
1730 1938 1838 1992 cir-

204 2029 341 2084 cuitu
372 2026 603 2094 altaris,
631 2035 685 2081 et
714 2024 1048 2097 composuit
1071 2023 1233 2096 ligna
1265 2025 1582 2095 divisitque
1632 2025 1837 2081 bovem

201 2133 289 2187 per
314 2116 602 2183 membra,
626 2122 677 2170 et
710 2114 907 2185 posuit
936 2130 1114 2185 super
1143 2112 1323 2185 ligna,
1347 2118 1403 2168 et
1434 2114 1515 2169 ait
1547 2130 1559 2169 :
1600 2113 1840 2186 lmplete

204 2209 427 2277 quatuor
440 2203 685 2277 hydrias
704 2219 877 2274 aqua,
900 2206 957 2256 et
978 2201 1203 2257 fundite
1226 2218 1405 2274 super
1427 2202 1836 2259 holocaustum

202 2300 249 2349 et
288 2310 454 2365 super
502 2292 689 2364 ligna.
721 2292 1097 2361 Rursumque
1128 2291 1275 2346 dixit
1307 2309 1320 2345 :
1354 2292 1543 2346 Etiam
1578 2295 1837 2349 secundo

202 2383 291 2438 hoc
312 2383 489 2437 facite.
521 2381 792 2447 Quicum
817 2379 1093 2436 fecissent
1115 2383 1172 2434 et
1193 2380 1471 2447 secundo,
1493 2380 1574 2435 ait
1603 2397 1617 2435 :
1648 2381 1836 2436 Etiam

199 2472 344 2528 tertio
374 2471 640 2542 idipsum
676 2469 1281 2539 facite.Feceruntque
1311 2474 1367 2523 et
1397 2470 1593 2538 tertio,
1617 2474 1674 2524 et
1703 2486 1834 2526 cur-

202 2564 381 2617 rebant
434 2576 613 2633 aqum
670 2560 826 2613 circa
872 2557 1079 2626 altare,
1135 2562 1191 2612 et
1238 2556 1401 2614 fossa
1449 2560 1837 2629 aquaaductus

199 2651 392 2722 repleta
410 2655 518 2706 est.
552 2650 825 2720 Cumque
840 2649 965 2718 jam
998 2651 1233 2718 tempus
1267 2650 1423 2702 esset
1446 2651 1509 2702 ut
1534 2648 1840 2703 offerretur

198 2738 589 2796 holocaustum
633 2738 916 2793 accedens
966 2736 1123 2791 Elias
1170 2736 1477 2807 propheta,
1530 2736 1610 2791 ait
1661 2753 1674 2790 :
1726 2738 1837 2793 Do-

200 2827 333 2885 mine
360 2829 511 2883 Deus
546 2826 1051 2895 Abraham,Isaac
1084 2829 1141 2880 et
1170 2823 1564 2891 Israel,hodie
1594 2826 1837 2881 ostende

194 2918 313 2989 quia
341 2923 399 2973 tu
430 2934 490 2972 es
532 2918 691 2972 Deus
714 2914 896 2970 Israel
932 2915 1013 2985 (h.
1052 2913 1111 2968 in
1146 2913 1374 2984 Israel),
1406 2918 1464 2968 et
1493 2930 1615 2986 ego-
1633 2930 1836 2972 servus

196 3011 333 3078 tuus,
363 3012 418 3063 et
438 3008 620 3078 juxta
671 3007 1021 3076 praeceptum
1072 3002 1150 3072 (h.
1197 3003 1461 3074 verbum)
1501 3007 1669 3058 tuum
1726 3003 1832 3059 feci

196 3096 369 3152 omnia
394 3096 576 3152 verba
607 3094 749 3149 haec.
778 3092 1001 3148 Exaudi
1037 3108 1149 3157 me,
1184 3092 1449 3158 Domine,
1477 3092 1685 3148 exaudi
1719 3110 1829 3151 me.

198 3188 250 3239 ut
274 3186 417 3239 dicat
445 3183 708 3256 populus
740 3182 847 3237 iste
879 3182 1019 3253 quia
1048 3186 1111 3236 tu
1146 3198 1208 3236 es
1241 3180 1523 3237 Dominus
1554 3181 1725 3249 Deus,
1774 3186 1833 3237 et

1952 600 2253 672 nubibus),
2287 607 2345 656 et
2372 606 2596 666 ventus,
2648 606 2705 656 et
2748 603 2895 657 facta
2942 606 3029 657 est
3078 600 3274 672 pluvia
3324 599 3585 673 grandis.

1952 691 2291 745 Ascendens
2324 691 2517 761 itaque
2551 690 2711 745 Ahab
2745 690 2887 745 abiit
2918 689 2976 745 in
3005 690 3225 745 Jezrael
3255 706 3266 744 :
3291 696 3349 744 et
3381 704 3591 743 manus

1953 778 2179 831 Domini
2213 777 2363 833 facta
2395 784 2483 834 est
2512 795 2690 849 super
2720 778 2922 847 Eliam,
2956 778 3345 845 accinctisque
3377 776 3598 831 lumbis

1951 866 2223 921 currebat
2253 871 2387 922 ante
2422 867 2602 931 Ahab,
2634 868 2818 922 donec
2850 867 3071 922 veniret
3102 867 3158 921 in
3191 865 3432 922 Jezrael.

2022 954 2175 1025 (Cap.
2211 955 2374 1027 XIX.)
2395 956 2691 1012 Nuntiavit
2717 961 2913 1012 autem
2935 956 3096 1011 Ahab
3117 954 3345 1011 Jezabel
3373 952 3597 1023 omnia,

1951 1059 2082 1115 qua)
2106 1046 2318 1099 fecerat
2342 1045 2516 1112 Elias,
2551 1051 2608 1101 et
2634 1048 2922 1115 quomodo
2953 1045 3263 1099 occidisset
3293 1043 3598 1098 universos

1954 1133 2269 1204 prophetas
2326 1134 2539 1204 gladio.
2602 1134 2880 1205 Misitque
2940 1133 3170 1189 Jezabel
3234 1132 3505 1186 nuntium
3568 1146 3601 1184 a

1953 1220 2158 1291 Eliam,
2192 1223 2393 1278 dicens
2427 1239 2442 1279 :
2478 1224 2605 1277 Hec
2636 1223 2778 1278 mihi
2814 1222 3030 1278 faciant
3078 1222 3180 1289 dii,
3227 1226 3284 1276 et
3329 1221 3447 1275 haec
3497 1220 3602 1273 ad-

1952 1312 2116 1374 dant,
2150 1312 2262 1368 nisi
2309 1313 2417 1367 hac
2468 1313 2611 1368 hora
2654 1329 2784 1369 cras
2831 1328 3079 1384 posuero
3128 1311 3383 1366 animam
3436 1313 3597 1363 tuam

1954 1401 2106 1456 sicut
2136 1402 2391 1456 animam
2426 1404 2603 1457 unius
2633 1420 2701 1458 ex
2732 1402 2868 1457 illis.
2904 1402 2991 1472 (T.
3049 1400 3337 1465 LXXXII.)
3382 1397 3603 1452 Timuit

1951 1507 2087 1563 ergo
2110 1490 2284 1554 Elias,
2312 1496 2368 1545 et
2390 1508 2634 1563 surgens
2658 1491 2801 1547 abiit
2831 1506 3180 1562 quocunque
3211 1504 3343 1544 eum
3377 1487 3599 1542 ferebat

1947 1580 2220 1635 voluntas
2255 1596 2268 1636 :
2304 1580 2576 1652 venitque
2611 1580 2669 1635 in
2716 1580 3032 1636 Ber-Sabee
3081 1580 3161 1642 (h.
3216 1578 3414 1632 timuit
3460 1590 3597 1646 ergo

1948 1667 2144 1724 Helias
2372 1675 2429 1724 et
2460 1686 2709 1741 surgens
2863 1674 2921 1723 et
2973 1667 3128 1723 venit
3177 1668 3235 1721 in
3288 1663 3596 1733 Bersabee)

1948 1756 2122 1824 Juda,
2158 1764 2213 1812 et
2244 1759 2469 1814 dimisit
2502 1758 2580 1813 ibi
2614 1775 2859 1830 puerum
2893 1774 3091 1826 suum,
3132 1761 3189 1812 et
3237 1755 3491 1828 perrexit
3538 1753 3595 1808 in

1952 1847 2271 1917 desertum,
2295 1848 2447 1903 viam
2482 1848 2658 1903 unius
2690 1848 3095 1918 diei.Cumque
3123 1845 3401 1911 venisset,
3421 1847 3478 1898 et
3504 1858 3599 1897 se-

1949 1935 2112 1991 deret
2142 1937 2347 1993 subter
2377 1955 2555 1993 unam
2582 1938 2954 2009 juniperum,
2988 1936 3192 2009 petivit
3221 1934 3426 1989 anime
3476 1948 3597 1988 sum

1944 2028 2010 2079 ut
2040 2030 2385 2093 moreretur,
2420 2032 2477 2081 et
2504 2028 2618 2093 ait;
2653 2026 2894 2083 Sufi‘ecit
2925 2026 3092 2093 mihi,
3142 2023 3407 2090 Domine,
3454 2020 3597 2077 tolle

1945 2115 2206 2170 animam
2238 2132 2429 2171 meam
2467 2133 2480 2171 ε
2517 2133 2705 2188 neque
2734 2115 2891 2172 enim
2948 2114 3157 2171 melior
3205 2130 3360 2182 sum,
3414 2126 3595 2183 quam

1943 2207 2139 2274 patres
2171 2204 2305 2259 mei.
2337 2205 2705 2277 Projecitque
2736 2222 2819 2273 se,
2847 2210 2905 2260 et
2935 2202 3287 2260 obdormivit
3319 2201 3430 2258 sub
3463 2215 3598 2254 um-

1942 2292 2331 2365 brajuniperi
2362 2293 2441 2356 (h.
2478 2295 2685 2350 subter
2718 2310 2893 2349 uuam
2923 2294 3325 2365 juniperum);
3358 2295 3417 2345 et
3466 2304 3600 2345 ecce

1943 2382 2186 2453 angelus
2231 2383 2463 2439 Domini
2498 2386 2510 2418 ¹
2548 2383 2738 2456 tetigit
2768 2401 2924 2454 eum,
2957 2388 3015 2439 et
3044 2381 3192 2437 dixit
3224 2380 3311 2436 illi
3345 2396 3357 2434 :
3387 2382 3594 2451 Surge,

1942 2474 2001 2526 et
2040 2472 2298 2528 comede.
2352 2477 2419 2529 Et
2466 2474 2741 2545 respexit,
2793 2478 2849 2529 et
2891 2489 3023 2528 ecce
3072 2473 3142 2526 ad
3189 2473 3364 2541 caput
3416 2484 3592 2523 suum

1943 2561 2373 2617 subcinericius
2407 2563 2595 2635 panis,
2630 2569 2687 2618 et
2713 2580 2814 2618 vas
2846 2579 3011 2635 aquae
3063 2578 3077 2618 :
3129 2560 3383 2617 comedit
3430 2574 3590 2629 ergo,

1944 2654 2001 2705 et
2043 2651 2212 2717 bibit,
2258 2657 2316 2706 et
2362 2670 2599 2708 rursum
2652 2653 3053 2707 obdormivit:
3088 2663 3471 2719 reversusque
3502 2651 3593 2701 est

1943 2741 2186 2811 angelus
2214 2740 2447 2795 Domini
2481 2742 2761 2803 secundo,
2792 2746 2851 2796 et
2880 2741 3068 2809 tetigit
3119 2755 3276 2804 eum,
3329 2737 3592 2805 dixitque

1940 2826 2023 2881 illi
2055 2847 2067 2884 :
2099 2830 2304 2900 Surge,
2338 2831 2596 2898 comede,
2631 2831 2873 2902 grandis
2904 2830 3063 2884 enim
3095 2828 3199 2882 tibi
3242 2831 3426 2881 restat
3472 2824 3589 2878 via.

1942 2918 2027 2988 ('1‘.
2084 2918 2416 2985 LXXXIII.)
2466 2919 2574 2983 Qui
2624 2935 2756 2974 cum
2808 2919 3176 2983 surrexisset,
3230 2914 3485 2971 comedit
3532 2919 3592 2968 et

1939 3004 2107 3076 bibit,
2129 3011 2186 3061 et
2206 3007 2527 3063 ambulavit
2547 3008 2605 3062 in
2630 3006 2969 3062 fortitudine
2988 3006 3101 3060 cibi
3124 3003 3248 3059 illiu
3268 3022 3320 3071 ωδ
3338 3000 3596 3073 quadra-

1940 3095 2107 3163 ginta
2137 3096 2345 3152 diebus
2398 3104 2455 3152 et
2500 3097 2896 3169 quadraginta
2941 3096 3233 3161 noctibus,
3283 3109 3468 3163 usque
3517 3092 3588 3146 ad

1939 3194 2200 3240 montem
2231 3187 2335 3242 Dei
2369 3188 2578 3242 Horeb.
2604 3187 2869 3257 Cumque
2898 3186 3157 3241 venisset
3186 3183 3347 3249 illuc,
3375 3182 3592 3236 mansit

196 3277 248 3329 tu
276 3273 608 3331 convertisti
658 3289 757 3327 cor
803 3288 1005 3326 eorum
1056 3270 1270 3325 iterum
1323 3269 1404 3341 (h.
1458 3272 1828 3341 retrorsum).
1864 3254 1906 3320 Ο
1945 3272 2001 3326 in
2037 3276 2402 3344 spelunea,et
2431 3292 2562 3331 ecce
2591 3254 2790 3331 sermo
2818 3275 3042 3331 Domini
3068 3275 3140 3329 ad
3163 3271 3591 3342 eum,dixitque

196 3364 392 3419 Cecidit
412 3368 615 3420 autem
640 3361 794 3433 ignis
816 3359 1131 3427 Domini,et
1156 3358 1375 3413 voravit
1402 3358 1831 3428 holocaustum,

199 3456 246 3508 et
269 3452 438 3525 ligna,
472 3458 529 3510 et
566 3451 819 3523 lapides,
853 3449 1151 3521 pulverem
1184 3465 1443 3519 quoque,
1492 3453 1549 3503 et
1592 3466 1830 3521 aquam,

201 3558 311 3612 qua:
336 3547 455 3599 erat
484 3543 544 3597 in
586 3541 933 3612 aquaeductu
968 3537 1361 3608 lambens.(T.
1398 3537 1635 3609 LXXX.)
1667 3540 1830 3605 Quod

202 3647 315 3687 cum
366 3632 615 3687 vidisset
671 3628 862 3684 omnis
916 3626 1189 3699 p0pulus,
1237 3626 1444 3682 cecidit
1504 3627 1563 3681 in
1622 3627 1831 3683 faciem

200 3736 370 3789 suam,
398 3726 455 3777 et
484 3720 573 3776 ait
619 3736 633 3775 :
684 3718 972 3774 Dominus
1017 3716 1141 3788 ipse
1189 3719 1277 3771 est
1326 3720 1496 3783 Deus,
1550 3717 1832 3773 Dominus

198 3806 305 3880 ipse
334 3814 417 3866 est
446 3810 624 3866 Deus.
649 3807 920 3879 Dixitque
948 3805 1105 3861 Elias
1137 3807 1207 3861 ad
1240 3821 1339 3861 eos
1364 3822 1376 3859 :
1400 3806 1832 3876 Apprebendite

200 3899 489 3970 prophetas
519 3896 685 3964 Baal,
714 3900 771 3951 et
799 3912 872 3951 ne
922 3912 1078 3951 unus
1128 3893 1364 3966 quidem
1420 3894 1661 3967 effugiat
1704 3896 1825 3966 (ms.

200 3986 380 4059 fugiat)
412 4005 480 4045 ex
505 3988 617 4043 eis.
651 3989 807 4053 Quos
839 4000 971 4040 cum
1004 3983 1609 4053 comprehendissent,
1662 3985 1830 4040 duxit

197 4075 267 4144 (h.
308 4077 601 4148 deposuit)
649 4091 747 4130 eos
799 4074 958 4128 Elias
1017 4072 1086 4126 ad
1144 4076 1461 4127 torrentem
1522 4074 1713 4140 Cison,
1771 4079 1829 4127 et

198 4163 459 4222 interiecit
488 4182 593 4222 eos
622 4164 720 4221 ibi.
758 4164 825 4219 Et
857 4162 938 4218 ait
962 4162 1117 4217 Elias
1149 4162 1219 4216 ad
1261 4161 1417 4216 Ahab
1473 4178 1485 4217 :
1541 4164 1822 4227 Ascende,

197 4257 243 4306 et
270 4256 519 4323 comede,
555 4258 612 4310 et
640 4254 813 4309 bibe:
844 4251 983 4323 quia
1012 4266 1194 4307 sonus
1225 4248 1425 4304 multae
1456 4249 1662 4321 pluviae
1712 4254 1820 4306 est.

200 4341 269 4410 (T.
304 4344 558 4415 LXXXI).
594 4341 866 4398 Ascendit
894 4340 1055 4396 Ahab
1087 4343 1151 4394 ut
1180 4339 1512 4394 comederet
1551 4344 1607 4394 et
1660 4339 1820 4394 bibe~

1946 3360 2031 3416 illi
2065 3379 2078 3417 :
2114 3363 2257 3427 Quid
2293 3364 2386 3419 hic
2417 3366 2563 3435 agis,
2596 3364 2756 3420 Elia?
2784 3366 2858 3420 At
2907 3364 3002 3420 ille
3042 3361 3345 3434 respondit
3398 3378 3410 3415 :
3461 3359 3590 3414 Zelo

1942 3450 2165 3507 zelatus
2196 3469 2329 3508 sum
2361 3470 2465 3525 pro
2496 3453 2739 3509 Domino
2769 3459 2887 3509 Deo
2918 3453 3296 3519 exercituum,
3322 3449 3461 3521 quia
3492 3450 3591 3503 de-

1942 3540 2307 3613 reliquerunt
2337 3548 2570 3614 pactum
2602 3548 2771 3599 tuum
2801 3544 2822 3577 ²
2852 3542 2955 3597 filii
2984 3539 3183 3608 Israel,
3235 3539 3442 3596 altaria
3489 3542 3594 3593 tua

1941 3629 2373 3697 destruxerunt,
2407 3637 2463 3687 et
2494 3631 2808 3704 prophetas
2835 3637 2969 3687 tuos
2999 3630 3341 3686 occiderunt
3370 3626 3591 3700 gladio,

1943 3722 1999 3772 et
2026 3718 2338 3775 derelictus
2367 3737 2498 3775 sum
2531 3737 2637 3793 ego
2669 3720 2851 3789 solus,
2902 3727 2957 3776 et
3007 3722 3278 3791 quierunt
3326 3717 3587 3771 animam

1942 3824 2157 3874 meam,
2193 3814 2253 3863 ut
2284 3810 2551 3864 auferant
2580 3826 2730 3865 eam.
2766 3811 2830 3864 Et
2862 3810 2943 3864 ait
2972 3810 3023 3864 ei
3057 3824 3071 3863 :
3106 3807 3390 3878 Egredere
3411 3809 3469 3859 et
3499 3808 3593 3859 sta

1939 3896 1997 3951 in
2032 3903 2230 3952 monte
2261 3915 2457 3953 coram
2495 3899 2820 3962 Domino,et
2852 3914 2982 3951 ecce
3013 3897 3300 3952 Dominus
3350 3892 3585 3959 transit,

1937 3990 1991 4040 et
2022 3986 2268 4056 spiritus
2296 3988 2537 4059 grandis
2566 3993 2623 4043 et
2653 3988 2820 4042 fortis
2848 3987 3193 4041 subvertens
3229 3988 3478 4047 montes,
3530 3987 3587 4036 et

1936 4082 2242 4131 conterens
2275 4082 2470 4146 petras
2502 4082 2635 4132 ante
2673 4078 2981 4130 Dominum
3033 4092 3046 4129 :
3101 4091 3216 4129 non
3266 4073 3324 4127 in
3372 4071 3585 4143 spiritu

1932 4164 2239 4220 Dominus.
2273 4166 2343 4219 Et
2376 4171 2503 4235 post
2534 4165 2807 4235 spiritum
2844 4163 3296 4218 commotiomon
3329 4161 3389 4214 in
3421 4175 3584 4215 com-

1933 4253 2189 4308 motione
2214 4253 2519 4309 Dominus.
2548 4255 2613 4307 Et
2642 4258 2769 4325 post
2799 4252 3250 4309 commotionem
3276 4249 3449 4321 ignis:
3474 4263 3592 4302 non

1931 4340 1990 4395 in
2019 4342 2153 4412 igne
2181 4343 2560 4398 Dominus.Et
2584 4348 2714 4413 post
2733 4343 2929 4414 ignem
2952 4340 3160 4397 sibilus
3183 4356 3335 4394 aurae
3368 4337 3593 4393 tenuis-

200 4434 304 4499 ret;
333 4432 483 4489 Elias
515 4436 714 4489 autem
746 4429 1012 4486 ascendit
1040 4428 1099 4483 in
1130 4429 1404 4484 verticem
1439 4427 1712 4496 Carmeli,
1764 4433 1821 4483 et
1929 4430 2090 4493 Quod
2140 4448 2275 4486 cum
2327 4433 2587 4487 audisset
2640 4432 2814 4501 Elias,
2856 4430 3083 4502 operuit
3136 4429 3361 4483 vultum
3412 4443 3587 4481 suum

200 4535 395 4588 pronus
443 4523 502 4577 in
549 4527 766 4577 terram
835 4519 1034 4591 posuit
1098 4518 1306 4573 faciem
1374 4518 1554 4587 (Vulg.
1611 4517 1821 4572 addunt

1936 4519 2139 4589 pallio,
2173 4526 2229 4574 et
2254 4537 2529 4592 egressus
2560 4522 2721 4576 stetit
2752 4522 2810 4575 in
2844 4520 2995 4575 ostio
3027 4518 3343 4591 speluncae,
3375 4521 3431 4571 et
3456 4531 3590 4571 ecce

198 4612 366 4681 suam)
396 4611 547 4667 inter
576 4626 770 4681 genua
800 4625 926 4676 sua,
960 4613 1016 4663 et
1042 4607 1185 4661 dixit
1216 4607 1288 4661 ad
1323 4622 1570 4676 puerum
1605 4623 1776 4661 suum
1814 4626 1827 4664 :
1864 4611 1910 4675 D
1942 4624 2047 4663 vox
2079 4610 2150 4663 ad
2183 4627 2314 4664 eum
2350 4611 2550 4664 dicens
2585 4628 2596 4665 :
2630 4610 2776 4673 Quid
2832 4609 2920 4664 hic
2968 4608 3116 4680 agis.
3160 4607 3331 4662 Elia?
3379 4607 3447 4660 Et
3494 4603 3591 4659 ille

197 4699 431 4759 Ascende
463 4707 521 4758 et
546 4701 814 4774 prospice
838 4704 1039 4754 contra
1071 4712 1250 4753 mare.
1280 4697 1387 4761 Qui
1429 4713 1560 4751 cum
1613 4713 1817 4752 ascen-

197 4786 376 4855 disset,
408 4796 465 4847 et
494 4789 930 4861 contemplatus
962 4792 1118 4843 esset
1147 4787 1229 4842 ait
1280 4802 1293 4842 :
1346 4786 1471 4841 Non
1522 4790 1611 4840 est
1658 4785 1822 4856 quid-

196 4891 375 4945 quam.
401 4881 472 4936 Et
495 4895 732 4935 rursum
764 4879 845 4933 ait
876 4876 959 4931 illi
997 4895 1009 4931 :
1045 4877 1351 4933 Revertere
1401 4880 1624 4946 septem
1677 4874 1819 4929 vici-

196 4963 308 5021 bus.
336 4970 396 5023 In
428 4968 677 5040 septima
707 4970 903 5022 autem
939 4965 1078 5025 vice.
1121 4980 1252 5021 ecce
1304 4963 1596 5019 nubecula
1645 4979 1821 5035 parva

196 5058 348 5122 quasi
376 5057 687 5129 vestigium
720 5055 977 5113 hominis
1009 5054 1090 5125 (h.
1123 5053 1253 5109 vola
1290 5053 1420 5124 viri)
1473 5052 1823 5109 ascendebat

196 5140 258 5197 de
286 5145 445 5200 mari.
477 5145 583 5209 Qui
614 5146 736 5201 ait:
772 5145 1050 5211 Ascende,
1103 5148 1160 5199 et
1213 5142 1304 5197 dio
1352 5142 1513 5197 Ahab
1565 5159 1578 5197 :
1628 5142 1823 5213 Junge

198 5232 372 5302 (Vulg.
439 5235 642 5290 addunt
708 5250 947 5290 currum
1012 5231 1206 5303 tuum)
1260 5236 1327 5311 et
1382 5232 1690 5297 descende,
1752 5247 1823 5285 ne

196 5327 418 5394 occupet
446 5327 503 5378 te
536 5323 747 5395 pluvia.
780 5323 1046 5395 Cumque
1077 5338 1138 5378 se
1181 5326 1430 5377 verteret
1480 5321 1593 5376 huc
1644 5325 1820 5392 atque

254 5480 268 5513 ¹
301 5480 529 5537 Rectius
558 5483 649 5539 hic
679 5484 997 5539 Veronens.
1033 5498 1144 5538 ms.
1178 5488 1331 5538 tacet
1362 5482 1603 5548 Domini,
1653 5482 1807 5552 quod

199 5565 390 5625 nomen
422 5571 604 5625 neque
631 5560 721 5611 est
746 5557 805 5611 in
840 5555 1079 5611 Hebraeo
1106 5555 1391 5611 additum.

262 5622 281 5655 ²
310 5627 412 5678 Pro
445 5622 595 5697 tuam
626 5627 799 5683 habet
823 5628 979 5682 idem
1014 5644 1124 5683 ms.
1160 5625 1406 5696 Domini,
1452 5624 1685 5697 longius
1738 5628 1827 5681 ta-

202 5704 322 5749 men
368 5698 439 5752 ab
469 5696 699 5760 Hebrmo
727 5707 930 5789 3mm.

1936 4699 2241 4769 respondit
2290 4715 2303 4753 :
2358 4699 2489 4753 Zelo
2551 4699 2778 4753 zelatus
2838 4714 2968 4753 sum
3024 4713 3125 4766 pro
3182 4695 3423 4751 Domino
3471 4693 3588 4749 Deo

1931 4786 2465 4858 exercituumzquia
2489 4787 2932 4859 dereliquerunt
2973 4790 3209 4857 pactum
3260 4790 3427 4839 tuum
3481 4782 3589 4837 filii

1932 4874 2136 4941 Israel,
2169 4875 2379 4931 altaria
2410 4880 2511 4930 tua
2540 4876 2976 4943 destruxerunt,
3009 4880 3069 4931 et
3098 4874 3411 4946 prophetas
3452 4876 3589 4926 tuos

1936 4964 2279 5018 occiderunt
2307 4964 2523 5036 gladio,
2556 4971 2612 5019 et
2642 4964 2959 5021 derelictus
2989 4978 3120 5020 sum
3153 4979 3259 5034 ego
3291 4961 3473 5029 solus,
3524 4962 3587 5014 et

1930 5058 2201 5123 quaerunt
2258 5054 2519 5108 animam
2581 5069 2799 5119 meam,
2852 5058 2917 5107 ut
2967 5053 3239 5107 auferant
3293 5064 3442 5104 eam.
3477 5046 3576 5115 (T.

1933 5141 2268 5209 LXXXIV.)
2297 5143 2366 5197 Et
2395 5143 2477 5197 ait
2508 5143 2794 5198 Dominus
2825 5143 2895 5197 ad
2932 5159 3063 5197 eum
3099 5158 3112 5196 :
3148 5141 3322 5208 Vade,
3354 5146 3407 5194 et
3462 5149 3585 5203 (ms.

1932 5237 2070 5287 tacet
2099 5231 2178 5299 et)
2208 5236 2494 5287 revertere
2524 5231 2585 5286 in
2613 5232 2765 5286 viam
2816 5238 2979 5286 tuam
3030 5245 3132 5300 per
3176 5230 3476 5283 desertum
3523 5229 3583 5281 in

1938 5322 2286 5376 Damascum
2317 5321 2383 5374 8:
2436 5337 2689 5393 cumque
2738 5321 3069 5391 perveneris
3117 5319 3311 5389 (Vulg.
3365 5317 3585 5371 addunt

2008 5483 2028 5517 ³
2059 5485 2253 5537 Canon
2284 5481 2632 5537 emendatus
2663 5498 2818 5536 nunc
2848 5479 2988 5551 legit
3016 5494 3114 5548 per
3146 5477 3427 5551 desertum
3471 5479 3582 5533 Da-

1934 5556 2304 5621 masci,antea
2332 5569 2464 5609 vero
2498 5558 2561 5608 ut
2591 5570 2697 5607 nos
2726 5548 3017 5607 edidimus
3039 5552 3107 5605 ad
3135 5549 3307 5603 fidem
3333 5548 3581 5606 aliorum

1937 5624 2363 5697 exemplarium
2400 5641 2536 5682 mss.
2570 5624 2750 5681 MART.
