3938 6174
359 287 470 346 767

1402 298 1463 351 8.
1503 295 1911 351 HIERONYMI
1949 295 2207 349 DIVINA
2242 295 2741 351 BIBLIOTHBCA.
3654 303 3745 361 753

356 415 540 489 illuc),
574 433 758 489 unges
788 418 957 475 Azael
986 433 1184 493 regem
1216 435 1396 493 super
1425 420 1678 493 Syriam,
1709 423 1765 476 et
1791 422 1898 476 Jeu
1940 419 2013 473 ﬁ-
2040 420 2095 487 Α
2126 418 2327 489 Israel,
2362 420 2444 475 ait
2476 435 2489 474 :
2524 419 2709 476 Dicite
2738 418 2793 477 ei
2824 422 2907 493 (h.
2943 439 3059 479 non
3097 423 3296 497 habet)
3330 442 3344 483 :
3375 441 3448 481 ne
3494 425 3748 499 glorietur

364 506 510 562 lium
547 507 756 563 Namsi
790 525 973 581 unges
1005 525 1200 582 regem
1250 526 1430 581 super
1477 509 1687 577 Israel;
1734 509 2010 565 Elisaeum

357 602 557 652 antem
592 596 780 652 filium
813 598 1163 671 Saphat,qui
1196 603 1321 654 erat
1350 602 1420 654 de
1448 598 2012 670 Abelmaula,unges

360 685 703 757 prophetam
738 703 841 758 pro
874 692 950 742 te.
980 688 1051 742 Et
1080 688 1211 759 erit,
1256 688 1593 760 quicunque
1638 687 1871 759 fugerit
1895 686 2015 759 gla-

361 773 524 828 dium
557 774 748 845 Azael,
779 775 1003 831 occidet
1033 794 1168 833 eum
1218 778 1350 844 Jeu,
1400 782 1457 833 et
1501 779 1835 849 quicunque
1886 778 2010 847 (ms.

365 863 490 935 qui)
526 865 741 935 fugerit
772 866 1035 937 gladium
1062 870 1189 936 Jeu,
1223 867 1530 923 interﬁciat
1560 884 1694 922 eum
1746 866 2009 923 Elizzeus.

361 957 437 1008 Et
472 954 878 1025 derelinquam
916 956 1060 1011 mihi
1092 957 1149 1010 in
1183 956 1359 1012 Israel
1394 962 1617 1029 septem
1651 956 1836 1012 millia
1885 957 2012 1011 uni-

362 1059 662 1098 versorum
695 1060 887 1115 genua
920 1047 958 1115 ¹,
990 1062 1116 1115 quas
1151 1063 1263 1101 non
1317 1052 1459 1102 sunt
1506 1048 1807 1102 incurvata
1854 1045 2012 1110 Baal,

362 1135 419 1187 et
450 1148 623 1188 omne
655 1150 741 1202 os,
774 1135 929 1204 quod
973 1152 1087 1189 non
1121 1137 1386 1191 adoravit
1414 1152 1549 1192 eum
1600 1136 1677 1205 (h.
1730 1140 1787 1191 et
1838 1152 2013 1191 omne

365 1238 431 1276 os
453 1222 609 1293 quod
634 1239 749 1277 non
783 1229 872 1277 est
903 1224 1232 1280 osculatam
1260 1226 1418 1297 eum)
1445 1225 1720 1281 osculans
1745 1242 2009 1281 manum.

362 1312 448 1380 (T.
504 1311 795 1385 LXXXV.)
841 1314 1143 1369 Profectus
1194 1331 1331 1387 ergo
1379 1315 1516 1371 inde
1563 1313 1753 1386 (Vulg.
1801 1315 2015 1371 addunt

365 1399 542 1469 Elias)
575 1403 790 1471 reperit
821 1402 1090 1458 Elisaeum
1124 1402 1307 1458 lilium
1350 1404 1587 1475 Saphat,
1639 1409 1903 1459 arantem
1953 1404 2011 1458 in

365 1489 674 1545 duodecim
691 1491 855 1562 jugis
875 1492 1137 1557 boum,et
1157 1492 1354 1563 ipsein
1377 1493 1685 1549 duodecim
1708 1493 2013 1549 arentibus

367 1594 525 1633 unus
555 1585 679 1634 erat
713 1596 725 1632 :
759 1596 1014 1651 cumque
1041 1580 1295 1637 venisset
1323 1581 1478 1636 Elias
1526 1582 1599 1636 ad
1647 1598 1805 1650 eum,
1851 1580 2015 1637 misit

363 1667 609 1739 pallium
634 1686 809 1724 suum
829 1669 1326 1741 superillum.Qui
1340 1670 1787 1740 statim,relictis
1801 1670 2012 1740 bobus,

365 1758 626 1812 cucurrit
657 1763 791 1830 post
848 1759 1060 1829 Etiam,
1107 1765 1164 1815 et
1219 1762 1302 1816 ait
1352 1777 1365 1815 :
1414 1760 1676 1830 Osculer,
1728 1778 1827 1815 oru
1885 1760 2010 1831 (ms.
2043 1792 2091 1858 Β

362 1846 516 1902 addit
546 1848 643 1919 te),
678 1853 902 1918 patrem
938 1865 1130 1904 meum
1167 1853 1225 1905 et
1266 1862 1511 1906 matrem
1559 1866 1772 1919 meam,
1826 1854 1883 1905 et
1929 1850 2014 1904 sic

377 1952 591 2002 sequar
617 1942 694 1992 te.
728 1937 1000 2008 Dixitque
1031 1938 1083 1992 ei
1116 1956 1128 1993 :
1164 1937 1343 2007 Vade,
1395 1943 1454 1994 et
1502 1946 1807 2006 revertere,
1858 1939 2011 2009 quod

365 2025 524 2080 enim
560 2043 752 2081 meum
784 2032 932 2095 erat,
964 2027 1073 2083 feci
1108 2028 1232 2083 libi.
1266 2028 1349 2099 (T.
1382 2027 1687 2099 LXXXVI.)
1730 2029 2016 2084 Reversus

370 2118 571 2169 autem
604 2115 676 2169 ab
709 2131 800 2183 eo,
839 2115 973 2170 tulit
1021 2132 1125 2187 par
1169 2117 1369 2185 boum,
1416 2124 1473 2172 et
1522 2118 1801 2173 mactavit
1845 2115 2012 2184 illud,

366 2208 424 2260 et
455 2204 510 2258 in
547 2210 737 2260 aratro
769 2205 947 2261 boum
978 2206 1060 2277 (h.
1094 2207 1154 2262 in
1182 2208 1333 2263 vasis
1365 2209 1567 2279 boum)
1594 2208 1748 2264 coxit
1786 2225 2013 2276 carnes,

366 2298 426 2348 et
473 2292 635 2349 dedit
687 2295 921 2365 populo,
972 2300 1029 2351 et
1075 2298 1486 2365 comederunt;
1538 2314 2015 2369 consurgensque

368 2381 534 2448 abiit,
566 2388 623 2437 et
656 2390 898 2439 secutus
928 2390 1017 2440 est
1048 2385 1255 2455 Eliam,
1286 2392 1343 2441 et
1368 2387 1745 2443 ministrabat
1773 2388 1847 2444 ei.

441 2471 596 2543 (Cap.
629 2472 778 2544 XX.)
805 2472 981 2529 Porro
1010 2476 1304 2543 Benadad,
1337 2492 1434 2532 rex
1462 2477 1656 2548 Syriaa,
1695 2492 2013 2549 congrega-

368 2560 451 2615 vit
481 2577 716 2616 omnem
747 2563 1062 2618 exercitum
1097 2570 1369 2631 suum,et
1397 2566 1639 2637 triginta
1670 2567 1819 2621 duos
1849 2582 2015 2639 reges

369 2668 594 2717 secum,
626 2659 685 2707 et
716 2670 921 2726 equos,
952 2659 1011 2710 et
1039 2660 1330 2726 eurrus,et
1360 2658 1685 2713 ascendens
1719 2657 2018 2730 pugnabat

370 2746 574 2797 contra
606 2743 952 2811 Samariam,
1002 2749 1059 2800 et
1106 2746 1415 2801 obsidebat
1460 2763 1609 2803 eam.
1662 2746 2017 2817 Mittensque

369 2832 609 2886 nuntios
640 2832 711 2887 ad
747 2832 903 2889 Ahab
936 2849 1128 2904 regem
1164 2834 1340 2890 Israel
1383 2835 1444 2891 in
1495 2836 1814 2906 civitatem,
1867 2835 1949 2890 ait
2000 2850 2013 2888 :

369 2924 501 2975 Haec
533 2920 675 2976 dicit
722 2922 993 2978 Benadab
1047 2938 1061 2979 :
1110 2927 1435 2995 Argentum
1486 2929 1653 2980 tuum
1703 2930 1760 2980 et
1805 2940 2016 2980 aurum

368 3014 536 3064 tuum
573 3026 768 3065 meum
800 3016 910 3081 est,
942 3017 1000 3067 et
1029 3029 1236 3069 uxores
1266 3020 1397 3083 tum,
1430 3020 1487 3070 et
1516 3014 1621 3069 filii
1653 3014 1738 3069 tui
1787 3013 2014 3085 optimi,

367 3098 482 3153 mei
514 3104 675 3154 sunt.
708 3100 1144 3173 Responditque
1176 3119 1274 3159 rex
1304 3102 1482 3159 Israel
1517 3120 1531 3158 :
1561 3103 1736 3159 Juxta
1765 3104 2012 3159 verbum

372 3188 803 3258 tuum,domine
837 3192 917 3244 mi
950 3196 1225 3259 rex,tuus
1255 3208 1381 3247 sum
1410 3197 1604 3265 ego,et
1634 3193 1833 3248 omnia
1867 3209 2015 3247 mea.

367 3279 859 3351 Revertentesque
889 3282 1079 3336 nuntii
1112 3282 1387 3338 dixerunt
1438 3300 1451 3339 :
1498 3282 1627 3338 Haec
1656 3282 1798 3339 dicit
1843 3282 2023 3339 Bena-

373 3368 616 3438 dad,qui
649 3368 813 3424 misit
838 3387 944 3425 nos
976 3374 1045 3425 ad
1079 3375 1479 3443 tezArgentum
1514 3376 1780 3439 tuum,et
1808 3387 2021 3428 aurum

370 3462 565 3529 tuum,
598 3463 655 3514 et
687 3476 894 3516 uxores
942 3466 1098 3527 tuas,
1148 3468 1207 3517 et
1254 3462 1405 3518 filios
1454 3468 1588 3519 tuos
1635 3462 1804 3519 dabis
1853 3463 2020 3519 mihi.

371 3551 514 3603 Cras
546 3549 728 3619 igitur
757 3548 867 3604 hac
896 3551 1098 3606 eadem
1138 3550 1284 3607 hora
1334 3553 1564 3608 mittam
1616 3569 1816 3608 servos
1865 3568 2023 3608 meos

372 3639 444 3693 ad
476 3642 553 3703 te,
585 3642 642 3693 et
671 3640 1100 3695 scrutabuntur
1129 3641 1367 3697 domum
1402 3647 1586 3710 tuam,
1620 3647 1677 3698 et
1700 3643 1942 3697 domum
2002 3645 2019 3678 ί

373 3743 677 3783 servorum
710 3732 970 3799 tuorum,
994 3734 1051 3784 et
1079 3746 1252 3785 omne
1284 3732 1437 3802 quod
1472 3732 1556 3785 eis
1584 3730 1889 3802 placuerit,
1914 3748 2021 3803 po-

376 3822 518 3872 nent
547 3817 629 3887 (h.
664 3823 721 3872 et
751 3836 924 3873 omne
952 3820 1409 3891 coneupisoibile
1436 3825 1740 3876 OCulut‘um
1789 3826 2022 3877 tuorum

373 3906 614 3979 ponent)
645 3907 703 3961 in
737 3908 1011 3963 manibus
1041 3909 1251 3976 suis,et
1269 3910 1805 3967 auferent.Vocavit
1825 3915 2019 3965 autem

376 4013 476 4051 rex
508 3995 688 4052 lsrael
720 4013 926 4053 omnes
957 3997 1214 4054 seniores
1245 4003 1434 4064 terrae,
1463 4004 1522 4055 et
1551 3999 1633 4054 ait
1683 4017 1696 4056 :
1740 3999 2019 4054 Animado

373 4086 598 4152 vertite,
629 4090 686 4141 et
715 4085 925 4155 videte,
957 4088 1236 4159 quoniam
1268 4088 1580 4144 insidietur
1621 4088 1811 4145 nobis.
1863 4088 2024 4144 Misit

376 4174 534 4230 enim
565 4175 635 4230 ad
671 4191 763 4230 me
796 4192 896 4247 pro
930 4176 1213 4234 uxoribus
1241 4178 1390 4233 meis
1418 4182 1475 4233 et
1504 4177 1643 4233 ﬁliis
1672 4183 1730 4233 et
1780 4194 1882 4249 pro
1930 4194 2021 4233 ar-

372 4270 549 4335 gento
580 4270 636 4319 et
666 4281 829 4331 auro,
861 4270 919 4320 et
966 4283 1080 4321 non
1125 4266 1326 4322 abnui.
1372 4267 1769 4339 Dixeruntque
1817 4282 2024 4323 omnes

381 4354 630 4422 majores
658 4360 824 4424 natu,
847 4360 904 4409 et
934 4355 1244 4411 universus
1272 4356 1545 4427 populus,
1577 4357 1648 4412 ad
1681 4372 1816 4411 eum
1852 4373 1863 4411 :
1896 4356 2021 4411 Non

378 4442 608 4511 audias,
643 4460 833 4514 neque
862 4446 1206 4515 acquiescas
1237 4445 1335 4501 illi
1362 4446 1444 4517 (h.
1479 4463 1593 4502 non
1641 4446 1859 4513 habet).
1912 4445 2021 4500 Re-

2120 508 2423 565 acoinctus
2455 526 2617 582 aeque
2650 514 2713 565 ut
2741 511 3088 569 discinctus.
3122 519 3370 571 Factum
3420 520 3510 571 est
3553 523 3743 589 autem,

2120 614 2253 653 cum
2276 599 2543 654 audisset
2566 600 2744 671 (Vulg.
2775 601 2985 657 addunt
3006 604 3303 674 Benadab)
3328 605 3569 662 verbum
3591 607 3743 677 istud,

2122 687 2357 744 bibebat
2382 688 2509 760 ipse
2538 695 2594 744 et
2625 706 2787 761 reges
2817 690 2875 745 in
2910 692 3293 763 umbraculis,
3325 698 3385 749 et
3432 695 3516 750 ait
3542 713 3555 751 :
3587 698 3745 753 servis

2123 776 2251 832 suis
2304 793 2316 832 :
2367 777 2740 834 Circumdate
2787 779 3103 835 civitatem.
3147 782 3216 837 Et
3261 783 3747 841 circumdederunt

2122 881 2273 921 eam.
2306 866 2392 937 (T.
2454 866 2804 938 LXXXVII.)
2853 872 2921 924 Et
2969 885 3102 926 ecce
3146 871 3435 943 propheta
3483 889 3631 928 unus
3673 891 3747 929 ac

2122 955 2334 1010 cedens
2367 957 2438 1010 ad
2468 956 2631 1010 Ahab
2662 973 2857 1029 regem
2888 958 3089 1029 Israel,
3112 959 3193 1015 ait
3220 960 3271 1016 ei
3297 976 3312 1016 :
3338 962 3468 1017 Haec
3497 961 3633 1017 dicit
3658 967 3745 1019 Do-

2124 1044 2324 1099 minus
2356 1061 2368 1100 :
2402 1044 2569 1101 Certe
2598 1045 2795 1101 vidisti
2844 1064 3079 1103 omnem
3128 1049 3575 1106 multitudinem
3618 1052 3746 1108 hanc

2121 1133 2398 1190 nimiam?
2426 1150 2691 1206 ecce,ego
2722 1137 2947 1192 tradam
2980 1152 3107 1193 eam
3140 1139 3200 1194 in
3230 1154 3413 1194 manu
3447 1145 3546 1196 tua
3574 1139 3743 1209 hodie,

2122 1226 2189 1276 ut
2214 1221 2366 1277 scias
2406 1222 2547 1293 quia.
2597 1238 2699 1293 ego
2752 1239 2884 1279 sum
2938 1224 3249 1281 Dominus.
3296 1227 3370 1281 Et
3416 1230 3497 1281 ait
3540 1226 3689 1282 Ahab
3732 1244 3744 1281 :

2122 1310 2233 1366 Per
2263 1327 2436 1382 quem
2456 1312 2483 1366 ‘?
2511 1311 2784 1383 Dixitque
2809 1312 2862 1369 ei
2894 1313 2915 1348 ³
2946 1331 2959 1369 :
2993 1314 3121 1369 Haec
3154 1314 3301 1370 dicit
3330 1315 3745 1372 Dominuszper

2123 1399 2477 1473 pedisequos
2498 1401 2689 1472 (h.per
2707 1406 2941 1472 pueros)
2963 1403 3300 1476 principum
3317 1404 3744 1477 provinciarum.

2123 1494 2191 1545 Et
2219 1492 2301 1546 ait
2334 1508 2347 1546 :
2382 1491 2522 1554 Quis
2554 1491 2794 1563 incipiet
2824 1491 3118 1564 preliari?
3148 1494 3217 1549 Et
3265 1493 3369 1550 ille
3415 1494 3556 1550 dixit
3606 1510 3618 1551 :
3656 1499 3740 1551 Tu.

2122 1579 2435 1636 Recensuit
2486 1597 2623 1652 ergo
2671 1597 2885 1653 pueros
2934 1581 3267 1654 principum
3322 1584 3745 1656 provinciarum,

2123 1674 2179 1725 et
2210 1669 2425 1740 reperit
2454 1686 2768 1726 numerum
2802 1671 3189 1727 ducentorum
3220 1672 3474 1743 triginta
3501 1673 3743 1729 duorum:

2121 1763 2179 1813 et
2209 1767 2338 1829 post
2366 1775 2466 1814 eos
2497 1760 2793 1815 recensuit
2821 1760 3127 1833 populum,
3159 1777 3371 1817 omnes
3398 1760 3546 1817 ﬁlios
3573 1760 3745 1827 lsrael,

2122 1853 2347 1920 septem
2380 1849 2586 1915 millia,
2618 1854 2675 1904 et
2718 1850 2942 1921 egressi
2991 1855 3134 1905 sunt
3183 1850 3453 1907 meridie.
3505 1849 3743 1906 Benadad

2125 1943 2323 1993 autem
2355 1937 2592 1994 bibebat
2621 1938 2984 1995 temulentus
3013 1939 3076 1996 in
3102 1940 3456 1996 umbraculo
3485 1956 3586 1996 suo
3616 1938 3740 2009 (h.in

2125 2027 2530 2099 umbraculis),
2563 2036 2618 2083 et
2648 2044 2814 2100 reges
2848 2028 3089 2100 triginta
3114 2030 3229 2085 duo
3264 2045 3403 2085 cum
3434 2044 3519 2095 eo,
3550 2028 3641 2100 qui
3685 2028 3743 2082 ad

2124 2115 2411 2173 auxilium
2443 2118 2570 2187 ejus
2601 2121 2899 2173 venerant.
2933 2117 3166 2190 Egressi
3197 2121 3345 2173 sunt
3372 2122 3562 2175 autem
3605 2117 3743 2190 pueri

2123 2204 2455 2278 principum
2481 2206 2915 2277 provinciarum
2940 2207 2996 2261 in
3022 2206 3215 2278 prima
3236 2206 3432 2263 fronte
3455 2207 3535 2276 (h.
3568 2207 3620 2262 in
3648 2205 3744 2277 pri-

2124 2292 2283 2363 mis).
2317 2293 2476 2349 Misit
2506 2294 2702 2366 itaque
2734 2295 3029 2361 Benadad,
3079 2311 3179 2367 qui
3230 2295 3640 2351 nuntiaverunt
3679 2294 3740 2349 ei.

2123 2382 2564 2439 dicentes:Viri
2611 2384 2834 2455 egressi
2865 2389 3005 2439 sunt
3037 2383 3109 2440 de
3136 2384 3428 2440 Samaria.
3478 2388 3544 2439 At
3595 2382 3679 2439 ille
3726 2398 3738 2436 :

2124 2472 2384 2543 Sive,ait,
2416 2489 2517 2543 pro
2539 2489 2680 2544 pace
2699 2472 2962 2543 veniunt,
2981 2473 3409 2545 apprehendite
3437 2489 3533 2530 eos
3558 2473 3697 2528 vivos
3725 2488 3737 2527 :

2124 2561 2267 2629 sive,
2304 2566 2370 2617 ut
2402 2562 2759 2634 praalieutur,
2786 2563 2949 2618 vivos
2973 2579 3074 2618 eos
3101 2563 3318 2634 capite.
3358 2563 3582 2634 Egressi
3625 2564 3743 2616 sunt

2123 2670 2261 2726 ergo
2292 2653 2457 2724 pueri
2501 2652 2835 2725 principum
2888 2653 3351 2725 provinciarum,
3402 2670 3467 2709 ac
3510 2652 3738 2723 reliquus

2126 2744 2416 2799 exercitus
2446 2743 2805 2814 sequebatur
2832 2742 2917 2811 (b.
2949 2744 3051 2814 qui
3082 2743 3442 2814 sequebatur
3487 2743 3602 2811 eos)
3646 2758 3659 2797 :
3695 2742 3742 2794 et

2124 2833 2420 2904 percussit
2440 2832 2853 2903 unusquisque
2870 2833 3190 2903 virum,qui
3209 2837 3419 2889 contra
3434 2847 3494 2888 se
3512 2828 3742 2887 veniebat

2126 2923 2250 2992 (ms.
2282 2922 2563 2992 venerat),
2597 2922 2995 2994 fugeruntque
3022 2923 3169 2994 Syri,
3202 2928 3263 2978 et
3300 2924 3627 2995 persecutus
3668 2921 3739 2973 est

2126 3027 2225 3067 eos
2280 3010 2476 3068 Israel.
2528 3011 2695 3082 Fugit
2742 3027 2977 3083 quoque
3023 3010 3303 3067 Benadad
3358 3028 3455 3067 rex
3496 3009 3651 3081 Syriis
3692 3006 3739 3061 in

2128 3119 2275 3174 equo
2307 3120 2439 3158 cum
2472 3102 2793 3173 equitibus.
2837 3102 3075 3159 Necnon
3124 3119 3405 3175 egressus
3452 3118 3547 3159 rex
3594 3095 3741 3155 Israel

2133 3192 2424 3264 percussit
2443 3208 2625 3263 equos
2648 3197 2705 3247 et
2726 3197 3020 3263 eurrus,et
3040 3193 3341 3263 percussit
3358 3191 3575 3261 Syriam
3605 3187 3744 3261 plaga

2132 3298 2368 3353 magna.
2396 3282 2493 3348 (T.
2524 3280 2904 3352 LXXXVIII.)
2933 3282 3229 3338 Accedens
3260 3287 3460 3339 autem
3500 3278 3742 3351 propheta

2133 3371 2202 3426 ad
2235 3386 2429 3441 regem
2464 3371 2665 3437 lsrael,
2699 3370 2846 3425 dixit
2873 3370 2926 3425 ei
2962 3388 2974 3427 :
3009 3369 3189 3439 Vade,
3218 3376 3284 3426 et
3326 3369 3653 3432 confortare,
3693 3366 3738 3418 et

2131 3462 2296 3528 scito,
2330 3466 2387 3517 et
2413 3460 2545 3516 vide
2575 3460 2717 3531 quid
2750 3460 2931 3516 facias
2965 3476 2978 3516 :
3012 3462 3281 3532 sequenti
3312 3460 3466 3519 enim
3497 3473 3635 3515 anno
3660 3468 3739 3510 rex

2128 3550 2306 3623 Syria:
2338 3550 2614 3605 ascendet
2644 3552 2847 3605 contra
2876 3553 2952 3605 te.
3006 3550 3167 3605 Servi
3214 3566 3351 3607 vero
3400 3549 3547 3622 regis
3592 3543 3735 3617 Syria

2131 3641 2406 3695 dixerunt
2435 3639 2487 3694 ei
2522 3656 2535 3695 :
2572 3639 2663 3694 Dii
2715 3638 3005 3694 montium
3058 3643 3197 3694 sunt
3246 3641 3328 3695 dii
3377 3653 3589 3702 eorum,
3634 3633 3737 3688 ideo

2131 3731 2558 3801 superaverunt
2587 3744 2730 3797 nos;
2764 3728 2865 3783 sed
2915 3726 3130 3783 melius
3178 3733 3292 3795 est,
3342 3732 3407 3783 ut
3449 3734 3733 3799 pugnemus

2129 3824 2333 3875 contra
2362 3833 2463 3873 eos
2494 3818 2551 3872 in
2585 3817 3102 3888 campestribus,et
3131 3816 3529 3873 obtinebimus
3554 3808 3733 3868 eos.Tu

2129 3924 2266 3979 ergo
2298 3906 2538 3962 verbum
2570 3906 2681 3962 hoc
2713 3907 2799 3961 fac
2849 3922 2862 3961 :
2906 3907 3122 3961 Amove
3172 3922 3341 3979 reges
3388 3901 3634 3976 singulos
3673 3896 3731 3953 al)

2130 3995 2382 4052 exercitu
2417 4011 2523 4050 suo
2556 3994 2734 4064 (Vulg.
2766 3993 2911 4064 tuo),
2944 3996 3000 4047 et
3032 4008 3179 4063 pone
3211 3992 3501 4064 principes
3528 4003 3621 4060 pro
3646 3984 3732 4047 eis,

2130 4090 2189 4141 et
2218 4084 2485 4140 instaura
2513 4098 2825 4137 numerum
2860 4081 3142 4148 militum,
3175 4084 3277 4153 qui
3319 4078 3638 4137 ceciderunt
3676 4070 3734 4125 de

2127 4176 2268 4241 tuis,
2301 4177 2359 4229 et
2387 4188 2570 4244 equos
2612 4171 2937 4243 secundum
2986 4186 3171 4242 equos
3214 4170 3511 4243 pristinos,
3555 4173 3732 4221 currus

2131 4264 2457 4320 secundum
2489 4276 2699 4317 currus
2729 4276 2878 4331 quos
2927 4265 3061 4315 ante
3106 4258 3389 4328 habuisti,
3436 4261 3492 4313 et
3539 4263 3731 4324 pugna-

2129 4353 2329 4408 bimus
2358 4356 2561 4407 contra
2591 4366 2690 4406 eos
2720 4350 2779 4405 in
2812 4348 3266 4421 campestribus,
3287 4352 3344 4404 et
3369 4343 3578 4403 videbis
3604 4332 3731 4410 quod

2130 4441 2530 4499 obtinebimus
2578 4455 2679 4495 eos
2743 4438 2825 4510 (h.
2881 4443 2956 4493 Et
3020 4440 3237 4494 audivit
3300 4451 3475 4495 vocem
3533 4428 3731 4491 ceruini-

378 4533 615 4603 spondit
637 4532 837 4604 itaque
861 4534 1084 4590 nuntiis
1106 4535 1595 4591 Benadad:Dicite
1621 4534 1871 4591 Domino
1897 4550 2021 4590 meo
2052 4537 2098 4600 D
2129 4531 2389 4588 Credidit
2409 4528 2653 4585 consilio
2675 4544 2900 4600 eorum,
2919 4532 2976 4583 et
2996 4527 3133 4583 fecit
3155 4527 3441 4599 itanitur
3458 4524 3731 4595 postquam

374 4622 495 4692 regi
529 4637 541 4675 :
576 4620 785 4677 Omnia
816 4628 1051 4694 propter
1079 4641 1206 4695 quae
1236 4624 1449 4680 misisti
1481 4625 1553 4680 ad
1585 4640 1819 4680 servum
1850 4629 2019 4678 tuum

376 4709 436 4764 in
467 4709 634 4766 initio
666 4712 687 4745 ²
736 4712 946 4767 faciam
993 4728 1006 4767 :
1053 4713 1206 4769 hanc
1253 4719 1452 4769 autem
1504 4730 1626 4769 rem
1675 4713 1863 4769 facere
1906 4729 2020 4768 non

379 4816 648 4872 possum.
718 4801 1073 4872 Reversique
1138 4804 1331 4858 nuntii
1398 4802 1729 4859 retulerunt
1781 4802 1854 4859 ei.
1911 4801 2020 4866 Qui

378 4889 691 4957 remisit,et
714 4891 796 4946 ait
826 4908 839 4945 :
876 4892 1002 4946 Haec
1024 4892 1243 4948 faciant
1263 4892 1405 4949 mihi
1428 4893 1529 4962 dii,
1552 4898 1610 4948 et
1630 4892 1752 4948 haec
1782 4893 2019 4961 addant,

378 4977 429 5034 si
459 4978 757 5035 sull'ecerit
785 4979 981 5050 pulvis
1008 4982 1280 5036 Samariaa
1312 4980 1550 5053 pugillis
1581 4982 1774 5037 omnis
1824 4980 2022 5053 populi

372 5068 473 5139 qui
504 5069 774 5140 sequitur
803 5085 897 5125 me
925 5074 1506 5143 (m.sequuntur).Et
1536 5071 1897 5143 respondens
1924 5085 2023 5125 rex

445 5270 462 5302 ¹
498 5269 584 5322 Ita
632 5267 806 5322 verbo
860 5267 931 5321 ad
982 5268 1225 5322 verbum
1275 5268 1492 5335 legitur
1536 5268 1597 5325 in
1649 5267 1908 5335 Hebraeo,
1960 5269 2019 5325 in

370 5338 601 5393 Canone
635 5344 832 5412 uestro
864 5339 1090 5412 Latino,
1122 5344 1180 5394 et
1203 5340 1261 5412 in
1296 5338 1569 5412 plurimis
1598 5342 2022 5397 vetustioribus

376 5426 521 5467 mss.
556 5410 859 5485 versionis
892 5411 1255 5485 Hieronymi,
1298 5410 1449 5485 puta
1496 5412 1553 5466 in
1606 5413 1785 5485 Regio
1834 5415 2023 5485 prima

372 5496 571 5547 manu,
604 5483 661 5537 in
691 5482 1206 5539 Corbiensibus‘il
1245 5482 1420 5551 et'l3,
1453 5488 1562 5540 etc.
1599 5482 1782 5540 Maa'r.

445 5584 513 5593 ——
548 5555 634 5609 Ita
663 5559 721 5609 et
749 5554 1072 5611 Veronens.
1106 5556 1282 5612 habet
1311 5573 1422 5612 ms.
1455 5560 1513 5612 et
1558 5557 1910 5613 vetustiores
1954 5572 2023 5612 ex

370 5620 444 5679 lis
474 5640 622 5697 quos
650 5628 915 5684 Martian.
947 5627 1267 5685 consuluit.
1298 5627 1557 5701 Vulgati,
1586 5634 1791 5702 septem
1828 5626 2024 5687 millia

2134 4636 2326 4678 annus
2354 4618 2689 4689 transierat,
2726 4616 3018 4674 recensuit
3047 4617 3320 4673 Benadad
3370 4614 3554 4686 Syros,
3598 4608 3649 4661 et
3687 4615 3735 4654 8-

2134 4710 2366 4766 scendit
2394 4708 2453 4763 in
2488 4708 2704 4780 Aphee,
2729 4712 2795 4762 ut
2822 4710 3112 4779 pugnaret
3140 4711 3343 4762 contra
3373 4697 3562 4759 Israel.
3583 4699 3731 4752 Porro

2134 4798 2237 4856 tilii
2263 4797 2441 4855 Israel
2476 4795 2744 4852 recensiti
2777 4800 2938 4864 sunt,
2972 4802 3026 4851 et
3058 4795 3312 4865 acceptis
3336 4788 3578 4852 cibariis,
3623 4792 3731 4854 pro-

2134 4888 2267 4945 fecti
2302 4904 2373 4943 ex
2402 4886 2669 4951 adverso,
2691 4892 2999 4955 castraque
3029 4883 3230 4941 metati
3260 4886 3396 4939 sunt
3421 4880 3607 4935 contr!
3631 4881 3730 4932 60!,

2134 4978 2305 5053 quasi
2337 4980 2453 5034 duo
2484 4976 2646 5048 parvi
2672 4991 2879 5048 greges
2910 4991 3217 5047 caprarum
3251 4991 3263 5029 :
3295 4970 3417 5046 Syri
3446 4970 3728 5053 autem)?"

2133 5042 2442 5143 pleverunt
2469 5042 2709 5123 terram:
2744 5042 2811 5121 Et
2836 5042 3118 5121 accedens
3148 5067 3275 5134 (ms.
3306 5042 3357 5119 el
3387 5058 3529 5126 Vulg.
3557 5042 3732 5107 addunt

2133 5268 2406 5330 virorum,
2438 5280 2667 5338 quorum
2696 5277 2879 5338 genua
2908 5277 3019 5319 non
3047 5269 3198 5334 sunt,
3211 5263 3336 5338 pte.

2203 5306 3434 5404 'Vblurigmvh'uihero,domiu,cum,Hebrteo
3478 5332 3575 5382 in:
3613 5306 3728 5381 ιοείι

2138 5417 2398 5468 Veronen
2409 5427 2454 5466 s.
2485 5426 2597 5465 ms.

2142 5463 2165 5572 ,1
2190 5463 2730 5568 νίῇᾶέιίλῂηίείουω
2779 5476 3062 5551 Vulgatis,
3113 5477 3186 5533 ad
3229 5489 3312 5532 me
3353 5478 3553 5528 servum
3595 5463 3725 5513 ταωνι

2132 5564 2434 5684 “iniam
2464 5624 2639 5682 Hebr.
2670 5626 2992 5680 Veronens.
3025 5628 3136 5678 ma.
3172 5619 3321 5685 tacet
3344 5628 3412 5671 et.
