3938 6174
187 282 270 340 769

1457 267 1670 322 LIBER
1704 269 1729 320 Ι
1768 265 2177 321 MALACHIM.

3425 276 3533 333 770

188 407 327 477 unus)
345 404 422 460 vir
448 400 557 468 Dei,
584 398 729 457 dixit
776 399 847 453 ad
908 412 1105 470 regem
1165 394 1384 453 Israel:
1445 394 1578 449 Haec
1629 390 1767 446 dicit
1801 399 1854 468 Α
1884 390 2040 460 genti
2074 390 2389 461 appendes.
2430 395 2577 446 Dum
2600 394 2796 448 autem
2831 407 2938 466 ego
2968 397 3243 456 turbatus
3284 399 3400 457 huc
3454 403 3540 459 il-

186 495 451 554 Dominus:
483 491 622 557 Quia
652 488 927 544 dixerunt
944 486 1110 558 Syri:
1141 485 1291 541 Deus
1323 482 1617 540 montium
1678 482 1771 535 est
1878 477 2094 549 lucque
2126 495 2218 534 me
2247 486 2554 548 verterem,
2580 483 2777 538 subito
2810 500 2925 539 non
2959 490 3312 560 comparuit.
3347 496 3414 546 Et
3451 495 3535 550 ait

186 586 439 651 Dominus,
470 584 523 637 et.
554 596 665 636 non
697 582 788 633 est
821 581 971 632 Deus
1000 576 1274 643 vallium,
1330 574 1482 629 dabo
1532 585 1769 626 omnem
1880 584 1979 623 rex
2010 567 2190 624 Israel
2221 571 2293 625 ad
2325 586 2457 626 eum
2490 588 2503 626 :
2539 572 2654 627 Hoc
2684 578 2775 628 est
2799 575 3095 643 judicium
3126 583 3323 647 tuum,
3371 586 3528 654 quod

188 672 569 733 multitudinem
590 668 874 742 grandem
889 666 1041 721 hanc
1062 665 1122 720 in
1145 680 1322 720 manu
1349 666 1533 731 tua,et
1575 657 1775 716 scietis
1882 658 2009 730 ipse
2039 659 2367 716 decrevisti.
2400 665 2475 716 At
2505 662 2601 717 ille
2634 663 2831 719 statim
2883 666 3161 723 abstersit
3214 672 3320 741 (Al.
3393 675 3536 729 abs-

190 765 299 838 quia
320 778 408 834 ego
430 759 730 816 Dominus.
767 756 1104 828 Dirigebant
1155 759 1379 826 septem
1440 752 1649 807 diebus
1706 765 1778 804 ex
1883 748 2081 838 tergit)
2113 747 2409 820 pulverem
2442 750 2513 806 de
2544 751 2691 807 facie
2721 769 2854 819 sua,
2886 764 2940 809 et
2971 759 3243 829 cognovit
3264 776 3399 817 eum
3433 779 3533 819 rex

188 855 386 909 adverso
412 849 468 905 hi
497 852 670 921 atque
703 846 979 914 illiacies;
1003 843 1256 917 septima
1282 848 1476 899 autem
1500 840 1592 897 die
1624 854 1779 895 com-

191 943 392 999 missum
422 943 504 996 est
531 936 775 1006 bellum,
836 937 1375 1008 percusseruntque
1434 930 1538 985 filii
1598 928 1777 984 Israel

188 1032 242 1089 de
266 1029 404 1101 Syris
429 1032 658 1085 centum
684 1024 868 1081 millia
898 1024 1160 1096 peditum
1192 1022 1253 1079 in
1284 1021 1377 1077 die
1408 1036 1544 1076 una.
1592 1018 1780 1089 Fuge-

189 1125 300 1177 runt
323 1122 501 1175 autem
535 1116 633 1190 qui
665 1109 1439 1183 remanserantinAphec,in
1464 1107 1783 1176 civitatem,

187 1214 231 1267 et
250 1208 432 1265 cecidit
457 1222 661 1263 murus
692 1220 869 1277 super
896 1201 1103 1275 viginti
1133 1204 1361 1273 septem
1390 1197 1575 1254 millia
1594 1194 1785 1253 homi-

188 1314 304 1354 num
328 1298 402 1370 (h.
432 1297 737 1364 virorum),
769 1293 871 1365 qui
903 1294 1330 1348 remanserant.
1364 1292 1541 1345 Porro
1601 1287 1786 1342 Bena-

187 1388 278 1445 dad
305 1386 512 1459 fugiens
542 1385 850 1457 ingressus
881 1385 971 1439 est
1001 1380 1318 1447 civitatem,
1349 1378 1409 1433 in
1451 1375 1787 1434 cubiculum

189 1478 315 1550 quod
345 1482 456 1533 erat
482 1476 640 1532 intra
668 1473 1029 1531 cubiculum.
1073 1471 1475 1542 Dixeruntque
1532 1468 1582 1525 ei
1642 1466 1790 1523 servi

188 1567 459 1634 suizEcce,
516 1564 856 1622 audivimus
913 1562 1069 1634 quod
1133 1576 1297 1632 reges
1353 1560 1563 1614 domus
1613 1556 1793 1613 Israel

186 1656 460 1712 clementes
489 1656 631 1725 sint,
658 1670 953 1726 ponamus
998 1653 1201 1724 itaque
1250 1666 1452 1706 saccos
1484 1648 1542 1703 in
1574 1647 1795 1702 lumbis

1886 837 2088 908 Israel,
2124 841 2279 910 quod
2311 845 2465 896 esset
2494 842 2564 896 de
2599 842 2922 914 prophetis.
2970 846 3076 910 Qui
3111 848 3193 905 ait
3237 852 3307 905 ad
3364 869 3498 908 eum
3527 871 3540 909 :

1888 928 1974 999 (T.
2006 927 2167 1000 XCI.)
2200 930 2328 985 limo
2372 930 2516 987 dicit
2544 933 2863 990 Dominus:
2915 935 3059 999 Quia
3109 939 3387 997 dimisisti
3446 944 3539 998 vi-

1891 1034 2023 1073 rum
2055 1019 2298 1089 dignum
2322 1025 2510 1076 morte
2543 1023 2613 1076 de
2646 1038 2821 1079 manu
2856 1028 2978 1092 tua,
3011 1027 3121 1083 erit
3181 1030 3381 1088 anima
3436 1036 3540 1089 tua

1892 1121 1995 1177 pro
2026 1106 2226 1162 anima
2254 1108 2408 1178 ejus,
2438 1113 2495 1164 et
2514 1110 2767 1181 populus
2797 1116 2936 1168 tuus
2970 1131 3071 1186 pro
3122 1118 3334 1188 populo
3389 1120 3542 1191 ejus.

1894 1195 2182 1252 Reversus
2213 1201 2303 1251 est
2327 1196 2508 1269 igitur
2537 1214 2635 1255 rex
2655 1202 2829 1256 Israel
2856 1202 2913 1258 in
2945 1204 3187 1261 domum
3210 1224 3403 1278 suam,
3436 1227 3548 1267 au-

1896 1287 2021 1342 dire
2050 1290 2456 1355 contemnens,
2488 1293 2544 1344 et
2575 1290 2957 1360 furibundus,
3008 1297 3167 1351 venit
3226 1297 3283 1353 in
3343 1303 3551 1356 Sama-

1897 1392 2069 1432 riam.

1970 1466 2055 1535 (T.
2090 1464 2255 1531 XCII,
2289 1466 2417 1537 Cap.
2436 1467 2742 1539 XXI.)Post
2765 1472 2938 1527 verba
2971 1478 3165 1530 autem
3192 1476 3315 1533 hec
3361 1479 3548 1551 (Vulg.

1901 1554 2025 1610 add.
2058 1560 2318 1626 tempore
2349 1556 2472 1624 illo)
2520 1558 2688 1614 vinea
2740 1566 2865 1616 erat
2923 1563 3149 1620 Naboth
3207 1567 3549 1641 Jezraelitzs,

1904 1644 2003 1716 qui
2034 1650 2159 1700 erat
2188 1646 2245 1700 in
2273 1646 2517 1715 Jezrael,
2539 1648 2708 1717 juxta
2739 1650 3019 1721 palatium
3056 1654 3219 1710 Ahab
3253 1658 3406 1728 regis
3446 1660 3550 1714 Sa-

189 1746 388 1813 nostris,
414 1750 468 1801 et
499 1744 795 1846 funiculos
824 1741 1202 1846 in‘capitib'us
1225 1738 1449 1846 nostris
1474 1741 1519 1846 t,
1551 1742 1609 1792 et
1633 1751 1795 1836 egre-
1831 1782 1877 1846 Β
1907 1732 2410 1846 ῐῐξιειῐδίωζὲιοειξῐυε
2441 1742 2531 1846 est
2562 1753 2699 1810 ergo
2731 1738 2895 1846 Ahab
2920 1743 2989 1841 ad
3022 1743 3275 1846 Naboth,
3309 1747 3511 1803 dicens
3538 1764 3550 1804 :

189 1834 387 1890 diamur
411 1835 479 1891 ad
511 1848 710 1905 regem
739 1830 919 1888 Israel
945 1847 957 1886 :
994 1830 1237 1886 forsitan
1271 1828 1523 1885 salvahit
1571 1826 1800 1882 animas

194 1928 389 1980 nostras
414 1923 759 1996 (h.animam
792 1922 986 1992 tuam).
1012 1919 1406 1975 Accinxerunt
1435 1918 1619 1973 saccis
1648 1914 1802 1969 lum-

187 2012 271 2067 bos
296 2029 447 2085 suos,
472 2018 527 2069 et
562 2016 889 2085 posuerunt
912 2011 1079 2065 funes
1112 2010 1170 2063 in
1203 2007 1494 2080 capitibus
1518 2006 1641 2062 suis
1672 2007 1797 2077 (ms.

187 2104 300 2156 tacet
327 2102 485 2174 suis).
510 2107 916 2173 veneruntque
947 2100 1018 2155 ad
1052 2115 1246 2172 regem
1281 2096 1481 2164 Israel,
1516 2102 1573 2152 et
1638 2096 1798 2151 dixe-

186 2196 331 2246 runt:
360 2195 572 2247 Servus
603 2196 742 2246 tuus
773 2190 1044 2246 Benadad
1078 2188 1221 2243 dicit
1254 2203 1267 2241 :
1303 2186 1495 2255 Vivat,
1526 2202 1627 2241 oro
1669 2190 1720 2241 te
1776 2185 1797 2218 ²

180 2277 245 2342 (h.
273 2295 375 2334 non
405 2279 623 2347 habet),
657 2278 855 2334 anima
882 2293 1027 2332 mea.
1060 2277 1131 2332 Et
1162 2274 1259 2331 ille
1313 2276 1431 2330 ait:
1487 2275 1544 2330 Si
1596 2274 1798 2329 adhuc

186 2364 319 2433 vivit,
350 2367 521 2425 frater
554 2383 726 2423 meus
757 2371 863 2422 est.
898 2365 1060 2429 Quod
1120 2366 1472 2434 acceperunt
1528 2362 1634 2418 viri
1694 2378 1797 2433 pro

185 2456 367 2524 omine,
396 2462 451 2513 et
482 2458 837 2513 festinanter
865 2459 987 2525 (ms.
1048 2454 1416 2525 festinantes)
1476 2456 1801 2524 rapuerunt

186 2545 393 2602 verbum
421 2563 485 2602 ex
521 2562 623 2602 ore
646 2546 795 2617 ejus,
829 2549 1005 2617 atque
1045 2544 1355 2599 dixerunt:
1408 2543 1606 2598 Frater
1662 2548 1799 2597 tuus

185 2636 443 2696 Benadab.
479 2639 553 2694 Et
586 2638 737 2693 dixit
765 2638 844 2693 eis
872 2637 953 2708 (h.
990 2652 1103 2691 non
1164 2635 1362 2707 habet)
1389 2652 1403 2691 :
1429 2636 1532 2702 Ite,
1592 2640 1650 2690 et
1696 2636 1802 2690 ad-

182 2723 349 2782 ducite
378 2743 507 2783 eum
545 2727 740 2797 (Vulg.
771 2726 980 2781 addunt
1011 2725 1081 2779 ad
1100 2724 1213 2795 me)
1235 2728 1522 2795 Egressus
1555 2727 1645 2779 est
1665 2738 1802 2794 ergo

184 2813 240 2867 ed
261 2831 381 2870 eum
405 2833 418 2872 :
442 2816 743 2883 Benadab,
771 2819 828 2869 et
858 2812 1065 2868 levavit
1084 2812 1106 2846 ³
1131 2828 1266 2867 eum
1289 2812 1349 2866 in
1380 2828 1618 2868 currum
1640 2829 1805 2867 suum

189 2900 254 2969 (h.
284 2920 385 2960 non
418 2904 645 2974 habet).
680 2902 787 2970 Qui
820 2902 965 2957 dixit
994 2901 1083 2956 ei:
1119 2901 1416 2965 Civitates,
1475 2916 1624 2970 quas
1670 2900 1807 2955 tulit

184 2996 325 3059 pater
352 3009 513 3050 meus
550 3010 589 3048 a
619 2997 783 3064 patre
816 2990 1222 3057 tuo,reddam,
1252 2992 1309 3043 et
1341 2989 1564 3060 plateas
1588 2988 1676 3044 fac
1699 2989 1805 3045 tibi

182 3078 229 3133 in
258 3079 548 3148 Damasco,
586 3082 740 3136 sicut
762 3080 896 3135 fecit
927 3083 1091 3150 pater
1122 3093 1291 3133 meus
1322 3078 1382 3132 in
1434 3078 1721 3143 Samaria,
1752 3082 1808 3135 et

1909 1820 1993 1875 Da
2049 1822 2195 1877 mihi
2248 1824 2438 1880 vinem
2500 1831 2685 1896 tuam,
2744 1834 2809 1882 ut
2856 1827 3061 1887 faciam
3123 1832 3267 1888 mihi
3318 1835 3555 1891 hortum

1909 1910 2157 1978 olerum,
2191 1913 2331 1983 quia
2362 1914 2553 1970 vicina
2581 1921 2690 1979 est,
2724 1922 2782 1972 et
2813 1935 2993 1989 prope
3042 1922 3283 1978 domum
3339 1941 3553 1993 meam,

1908 2000 2178 2072 daboque
2207 2002 2311 2057 tibi
2342 2019 2445 2074 pro
2466 2021 2532 2059 ea
2560 2005 2786 2061 vineam
2822 2008 3144 2077 meliorem,
3177 2016 3278 2067 aut
3336 2014 3384 2069 si
3446 2012 3555 2069 tibi

1909 2090 2279 2146 commodius
2306 2096 2501 2163 putas,
2528 2096 2749 2165 argenti
2784 2097 3057 2167 pretium,
3087 2102 3319 2171 'quanto
3375 2101 3554 2174 digna

1908 2184 2018 2232 est.
2050 2178 2155 2233 Cui
2187 2182 2491 2251 respondit
2519 2182 2780 2253 Naboth:
2818 2184 3109 2257 Propitius
3142 2190 3285 2244 mihi
3320 2192 3396 2246 sit
3441 2192 3552 2249 Do-

1908 2267 2106 2323 minus
2137 2268 2214 2336 (h.
2254 2269 2574 2326 Absitame
2590 2272 3551 2342 aDomino),nedemhereditatem

1909 2361 2143 2427 patrum
2178 2373 2441 2413 meorum
2476 2359 2608 2416 tibi.
2643 2364 2816 2417 Venit
2846 2379 2983 2435 ergo
3016 2365 3181 2423 Ahab
3220 2369 3274 2423 in
3308 2370 3551 2427 domum

1908 2461 2077 2501 suam
2110 2446 2448 2518 indignans,
2480 2448 2532 2503 ei
2581 2449 2855 2506 frendens
2901 2470 3082 2525 super
3134 2458 3331 2527 verbo,
3395 2460 3552 2530 quod

1908 2535 2142 2591 locutus
2174 2536 2362 2591 fuerat
2390 2538 2461 2592 ad
2497 2554 2629 2593 eum
2657 2539 2883 2596 Naboth
2918 2544 3275 2612 Iezraelites,
3310 2547 3552 2604 dicens:

1910 2624 2033 2679 Non
2066 2627 2139 2680 do
2170 2625 2274 2680 tibi
2311 2626 2708 2683 hereditatem
2743 2634 2975 2701 patrum
3011 2649 3297 2689 meorum.
3326 2638 3391 2691 Et
3424 2654 3559 2709 pro-

1903 2714 2115 2786 jiciens
2146 2731 2209 2770 se
2234 2714 2292 2769 in
2319 2714 2595 2773 lectulum
2625 2734 2822 2787 suum,
2858 2721 3067 2776 avertit
3094 2722 3298 2779 faciem
3317 2726 3359 2791 ⁸,
3386 2742 3556 2782 suam

1913 2808 1970 2859 et
2000 2821 2114 2860 non
2146 2804 2397 2859 comedit
2426 2822 2659 2877 panem.
2684 2807 2954 2880 Ingressa
2980 2815 3067 2865 est
3097 2817 3293 2867 autem
3315 2814 3386 2869 ad
3419 2830 3554 2870 eum

1911 2892 2141 2949 Jezabel
2175 2910 2319 2948 uxor
2348 2910 2477 2963 sua,
2513 2896 2774 2967 dixitque
2803 2899 2853 2952 ei
2890 2915 2902 2953 :
2936 2899 3079 2962 Quid
3117 2906 3204 2956 est
3236 2902 3365 2969 hoc,
3400 2905 3557 2960 unde

1915 2982 2112 3038 anima
2145 2988 2243 3039 tua
2272 2984 2617 3040 contristata
2647 2992 2736 3041 est
2760 2990 2781 3041 Ρ
2809 2992 2864 3042 et
2896 3005 3077 3059 quare
3136 3008 3247 3046 non
3294 2992 3554 3049 comedis

1919 3072 2175 3144 panem?
2206 3074 2313 3138 Qui
2347 3075 2651 3144 respondit
2688 3076 2738 3130 ei
2772 3094 2785 3132 :
2843 3078 3094 3134 Locutus
3139 3096 3270 3135 sum
3328 3082 3559 3138 Naboth

181 3182 269 3237 ego
297 3169 611 3225 fcsderatus
642 3168 908 3223 recedam
942 3171 1074 3221 ate.
1152 3164 1374 3237 Pepigit
1401 3181 1538 3238 ergo
1596 3166 1807 3238 foedus,
1840 3154 1883 3219 C
1922 3162 2260 3227 Jezraelitar,
2293 3168 2351 3218 et
2379 3164 2499 3218 dixi
2532 3164 2583 3219 ei
2609 3165 2712 3236 (Al.
2746 3167 2953 3234 dixit):
2991 3173 3067 3224 Da
3128 3170 3275 3225 mihi
3333 3172 3562 3227 vineam

183 3258 230 3309 et
256 3257 468 3313 dimisit
494 3259 585 3330 (h.
621 3262 678 3312 et
706 3272 812 3328 ego
842 3273 963 3311 cum
984 3256 1189 3325 fwdere
1210 3254 1503 3309 remittam
1536 3255 1688 3310 te.Et
1710 3272 1810 3327 pe-

184 3346 311 3417 pigit
338 3347 519 3404 fcsdus
543 3350 606 3403 et
637 3346 819 3417 misit)
850 3361 1009 3401 eum.
1040 3344 1127 3416 (T.
1158 3343 1488 3412 LXXXIX.)
1517 3344 1680 3400 Tunc
1720 3345 1813 3400 vir

185 3436 397 3504 quidam
427 3439 498 3494 de
531 3436 677 3492 filiis
695 3436 1109 3508 prophetarum
1131 3435 1279 3489 dixit
1300 3435 1372 3489 ad
1394 3436 1618 3490 socium
1636 3451 1811 3491 suum

184 3524 232 3577 in
260 3542 522 3585 sermone
556 3526 791 3581 Domini
819 3540 833 3581 :
860 3525 1101 3581 Percute
1135 3539 1247 3579 me.
1274 3522 1462 3578 Atille
1484 3523 1672 3579 noluit
1689 3540 1815 3596 per-

184 3618 355 3670 cutere
382 3616 465 3687 (h.
499 3620 818 3689 percutere
848 3614 1029 3685 eum).
1064 3612 1165 3668 Cui
1197 3612 1315 3668 ait:
1367 3612 1513 3676 Quia
1572 3612 1813 3669 noluisti

186 3702 369 3760 audire
394 3720 605 3761 vocem
630 3703 882 3768 Domini,
916 3718 1047 3758 ecce
1079 3702 1311 3756 recedes
1337 3718 1370 3756 a
1402 3717 1515 3769 me,
1562 3706 1617 3757 et
1684 3718 1815 3774 per-

185 3792 344 3848 cutiet
374 3798 426 3850 te
457 3794 575 3850 leo.
611 3792 879 3864 Cumque
934 3790 1240 3863 paululum
1264 3791 1605 3846 recessisset
1634 3792 1707 3847 ab
1726 3808 1814 3860 eo,

187 3878 391 3938 invenit
416 3900 556 3939 eum
592 3882 703 3944 leo,
737 3886 912 3951 atque
943 3880 1252 3952 percussit.
1310 3881 1421 3935 Sed
1454 3885 1511 3935 et
1566 3881 1817 3939 alterum

187 3969 469 4029 inveniens
501 3974 525 4008 ‘
548 3971 765 4041 virum,
798 3970 945 4025 dixit
976 3971 1045 4024 ad
1078 3986 1214 4025 eum
1244 3985 1257 4023 :
1292 3973 1535 4025 Percute
1561 3986 1675 4025 me.
1710 3970 1817 4038 Qui

186 4062 452 4129 percussit
482 4077 646 4129 eum,
680 4065 739 4116 et
787 4058 1135 4115 vulneravit.
1169 4059 1260 4129 ('I‘.
1294 4057 1431 4129 XC.)
1469 4058 1626 4114 Abiit
1682 4076 1820 4132 ergo

186 4149 470 4220 propheta,
495 4155 559 4207 et
590 4150 846 4206 occurrit
876 4148 1000 4219 regi
1024 4149 1082 4202 in
1110 4147 1222 4213 via;
1256 4151 1314 4203 et
1344 4148 1592 4203 mutavit
1621 4165 1824 4220 asper-

185 4236 329 4294 sione
347 4240 611 4311 pulveris
630 4255 696 4295 os
718 4244 775 4294 et
797 4237 994 4294 oculos
1016 4254 1155 4293 suos
1180 4236 1307 4291 ‘.Cu
1319 4253 1492 4307 mque
1505 4254 1603 4293 rex
1625 4243 1821 4294 trans-

187 4326 333 4395 isset,
364 4328 647 4386 clamavit
697 4329 769 4384 ad
829 4343 1049 4400 regem,
1110 4330 1167 4381 et
1222 4326 1343 4381 ait:
1411 4327 1626 4383 Servus
1679 4331 1824 4383 tuus

183 4428 439 4486 egressus
469 4424 568 4475 est
597 4419 667 4474 ad
702 4417 1086 4490 przeliandum
1121 4416 1414 4485 cominus,
1438 4433 1693 4488 cumque
1732 4418 1825 4473 fu-

1919 3258 2106 3321 tuam,
2137 3258 2369 3323 accepta
2401 3255 2647 3324 pecunia
2682 3273 2693 3310 :
2728 3261 2850 3321 aut,
2882 3257 2932 3312 si
2975 3258 3081 3313 tibi
3141 3259 3351 3331 placet,
3413 3262 3565 3318 dabo

1919 3341 2025 3397 tibi
2055 3340 2283 3396 vineam
2325 3343 2517 3413 (Vulg.
2550 3344 2765 3399 addunt
2814 3346 3135 3417 meliorem)
3184 3366 3287 3421 pro
3347 3368 3433 3407 ea.
3492 3352 3563 3407 Et

1921 3430 2019 3486 ille
2050 3429 2177 3485 ait:
2212 3430 2338 3485 Non
2369 3431 2521 3487 dabo
2566 3437 2691 3501 (ms.
2753 3434 2849 3501 do)
2904 3435 3012 3491 tibi
3060 3438 3291 3494 vineam
3351 3457 3562 3497 meam.

1921 3520 2007 3588 (T.
2040 3519 2253 3591 XCIII.)
2284 3520 2439 3575 Dixit
2469 3538 2606 3595 ergo
2639 3524 2708 3579 ad
2743 3540 2875 3580 eum
2907 3526 3140 3582 Jezabel
3200 3545 3342 3585 uxor
3394 3530 3562 3601 eius:

1922 3608 2175 3665 Grandis
2204 3611 2569 3667 auctoritatis
2600 3630 2682 3681 es,
2730 3621 2786 3669 et
2843 3615 2988 3671 bene
3073 3617 3262 3690 regis"
3318 3635 3568 3691 regnum

1925 3698 2126 3754 Israel.
2161 3699 2365 3771 Surge,
2400 3704 2456 3754 et
2485 3702 2722 3757 comede
2753 3719 2985 3774 panem,
3033 3711 3089 3760 et
3145 3724 3308 3776 aequo
3368 3710 3564 3763 animo

1927 3792 2072 3855 esto,
2115 3803 2221 3859 ego
2281 3788 2430 3843 dabo
2489 3789 2593 3843 tibi
2650 3790 2877 3846 vineam
2939 3792 3165 3848 Naboth
3224 3795 3571 3851 Jezraelitaa.

1926 3876 2173 3948 Scripsit
2205 3876 2398 3947 itaque
2430 3876 2653 3934 litteras
2681 3879 2761 3951 (h.
2794 3879 2998 3941 libros)
3028 3900 3097 3937 ex
3123 3884 3360 3939 nomine
3390 3885 3576 3951 Ahab,

1929 3962 1986 4012 et
2016 3957 2367 4029 significavit
2396 3972 2494 4014 eas
2515 3960 2735 4014 annulo
2770 3962 2921 4031 ejus,
2955 3967 3012 4017 et
3042 3964 3208 4018 misit
3229 3966 3299 4018 ad
3325 3966 3577 4035 majores

1930 4052 2069 4102 natu
2101 4050 2158 4102 et
2189 4048 2261 4101 ad
2284 4048 2615 4118 optimates,
2650 4049 2747 4120 qui
2779 4062 2943 4106 erant
2976 4052 3033 4106 in
3062 4052 3298 4108 civitate
3320 4056 3471 4123 ejus,
3522 4058 3580 4110 et

1932 4136 2282 4192 habitabant
2311 4153 2444 4191 cum
2481 4137 2728 4193 Naboth.
2764 4140 3119 4196 Litterarum
3147 4142 3230 4209 (h.
3265 4142 3573 4213 librorum)

1933 4229 2127 4282 autem
2158 4229 2281 4280 erat
2308 4224 2425 4281 ista
2455 4228 2745 4281 sententia
2773 4244 2785 4282 :
2819 4230 3469 4303 Praedicarejejunium,
3521 4235 3581 4288 et

1933 4316 2136 4371 sedere
2167 4314 2336 4369 facite
2364 4315 2590 4370 Naboth
2624 4316 2776 4372 inter
2808 4318 3028 4388 primos
3059 4320 3281 4392 populi,
3316 4327 3373 4376 et
3430 4322 3573 4377 sub-

1935 4404 2152 4459 mittite
2173 4404 2321 4460 duos
2341 4405 2495 4460 viros
2514 4404 2846 4461 filiosBelial
2878 4413 3082 4463 contra
3112 4414 3334 4475 eum,et
3361 4411 3582 4479 falsum

183 4506 350 4575 sisset
373 4511 463 4566 vi,
494 4509 959 4579 unus,adduxit
989 4524 1125 4563 eum
1157 4508 1398 4578 quidam
1457 4509 1531 4563 ad
1590 4525 1705 4577 me,
1762 4493 2013 4577 που).
2072 4509 2189 4548 non
2256 4493 2453 4565 habet)
2511 4495 2917 4551 testimonium
2978 4498 3216 4553 dicant:
3280 4498 3581 4554 Benedixit

181 4593 285 4651 ait:
315 4600 558 4655 Custodi
588 4597 779 4654 virum
806 4597 988 4652 istum
1010 4612 1031 4658 ;
1063 4595 1205 4667 quia
1260 4596 1307 4651 si
1360 4598 1564 4668 lapsus
1622 4598 1818 4668 fuerit,

182 4684 280 4739 erit
306 4688 507 4744 anima
540 4692 644 4743 tua
665 4704 769 4760 pro
801 4686 1000 4742 anima
1030 4686 1181 4756 ejus,
1226 4692 1329 4741 aut
1384 4685 1673 4741 talentum
1730 4704 1824 4742 ar-

242 4883 257 4915 ¹
288 4884 629 4941 Exciderint
657 4883 879 4940 librarii
913 4881 1226 4939 oscitantis
1248 4899 1279 4939 e
1325 4883 1646 4940 Veronens.
1709 4902 1822 4943 ms.

181 4950 266 5026 hic
294 4958 496 5023 verba,
526 4961 581 5013 et
608 4956 887 5014 funiculos
911 4957 973 5010 in
1002 4956 1283 5026 capitibus
1308 4957 1533 5010 nostris.

242 5025 261 5060 ²
293 5028 694 5110 Quod'ahesse
716 5028 787 5083 ad
804 5025 1449 5110 _Hebr§eo;Scholiastes
1481 5031 1665 5094 notat,
1708 5044 1821 5085 ms.

182 5110 405 5169 quoque
435 5100 761 5155 Veronens.
794 5104 851 5155 te
881 5100 1109 5154 reticet.

289 5170 435 5251 Item
471 5188 587 5227 me.
620 5172 879 5243 Egressus
908 5186 1036 5239 ergo
1065 5170 1139 5226 ad
1167 5185 1291 5226 eum
1322 5170 1583 5226 Benadad
1639 5171 1821 5227 eleva-

182 5243 253 5293 vit
302 5248 412 5297 etc.

244 5284 272 5344 δ
292 5316 430 5368 Fere
453 5312 800 5370 concinnius
830 5312 1150 5369 Veronens.
1189 5328 1299 5368 ms.
1332 5312 1677 5370 conveniens.

241 5383 924 5450 ‘Hebrmus,etmulavit
974 5385 1200 5455 pulvere
1257 5386 1438 5440 oculos
1495 5401 1673 5442 suos:
1738 5386 1823 5442 sic

182 5466 403 5529 quoque
434 5455 651 5529 legitur
678 5458 737 5512 in
766 5473 1009 5513 canone.
1046 5456 1187 5512 Heb.
1213 5456 1383 5529 verit.
1415 5458 1557 5527 quia
1586 5474 1821 5513 erasum

179 5529 264 5600 est
286 5526 344 5583 in
366 5526 701 5600 soverbum
726 5544 782 5585 os
812 5544 946 5585 cum
981 5528 1252 5600 sequenti
1285 5526 1702 5599 conjunctione
1732 5534 1822 5597 et;

184 5594 349 5655 habet
370 5598 598 5671 igitur:
628 5600 691 5657 Et
716 5600 958 5657 mulavit
987 5594 1309 5674 aspersione
1345 5594 1587 5673 pulveris
1640 5594 1824 5660 oculos

1931 4589 2117 4638 Deum
2148 4587 2205 4638 et
2233 4598 2450 4654 regem,
2482 4588 2539 4638 et
2567 4584 2794 4639 educite
2826 4601 2984 4651 eum,
3007 4591 3062 4641 et
3085 4586 3358 4657 lapidate,
3383 4588 3583 4661 sicque

1934 4671 2239 4728 moriatur.
2272 4676 2557 4729 Fecerunt
2585 4689 2722 4745 ergo
2755 4673 2910 4730 cives
2941 4677 3071 4747 ejus
3120 4678 3373 4748 majores
3436 4681 3582 4733 natu

1931 4902 2082 4943 suos.
2106 4887 2306 4962 Potuit
2338 4887 2723 4962 nihilominus
2754 4905 2967 4945 nomen
2994 4907 3079 4958 os,
3110 4890 3265 4962 quod
3298 4889 3584 4961 scriptum

1932 4957 2259 5033 reperimus
2291 4959 2348 5033 in
2378 4959 2510 5033 aliis
2570 4977 2741 5029 mss.,
2792 4962 2864 5016 ab
2924 4957 3175 5033 ipsemet
3235 4957 3585 5033 Hieronymo

1935 5030 2211 5100 usurpari
2254 5030 2327 5101 ad
2376 5031 2657 5099 majorem
2704 5030 3193 5090 illuminationem
3257 5030 3582 5101 sententiae,

1934 5102 2016 5177 uti
2051 5100 2714 5177 nonnullas_particulas
2745 5105 2908 5160 addit
2936 5105 3075 5161 alibi
3094 5104 3309 5177 saepius
3331 5103 3582 5175 explica-

1936 5173 2110 5228 tionis
2141 5189 2338 5228 causa.
2373 5172 2559 5229 MART.

2002 5244 2024 5279 °
2058 5245 2213 5300 Idem
2249 5261 2524 5330 mancum
2556 5245 2844 5330 Vulgatis.
2877 5246 2947 5302 ad
2970 5249 3252 5330 parietem
3283 5246 3586 5327 habetpro

1930 5332 2108 5383 suam,
2141 5316 2295 5385 quod
2326 5316 2558 5371 videtur
2613 5318 2908 5390 glossema
2966 5316 3265 5373 intrusum
3317 5318 3588 5387 aequiore

1933 5404 2138 5442 manu.

2005 5459 2065 5513 In
2094 5458 2292 5515 futuro
2342 5475 2453 5516 ms.
2510 5463 2829 5517 Veronens.
2863 5465 2921 5516 et
2974 5459 3149 5517 Hebr.
3201 5459 3343 5532 legit
3399 5470 3593 5523 nwvn

1932 5538 2128 5591 nam:
2158 5546 2311 5602 reges
2341 5548 2599 5604 regnum,
2659 5536 2771 5589 etc.
