3938 6174
388 300 490 355 771

1416 301 1477 353 Β.
1517 297 1929 352 HIERONYMI
1965 297 2218 352 DIVINA
2253 297 2749 353 BIBLIOTHECA.
3662 296 3752 352 772

391 433 451 486 et
471 423 806 500 optimates,
839 426 940 499 qui
970 423 1316 481 habitabant
1353 439 1486 479 cum
1511 423 1658 479 eoin
1690 422 1853 490 urbe,
1878 421 2028 477 sicut
2056 423 2109 489 Α
2140 431 2298 477 retur
2327 423 2484 478 idola
2509 423 2592 496 (n.
2627 423 2991 496 sordes)quaa
3025 423 3279 479 fecerant
3295 421 3750 496 Amorrhei,quo.

397 523 752 591 preceperat
777 516 862 572 eis
889 515 1145 582 Jezabel,
1169 518 1229 569 et
1258 513 1408 569 sicut
1457 513 1740 582 scriptum
1800 517 1924 568 erat
1972 511 2030 565 in

388 607 602 663 litteris
633 608 712 679 (h.
748 607 806 662 in
838 605 1047 675 libris),
1076 621 1223 676 quas
1263 604 1504 660 miserat
1534 604 1605 658 ad
1656 619 1792 658 eos:
1828 600 2035 674 praedi-

391 695 1004 768 caveruntjejunium,
1038 699 1093 750 et
1117 695 1320 750 sedere
1353 693 1614 748 fecerunt
1637 691 1860 746 Naboth
1882 690 2037 745 inter

399 786 617 858 primos
649 784 868 858 populi.
901 785 971 840 Et
999 782 1272 840 adductis
1301 783 1534 838 duobus
1563 781 1704 836 viris
1732 779 1869 835 ﬁliis
1905 780 2034 834 dia-

390 874 508 932 boli
549 875 629 946 [h.
665 873 890 944 Belial),
921 875 1184 929 fecerunt
1213 889 1312 928 eos
1351 872 1551 927 sedere
1605 874 1807 926 contra
1861 885 2032 924 eum:

393 969 454 1021 at
482 963 604 1030 alii,
636 963 860 1019 scilicet
890 970 952 1018 ut
975 965 1101 1032 (ms.
1135 970 1273 1018 tacet
1314 962 1400 1033 ut)
1457 959 1565 1016 viri
1622 958 1893 1014 diabolici
1948 957 2034 1026 (h.

395 1052 616 1125 Belial),
659 1053 932 1108 dixerunt
958 1055 1161 1107 contra
1189 1065 1326 1106 eum
1372 1049 1777 1105 testimonium
1839 1061 2034 1102 coram

287 1177 289 1180 ι
395 1141 802 1198 multitudine.
837 1142 916 1213 (g.
947 1157 1130 1196 coram
1156 1140 1380 1210 populo)
1414 1155 1426 1194 :
1463 1137 1766 1194 Benedixit
1811 1134 2034 1191 Naboth

392 1237 510 1287 Deo
543 1235 600 1286 et
630 1230 773 1303 regi,
799 1246 975 1301 quam
1007 1231 1079 1286 ob
1139 1246 1261 1285 rem
1310 1228 1635 1284 eduxerunt
1689 1243 1825 1282 eum
1876 1229 2038 1280 extra

398 1321 720 1390 civitatem,
752 1325 806 1375 et
837 1319 1133 1392 lapidibus
1164 1318 1603 1374 interfecerunt.
1638 1316 2038 1386 Miseruntque

399 1410 472 1465 ad
502 1409 756 1478 Jezabel,
813 1408 1464 1480 dicenteszLapidatus
1519 1410 1606 1461 cst
1660 1403 1910 1469 Naboth,
1982 1407 2041 1458 et

403 1503 671 1554 mortuus
721 1506 829 1556 est.
885 1497 1124 1554 Factum
1163 1503 1254 1554 est
1309 1501 1528 1566 autem,
1584 1511 1718 1551 cum
1778 1494 2040 1549 audisset

397 1587 629 1645 Jezabel
659 1587 988 1660 lapidatum
1021 1586 1274 1655 Naboth,
1307 1591 1365 1642 et
1395 1589 1716 1653 mortuum,
1739 1583 1932 1638 locuta
1953 1586 2045 1637 est

394 1678 560 1734 Ahab
587 1695 600 1732 :
623 1681 806 1748 Surge
840 1680 896 1731 et
929 1676 1163 1746 posside
1194 1674 1419 1731 vineam
1451 1673 1677 1729 Naboth
1697 1671 2036 1737 Jezraelitaa,

2143 513 2515 584 consumpsit
2550 514 2832 568 Dominus
2864 529 2899 568 a
2929 513 3076 568 facie
3135 504 3388 568 ﬁliorum
3447 511 3637 568 Israel.
3691 515 3744 581 (Τ

2141 600 2364 672 XCIV.)
2393 602 2596 672 Itaque
2625 618 2760 657 cum
2791 601 3053 658 audisset
3071 602 3236 657 Ahab
3270 617 3564 657 sermones
3631 601 3752 658 istos

2144 690 2317 745 scidit
2349 692 2695 746 vestimenta
2717 709 2826 747 sua
2861 696 2980 759 [ms.
3013 698 3234 747 vestem
3261 691 3534 761 suam),et
3553 692 3756 762 operuit

2142 779 2334 835 cilicio
2365 796 2600 836 carnea:-
2641 797 2834 850 suam,
2861 780 3270 852 jejunavitque
3317 783 3374 834 et
3403 778 3662 834 dormivit
3708 781 3756 835 in

2145 886 2333 940 sacco,
2365 875 2422 926 et
2453 869 2776 927 ambulavit
2807 870 3066 926 demisso
3097 869 3306 942 capite.
3339 870 3405 924 Et
3458 868 3635 924 factus
3684 874 3757 926 est

2146 975 2340 1016 sermo
2370 960 2604 1017 Domini
2627 962 2695 1016 ad
2731 959 2914 1016 Eliam
2947 960 3284 1026 Thesbiten,
3317 958 3552 1014 dicens:
3584 957 3756 1013 Nonne

2143 1048 2342 1105 vidisti
2376 1049 2753 1105 humiliatum
2802 1049 2964 1105 Ahab
2993 1065 3186 1105 coram
3221 1047 3358 1103 me?
3417 1046 3553 1119 quia
3601 1047 3756 1118 igitur

2145 1137 2492 1194 humiliatus
2523 1145 2612 1196 est
2635 1139 2748 1195 mei
2779 1155 2979 1208 causa,
3015 1155 3132 1194 non
3176 1137 3450 1193 inducam
3480 1135 3680 1192 malum
3708 1136 3756 1192 in

2147 1227 2356 1285 diebus
2383 1229 2534 1299 ejus,
2565 1229 2665 1286 sed
2700 1229 2757 1284 in
2783 1229 2993 1284 diebus
3024 1227 3130 1283 ﬁlii
3161 1227 3253 1284 sui
3287 1226 3532 1282 inferam
3563 1223 3752 1281 malum

2147 1317 2347 1373 domui
2382 1319 2531 1390 ejus.

2218 1408 2377 1480 (Cap.
2409 1408 2610 1479 XXII.)
2641 1406 3230 1480 Transieruntigitur
3259 1411 3377 1462 tres
3408 1405 3543 1462 anni
3573 1406 3757 1476 absque

2151 1496 2300 1552 bello
2323 1498 2472 1553 inter
2499 1497 2726 1570 Syriam
2759 1501 2814 1553 et
2847 1497 3044 1553 Israel.
3076 1499 3139 1552 In
3174 1513 3330 1552 anno
3362 1501 3553 1552 autem
3595 1494 3759 1562 tertio,

2152 1587 2456 1642 descendit
2502 1586 2788 1659 Josaphat
2847 1603 2946 1642 rex
2997 1587 3152 1643 Juda
3210 1587 3283 1642 ad
3339 1601 3530 1658 regem
3592 1581 3759 1639 Israel.

2153 1675 2448 1748 (Dixitque
2477 1692 2575 1732 rex
2609 1675 2785 1732 Israel
2819 1676 2890 1732 ad
2921 1692 3114 1731 servos
3145 1691 3306 1731 suos:
3339 1672 3613 1748 Ignoratis
3633 1671 3758 1743 quod

396 1768 497 1838 qui
531 1766 720 1823 noluit
750 1766 855 1820 tibi
888 1764 1280 1836 acquiescere,
1324 1769 1381 1820 et
1411 1765 1547 1819 dare
1591 1779 1743 1830 eam,
1801 1766 2040 1832 accepta
2069 1793 2117 1857 Β
2153 1770 2354 1820 nostra
2373 1765 2452 1820 sit
2477 1765 2725 1821 Ramoth
2756 1766 2877 1828 (me.
2913 1763 3186 1832 Bamath)
3227 1763 3466 1831 Galaad,
3499 1767 3554 1817 et
3607 1759 3759 1833 negli-

395 1857 685 1929 pecunia:
718 1871 832 1910 non
866 1855 1018 1910 enim
1050 1854 1189 1909 vivit
1210 1852 1462 1922 Naboth,
1510 1853 1608 1908 sed
1635 1855 1901 1907 mortuus
1923 1855 2032 1906 est.

395 1945 555 2010 Quod
579 1962 713 2000 cum
737 1944 974 2000 audisse
988 1943 1501 2010 tAhab,mortuum
1515 1939 2034 2007 videlicetNaboth,

395 2035 648 2091 surrexit
679 2038 736 2089 et
768 2032 1160 2089 descendebat
1215 2031 1272 2087 in
1332 2032 1562 2087 vineam
1621 2029 1850 2086 Naboth
1909 2029 2037 2085 Jez-

395 2124 632 2190 raelitae,
666 2129 730 2178 ut
761 2123 1087 2195 possideret
1123 2137 1274 2177 eam.
1308 2122 1391 2192 (Τ.
1427 2120 1646 2176 XCIV.)
1680 2120 1891 2175 Factus
1949 2123 2040 2174 est

394 2214 576 2286 igitur
606 2227 798 2268 sermo
829 2210 1059 2266 Domini
1093 2212 1161 2265 ad
1189 2209 1368 2264 Etiam
1404 2208 1746 2275 Thesbiten,
1789 2208 2035 2263 dicens:

394 2308 599 2373 Surge,
629 2299 916 2356 descende
948 2301 1005 2353 in
1037 2315 1348 2354 occursum
1409 2298 1572 2353 Abab
1633 2298 1787 2369 regis
1836 2297 2035 2366 Israel,

401 2389 503 2462 qui
557 2394 650 2446 est
698 2390 755 2444 in
815 2389 1110 2444 Samaria:
1179 2403 1312 2443 ecce
1369 2387 1440 2444 ad
1501 2386 1724 2442 vineam
1807 2385 2038 2441 Naboth

399 2478 724 2543 descendit,
759 2481 822 2532 ut
855 2476 1152 2549 possideat
1179 2491 1330 2544 eam,
1361 2480 1418 2532 et
1447 2475 1704 2546 loqueris
1753 2475 1824 2530 ad
1883 2490 2038 2544 cum,

399 2569 602 2624 dicens
634 2583 648 2622 :
688 2569 815 2622 llaec
845 2566 985 2622 dicit
1015 2565 1301 2620 Dominus
1328 2583 1340 2620 :
1374 2564 1673 2628 Occidisti,
1715 2563 1958 2634 insuper
1986 2567 2043 2618 et

402 2657 738 2732 possedisti.
772 2660 838 2711 Et
876 2660 1008 2727 post
1037 2653 1159 2710 haec
1191 2655 1338 2710 adde
1381 2671 1394 2709 :
1431 2656 1556 2709 "830
1588 2652 2040 2709 dicitDominus:

402 2749 465 2802 In
492 2747 618 2802 loco
653 2747 709 2800 in
743 2762 857 2817 quo
889 2744 1407 2800 ‘linxeruntcanes
1433 2741 2039 2815 sanguinemNaboth,

397 2835 661 2893 lambent
690 2839 856 2890 tuum
886 2850 1119 2906 quoque
1149 2832 1518 2904 sanguinem.
1553 2832 1620 2886 Et
1651 2832 1734 2886 ait
1763 2831 1926 2886 Ahab
1969 2829 2038 2884 ad

399 2925 623 2980 Etiam:
660 2929 805 2980 Num
840 2923 1110 2978 invenisti
1145 2938 1236 2978 me
1270 2923 1460 2992 (Vulg.
1523 2920 1828 2976 inimicum
1889 2917 2040 2989 tibi).

397 3017 635 3072 inimice
667 3014 884 3070 meus?
913 3014 1016 3080 Qui
1053 3013 1197 3068 dixit
1226 3011 1275 3068 ei
1309 3012 1330 3046 ³
1359 3028 1371 3068 :
1405 3011 1622 3077 Inveni,
1655 3027 1722 3066 eo
1752 3011 1907 3082 quod
1940 3025 2041 3065 ve-

396 3106 698 3162 nundatus
747 3105 852 3170 sis,
886 3109 950 3158 ut
982 3103 1198 3158 faceres
1233 3101 1448 3156 malum
1485 3101 1542 3156 in
1577 3105 1891 3172 conspectu
1927 3099 2040 3156 Do-

397 3195 543 3251 mini
573 3193 657 3263 (h.
689 3195 749 3248 in
779 3191 1008 3263 oculis).
1042 3191 1186 3246 Ecce
1242 3207 1348 3261 ego
1406 3190 1682 3244 inducam
1741 3205 1919 3261 super
1984 3193 2039 3244 te

395 3284 644 3348 malum,
676 3287 732 3337 et
760 3282 1052 3336 demetam
1087 3280 1164 3348 (h.
1201 3283 1486 3346 auferam)
1544 3278 1863 3350 posteriora
1913 3283 2038 3348 tua,

397 3377 454 3429 et
488 3371 838 3427 interﬁciam
870 3370 940 3424 de
971 3369 1129 3424 Abab
1165 3370 1522 3440 mingentem
1556 3368 1626 3422 ad
1660 3367 2041 3440 parietem,et

396 3463 665 3518 clausum
697 3463 754 3516 et
786 3458 1058 3514 ultimum
1090 3457 1170 3529 (h.
1205 3457 1572 3520 derelictum)
1620 3456 1680 3511 in
1734 3454 1934 3512 Israel.
1984 3459 2043 3511 et

399 3549 550 3605 dabo
573 3548 812 3603 domum
846 3552 1007 3602 tuam
1067 3546 1219 3600 sicut
1271 3546 1507 3600 domum
1565 3545 1875 3600 Jeroboam
1937 3543 2041 3598 ﬁlii

399 3638 610 3706 Nubat,
641 3641 699 3692 et
745 3636 898 3691 sicut
955 3635 1194 3690 domum
1257 3633 1442 3689 Baasa
1499 3632 1602 3688 ﬁlii
1655 3633 1840 3688 Ahia:
1902 3633 2042 3704 quia

398 3727 594 3800 egisti,
630 3730 695 3780 ut
725 3741 816 3781 me
849 3725 919 3780 ad
954 3723 1316 3778 iracundiam
1351 3727 1782 3794 provocares,et
1804 3737 2043 3794 peecare

399 3815 589 3872 fecisti
626 3813 828 3870 Israel.
869 3814 952 3885 (T.
989 3811 1174 3873 XCV.)
1203 3812 1312 3867 Sed
1343 3817 1398 3866 et
1423 3813 1493 3867 de
1522 3811 1752 3867 Jezabel
1810 3812 2042 3867 locutus

398 3909 486 3961 est
519 3903 800 3959 Dominus
835 3902 1034 3958 dicens
1069 3917 1080 3955 :
1115 3904 1299 3956 Canes
1331 3901 1638 3956 comedent
1691 3899 1921 3956 Jezabel
1981 3901 2040 3956 in

400 4011 541 4067 agro
569 3991 815 4048 Jezrael.
848 3991 908 4048 Si
941 3995 1209 4046 mortuus
1242 3989 1417 4045 fuerit
1446 3988 1605 4045 Ahab
1639 3989 1719 4060 (h.
1754 3989 1849 4059 qui
1883 4006 2042 4044 mor-

397 4088 539 4138 tuus
573 4082 744 4137 fuerit
775 4082 846 4136 de
888 4080 1073 4152 Ahab)
1132 4080 1191 4134 in
1241 4079 1492 4147 civitate,
1553 4079 1858 4133 comedent
1907 4095 2041 4133 eum

406 4187 620 4228 canes:
657 4171 705 4226 si
739 4175 930 4226 autem
966 4169 1047 4240 (h.
1075 4169 1177 4238 qui
1209 4172 1425 4236 autem)
1461 4171 1730 4223 mortuus
1762 4167 1932 4222 fuerit
1984 4168 2041 4221 in

401 4277 562 4332 agro,
595 4259 901 4316 comedent
930 4274 1063 4313 eum
1095 4256 1360 4312 volucres
1389 4255 1540 4311 cceli.
1575 4255 1758 4326 Igitur
1789 4273 1902 4311 non
1935 4255 2045 4310 fuit

401 4349 548 4404 alter
577 4348 711 4404 talis
745 4352 809 4402 ut
835 4347 1020 4413 Abah,
1056 4346 1154 4417 qui
1189 4345 1560 4400 venundatus
1589 4350 1700 4410 est,
1729 4349 1792 4399 ut
1833 4346 2046 4400 faceret

401 4437 622 4494 malum
656 4436 714 4492 in
747 4439 1056 4507 conspectu
1091 4433 1324 4490 Domini
1354 4433 1435 4505 (h.
1470 4433 1527 4487 in
1555 4433 1743 4488 oculis
1766 4433 2040 4501 Domini).

2145 1854 2344 1925 gimus
2374 1853 2584 1910 tollere
2608 1871 2736 1910 eum
2769 1855 2841 1910 de
2875 1871 3052 1910 manu
3087 1854 3240 1925 regis
3269 1853 3448 1926 Syrias
3475 1851 3584 1924 P)Et
3611 1850 3682 1905 ait
3705 1848 3760 1904 ad

2143 1943 2464 2012 Josaphat:
2517 1944 2810 2000 Veniesne
2873 1959 3106 1999 mecum
3168 1943 3238 1997 ad
3302 1941 3668 2014 przeliandum
3716 1937 3760 1991 in

2147 2031 2395 2088 Ramoth
2429 2032 2645 2089 Galaad
2671 2033 2699 2088 ?
2731 2037 2814 2102 (T.
2847 2033 3090 2103 XCVII.)
3129 2031 3398 2104 Dixitque
3427 2030 3686 2103 Josaphat
3704 2026 3760 2081 ad

2148 2137 2342 2193 regem
2371 2121 2540 2177 Israel
2569 2124 2766 2178 :Sicut
2795 2138 2901 2195 ego
2929 2139 3085 2190 sum,
3138 2121 3219 2176 ita
3266 2127 3328 2177 et
3383 2125 3442 2176 tu
3475 2137 3488 2174 :
3547 2118 3761 2191 populus

2149 2228 2318 2266 meus
2348 2215 2406 2266 et
2436 2212 2690 2284 populus
2721 2216 2862 2268 tuus
2893 2229 3080 2268 unum
3113 2216 3275 2281 sunt,
3311 2215 3372 2268 et
3419 2210 3634 2282 equites
3669 2204 3762 2260 mei

2148 2302 2272 2371 (ms.
2306 2300 2461 2355 addit
2489 2307 2587 2364 et),
2620 2302 2847 2372 equites
2889 2301 2974 2356 tui
2998 2301 3040 2355 ⁸.
3074 2300 3352 2371 Dixitque
3395 2297 3663 2370 Josaphat
3703 2293 3759 2348 ad

2150 2405 2342 2459 regem
2375 2391 2549 2445 Israel
2579 2407 2592 2445 :
2625 2393 2848 2459 Quaere,
2882 2407 2982 2446 oro
3015 2395 3067 2445 te
3096 2390 3180 2462 (h.
3212 2407 3332 2445 non
3369 2390 3581 2460 habet),
3620 2387 3762 2442 hodie

2151 2496 2477 2536 sermonem
2512 2481 2765 2536 Domini.
2798 2480 3177 2553 Congregavit
3204 2497 3348 2553 ergo
3370 2479 3635 2537 rexIsrael
3654 2494 3764 2552 pro-

2151 2569 2381 2641 phetas,
2414 2569 2874 2641 quadringentos
2905 2570 3136 2626 circiter
3165 2570 3346 2639 viros,
3381 2575 3436 2624 et
3465 2569 3542 2625 ait
3570 2571 3633 2626 ad
3662 2586 3762 2627 eos:

2154 2659 2243 2714 lre
2272 2659 2455 2714 debeo
2485 2660 2543 2713 in
2578 2659 2826 2714 Ramoth
2889 2659 3108 2715 Galaad
3171 2660 3240 2715 ad
3309 2659 3658 2724 bellandum,
3706 2675 3768 2716 an

2152 2747 2453 2818 quiescere
2473 2747 2502 2801 ?
2531 2748 2638 2811 Qui
2667 2749 3094 2820 responderunt
3121 2765 3133 2803 :
3165 2749 3456 2818 Ascende,
3502 2756 3555 2803 et
3607 2747 3759 2803 dabit.

2153 2837 2328 2908 [Vulg.
2364 2836 2574 2892 addunt
2602 2837 2754 2909 eam)
2793 2839 3074 2892 Dominus
3106 2837 3163 2892 in
3195 2854 3412 2893 manus
3444 2838 3607 2909 regis.
3633 2836 3763 2892 Dixit

2154 2931 2348 2980 autem
2381 2925 2712 2997 Josaphat:
2747 2926 2872 2981 Non
2920 2931 3011 2981 est
3067 2925 3162 2982 hic
3220 2926 3508 2998 propheta
3561 2925 3760 2981 Domini

2154 3013 2472 3086 quispiam,
2506 3019 2570 3069 ut
2600 3015 3030 3086 interrogemus
3063 3030 3166 3087 per
3196 3031 3334 3070 eum
3365 3015 3392 3069 ?
3451 3015 3517 3070 Et
3571 3015 3646 3070 ait
3685 3029 3763 3069 rex

2156 3102 2332 3158 Israel
2357 3104 2425 3158 ad
2449 3103 2771 3176 Josaphat:
2802 3103 3105 3159 Remansit
3144 3103 3232 3159 vir
3252 3121 3434 3172 unus,
3485 3119 3581 3176 per
3614 3118 3759 3175 quem

2154 3209 2462 3263 possemus
2517 3197 2638 3260 (ms.
2673 3194 2995 3264 possimus)
3016 3192 3381 3264 interrogare
3437 3193 3759 3248 Dominum:

2152 3283 2253 3337 sed
2287 3299 2394 3354 ego
2425 3282 2520 3337 odi
2551 3283 2858 3354 eum,quia
2888 3299 3003 3338 non
3038 3282 3355 3355 prophetat
3387 3282 3526 3338 mihi
3552 3283 3758 3346 bonum,

2151 3372 2254 3426 sed
2287 3371 2532 3440 malum,
2567 3372 2838 3428 Michzeas
2868 3371 3026 3427 filius
3056 3372 3243 3428 Jemla
3271 3374 3315 3428 ⁸.
3349 3373 3448 3427 Cui
3496 3371 3762 3443 Josaphat,

2153 3460 2389 3516 aitzNe
2434 3460 2696 3532 loquaris
2753 3461 2858 3529 ita,
2917 3478 3036 3517 rex.
3098 3462 3182 3532 (T.
3242 3461 3512 3534 XCVIII.)
3567 3460 3763 3517 Vocavit

2151 3565 2288 3622 ergo
2323 3567 2417 3606 rex
2447 3550 2625 3605 Israel
2684 3551 2980 3606 enuchum
3011 3552 3354 3623 quemdam,
3389 3556 3446 3607 et
3483 3550 3621 3606 dixit
3678 3547 3719 3602 ei
3748 3563 3758 3600 :

2153 3639 2386 3694 Festina
2435 3639 2724 3695 adducere
2782 3639 3085 3695 Michazam
3136 3639 3329 3695 ﬁlium
3395 3640 3598 3695 Jemla.
3667 3636 3760 3691 Rex

2153 3734 2346 3784 autem
2381 3728 2556 3784 Israel
2579 3735 2636 3783 et
2663 3729 2968 3800 Josaphat,
3001 3745 3100 3785 rex
3129 3729 3307 3799 Juda,
3341 3730 3577 3784 sedebat
3604 3741 3759 3782 unus-

2152 3818 2403 3890 quisque
2447 3818 2506 3872 in
2538 3817 2685 3874 solio
2719 3835 2843 3886 suo,
2873 3819 3065 3873 vestiti
3100 3818 3262 3874 cultu
3315 3819 3494 3891 regio,
3548 3817 3602 3872 in
3653 3827 3762 3870 area

2144 3907 2314 3977 juxta
2344 3906 2560 3960 ostium
2596 3912 2776 3976 porta:
2806 3907 3106 3974 Samarize,
3127 3910 3183 3962 et
3213 3907 3470 3964 universi
3505 3903 3758 3978 propheta

2155 3995 2584 4066 prophetabant
2613 3995 2672 4050 in
2704 4000 3019 4068 conspectu
3051 4012 3276 4051 eorum.
3304 3997 3391 4068 (T.
3427 3990 3761 4059 XCIX.)Fecit

2153 4101 2386 4156 quoque
2418 4083 2530 4140 sibi
2551 4084 2822 4140 Sedecias
2852 4084 3011 4138 filius
3042 4085 3320 4140 Chanana
3355 4078 3757 4154 (nu.Chanaam)

2153 4190 2369 4228 cornua
2403 4175 2604 4241 ferrea,
2640 4180 2698 4229 et
2741 4173 2858 4228 ait:
2919 4173 3049 4228 Hinc
3109 4173 3252 4229 dicit
3312 4174 3630 4230 Dominus:
3676 4167 3757 4223 His

2151 4263 2917 4335 ventilabisSyrinm,donec
2949 4263 3143 4318 deleas
3173 4263 3394 4334 eam(h.
3427 4257 3755 4325 consumas):

2152 4365 2475 4420 omnesque
2497 4349 2792 4422 prOphetaa
2823 4350 3093 4405 similiter
3124 4351 3568 4422 prophetabant,
3597 4347 3760 4400 dicen-

2151 4442 2240 4494 tes
2270 4439 2571 4494 :Ascende
2603 4439 2659 4492 in
2695 4438 2944 4494 Rameth
2968 4438 3204 4506 Galaad,
3237 4446 3296 4494 et
3327 4441 3470 4495 vade
3499 4447 3758 4510 prospere,

400 4527 710 4583 concitavit
737 4525 894 4580 enim
918 4540 1048 4580 eum
1078 4521 1307 4579 Jezabel
1341 4538 1482 4578 uxor
1513 4527 1714 4590 sua,et
1742 4522 2043 4579 abomina-
2073 4521 2123 4587 Ι)
2154 4534 2210 4583 et
2238 4528 2428 4582 tradet
2457 4527 2744 4583 Dominus
2773 4527 2832 4582 in
2869 4544 3080 4583 manus
3109 4529 3142 4590 ‘_
3162 4529 3338 4599 regis.
3369 4527 3611 4582 Nuntius
3630 4535 3757 4588 vero,

399 4617 537 4673 bilis
569 4618 756 4671 factus
787 4615 910 4688 (ms.
937 4614 1204 4684 etl‘ectus)
1235 4617 1343 4679 est,
1376 4612 1673 4668 intantum
1714 4617 1780 4668 ut
1837 4629 2044 4684 seque-

478 4833 492 4866 ⁸
526 4829 846 4884 Veronens.
883 4844 997 4884 ms.
1038 4843 1173 4882 cum
1213 4823 1503 4897 Vulgatis,
1539 4825 1595 4880 in
1656 4825 1770 4882 loco
1830 4825 1928 4881 hoc
1986 4826 2044 4881 in

403 4918 528 4976 quo,
560 4906 670 4957 etc.

474 4984 496 5018 ²
528 4980 808 5039 Voculam
835 4981 888 5037 ei
912 4980 1080 5053 juxta
1110 4977 1413 5035 Hebrzeum
1433 4977 1748 5035 Veronens.
1784 4996 1894 5035 ms.
1919 4995 2048 5036 nes-

401 5055 499 5113 cit.

474 5137 494 5171 ³
532 5135 594 5190 In
627 5133 860 5190 Canone
891 5129 1179 5187 nonnulla
1211 5133 1514 5187 mutantur
1535 5128 1643 5185 hoc
1675 5131 1847 5186 modo
1878 5133 2051 5202 juxta

404 5209 706 5263 Hebraeum
735 5205 927 5261 :Sicut
954 5219 1051 5275 ego
1079 5220 1223 5270 sum,
1257 5206 1335 5257 ita
1381 5206 1436 5255 et
1467 5206 1525 5275 tu
1547 5218 1565 5255 :
1596 5206 1648 5256 et
1692 5205 1836 5258 sicut
1873 5220 2049 5272 popu-

408 5281 493 5334 lus
522 5295 693 5343 meus,
724 5281 804 5333 ita
833 5286 884 5332 et
909 5272 1144 5348 populus
1174 5280 1302 5330 tuus
1321 5292 1343 5328 .·
1371 5281 1421 5327 ει
1445 5272 1588 5348 σίδας
1615 5275 1745 5343 equi
1788 5276 1918 5343 mei,
1969 5279 2051 5330 ita

407 5358 458 5408 et
491 5352 620 5422 equi
648 5351 753 5404 tui.
785 5345 1142 5422 Crediderim
1171 5348 1322 5401 hanc
1377 5345 1871 5422 emendationem,
1926 5363 2050 5417 qum

410 5415 724 5479 manifesta
754 5425 843 5476 est
873 5419 932 5474 in
964 5418 1162 5474 codice
1195 5433 1304 5472 ms.
1338 5417 1411 5471 ab
1443 5415 1636 5483 aliquo
1661 5415 2051 5473 scholiomar-

409 5493 590 5567 ginali
622 5492 860 5567 ﬂuxisse
882 5492 942 5567 in
976 5496 1348 5567 contextum;
1384 5487 1632 5557 inquam
1658 5488 2052 5567 saepicionem

410 5559 518 5646 fros
551 5563 801 5646 impellit
819 5563 1023 5619 eadem
1056 5561 1289 5646 phrasis
1312 5559 1522 5646 iterum
1548 5569 1827 5646 usurpata
1849 5561 2052 5646 libro."

408 5630 744 5705 Malachim,
775 5651 903 5708 cap.
936 5650 1022 5702 III,
1050 5630 1203 5690 vers.
1232 5634 1289 5703 7,
1312 5630 1412 5686 ubi
1436 5631 1657 5688 intacta
1679 5633 1964 5691 remansit
1991 5633 2052 5691 in

2156 4618 2255 4688 qui
2281 4617 2448 4688 ierat,
2480 4623 2546 4672 ut
2571 4621 2803 4674 vocaret
2834 4615 3400 4686 Michaeam,locutus
3427 4621 3514 4673 est
3534 4614 3599 4670 ad
3629 4624 3758 4668 eum.

2165 4835 2319 4886 .extu
2352 4828 2800 4902 Hieronymiana
2841 4827 3170 4902 translatio,
3230 4828 3502 4902 Scholion
3531 4840 3669 4902 vero“
3693 4819 3762 4875 in~

2156 4909 2387 4985 tegrum
2421 4893 2685 4985 additum
2718 4905 2808 4985 est
2837 4900 2896 4956 in
2916 4893 3388 4985 margine,pmqt
3416 4900 3508 4985 hic
3536 4893 3759 4985 positum

2157 4967 2371 5046 legitur
2424 4973 2862 5046 intramtextum
2943 4967 3276 5045 Scripturaa.
3335 4967 3554 5029 Confer'
3594 4967 3757 5022 locum

2159 5044 2479 5116 utrumque
2503 5046 2555 5100 si
2585 5044 2844 5116 libuerit.
2869 5049 3057 5100 MART.

2229 5119 2250 5151 δ
2277 5109 2506 5172 Micheas
2527 5121 2585 5171 et
2613 5115 2851 5190 uicinam
2880 5122 3045 5172 vertu
3077 5115 3348 5190 sequenti
3380 5114 3548 5171 habet
3575 5109 3763 5167 Canon.

2159 5190 2257 5245 sed
2290 5190 2654 5245 emendatus.
2689 5187 2856 5242 Mart.

2229 5261 2666 5316 —Constanter
2696 5259 2850 5314 idem
2909 5275 3019 5314 ms.
3085 5258 3309 5329 aspirat
3369 5246 3760 5329 Hiemla._ltl_0§

2159 5332 2578 5414 tacet-verbum
2610 5333 2710 5386 ait.
2743 5329 3006 5402 Denique
3051 5317 3247 5386 minus
3302 5329 3446 5384 bene
3475 5325 3563 5382 isti
3613 5317 3760 5375 habet

2160 5419 2264 5510 pr?
2280 5409 2436 5532 Idem
2475 5490 2587 5529 ms.
2621 5475 2682 5528 in
2711 5490 2903 5529 manu.
2939 5473 3114 5528 Hebr.
3150 5482 3266 5533 τί.
3320 5475 3386 5525 Et
3433 5465 3596 5541 paulo
3624 5457 3760 5541 ,Ροδί

2159 5563 2306 5619 ierui
2361 5578 2568 5642 pacare,
2621 5579 2724 5635 pro
2796 5570 2858 5618 ut
2911 5571 3148 5620 vocaret.
3199 5535 3460 5618 Hebraic.
3514 5535 3652 5642 mp“?
3701 5541 3759 5601 ad

2161 5635 2494 5696 vocandum.
