3938 6174
160 309 238 368 773
1412 292 1628 346 Linea
1667 293 1689 343 I
1729 294 1828 347 MA
1840 294 2134 351 meum.
3379 297 3491 354 774

163 434 351 491 dicens:
379 427 504 483 Ecce
532 435 830 479 sermones
853 416 1270 492 prophetarum
1303 427 1402 471 ore
1428 431 1544 469 uno
1576 412 1730 469 bona
1760 421 1814 488 Α
1847 415 2135 474 vidissent
2184 419 2478 493 principes
2533 437 2810 476 curruum
2869 421 3176 494 Josaphat,
3210 424 3495 495 suspicati

157 523 250 594 regi
290 517 590 593 pradicant,
627 511 728 567 sit
784 525 922 582 ergo
974 512 1031 563 et
1088 522 1283 562 sermo
1340 508 1481 560 tuus
1516 502 1732 594 similis
1848 512 1990 560 sunt
2011 510 2167 578 quod
2192 509 2317 580 ipse
2337 515 2611 566 essetrex
2643 510 2840 574 Israel,
2875 511 3177 582 etimpetu
3201 513 3350 568 facto
3385 530 3496 585 pu-

165 592 341 676 eo‘rum,
367 608 416 661 et
455 603 686 676 loquere
732 600 905 655 bona.
955 597 1057 652 Cui
1114 595 1383 650 Michaeas
1426 593 1548 649 ait:
1582 592 1737 647 Vivit
1847 596 2113 666 gnabant
2137 602 2341 654 contra
2361 616 2519 667 eum,
2542 605 2600 654 et
2617 598 3283 671 exclamavitJosaphat.
3323 601 3494 657 Intel-

159 697 406 763 Dominus,
431 693 556 766 quia
586 690 977 762 quodcunque
1007 685 1219 741 dixerit
1253 682 1396 738 mihi
1434 682 1736 748 Dominus,
1849 682 2233 759 lexeruntque
2264 689 2559 760 principes
2589 705 2866 744 curruum
2902 689 3055 760 quod
3090 707 3203 746 non
3225 696 3380 746 esset
3397 707 3498 746 rex

161 790 244 844 hoc
268 786 464 857 loquar.
494 781 660 836 Venit
685 778 887 849 itaque
934 775 1002 832 ad
1039 790 1252 845 regem,
1280 779 1336 827 et
1366 773 1448 827 ait
1481 771 1560 826 illi
1599 787 1738 840 rex;
1853 773 2055 839 Israel,
2088 779 2146 831 et
2167 781 2546 833 cessaverunt
2576 779 2647 834 ab
2670 795 2756 832 eo.
2790 778 2877 849 (Τ.
2911 778 3081 850 CIII.)
3109 779 3270 834 Unus
3302 781 3496 851 (Vulg.

155 875 361 942 Micbma,
390 872 464 927 ire
494 870 771 926 debemus
831 867 890 921 in
943 864 1196 920 Rameth
1230 861 1454 918 Galaad
1485 861 1555 916 ad
1590 876 1746 932 praa-
1853 861 1961 934 vir)
1995 868 2190 920 autem
2250 865 2491 937 quidam
2551 866 2798 921 tetendit
2853 883 3076 934 arcum,
3123 868 3181 923 in
3215 868 3500 925 incertum

156 964 387 1029 liandum,
414 977 482 1016 an
511 973 739 1014 cessare
759 956 789 1010 ?
817 954 921 1011 Cui
951 953 1050 1008 ille
1083 951 1423 1023 respondit:
1452 949 1746 1028 escende,
1858 952 2134 1024 sagittam
2169 954 2451 1026 dirigens,
2497 959 2554 1012 et
2584 973 2723 1012 casu
2775 957 3068 1028 percussit
3100 973 3291 1029 regem
3328 958 3503 1015 Israel

155 1058 197 1109 et
236 1053 356 1107 vade
381 1062 662 1122 prospere,
721 1049 780 1101 et
834 1044 1022 1100 tradet
1079 1042 1266 1114 (Vulg.
1325 1039 1544 1096 addunt
1591 1053 1750 1126 eam)
1859 1038 2013 1096 inter
2042 1043 2381 1114 pulmonem
2413 1048 2470 1100 et
2489 1045 2862 1101 stomachum
2896 1045 2977 1117 (b.
3004 1046 3156 1101 inter
3184 1047 3502 1120 scapulas).

155 1141 387 1198 Dominus
413 1140 466 1193 in
497 1151 704 1192 manus
729 1133 905 1206 regis.
939 1132 1096 1189 Dixit
1123 1135 1320 1187 autem
1346 1145 1444 1185 rex
1466 1129 1536 1183 ad
1565 1144 1698 1184 eum
1735 1143 1749 1182 :
1862 1131 1933 1186 At
1964 1131 2059 1186 ille
2089 1132 2234 1187 dixit
2284 1133 2500 1205 aurigas
2550 1151 2695 1189 suo:
2751 1134 2916 1190 Verte
2959 1151 3200 1190 manum
3232 1140 3416 1203 tuam,
3449 1138 3508 1191 et

157 1231 332 1284 lterum
363 1231 525 1297 atque
571 1226 784 1280 iterum
834 1223 1041 1293 adjuro
1089 1225 1165 1287 te,
1219 1223 1286 1274 ut
1339 1235 1452 1273 non
1489 1216 1752 1287 loquaris
1864 1221 2007 1291 ejice
2031 1238 2121 1276 me
2145 1223 2215 1278 de
2237 1223 2512 1291 exercitu,
2547 1223 2682 1293 quia
2703 1223 2956 1296 graviter
2977 1223 3319 1280 vulneratus
3350 1241 3505 1282 sum.

156 1319 219 1389 (b.
244 1321 373 1382 Quot
393 1314 612 1371 vicibus
642 1311 1014 1383 interrogabo
1058 1314 1133 1378 te,
1166 1313 1231 1363 ut
1262 1325 1377 1363 non
1409 1306 1674 1380 loquaris
1705 1305 1753 1376 τ)
1867 1311 2262 1366 Commissum
2308 1318 2396 1367 est
2425 1328 2563 1384 ergo
2623 1312 2888 1385 praelium
2945 1312 3002 1367 in
3039 1313 3130 1368 die
3174 1312 3295 1382 illa,
3327 1319 3380 1370 et
3412 1331 3512 1370 rex

155 1407 269 1462 mihi
298 1406 396 1460 nisi
425 1403 574 1475 quod
620 1417 826 1457 verum
860 1405 970 1463 est,
1002 1399 1060 1454 in
1118 1399 1346 1453 nomine
1378 1396 1642 1452 Domini.
1687 1395 1756 1449 Et
1869 1399 2043 1454 Israel
2077 1401 2273 1455 stabat
2294 1401 2351 1456 in
2376 1417 2548 1456 curru
2577 1419 2684 1457 suo
2715 1406 2918 1456 contra
2940 1402 3135 1471 Syros,
3168 1407 3225 1458 et
3247 1408 3516 1460 mortuus

159 1495 236 1550 ille
263 1495 334 1549 ait
365 1509 376 1547 :
407 1493 532 1547 Vidi
565 1495 848 1546 cunctum
884 1487 1056 1544 Israel
1091 1487 1426 1560 dispersum
1455 1487 1516 1541 in
1549 1483 1765 1539 monti-
1871 1493 1961 1543 est
1992 1490 2216 1560 vesperi
2243 1507 2255 1543 :
2290 1490 2507 1546 fluebat
2529 1497 2726 1546 autem
2751 1491 2994 1563 sanguis
3017 1492 3200 1564 plagas
3235 1492 3292 1547 in
3317 1493 3515 1547 sinum

159 1584 264 1649 bus,
295 1581 448 1654 quasi
471 1596 605 1636 oves
637 1595 751 1634 non
785 1578 1068 1633 habentes
1098 1580 1422 1648 pastorem,
1451 1579 1510 1629 et
1538 1574 1619 1628 ait
1649 1579 1763 1627 Do-
1875 1593 2103 1646 currus,
2164 1583 2221 1634 et
2270 1596 2452 1650 praeco
2505 1581 2808 1652 personuit
2855 1580 2912 1635 in
2960 1581 3230 1637 universo
3264 1582 3520 1637 exercitu

156 1673 351 1727 minus:
381 1671 499 1726 Non
557 1668 782 1725 habent
837 1667 1142 1723 dominum
1203 1666 1284 1734 (h.
1318 1664 1581 1735 domino)
1614 1661 1712 1717 isti
1747 1679 1763 1720 :
1877 1671 2194 1738 antequam
2226 1667 2310 1724 sol
2371 1669 2760 1739 occumberet,
2823 1669 3022 1725 dicens
3055 1684 3069 1724 :
3105 1669 3526 1743 Unusquisque

158 1765 438 1815 revertatur
463 1758 881 1829 unusquisque
927 1757 988 1810 in
1021 1755 1260 1810 domum
1295 1770 1464 1810 suam
1516 1754 1575 1807 in
1608 1767 1764 1825 pace.
1803 1797 1847 1861 Β
1881 1760 2209 1811 revertatur
2259 1756 2315 1811 in
2369 1757 2658 1813 civitatem
2695 1775 2861 1812 suam
2920 1759 3042 1830 (ms.
3074 1763 3125 1814 et
3161 1760 3312 1830 Vulg.
3343 1763 3529 1816 tacent

158 1849 208 1861 η..
256 1848 484 1861 -..νη
819 1848 839 1861 .
984 1847 994 1861 .
1083 1840 1764 1861 ,τγγηιηιλιτμ-ηυ
1919 1860 1922 1861 ν
2056 1845 2067 1861 .
2165 1846 2228 1861 ..
2312 1851 2321 1861 .
2799 1847 2830 1861 ,.
2929 1847 2941 1859 .
3148 1848 3215 1861 ..
3309 1849 3320 1861 .
3517 1849 3529 1861 .

153 1849 225 1913 (T.
251 1850 322 1908 C.)
347 1848 494 1904 Dixit
522 1863 667 1919 ergo
697 1863 797 1901 rex
819 1847 996 1901 Israel
1031 1845 1100 1899 ad
1132 1843 1455 1914 Josaphat:
1489 1840 1766 1912 Nunquid
1805 1840 1847 1861 ¹¹
1881 1845 2093 1916 suam),
2127 1851 2184 1901 et
2215 1846 2272 1900 in
2309 1851 2520 1902 terram
2571 1864 2740 1903 suam
2794 1847 2874 1919 (h.
2927 1847 2984 1902 in
3039 1848 3252 1904 castris
3282 1849 3415 1904 dum
3443 1849 3530 1906 sol

158 1953 247 1992 non
277 1937 382 1992 dixi
413 1937 538 2007 tibi,
564 1937 710 2007 quia
741 1951 854 1990 non
890 1933 1200 2006 prophetat
1231 1932 1374 1986 mihi
1402 1932 1642 1997 bonum,
1668 1928 1770 1984 sed
1881 1935 2270 2001 occumberet,
2305 1935 2505 1991 dicens
2532 1951 2547 1992 :
2587 1936 2681 1991 Vir
2734 1936 2796 1991 in
2842 1938 3124 1992 civitatem
3155 1955 3347 2010 suam,
3382 1943 3440 1994 et
3467 1939 3530 1994 in

158 2042 354 2098 semper
381 2026 604 2082 malum
627 2025 656 2080 ‘I
706 2025 808 2080 Ille
836 2041 973 2080 vero
1024 2023 1267 2086 addens,
1300 2021 1382 2074 ait
1416 2037 1428 2074 :
1461 2020 1775 2092 Propterea
1882 2031 2087 2078 terram
2117 2024 2320 2094 suam).
2371 2025 2640 2080 Mortuus
2671 2028 2760 2080 est
2787 2029 2979 2081 autem
3029 2043 3148 2094 rex,
3182 2032 3238 2082 et
3269 2027 3531 2099 perlatus

154 2115 262 2169 audi
291 2131 614 2172 sermonem
649 2113 926 2170 Domini:
959 2111 1090 2166 Vidi
1125 2111 1440 2166 Dominum
1475 2110 1776 2164 sedentem
1884 2115 1974 2166 est
1992 2113 2336 2181 Samariam,
2369 2113 2844 2186 sepelieruntque
2866 2130 3060 2187 regem
3094 2115 3152 2170 in
3185 2119 3532 2185 Samariam,

152 2219 300 2276 super
326 2205 527 2261 solium
567 2220 772 2269 suum,
805 2207 862 2257 et
891 2217 1124 2256 omnem
1160 2200 1479 2255 exercitum
1514 2198 1644 2253 cceli
1676 2213 1779 2252 as-
1885 2205 1943 2256 et
1970 2200 2237 2257 laverunt
2289 2218 2524 2258 currum
2556 2204 2684 2274 ejus
2708 2206 2724 2239 ¹
2761 2203 2820 2258 in
2880 2203 3106 2275 piscina
3148 2204 3448 2271 Samariae,
3477 2209 3537 2260 et

154 2293 420 2349 sistentem
445 2296 496 2349 ei
529 2311 566 2350 a
599 2291 818 2348 dextris
849 2296 906 2346 et
927 2307 959 2345 a
980 2289 1324 2359 sinistris,et
1345 2287 1426 2342 ait
1447 2287 1776 2343 Dominus:
1885 2289 2184 2346 Iinxerunt
2212 2307 2387 2347 canes
2437 2292 2787 2364 sanguinem
2822 2293 2972 2364 ejus,
3008 2303 3061 2348 et
3094 2294 3353 2348 habenas
3384 2293 3538 2350 lave-

156 2382 270 2446 Quis
296 2383 540 2455 decipiet
590 2381 757 2436 Ahab
782 2397 968 2449 regem
995 2379 1168 2435 Israel
1200 2377 1279 2441 (b.
1313 2393 1428 2432 non
1461 2376 1684 2447 habet),
1717 2380 1782 2430 ut
1889 2384 2047 2450 runt,
2073 2380 2241 2451 juxta
2290 2380 2528 2438 verbum
2579 2380 2832 2452 Domini,
2877 2381 3032 2453 quod
3068 2381 3298 2438 locutus
3330 2383 3540 2439 fuerat.

158 2472 420 2538 ascendat,
455 2476 513 2528 et
572 2471 750 2526 cadat
804 2471 863 2525 in
923 2467 1174 2524 Ramoth
1231 2466 1498 2522 Galaad?
1536 2466 1607 2520 Et
1636 2464 1783 2520 dixit
1891 2468 2136 2541 Reliqua
2165 2469 2341 2524 verba
2388 2486 2733 2525 sermonum
2781 2471 2962 2540 Ahab,
3014 2476 3071 2526 et
3111 2472 3383 2528 universa
3414 2490 3543 2545 quas

159 2576 285 2616 unus
340 2562 512 2617 verba
569 2558 940 2631 hujusmodi,
998 2562 1055 2612 et
1111 2556 1264 2612 alius
1326 2555 1514 2610 aliter.
1575 2555 1783 2626 Egres-
1894 2557 2048 2624 fecit,
2083 2563 2138 2612 et
2169 2558 2381 2613 domus
2439 2560 2709 2614 eburneae
2768 2576 2894 2630 quas
2941 2559 3544 2628 aadilicavit,cuncta-

156 2667 240 2705 sus
266 2657 351 2707 est
378 2658 578 2707 autem
615 2649 878 2721 spiritus,
911 2653 968 2703 et
998 2646 1159 2702 stetit
1197 2662 1391 2702 coram
1427 2645 1696 2711 Domino,
1729 2648 1786 2699 et
1895 2663 2148 2717 rumque
2180 2646 2414 2702 urbium
2438 2665 2586 2718 quas
2608 2648 2913 2715 exstruxit,
2949 2665 3141 2705 nonne
3171 2649 3293 2705 haec
3323 2649 3545 2723 scripta

151 2739 248 2795 ait:
277 2740 385 2813 Ego
413 2739 712 2812 decipiam
745 2735 1047 2794 illum.Cui
1071 2735 1301 2792 locutus
1334 2741 1426 2790 est
1455 2735 1739 2790 Dominus
1771 2750 1784 2788 :
1896 2739 2038 2791 sunt
2069 2735 2126 2790 in
2157 2734 2308 2791 libro
2369 2737 2718 2792 Sermonum
2771 2736 2996 2793 dierum
3030 2739 3052 2772 ²
3081 2755 3285 2811 regum
3319 2738 3496 2794 Israel
3520 2737 3548 2793 τ

155 2827 206 2883 In
235 2846 340 2900 quo
363 2831 390 2885 τ
418 2830 491 2886 Et
521 2828 632 2885 ille
664 2828 781 2884 ait:
841 2828 928 2895 (T.
961 2827 1074 2894 CI.)
1124 2825 1420 2897 Egrediar,
1452 2830 1510 2879 et
1537 2840 1634 2879 ero
1665 2825 1787 2894 spi-

157 2917 286 2974 ritus
314 2920 565 2975 mendax
617 2918 678 2972 in
727 2933 825 2972 ore
873 2914 1139 2971 omnium
1187 2913 1604 2984 prophetarum
1637 2913 1787 2983 ejus.

157 3006 213 3060 Et
237 3008 368 3064 dixit
395 3007 676 3064 Dominus
706 3005 786 3078 (b.
820 3021 934 3060 non
967 3003 1160 3071 habet)
1194 3019 1206 3056 :
1241 3001 1527 3074 Decipies,
1558 3007 1614 3057 et
1647 3018 1791 3072 pra:-

153 3095 389 3152 valebis:
422 3097 728 3168 egredere,
765 3099 822 3149 et
851 3094 937 3148 t'ac
977 3091 1081 3146 ita.
1129 3091 1296 3146 Nunc
1321 3089 1498 3160 igitur
1527 3106 1658 3145 ecce
1689 3091 1790 3144 de-

1897 2824 1983 2896 (T.
2015 2824 2463 2894 CIV.)Dormivit
2492 2842 2630 2898 ergo
2663 2825 2825 2882 Ahab
2858 2844 2990 2882 cum
3023 2828 3288 2896 patribus
3321 2827 3544 2898 suis,et

1899 2914 2163 2985 regnavit
2193 2913 2440 2970 Obozias
2495 2914 2576 2987 (ἱ).
2639 2915 2911 2988 Ahazias)
2964 2915 3120 2970 ﬁlius
3161 2917 3288 2987 ejus
3322 2933 3423 2987 pro
3453 2933 3542 2974 eo.

1903 3002 1982 3072 (T.
2017 3001 2150 3074 CV.)
2203 3002 2491 3075 Josaphat
2520 3021 2652 3060 vero
2685 3003 2841 3058 lilius
2872 3007 2986 3060 Asa
3030 3021 3270 3077 regnare
3297 3009 3551 3077 coeperat

1903 3107 2081 3163 super
2121 3092 2335 3148 Judam
2369 3110 2521 3149 anno
2568 3100 2776 3166 quarto
2809 3094 2974 3150 Ahab
3007 3097 3159 3168 regis
3192 3095 3387 3152 Israel.
3420 3096 3551 3151 Tri-

153 3184 225 3238 dit
271 3185 556 3242 Dominus
623 3183 901 3255 spiritum
963 3181 1251 3236 mendacii
1283 3180 1340 3234 in
1375 3196 1472 3234 ore
1522 3179 1789 3234 omnium
1821 3166 1864 3236 C
1903 3181 2066 3252 ginta
2089 3182 2350 3254 quinque
2371 3200 2661 3239 annorum
2689 3189 2966 3241 eratcum
2992 3201 3232 3257 regnare
3253 3187 3550 3259 ccepisset,

154 3273 550 3344 prophetarum
586 3283 844 3336 tuorum,
877 3271 975 3341 qui
1007 3268 1100 3324 hic
1132 3273 1352 3334 sunt,et
1387 3267 1669 3323 Dominus
1703 3267 1790 3322 lo-

154 3368 306 3418 cutus
330 3369 418 3419 est
450 3366 673 3419 contra
690 3367 745 3416 te
766 3359 1012 3415 malum.
1035 3359 1120 3428 (T.
1145 3357 1286 3427 CII.)
1306 3358 1564 3412 Accessit
1595 3363 1790 3412 autem

1902 3277 1960 3328 et
1987 3274 2192 3346 viginti
2225 3275 2486 3348 quinque
2535 3277 2774 3347 (h.a....)
2807 3277 2977 3332 annis
3012 3277 3275 3348 regnavit
3305 3277 3363 3332 in
3391 3279 3552 3332 Jeru-

1903 3361 2127 3418 salem:
2165 3381 2374 3420 nomen
2436 3366 2642 3420 matris
2674 3367 2802 3434 ejus
2859 3365 3054 3421 Azuba
3085 3365 3208 3421 lilia
3239 3366 3390 3422 Salai
3423 3371 3548 3437 (ms.

157 3449 406 3508 Sedecias
438 3451 610 3508 ﬁlius
661 3451 958 3514 Chanana,
991 3452 1048 3502 et
1078 3445 1368 3518 percussit
1405 3445 1700 3501 Michaaam
1732 3446 1792 3500 in
1903 3451 2134 3522 Salaai).
2163 3453 2238 3507 Et
2269 3453 2592 3509 ambulavit
2640 3453 2698 3508 in
2731 3454 2891 3509 omni
2942 3454 3036 3509 via
3078 3459 3195 3510 Asa
3223 3455 3410 3527 patris
3437 3454 3552 3528 sui,

155 3540 458 3611 maxillam,
483 3546 544 3596 et
577 3538 728 3594 dixit
753 3557 766 3594 :
801 3538 968 3593 Mane
998 3551 1134 3608 ergo
1156 3535 1382 3590 dimisit
1411 3534 1655 3606 spiritus
1678 3535 1794 3590 Do-

159 3630 307 3697 mini,
338 3637 394 3686 et
423 3630 675 3687 loeutus
696 3627 958 3683 esttibi?
987 3625 1059 3680 Et
1088 3624 1170 3680 ait
1198 3623 1467 3680 Micbaaas
1495 3641 1508 3677 ε
1543 3623 1797 3679 Visurus

153 3734 206 3773 es
233 3718 287 3774 in
317 3719 412 3776 die
443 3719 577 3786 illa,
614 3717 850 3790 quando
872 3713 1217 3787 ingredieris
1249 3712 1610 3778 cubiculum,
1645 3712 1800 3768 intra

149 3809 470 3865 cubiculum
508 3814 582 3865 ut
614 3806 1016 3864 absconderis.
1071 3805 1136 3859 Et
1167 3803 1247 3859 ait
1290 3819 1388 3858 rex
1420 3803 1634 3859 Israel:
1665 3803 1799 3858 Tol-

144 3895 231 3953 lite
261 3898 608 3966 Michaaatn,
638 3903 695 3953 et
724 3900 958 3952 maneat
983 3894 1135 3961 apud
1156 3895 1340 3948 Amen
1367 3893 1691 3964 principem
1725 3893 1804 3949 ei-

144 3986 344 4056 vitatis,
377 3995 437 4045 et
469 3987 640 4059 apud
673 3986 813 4042 Joas
835 3984 1024 4039 filium
1058 3981 1358 4047 Amalech,
1393 3985 1449 4036 et
1474 3982 1651 4036 dicite
1675 3982 1799 4038 eis:

144 4070 261 4130 Hec
307 4077 456 4132 dicit
489 4092 640 4133 rex:
673 4072 880 4128 Mittite
911 4071 1094 4127 virum
1122 4071 1204 4143 (h.
1243 4087 1356 4125 non
1392 4070 1587 4141 habet)
1620 4071 1799 4125 istum

142 4161 195 4216 in
224 4180 556 4234 carcerem,
597 4170 655 4220 et
682 4165 1012 4219 sustentate
1043 4176 1176 4215 eum
1228 4175 1378 4230 pane
1409 4158 1806 4215 tribulationis

141 4257 194 4306 et
217 4271 368 4327 aqua
403 4252 734 4327 angustia,
759 4252 943 4307 donec
999 4253 1252 4305 revertar
1285 4251 1402 4314 (ms.
1439 4249 1713 4320 revertor)
1745 4249 1803 4302 in

1905 3544 1964 3595 et
1996 3557 2109 3596 non
2142 3540 2543 3598 declinavitex
2564 3560 2669 3599 ea:
2705 3543 2952 3614 fecitque
2986 3543 3138 3614 quod
3177 3548 3399 3599 rectum
3432 3548 3559 3600 erat

1908 3627 1965 3682 in
1999 3634 2312 3700 conspectu
2347 3630 2579 3686 Domini
2638 3631 2718 3700 (b.
2781 3631 2839 3686 in
2872 3630 3104 3698 oculis).
3137 3630 3559 3686 Verumtamen

1909 3717 2136 3772 excelsa
2167 3735 2280 3773 non
2315 3718 2600 3775 abstulit:
2635 3719 2822 3774 adhuc
2867 3721 3023 3775 enim
3053 3719 3308 3792 populus
3334 3720 3561 3775 sacriﬁ-

1911 3805 2100 3872 cabat,
2130 3812 2186 3861 et
2207 3806 2476 3862 adolebat
2507 3807 2813 3862 incensum
2849 3809 2906 3862 in
2939 3805 3203 3863 excelsis.
3238 3813 3565 3878 Pacemque

1913 3894 2119 3950 habuit
2136 3895 2565 3965 Josaphatcum
2589 3912 2723 3968 rege
2747 3895 3206 3966 Israel.Reliqua
3226 3900 3424 3950 autem
3444 3912 3562 3950 ver-

1913 3983 2122 4038 borum
2145 3983 2448 4054 Josapbat,
2481 3989 2538 4040 et
2560 4001 2736 4056 Opera
2767 3985 2917 4054 ejus,
2945 4001 3067 4055 quae
3086 3984 3291 4056 gessit,
3325 3990 3382 4039 et
3415 4001 3554 4054 prae-

1912 4073 1992 4127 lia
2025 4073 2110 4144 (b.
2153 4071 2478 4138 fortitudo),
2513 4089 2705 4128 nonne
2737 4072 2856 4128 haec
2897 4073 3116 4144 scripta
3146 4078 3289 4127 sunt
3321 4073 3378 4127 in
3411 4071 3560 4129 libro

1913 4161 2238 4216 Verborum
2287 4161 2513 4217 dierum
2550 4178 2748 4233 regum
2791 4162 2943 4217 Juda
2971 4159 2999 4215 ‘?
3050 4161 3160 4216 Sed
3195 4166 3252 4216 et
3283 4160 3562 4233 reliquias

1916 4249 2524 4320 eﬂ’eminatorum,qui
2556 4255 2956 4306 remanserant
2987 4250 3044 4305 in
3078 4250 3284 4304 diebus
3316 4257 3433 4305 Asa
3462 4267 3563 4322 pa-

143 4344 595 4417 pace.Dixitque
624 4341 926 4398 Michaeas:
959 4339 1017 4394 Si
1048 4355 1317 4394 reversus
1345 4338 1524 4393 fueris
1550 4338 1608 4392 in
1642 4354 1806 4410 pace,
1917 4341 2026 4395 tris
2057 4340 2204 4409 ejus,
2234 4339 2480 4395 abstulit
2509 4341 2578 4395 de
2609 4345 2783 4395 terra.
2815 4339 2930 4395 Nec
2961 4344 3085 4395 erat
3123 4344 3263 4394 tunc
3295 4355 3388 4394 rex
3423 4356 3563 4395 con-

139 4445 245 4487 non
268 4441 354 4489 est
376 4433 630 4490 locutus
657 4431 938 4486 Dominus
968 4429 1027 4483 in
1061 4443 1174 4483 me.
1199 4427 1267 4482 Et
1287 4427 1406 4482 ait:
1443 4427 1674 4493 Audite,
1711 4443 1812 4499 po-
1921 4423 2170 4477 stitutus
2191 4423 2248 4475 in
2274 4422 2454 4476 Edom
2500 4423 2613 4478 Rea:
2644 4439 2769 4478 vero
2798 4423 2880 4494 (b.
2917 4439 3029 4476 non
3056 4421 3256 4492 habet)
3285 4421 3566 4493 Josaphat

138 4519 251 4587 puli
275 4537 510 4578 omnes.
551 4519 835 4576 Ascendit
865 4517 1066 4588 itaque
1090 4531 1188 4572 rex
1213 4515 1412 4584 Israel,
1441 4519 1498 4570 et
1525 4515 1812 4588 Josaphat
1842 4541 1888 4604 Ι)
1922 4509 2373 4604 fecerat_ciasses
2395 4511 2452 4564 in
2479 4511 2624 4566 mari
2646 4512 2728 4582 (b.
2754 4511 3040 4604 Tbarsis),
3067 4526 3193 4582 qua:
3227 4511 3570 4582 navigarent

138 4622 229 4663 rex
253 4610 429 4676 Juda,
466 4612 532 4666 in
572 4607 824 4664 Ramoth
879 4606 1119 4662 Galaad.
1157 4603 1312 4660 Dixit
1340 4604 1537 4676 itaque
1593 4620 1691 4659 rex
1722 4606 1810 4660 Is-
1842 4597 1881 4604 '
1924 4599 1983 4653 in
2011 4597 2193 4669 Ophir
2250 4602 2485 4668 propter
2543 4614 2751 4653 aurum
2790 4614 2803 4653 :
2864 4602 2921 4652 et
2949 4599 3034 4652 ire
3083 4614 3198 4652 non
3231 4601 3567 4668 potuerunt,

138 4699 246 4754 rael
277 4701 352 4755 ad
401 4699 743 4770 Josaphat:
794 4697 973 4752 Sume
1015 4711 1201 4760 arma,
1238 4697 1298 4748 et
1327 4694 1632 4764 ingredere
1663 4710 1813 4766 praa-
1926 4689 2066 4758 quia
2095 4687 2405 4742 confracta:
2425 4693 2566 4742 sunt
2589 4689 2645 4743 in
2674 4687 3086 4743 Asion-Gaber.
3119 4687 3283 4742 Tunc
3310 4687 3391 4742 ait
3418 4687 3570 4743 Oho-

139 4783 302 4860 lium,
338 4795 400 4847 et
459 4789 721 4844 induere
778 4785 1039 4841 vestibus
1093 4783 1233 4838 tuis.
1290 4782 1469 4838 Porro
1503 4798 1600 4838 rex
1634 4781 1813 4839 Israel
1925 4776 2045 4831 zias
2075 4776 2156 4846 (h.
2184 4775 2456 4846 Ahazias)
2488 4776 2644 4832 ﬁlius
2674 4777 2848 4832 Ahab
2883 4778 2953 4832 ad
2996 4776 3312 4848 Josaphat:
3346 4775 3574 4832 Vadant

138 4880 389 4934 mutavit
449 4877 736 4934 habitum
798 4874 983 4947 (Vulg.
1061 4872 1270 4927 addunt
1330 4882 1550 4938 suum),
1614 4877 1669 4926 et
1727 4872 1816 4927 in-
1927 4865 2076 4920 servi
2109 4865 2223 4920 mei
2255 4881 2388 4920 cum
2425 4865 2608 4921 servis
2639 4865 2756 4921 tuis
2778 4866 2838 4920 in
2861 4865 3127 4922 navibus.
3155 4867 3225 4921 Et
3256 4863 3445 4920 noluit
3473 4864 3573 4920 Jo-

132 4978 372 5036 gressus
405 4973 505 5024 est
569 4964 814 5021 bellum.
876 4964 996 5019 Rex
1058 4966 1254 5018 autem
1305 4961 1482 5033 Syrica
1530 4978 1818 5034 praecepe-
1927 4953 2158 5026 Baphat.
2215 4954 2302 5022 (T.
2362 4953 2527 5026 CVI.)
2585 4955 2984 5027 Dormivitque
3048 4953 3384 5026 Josaphat'
3437 4968 3573 5008 eum

130 5060 216 5110 rat
246 5055 641 5128 principibus
672 5068 954 5108 curruum
990 5050 1273 5122 tringinta
1294 5050 1548 5117 duobus,
1573 5049 1775 5108 dicens
1801 5083 1818 5125 ε

133 5140 251 5200 Non
282 5143 658 5217 pugnabitis
688 5147 893 5198 contra
915 5139 1204 5195 minorem
1228 5143 1285 5194 et
1316 5141 1598 5209 majorem
1619 5156 1821 5211 quem-

131 5233 310 5304 piam,
340 5234 470 5290 nisi
506 5237 722 5288 contra
775 5245 972 5302 regem
1027 5226 1206 5284 Israel
1255 5228 1466 5283 solum.
1501 5229 1646 5284 Cum
1680 5245 1818 5302 ergo

1929 5044 2197 5115 patribus
2228 5044 2375 5110 suis,
2429 5049 2486 5100 et
2542 5044 2810 5117 sepultus
2857 5051 2946 5100 est
2975 5060 3110 5099 cum
3141 5045 3226 5099 eis
3251 5043 3312 5098 in
3343 5042 3576 5097 civitate

1929 5132 2108 5188 David
2144 5133 2324 5204 patris
2355 5133 2479 5187 sui:
2507 5135 2886 5205 regnavitque
2915 5132 3114 5188 Joram
3137 5133 3297 5186 ﬁlius
3318 5131 3446 5199 ejus
3471 5145 3573 5200 pro

1928 5237 2015 5277 eo.
2061 5219 2308 5277 Obozias
2362 5226 2558 5276 autem
2618 5221 2775 5277 ﬁlius
2832 5221 2996 5276 Ahab
3055 5235 3298 5292 regnare
3327 5218 3576 5289 coeperat

1929 5479 2020 5532 est
2047 5473 2280 5546 proprie
2310 5472 2523 5546 titulus
2576 5471 2734 5536 libri,
2760 5487 2946 5546 supra
2978 5473 3240 5546 retentus
3273 5465 3572 5523 continuo.

1998 5549 2019 5582 ³
2049 5541 2268 5602 Nomen
2298 5545 2585 5617 Iosophat,
2619 5545 2775 5617 quod
2820 5541 3015 5599 tamen
3048 5542 3104 5596 in
3139 5541 3378 5597 Hebraeo
3409 5553 3574 5612 repe-

1928 5617 2103 5687 ritur,
2131 5616 2450 5674 Veronens’.
2483 5633 2598 5673 ms.
2629 5616 2726 5671 hic
2755 5618 2927 5672 tacet.

197 5481 214 5517 ί
249 5483 358 5538 Hie
392 5481 736 5538 Veronens.
769 5496 877 5536 ms.
911 5482 1067 5535 tacet
1085 5476 1388 5548 eius,quod
1416 5491 1606 5548 neque
1629 5477 1688 5532 in
1720 5479 1822 5535 He-

133 5547 289 5610 δι·εο
323 5556 615 5612 resonat.

196 5624 221 5660 ⁸
251 5626 429 5684 Idem
466 5640 599 5681 me.
633 5625 690 5682 In
727 5623 870 5681 libro
931 5621 1231 5680 Verborum
1259 5618 1480 5676 dierum
1505 5636 1524 5675 :
1559 5620 1659 5693 qui
1689 5623 1820 5694 ejus
