3938 6174
398 318 508 375 775
1439 308 1498 361 Β.
1539 303 1946 359 ΗΙΒΒΟΝὙΜΙ
1984 303 2057 356 D1

2166 302 2240 355 (Δ
2278 298 2776 355 BIBLIOTHECA.
3652 294 3739 350 7‘76

400 459 581 517 super
600 441 685 513 (h.
710 437 1037 508 regnaverat
1058 431 1259 504 super)
1289 428 1466 486 Israel
1486 429 1548 484 in
1570 427 1852 495 Samaria,
1889 442 2042 482 anno
2078 430 2126 495 Α
2160 423 2365 483 matris
2396 440 2538 490 suae,
2570 425 2627 477 et
2656 421 2715 477 in
2764 419 2919 475 viam
2969 418 3279 475 Jeroboam
3327 416 3424 473 ﬁlii
3452 417 3635 485 Nabat,
3660 420 3739 490 qui

401 507 651 606 septimo
698 507 925 584 decimo
950 520 1231 594 Josaphat
1262 519 1416 591 regis
1458 517 1632 586 Juda,
1665 515 2047 606 regnavitque

2166 531 2394 587 peccare
2427 514 2559 569 fecit
2595 512 2796 569 Israel.
2831 509 3082 567 Servivit
3110 525 3341 581 quoque
3380 507 3526 573 Baal,
3555 513 3605 563 et
3631 511 3740 563 ado-

401 596 578 696 super
610 617 786 676 Israel
818 614 1050 672 duobus
1074 611 1265 667 annis.
1300 609 1364 664 Et
1396 607 1529 665 fecit
1562 605 1785 661 malum
1815 604 1874 659 in
1907 621 2045 659 con-
2159 604 2309 659 ravit
2337 607 2558 670 eum,et
2587 602 2840 657 irritavit
2873 601 3187 656 Dominum
3218 598 3395 654 Deum
3428 596 3742 667 Israel,juxta

401 690 602 789 spectu
632 708 883 775 Domini,
942 709 1000 762 et
1030 702 1351 761 ambulavit
1404 700 1466 755 in
1510 699 1605 755 via
1653 697 1837 770 patris
1869 695 1958 752 sui
1991 699 2049 752 et
2158 693 2356 749 omnia
2389 709 2515 764 quae
2550 693 2763 747 fecerat
2794 696 2961 763 pater
2989 690 3119 760 ejus

825 915 3724 950 ___________________________________.______

400 941 820 955 M

1126 1137 1788 1239 MALACHIM
1868 1134 2244 1230 LIBER
2324 1129 2986 1227 SECUNDUS
3021 1129 3074 1222 ί.

473 1648 551 1719 (T.
583 1642 746 1708 CVII,
777 1640 906 1710 Cap.
942 1637 1009 1703 Ι.)
1067 1628 1487 1687 Ριιωνωεὶθαιυε
1528 1630 1618 1681 est
1648 1628 1841 1680 autem
1875 1622 2047 1678 Moab

2166 1636 2241 1677 ao.
2275 1619 2383 1685 Qui
2442 1619 2674 1676 locutus
2732 1624 2822 1675 est
2879 1619 3004 1690 (ms.
3053 1617 3237 1674 locuti
3269 1617 3426 1690 sunt)
3452 1616 3531 1673 illi
3562 1634 3573 1672 :
3604 1619 3747 1676 Homo

400 1707 696 1798 in‘lsrael,
729 1707 1039 1801 postquam
1074 1727 1342 1777 mortuus
1372 1722 1463 1773 est
1492 1716 1678 1772 Ahab.
1711 1713 2048 1784 Ceciditque
2158 1710 2255 1766 Dei
2289 1710 2369 1775 (h.
2402 1708 2489 1764 vir
2542 1709 2681 1776 Dei),
2716 1708 2837 1764 haec
2890 1708 3031 1764 dicit
3069 1725 3166 1763 rex
3202 1725 3215 1763 :
3274 1707 3519 1769 Festina.
3550 1709 3746 1764 descen-

399 1825 647 1884 Ohozias
806 1796 1077 1885 Ahazias)
1126 1828 1228 1885 per
1271 1807 1558 1865 cancellos
1608 1802 1892 1861 cmnaculi
1930 1801 2046 1868 sui,
2157 1800 2248 1891 de.
2278 1800 2652 1891 Despondens
2708 1798 2863 1853 Elias
2913 1798 3042 1853 ait:
3103 1797 3163 1852 Si
3204 1797 3381 1856 homo
3424 1796 3518 1853 Dei
3546 1812 3656 1870 ego,
3683 1797 3746 1867 (h.

401 1916 555 1988 quod
587 1885 844 1968 habebat
875 1907 932 1961 in
981 1902 1268 1963 Samaria,
1301 1907 1355 1954 et
1398 1894 1733 1969 aegrotavit:
1769 1891 2050 1988 misitque
2154 1888 2244 1944 vir
2271 1889 2371 1943 Dei
2399 1889 2514 1959 ego)
2559 1903 2716 1988 sum.
2750 1887 3069 1986 descendat
3115 1886 3271 1957 ignis
3302 1886 3371 1941 de
3418 1885 3571 1955 ccelo,
3598 1890 3649 1942 et
3671 1886 3748 1941 de-

402 1974 663 2067 nunties,
694 1999 896 2054 dicens
927 1994 1000 2049 ad
1051 2007 1186 2048 eos:
1248 1988 1353 2055 Ite,
1406 1983 1697 2041 consulite
1729 1978 2046 2036 Beelzebud
2157 1983 2317 2034 voret
2379 1982 2432 2033 te
2485 1982 2542 2033 et
2598 1974 3030 2048 quinquaginta
3089 1979 3246 2031 tuos.
3307 1974 3598 2032 Descendit
3643 1990 3750 2045 ergo

402 2096 576 2150 deum
608 2063 896 2150 Accaron,
928 2088 1126 2139 utrum
1156 2078 1346 2133 vivere
1377 2090 1589 2147 queam
1613 2073 1683 2128 de
1708 2070 2051 2125 inﬁrmitate
2156 2067 2313 2139 ignis
2350 2066 2444 2121 Dei
2503 2065 2686 2137 (Vulg.
2746 2073 2887 2121 tacet
2940 2063 3063 2135 Dei)
3119 2064 3190 2119 de
3235 2063 3399 2131 ccslo,
3430 2067 3483 2119 et
3510 2063 3755 2119 devoravit

402 2200 535 2239 mea
562 2182 695 2236 hac.
750 2173 1013 2246 Angelus
1065 2173 1260 2226 autem
1318 2165 1552 2221 Domini
1598 2162 1827 2217 locutus
1858 2164 1947 2214 est
1977 2158 2048 2213 ad

2158 2156 2328 2211 illum
2361 2160 2418 2211 et
2446 2154 2883 2226 quinquaginta
2932 2153 3082 2225 ejus.
3119 2154 3205 2224 (Τ.
3256 2154 3419 2224 CIX.)
3448 2153 3642 2209 Iterum
3669 2151 3756 2208 mi-

403 2273 589 2328 Eliam
624 2242 943 2324 Thesbiten
1001 2260 1182 2331 (Vulg.
1242 2256 1368 2312 add.
1420 2253 1643 2324 dicens)
1679 2268 1692 2306 :
1724 2252 1928 2321 Surge,
1963 2264 2051 2303 as-
2080 2265 2127 2329 B
2159 2246 2235 2301 sit
2268 2246 2595 2318 principem
2627 2243 3204 2316 quinquagenarium
3255 2243 3509 2307 tertium,
3541 2248 3591 2296 et
3616 2242 3758 2312 quin-

400 2360 581 2415 cende
613 2356 671 2411 in
703 2365 1014 2409 occursum
1061 2345 1405 2402 nuntiorum
1464 2340 1619 2412 regis
1659 2337 1956 2403 Samaria,
1990 2339 2047 2391 et

401 2448 561 2503 dices
606 2443 676 2499 ad
720 2456 858 2496 eos:
893 2433 1172 2507 Nunquid
1208 2448 1322 2487 non
1374 2433 1461 2485 est
1492 2428 1648 2483 Deus
1679 2426 1737 2480 in
1772 2423 1949 2479 Israel
1980 2427 2047 2478 ut

400 2535 547 2591 eatis
575 2533 644 2588 ad
679 2526 1105 2586 consulendum
1166 2518 1487 2576 Beelzebub
1537 2516 1713 2570 deum
1746 2516 1997 2569 Accaron
2019 2512 2048 2567 ‘I

399 2626 487 2697 (T.
522 2620 744 2681 CVIII.)
773 2617 956 2681 Quam
1007 2614 1079 2669 ob
1110 2628 1231 2666 rem
1264 2608 1387 2663 haec
1434 2605 1577 2660 dicit
1604 2603 1892 2659 Dominus
1918 2601 2045 2697 :_De

399 2690 635 2779 lectulo,
668 2722 848 2777 supra
904 2718 1075 2773 quem
1136 2694 1475 2762 ascendisti,
1537 2709 1650 2747 non
1700 2690 2044 2757 descendes,

397 2802 499 2856 sed
535 2802 720 2854 morte
751 2792 1040 2848 morieris.
1075 2788 1142 2842 Et
1158 2784 1304 2842 abiit
1330 2782 1506 2839 Elias.
1533 2779 1885 2849 Reversique
1905 2781 2047 2833 sunt

397 2888 589 2945 nuntii
620 2885 693 2941 ad
725 2882 1002 2939 Oboziam
1063 2876 1143 2947 (h.
1198 2870 1514 2942 Abaziam).
1575 2869 1680 2935 Qui
1736 2867 1882 2923 dixit
1910 2867 2042 2923 eis:

396 2979 585 3043 Quare
615 2971 831 3031 reversi
863 2968 1051 3026 estis?
1100 2970 1173 3023 At
1217 2962 1302 3019 illi
1349 2959 1780 3032 responderunt
1810 2956 1862 3011 ei
1898 2974 1914 3025 ;
1945 2955 2047 3010 Vir

395 3063 653 3124 occurrit
682 3060 874 3125 nobis,
905 3063 963 3112 et
990 3054 1139 3110 dixit
1166 3052 1237 3107 ad
1272 3066 1414 3105 nos:
1449 3051 1552 3117 Ite,
1582 3043 1939 3101 revertimini
1970 3045 2040 3099 ad

398 3170 614 3227 regem,
648 3150 749 3222 qui
809 3145 972 3201 misit
1024 3159 1146 3210 vos,
1205 3145 1263 3195 et
1318 3136 1524 3193 dicetis
1580 3133 1679 3189 ei:
1742 3132 1873 3187 Haec
1903 3131 2043 3187 dicit

398 3220 720 3301 Dominus:
754 3233 1032 3306 Nunquid
1083 3230 1222 3302 quia
1254 3244 1366 3283 non
1407 3229 1531 3280 erat
1561 3224 1714 3278 Deus
1745 3222 1804 3275 in
1840 3220 2041 3288 Israel,

402 3332 573 3388 mitto
604 3329 728 3402 (ms.
763 3323 983 3393 mittes)
1043 3324 1107 3374 ut
1166 3315 1509 3372 consulatur
1546 3308 1866 3366 Beelzebub
1900 3310 2044 3364 deus

401 3398 655 3477 Accaron
677 3416 704 3471 ?
728 3413 948 3469 Idcirco
971 3410 1040 3465 de
1063 3406 1485 3474 lectulo,super
1507 3416 1677 3473 quem
1703 3398 2044 3466 ascendisti,

400 3526 519 3565 non
551 3503 893 3567 descendes,
923 3499 1023 3554 sed
1061 3501 1245 3550 morte
1276 3492 1563 3547 morieris.
1598 3487 1705 3553 Qui
1736 3487 1883 3542 dixit
1915 3486 1999 3542 eis
2029 3503 2043 3541 ε

398 3599 578 3666 Cujus
611 3594 808 3665 figurae
840 3595 895 3644 et
926 3586 1167 3641 habitus
1198 3587 1287 3637 est
1332 3580 1420 3633 vir
1462 3576 1558 3632 ille
1589 3577 1629 3642 ²,
1663 3576 1759 3647 qui
1793 3574 2047 3630 occurrit

398 3663 584 3749 vobis,
618 3663 677 3738 et
708 3682 939 3736 locutus
979 3679 1069 3730 est
1096 3673 1271 3728 verba
1318 3670 1437 3723 haec
1462 3670 1485 3721 P
1511 3668 1583 3721 At
1610 3664 1695 3719 illi
1727 3663 2001 3718 dixerunt
2028 3688 2040 3726 ;

397 3775 501 3830 Vir
531 3772 753 3846 pilosus
784 3770 864 3841 (h.
895 3763 1255 3837 capillosus),
1287 3764 1343 3815 et
1374 3774 1518 3813 zona
1550 3754 1792 3828 pellicea
1820 3754 2047 3846 accinc-

400 3872 500 3922 tus
530 3844 652 3938 (ms.
687 3857 989 3929 accinctis)
1019 3853 1279 3910 renibus.
1314 3850 1421 3917 Qui
1452 3849 1569 3904 ait:
1613 3846 1768 3902 Elias
1797 3844 2046 3938 Thesbi-

395 3961 488 4012 tes
518 3932 913 4019 est.Misitque
941 3946 1010 4001 ad
1047 3959 1182 4005 eum
1221 3935 1796 4012 quinquagenarium
1826 3932 2047 4005 princi-

402 4048 643 4118 pem,et
700 4034 1152 4112 quinquaginta,
1207 4030 1307 4101 qui
1364 4032 1530 4083 erant
1581 4042 1716 4081 cum
1765 4040 1832 4079 eo
1863 4025 1902 4076 ³.
1938 4022 2048 4089 Qui

402 4114 671 4191 ascendit
692 4131 764 4185 ad
786 4143 944 4195 eum,
968 4122 1317 4191 sedentique
1345 4119 1402 4173 in
1426 4116 1639 4171 vertice
1664 4114 1900 4180 montis,
1926 4114 2045 4167 ait:

404 4226 589 4281 Homo
622 4222 724 4278 Dei
751 4220 835 4288 (h.
862 4217 951 4271 vir
982 4214 1128 4284 Dei),
1162 4228 1261 4265 rex
1290 4206 1565 4282 praecepit
1610 4210 1674 4260 ut
1705 4204 2048 4259 descendas.

408 4314 908 4387 Respondensque
966 4305 1118 4361 Elias
1177 4301 1325 4358 dixit
1382 4296 1936 4387 quinquagenario:
1992 4293 2055 4387 Si

408 4385 584 4461 homo
608 4403 689 4475 (h.
721 4399 832 4469 vir)
861 4396 956 4453 Dei
978 4411 1097 4450 sum
1126 4391 1207 4460 (h.
1242 4405 1359 4445 non
1390 4386 1590 4457 habet)
1619 4402 1725 4455 ego
1757 4386 1879 4455 (ms.
1908 4385 2054 4439 tacet

409 4495 563 4567 ego),
618 4488 938 4546 descendat
977 4484 1131 4556 ignis
1189 4481 1260 4536 de
1318 4477 1480 4567 ccelo,
1541 4480 1599 4531 et
1630 4476 1863 4530 devoret
1891 4476 2057 4567 te,_et

410 4560 846 4654 quinquaginta
874 4567 1347 4630 tuos.Descendit
1376 4566 1573 4638 itaque
1602 4564 1758 4635 ignis
1789 4563 1857 4654 de
1890 4560 2057 4624 caelo,

407 4653 466 4729 et
523 4667 818 4727 devoravit
891 4680 1045 4730 eum,
1106 4666 1164 4717 et
1239 4655 1673 4731 quinquaginta
1737 4653 1838 4725 qui
1894 4657 2059 4708 erant

413 4778 548 4820 cum
582 4776 649 4816 eo
676 4760 719 4813 ².
775 4757 1146 4822 Rursumque
1201 4749 1363 4805 misit
1419 4747 1489 4801 ad
1542 4760 1676 4799 eum
1733 4742 2057 4814 principem

410 4846 987 4925 quinquagenarium
1040 4840 1315 4907 alterum,
1364 4841 1422 4894 et
1451 4832 1889 4907 quinquaginta
1926 4847 2061 4886 cum

490 5068 505 5101 ¹
539 5061 856 5121 Continuat
888 5052 1237 5113 Veronensis
1269 5068 1371 5106 ms.
1406 5047 1789 5122 pracedentis
1815 5044 1947 5122 libri
1971 5060 2061 5100 se.

414 5117 606 5202 riam,
637 5117 754 5190 non
804 5128 1089 5203 apposita.
1130 5117 1611 5203 secundi-hujus
1655 5117 2061 5199 inscriptione,

413 5189 615 5281 utpote
640 5189 857 5281 qui,ad_'
882 5189 1155 5281 Hebraici
1181 5189 1536 5281 exemplaris
1561 5189 2063 5281 no‘rmam,s‘i.ngu-

412 5262 595 5336 larem
629 5262 768 5333 facit,
792 5275 1013 5331 librum
1047 5262 1504 5332 Malachimmon
1524 5264 1581 5318 in
1603 5264 1753 5317 duos
1774 5262 2060 5336 partitur:

413 5335 569 5424 quod
598 5348 784 5424 semel
820 5342 1262 5424 atque_iterum
1322 5335 2063 5424 supra“anﬂnno‘tat‘ufmjﬁt:

412 5403 875 5479 videsi‘snt—amen
899 5403 916 5418 ³
939 5415 1094 5471 infra
1147 5416 1348 5467 notam
1401 5403 1436 5464 ἒ
1490 5407 1595 5478 (eo.
1626 5406 1733 5461 783
1762 5404 1879 5476 huj.
1908 5403 2065 5475 edit.)

416 5496 588 5552 initio
619 5490 863 5566 capituli
896 5483 1338 5566 subsequentis.

486 5568 508 5603 ²
537 5554 712 5624 Τιθοί
741 5564 1062 5619 Veronens.
1096 5554 1235 5629 ms.,
1281 5554 1417 5609 ille:
1450 5564 1577 5621 quas
1614 5564 1725 5604 vox
1754 5562 1945 5618 neque
1976 5560 2067 5602 re-

418 5643 592 5697 sonat
619 5638 681 5694 in
709 5635 971 5693 Hebrwo.

2157 2335 2441 2407 quaginta
2472 2335 2574 2406 qui
2602 2338 2769 2389 erant
2799 2349 2933 2389 cum
2965 2348 3054 2388 eo.
3088 2332 3194 2398 Qui
3229 2348 3363 2388 cum
3386 2332 3642 2399 venisset,
3661 2346 3757 2385 cur-

2154 2427 2309 2481 vavit
2357 2440 2550 2497 genua
2598 2427 2803 2477 contra
2849 2422 3061 2489 Eliam,
3114 2427 3171 2477 et
3216 2426 3485 2492 precatus
3528 2425 3607 2475 est
3630 2433 3756 2485 eum,

2155 2520 2212 2571 et
2241 2515 2358 2570 ait:
2392 2519 2578 2569 Homo
2627 2512 2729 2568 Dei
2777 2511 2860 2580 (h.
2891 2510 2980 2566 vir
3009 2512 3146 2583 Dei),
3198 2512 3318 2567 noli
3351 2511 3629 2583 despicere
3653 2506 3754 2563 ani-

2155 2622 2313 2661 mam
2345 2620 2555 2668 meam,
2614 2606 2671 2657 et
2726 2601 2987 2657 animam
3046 2618 3348 2657 servorum
3401 2605 3639 2667 tuorum,
3674 2596 3753 2668 qui

2158 2710 2387 2750 mecum
2421 2696 2576 2748 sunt.
2613 2692 2754 2746 Ecce
2783 2690 3086 2746 descendit
3132 2689 3289 2761 ignis
3319 2691 3390 2745 de
3419 2689 3572 2758 ccelo,
3601 2692 3652 2743 et
3675 2687 3753 2741 de-

2152 2783 2375 2838 voravit
2402 2782 2550 2837 duos
2609 2779 2903 2852 principes
2961 2778 3502 2851 quinquagenarios
3551 2778 3753 2849 primos,

2154 2876 2211 2928 et
2240 2871 2684 2943 quinquagenos
2716 2869 2816 2940 qui
2848 2884 2984 2923 cum
3015 2868 3100 2923 eis
3131 2875 3339 2924 erant:
3374 2868 3469 2922 sed
3505 2881 3644 2921 nunc
3672 2864 3755 2919 ob-

2156 2978 2319 3017 secro
2351 2965 2415 3014 ut
2444 2958 2777 3014 miserearis
2827 2958 3037 3011 animm
3086 2974 3253 3013 meae.
3299 2958 3545 3014 Locutus
3572 2961 3653 3011 est
3675 2971 3757 3009 au-

2154 3055 2273 3105 tem
2306 3047 2549 3120 angelus
2575 3046 2807 3103 Domini
2861 3046 2929 3101 ad
2963 3045 3173 3113 Eliam,
3218 3046 3408 3101 dicens
3434 3045 3518 3116 (h.
3556 3061 3657 3100 non
3682 3042 3761 3097 ba-

2161 3138 2313 3211 bet):
2342 3138 2636 3193 Descende
2667 3152 2796 3191 eum
2829 3151 2916 3202 eo,
2951 3151 3023 3190 ne
3048 3135 3285 3192 timeas.
3317 3134 3573 3191 Surrexit
3598 3134 3762 3206 igitur,

2162 3232 2219 3284 et
2249 3226 2554 3282 descendit
2583 3240 2716 3279 cum
2749 3240 2815 3279 eo
2863 3224 2935 3278 ad
2986 3239 3207 3295 regem,
3251 3228 3308 3279 et
3340 3224 3559 3280 locutus
3585 3226 3662 3277 est
3687 3220 3761 3274 ei:

2159 3316 2526 3389 (T.CX.)lleec
2556 3313 2701 3369 dicit
2728 3312 3038 3367 Dominus:
3064 3313 3214 3378 Quia
3242 3312 3454 3369 misisti
3475 3313 3691 3367 nuntios
3707 3309 3761 3364 ad

2156 3404 2583 3461 consulendum
2616 3401 2933 3458 Beelzebud
2969 3402 3141 3457 deum
3175 3405 3457 3469 Accaron,
3490 3401 3641 3474 quasi
3668 3414 3757 3453 non

2155 3500 2312 3550 esset
2345 3498 2496 3549 Deus
2521 3492 2577 3546 in
2633 3489 2809 3546 Israel
2843 3508 2876 3545 a
2905 3506 3022 3561 quo
3055 3508 3262 3561 posses
3295 3493 3638 3563 interrogare
3663 3505 3759 3544 ser-

2158 3599 2414 3649 monem,
2470 3581 2600 3636 ideo
2648 3581 2720 3635 de
2776 3578 2986 3635 lectulo
3034 3596 3213 3649 super
3254 3597 3428 3652 quem
3486 3576 3757 3635 ascendisti

2157 3690 2273 3729 non
2328 3671 2672 3737 descendes,
2704 3669 2806 3724 sed
2858 3673 3047 3724 morte
3095 3670 3387 3726 morieris.
3425 3674 3667 3725 Mortuus
3690 3671 3760 3724 est

2156 3763 2468 3835 ergojuxta
2485 3773 2812 3816 sermonem
2827 3758 3059 3814 Domini
3079 3775 3258 3830 quem
3273 3758 3755 3823 locutusestElias,

2157 3858 2213 3908 et
2244 3850 2508 3924 regnavit
2534 3849 2732 3905 Joram
2765 3850 2947 3918 frater
2964 3849 3081 3920 ejus
3111 3848 3194 3915 (h.
3228 3866 3344 3905 non
3368 3850 3560 3923 habet)
3581 3866 3672 3922 pro
3688 3862 3756 3914 eo,

2158 3958 2309 3997 anno
2341 3938 2601 3995 secundo
2621 3937 2816 3992 Joram
2843 3935 2944 3991 filii
2967 3937 3256 4009 Josapbat
3277 3941 3431 4012 regis
3451 3940 3640 3997 Judie:
3668 3951 3758 3992 non

2157 4031 2314 4085 enim
2372 4026 2630 4083 habebat
2687 4025 2896 4080 tilium.
2956 4024 3201 4096 Reliqua
3258 4033 3456 4084 autem
3492 4029 3761 4084 verborum

2160 4119 2386 4176 Ohoziaa
2417 4116 2498 4188 (h.
2536 4114 2804 4185 Abazire),
2838 4130 2964 4185 quae
3012 4120 3293 4186 operatus
3322 4122 3431 4182 est,
3464 4133 3642 4173 nonne
3666 4115 3763 4169 haec

2161 4208 2382 4279 scripta
2411 4208 2551 4260 sunt
2579 4206 2637 4259 in
2666 4203 2816 4259 libro
2845 4207 3194 4261 Sermonum
3226 4205 3456 4263 dierum
3490 4220 3675 4278 regum
3701 4204 3769 4257 Is-

2162 4296 2280 4353 rael
2309 4296 2338 4351 ‘I

2236 4475 2324 4545 (T.
2357 4473 2488 4542 CXI,
2522 4473 2657 4542 Cap.
2692 4470 2850 4537 Il.)‘.
2907 4470 3147 4525 Factum
3195 4478 3288 4527 est
3315 4476 3532 4541 autem,
3561 4486 3679 4527 cum
3704 4467 3768 4522 le-

2165 4580 2299 4619 vare
2329 4561 2504 4619 vellet
2524 4559 2811 4616 Dominus
2841 4558 3027 4614 Eliam
3050 4575 3151 4631 per
3176 4562 3471 4618 turbinem
3496 4562 3550 4616 in
3571 4557 3770 4619 calum,

2168 4655 2334 4710 ibant
2359 4652 2514 4707 Elias
2546 4656 2603 4705 et
2644 4648 2888 4705 Elisaaus
2918 4651 2990 4705 de
3038 4650 3320 4722 Galgalis.
3369 4652 3627 4723 Dixitque
3647 4646 3772 4703 Elian

2170 4744 2241 4800 ad
2273 4743 2551 4800 Elisaeum
2581 4739 2760 4794 :Sede
2782 4739 3053 4809 hic,quia
3082 4739 3371 4797 Dominus
3403 4740 3559 4796 misit
3588 4754 3669 4794 me
3694 4751 3774 4790 us-

2170 4846 2283 4905 que
2314 4828 2578 4886 Beth-El.
2637 4826 2738 4883 Cui
2771 4827 2853 4884 ait
2907 4827 3152 4885 Elisseus
3186 4846 3200 4883 :
3231 4829 3389 4886 Vivit
3428 4830 3708 4894 Dominus,
3732 4826 3778 4879 et

2245 5042 2266 5075 ³
2297 5038 2458 5094 Idem
2491 5051 2629 5103 ms.,
2663 5034 2763 5091 sub
2792 5049 2873 5103 eo,
2908 5051 3039 5091 cum
3075 5035 3361 5109 Vulgatis.
3394 5037 3563 5093 Hebr.
3584 5031 3777 5107 praefert

2229 5127 2311 5166 us.

2175 5128 2264 5261 fj‘
2294 5181 2398 5236 Hic
2426 5180 2496 5235 ad
2532 5178 2860 5261 marginem
2912 5177 3267 5261 Veronensis
3324 5197 3434 5261 ms.
3479 5180 3619 5261 hanc
3644 5187 3777 5232 eam-

2175 5256 2330 5321 dem,
2365 5268 2492 5324 quae
2553 5250 2771 5324 librum
2828 5250 3165 5324 universum
3223 5252 3559 5324 descripsit,
3599 5257 3777 5324 manus

2176 5320 2719 5394 notam'apposuit:
2754 5323 2864 5376 Hie
2918 5320 3045 5391 ﬁnit
3076 5321 3216 5394 liber
3264 5324 3342 5379 III
3367 5320 3648 5394 secundum
3671 5321 3776 5394 Seg-

2177 5383 2463 5468 luaginta:
2488 5383 2701 5468 Putare
2733 5383 2945 5468 autem
2977 5393 3176 5468 malim
3214 5410 3478 5468 nonsuo
3507 5393 3622 5447 loco
3650 5383 3779 5468 posi-

2176 5459 2320 5536 tam,
2353 5483 2467 5537 qua
2497 5466 2566 5520 ad
2602 5464 2981 5537 praecedentis
3010 5464 3249 5536 capituli
3280 5466 3510 5521 initium
3542 5459 3776 5537 spectat;

2180 5480 2320 5536 tam,
2353 5483 2467 5537 qua
2497 5480 2566 5520 ao
2602 5480 2981 5535 praecedentis
3010 5480 3249 5536 capituli
3280 5480 3510 5521 Inltlum
3542 5480 3568 5519 s
3610 5480 3776 5520 ecum

2180 5555 2369 5612 neque
2400 5536 2555 5594 enim
2590 5536 2779 5612 ullum
2808 5540 3288 5612 textumexstare
3317 5538 3463 5603 scio,
3494 5480 3604 5608 qur
3608 5548 3669 5589 ex
3688 5530 3777 5585 hoc

2178 5607 2308 5671 loco
2338 5615 2617 5684 quartum
2647 5607 2865 5665 librum
2894 5608 3249 5666 exordiatur.
