3938 6174
158 361 234 413 777

156 484 263 540 vivit
286 481 457 538 anima
483 483 606 546 tua,
635 479 773 551 quia
803 496 921 535 non
952 479 1355 552 derelinquam
1390 479 1734 548 te.Cumque
1763 474 1815 540 Α

156 571 534 628 descendissent
567 569 690 640 (ms.
730 569 1153 640 descendisset)
1205 568 1467 631 Beth-EI,
1517 565 1737 638 egressi

158 667 267 717 sunt
297 659 385 714 filii
413 659 844 730 prophetarum,
879 659 976 730 qui
1011 663 1178 714 erant
1211 657 1476 723 Betb-El,
1509 658 1580 711 ad
1635 655 1742 710 Eli-

157 765 323 815 seum,
351 752 402 803 et
427 748 697 802 dixerunt
726 748 776 801 ei
812 765 824 802 :
854 747 1144 817 Numquid
1179 747 1332 802 nosti
1383 747 1522 819 quia
1570 745 1742 800 hodie

160 837 397 894 Dominus
422 835 581 891 tollet
610 838 734 906 (ms.
768 836 955 904 tollat)
986 837 1292 892 dominum
1346 841 1513 890 tuum
1564 852 1597 890 a
1645 835 1742 889 te“!

159 929 244 991 Qui
271 925 546 997 respondit
581 942 593 978 :
626 926 695 980 Et
723 941 829 997 ego
862 923 991 980 novi
1043 941 1056 980 :
1106 925 1292 981 silete.
1344 925 1498 980 Dixit
1545 928 1739 979 autem

157 1017 277 1072 Elias
304 1017 365 1070 ad
393 1014 658 1070 Elisaum
695 1032 708 1069 :
741 1015 884 1070 Sede
917 1015 1027 1079 hic,
1061 1014 1199 1085 quia
1247 1009 1530 1070 Dominus
1582 1011 1745 1067 misit

154 1121 228 1159 me
252 1105 300 1159 in
327 1102 640 1160 Jericbo.Et
669 1102 771 1158 ille
801 1103 881 1157 ait
913 1120 925 1158 :
961 1102 1112 1157 Vivit
1143 1103 1450 1171 Dominus,
1499 1106 1557 1157 et
1601 1100 1743 1156 vivit

151 1192 311 1248 anima
337 1198 446 1257 tua,
481 1191 619 1264 quia
650 1208 765 1248 non
796 1191 1199 1264 derelinquam
1233 1197 1308 1247 te.
1343 1191 1609 1261 Cumque
1637 1206 1740 1245 ve-

147 1283 334 1336 nissent
358 1279 610 1349 Jericho,
643 1285 1015 1336 accesserunt
1040 1280 1143 1335 ﬁlii
1175 1280 1617 1352 prophetarum,
1644 1279 1744 1348 qui

145 1375 278 1425 erant
303 1371 354 1424 in
382 1369 711 1437 Jericho,ad
745 1368 1110 1439 Elisasum,et
1138 1369 1410 1426 dixerunt
1439 1369 1490 1424 ei
1520 1385 1532 1422 :
1562 1369 1742 1424 Num-

145 1459 255 1529 quid
285 1457 443 1523 nosti,
479 1458 620 1528 quia
668 1457 841 1513 hodie
891 1457 1178 1513 Dominus
1223 1457 1388 1512 tollet
1438 1457 1742 1512 dominum

145 1553 278 1602 tuum
307 1565 336 1601 a
364 1547 455 1602 te?
488 1547 554 1601 Et
583 1547 666 1602 ait
698 1564 711 1602 :
745 1547 815 1601 Et
842 1562 948 1618 ego
980 1548 1112 1602 novi
1147 1565 1159 1602 :
1195 1546 1378 1602 silete.
1431 1545 1587 1600 Dixit
1639 1562 1741 1600 au-

142 1640 234 1691 tem
261 1637 305 1692 ei
334 1635 484 1692 Elias
519 1653 532 1690 :
567 1635 713 1692 Sede
756 1635 870 1702 hic,
921 1635 1060 1706 quia
1109 1636 1390 1691 Dominus
1441 1635 1604 1690 misit
1653 1650 1744 1690 me

144 1726 295 1794 (Vulg.
337 1725 421 1780 ad.
474 1729 683 1796 usque)
732 1725 804 1780 ad
846 1725 1188 1781 Jordanem.
1243 1724 1349 1792 Qui
1396 1725 1478 1781 ait
1529 1743 1542 1781 :
1593 1725 1748 1781 Vivit

146 1814 409 1880 Dominus,
439 1819 503 1870 et
548 1813 687 1868 vivit
733 1814 933 1869 anima
979 1819 1100 1883 tua,
1149 1814 1286 1883 quia
1333 1830 1447 1868 non
1497 1813 1741 1870 derelin-
1777 1841 1826 1905 B

143 1920 287 1974 quam
319 1909 389 1959 te.
421 1905 626 1960 lerunt
656 1903 837 1975 igitur
866 1904 1038 1958 ambo
1070 1903 1308 1974 pariter,
1343 1907 1401 1958 et
1449 1903 1746 1975 quinqua-

140 1994 274 2064 ginta
301 1994 396 2048 viri
430 1993 508 2048 de
540 1991 676 2047 filiis
706 1992 1125 2064 prophetarum
1158 1993 1342 2048 secuti
1376 1997 1513 2047 sunt
1561 1994 1743 2062 (Vulg.

138 2084 209 2136 ad.
238 2083 369 2152 eos),
400 2082 508 2153 qui
546 2086 605 2136 et
653 2085 945 2137 steterunt
992 2098 1022 2136 e
1066 2085 1266 2136 contra
1309 2083 1482 2153 longe
1528 2085 1543 2118 ί
1595 2099 1608 2138 :
1660 2082 1748 2138 illi

135 2176 294 2226 autem
317 2171 488 2226 ambo
517 2171 755 2226 stabant
776 2187 954 2242 super
970 2171 1607 2242 Jordanem.(T.CXII.)
1628 2173 1744 2227 Tu-

135 2259 287 2331 litque
332 2260 480 2317 Elius
541 2259 782 2332 pallium
830 2276 1028 2330 suum,
1079 2265 1139 2315 et
1183 2259 1424 2315 involvit
1472 2259 1640 2328 illud,
1692 2266 1748 2317 et

135 2350 383 2419 percussit
409 2367 482 2422 aq
504 2366 629 2418 uas,
663 2365 790 2420 quae
812 2348 1006 2404 divisae
1027 2354 1168 2404 sunt
1189 2349 1248 2403 in
1280 2354 1584 2420 utramque
1615 2367 1746 2422 par-

135 2443 249 2502 tem,
293 2444 347 2493 et
399 2437 775 2494 transierunt
821 2439 993 2492 ambo
1041 2454 1145 2508 per
1191 2436 1434 2494 siccum.
1486 2438 1749 2510 Cumque

137 2527 467 2583 transissent.
505 2527 664 2583 Elias
694 2527 837 2582 dixit
869 2527 940 2582 ad
975 2526 1243 2582 Elisasum
1276 2545 1288 2582 :
1324 2527 1562 2583 Postula
1593 2529 1748 2599 quod

137 2613 286 2680 vis,ut
313 2616 521 2672 faciam
558 2615 690 2682 tibi,
710 2619 1023 2687 antequam
1057 2615 1224 2670 tollar
1255 2633 1287 2671 a
1316 2621 1371 2671 te
1400 2616 1481 2687 (h.
1520 2616 1753 2687 postula

139 2705 265 2771 quod
294 2704 500 2760 faciam
536 2704 669 2774 tibi,
700 2709 1018 2775 antequam
1049 2703 1224 2759 tollar
1253 2721 1283 2759 a
1333 2706 1430 2776 te).
1480 2706 1754 2776 Dixitque

132 2791 720 2860 Elisaus:0bsecro,ut
750 2794 850 2848 ﬁat
878 2792 1091 2863 duplex
1120 2792 1532 2864 spiritusstuus
1553 2795 1612 2848 in
1637 2810 1752 2849 me.

129 2882 220 2947 Qui
249 2885 549 2954 respondit
579 2899 594 2938 :
630 2883 771 2938 Item
802 2881 1104 2938 difficilem
1138 2882 1753 2954 postulasti:attamen

130 2971 170 3023 si
195 2971 394 3029 videris
428 2990 544 3041 me,
585 2973 820 3043 quando
851 2971 1023 3027 tollar
1051 2973 1072 3005 ²
1101 2988 1134 3026 a
1163 2976 1240 3038 te,
1283 2971 1393 3026 erit
1443 2971 1548 3027 tibi
1597 2973 1752 3044 quod

129 3061 298 3128 petisti
328 3062 406 3130 (h.
441 3078 540 3117 me
576 3060 702 3116 tolli
736 3078 768 3115 a
795 3065 872 3128 te,
905 3061 1016 3116 erit
1044 3060 1197 3132 quod
1249 3060 1472 3132 petisti)
1502 3077 1516 3116 :
1548 3063 1596 3115 si
1648 3078 1756 3116 au-

128 3152 224 3204 tem
252 3167 360 3206 non
392 3150 644 3220 videris,
677 3167 792 3205 non
824 3150 954 3205 erit.
1004 3149 1268 3220 Cumque
1318 3155 1644 3222 pergerent,
1697 3155 1756 3206 et

126 3238 436 3296 incedentes
487 3239 1054 3305 sermocinarentur,
1102 3255 1234 3294 ecce
1281 3255 1491 3294 currus
1542 3241 1751 3310 igneus

122 3331 168 3380 et
193 3327 316 3399 equi
345 3329 506 3402 ignei
532 3328 860 3384 diviserunt
891 3332 1290 3398 utrumque,et
1313 3329 1577 3383 ascendit
1599 3329 1752 3383 Elias

124 3431 210 3483 per
235 3418 531 3474 turbinem
562 3416 652 3486 (h.
685 3416 746 3472 in
777 3415 1034 3486 turbine)
1077 3417 1134 3470 in
1185 3417 1396 3472 ccelum
1446 3434 1458 3472 :
1512 3417 1755 3473 Elisaeus

123 3510 295 3562 autem
321 3507 590 3575 videbat,
623 3511 682 3561 et
711 3505 1005 3562 clamabat
1037 3522 1050 3559 :
1083 3509 1252 3560 Pater
1285 3505 1386 3572 mi,
1439 3511 1604 3577 pater
1653 3507 1755 3573 mi,

127 3607 310 3650 currus
335 3596 542 3665 Israel,
579 3601 637 3650 et
661 3593 868 3667 auriga
887 3595 1036 3664 ejus.
1071 3595 1140 3649 Et
1165 3612 1277 3649 non
1312 3595 1450 3649 vidit
1479 3611 1612 3650 eum
1638 3613 1756 3650 am-

127 3679 808 3758 pliuszapprehenditque
824 3683 1179 3739 vestimenta
1195 3690 1385 3753 sua,et
1398 3683 1570 3739 scidit
1586 3685 1682 3739 illa
1699 3685 1756 3740 in

121 3770 250 3828 duas
278 3775 582 3845 partes.Et
612 3771 819 3828 levavit
848 3771 1090 3844 pallium
1128 3772 1450 3843 Eliae,quod
1474 3771 1761 3828 ceciderat

125 3858 165 3913 ei
186 3861 425 3934 (h.quod
456 3863 760 3919 ceciderat
783 3877 961 3933 super
979 3862 1137 3932 eum)
1163 3879 1174 3916 :
1197 3878 1578 3932 reversusque
1600 3862 1763 3917 stetit

120 3963 274 4020 super
303 3952 501 4024 ripam
535 3950 838 4017 Jordanis,
873 3955 929 4005 et
977 3948 1153 4021 pallio
1204 3948 1359 4014 Elite,
1410 3952 1560 4020 quod
1613 3951 1760 4005 ceci-

123 4035 264 4092 derat
290 4040 338 4096 ei
373 4041 659 4112 (b.super
687 4038 867 4110 eum),
886 4039 1176 4109 percussit
1205 4055 1390 4110 aquas
1421 4043 1462 4107 ',
1483 4043 1540 4093 et
1569 4039 1712 4094 dixit
1745 4057 1759 4096 :

124 4122 217 4180 Ubi
242 4135 330 4184 est
351 4129 657 4186 Dominus
688 4127 843 4183 Deus
873 4126 1008 4183 Elia:
1056 4126 1233 4183 etiam
1283 4127 1480 4184 nunc?
1528 4127 1767 4184 Percus-

123 4213 298 4286 sitque
320 4221 606 4290 aquas,et
626 4215 821 4272 divisae
842 4221 982 4271 sunt
1003 4215 1116 4271 huc
1137 4224 1311 4288 atque
1335 4216 1558 4279 illuc,et
1577 4221 1767 4274 trans-

124 4303 182 4357 iit
208 4306 476 4363 Elisssus.
512 4306 799 4361 Videntes
831 4310 1028 4360 autem
1061 4321 1192 4361 eum
1223 4313 1348 4374 (ms.
1381 4310 1434 4361 et
1470 4306 1620 4377 Vulg.
1674 4314 1764 4362 ta-

120 4397 227 4447 cent
255 4398 415 4466 eum)
449 4396 568 4451 ﬁlii
601 4395 1017 4467 prophetarum
1061 4395 1162 4465 qui
1207 4399 1376 4450 erant
1424 4398 1484 4451 in
1535 4395 1766 4452 Jericbo

117 4480 178 4536 de
207 4489 413 4540 contra
444 4485 736 4540 dixerunt
768 4500 780 4538 :
815 4481 1118 4554 Requievit
1149 4483 1393 4556 spiritus
1426 4483 1558 4539 Eliae
1589 4502 1768 4556 super

1417 355 1628 408 LIBER
1667 354 1716 404 II
1756 351 2138 409 MALACHIM
2148 394 2159 406 .

3389 355 3494 411 778

1849 492 1919 530 ne
1950 478 2095 533 forte
2120 478 2322 533 tulerit
2353 494 2486 534 eum
2521 479 2770 550 spiritus
2802 478 3056 546 Domini,
3089 485 3147 536 et
3185 481 3499 553 projecerit

1847 566 2028 636 (Vulg.
2061 567 2188 622 add.
2223 568 2384 637 eum)
2418 567 2476 622 in
2511 584 2692 622 unum
2729 569 3042 635 montium,
3075 573 3178 624 aut
3209 569 3267 624 in
3322 587 3500 626 unam

1848 654 2112 711 vallium.
2147 657 2254 720 Qui
2295 657 2376 712 ait
2425 674 2438 712 :
2495 655 2706 713 Nollite
2759 657 3005 712 mittere.
3057 658 3504 732 Coegeruntque

1851 759 2008 810 eum,
2040 746 2224 801 donec
2253 745 2670 817 acquiesceret,
2699 749 2758 801 et
2805 746 3024 801 diceret
3075 763 3088 802 :
3150 746 3385 803 Mittite.
3436 749 3507 804 Et

1853 833 2143 889 miserunt
2171 835 2604 906 quinquaginta
2634 833 2828 890 viros:
2861 835 3122 906 quicum
3151 836 3509 908 quississent

1851 921 2042 978 tribus
2073 923 2304 990 diebus,
2341 939 2454 978 non
2487 923 2860 980 invenerunt.
2893 923 2964 978 Et
2995 925 3211 981 reversi
3243 929 3383 982 sunt
3431 927 3505 981 ad

1853 1025 2028 1067 eum:
2063 1016 2122 1066 at
2149 1012 2246 1066 ille
2277 1012 2586 1068 habitabat
2632 1014 2688 1067 in
2737 1011 2992 1081 Jericho,
3043 1013 3307 1086 dixitque
3355 1015 3438 1070 eis
3489 1031 3504 1070 :

1852 1101 2155 1172 Numquid
2189 1117 2303 1155 non
2338 1101 2456 1155 dixi
2487 1100 2654 1156 vobis
2689 1119 2702 1156 :
2735 1100 2924 1156 Nolite
2956 1103 3188 1158 mittere
3229 1103 3293 1160 ‘7
3336 1104 3505 1160 Dixe-

1852 1196 1989 1244 runl
2013 1205 2249 1260 quoque
2269 1189 2379 1244 viri
2402 1189 2654 1245 civitatis
2678 1191 2746 1246 ad
2773 1189 3042 1247 Elisseum
3067 1193 3243 1249 :Ecce
3273 1192 3503 1249 habita-

1853 1276 1934 1332 tio
1956 1278 2207 1333 civitatis
2230 1279 2411 1348 huius
2432 1279 2655 1351 optima
2675 1283 2785 1344 est,
2816 1279 2970 1336 sicut
2990 1285 3050 1335 tu
3075 1281 3224 1353 ipse,
3247 1282 3504 1351 domine,

1853 1367 2268 1438 perspiciszsed
2295 1385 2460 1440 aqua;
2506 1370 2775 1440 pessimae
2810 1375 3038 1437 sunt,et
3074 1375 3231 1427 terra
3266 1371 3509 1428 sterilis“

1853 1456 1942 1526 (Τ.
1977 1456 2188 1523 CXIV.)
2217 1458 2290 1511 At
2321 1456 2419 1512 ille
2450 1458 2534 1512 ait
2568 1474 2581 1511 :
2613 1458 2828 1514 Aﬁerte
2861 1458 3008 1513 mihi
3040 1476 3141 1515 vas
3173 1477 3414 1532 novum,
3453 1464 3511 1516 et

1855 1544 2067 1601 mittite
2097 1545 2152 1600 in
2183 1545 2324 1601 illud
2359 1547 2465 1601 sal.
2502 1547 2662 1612 Quod
2698 1547 2821 1618 (ms.
2855 1548 2988 1616 Qui)
3019 1565 3154 1604 cum
3189 1549 3510 1618 attulisset,

1854 1649 2126 1705 egressus
2158 1635 2229 1690 ad
2262 1635 2483 1690 fontem
2515 1651 2824 1706 aquarum,
2858 1636 3022 1692 misit
3053 1638 3112 1693 in
3141 1653 3274 1694 eum
3309 1637 3420 1710 sal,
3452 1643 3513 1696 et

1855 1723 1937 1778 ait
1965 1740 1979 1777 :
2010 1727 2142 1779 ΙΙωο
2171 1723 2314 1779 dicit
2346 1723 2627 1780 Dominus
2654 1741 2668 1779 :
2700 1725 2908 1780 Sanavi
2937 1742 3124 1798 aquas
3153 1725 3282 1796 bas,
3315 1732 3372 1784 et
3395 1745 3510 1784 non

1855 1813 1962 1868 erit
1985 1812 2214 1868 ultrain
2238 1814 2322 1868 eis
2354 1829 2535 1878 mors,
2569 1828 2759 1885 neque
2790 1813 3094 1870 sterilitas.
3125 1820 3350 1873 Satanas
3372 1821 3512 1873 sunt

1857 1919 1994 1974 ergo
2017 1919 2182 1974 aquae
2205 1918 2393 1974 usque
2415 1903 2485 1958 ad
2511 1902 2663 1957 diem
2681 1903 3274 1975 hanc,juxtaverbum
3301 1906 3510 1977 Elisisi,

1857 1993 2012 2062 quod
2049 1992 2280 2048 locutus
2310 1996 2420 2047 est.
2453 1992 2543 2062 (T.
2575 1992 2764 2063 CXV.)
2797 1995 3077 2049 Ascendit
3125 1999 3324 2051 autem
3375 1996 3511 2052 inde

1856 2080 2095 2136 Betti-El
2129 2099 2142 2135 :
2179 2097 2433 2152 cumque
2462 2082 2806 2137 ascenderet
2837 2098 2938 2153 per
2967 2084 3314 2157 viam,pueri
3347 2085 3511 2158 parvi

1855 2171 2076 2243 egressi
2109 2175 2251 2226 sunt
2281 2171 2351 2226 de
2381 2170 2640 2241 civitate,
2673 2179 2730 2226 et
2760 2171 3089 2227 illudebant
3120 2175 3195 2241 ei,
3226 2173 3510 2231 dicentes:

1854 2261 2138 2325 Ascende,
2171 2258 2365 2326 calve;
2398 2260 2670 2328 ascende,
2703 2259 2880 2316 calve.
2917 2261 3026 2324 Qui
3083 2278 3218 2318 cum
3271 2267 3405 2335 post
3451 2277 3514 2320 se

1856 2355 1979 2427 (ms.
2011 2358 2062 2405 et
2095 2350 2250 2417 Vulg.
2285 2357 2461 2413 tacent
2489 2352 2621 2418 post
2653 2350 2737 2420 se)
2770 2350 3147 2420 respexisset,
3196 2351 3345 2406 vidit
3389 2369 3513 2420 eos,

1859 2445 1915 2494 et
1945 2438 2244 2494 maledixit
2291 2437 2376 2493 eis
2419 2437 2476 2492 in
2546 2438 2784 2493 nomine
2831 2439 3066 2494 Domini
3119 2457 3132 2493 :
3177 2440 3519 2513 egressique

1860 2535 2000 2583 sunt
2016 2529 2132 2582 duo
2153 2527 2274 2583 ursi
2295 2529 2364 2582 de
2382 2527 2534 2582 saltu
2553 2532 2610 2582 et
2629 2527 3041 2584 laceraverunt
3059 2545 3127 2583 ex
3143 2529 3226 2584 eis
3245 2535 3521 2600 (ms.tacet

1861 2633 1930 2672 ex
1958 2616 2066 2682 eis)
2097 2614 2488 2687 quadraginta
2511 2616 2658 2670 duos
2680 2631 2893 2686 pueros
2915 2616 3332 2688 (b.parvulos.)
3361 2619 3522 2675 Abiit

1861 2711 2057 2762 autem
2089 2705 2226 2759 inde
2258 2704 2315 2758 in
2348 2710 2608 2760 montem
2641 2704 2915 2772 Carmeli,
2963 2711 3020 2760 et
3067 2705 3212 2762 inde
3247 2723 3518 2764 reversus

1862 2800 1951 2850 est
1979 2794 2328 2850 Samariam.

1937 2887 2011 2940 (Τ.
2041 2883 2236 2946 CXVI,
2267 2885 2401 2953 Cap.
2437 2882 2559 2952 III.)
2585 2881 2786 2937 Joram
2817 2898 2951 2938 vero
2995 2882 3155 2938 filius
3205 2883 3368 2939 Ahab
3419 2900 3516 2940 re-

1863 2973 2061 3044 gnavit
2089 2987 2268 3042 super
2298 2969 2474 3024 Israel
2507 2971 2565 3024 in
2597 2971 2861 3025 Samaria
2890 2987 3041 3026 anno
3064 2975 3266 3026 octavo
3289 2970 3518 3026 decimo

1862 3061 2142 3130 Josaphat
2174 3058 2328 3130 regis
2353 3059 2947 3131 JudaeBegnavitque
2977 3058 3287 3115 duodecim
3322 3060 3518 3115 annis.

1865 3151 1935 3205 Et
1958 3149 2092 3204 fecit
2115 3147 2333 3202 malum
2357 3163 2552 3202 coram
2582 3146 2823 3203 Domino
2848 3147 2996 3219 (b.in
3022 3148 3210 3203 oculis
3229 3149 3521 3219 Domini),

1867 3240 1968 3295 sed
2001 3254 2117 3293 non
2151 3239 2304 3292 sicut
2335 3241 2498 3308 pater
2526 3253 2674 3292 suus
2705 3243 2758 3292 et
2785 3237 3158 3293 materztulit
3205 3238 3363 3293 enim
3400 3241 3521 3294 sta-

1863 3333 1996 3384 tuas
2022 3327 2104 3398 (h.
2152 3325 2435 3393 titulum).
2489 3325 2648 3392 Baal,
2699 3343 2850 3398 quas
2891 3327 3108 3382 fecerat
3155 3332 3320 3398 pater
3369 3328 3522 3399 ejus.

1864 3418 2280 3473 Verumtamen
2318 3416 2376 3470 in
2409 3415 2662 3487 peccatis
2691 3416 3004 3472 Jeroboam
3028 3415 3132 3470 ﬁlii
3177 3416 3386 3488 Nabat,
3421 3415 3524 3490 qui

1868 3521 2107 3578 peccare
2139 3504 2272 3561 fecit
2304 3504 2500 3570 Israel,
2537 3504 2806 3573 adhaesit,
2842 3521 2951 3561 nec
3003 3507 3244 3562 recessit
3292 3507 3365 3561 ab
3414 3506 3524 3561 eis.

1870 3601 2047 3651 Porro
2079 3594 2271 3649 Messa
2302 3611 2402 3649 rex
2448 3595 2570 3664 (ms.
2623 3595 2803 3657 Mesa)
2855 3596 3021 3651 Moab
3071 3595 3372 3650 nutriebat
3419 3610 3519 3666 pe-

1871 3701 2006 3740 cora
2035 3683 2212 3738 multa
2241 3682 2320 3754 (h.
2354 3699 2469 3738 non
2506 3683 2717 3754 habet),
2751 3687 2808 3738 et
2857 3683 3119 3740 solvebat
3167 3684 3291 3755 regi
3342 3683 3520 3739 Israel

1871 3777 2104 3828 centum
2140 3771 2328 3826 millia
2356 3777 2730 3843 agnorum,et
2759 3777 2993 3828 centum
3028 3771 3215 3827 millia
3244 3772 3518 3840 arietum,

1872 3878 2005 3917 cum
2035 3861 2348 3916 velleribus
2369 3859 2784 3930 suis.Cumque
2807 3865 3074 3918 mortuus
3097 3860 3304 3916 fuisset
3325 3861 3514 3928 Abab,

1873 3951 2287 4023 praevaricatus
2317 3953 2406 4004 est
2438 3950 2644 4011 foedus,
2695 3950 2850 4021 quod
2897 3949 3152 4005 habebat
3199 3966 3332 4006 cum
3383 3965 3518 4021 rege

1873 4038 2053 4096 Israel
2081 4039 2164 4109 (h.
2200 4038 2610 4110 praevaricatus
2635 4043 2724 4094 est
2745 4055 2840 4094 rex
2865 4041 3028 4094 Moab
3050 4039 3109 4093 in
3133 4055 3265 4112 rege
3288 4038 3511 4111 Israel).

1874 4131 2160 4200 Egressus
2191 4128 2372 4198 igitur
2397 4144 2494 4182 rex
2523 4127 2724 4183 Joram
2755 4127 2814 4182 in
2849 4128 2941 4182 die
2971 4126 3073 4183 illa
3113 4129 3185 4184 de
3230 4129 3513 4198 Samaria,

1876 4217 2170 4274 recensuit
2197 4218 2217 4251 ⁸
2249 4217 2586 4272 universum
2621 4216 2816 4273 Israel.
2850 4218 2936 4288 (T.
2969 4216 3210 4289 CXVII.)
3243 4217 3518 4289 Misitque

1876 4309 1945 4362 ad
1976 4305 2262 4376 Josaphat
2292 4321 2486 4376 regem
2511 4307 2539 4361 J
2552 4306 2686 4372 uda,
2718 4306 2919 4362 dicens
2953 4325 2966 4363 :
3001 4307 3118 4362 Rex
3144 4307 3308 4362 Moab
3341 4322 3502 4362 reoes

1877 4397 1956 4453 sit
1984 4413 2017 4452 a
2049 4411 2161 4464 me,
2192 4395 2323 4450 veni
2358 4411 2587 4450 mecum
2620 4395 2704 4466 (h.
2727 4396 3000 4451 veniesne
3033 4397 3290 4466 mecum)
3321 4400 3526 4451 contra

1878 4502 2012 4542 eum
2071 4485 2142 4539 ad
2176 4483 2464 4556 praelium.
2499 4484 2606 4549 Qui
2638 4484 2942 4555 respondit
2973 4501 2988 4540 :
3019 4486 3344 4540 Ascendam
3375 4502 3389 4540 :
3425 4484 3529 4556 qui

120 4567 830 4645 Eliseum.(T.CXIII.)Et
864 4571 1164 4626 venientes
1185 4571 1243 4626 in
1276 4588 1581 4626 occursum
1616 4575 1768 4642 ejus,
1799 4564 1846 4628 D
1884 4591 2048 4630 meus
2079 4577 2188 4644 est,
2222 4579 2360 4628 tuus
2389 4578 2478 4627 est
2512 4590 2523 4627 :
2561 4573 2813 4644 populus
2845 4589 3033 4639 meus,
3069 4573 3324 4645 populus
3349 4579 3527 4630 tuus:

120 4659 508 4718 adoraverunt
531 4677 672 4716 eum
694 4659 861 4733 proni
882 4659 942 4715 in
964 4664 1205 4725 terram,
1227 4660 1616 4732 dixeruntque
1647 4663 1770 4718 illi:

123 4745 418 4816 Ecce,cum
455 4750 652 4807 servis
681 4750 800 4805 tuis
830 4753 970 4804 sunt
991 4749 1425 4822 quinquaginta
1446 4750 1551 4805 viri
1578 4752 1776 4816 fortes,

119 4837 206 4907 qui
238 4841 484 4911 possint
518 4840 629 4907 ire,
661 4843 721 4894 et
744 4854 1000 4908 quaerere
1038 4842 1164 4906 (ms.
1197 4846 1248 4893 et
1280 4838 1433 4907 Vulg.
1467 4840 1778 4908 requirere)

120 4925 420 4984 dominum
436 4929 928 4998 tuum(h.eantet
962 4944 1088 4999 qua
1112 4927 1558 4983 rentdominum
1575 4930 1782 5001 tuum),

185 5093 203 5126 ¹
234 5090 584 5176 Veronens.
617 5106 755 5161 ms.,
795 5089 1074 5146 Steterunt
1119 5091 1310 5144 contra
1355 5105 1385 5144 ε
1436 5089 1616 5161 longe,
1670 5090 1788 5147 fere

127 5175 500 5218 CODCIDDIUS.

187 5245 207 5278 ³
237 5244 405 5300 Idem
444 5259 570 5298 ms.
596 5243 758 5298 tollor
789 5259 806 5297 :
841 5241 939 5314 qui
969 5246 1026 5298 et
1057 5259 1194 5297 mox
1223 5243 1622 5313 praetermittit
1660 5244 1786 5299 tibi.

186 5323 209 5356 ⁸
237 5325 450 5378 Canon
486 5338 679 5393 purus
709 5327 798 5376 est
832 5325 938 5377 hoc
967 5322 1112 5392 loco,
1149 5325 1206 5377 et
1233 5338 1340 5377 suo
1375 5322 1518 5377 fonti
1573 5323 1792 5379 directe

128 5396 473 5468 respondet.
510 5393 716 5468 Castori
750 5409 893 5468 mss.
924 5409 1057 5468 cum
1088 5393 1267 5448 editis
1298 5394 1523 5449 addunt
1571 5394 1694 5468 haac
1722 5399 1794 5468 et

128 5465 232 5538 non
257 5476 396 5522 sunt
425 5465 660 5538 divisae,
711 5465 868 5538 quod
917 5465 1390 5520 additamentum
1443 5465 1794 5538 marginalia

129 5537 327 5594 obelus
364 5536 698 5594 renuntiat.
736 5537 916 5591 MART.

188 5641 256 5650 —
303 5610 416 5665 Hic
483 5623 727 5678 quoque
790 5609 845 5663 ei
906 5611 1058 5663 tacet
1122 5605 1443 5663 Veronens.
1499 5624 1610 5662 ms.
1667 5608 1798 5664 Mox

130 5676 365 5752 Vulgati
397 5676 552 5753 plu—3
587 5676 818 5750 habent,
848 5680 1130 5750 percussit
1166 5694 1365 5751 aquas,
1413 5683 1464 5735 et
1511 5695 1619 5736 non
1667 5689 1798 5737 sunt

462 5799 736 5861 Panos.
781 5793 1048 5859 XXVIII.

1889 4663 2022 4736 equi
2054 4664 2189 4729 mei,
2223 4661 2358 4732 equi
2389 4662 2473 4716 tui
2508 4661 2586 4730 (h.
2619 4662 2785 4716 Sicut
2814 4678 2921 4733 ego
2953 4679 3107 4732 sum,
3142 4663 3223 4718 ita
3251 4667 3305 4719 et
3340 4667 3427 4727 tu,
3477 4669 3534 4718 et

1889 4754 2044 4809 sicut
2073 4751 2327 4823 populus
2361 4767 2550 4815 meus,
2583 4751 2668 4806 ita
2697 4755 2754 4807 et
2785 4751 3040 4822 populus
3072 4757 3233 4820 tuus,
3279 4760 3333 4808 et
3381 4752 3538 4808 sicut

1892 4842 2025 4914 equi
2050 4840 2271 4906 mei,ita
2291 4843 2348 4894 et
2371 4839 2508 4909 equi
2535 4840 2664 4910 tui).
2702 4839 2968 4911 Dixitque
2999 4856 3012 4894 :
3050 4845 3150 4896 Per
3178 4857 3350 4912 quam
3382 4840 3538 4897 viam

1894 4929 2325 4988 ascendemus?
2375 4932 2446 4983 At
2496 4927 2596 4984 ille
2661 4929 2965 5001 respondit
3011 4945 3025 4983 :
3076 4933 3186 4986 Per
3241 4931 3540 4987 desertum

1897 5091 2110 5158 divisae,
2141 5091 2194 5142 et
2223 5087 2390 5160 dixit,
2426 5091 2534 5160 etc.
2559 5087 2821 5160 Denique
2852 5088 3006 5144 idem
3039 5101 3249 5144 nomen
3281 5086 3547 5160 Dominus

1899 5157 2220 5227 tacet,Cum
2249 5159 2518 5231 Vulgatis
2547 5157 2876 5228 Grmei'sque
2904 5160 3326 5216 vetustioribus
3356 5157 3545 5213 libris.

1975 5236 1994 5270 ‘
2019 5233 2161 5289 Cod.
2181 5235 2531 5301 Veronens.,
2552 5231 2725 5287 nolite
2749 5231 2854 5302 ire,
2887 5234 3102 5288 rectius
3133 5232 3205 5287 ad
3237 5231 3546 5285 Hebraeum

1903 5306 2172 5388 ὩΒΠ-θκ,
2205 5324 2262 5374 et
2291 5319 2604 5391 plerosque
2635 5318 2901 5390 aliosque
2933 5324 3146 5375 textus.

1975 5395 1997 5428 ⁸
2028 5394 2188 5448 Idem
2235 5390 2371 5460 ms.,
2416 5397 2466 5447 et
2513 5393 2750 5462 steriles,
2803 5408 2937 5447 voce
2979 5390 3328 5446 intermedia
3377 5397 3548 5462 terra,

1907 5464 2008 5537 qui
2040 5459 2393 5537 manifestus
2424 5459 2753 5534 Antiquarii
2784 5479 2947 5537 error
2975 5467 3082 5528 est,
3135 5459 3552 5531 pratermissa.

1976 5537 1997 5570 ⁶
2047 5536 2204 5590 Idem
2260 5552 2370 5589 ms.
2418 5537 2675 5604 Egressus
2716 5538 2794 5590 est
2847 5533 3062 5605 igitur.
3101 5573 3114 5585 .
3153 5573 3165 5587 .
3197 5539 3250 5588 et
3282 5541 3552 5605 (eceusut.

1908 5608 1978 5664 Et
2010 5621 2144 5679 mox
2172 5609 2364 5661 contra
2395 5601 2558 5662 Moab
2590 5622 2694 5679 pro
2724 5601 2914 5661 contra
2942 5621 3066 5660 eum
3113 5619 3246 5659 cum
3293 5601 3558 5676 Vulgatis

1913 5683 1972 5736 et
1999 5678 2241 5734 Hebraeo
2272 5681 2454 5734 textu.

3165 5799 3243 5861 25
