3938 6174
408 297 516 351 779

1463 300 1523 352 S.
1564 299 1972 353 HIERONYMI
2009 299 2262 353 DIVINA
2299 298 2794 355 BIBLIOTHECA.
3651 307 3732 365 780

406 420 760 493 Idumeas(b.
793 434 896 491 per
916 419 1065 474 viam
1092 419 1305 476 deserti
1330 421 1621 493 Idumeaa).
1654 422 1740 491 (T.
1778 422 2051 493 CXVIII.)
2084 426 2137 490 Α
2173 421 2377 478 ﬁctiles
2431 428 2825 492 remanerent,
2868 428 2926 480 et
2976 424 3333 481 circumdata
3385 430 3468 482 est
3514 428 3679 487 civitas
3715 452 3740 489 ι

406 512 786 567 Perrexerunt
817 508 996 580 igitur
1026 525 1125 565 rex
1156 508 1357 579 Israel,
1393 514 1450 565 et
1481 527 1579 566 rex
1628 511 1806 576 Juda,
1852 517 1911 567 et
1957 528 2055 566 rex

402 602 603 669 Edom,
637 604 693 654 et
737 597 1161 653 circumierunt
1210 616 1312 670 per
1360 599 1442 669 (h.
1493 616 1605 655 non
1656 600 1846 672 habet)
1895 601 2051 655 viam

399 695 621 760 septem
654 687 905 755 dierum,
929 703 1035 743 nec
1067 692 1192 743 erat
1224 705 1379 760 aqua
1409 690 1713 760 exercitui,
1741 696 1799 745 et
1819 693 2053 761 jumen-

396 778 473 833 tis
521 794 648 848 qua:
698 777 1103 847 sequebantur
1153 792 1251 832 eos
1305 778 1387 848 (h.
1449 779 1667 849 quibus
1721 780 2051 847 sedebant),

398 866 673 938 Dixitque
703 882 799 921 rex
834 865 1010 921 Israel
1048 881 1061 921 :
1100 865 1254 921 Eheu
1290 865 1339 920 ‘l
1376 871 1754 939 congregavit
1784 886 1890 925 nos
1942 868 2057 925 De-

402 955 601 1011 minus
630 956 711 1027 (h.
745 955 938 1011 Eheu!
970 955 1247 1026 quoniam
1302 957 1529 1012 vacavit
1576 957 1887 1031 Dominus)
1939 963 2057 1015 tres

403 1062 589 1118 rcges,
620 1050 686 1101 ut
713 1045 971 1101 traderet
997 1045 1053 1099 in
1089 1061 1269 1101 manu
1305 1044 1495 1102 Moab.
1525 1046 1591 1101 Et
1623 1047 1703 1102 ait
1732 1048 2054 1120 Josepbat:

403 1136 580 1191 Estne
609 1134 704 1189 hic
736 1134 1019 1206 propheta
1049 1134 1305 1205 Domini,
1338 1140 1404 1191 ut
1433 1136 1814 1207 deprecemur
1857 1138 1938 1207 (h.
1996 1142 2059 1193 ut

403 1223 805 1294 consulamus)
834 1223 1140 1278 Dominum
1167 1239 1270 1295 per
1290 1224 1456 1279 eum?
1483 1225 1553 1279 Et
1576 1226 1879 1297 respondit
1902 1244 2058 1284 unus

402 1315 474 1368 de
500 1311 683 1369 servis
716 1312 868 1383 regis
918 1311 1093 1367 Israel
1131 1329 1143 1366 :
1181 1311 1279 1367 Est
1325 1313 1420 1368 hic
1464 1313 1706 1369 Eliszeus
1754 1315 1913 1371 ﬁlius
1958 1316 2059 1372 Sa-

403 1401 566 1473 phat,
601 1401 701 1473 qui
734 1400 1017 1455 fundebat
1048 1400 1104 1471 (h
1167 1401 1339 1473 fudit)
1372 1418 1587 1474 aquam
1622 1421 1800 1476 super
1844 1422 2058 1461 manus

401 1490 553 1545 Elite.
580 1490 643 1544 Et
667 1490 746 1545 ait
766 1488 1051 1561 Josaphat
1078 1507 1091 1544 :
1128 1490 1227 1544 Est
1249 1492 1399 1561 apud
1429 1507 1560 1547 eum
1586 1509 1779 1549 sermo
1805 1494 2058 1551 Domini.

402 1578 826 1649 Descenditque
858 1580 929 1632 ad
962 1596 1094 1633 eum
1132 1595 1226 1634 rex
1259 1580 1461 1648 Israel,
1496 1586 1552 1636 et
1580 1582 1865 1653 Josaphat
1911 1584 1955 1651 ³,
2005 1587 2061 1640 et

402 1685 500 1725 rex
530 1669 731 1723 Edom.
766 1667 923 1723 Dixit
954 1673 1147 1723 autem
1180 1668 1425 1725 Elisaeus
1454 1671 1525 1725 ad
1560 1687 1755 1743 regem
1810 1672 1992 1728 Israel
2039 1690 2052 1728 :

402 1759 550 1824 Quid
584 1757 730 1812 mihi
762 1767 817 1812 et
848 1758 949 1812 tibi
983 1757 1100 1813 est?
1123 1760 1264 1813 vade
1298 1760 1370 1814 ad
1407 1760 1719 1832 prophetas
1752 1763 1937 1833 patris
1969 1762 2056 1818 tui

406 1855 463 1905 et
493 1850 701 1904 matris
734 1853 868 1906 tum.
908 1850 979 1904 Et
1009 1848 1092 1903 ait
1121 1848 1205 1903 illi
1238 1866 1335 1904 rex
1382 1850 1557 1905 Israel
1610 1868 1622 1907 :
1678 1854 1868 1917 Quare
1921 1869 2058 1907 con-

408 1939 667 2011 gregavit
695 1938 982 1993 Dominus
1016 1942 1135 1994 tres
1168 1954 1332 2010 reges
1364 1939 1577 2006 hos,ut
1606 1942 1933 1997 tradederet
1962 1958 2061 1997 eos

409 2030 467 2084 in
500 2044 715 2084 manus
743 2028 866 2099 (ms.
903 2028 1105 2098 manu)
1138 2028 1339 2083 Moab?
1371 2028 1644 2102 Dixitque
1677 2031 1749 2086 ad
1781 2048 1915 2086 eum
1949 2032 2063 2086 Eli-

411 2117 749 2174 saaus:Vivit
779 2117 1073 2172 Dominus
1105 2118 1490 2188 exercituum,
1525 2119 1583 2174 in
1616 2122 1788 2190 cujus
1819 2137 2067 2193 conspe-

410 2213 505 2263 ctu
539 2211 627 2262 sto
658 2206 739 2279 (h.
788 2206 967 2277 steti),
1020 2206 1174 2277 quod
1224 2207 1273 2261 si
1330 2224 1446 2263 non
1498 2208 1725 2263 vultum
1777 2209 2068 2280 Josaphat

410 2296 561 2367 regis
589 2297 753 2351 Judae
786 2296 1218 2363 erubescerem,
1253 2313 1369 2351 non
1404 2298 1787 2353 attendissem
1822 2299 2064 2370 quidem

410 2390 486 2451 te,
519 2401 624 2440 nec
669 2384 1081 2455 respexissem.
1134 2384 1301 2439 Nunc
1351 2390 1546 2441 autem
1600 2387 1876 2443 adducite
1924 2388 2071 2453 mihi

415 2473 666 2546 psalten.
698 2477 963 2543 Cumque
995 2477 1230 2529 caneret
1258 2474 1500 2544 psaltes,
1553 2476 1705 2531 facta
1757 2480 1847 2532 est
1896 2493 2076 2549 super

415 2580 550 2620 eum
584 2580 795 2618 manus
826 2561 1077 2631 Domini,
1112 2567 1167 2618 ct
1195 2564 1277 2618 ait
1309 2580 1321 2618 :
1356 2563 1487 2620 Haec
1519 2564 1660 2621 dicit
1716 2565 1999 2623 Dominus
2057 2582 2069 2621 :

424 2653 619 2708 Facite
650 2651 878 2708 alveum
909 2651 1188 2708 torrentis
1218 2652 1400 2724 hujus
1434 2653 1510 2721 (h.
1548 2654 1737 2710 Facite
1782 2663 2076 2711 torrentem

428 2743 594 2810 hunc)
626 2742 815 2797 fossas
847 2750 901 2797 et
948 2740 1027 2805 (h.
1079 2757 1191 2797 non
1242 2741 1401 2797 habet
1450 2743 1685 2815 fossas).
1737 2743 1869 2799 Haec
1917 2744 2075 2799 enim

429 2832 573 2887 dicit
602 2831 885 2887 Dominus
920 2847 934 2885 :
968 2831 1093 2886 Non
1124 2830 1401 2886 videbitis
1434 2836 1695 2899 ventum,
1730 2849 1917 2903 neque
1947 2832 2077 2903 plu-

433 2922 610 2990 viam,
639 2926 697 2977 et
728 2920 926 2976 alveus
955 2920 1037 2991 (h.
1070 2922 1323 2990 torrens)
1356 2921 1464 2977 iste
1512 2921 1835 2993 replebitur
1885 2921 2074 2993 aquis,

433 3015 491 3068 et
519 3010 731 3066 bibetis
760 3015 946 3075 vos,et
971 3008 1203 3065 familiae
1233 3014 1458 3079 vestrae,
1490 3014 1547 3066 et
1570 3013 1837 3081 jumenta
1865 3016 2077 3067 vestra.

434 3100 769 3169 Parumque
800 3099 906 3154 hoc
940 3098 1022 3169 (h.
1055 3103 1112 3154 et
1143 3100 1279 3167 leve)
1311 3100 1485 3155 estin
1515 3106 1830 3173 conspectu
1882 3100 1961 3168 (h.
2017 3100 2076 3155 in

2166 511 2608 579 fundibulariis,
2640 521 2697 569 et
2745 530 2957 587 magna
2980 530 3048 570 ex
3091 518 3254 586 parte
3302 532 3572 587 percussa.
3616 520 3740 583 Quod

2168 618 2301 657 cum
2326 602 2570 657 vidisset
2592 618 2692 658 rex
2712 602 2905 670 Moab,
2942 602 3315 675 praevaluisse
3339 604 3545 661 scilicet
3564 606 3742 680 hostes,

2166 690 2308 745 tulit
2334 707 2532 746 secum
2568 691 2976 764 septingentos
3006 692 3161 747 viros
3192 693 3489 749 cducentes
3515 694 3742 768 gladium,

2167 784 2235 834 ut
2264 780 2660 853 irrumperent
2689 781 2815 852 (ms.
2852 782 3238 853 inrumperet)
3264 782 3333 837 ad
3361 798 3538 854 regem
3585 786 3743 852 Edom,

2167 874 2223 924 et
2248 885 2363 925 non
2387 874 2728 943 potuerunt.
2751 871 3166 944 Arripiensque
3188 870 3369 927 filium
3392 888 3549 927 suum
3572 873 3748 946 primo-

2165 960 2456 1032 genitum,
2485 960 2585 1032 qui
2619 964 2972 1033 regnaturus
3002 965 3126 1017 erat
3155 978 3255 1032 pro
3286 977 3370 1028 eo,
3404 961 3593 1017 obtulit
3628 962 3749 1019 holo-

2168 1052 2440 1105 caustum
2472 1066 2649 1121 super
2680 1055 3007 1117 murum,et
3038 1051 3190 1106 facta
3218 1054 3307 1106 est
3334 1050 3633 1123 indignatio
3659 1068 3751 1107 ma-

2169 1154 2284 1211 gna
2340 1138 2400 1194 in
2453 1138 2653 1210 Israel,
2705 1139 3024 1212 statimque
3079 1144 3447 1195 recesserunt
3498 1141 3563 1194 ab
3604 1157 3677 1206 eo,
3710 1146 3749 1197 et

2170 1228 2386 1286 reversi
2418 1234 2558 1284 sunt
2587 1228 2646 1284 in
2678 1233 2894 1285 terram
2921 1246 3082 1285 suam
3112 1229 3196 1299 (h.
3230 1245 3345 1285 non
3377 1229 3579 1297 habet).

2239 1317 2394 1389 (Cap.
2436 1317 2557 1389 IV.)
2605 1317 2814 1374 Mulier
2864 1322 3058 1374 autem
3109 1319 3373 1389 quaedam
3421 1318 3489 1373 de
3528 1318 3755 1373 uxoribus

2170 1406 2593 1478 prophetarum
2623 1406 2918 1463 clamabat
2948 1408 3021 1464 ad
3054 1407 3545 1475 Elisaeum,dicens
3567 1412 3759 1464 :Servus

2169 1501 2309 1550 tuus
2341 1495 2430 1549 vir
2460 1512 2629 1551 meus
2661 1500 2932 1551 mortuus
2967 1500 3137 1565 est,et
3167 1500 3228 1551 tu
3262 1496 3416 1551 nosti
3448 1496 3574 1567 quia
3601 1511 3757 1550 servus

2168 1590 2309 1641 tuus
2343 1585 2452 1640 fuit
2481 1585 2698 1641 timens
2728 1585 3076 1655 Dominum,
3103 1591 3161 1641 et
3190 1601 3321 1640 ecce
3351 1584 3586 1641 creditor
3623 1583 3758 1651 venit,

2172 1680 2237 1730 ut
2268 1674 2439 1731 tollat
2468 1676 2616 1731 duos
2644 1674 2797 1731 filios
2830 1692 2992 1732 meos
3024 1676 3095 1731 ad
3128 1675 3496 1731 serviendum
3523 1674 3642 1730 sibi.
3682 1672 3760 1729 Cui

2172 1764 2317 1819 dixit
2346 1763 2587 1820 Elisasus
2622 1780 2635 1818 :
2669 1764 2819 1830 Quid
2851 1764 2939 1820 vis
2971 1768 3033 1820 ut
3064 1764 3277 1820 faciam
3305 1764 3452 1819 tibi?
3497 1763 3590 1817 Dic
3629 1762 3759 1828 mihi,

2173 1854 2314 1925 quid
2348 1854 2527 1909 habes
2560 1854 2619 1908 in
2652 1854 2828 1909 domo
2860 1854 3004 1909 tua?
3034 1856 3107 1909 At
3138 1853 3243 1909 illa
3289 1852 3579 1925 respondit
3621 1869 3632 1907 :
3674 1850 3766 1905 Non

2170 1942 2356 1998 habeo
2390 1941 2603 1998 ancilla
2634 1947 2734 1998 tua
2761 1942 3084 2014 quidquam
3118 1943 3176 1998 in
3209 1943 3386 1998 domo
3417 1938 3672 2008 mea,nisi
3696 1954 3770 2010 pa-

2171 2048 2301 2088 rum
2335 2030 2444 2087 olei
2476 2031 2559 2102 (h.
2586 2031 2699 2086 nisi
2734 2033 2976 2103 Iecythus
3004 2031 3147 2103 olei)
3174 2047 3296 2103 quo
3329 2047 3529 2103 ungar.
3553 2027 3773 2099 (T.CXX.)

2173 2121 2275 2176 Cui
2302 2121 2378 2176 ait
2405 2139 2417 2176 :
2444 2121 2600 2176 Vade
2632 2125 2690 2177 et
2713 2130 2843 2191 (ms.
2868 2130 2918 2178 et
2955 2122 3107 2193 Vulg.
3138 2124 3330 2177 tacent
3359 2124 3435 2189 et)
3467 2124 3587 2191 pete
3612 2120 3775 2172 mutuo

2176 2210 2248 2265 ab
2281 2208 2560 2264 omnibus
2591 2209 2801 2265 vicinis
2830 2210 2950 2266 tuis
2984 2227 3121 2266 vasa
3150 2226 3341 2265 vacua
3376 2226 3488 2265 non
3520 2223 3697 2279 pauca.
3730 2208 3779 2258 Et

2177 2298 2574 2371 ingredere,et
2595 2298 2802 2354 claude
2833 2300 3052 2356 ostium
3076 2303 3253 2355 tuum
3279 2300 3463 2368 ';cum
3485 2297 3780 2352 intrinsecus

2179 2387 2365 2443 fueris
2396 2393 2481 2457 tu,
2517 2392 2575 2443 et
2604 2387 2711 2443 filii
2743 2388 2853 2455 tui,
2884 2393 2941 2444 et
2972 2388 3141 2444 mitte
3166 2387 3311 2444 inde
3351 2388 3409 2442 in
3458 2384 3638 2442 omnia
3676 2398 3784 2438 vasa

2180 2476 2398 2542 haec,et
2417 2492 2548 2531 cum
2574 2475 2745 2548 plena
2768 2475 3006 2544 fuerint,
3028 2475 3223 2532 tolles.
3260 2476 3368 2532 Ivit
3389 2476 3575 2546 itaque
3600 2471 3784 2532 mulier,

2182 2570 2240 2621 et
2269 2564 2483 2621 clausit
2513 2565 2727 2621 ostium
2760 2582 2939 2639 super
2968 2582 3031 2621 se
3062 2568 3116 2620 et
3149 2582 3335 2638 super
3365 2564 3515 2620 filios
3542 2578 3665 2619 suos
3691 2557 3784 2616 :illi

2185 2654 2506 2710 offerebant
2535 2672 2692 2726 vasa,
2725 2658 2783 2711 et
2812 2653 2915 2710 illa
2939 2654 3316 2711 infundebat.
3359 2659 3612 2725 Cumque
3652 2649 3784 2721 plene

2185 2743 2437 2799 fuissent
2465 2760 2623 2813 vasa,
2657 2744 2807 2799 dixit
2833 2744 2905 2799 ad
2939 2743 3127 2799 filium
3157 2761 3339 2800 suum
3359 2744 3536 2798 :Aﬁ'er
3564 2738 3685 2796 mihi
3711 2736 3786 2792 ad-

2185 2832 2301 2887 huc
2330 2848 2451 2886 vas.
2485 2836 2549 2886 Et
2576 2830 2674 2888 ille
2719 2833 3021 2904 respondit
3072 2849 3086 2888 :
3136 2832 3266 2889 Non
3324 2832 3524 2888 habeo.
3553 2829 3784 2897 Stetitque

2186 2918 2401 2975 oleum.
2433 2919 2606 2975 Venit
2632 2925 2826 2976 autem
2873 2920 2993 2990 illa,
3042 2925 3099 2977 et
3153 2920 3441 2977 iudicavit
3485 2915 3688 2975 homini
3724 2913 3787 2981 (h.

2186 3009 2338 3078 viro)
2368 3008 2490 3065 Dei.
2524 3014 2591 3064 Et
2618 3008 2737 3080 ille,
2770 3009 2950 3077 Vade,
2981 3009 3177 3082 inquit
3205 3012 3334 3083 (ms.
3370 3009 3499 3065 add.
3527 3011 3619 3077 et),
3644 3001 3787 3060 vende

2186 3098 2402 3170 oleum,
2436 3103 2493 3154 et
2524 3098 2699 3154 redde
2727 3099 2997 3155 creditori
3028 3105 3129 3155 tuo
3183 3119 3196 3156 :
3255 3106 3319 3156 tu
3371 3108 3584 3165 autem,
3630 3099 3677 3151 et
3713 3090 3791 3146 tilii

431 3190 634 3260 oculis)
656 3188 1156 3260 Domini,insuper
1175 3190 1368 3244 tradet
1387 3189 1561 3245 etiam
1587 3172 1757 3246 Moab
1777 3190 1835 3245 in
1862 3206 2075 3245 manus
2105 3172 2146 3238 Ο
2186 3187 2272 3242 tui
2304 3187 2475 3243 vivite
2506 3188 2578 3243 de
2606 3187 2851 3259 reliquo.
2885 3188 2971 3259 (T.
3025 3188 3249 3261 CXXI.)
3299 3190 3473 3245 Facta
3517 3191 3600 3242 est
3641 3187 3788 3239 autem

424 3287 647 3334 vestras
678 3281 802 3347 (ms.
840 3294 1014 3333 manu
1053 3278 1290 3350 vestra).
1339 3280 1408 3333 Et
1453 3280 1790 3350 percutietis
1836 3296 2072 3336 omnem

2184 3276 2451 3348 quendam
2483 3276 2631 3341 dies,
2664 3281 2721 3332 et
2772 3278 3058 3332 transibat
3112 3278 3366 3334 Elisasus
3414 3294 3515 3349 per
3559 3280 3788 3330 Senam:

424 3368 716 3425 civitatem
751 3367 1065 3433 munitam,
1097 3372 1154 3422 et
1182 3384 1417 3423 omnem
1451 3369 1655 3423 urbem
1702 3368 1966 3437 electam,
2019 3374 2076 3427 et
2181 3370 2305 3421 erat
2336 3369 2531 3422 autem
2564 3366 2644 3421 ibi
2679 3366 2891 3422 mulier
2922 3382 3156 3439 magna,
3188 3385 3323 3440 quas
3353 3366 3543 3423 tenuit
3570 3379 3705 3429 eum,
3742 3361 3789 3413 ut

423 3458 762 3513 universum
797 3456 1023 3528 lignum
1057 3457 1422 3512 fructiferum
1455 3458 2071 3529 succidetis,eunctos-

420 3563 534 3617 que
562 3547 750 3601 fontes
777 3562 1066 3617 aquarum
1097 3546 1474 3615 obturabitis,
1503 3553 1561 3602 et
1590 3564 1826 3604 omnem
1858 3565 2065 3621 agrum

418 3635 717 3707 egregium
752 3633 1028 3706 operietis
1057 3634 1375 3707 lapidibus.
1420 3636 1504 3707 (T.
1557 3636 1770 3709 CXIX.)
1825 3638 2066 3693 Factum

417 3725 719 3798 estigitur
748 3740 941 3791 mane,
975 3725 1211 3795 quando
1262 3726 1617 3781 sacrificium
1660 3728 1847 3783 offerri
1894 3727 2065 3793 solet,

416 3819 473 3870 et
503 3830 633 3871 ecce
665 3831 827 3885 aqua:
858 3814 1169 3869 veniebant
1199 3831 1300 3886 per
1329 3816 1480 3870 viam
1515 3816 1719 3885 Edom,
1754 3822 1811 3872 et
1844 3817 2067 3888 repleta

415 3912 504 3961 est
532 3909 686 3959 terra
718 3903 910 3974 aquis.
944 3902 1205 3958 Universi
1234 3908 1430 3959 autem
1465 3904 2065 3972 Moabitae,audientes

417 3994 573 4065 quod
604 3993 1010 4049 ascendissent
1040 4008 1226 4063 reges,
1262 4001 1324 4048 ut
1373 3998 1704 4065 pugnarent
1754 3994 2062 4050 adversum

414 4099 535 4151 eos,
568 4086 1035 4137 convocaverunt
1056 4097 1263 4138 omnes
1285 4080 1384 4154 qui
1407 4082 1649 4139 accincti
1682 4087 1849 4138 erant
1871 4082 2062 4139 balteo

412 4172 683 4243 desuper,
714 4174 770 4225 et
802 4174 1091 4225 steterunt
1118 4169 1179 4225 in
1210 4170 1502 4226 terminis.
1537 4171 1850 4242 Primoque
1890 4187 2062 4228 mane

410 4268 737 4333 surgentes,
769 4263 825 4315 et
855 4264 981 4315 orto
1005 4260 1129 4331 jam
1173 4259 1293 4315 sole
1342 4275 1410 4315 ex
1458 4260 1700 4316 adverso
1747 4277 2060 4332 aquarum,

406 4350 677 4404 viderunt
698 4347 963 4404 Moabitae
987 4364 1016 4403 e
1039 4352 1240 4404 contra
1270 4365 1455 4420 aquas
1486 4348 1696 4404 rubras
1729 4350 1897 4421 quasi
1932 4368 2063 4406 san-

403 4438 1065 4510 guinem,dixeruntque
1090 4453 1103 4492 :
1126 4437 1377 4508 Sanguis
1410 4442 1498 4493 est
1528 4437 1734 4510 gladii,
1760 4454 2057 4510 pugnave-

399 4532 540 4582 runt
573 4543 737 4599 reges
767 4530 960 4582 contra
989 4542 1046 4582 se
1075 4526 1158 4597 (h.
1210 4542 1327 4581 non
1373 4526 1570 4599 habet)
1622 4530 1679 4582 et
1730 4527 1861 4583 cassi
1918 4533 2058 4584 sunt
2089 4548 2133 4613 Ι)

402 4620 630 4683 mutuo,
655 4632 810 4671 nunc
842 4632 1014 4687 perge
1047 4616 1117 4671 ad
1152 4616 1431 4687 predum,
1453 4616 2056 4673 Moab.Perrexerunt-

401 4722 515 4776 que
545 4706 602 4760 in
628 4709 821 4760 castra
852 4705 1034 4760 Israel
1061 4722 1074 4759 :
1110 4720 1281 4775 porro
1314 4720 1684 4777 cunsurgens
1716 4705 1891 4761 Israel
1924 4723 2055 4778 per-

399 4795 585 4850 cussit
613 4793 783 4849 Moab
818 4810 830 4847 :
862 4801 918 4848 at
949 4794 1073 4864 (ms.
1108 4793 1187 4863 et)
1239 4792 1321 4847 illi
1375 4797 1654 4865 fugerunt
1704 4810 1899 4849 coram
1948 4795 2053 4851 eis.

398 4883 697 4939 Venerunt
716 4882 897 4954 igitur
921 4882 1020 4954 qui
1042 4882 1322 4950 vicerant,
1340 4886 1397 4937 et
1419 4888 1839 4953 percusserunt
1861 4884 2053 4957 Moab,

397 4976 453 5028 et
485 4973 747 5028 civitates
780 4973 1221 5039 destruxerunt,
1259 4976 1315 5026 et
1355 4988 1592 5027 omnem
1644 4988 1851 5045 agrum
1902 4974 2054 5044 opti-

397 5078 583 5133 mum,
630 5061 929 5117 mittentes
977 5059 1198 5132 singuli
1250 5060 1501 5132 lapides,
1552 5061 1944 5131 repleverunt,
1997 5067 2054 5118 et

396 5150 704 5208 universos
736 5151 926 5205 fontes
954 5164 1238 5218 aquarum
1272 5150 1715 5216 obturaverunt,
1748 5154 1805 5205 et
1851 5151 2052 5207 omnia

392 5239 553 5314 ligna
585 5240 880 5296 fructifera
913 5238 1313 5309 succiderunt,
1363 5237 1446 5293 ita
1494 5242 1561 5293 ut
1609 5238 1764 5294 muri
1812 5242 2047 5296 tantum

460 5423 475 5456 ¹
530 5422 637 5475 Hic
686 5434 921 5492 quoque
954 5420 1049 5492 ter
1096 5419 1268 5492 Eheu,
1321 5434 1459 5473 cum
1507 5416 1776 5489 Vulgatis
1835 5418 2046 5491 repetit

386 5489 851 5549 Veronensfms.
886 5490 1085 5545 minus
1120 5489 1288 5544 bene.

458 5566 478 5599 ²
509 5564 750 5642 Addunt
780 5562 1148 5642 Vulgatirea:
1176 5560 1500 5642 Juda,_qum
1527 5560 1704 5642 verba
1750 5562 1929 5619 Hebr.
1985 5566 2045 5620 et

385 5635 851 5707 Hierenymiants
882 5633 1169 5691 versionis
1199 5648 1311 5689 ms.
1346 5633 1640 5705 ignorant.

2181 3456 2509 3511 comederet
2536 3471 2770 3528 panem,
2804 3472 3057 3528 cumque
3086 3457 3433 3529 frequenter
3460 3456 3591 3511 inde
3617 3446 3791 3508 transi-

2179 3548 2288 3613 ret,
2319 3544 2645 3601 divertebat
2673 3546 2744 3600 ad
2775 3561 2924 3615 eam,
2961 3549 3025 3600 ut
3053 3547 3395 3601 comederet
3425 3559 3645 3617 panem.
3686 3539 3788 3602 0118

2177 3633 2325 3688 dixit
2354 3634 2424 3688 ad
2460 3633 2650 3688 virum
2683 3649 2859 3689 suum
2894 3649 2907 3688 :
2941 3634 3374 3690 Animadverto
3407 3633 3559 3705 quod
3606 3629 3682 3684 vir
3718 3622 3789 3680 Dei

2176 3725 2416 3777 sanctus
2445 3726 2535 3777 est
2575 3723 2706 3789 iste,
2753 3722 2855 3793 qui
2902 3722 3116 3778 transit
3162 3741 3270 3795 per
3320 3740 3431 3779 nos
3487 3721 3789 3791 frequenter.

2177 3810 2482 3867 Faciamus
2513 3828 2651 3883 ergo
2678 3811 3045 3867 cmuaculum
3075 3828 3354 3884 parvum,
3380 3818 3440 3869 et
3466 3821 3730 3884 ponamus
3751 3805 3794 3859 et

2174 3900 2235 3955 in
2268 3916 2335 3956 eo
2366 3900 2673 3968 lectulum,
2705 3905 2761 3955 et
2791 3917 3081 3967 mensam,
3113 3907 3172 3957 et
3202 3902 3441 3969 sellam,
3474 3906 3529 3957 et
3565 3893 3789 3956 candela-

2173 3990 2439 4055 brum,ut
2458 4006 2592 4045 cum
2620 3990 2844 4045 venerit
2869 3991 2939 4046 ad
2974 4006 3103 4059 nos,
3129 3996 3380 4047 maneat
3410 3990 3514 4047 ibi.
3547 3991 3701 4045 Facta
3724 3981 3793 4039 est

2170 4078 2352 4150 igitur
2381 4079 2506 4135 dies
2538 4080 2831 4150 quaedam,
2864 4084 2921 4135 et
2950 4079 3191 4135 veniens
3230 4081 3476 4137 divertit
3504 4079 3562 4134 in
3584 4086 3799 4133 cceuacu-

2170 4167 2319 4235 lum,
2350 4172 2409 4223 et
2438 4168 2723 4240 requievit
2771 4168 2873 4224 ibi.
2924 4168 3201 4241 Dixitque
3251 4170 3327 4225 ad
3381 4168 3540 4226 Giezi
3587 4173 3792 4240 puerum

2171 4273 2347 4312 suum
2378 4274 2391 4313 :
2425 4256 2579 4313 Voca
2607 4257 2949 4313 Sunamiten
2980 4257 3177 4312 istam.
3222 4259 3338 4325 Qui
3392 4275 3528 4315 cum
3559 4250 3800 4327 [vocasset

2168 4361 2319 4414 eam,
2353 4349 2411 4401 et
2442 4344 2542 4401 illa
2571 4345 2829 4401 stetisset
2876 4361 3067 4401 coram
3110 4362 3202 4413 eo,
3258 4346 3413 4402 dixit
3463 4345 3533 4401 ad
3586 4352 3793 4417 puerum

2166 4450 2344 4489 suum
2376 4435 2500 4506 (ms.
2535 4441 2675 4490 tacet
2701 4436 2902 4502 suum)
2936 4450 2949 4489 :
2986 4434 3247 4506 Loquere
3281 4436 3357 4491 ad
3416 4451 3545 4492 eam
3597 4452 3609 4489 :
3661 4436 3794 4493 Ecce.

2165 4523 2370 4580 sedulo
2402 4523 2463 4577 in
2494 4522 2772 4579 omnibus
2803 4522 3156 4579 ministrasti
3190 4525 3397 4593 nobis,
3447 4522 3589 4597 quid
3636 4520 3715 4575 vis
3750 4518 3799 4572 ut

2170 4612 2374 4668 faciam
2410 4610 2558 4667 tibi?
2586 4611 2875 4684 numquid
2916 4611 3099 4668 habes
3146 4614 3487 4683 negotium,
3533 4616 3589 4668 et
3633 4610 3710 4664 vis
3752 4606 3803 4660 ut

2165 4701 2376 4773 loquar
2408 4700 2551 4772 regi,
2582 4700 2703 4756 sive
2735 4700 2985 4772 principi
3019 4699 3291 4756 militiae?
3322 4704 3466 4767 Quae
3495 4692 3800 4772 respondit:

2167 4791 2229 4845 In
2260 4790 2451 4847 medio
2484 4788 2683 4861 pepuli
2716 4788 2830 4845 mei
2863 4788 3083 4845 habito.
3104 4790 3175 4845 Et
3205 4791 3334 4847 ait:
3364 4791 3517 4857 Quid
3548 4804 3677 4860 ergo
3703 4779 3804 4841 vult

2167 4885 2231 4933 ut
2256 4878 2463 4934 faciam
2497 4875 2547 4932 ei
2572 4881 2593 4932 Ρ
2623 4877 2898 4948 Dixitque
2928 4876 3081 4933 Giezi
3117 4895 3130 4933 :
3164 4878 3252 4934 Ne
3286 4895 3525 4951 quaeras
3578 4895 3592 4933 :
3640 4873 3797 4929 ﬁlium

2162 4969 2316 5025 enim
2349 4985 2463 5022 non
2496 4966 2695 5032 habet,
2747 4971 2804 5023 et
2845 4965 2933 5023 vir
2977 4968 3106 5037 ejus
3151 4983 3336 5024 senex
3390 4974 3504 5025 est.
3556 4959 3800 5033 Pracepit

2162 5059 2380 5128 itaque,
2416 5060 2483 5109 ut
2510 5059 2741 5111 vocaret
2772 5072 2923 5126 eam,
2966 5072 3095 5127 qua
3141 5072 3283 5111 cum
3337 5062 3547 5113 vocata
3596 5052 3802 5112 fuisset,

2161 5152 2217 5203 et
2266 5145 2533 5201 stetisset
2564 5146 2631 5199 ad
2662 5144 2835 5217 (Vulg
2890 5146 3050 5216 ante)
3081 5145 3335 5214 ostium,
3369 5148 3523 5202 dixit
3550 5146 3621 5201 ad
3650 5158 3761 5200 eam
3792 5155 3803 5191 :

2160 5238 2248 5308 (T.
2282 5234 2523 5306 CXXII.)
2552 5236 2616 5289 In
2664 5240 2925 5305 tempore
2974 5234 3086 5290 isto
3134 5235 3175 5303 ‘,
3232 5239 3293 5290 et
3351 5237 3411 5291 in
3470 5237 3580 5291 hac
3623 5232 3798 5289 eadem

2229 5412 2459 5474 3.Vacat
2489 5413 2647 5464 tuum
2671 5407 2730 5463 in
2755 5408 3079 5465 Veronensi
3105 5410 3301 5465 ms.ad
3341 5411 3609 5468 Hebraici
3636 5421 3803 5465 exem-

2156 5483 2335 5556 plaris
2365 5480 2735 5556 aliorumque
2766 5481 3051 5556 librorum
3081 5496 3389 5556 normam.

2225 5556 2247 5590 ι
2274 5558 2441 5609 Forte
2472 5553 2754 5624 scriptum
2790 5552 3120 5609 habebatur
3146 5552 3207 5608 in
3244 5553 3485 5611 scholia
3519 5554 3629 5610 isto
3659 5566 3801 5608 mar-

2153 5624 2357 5699 ginali,
2391 5629 2451 5683 in
2480 5629 2724 5698 tempore
2750 5627 2916 5691 vita;
2968 5624 3238 5683 eamdem
3293 5627 3462 5685 enim
3499 5626 3799 5702 scriptura
