3938 6174
173 343 250 400 781
1433 336 1649 392 LIBER
1684 337 1736 390 II
1773 336 2182 394 MALACHIM.

3407 335 3514 392 782

171 467 354 538 hora,si
367 466 469 521 vita
481 477 672 520 comes
688 461 1287 534 fuerit[h.secundum
1307 464 1540 533 tempus
1565 461 1748 534 vitae],
1781 465 1834 532 Α
1868 463 2105 536 suitque
2129 480 2194 520 os
2216 479 2391 521 suum
2419 478 2598 536 super
2617 479 2682 519 os
2699 462 2848 534 ejus,
2870 465 2926 519 et
2946 461 3146 520 oculos
3169 477 3309 519 suos
3331 477 3513 535 super

178 555 374 614 habebis
411 554 466 608 in
510 555 672 608 utero
705 551 915 608 ﬁlium.
967 553 1040 607 At
1071 551 1173 606 illa
1223 551 1564 623 respondit:
1606 549 1757 619 Noli,

170 661 346 718 quaeso,
400 642 623 699 domine
657 641 762 708 mi,
795 641 883 696 vir
909 639 1037 709 Dei,
1089 639 1208 696 noli
1241 640 1478 695 mentiri
1535 639 1759 695 ancillis

171 742 274 790 tuae.
303 735 362 789 Et
381 731 634 803 concepit
677 730 906 801 mulier,
939 735 995 785 et
1025 731 1249 802 peperit
1280 729 1491 797 filium,
1517 730 1577 785 in
1611 733 1760 784 tem-

173 839 301 895 pore,
331 830 376 878 et
427 822 479 876 in
509 821 650 877 hora
679 821 907 889 eadem,
939 836 1059 891 qua
1090 820 1316 875 dixerat
1344 819 1395 875 ei
1428 818 1674 875 Elisaaus
1721 819 1759 873 ¹.

172 912 325 968 Crevit
350 917 525 966 autem
551 927 696 982 puer
725 908 807 983 [h.
833 909 1156 981 parvulus].
1189 909 1401 964 Etcum
1425 911 1580 965 esset
1603 925 1761 979 qute-

169 1003 273 1058 dam
314 1001 442 1067 dies,
473 1003 526 1056 et
554 1015 828 1072 egressus
887 1000 1039 1055 isset
1071 1000 1141 1053 ad
1176 1004 1403 1070 patrem
1454 1014 1652 1067 suum,
1685 997 1759 1052 ad

171 1105 432 1157 messores,
455 1089 532 1145 ait
548 1089 700 1161 patri
722 1106 833 1145 suo
860 1107 873 1145 :
896 1087 1756 1162 Caputmeum,caputmeun:'.

166 1179 328 1235 Atille
351 1179 484 1234 dixit
511 1195 691 1250 puero
737 1195 750 1234 :
786 1178 976 1244 Tolle,
1009 1183 1066 1235 et
1096 1179 1210 1234 duc
1241 1193 1374 1233 eum
1409 1178 1480 1232 ad
1515 1180 1759 1232 matrem

167 1284 321 1326 suam.
348 1266 430 1340 [T.
459 1267 730 1338 CXXIII]
765 1267 872 1332 Qui
897 1284 1031 1323 cum
1063 1266 1321 1333 tulisset,
1347 1270 1402 1322 et
1423 1264 1762 1321 adduxisset

164 1373 268 1413 eum
297 1358 357 1412 ad
381 1361 617 1412 matrem
643 1373 836 1426 suam,
864 1357 1065 1428 posuit
1091 1372 1224 1412 eum
1258 1355 1357 1411 illa
1378 1371 1554 1427 super
1573 1371 1761 1424 genua

165 1463 250 1501 sua
287 1462 452 1517 usque
481 1447 549 1501 ad
588 1445 917 1515 meridiem,
951 1450 1007 1500 et
1038 1449 1311 1502 mortuus
1341 1448 1450 1502 est.
1484 1443 1763 1499 Ascendit

173 1540 353 1600 autem,
389 1540 438 1589 et
468 1533 767 1590 collocavit
795 1550 928 1590 eum
965 1550 1143 1606 super
1172 1533 1451 1589 lectulum
1506 1531 1762 1588 hominis

163 1623 230 1695 [h.
259 1624 372 1695 viri]
426 1623 538 1691 Dei,
577 1628 634 1679 et
663 1623 876 1678 clausit
905 1623 1145 1690 ostium,
1180 1628 1238 1679 et
1266 1639 1499 1693 egressa
1537 1621 1764 1678 vocavit

162 1712 316 1767 virum
344 1730 527 1778 suum,
553 1716 614 1768 et
645 1712 762 1768 ait:
796 1713 960 1768 Mitte
993 1729 1246 1783 mecum,
1277 1713 1542 1778 obsecro,
1573 1728 1760 1769 unum

159 1802 213 1858 de
241 1801 435 1874 pueris,
467 1806 522 1857 et
554 1801 786 1858 asinam
817 1809 882 1858 ut
911 1819 1214 1859 excurram
1251 1819 1439 1874 usque
1469 1804 1539 1858 ad
1575 1803 1758 1858 homi-

159 1907 262 1946 nem
291 1890 362 1963 [b.
392 1890 605 1963 virum]
655 1892 780 1961 Dei,
812 1896 869 1948 et
898 1896 1175 1949 revertar.
1227 1891 1334 1955 Qui
1368 1891 1451 1948 ait
1483 1891 1608 1963 [ηις.
1639 1908 1760 1950 cum

166 1979 293 2050 Vulg.
322 1979 435 2035 add.
466 1979 582 2052 illi]
617 1997 630 2035 :
663 1981 846 2044 Quam
880 1981 953 2037 ob
994 1997 1233 2037 causam
1265 1980 1430 2036 vadis
1461 1981 1534 2036 ad
1569 1996 1700 2037 eum
1735 1980 1764 2036 ?

160 2069 308 2124 Hodie
352 2087 460 2124 non
493 2075 639 2127 sunt
670 2069 963 2139 Kalendae,
996 2086 1186 2141 neque
1229 2070 1572 2125 Sabbatum.
1627 2070 1761 2134 Qum

157 2158 448 2227 respondit:
497 2159 620 2214 Pax
649 2159 692 2214 ³.
735 2159 1060 2230 Stravitque
1092 2159 1344 2225 asinam,
1393 2163 1449 2213 et
1489 2158 1765 2230 praecepit

157 2261 336 2314 puero:
360 2247 528 2314 Mina,
567 2259 628 2303 et
659 2264 928 2319 propera,
961 2265 1033 2303 ne
1065 2247 1211 2302 mihi
1245 2264 1472 2304 moram
1501 2247 1680 2303 facias
1702 2247 1761 2302 in

162 2336 336 2406 eundo,
368 2341 421 2390 et
449 2337 560 2393 hoc
597 2353 698 2408 age
728 2338 885 2408 quod
918 2337 1192 2409 praecipio
1218 2336 1348 2393 tibi.
1384 2338 1648 2392 Profecta
1678 2340 1766 2392 est

159 2421 325 2493 igitur,
354 2431 406 2480 et
429 2426 592 2482 venit
621 2428 692 2482 ad
723 2426 914 2482 virum
940 2426 1041 2481 Dei
1075 2426 1132 2480 in
1168 2431 1427 2482 montem
1473 2424 1764 2489 Carmeli;

162 2526 370 2584 cumque
398 2515 642 2572 vidisset
663 2532 790 2571 eam
814 2515 902 2571 vir
929 2515 1033 2570 Dei
1065 2515 1134 2572 de
1165 2515 1494 2582 contra,’ait
1514 2517 1584 2571 ad
1609 2514 1765 2571 Giezi

156 2615 363 2669 puerum
393 2621 572 2660 suum
608 2620 621 2660 :
656 2605 797 2660 Ecce
840 2604 1164 2660 Sunamitis
1195 2604 1313 2659 illa.
1345 2603 1505 2660 Vade
1537 2621 1670 2676 ergo
1704 2605 1764 2658 in

161 2703 422 2748 occursum
445 2694 603 2764 ejus,
627 2697 686 2748 et
706 2693 797 2748 dic
823 2694 874 2749 ei
899 2709 912 2746 :
938 2696 1190 2749 Rectene
1215 2693 1409 2765 agitur
1431 2693 1587 2749 circa
1610 2698 1684 2759 te,
1709 2697 1767 2748 et

157 2779 282 2834 circa
306 2781 480 2837 virum
538 2788 740 2848 tuum,
771 2787 828 2837 et
879 2781 1030 2837 circa
1063 2782 1250 2836 lilium
1314 2782 1392 2853 [h.
1429 2781 1764 2854 parvulum]

161 2869 340 2924 tuum?
368 2873 494 2937 Quae
517 2872 868 2942 respondit:
895 2871 1070 2927 Recte
1097 2872 1180 2940 [h.
1216 2871 1375 2942 Pax].
1403 2871 1665 2944 Cumque
1679 2888 1768 2927 ve-

159 2956 312 3012 uisset
339 2961 404 3014 ad
422 2961 618 3016 virum
657 2960 752 3015 Dei
777 2961 834 3014 in
862 2965 1142 3029 montem,
1169 2961 1560 3032 apprehendit
1590 2961 1767 3032 pedes

156 3045 279 3116 ejus,
304 3050 620 3106 etaccessit
650 3049 828 3118 Giezi,
853 3055 1222 3106 utamoveret
1241 3067 1388 3106 eam.
1408 3052 1474 3105 Et
1491 3049 1572 3105 ait
1593 3050 1766 3106 homo

156 3132 234 3188 Dei
262 3135 332 3206 [ᾗ.
362 3137 445 3192 vir
477 3138 648 3211 Dei]:
679 3138 922 3194 Dimitte
948 3139 1130 3208 illam,
1158 3139 1355 3195 anima
1380 3139 1530 3195 enim
1555 3141 1682 3209 ejus
1708 3140 1766 3194 in

1871 553 2070 608 oculos
2102 555 2327 624 ejus,et
2355 570 2568 609 manus
2596 569 2732 609 suas
2749 567 3152 624 supermanus
3179 552 3501 624 ejus,etin-

1871 642 2135 698 curvavit
2160 659 2222 698 se
2256 659 2434 714 super
2465 659 2625 709 eum,
2657 645 2713 698 et
2734 640 3012 697 calefacta
3038 645 3126 696 est
3154 657 3288 697 caro
3321 639 3512 712 pueri.

1868 731 1940 785 At
1969 730 2067 786 ille
2099 749 2386 799 reversus,
2430 730 2829 787 deambulavit
2858 730 2916 785 in
2951 730 3147 800 domo,
3181 728 3361 786 semel
3403 729 3515 784 huc

1870 825 1927 875 et
1958 819 2118 888 illuc,
2153 826 2208 876 et
2266 821 2550 888 ascendit,
2599 825 2658 876 et
2710 819 2982 876 incubuit
3039 834 3220 890 super
3270 834 3427 886 eum,
3459 823 3516 874 et

1870 910 2138 966 oscitavit
2191 927 2334 982 puer
2388 912 2623 982 septies,
2684 909 3028 980 aperuitque
3081 908 3286 965 oculus
3333 909 3373 964 ⁸.
3430 909 3512 979 [Τ.

1872 999 2114 1071 CXXV.]
2153 1005 2224 1054 At
2250 1000 2346 1056 ille
2377 1000 2600 1056 vocavit
2641 999 2814 1067 Giezi,
2847 1003 2904 1054 et
2934 998 3079 1054 dixit
3103 998 3188 1054 ei:
3222 999 3374 1054 Voca
3403 997 3515 1054 Su-

1872 1089 2130 1145 namiten
2171 1089 2340 1145 hanc.
2373 1089 2507 1153 Quae
2554 1094 2775 1156 vocata,
2811 1087 3079 1160 ingressa
3109 1091 3199 1144 est
3228 1088 3296 1144 ad
3357 1104 3514 1144 eum.

1871 1177 1975 1241 Qui
2006 1177 2122 1233 ait:
2181 1179 2336 1235 Tolle
2383 1178 2570 1234 lilium
2605 1183 2795 1234 tuum.
2827 1177 3004 1234 Venit
3035 1177 3157 1247 illa,
3191 1181 3248 1234 et
3293 1176 3516 1234 corruit

1872 1268 1942 1324 ad
1977 1268 2152 1340 pedes
2199 1270 2351 1340 ejus,
2385 1272 2442 1324 et
2472 1267 2736 1324 adoravit
2765 1283 2943 1339 super
2973 1271 3214 1337 terram,
3263 1265 3516 1338 tulitque

1873 1356 2060 1412 ﬁlium
2119 1374 2319 1423 suum,
2353 1361 2410 1412 et
2439 1373 2677 1429 egressa
2704 1362 2817 1426 est,
2876 1359 2932 1413 et
2962 1356 3204 1412 Elisaeus
3253 1371 3518 1411 reversus

1872 1451 1962 1502 est
1990 1446 2050 1501 in
2097 1445 2355 1518 Galgala.
2388 1447 2527 1502 Erat
2555 1449 2752 1502 autem
2786 1446 2972 1502 fames
3011 1447 3069 1501 in
3103 1450 3278 1516 terra,
3310 1449 3367 1501 et
3415 1443 3518 1499 ﬁlii

1873 1535 2287 1607 prophetarum
2321 1535 2667 1591 habitabant
2697 1551 2892 1592 coram
2917 1550 3004 1591 eo.
3038 1533 3308 1606 Dixitque
3330 1533 3521 1590 unide

1874 1625 2072 1696 pueris
2103 1625 2230 1681 suis
2284 1625 2366 1696 [h.
2397 1623 2675 1697 Dixitque
2723 1641 2902 1696 puero
2933 1627 3103 1694 suo]:
3139 1630 3293 1680 Pone
3340 1622 3517 1679 ollam

1872 1714 2248 1787 grandem,et
2279 1730 2462 1786 coque
2493 1713 2865 1786 pulmentum
2898 1713 3038 1770 {iliis
3070 1712 3518 1786 prophetarum.

1876 1804 1961 1871 [T.
1995 1802 2261 1874 CXXVI.]
2303 1803 2370 1858 Et
2391 1819 2666 1876 egressus
2691 1809 2777 1860 est
2801 1819 2955 1858 unus
2978 1801 3037 1858 in
3061 1819 3291 1876 agrum,
3313 1806 3379 1858 ut
3400 1801 3517 1858 col-

1871 1893 2077 1965 ligeret
2123 1893 2330 1948 herbas
2378 1897 2640 1964 agrestes
2681 1909 2695 1947 :
2755 1891 3096 1964 invenitque
3144 1891 3316 1963 quasi
3347 1892 3519 1947 vitem

1871 1981 2196 2039 silvestrem
2231 1981 2312 2053 [h.
2339 1981 2583 2049 malvas,
2616 1980 2950 2052 invenitque
2981 1980 3154 2036 vitem
3186 1980 3519 2052 agrestem],

1871 2076 1929 2128 et
1956 2071 2194 2144 collegit
2244 2087 2314 2126 ex
2351 2087 2419 2126 ea
2464 2070 2907 2143 colocynthidas
2957 2070 3104 2142 agri,
3157 2074 3214 2126 et
3257 2069 3522 2142 implevit

1873 2161 2112 2234 pallium
2163 2177 2362 2231 suum,
2407 2163 2464 2216 et
2491 2177 2759 2217 reversus
2789 2160 3037 2216 concidit
3070 2159 3129 2215 in
3160 2158 3336 2215 ollam
3385 2158 3521 2232 pul-

1874 2250 2075 2319 menti,
2116 2250 2412 2306 nesciebat
2441 2251 2597 2306 enim
2631 2249 2772 2321 quid
2805 2252 2977 2305 esset.
3012 2249 3360 2305 Infuderunt
3388 2265 3523 2320 ergo

1871 2339 2068 2406 sociis,
2100 2344 2166 2396 ut
2195 2340 2568 2396 comederent
2604 2356 2617 2395 :
2649 2355 2904 2410 cumque
2958 2341 3300 2410 gustassent
3325 2339 3396 2394 de
3428 2353 3522 2393 co-

1873 2430 2086 2498 ctioue,
2135 2429 2630 2495 exclamaverunt,
2663 2428 2958 2484 dicentes:
2987 2431 3142 2484 Mors
3172 2428 3231 2482 in
3265 2426 3397 2495 olla,
3438 2427 3526 2484 vir

1870 2519 1994 2577 Dei.
2020 2523 2088 2576 Et
2119 2536 2235 2575 non
2266 2523 2585 2592 potuerunt
2629 2518 2954 2574 comedere.
2999 2522 3071 2573 At
3100 2516 3237 2573 ille:
3290 2516 3524 2586 Ati'erte,

1873 2609 2086 2680 inquit,
2116 2608 2384 2664 farinam.
2419 2607 2487 2662 Et
2512 2608 2672 2662 misit
2703 2608 2763 2661 in
2779 2606 2957 2662 ollam
2984 2608 3026 2675 ⁸,
3059 2610 3114 2662 et
3137 2605 3219 2662 ait
3242 2625 3256 2674 ;
3280 2606 3526 2661 Intunde

1873 2698 2056 2752 turbae
2102 2697 2184 2768 [h.
2219 2696 2456 2769 populo]
2491 2700 2554 2752 ut
2583 2698 2710 2765 [τηε.
2743 2697 2821 2766 et]
2853 2696 3141 2751 comedat.
3175 2694 3242 2749 Et
3271 2711 3386 2750 non
3418 2692 3529 2749 fuit

1876 2785 2132 2858 amplius
2175 2786 2501 2858 quidquam
2535 2783 2950 2840 amaritudinis
2983 2783 3066 2854 [h.
3100 2782 3264 2854 mali]
3296 2783 3354 2836 in
3388 2781 3524 2839 olla.

1874 2876 1976 2930 Vir
2001 2880 2201 2931 autem
2226 2875 2466 2946 quidam
2479 2873 2721 2930 venitde
2740 2871 3024 2928 Balsalisa
3041 2872 3164 2943 [ma
3206 2870 3524 2940 Balsa-Isa]

1877 2965 2141 3020 deferens
2161 2964 2284 3019 viro
2309 2964 2404 3019 Dei
2427 2962 3026 3035 panes'primitiarum
3043 2961 3166 3033 [τηε.
3187 2960 3312 3016 add.
3337 2963 3417 3031 et]
3440 2960 3524 3016 vi-

1877 3053 2022 3126 ginti
2081 3070 2261 3126 panes
2291 3053 2667 3122 hordeaceos,
2701 3055 2758 3108 et
2788 3051 3152 3108 frumentum
3212 3066 3429 3106 novum
3459 3049 3520 3105 in

1878 3159 2016 3214 pera
2046 3160 2153 3198 sua
2185 3143 2266 3213 [h.
2296 3146 2354 3198 et
2374 3158 2556 3214 grana
2586 3141 2882 3212 spicarum
2916 3139 3180 3210 torrida].
3214 3143 3287 3194 At
3316 3138 3413 3194 ille
3433 3139 3523 3194 di-

152 3226 503 3283 amaritudine
568 3235 675 3293 est,
710 3233 764 3283 et
821 3228 1107 3283 Dominus
1139 3227 1344 3284 celavit
1375 3245 1468 3283 me
1515 3227 1692 3301 [Vulg.
1731 3246 1764 3284 a
1795 3213 1836 3280 C
1875 3213 1996 3287 xit:
2026 3237 2112 3288 Da
2142 3213 2387 3303 populo,
2415 3236 2480 3287 ut
2509 3231 2794 3286 comedat.
2827 3229 3264 3300 Responditque
3295 3228 3345 3284 ei
3367 3229 3388 3262 ⁸
3410 3227 3519 3284 mi-

151 3312 261 3383 me],
290 3320 341 3370 et
394 3334 508 3373 non
543 3318 834 3372 indicavit
866 3317 1030 3372 mihi.
1065 3319 1198 3383 Quae
1231 3319 1377 3372 dixit
1408 3317 1530 3374 illi:
1581 3317 1762 3373 Num-

150 3401 264 3470 quid
305 3407 472 3475 petivi
522 3406 718 3462 ﬁlium
755 3425 788 3462 a
819 3406 1054 3462 domino
1083 3407 1258 3462 meo?
1307 3407 1595 3478 numquid
1647 3424 1762 3462 non

148 3488 242 3545 dixi
269 3493 403 3550 tibi:
439 3495 520 3551 Ne
555 3494 776 3551 illudas
801 3512 890 3551 me
909 3496 936 3550 ‘l
967 3496 1056 3567 [T.
1081 3495 1352 3568 CXXIV]
1376 3497 1444 3552 Et
1473 3495 1569 3551 ille
1591 3495 1668 3551 ait
1691 3497 1762 3552 ad

149 3577 311 3638 Giezi:
345 3586 596 3658 Accinge
620 3585 853 3642 lumbos
878 3589 1012 3641 tuos
1034 3589 1091 3642 et
1108 3585 1243 3641 tolle
1268 3585 1542 3641 baculum
1565 3601 1762 3641 meum

149 3665 192 3721 in
222 3685 380 3728 manu
412 3679 534 3741 tua,
576 3681 633 3728 et
663 3675 831 3729 vade.
866 3674 925 3729 Si
963 3673 1281 3729 occurrerit
1311 3674 1417 3728 tibi
1455 3674 1630 3730 homo
1679 3674 1760 3746 [h.

150 3754 257 3826 vir].
282 3776 388 3816 non
410 3762 640 3818 salutes
663 3779 823 3827 eum,
846 3767 902 3818 et
924 3763 973 3817 si
1001 3762 1347 3818 salutaverit
1368 3768 1423 3818 te
1441 3761 1761 3835 quispiam,

147 3857 240 3900 non
265 3854 618 3921 respondeas
638 3850 742 3919 illi,
765 3856 823 3906 et
842 3867 1023 3923 pones
1041 3851 1316 3907 baculum
1343 3868 1536 3907 meum
1563 3869 1761 3924 super,

146 3930 321 3991 faciem
351 3940 536 4011 pueri.
586 3940 764 3996 Porro
798 3946 985 3995 mater
1016 3941 1180 4012 pueri
1216 3941 1335 3996 ait:
1365 3941 1517 3996 Vivit
1563 3941 1764 3997 Domi-

145 4034 250 4090 nus,
281 4031 332 4082 et
364 4030 504 4086 vivit
531 4029 740 4086 anima
766 4033 892 4098 tua,
923 4046 1039 4086 nou
1071 4029 1369 4086 dimittam
1397 4035 1472 4086 te.
1504 4030 1764 4086 Surrexit

144 4124 272 4183 ergo,
302 4122 356 4171 et
384 4125 629 4175 secutus
667 4123 757 4175 est
785 4135 935 4176 eam.
971 4118 1123 4175 Giezi
1159 4123 1355 4175 autem
1391 4126 1764 4191 praecesserat

145 4213 224 4256 eos
260 4202 431 4278 [Vulg.
467 4214 605 4264 ante
650 4209 794 4280 eos],
847 4215 904 4264 et
934 4214 1210 4280 posuerat
1259 4209 1537 4265 baculum
1587 4226 1764 4282 super

143 4287 319 4348 faciem
350 4299 535 4367 pueri,
571 4304 627 4354 et
661 4315 774 4353 non
822 4303 945 4353 erat
974 4314 1101 4365 vox,
1136 4315 1322 4369 neque
1371 4314 1621 4354 sensus:
1673 4315 1764 4354 re-

144 4391 428 4456 versusque
458 4392 552 4442 est
592 4387 652 4441 in
684 4403 995 4443 occursum
1048 4387 1198 4458 ejus,
1229 4391 1287 4442 et
1340 4388 1632 4444 nuntiavit
1687 4387 1760 4454 ei,

141 4465 314 4528 dicens
339 4491 351 4528 :
383 4475 513 4531 Non
543 4475 799 4531 surrexit
825 4493 988 4548 puer.
1021 4477 1330 4548 Ingressus
1361 4481 1449 4532 est
1477 4493 1614 4548 ergo
1644 4477 1765 4532 Eli-

1869 3317 2052 3373 nister
2081 3317 2208 3388 ejus
2236 3333 2250 3372 :
2287 3319 2584 3384 Quantum
2615 3321 2702 3372 est
2744 3316 2875 3386 hoc,
2910 3323 2974 3371 ut
2999 3333 3290 3388 apponam
3323 3331 3517 3371 coram

1869 3406 2048 3477 [Vulg.
2070 3410 2208 3462 tacet
2229 3407 2448 3477 coram]
2480 3406 2712 3462 cenium
2739 3405 2881 3462 viris
2905 3405 2932 3460 ?
2953 3407 3204 3461 Rursum
3237 3405 3364 3462 ille:
3411 3403 3518 3462 Da.

1868 3495 1970 3565 ait,
2004 3494 2242 3568 populo,
2274 3500 2340 3551 ut
2369 3496 2668 3552 comedat:
2701 3495 2824 3551 haec
2853 3494 3009 3552 enim
3041 3495 3182 3552 dicit
3211 3496 3518 3551 Dominus:

1867 3585 2204 3653 Comedent,
2237 3589 2293 3641 et
2331 3585 2636 3656 supererit.
2671 3584 2880 3642 Posuit
2911 3585 3112 3656 itaque
3143 3600 3340 3640 coram
3391 3582 3516 3640 eis:

1869 3673 1970 3747 qui
1995 3675 2400 3742 comederunt,
2423 3678 2479 3728 et
2501 3673 2979 3745 superfuitjuxta
2998 3673 3243 3728 verbum
3262 3671 3514 3728 Domini.

1940 3763 2094 3835 (Cap.
2128 3763 2221 3834 V.]
2253 3762 2516 3818 Naaman
2549 3767 2769 3832 autem,
2800 3763 3071 3834 princeps
3103 3761 3328 3817 militiae
3364 3760 3518 3831 regis

1865 3854 2062 3926 Syriae,
2097 3858 2222 3910 erat
2269 3853 2355 3908 vir
2403 3869 2656 3925 magnus
2705 3854 2860 3925 apud
2893 3852 3200 3908 dominum
3235 3867 3434 3917 suum,
3462 3855 3520 3906 et

1867 3942 2185 3998 honoratus
2211 3959 2224 3997 :
2258 3959 2361 4013 per
2386 3941 2552 3998 illum
2575 3941 2731 3996 enim
2763 3941 2925 3998 dedit
2945 3940 3233 3997 Dominus
3263 3940 3517 3995 salutem

1865 4031 2039 4103 Syriae
2068 4047 2082 4085 :
2134 4035 2259 4086 erat
2289 4035 2482 4086 autem
2515 4031 2603 4086 vir
2647 4031 2816 4087 fortis
2847 4036 2905 4086 et
2933 4029 3117 4100 dives,
3149 4029 3240 4085 sed
3268 4027 3350 4100 [h.
3400 4045 3517 4084 non

1866 4120 2064 4191 habet]
2095 4120 2382 4192 leprosus.
2418 4125 2595 4175 Porro
2622 4121 2693 4176 de
2722 4119 2887 4191 Syria
2918 4118 3140 4190 egressi
3172 4120 3404 4174 fuerant
3431 4116 3520 4172 la-

1866 4209 2146 4276 trunculi,
2181 4209 2542 4281 etioaptivam
2572 4209 2860 4264 duxerant
2881 4209 2952 4264 de
2974 4213 3130 4264 terra
3152 4205 3330 4262 Israel
3355 4205 3518 4277 puel-

1866 4297 2007 4368 lam,
2040 4297 2366 4370 parvulam,
2419 4315 2544 4370 quas
2576 4302 2701 4354 erat
2731 4298 2790 4353 in
2823 4297 3106 4368 obsequio
3139 4295 3336 4352 uxoris
3367 4295 3521 4350 Naa-

1867 4403 2022 4453 man,
2059 4405 2186 4459 quae
2235 4387 2317 4443 ait
2348 4388 2420 4443 ad
2451 4387 2751 4444 dominam
2785 4404 2953 4444 suam
2982 4405 2994 4442 :
3034 4385 3269 4443 Utinam
3310 4385 3520 4440 fuisset

1868 4477 2142 4532 daminus
2198 4493 2362 4532 meus
2392 4478 2462 4533 ad
2497 4477 2866 4548 prophetam,
2899 4478 2998 4547 qui
3032 4480 3120 4532 est
3149 4477 3208 4531 in
3249 4473 3520 4530 Samaria

139 4570 266 4648 saeue
286 4563 543 4634 domum,
578 4570 636 4621 et
666 4582 800 4622 ecce
830 4582 976 4638 puer
1006 4571 1277 4622 mortuus
1300 4567 1536 4637 jacebat
1563 4567 1621 4621 in
1654 4566 1764 4622 lec-
1789 4583 1836 4648 D
1869 4567 2124 4638 profecto
2151 4569 2567 4637 curassetieum
2597 4583 2628 4622 a
2658 4566 3040 4638 lepra,!quam
3074 4565 3269 4622 habet.
3292 4565 3520 4635 Ingres-

137 4647 240 4702 tulo
267 4652 424 4721 ejus:
460 4656 891 4728 ingressusque
920 4654 1133 4710 clausit
1162 4655 1378 4711 ostium
1412 4671 1590 4727 super
1610 4672 1691 4722 se,
1706 4660 1765 4712 et

140 4733 296 4809 iVulg.
329 4747 384 4797 et
413 4745 622 4816 super]
651 4759 922 4816 puerum,
958 4751 1015 4799 et
1037 4745 1222 4800 oravit
1237 4745 1307 4800 ad
1344 4745 1674 4801 Dominum:
1695 4749 1763 4801 Et

137 4831 394 4901 ascendit,
427 4838 488 4889 et
518 4833 794 4889 incubuit
815 4849 992 4905 super
1025 4849 1272 4905 puerum
1307 4834 1428 4904 [ma
1455 4834 1633 4907 eum],
1660 4851 1761 4906 po-

141 4952 438 5031 chtiouem
492 4958 978 5031 annotationibus
1009 4958 1136 5015 suis
1167 4957 1476 5015 illustrans
1522 4964 1761 5015 sanctus

138 5020 490 5099 gleronymus
525 5029 669 5085 libro
701 5031 812 5095 QQ.
845 5031 1284 5095 Hebraicarum,
1317 5031 1556 5087 recitato
1592 5033 1763 5099 juxta

295 5089 466 5172 v'ersu
520 5101 612 5168 40,
639 5089 962 5172 οαρίχνιιι,
996 5102 1116 5156 haec
1148 5089 1348 5157 addit:
1383 5125 1411 5152 «
1456 5103 1564 5158 Pro
1592 5089 1759 5170 hora,

139 5169 290 5242 vitam
335 5169 595 5242 legimus
626 5173 684 5228 in
711 5169 979 5242 Hebraeo,
1013 5178 1076 5228 ut
1107 5179 1183 5228 snt
1215 5174 1354 5228 ordo
1380 5173 1467 5229 vel
1501 5191 1711 5236 sensus
1745 5169 1757 5230 :

139 5239 374 5323 devertar
396 5239 502 5323 :ad
533 5253 610 5323 ειζΔ
637 5244 697 5323 in
729 5239 974 5323 tempore
1027 5246 1202 5323 vitai:
1235 5245 1405 5316 quasi
1451 5246 1682 5316 dixerit,
1712 5249 1764 5303 .ςί

137 5305 323 5386 dixero,
354 5313 406 5368 si
436 5318 612 5386 fuerit
630 5319 746 5372 vita
773 5305 1054 5372 cantitata.
1090 5338 1118 5365 »
1152 5305 1333 5372 Maar.

191 5384 208 5461 ξ
237 5381 340 5439 Ms.
400 5381 717 5461 Veronens.
754 5405 918 5461 quam
947 5389 1166 5444 dixerat
1197 5388 1470 5461 Eliswus,
1523 5392 1761 5461 praeter-

139 5457 300 5532 misso
325 5473 458 5512 cum
481 5457 832 5532 Vulgatis'ei
861 5461 1228 5531 intermedio,
1258 5462 1412 5532 quod
1442 5459 1501 5514 in
1524 5457 1762 5516 Hebraeo

138 5522 308 5604 tamen
360 5535 560 5584 sonat.
593 5522 829 5587 Rectius
861 5537 1057 5588 autem
1109 5522 1527 5604 moirfegressus
1556 5537 1635 5588 est
1675 5532 1761 5588 le-

135 5598 224 5700 sit,
237 5613 358 5720 pro
379 5615 629 5672 egressus
656 5604 805 5667 isset,
829 5604 999 5674 juxta
1027 5598 1335 5659 Hebraeum
1361 5608 1582 5659 textum
1607 5614 1759 5664 anu.

288 5667 408 5720 ulc.
472 5672 611 5720 ulna
638 5674 859 5720 habent
929 5674 1100 5720 Carm!
1132 5689 1309 5720 meum
1366 5676 1537 5720 (Iolen-
1597 5684 1759 5720 canui

288 5667 430 5742 ulg.‘
472 5672 611 5744 plus
638 5667 880 5748 habent,
929 5674 1100 5748 Caput
1131 5689 1310 5732 meum
1366 5676 1540 5744 doleo,
1597 5684 1764 5749 caput

1871 4672 1975 4711 sus
2006 4661 2097 4712 est
2126 4657 2323 4728 itaque
2351 4656 2616 4712 Naaman
2640 4655 2712 4712 ad
2737 4655 3043 4711 dominum
3067 4670 3266 4720 suum,
3289 4657 3346 4709 et
3367 4670 3519 4708 nuu-

1869 4744 2032 4800 tiavit
2060 4744 2133 4815 ei,
2164 4745 2401 4801 dicens:
2436 4745 2498 4799 Si
2528 4749 2585 4800 et
2614 4745 2694 4800 sic
2725 4743 2922 4799 locuta
2950 4747 3040 4799 est
3063 4741 3258 4815 puella
3274 4743 3343 4799 de
3364 4747 3520 4799 terra

1871 4833 2072 4890 Israel.
2106 4833 2378 4906 Dixitque
2405 4833 2457 4890 ei
2507 4850 2607 4889 rex
2665 4833 2881 4906 Syriae:
2940 4831 3120 4898 Vade,
3179 4836 3236 4888 et
3286 4832 3516 4888 mittam

1870 4974 2053 5015 meum
2082 4958 2248 5014 doleo.

1940 5031 1962 5065 ³
1991 5031 2147 5085 Idem
2167 5045 2278 5085 ms.
2306 5029 2474 5100 Vale,
2505 5046 2611 5101 pro
2625 5035 2767 5102 Pax.
2802 5033 2870 5085 Et
2895 5040 3056 5092 D1113
3078 5029 3339 5102 quidem,
3363 5029 3515 5102 quod

1869 5103 2037 5159 estin
2061 5102 2233 5156 Hebr.
2258 5099 2463 5157 Arabs
2481 5099 2716 5174 quoque
2741 5101 3032 5174 interpres
3059 5099 3334 5174 reddidit,
3358 5099 3514 5156 Vade.

1871 5175 2066 5229 Minus
2125 5178 2321 5228 autem
2381 5171 2528 5230 bene
2557 5171 2814 5246 vulgati,
2853 5171 3058 5232 Vadam
3089 5190 3192 5244 pro
3230 5171 3385 5237 Vade,
3417 5175 3520 5226 aut

1871 5252 1994 5300 Pax
2023 5245 2245 5300 legunt.

1868 5252 1994 5303 Pax
2024 5249 2245 5303 legunt.

1941 5318 1964 5352 ‘
2020 5315 2196 5374 Addit
2252 5315 2408 5371 idem
2469 5333 2580 5371 ms.
2620 5332 2765 5388 suos
2817 5317 3036 5388 optime
3092 5315 3162 5371 ad
3217 5315 3516 5369 Hebraeum

1870 5392 2093 5445 textum
2123 5396 2286 5451 mw.
2316 5392 2461 5442 Tum
2495 5390 2563 5443 Et
2589 5387 2706 5458 ille,
2739 5404 2844 5459 pro
2859 5387 2960 5457 ’At,
2995 5391 3106 5442 etc.

1941 5462 1961 5495 ⁸
1994 5461 2136 5532 Plus
2160 5459 2381 5516 habent
2419 5459 2658 5532 Vulgati
2686 5454 2842 5525 libri,
2877 5454 3117 5529 cumque
3139 5455 3376 5525 tulisset,
3406 5454 3518 5511 mi-

1869 5536 1942 5588 szt
1971 5532 2032 5586 in
2061 5530 2252 5587 ollam.

1940 5603 2206 5660 6Iterum
2254 5601 2428 5673 juxta
2480 5603 2657 5658 Hebr.
2715 5605 2868 5658 tacet
2915 5599 3233 5656 Veronens.
3291 5614 3404 5656 ms.
3438 5599 3515 5656 ei.
