3938 6174
417 332 528 389 787

1463 329 1523 380 Β.
1566 324 1977 380 HIERONYMI
2014 319 2272 376 DIVINA
2308 324 2803 384 BlBLIOTHECA.

3700 333 3787 387 788

424 462 618 516 ractas
647 457 708 511 in
742 454 903 511 coelo.
928 451 1225 524 Numquid
1249 452 1461 524 poterit
1481 466 1610 506 esse
1633 449 1788 520 quod
1820 445 2081 518 loquor]?
2109 447 2163 513 Α
2192 445 2490 508 Tollamus
2522 454 2784 526 quinque
2813 471 3017 526 equos,
3050 453 3149 526 qui
3174 459 3579 511 remanserunt
3605 455 3657 511 in
3680 458 3792 514 urbe

431 547 540 614 Qui
571 547 656 602 ait
688 563 700 600 :
734 542 959 599 videbis
991 541 1175 597 oeulis
1207 541 1350 612 tuis,
1375 546 1434 596 et
1474 541 1610 595 inde
1641 555 1753 593 non
1787 535 2076 593 comedas.

432 637 519 710 [T.
575 631 923 699 CXXXVII]
985 633 1249 697 Quatuor
1305 647 1442 702 ergo
1483 628 1588 684 viri
1649 631 1812 683 erant
1869 623 2083 696 leprosi

431 728 597 797 juxta
654 721 964 778 introitum
994 724 1194 791 portae,
1252 720 1349 791 qui
1384 719 1657 774 dixerunt
1686 716 1756 771 ad
1793 714 2080 769 invicem:

439 813 586 881 Quid
647 810 741 867 hic
766 827 896 867 esse
925 813 1199 865 volumus
1231 810 1416 864 donec
1450 805 1816 863 moriamur?
1846 803 1966 859 sive
1996 801 2084 855 in-

439 901 604 978 gredi
633 900 995 960 voluerimus
1039 899 1356 963 civitatem,
1389 898 1544 952 fame
1567 895 1888 952 moriemur
1918 909 1932 946 :
1965 891 2084 945 sive

441 991 839 1049 manserimus
870 988 984 1060 hic,
1015 989 1382 1044 moriendum
1417 987 1587 1042 nobis
1611 989 1738 1040 est:
1771 983 1964 1038 venite
1993 995 2080 1034 er-

439 1100 513 1157 go
545 1088 601 1140 et
631 1085 753 1155 [ms.
797 1084 903 1154 ut],
935 1079 1403 1152 transfugiamus
1440 1078 1510 1134 ad
1549 1082 1745 1132 castra
1773 1073 1970 1147 Syriae.
2026 1069 2084 1124 Si

445 1172 816 1247 pepereerint
860 1169 1050 1240 nobis,
1095 1170 1358 1224 vivemus
1409 1186 1422 1237 ;
1476 1167 1523 1222 si
1585 1171 1778 1221 autem
1831 1161 2091 1218 occidere

439 1263 752 1333 voluerint,
804 1259 1196 1316 nihilominus
1225 1264 1285 1314 et
1331 1259 1454 1329 [1723.
1484 1260 1590 1312 tac.
1643 1255 1717 1325 et]
1749 1252 2085 1308 moriemur.

439 1355 830 1408 Surrexerunt
857 1349 1039 1423 igitur
1061 1347 1288 1419 vesperi
1345 1347 1426 1418 [h.
1461 1345 1678 1416 mane],
1731 1348 1794 1398 ut
1827 1341 2093 1396 venirent

452 1443 525 1500 ad
558 1446 750 1497 castra
779 1439 971 1512 Syriae.
1008 1438 1271 1508 Cumque
1301 1435 1604 1491 venissent
1631 1433 1699 1488 ad
1739 1429 2090 1504 principium

452 1536 785 1588 castrorum
837 1526 1037 1600 Syrias,
1073 1524 1301 1580 nullum
1354 1523 1566 1579 ibidem
1626 1522 1988 1593 repererunt.
2038 1516 2092 1570 Si

447 1620 685 1694 quidem
720 1617 1002 1674 Dominus
1034 1615 1292 1671 sonitum
1327 1613 1518 1669 audiri
1552 1613 1767 1668 fecerat
1797 1610 1855 1664 in
1887 1607 2094 1663 castris

447 1711 649 1783 Syrias,
703 1723 1008 1776 curruum,
1041 1709 1098 1761 et
1131 1719 1418 1775 equorum
1478 1702 1766 1757 exercitus
1815 1696 2091 1770 plurimi:

2194 535 2356 606 (quia
2370 539 2482 612 ipsi
2496 546 2724 598 tantum
2751 543 2964 599 suntin
2983 541 3794 601 universamultitudinelsrael

2193 625 2289 681 alii
2364 630 2518 686 enim
2577 633 2913 704 consumpti
2967 632 3188 703 sunt),
3250 637 3304 688 et
3355 632 3661 700 mittentes,
3722 650 3792 690 ex-

2194 714 2423 786 plorare
2454 721 2800 790 poterimus.
2852 722 3241 776 Adduxerunt
3269 736 3408 794 ergo
3455 722 3599 777 duos
3626 739 3793 794 equos,

2199 806 2477 877 misitque
2531 825 2628 864 rex
2679 811 2750 865 ad
2798 811 2978 882 [ναις.
3038 810 3121 882 in]
3155 814 3346 866 castra
3402 815 3684 881 Syrorum,
3725 813 3797 866 di-

2197 912 2334 952 cens
2361 913 2375 953 :
2407 901 2509 965 Ite,
2543 904 2598 955 et
2630 901 2835 956 videte.
2921 901 3028 964 Qui
3061 899 3331 955 adierunt
3363 907 3493 972 post
3523 917 3616 956 eos
3645 918 3796 972 usque

2199 989 2265 1040 ad
2308 988 2652 1044 Jordanem:
2715 1005 2847 1045 ecce
2881 995 3076 1045 autem
3110 991 3301 1044 omnis
3343 991 3438 1044 via
3503 989 3662 1060 plena
3694 995 3793 1046 erat

2199 1077 2458 1133 vestibus
2489 1083 2546 1133 et
2567 1078 2721 1134 vasis
2749 1095 2763 1134 :
2789 1095 2915 1149 quae
2941 1073 3303 1150 projecerant
3324 1077 3456 1150 Syri
3487 1094 3612 1134 cum
3634 1080 3794 1135 turba-

2199 1170 2432 1220 rentur:
2468 1168 2794 1238 reversique
2819 1168 3010 1223 nuntii
3044 1168 3450 1223 indicaverunt
3482 1169 3522 1222 ¹.
3556 1167 3618 1222 Et
3644 1184 3800 1240 egres-

2199 1271 2301 1310 sus
2334 1255 2585 1327 pepulus
2635 1255 2878 1328 diripuit
2919 1261 3112 1312 castra
3140 1257 3315 1328 Syrize
3347 1272 3360 1311 :
3406 1256 3692 1327 factusque
3727 1261 3796 1312 est

2202 1344 2434 1400 modius
2455 1345 2660 1400 simila:
2691 1350 2906 1402 statere
2937 1345 3019 1417 [h.
3053 1345 3217 1419 siclo]
3250 1361 3389 1410 uno,
3450 1349 3506 1400 et
3561 1345 3666 1400 duo
3700 1361 3800 1400 mo-

2201 1431 2280 1486 dii
2312 1431 2510 1488 hordei
2578 1438 2790 1490 statere
2839 1435 2927 1506 [h.
2967 1433 3134 1504 sielo]
3194 1450 3330 1504 ano,
3366 1435 3536 1506 juxta
3599 1433 3796 1490 verbum

2202 1522 2452 1578 Domini.
2505 1523 2680 1579 Porro
2726 1538 2823 1578 rex
2853 1523 3063 1580 ducem
3115 1523 3310 1592 illum,
3353 1523 3412 1578 in
3467 1523 3628 1594 cujus
3658 1539 3797 1578 manu

2203 1611 2583 1668 incumbebat
2631 1613 2754 1686 [τηε.
2787 1612 3183 1684 incubuerat],
3229 1611 3539 1670 constituit
3583 1613 3646 1668 ad
3691 1628 3794 1683 por-

2204 1705 2322 1756 tam
2353 1718 2365 1755 :
2394 1718 2568 1773 quem
2592 1701 3144 1758 conculcavitturba
3171 1703 3229 1757 in
3266 1701 3506 1758 introitu
3536 1699 3797 1772 porte’[b.

449 1799 840 1869 dixeruntque
885 1796 956 1851 ad
991 1794 1238 1849 invicem
1266 1808 1278 1846 :
1303 1792 1470 1886 _Eece
1511 1789 1778 1886 mercede
1816 1784 2096 1886 conduxit
2127 1821 2172 1886 B
2204 1791 2530 1863 populusin
2557 1789 3800 1863 porta],etmortuusest,juxtaquodlocutus

450 1891 757 1947 adversum
819 1901 925 1942 nos
986 1901 1085 1940 rex
1141 1881 1317 1938 Israel
1375 1897 1542 1952 reges
1599 1877 1988 1935 Hetthazorum
2039 1877 2097 1928 et

449 1978 873 2051 Egyptiorum,
923 1978 980 2031 et
1008 1977 1293 2030 venerunt
1322 1987 1497 2042 super
1526 1985 1655 2025 nos.
1707 1967 2100 2023 Surrexerunt

452 2083 612 2141 ergo,
675 2070 732 2123 et
787 2065 1063 2137 fugerunt
1096 2062 1153 2116 in
1212 2061 1490 2126 tenebris,
1551 2063 1608 2114 et
1660 2055 2101 2126 dereliquerunt

449 2155 702 2214 tentoria
731 2171 862 2223 sua,
923 2157 981 2208 et
1009 2167 1189 2222 equos
1221 2153 1277 2204 et
1306 2148 1502 2204 asinos
1547 2147 1604 2203 in
1664 2145 1891 2215 castris,
1932 2143 2098 2215 fuge-

452 2249 730 2317 runtque,
764 2243 992 2299 animas
1025 2241 1316 2294 intentum
1350 2253 1491 2294 suas
1523 2235 1744 2294 salvare
1775 2233 2097 2306 cupientes.

455 2337 644 2407 Igitur
701 2348 836 2389 cum
891 2329 1191 2386 venissent
1228 2327 1441 2400 leprosi
1500 2326 1583 2382 illi
1615 2327 1682 2382 ad
1745 2321 2099 2397 principium

453 2429 806 2490 castrorum,
858 2417 1107 2491 ingressi
1139 2421 1279 2473 sunt
1310 2432 1492 2471 unum
1524 2413 1996 2482 tabernaculum,
2045 2415 2104 2467 et

457 2512 860 2581 comederunt,
893 2517 946 2564 et
976 2507 1273 2563 biberunt.
1299 2505 1703 2576 Tuleruntque
1734 2503 1868 2558 inde
1899 2518 2106 2574 argen-

454 2607 606 2670 tum,
639 2605 697 2657 et
724 2614 959 2668 aurum,
991 2601 1048 2652 et
1071 2602 1281 2667 vestes,
1315 2600 1374 2651 et
1432 2594 1725 2664 abierunt,
1758 2598 1814 2649 et
1854 2591 2102 2647 abscon-

460 2693 707 2748 derunt:
770 2693 827 2744 et
881 2701 1106 2742 rursum
1155 2683 1238 2753 [h.
1274 2701 1387 2739 non
1445 2683 1641 2754 habet]
1700 2681 1910 2738 reversi
1970 2684 2107 2736 sunt

462 2782 533 2839 ad
576 2779 733 2836 aliud
778 2775 1246 2843 tabernaculum,
1278 2778 1335 2829 et
1363 2773 1500 2829 inde
1529 2771 1801 2828 similiter
1846 2772 2108 2826 auferen-

463 2876 552 2927 tes
597 2867 1050 2928 absconderunt,
1081 2863 1481 2934 Dixeruntque
1529 2862 1600 2918 ad
1633 2861 1878 2917 invicem
1917 2877 1929 2914 :
1981 2860 2108 2915 Non

468 2963 623 3016 recte
673 2955 946 3022 facimus,
977 2953 1101 3008 haec
1150 2951 1304 3008 enim
1339 2951 1464 3008 dies
1496 2951 1632 3008 boni
1665 2950 1858 3006 nuntii
1907 2953 2015 3006 est.
2048 2947 2108 3004 Si

466 3045 832 3106 tacuerimus
864 3048 921 3100 et
970 3040 1332 3098 noluerimus
1373 3040 1648 3097 nuntiare
1702 3054 1888 3112 usque
1915 3054 2106 3106 mane,

468 3134 706 3192 sceleris
756 3147 1108 3205 arguemur:
1141 3129 1356 3196 venite,
1414 3146 1638 3199 eamus,
1671 3133 1728 3184 et
1768 3128 2111 3184 nuntiemus

466 3225 525 3281 in
549 3224 682 3281 aula
705 3194 883 3294 regis.
899 3221 1166 3292 Cumque
1188 3194 1486 3277 venissent
1503 3221 1574 3275 ad
1593 3194 1818 3290 portam
1840 3217 2111 3285 civitatis,
2145 3194 2187 3263 (ἶ

468 3315 852 3370 narraverunt
881 3311 988 3381 eis,
1018 3310 1280 3365 dicentes
1305 3327 1321 3362 :
1346 3308 1562 3364 lvimus
1591 3309 1661 3364 ad
1693 3311 1884 3364 castra
1913 3307 2111 3379 Syrias,

460 3408 518 3459 et
551 3401 780 3457 nullum
803 3399 1016 3455 ibidem
1047 3399 1374 3471 reperimus
1391 3397 1684 3454 hominem
1709 3398 1901 3470 [ναις.
1924 3396 2117 3453 homi-

465 3491 653 3562 num],
687 3489 800 3545 nisi
831 3505 1015 3559 equos
1044 3492 1102 3544 et
1131 3487 1330 3544 asinos
1361 3487 1653 3559 alligatos,
1687 3492 1743 3543 et
1771 3488 1886 3543 fixa
1927 3491 2115 3544 tento-

463 3581 569 3652 ria,
603 3581 794 3636 ferunt
822 3594 959 3651 ergo
990 3576 1251 3650 portarii,
1277 3581 1335 3633 et
1356 3577 1776 3632 nuntiaverunt
1805 3577 1866 3631 in
1898 3576 2114 3648 palatio

465 3671 621 3745 regis
679 3669 1057 3726 intrinsecus.
1125 3668 1232 3734 Qui
1283 3667 1536 3723 surrexit
1593 3673 1780 3736 nocte,
1816 3671 1872 3722 et
1902 3668 1984 3723 ait
2041 3668 2112 3723 ad

466 3777 666 3818 servos
727 3774 904 3815 suos:
957 3756 1096 3813 Dico
1127 3756 1292 3812 vobis
1351 3755 1490 3829 quid
1525 3756 1770 3813 fecerint
1805 3756 1924 3829 [ms.
1961 3757 2113 3814 fece-

467 3850 626 3922 runt]
688 3847 857 3904 nobis
885 3845 1049 3919 Syri:
1109 3846 1304 3901 sciunt
1359 3845 1498 3916 quia
1545 3846 1695 3900 fame
1751 3845 2113 3918 laboramus,

467 3937 758 3995 etideirco
789 3932 1007 4006 egressi
1029 3937 1168 3989 sunt
1197 3933 1268 3988 de
1300 3931 1530 3999 castris,
1564 3931 1797 3988 latitant
1825 3933 1884 3987 in
1934 3933 2112 4006 agris,

475 4027 802 4084 dicentes:
890 4022 1036 4079 Cum
1108 4021 1330 4094 egressi
1413 4020 1632 4077 fuerint
1701 4021 1773 4077 de
1855 4022 2111 4089 civitate,

467 4116 771 4189 capiemus
840 4129 940 4170 eos
987 4111 1169 4182 vivos,
1229 4116 1287 4167 et
1341 4115 1480 4168 tunc
1537 4110 1825 4167 civitatem
1886 4111 2114 4183 ingredi

468 4205 832 4279 poterimus:
863 4201 1184 4274 Respondit
1214 4203 1408 4256 autem
1441 4217 1594 4256 unus
1625 4216 1924 4257 servorum
1954 4201 2112 4272 ejus:

466 4329 622 4386 aliud
672 4329 854 4384 habet
924 4326 1238 4398 llebreus,
1279 4331 1487 4397 praeter
1543 4326 1675 4398 ista,
1739 4338 1893 4387 vnn
1944 4338 2108 4388 1min

465 4414 600 4468 mn,
651 4400 874 4456 haibieh
902 4399 1194 4454 haddabar
1222 4397 1412 4468 haue,
1444 4398 1525 4463 id,
1557 4397 1668 4467 est,
1709 4401 1978 4468 numquid
2002 4403 2109 4454 erit

465 4475 689 4551 uerbum
709 4472 854 4528 hoc?
887 4472 947 4551 ld
987 4473 1380 4551 Hie_ro_nymus
1405 4470 1678 4551 refert‘ad
1715 4475 1921 4551 ducem
1956 4473 2108 4545 regis

464 4545 642 4601 Israel
673 4544 1022 4615 loquentem,
1055 4549 1111 4598 et
1141 4541 1329 4597 Eliseei
1361 4542 1764 4614 prophetantis
1782 4543 1956 4598 verba
1977 4541 2045 4598 su
2090 4574 2109 4584 -

464 4617 790 4670 stillantem.
843 4615 1031 4670 Ouare
1061 4613 1281 4670 ootima
1312 4613 1433 4670 haec
1463 4619 1554 4669 est
1583 4613 1984 4670 interpretatio
2009 4633 2022 4670 :
2049 4561 2108 4670 Ξῖ
2138 4572 2187 4636 D

2089 4633 2106 4670 ι

463 4613 816 4745 ῗὶὶὶδξιιθιῐὶ..
843 4615 1042 4696 Quare.
1061 4613 1281 4684 Optima
1312 4613 1433 4696 haec
1463 4613 1554 4669 est
1583 4613 2022 4701 interpretatio;

509 4703 729 4745 ominus
777 4689 999 4745 (inquit
1029 4685 1370 4740 incredulus
1418 4684 1516 4740 ille
1547 4687 1686 4745 dux)
1717 4692 1909 4745 [eccm
1936 4695 2022 4742 ειη

509 4690 729 4746 ominus
777 4685 1373 4760 (inquitgincredulus
1418 4684 1516 4740 ille
1547 4687 1686 4760 dux)
1715 4684 1909 4758 fecerit
1936 4689 2105 4760 etiam

463 4763 769 4816 cataractas
799 4760 859 4813 in
913 4758 1065 4825 caelo,
1106 4758 1374 4829 numquid
1423 4759 1629 4829 poterit
1657 4758 1770 4817 esse
1827 4758 1968 4830 quod
2025 4760 2104 4816 ιο-

467 4833 698 4904 queris?
753 4830 869 4886 Hoc
899 4834 1008 4904 est,
1068 4830 1358 4904 numquid
1416 4833 1630 4900 poterit
1665 4848 1793 4888 esse
1850 4830 1984 4885 talis
2018 4847 2106 4904 ac

467 4901 633 4961 tanta
676 4919 869 4958 rerum
905 4901 1285 4968 abundantia,
1333 4917 1508 4972 quam
1543 4907 1626 4969 tu,
1669 4904 1883 4966 Elisaee,
1938 4901 2106 4958 nobis

467 4974 762 5049 promittis
805 4973 839 5049 ’ζ
888 4973 1092 5049 Restat
1141 4972 1338 5042 itaque
1373 4973 1559 5049 _j_uxta
1588 4992 1828 5032 sensum
1855 4974 2106 5049 Hebraeae

461 5045 774 5119 Scriptura:
826 5045 1141 5121 legendum
1173 5060 1308 5121 cum
1372 5045 1722 5121 Hieronymo
1753 5049 1810 5103 in
1852 5047 2109 5121 secunda

465 5116 735 5192 persona.
765 5116 944 5192 _qu6d
974 5116 1237 5192 loqueris,
1271 5121 1327 5192 et
1359 5133 1468 5192 nan
1494 5117 1561 5192 in
1592 5116 1802 5190 prima,
1835 5118 2002 5192 quod
2027 5121 2106 5172 ιο-

457 5188 716 5266 quamet
765 5189 1014 5266 habetur
1041 5189 1102 5266 in
1135 5188 1378 5266 scholio.
1423 5188 1698 5266 Advertet
1728 5188 1908 5266 lector
1950 5189 2105 5266 idem

459 5258 721 5392 fellioli’on
770 5258 1094 5333 marginale
1124 5261 1457 5332 appositum
1491 5263 1549 5316 in
1584 5264 1697 5318 line
1729 5263 1907 5333 hujus
1946 5261 2107 5332 capi-

490 5354 522 5392 u
556 5354 593 5392 ι.
683 5351 811 5390 Αιιτ.

461 5337 593 5393 tuli.
630 5339 811 5390 MART.

533 5439 600 5449 -—-
627 5406 778 5462 Falsi
809 5402 1006 5474 arguit
1035 5418 1210 5475 suum
1236 5401 1620 5475 tholiastem
1644 5405 1737 5460 hic
1764 5408 1938 5475 atque
1957 5402 2112 5456 infra

467 5481 536 5535 ad
570 5476 811 5549 capituli
858 5473 1037 5549 hujus
1069 5474 1247 5528 ﬁnem
1290 5473 1661 5549 Martianmus
1718 5473 1858 5546 ipse:
1921 5480 2109 5546 Atque

466 5547 744 5607 Hebraeus
799 5547 1036 5619 quidem
1069 5550 1263 5620 textus
1297 5561 1398 5614 pro
1425 5547 1565 5617 quod
1596 5548 1852 5620 loqueris,
1878 5552 2106 5602 tantum

468 5623 658 5704 habet.
691 5617 912 5703 verbum
940 5617 1108 5688 istud,
1136 5628 1250 5677 mn
1278 5629 1454 5704 131.1,
1485 5620 1637 5703 quod
1660 5617 1868 5704 referri
1913 5623 2110 5704 tamen

471 5693 543 5752 ad
573 5691 768 5751 Elisaei
806 5705 1117 5764 personam
1175 5693 1462 5764 oportere,
1493 5692 1672 5752 series
1693 5696 1812 5753 tota
1833 5691 2112 5754 orationis

2214 1881 2401 1936 fuerat
2446 1880 2536 1936 vir
2583 1881 2706 1947 Dei,
2741 1883 2974 1954 quando
3021 1881 3410 1937 descenderat
3440 1896 3534 1936 rex
3580 1879 3645 1935 ad
3670 1894 3794 1934 eum.

2207 1969 2567 2042 Factumque
2591 1975 2681 2026 est
2704 1971 3029 2026 secundum
3048 1985 3384 2026 sermonem
3409 1969 3512 2025 viri
3529 1969 3636 2038 Dei,
3665 1983 3799 2040 quem

2208 2058 2432 2114 dixerat
2479 2061 2621 2131 regi,
2656 2060 2890 2131 quando
2941 2059 3060 2115 ait:
3098 2063 3218 2116 Duo
3255 2059 3441 2114 modii
3497 2057 3681 2114 hordei
3707 2060 3798 2111 sta-

2205 2151 2325 2204 tere
2355 2147 2437 2217 [h.
2499 2148 2660 2217 siclo]
2697 2166 2812 2204 uno
2845 2155 3039 2216 erunt,
3098 2153 3156 2204 et
3188 2147 3425 2204 modius
3475 2147 3662 2204 simile
3713 2150 3804 2200 sta-

2206 2240 2329 2292 tere
2360 2237 2442 2309 [h.
2491 2237 2658 2310 siclo]
2717 2255 2855 2306 uno,
2913 2238 3022 2294 hoc
3053 2238 3258 2294 eodem
3306 2241 3562 2309 tempore
3589 2251 3718 2299 cras,
3755 2233 3799 2286 in

2212 2331 2378 2399 porta
2431 2327 2706 2384 Samaria:
2732 2372 2748 2395 ,
2783 2328 3018 2400 quando
3045 2327 3434 2398 responderat
3475 2326 3586 2381 dux
3613 2325 3693 2380 ille
3735 2321 3797 2394 [h.

2211 2432 2324 2470 non
2358 2415 2551 2487 habet]
2582 2417 2703 2472 viro
2734 2416 2857 2486 Dei,
2907 2421 2965 2472 et
2991 2416 3249 2472 dixerat:
3287 2415 3523 2472 Etiamsi
3560 2413 3798 2471 Dominus

2212 2505 2412 2561 fecerit
2458 2511 2776 2562 cataractas
2805 2506 2864 2561 in
2923 2505 3090 2576 coelo,
3123 2506 3416 2578 numquid
3476 2503 3664 2577 poterit
3701 2499 3797 2556 ﬁeri

2214 2595 2367 2666 quod
2398 2594 2656 2666 loqueris
2705 2595 2787 2665 [h.
2820 2596 2962 2651 Ecce
2994 2595 3281 2650 Dominus
3325 2593 3497 2651 faciet
3535 2594 3799 2648 cataractas

2215 2684 2273 2738 in
2305 2684 2448 2739 cmlo
2469 2683 2496 2738 ?
2529 2684 2824 2756 Numquid
2862 2684 3074 2756 poterit
3120 2699 3251 2739 esse
3286 2685 3439 2755 quod
3471 2681 3676 2754 loquor]
3708 2677 3803 2733 ?Et

2217 2773 2362 2828 dixit
2388 2774 2436 2828 ei
2473 2791 2486 2830 :
2521 2773 2754 2830 Videbis
2785 2773 2973 2829 oculis
3002 2773 3146 2840 tuis,
3169 2777 3227 2828 et
3257 2773 3398 2830 inde
3424 2789 3534 2829 non
3563 2769 3800 2827 comedas.

2217 2863 2420 2918 Evenit
2449 2878 2586 2936 ergo
2617 2863 2666 2918 ei
2721 2863 2871 2918 sicut
2902 2862 3247 2936 praedictum
3284 2863 3489 2931 fuerat,
3521 2864 3575 2917 et
3616 2854 3799 2914 concul-

2219 2951 2371 3007 cavit
2401 2967 2533 3008 eum
2560 2950 2812 3024 populus
2842 2951 2899 3006 in
2943 2955 3155 3023 portat,
3182 2955 3240 3007 et
3275 2955 3542 3008 mortuus
3569 2955 3665 3005 est.

2292 3041 2444 3114 [Cap.
2469 3041 2640 3110 Vlll.]
2673 3041 2913 3098 Elisaeus
2943 3045 3137 3098 autem
3171 3040 3408 3098 locutus
3438 3044 3524 3098 est
3549 3039 3612 3095 ad
3646 3033 3804 3092 mulie-

2225 3146 2370 3198 rem,
2406 3131 2574 3201 cujus
2624 3130 2812 3186 vivere
2844 3131 3059 3188 fecerat
3097 3129 3316 3200 ﬁlium,
3375 3130 3567 3186 dicens
3611 3126 3808 3192 :Surge.

2225 3221 2369 3277 vade
2399 3225 2462 3276 tu
2508 3225 2566 3276 et
2593 3221 2821 3292 ,domus
2853 3224 2976 3288 tua,
3027 3223 3084 3276 et
3115 3219 3489 3292 peregrinare
3537 3217 3808 3283 ubicunque

2226 3310 2507 3381 repereris
2551 3309 2825 3366 :vocavit
2875 3309 2998 3381 [ms.
3053 3309 3310 3381 vocabit]
3381 3309 3529 3366 enim
3584 3302 3808 3362 Dominus

2223 3401 2462 3467 famem,
2495 3407 2549 3456 et
2577 3400 2766 3456 veniet
2783 3416 2964 3471 super
2994 3403 3208 3454 terram
3242 3403 3471 3472 septem
3512 3396 3681 3453 anuis.
3708 3390 3805 3454 Ουε

2223 3491 2476 3546 surrexit
2522 3494 2580 3546 et
2636 3489 2770 3546 fecit
2825 3490 2988 3560 juxta
3033 3488 3282 3544 verbum
3337 3486 3582 3544 hominis
3617 3481 3698 3539 Dei
3741 3479 3802 3550 [h.

2222 3581 2326 3635 viri
2362 3579 2522 3652 Dei]:
2583 3586 2640 3635 et
2669 3580 2886 3634 vadens
2945 3594 3078 3633 cum
3109 3577 3290 3634 domo
3323 3595 3450 3648 sua,
3499 3571 3803 3649 peregrinata

2223 3673 2312 3725 est
2343 3671 2400 3724 in
2455 3674 2610 3724 terra
2641 3667 2974 3724 Philisthim
3009 3667 3218 3723 diebus
3253 3666 3457 3723 multis
3505 3665 3580 3735 [h.
3625 3663 3798 3732 septem

2222 3759 2393 3815 annis
2415 3760 2435 3793 ³
2465 3759 2503 3831 ].
2529 3762 2789 3829 Cumque
2809 3757 2955 3812 finiti
2978 3761 3176 3812 essent
3197 3757 3340 3812 anni
3371 3760 3606 3828 septem,
3626 3759 3801 3806 reversa

2222 3852 2310 3904 est
2324 3847 2535 3904 mulier
2555 3848 2624 3903 de
2637 3852 2789 3903 terra
2804 3845 3160 3914 Philisthim,
3177 3849 3234 3901 et
3257 3862 3493 3919 egressa
3504 3847 3585 3900 est
3599 3840 3800 3896 utinter-

2223 3937 2464 4010 pelleret
2486 3952 2678 4008 regem
2706 3952 2808 4008 pro
2826 3935 3000 3990 domo
3014 3938 3310 4007 suaetpro
3329 3935 3480 4007 agris
3495 3929 3801 3997 suis[h.agr0

2223 4009 2348 4082 suo.
2365 4026 2483 4082 Rex
2497 4031 2690 4081 autem
2720 4023 3067 4097 loquebatur
3089 4039 3220 4079 eum
3234 4023 3391 4080 Giezi
3406 4037 3576 4097 puero
3592 4017 3683 4074 viri
3709 4009 3797 4073 Dei,

2222 4116 2463 4172 dicens:
2498 4119 2680 4171 Narra
2712 4113 2853 4169 mihi
2887 4113 3086 4168 omnia
3118 4113 3412 4186 magnalia
3441 4127 3557 4184 qua:
3581 4108 3696 4164 fecit
3719 4099 3802 4156 Eli-

2223 4222 2392 4262 saeus.
2419 4205 2683 4275 Cumque
2701 4203 2795 4258 ille
2809 4207 3074 4258 narraret
3096 4203 3215 4275 regi
3242 4203 3531 4275 quomodo
3554 4200 3795 4252 mortuum

2221 4329 2453 4385 evincit.
2505 4328 2718 4384 Verum
2755 4343 2869 4382 non
2901 4343 2970 4383 ex
3000 4326 3240 4382 Hebraeo
3297 4327 3618 4397 archetypo,
3644 4316 3725 4397 sed
3750 4327 3796 4366 ex

2223 4402 2343 4456 Lati
2357 4419 2426 4455 na
2449 4400 2647 4472 aliqua
2667 4399 2952 4472 versione,
2971 4389 3594 4472 suashascevariantes
3605 4389 3800 4472 lectione

2223 4474 2519 4544 accepisse
2547 4468 2929 4544 scholiasten,
2984 4471 3153 4525 nobis
3186 4470 3493 4542 probatum
3549 4468 3629 4522 est
3661 4469 3800 4528 supra

2222 4562 2326 4600 nec
2357 4543 2471 4600 uno
2505 4544 2562 4598 in
2594 4543 2742 4600 loco.

2289 4637 2304 4670 ί
2340 4634 2516 4690 Addit
2573 4633 2872 4689 Veronens
2905 4647 3014 4686 ms.
3051 4631 3204 4700 Regi,
3240 4631 3394 4702 quod
3430 4627 3586 4684 habet
3625 4618 3794 4702 nedum

2215 4739 2251 4785 2
2286 4725 2559 4779 llebrzeus
2585 4726 2778 4778 textus
2808 4705 2993 4806 157:5,
3029 4721 3129 4775 sed
3179 4700 3357 4775 etiam
3416 4712 3633 4786 Vulgati
3674 4700 3793 4762 libri.

2287 4815 2306 4848 ²
2333 4815 2442 4868 Pro
2493 4811 2684 4868 verbis
2712 4812 2770 4865 in
2810 4811 3043 4865 zntroitu-
3073 4817 3262 4878 portas,
3296 4807 3623 4864 Hebraicum
3645 4807 3798 4878 exem-

2217 4885 2344 4958 plar
2400 4889 2628 4958 tantum
2663 4883 2839 4958 habet
2876 4881 2950 4958 Ain
2974 4877 3137 4951 porta
3159 4877 3328 4958 ﬁmi-73
3370 4877 3793 4958 _V01‘00§03ff‘_3;

2216 4938 2452 5013 tantum
2484 4958 2542 5010 in
2564 4956 2820 5010 introitu.
2872 4938 3140 5008 Fortasse
3173 4938 3515 5007 alterutrum
3547 4938 3793 5017 abundare

2214 5030 2420 5085 Latino
2478 5026 2782 5099 interpreti
2837 5029 3058 5092 nostro,
3141 5040 3246 5080 nec
3295 5023 3462 5094 plane
3532 5013 3793 5073 immerito,

2216 5101 2543 5155 videbatur.

2216 5102 2543 5156 videbatur.

2315 5189 2554 5244 3Verba
2600 5186 2882 5242 Hebraica
2935 5195 3090 5244 cum
3153 5195 3308 5249 37:13,
3363 5183 3483 5237 seba
3533 5176 3710 5235 suntm,
3749 5166 3791 5217 et

2216 5266 2419 5332 septem
2450 5275 2644 5328 annos,
2665 5329 2673 5332 Α
2693 5264 2748 5313 et
2778 5258 2989 5332 multos
3016 5272 3189 5312 annos
3214 5254 3543 5332 signiﬁcant
3572 5250 3790 5332 nauis:

2219 5318 2284 5388 ba.
2315 5333 2433 5388 sive
2457 5318 2643 5400 sabee,
2663 5329 3074 5400 interpretetur
3107 5318 3330 5399 septem,
3368 5323 3449 5378 vel
3471 5318 3790 5400 juramenttttil

2217 5404 2304 5460 vel
2336 5392 2942 5459 saturitas.Saturitas
2991 5392 3184 5455 autem
3217 5392 3521 5458 annorum,
3551 5403 3661 5462 qua:
3703 5392 3789 5435 n00

2219 5484 2451 5531 resonat
2481 5476 2538 5530 in
2571 5475 2774 5529 Latino
2799 5487 3088 5536 sermone,
3126 5470 3441 5526 multorum
3465 5466 3666 5536 dierum
3687 5465 3790 5536 3P3?

2219 5548 2302 5602 tia
2332 5545 2641 5602 denuntiat
2692 5546 2844 5600 Bene
2900 5559 3036 5615 ergo
3077 5535 3470 5615 Hieronymus
3490 5535 3606 5592 seba
3635 5535 3787 5615 fit")?

2220 5594 2312 5674 hic
2334 5594 2808 5688 grassatus“,
2819 5594 2880 5674 Et
2901 5594 3332 5690 sesesese;
3354 5610 3541 5669 Latine
3565 5594 3785 5661 reddidit.

2220 5691 2410 5753 Mser.
