3938 6174
179 338 273 394 789

167 463 487 522 suscitasset
556 462 652 534 (al.
710 462 1078 532 suscitaret),

174 554 323 624 cujus
353 551 742 608 viviﬁcaverat
773 552 994 617 ﬁlium,
1027 552 1294 608 clamans
1344 553 1415 608 ad
1467 569 1664 625 regem
1699 569 1802 624 pro

178 642 331 698 domo
359 658 462 698 sua
489 646 546 698 et
574 659 677 714 pro
709 642 869 714 agris
900 642 1028 698 suis
1059 641 1144 712 (h.
1177 659 1316 713 agro
1347 646 1497 713 suo).
1532 643 1805 714 Dixitque

174 732 307 786 Giezi
339 747 353 785 :
385 729 621 787 Domine
669 731 745 786 mi
827 747 947 801 rex,
999 730 1121 785 haec
1181 735 1270 785 est
1320 731 1554 796 mulier,
1606 736 1664 786 et
1709 731 1805 786 hic

173 819 313 876 ﬁlius
335 821 659 892 ejus,quem
693 820 1008 875 suscitavit
1037 820 1300 877 Elisaaus.
1324 825 1395 876 Et
1424 819 1807 893 interrogavit

174 926 257 965 rex
287 909 584 965 mulierem
620 925 633 963 :
669 925 800 980 quas
832 909 1093 965 narravit
1147 909 1218 966 ei.
1266 910 1556 982 Deditque
1603 910 1655 966 ei
1705 927 1804 965 rex

171 999 485 1056 eunuchum
515 1015 722 1067 unum,
758 998 963 1056 dicens
999 1015 1012 1054 :
1048 1000 1310 1056 Restitue
1339 1001 1392 1056 ei
1443 999 1644 1056 omnia
1676 1016 1801 1071 qua:

167 1106 261 1145 sua
289 1093 458 1154 sunt;
491 1091 548 1142 et
580 1089 890 1144 universos
921 1089 1150 1146 reditus
1182 1105 1466 1162 agrorum
1503 1089 1798 1162 (h.agris),

169 1177 305 1233 adie
333 1194 445 1248 qua
472 1177 706 1249 reliquit
749 1183 966 1234 terram
1019 1196 1207 1251 usque
1253 1180 1324 1236 ad
1383 1196 1663 1250 praesens.
1714 1180 1796 1251 (T.

166 1265 512 1336 CXXXVIII.)
547 1266 721 1322 Venit
752 1282 987 1340 quoque
1038 1267 1282 1324 Eliswus
1334 1268 1708 1335 Damascum,
1743 1271 1803 1322 et

169 1355 413 1411 Bsnadad
449 1371 543 1410 rex
575 1356 750 1428 Syriae
783 1358 1102 1429 zegrotabat
1137 1375 1150 1414 :
1186 1357 1727 1428 nuntiaveruntque
1748 1356 1803 1412 ei

169 1444 407 1500 dicentes
440 1461 453 1500 :
489 1444 664 1501 Venit
689 1446 779 1502 vir
807 1446 909 1502 Dei
940 1447 1075 1502 huc.
1107 1447 1178 1502 Et
1209 1449 1289 1503 ait
1332 1462 1427 1501 rex
1471 1447 1541 1502 ad
1590 1444 1758 1502 Azael
1786 1462 1799 1501 :

165 1533 306 1591 Tolle
334 1538 520 1591 tecum
555 1535 636 1605 (h.
673 1535 732 1590 in
765 1553 942 1591 manu
999 1536 1124 1608 tua)
1177 1552 1445 1603 munera,
1478 1539 1536 1592 et
1564 1536 1708 1592 vade
1740 1535 1799 1591 in

165 1639 448 1679 occursum
480 1624 591 1679 viri
625 1624 750 1689 Dei,
784 1629 841 1680 et
873 1625 1114 1681 consule
1147 1625 1458 1680 Dominum
1507 1641 1610 1696 per
1640 1641 1802 1689 eum,

165 1713 386 1768 dicens:
421 1713 478 1768 Si
531 1714 782 1769 evadere
829 1713 912 1785 (h.
963 1713 1022 1768 Si
1071 1713 1288 1786 vivere)
1339 1718 1541 1786 potero
1590 1714 1660 1769 de
1708 1713 1801 1768 in-

1482 340 1700 396 LIBEB
1737 341 1789 394 II
1829 340 2236 395 MALACHIM.

1170 463 1446 536 apparuit
1536 463 1750 520 mulier
1783 506 1798 535 ,
1830 466 1885 532 Α
1915 465 2329 536 praavaricatus
2355 464 2466 537 est)
2498 465 2704 531 Edom,
2740 480 2813 520 ne
2840 467 2996 520 esset
3025 465 3136 520 sub
3165 463 3403 530 Juda,et
3433 480 3566 520 con-

3457 337 3564 391 7’0

1916 553 2110 609 stituit
2139 554 2252 609 sibi
2285 571 2498 624 regem.
2535 554 2822 626 Venitque
2843 555 3036 608 Joram
3064 553 3242 624 Seira,
3275 559 3332 608 et
3361 569 3565 609 omnes

1916 660 2125 699 currus
2171 660 2305 699 cum
2359 660 2425 698 eo
2461 661 2473 699 :
2509 648 2566 699 et
2614 643 2870 699 surrexit
2904 649 3097 713 nocte,
3152 643 3563 715 percussitque

1917 733 2226 801 Idumaeos,
2261 732 2362 804 qui
2408 749 2540 788 eum
2588 732 3117 801 circumdederant,
3167 737 3226 787 et
3269 732 3562 804 principes

1916 838 2221 890 curruum,
2247 822 2498 894 populus
2527 827 2721 876 autem
2757 821 2906 893 fugit
2937 821 2992 875 in
3028 821 3401 876 tabernacula
3431 839 3558 878 sua.

1916 911 2180 968 Recessit
2211 911 2289 983 (h.
2327 911 2764 981 Praevaricatus)
2796 927 2929 981 ergo
2960 911 3140 966 Edom
3164 928 3234 968 ne
3265 916 3420 967 esset
3451 914 3563 967 sub

1913 1001 2086 1068 Juda,
2121 1017 2308 1072 usque
2340 1001 2411 1056 ad
2444 1000 2598 1055 diem
2632 1000 2804 1055 hanc.
2840 1001 3005 1055 Tunc
3037 1001 3276 1056 recessit
3306 1002 3386 1072 (h.
3413 1018 3562 1072 prae-

1913 1092 2234 1159 varicatus)
2279 1095 2335 1145 et
2368 1090 2561 1145 Lobna
2591 1089 2648 1144 iu
2701 1093 2966 1162 tempore
3007 1089 3126 1146 illo.
3179 1091 3269 1161 (T.
3320 1091 3562 1161 CXLII.)

1915 1179 2162 1250 Reliqua
2193 1184 2388 1236 autem
2423 1194 2762 1235 sermonum
2797 1178 3020 1249 Joram,
3053 1184 3109 1234 et
3141 1179 3417 1235 universa
3438 1197 3564 1252 quas

1915 1268 2073 1336 fecit,
2105 1284 2300 1325 nonne
2330 1268 2450 1323 haec
2499 1268 2718 1339 scripta
2762 1267 2988 1322 suntin
3044 1266 3195 1322 libro
3243 1268 3565 1324 Verborum

1917 1357 2142 1412 dierum
2178 1374 2382 1430 regum
2411 1355 2615 1412 Juda?
2646 1360 2713 1411 Et
2742 1355 3000 1411 dormini
3045 1355 3241 1412 Joram
3292 1373 3425 1412 cum
3463 1374 3568 1428 pa-

1915 1447 2106 1502 tribus
2138 1447 2286 1513 suis,
2340 1445 2729 1518 sopultusque
2782 1450 2873 1501 est
2903 1461 3037 1500 cum
3089 1445 3174 1501 eis
3222 1446 3282 1501 in
3333 1446 3568 1502 civitate

1912 1534 2115 1607 David,
2171 1541 2228 1590 et
2273 1535 2534 1607 regnavit
2596 1534 2839 1589 Ahazias
2911 1533 3070 1589 ﬁlius
3135 1534 3264 1605 ejus
3327 1551 3429 1606 pro
3474 1552 3561 1593 eo.

1909 1627 2076 1680 Anno
2126 1624 2473 1681 duodecimo
2521 1627 2718 1680 Joram
2772 1622 2874 1678 ﬁlii
2942 1622 3101 1678 Ahab
3161 1622 3318 1695 regis
3365 1623 3562 1690 Israel,

1913 1713 2180 1786 regnavit
2212 1712 2455 1769 Ahazias
2487 1712 2643 1768 ﬁlius
2684 1713 2886 1768 Joram
2918 1713 3074 1783 regis
3120 1712 3306 1768 Juda.
3340 1713 3563 1786 Viginti

162 1801 410 1859 ﬁrmitate
452 1818 590 1859 mea
641 1803 750 1858 hac
779 1802 807 1858 ‘l
858 1804 965 1859 Ivit
1015 1803 1197 1875 igitur
1245 1803 1418 1859 Azacl
1478 1803 1535 1857 in
1596 1819 1802 1859 occur-
1830 1845 1876 1911 B
1911 1803 2162 1858 duorum
2197 1819 2486 1858 annorum
2521 1807 2645 1858 erat
2679 1802 2892 1858 Ahzias
2923 1819 3056 1857 cum
3089 1817 3333 1872 regnare
3361 1803 3564 1874 coepis-

161 1907 275 1947 sum
328 1893 475 1962 ejus,
538 1892 768 1948 habens
850 1909 1049 1948 secum
1127 1893 1210 1960 (h.
1285 1893 1344 1948 in
1425 1909 1602 1966 manu
1664 1909 1793 1960 sua,
1830 1890 1876 1911 ”
1907 1896 2080 1959 set,et
2111 1909 2228 1948 uno
2251 1910 2405 1948 anno
2437 1891 2700 1964 regnavit
2732 1893 2790 1947 in
2821 1890 3172 1948 Jerusalem:
3208 1908 3420 1948 nomen
3446 1910 3562 1948 ma-

160 1996 380 2037 muuera
447 1986 505 2037 et
583 1981 780 2039 omnia
851 1983 1006 2038 bona
1067 1982 1362 2051 Damasci,
1431 1999 1611 2038 onera
1659 1999 1798 2054 qua-
1899 1983 2009 2038 tris
2041 1983 2170 2053 ejus
2201 1982 2456 2050 Athalia,
2487 1981 2608 2037 ﬁlia
2636 1982 2799 2036 Amri
2836 1982 2992 2053 regis
3024 1980 3224 2037 Israel.
3255 1982 3326 2037 Et
3358 1983 3563 2038 ambu-

159 2069 402 2140 dragiuta
471 2070 864 2128 camelorum.
923 2073 1187 2143 Cumque
1264 2071 1530 2127 stetisset
1601 2088 1797 2126 coram
1900 2057 2044 2130 lavit
2075 2075 2132 2128 in
2167 2072 2277 2128 viis
2307 2073 2521 2129 domus
2549 2073 2715 2128 Ahab
2748 2090 2760 2126 :
2791 2077 2849 2128 et
2881 2071 3012 2127 fecit
3045 2073 3198 2143 quod
3224 2072 3444 2129 malum
3476 2079 3562 2130 est

160 2175 234 2225 eo,
263 2159 339 2215 ait
368 2179 381 2217 :
425 2159 616 2217 Filius
640 2165 776 2217 tuus
801 2162 1070 2217 Benadad
1107 2177 1207 2216 rex
1235 2161 1410 2233 Syria:
1434 2161 1705 2216 misitme
1729 2161 1799 2216 ad
1904 2179 2100 2220 coram
2134 2162 2381 2217 Domino
2415 2163 2490 2232 (h.
2526 2163 2584 2217 in
2617 2161 2804 2217 oculis
2855 2161 3134 2233 Domini),
3168 2161 3322 2217 sicut
3351 2163 3564 2219 domus

163 2254 212 2305 te
235 2250 426 2306 dicens
461 2266 474 2306 :
508 2251 574 2305 Si
609 2251 805 2306 san~:ri
832 2251 915 2320 (h.
948 2251 1008 2306 Si
1041 2251 1251 2323 vivere)
1285 2254 1486 2322 potero
1530 2251 1600 2306 de
1634 2251 1801 2305 inﬁr-

172 2338 350 2396 mitate
398 2356 524 2397 mea
562 2339 720 2396 hac?
751 2340 1019 2411 Dixitque
1049 2340 1101 2396 ei
1134 2340 1257 2411 (ms.
1292 2349 1398 2396 (ac.
1431 2340 1504 2411 ei)
1534 2339 1801 2396 Elisaeus:

173 2427 328 2496 Vade,
360 2433 415 2484 et
445 2430 542 2484 dic
579 2429 630 2486 ei
662 2447 674 2484 :
707 2429 1021 2486 Sanaberis
1045 2429 1324 2502 (h.Vives)
1359 2445 1371 2482 :
1408 2445 1578 2501 porro
1609 2433 1805 2485 osten-

177 2516 249 2572 dit
290 2518 429 2574 mihi
469 2517 766 2575 Dominus
816 2519 955 2590 quia
1002 2523 1187 2575 morte
1238 2517 1518 2574 morietur
1560 2535 1572 2572 :
1613 2518 1806 2573 Stetit-

177 2622 275 2678 que
301 2624 426 2663 cum
462 2624 558 2675 eo,
611 2613 669 2663 et
719 2608 1108 2665 conturbatus
1157 2612 1248 2664 est
1295 2609 1366 2663 ad
1418 2607 1804 2664 suffusionem

175 2694 389 2753 vultus:
423 2697 708 2769 flevitque
737 2696 824 2752 vir
856 2696 1092 2754 Dei.Cui
1133 2697 1302 2753 Azael
1334 2697 1416 2752 uit
1450 2713 1463 2752 :
1498 2698 1686 2762 Quare
1704 2696 1806 2751 do-

177 2784 350 2842 minus
363 2803 530 2842 meus
548 2787 650 2842 ﬂet
672 2787 700 2840 ‘l
728 2785 910 2842 Atille
932 2787 1240 2858 respondit
1263 2786 1440 2855 (Vulg.
1458 2785 1642 2852 fixit):
1662 2785 1810 2851 Quia

173 2873 277 2930 scio
306 2891 427 2947 quae
460 2876 732 2932 facturus
764 2875 848 2933 sis
885 2875 1022 2931 ﬁliis
1070 2875 1246 2932 Israel
1298 2875 1474 2932 mala.
1528 2875 1808 2930 Civitates

173 2963 604 3038 (h.munitiones)
633 2981 836 3021 eorum
860 2964 1266 3037 munitasigne
1292 2964 1806 3034 succendes,etju-

172 3055 472 3126 venes(ms.
527 3055 830 3126 jumenta)
882 3070 1082 3110 eorum
1131 3053 1450 3110 interﬁcies
1501 3052 1719 3124 gladio,
1752 3056 1811 3108 et

173 3139 424 3209 parvulos
453 3157 666 3199 eorum
698 3140 902 3210 elides,
935 3145 992 3197 et
1021 3144 1391 3214 prmgnantes
1435 3141 1678 3196 divides.
1704 3139 1807 3197 Di-

1907 2253 2072 2308 Ahab
2109 2268 2122 2306 :
2155 2268 2334 2324 gener
2364 2253 2521 2307 enim
2555 2251 2769 2307 domus
2799 2250 2966 2306 Ahab
3016 2251 3142 2306 fuit.
3180 2255 3259 2323 (T.
3289 2250 3562 2324 CXLIII.)

1905 2343 2063 2398 Abiit
2091 2358 2325 2414 quoque
2347 2357 2480 2396 cum
2511 2343 2708 2396 Joram
2735 2340 2854 2396 ﬁlio
2877 2340 3144 2407 Ahab,ad
3179 2340 3562 2413 prazliandum

1909 2436 2110 2487 contra
2138 2430 2305 2486 Azael
2336 2447 2533 2503 regem
2562 2429 2736 2502 Syriae
2769 2431 2826 2486 in
2858 2429 3105 2485 Ramoth
3130 2431 3254 2502 (ms.
3285 2431 3564 2501 Ramath)

1909 2520 2150 2588 Galaad,
2182 2525 2240 2575 et
2266 2519 2722 2575 vulneraverunt
2751 2519 2875 2591 Syri
2923 2517 3124 2575 Joram
3162 2535 3175 2575 :
3212 2519 3313 2591 qui
3365 2536 3560 2576 rever-

1909 2627 2013 2667 sus
2042 2613 2152 2677 est,
2185 2614 2252 2664 ut
2281 2613 2606 2672 curaretur,
2641 2609 2700 2663 in
2729 2607 2976 2673 Jezrasl,
3028 2608 3166 2679 quia
3209 2609 3560 2665 vulnerave-

1908 2703 2040 2755 rant
2071 2715 2204 2755 eum
2236 2698 2362 2772 Syri
2392 2697 2452 2754 in
2487 2697 2672 2752 Rama
2719 2697 2916 2767 (Vulg.
2968 2696 3243 2768 Ramoth)
3285 2698 3557 2769 prmlian-

1909 2793 2028 2844 tem
2083 2791 2287 2843 contra
2341 2783 2511 2842 Azael
2571 2801 2769 2857 regem
2825 2784 3023 2856 Syria.
3085 2785 3260 2840 Porro
3304 2787 3553 2842 Ahazias

1911 2878 2069 2933 ﬁlius
2098 2877 2317 2947 Joram,
2351 2893 2451 2932 rex
2478 2876 2652 2945 Juda,
2703 2875 3007 2930 descendit
3053 2875 3302 2931 invisere
3349 2876 3552 2932 Joram

1915 2967 2101 3022 ﬁlium
2132 2966 2296 3022 Ahab
2326 2967 2384 3021 in
2415 2962 2654 3031 .lezrael,
2687 2965 2824 3035 quia
2853 2965 3168 3034 aegrotabat
3197 2965 3278 3020 ibi
3311 2966 3351 3020 ².

1983 3057 2072 3128 (Τ.
2104 3055 2335 3122 CXLIV,
2371 3055 2500 3127 Cap.
2537 3054 2660 3127 IX.)
2699 3053 2945 3110 Elisaaus
2997 3057 3191 3109 autem
3243 3055 3556 3126 prophetes

1913 3146 2140 3201 vocavit
2169 3161 2355 3199 unum
2386 3145 2458 3199 de
2489 3143 2627 3199 ﬁliis
2659 3142 3164 3215 prOpbetarum,et
3195 3142 3275 3198 ait
3302 3143 3388 3198 illi
3415 3149 3557 3199 :Ac-

174 3228 352 3299 xitque
380 3231 579 3287 Azael.
611 3229 759 3295 Quid
791 3231 948 3286 enim
981 3247 1114 3287 sum
1149 3246 1354 3286 servus
1386 3235 1530 3286 tuus
1551 3230 1808 3296 canis,ut
1837 3215 1880 3283 Ο
1919 3235 2083 3306 cinge
2115 3234 2347 3290 lumbos
2377 3237 2532 3302 tuos,
2555 3237 2611 3288 et
2639 3231 2778 3288 tolle
2809 3230 3152 3287 lenticulam
3185 3231 3295 3288 olei
3327 3232 3478 3289 hanc
3501 3233 3562 3288 in

175 3314 362 3374 faciam
396 3336 517 3376 rem
559 3318 734 3374 istam
779 3334 1056 3391 magnam
1079 3318 1107 3374 ‘l
1135 3319 1228 3390 (T.
1279 3316 1606 3389 CXXXIX.)
1638 3319 1706 3372 Et
1735 3316 1818 3372 ait

179 3405 411 3463 Eisaaus:
446 3409 727 3464 Ostendit
758 3407 902 3464 mihi
955 3406 1242 3464 Dominus
1291 3411 1348 3462 te
1395 3422 1587 3476 regem
1638 3406 1815 3472 Syriae

179 3494 301 3552 fore.
329 3497 435 3561 Qui
465 3513 611 3554 cum
644 3497 984 3553 recessisset
1009 3497 1079 3551 ab
1111 3495 1501 3565 Elisaeo,venit
1524 3495 1595 3551 ad
1627 3495 1816 3552 domi-

181 3600 304 3641 num
332 3586 651 3651 suum.Qui
685 3587 766 3641 ait
795 3585 846 3641 ei
880 3601 894 3640 :
929 3585 1078 3652 Quid
1111 3585 1217 3640 tibi
1253 3585 1400 3640 dixit
1434 3583 1722 3640 Elisseus‘?
1744 3587 1821 3640 At

182 3671 264 3730 ille
293 3675 599 3749 respondit
633 3693 646 3731 :
681 3675 835 3730 Dixit
861 3674 1046 3730 mihi:
1081 3673 1348 3745 Recipies
1365 3673 1820 3745 (h.Vives)saui-

180 3764 337 3819 tatem
367 3766 531 3834 1.(T.
569 3763 759 3836 CXL.)
808 3767 1075 3834 Cumque
1121 3763 1380 3818 venisset
1441 3762 1568 3817 dies
1615 3761 1820 3830 altera,

181 3852 300 3911 tulit
326 3854 689 3928 stragulum,
726 3858 784 3911 et
814 3855 1028 3910 infudit
1058 3869 1230 3926 aqua,
1258 3858 1314 3909 et
1344 3853 1624 3926 expandit
1645 3868 1824 3926 super

179 3942 368 3999 faciem
402 3946 540 4016 ejus
574 3963 587 4001 :
623 3960 740 4016 quo
803 3949 1054 4013 mortuo,
1111 3947 1377 4016 regnant
1423 3942 1586 3999 Azael
1621 3960 1723 4015 pro
1755 3958 1822 3999 eo

182 4031 464 4107 (T.CXLI.)
487 4040 662 4092 Anno
683 4034 894 4106 quinto
914 4036 1114 4088 Joram
1140 4031 1242 4086 ﬁlii
1266 4032 1434 4087 Ahab
1467 4031 1620 4105 regis
1643 4032 1822 4088 Israel

179 4123 230 4174 et
255 4121 542 4194 Josaphat
574 4121 732 4193 regis
762 4120 1207 4192 Juda,regnavit
1238 4120 1436 4177 Joram
1472 4120 1628 4176 ﬁlius
1650 4121 1822 4176 Josa-

183 4207 311 4279 phat
337 4226 435 4266 rex
451 4210 910 4282 Juda.Triginta
931 4211 1184 4265 duorum
1217 4215 1342 4266 erat
1371 4226 1662 4266 annorum
1687 4226 1821 4265 cum

185 4313 408 4370 regnare
440 4300 738 4372 cmpisset,
767 4305 825 4356 et
854 4304 983 4355 octo
1019 4299 1190 4354 annis
1224 4301 1490 4371 regnavit
1514 4300 1570 4354 in
1594 4300 1826 4355 Jerusa-

186 4383 773 4460 lem.Ambulavitque
805 4389 862 4442 in
897 4388 1008 4443 viis
1055 4404 1256 4460 regum
1290 4388 1599 4461 (ms.regis)
1625 4389 1824 4458 Israel,

187 4473 326 4530 sicut
354 4477 761 4534 ambulaverat
793 4477 1004 4533 domus
1035 4477 1203 4533 Ahab
1236 4494 1249 4532 :
1287 4476 1407 4533 ﬁlia
1453 4478 1608 4533 enim
1660 4477 1824 4533 Ahab

1926 3341 2104 3380 manu
2123 3324 2469 3392 tua,ctvade
2502 3322 2562 3377 in
2594 3320 2840 3378 Ramoth
2873 3319 3387 3392 Galaad.Cumque
3403 3337 3570 3378 vene-

1924 3413 2004 3469 ris
2027 3411 2418 3481 illuc,videbis
2439 3411 2587 3467 Jehu
2613 3410 2799 3467 ﬁlium
2824 3409 3111 3482 Josaphat
3139 3409 3240 3465 ﬁlii
3264 3410 3465 3467 Namsi
3490 3410 3572 3483 (h.

1927 3502 2112 3558 ﬁlium
2143 3501 2428 3574 Josaphat
2459 3500 2648 3556 ﬁlium
2670 3499 2978 3568 Namsi),et
2997 3499 3302 3571 ingressus
3326 3500 3578 3557 suscita-

1929 3591 2016 3648 bis
2047 3607 2181 3648 eum
2213 3591 2284 3646 de
2318 3590 2510 3646 medio
2542 3589 2788 3645 fratrum
2840 3604 3105 3655 suorum,
3139 3592 3197 3643 et
3249 3589 3584 3645 introduces

1929 3681 2175 3738 interius
2207 3679 2920 3749 cubiculum.Tenensque
2953 3677 3296 3733 lenticulam
3317 3677 3582 3746 olei,fun-

1929 3773 2030 3828 des
2062 3785 2241 3843 super
2269 3772 2447 3840 caput
2477 3769 2702 3840 ejus,et
2727 3767 2886 3822 dices
2921 3785 2933 3823 ε
2962 3766 3091 3822 Haec
3123 3767 3264 3822 dicit
3295 3766 3580 3822 Dominus

1931 3859 2073 3918 Unxi
2105 3863 2160 3915 te
2191 3874 2386 3929 regem
2419 3873 2600 3928 super
2632 3855 2830 3912 Israel.
2863 3855 3221 3928 Aperiesque
3252 3856 3488 3924 ostium,
3521 3859 3576 3911 et

1931 3946 2139 4018 fugies,
2172 3950 2228 4001 et
2258 3962 2374 4000 non
2409 3944 2489 4000 ibi
2524 3944 2834 3999 subsistes.
2874 3943 3030 3997 Abiit
3060 3958 3197 4015 ergo
3237 3942 3577 3998 adolescens

1933 4052 2078 4108 puer
2109 4034 2403 4107 prOphetze
2435 4035 2518 4104 (h.
2550 4049 2692 4104 puer
2715 4048 2859 4102 puer
2883 4032 3200 4103 prophetas)
3234 4031 3294 4085 in
3328 4031 3576 4086 Ramoth

1932 4124 2169 4192 Galaad,
2203 4127 2262 4178 et
2292 4123 2596 4195 ingressus
2643 4126 2732 4176 est
2762 4119 2902 4175 illuc
2937 4137 2950 4174 :
2985 4135 3116 4176 ecce
3166 4125 3359 4175 autem
3418 4119 3580 4192 prin-

1934 4215 2091 4285 cipes
2121 4212 2410 4270 exercitus
2440 4213 2460 4246 ³
2491 4210 2858 4279 sedebant,et
2889 4209 2971 4265 ait
3005 4227 3017 4265 :
3053 4209 3303 4265 Verbum
3341 4209 3484 4264 mihi
3510 4210 3579 4264 ad

1934 4309 2051 4374 te,o
2084 4301 2656 4375 princeps.Dixitque
2678 4299 2828 4354 Jehu
2862 4315 2877 4355 :
2909 4299 2993 4354 Ad
3019 4315 3191 4370 quem
3218 4315 3284 4353 ex
3305 4297 3584 4354 omnibus

1935 4392 2150 4450 nobis?
2181 4396 2254 4446 At
2285 4391 2384 4446 ille
2415 4389 2563 4445 dixit
2595 4406 2607 4445 :
2642 4389 2727 4444 Ad
2762 4394 2876 4459 te,o
2913 4387 3206 4460 princeps.
3234 4388 3303 4443 Et
3333 4388 3587 4444 surrexit

1935 4487 1992 4540 et
2024 4483 2331 4555 ingressus
2359 4483 2443 4536 est
2471 4478 2813 4534 cubiculum
2845 4476 3204 4549 (h.domum)
3237 4493 3250 4532 :
3285 4480 3346 4532 at
3373 4476 3470 4532 ille
3491 4477 3585 4532 fu-

188 4572 299 4659 erat
327 4582 467 4622 uxor
498 4568 630 4639 ejus
664 4585 677 4623 :
709 4571 768 4623 et
797 4566 932 4622 fecit
961 4566 1116 4638 quod
1137 4566 1358 4659 malum
1383 4571 1473 4623 est
1499 4583 1693 4624 coram
1717 4567 1824 4623 Do-
1858 4595 1904 4659 Β
1937 4572 2022 4628 dit
2051 4571 2244 4626 oleum
2277 4585 2453 4641 super
2483 4570 2657 4639 caput
2689 4567 2841 4638 ejus,
2892 4571 2944 4622 et
2977 4566 3058 4621 ait
3092 4582 3104 4619 :
3139 4569 3270 4620 Haec
3300 4564 3440 4620 dicit
3469 4571 3584 4622 Do-

189 4653 336 4710 mino
364 4655 444 4726 (h.
483 4655 543 4710 in
578 4655 764 4712 oculis
797 4655 1066 4726 Domini).
1103 4653 1296 4710 Noluit
1317 4661 1511 4712 autem
1549 4655 1830 4712 Dominus
1858 4653 1896 4659 ’”
1941 4661 2139 4718 minus
2170 4660 2325 4716 Deus
2353 4656 2533 4714 Israel
2567 4673 2579 4711 :
2616 4655 2762 4712 Unxi
2785 4659 2842 4711 te
2872 4672 3066 4727 regem
3101 4670 3277 4726 super
3303 4654 3584 4727 populum

189 4740 516 4814 disperdere
559 4743 797 4811 Judam,
833 4748 1068 4816 propter
1119 4743 1316 4800 David
1349 4761 1580 4800 servum
1636 4762 1827 4814 suum,

188 4831 326 4887 sicut
356 4835 714 4904 promiserat
743 4833 819 4902 ei,
857 4837 921 4888 ut
951 4833 1117 4889 daret
1145 4832 1233 4888 illi
1264 4833 1661 4902 lucernam,et
1691 4833 1832 4891 ﬁliis

193 4921 311 4990 ejus
337 4922 569 4979 cunctis
618 4923 847 4979 diebus.
900 4923 966 4978 In
1020 4922 1230 4979 diebus
1279 4923 1409 4994 ejus
1459 4923 1702 4980 recessit
1749 4923 1830 4994 (h.

254 5029 622 5103 ‘_Veronens.
660 5048 797 5099 ms.,
833 5033 1096 5103 Recipies,
1148 5031 1392 5102 pr0pius
1443 5031 1641 5087 Graeco
1672 5030 1830 5101 ξήση.

190 5097 686 5176 ῌθῦιιεεβοιιηᾱαω
722 5097 1032 5176 personam
1068 5097 1201 5176 cum
1231 5097 1411 5176 editis
1443 5097 1835 5176 Latinis'p‘rre-

193 5169 334 5247 fert._
350 5175 484 5231 Mox
515 5175 668 5231 idem
703 5169 817 5232 ms.
851 5173 1115 5246 sagulum
1147 5174 1325 5231 habet
1355 5191 1458 5246 pro
1505 5169 1835 5247 stragulum,

194 5245 340 5312 quod
374 5263 492 5320 non
525 5247 1006 5320 improbo.Addit
1029 5253 1167 5320 nota
1199 5245 1544 5319 marginalia
1573 5245 1837 5318 antiqua,

195 5319 568 5385 opertorium:
590 5319 714 5374 tum
743 5319 930 5375 multo
955 5319 1244 5375 recentior
1264 5336 1497 5385 manus;
1523 5342 1549 5370 «
1573 5321 1840 5374 Aliislra-

196 5387 405 5464 gulam,
440 5389 664 5448 scilicet
706 5392 1095 5464 opertorium,
1122 5390 1274 5464 lecti
1304 5391 1515 5463 regalis
1564 5391 1713 5446 mira
1742 5409 1838 5446 va-

198 5457 398 5536 rietate
431 5457 766 5536 contextum
800 5463 887 5519 vel
941 5463 1216 5534 sagulum,
1263 5457 1434 5519 breve
1481 5464 1840 5536 opertorium

203 5531 498 5607 rudi_laua
524 5535 902 5607 dispositum.
938 5557 966 5584 »

272 5602 292 5636 ³
320 5603 499 5660 Tacet
528 5602 967 5666 Veronensms.
1001 5605 1061 5660 τὸ
1094 5605 1171 5662 ibi
1201 5624 1218 5660 :
1253 5622 1355 5679 pro
1387 5623 1501 5679 quo
1531 5611 1621 5664 cst
1652 5607 1707 5663 in
1730 5610 1841 5664 He-

210 5669 354 5732 braeo
382 5686 519 5748 mn,
547 5680 672 5753 ipse.

1945 4749 2173 4807 Domini
2208 4747 2406 4815 Israel,
2438 4751 2496 4804 et
2528 4745 2821 4818 percnties
2853 4745 3092 4800 domum
3142 4743 3312 4800 Ahab
3359 4744 3586 4800 domini

1945 4839 2055 4906 tui,
2110 4843 2175 4894 ut
2224 4838 2407 4910 (Vulg.
2459 4837 2538 4908 et)
2589 4835 2841 4891 ulciscar
2892 4833 3244 4906 sanguinem
3287 4849 3586 4890 servorum

1945 4943 2208 4985 meorum
2225 4921 3089 4998 prophetarum,etsanguinem
3111 4921 3376 4978 omnium
3399 4938 3590 4978 servo-

2017 5035 2037 5068 ³
2071 5031 2421 5088 Emendator
2463 5029 2706 5085 canonis
2754 5028 2909 5083 delet
2937 5027 3180 5083 verbum
3215 5029 3370 5096 illuc,
3396 5031 3454 5082 et
3487 5027 3591 5083 hoc

1947 5106 2120 5162 modo
2151 5103 2410 5159 restituit
2433 5100 2740 5157 lectionem
2755 5101 2924 5171 juxta
2937 5100 3176 5154 Hebraeu
3189 5117 3242 5154 m
3265 5116 3275 5153 :
3300 5103 3364 5155 Et
3381 5099 3596 5171 ring-res-

1946 5194 2040 5256 sus
2069 5173 2699 5256 est,el-ecccpriucipcs
2731 5170 3264 5256 exercituae‘tc‘Sed
3299 5170 3600 5227 noluimus

1950 5250 2055 5305 has
2089 5242 2249 5317 sequi
2285 5242 2700 5318 castigationes
2731 5250 2971 5316 propter
3001 5242 3241 5299 allatam
3291 5259 3480 5314 supra
3504 5260 3602 5298 ra-

1951 5322 2190 5377 tionem.
2226 5319 2413 5374 MART.

2018 5423 2084 5432 —
2117 5391 2222 5446 Hic
2243 5405 2477 5462 quoque
2490 5388 2552 5442 τὸ
2567 5389 2701 5443 illuc
2723 5386 3318 5462 ms.Veronens.la_ce_t
3345 5399 3471 5454 quae
3495 5401 3600 5441 vox

1951 5479 2142 5534 neque
2191 5455 2567 5534 in'Hebraeo,
2593 5475 2782 5530 neque
2835 5457 2978 5534 aliis
3030 5461 3120 5534 est
3168 5455 3357 5534 libris,
3392 5462 3599 5527 praeter

1951 5526 2234 5607 Vulgatos
2264 5535 2514 5591 Latinos.
2547 5533 2655 5587 Sed
2687 5526 3117 5607 etemendatcr
3144 5526 3593 5607 canonis,quem

1954 5598 2326 5665 Martianaaus
2354 5610 2541 5677 vocat,
2572 5620 2678 5660 suo
2710 5602 2872 5658 illam
2903 5616 2933 5656 e
2963 5598 3158 5655 codice
3184 5598 3482 5672 expunxit.
