3938 6174
279 305 385 361 791
1321 310 1380 362 s.
1420 307 1830 362 HIERONYMI
1868 307 2128 360 DIVINA
2163 297 2672 363 BIBLIOTHECA.
3585 305 3698 361 792

285 448 417 490 rum
451 431 702 502 Domini,
735 433 804 489 de
836 449 1014 489 manu
1045 431 1673 504 Jezabel.Perdamque
1695 446 1930 487 omnem
1967 434 2016 501 Α
2048 433 2310 488 cundum
2346 449 2358 488 :
2389 432 2662 506 venitque
2691 433 2766 488 ad
2813 448 2934 500 eos,
2966 435 3026 489 et
3057 432 3140 488 ait
3167 447 3180 486 :
3213 432 3345 488 Haec
3370 432 3518 488 dicit
3547 449 3645 489 rex
3676 449 3694 490 :

288 525 525 580 domum
555 522 722 579 Ahab
757 539 771 577 :
804 526 860 578 et
885 521 1230 578 interﬁciant.
1264 522 1335 577 de
1375 522 1542 577 Abab
1575 522 1932 592 mingentem
2042 521 2193 576 Num
2239 540 2351 595 pax
2399 524 2534 579 est?
2583 525 2649 579 Et
2697 524 2777 580 ait
2825 523 2974 578 Jebu
3011 540 3025 577 :
3057 523 3204 586 Quid
3241 522 3367 593 tibi,
3419 529 3478 580 et
3520 525 3696 595 paci?

290 613 361 670 ad
393 612 692 684 parietem,
724 617 782 666 et
807 611 1073 667 clausum
1129 616 1186 666 et
1240 611 1628 668 novissimum
1663 611 1744 682 (h.
1779 611 1937 666 dere—

287 702 514 772 lictum)
545 701 605 756 in
638 700 836 757 Israel.
868 705 940 758 Et
969 701 1119 756 dabo
1149 702 1391 756 domum
1433 700 1617 770 Ahab,
1651 699 1804 755 sicut
1833 699 1936 753 do-

291 807 457 847 mum
486 790 798 846 Jeroboam
835 789 938 844 ﬁlii
966 789 1175 859 Nabat,
1207 793 1264 844 et
1294 789 1446 844 sicut
1478 790 1718 845 domum
1752 793 1940 843 Baasa

295 878 398 934 ﬁlii
432 878 596 934 Abia.
624 878 854 934 Jezabel
887 895 1122 950 quoque
1166 878 1475 933 comedent
1499 894 1674 932 canes
1708 878 1766 931 in
1799 892 1938 948 agro

293 967 534 1036 Jezrael,
562 983 665 1022 nec
696 967 808 1022 erit
836 967 935 1038 qui
983 967 1230 1038 sepeliet
1284 983 1403 1022 eam
1454 967 1537 1035 (h.
1572 984 1688 1022 non
1720 965 1937 1034 habet).

296 1057 657 1130 Aperuitque
688 1057 902 1113 ostium
936 1061 994 1111 et
1024 1056 1306 1129 fugit.Jeu
1335 1061 1530 1112 autem
1564 1072 1832 1125 egressus
1855 1058 1944 1108 est

300 1147 374 1202 ad
403 1163 603 1202 servos
661 1146 884 1202 domini
918 1145 1008 1201 sui
1045 1163 1056 1199 :
1090 1147 1187 1217 qui
1233 1145 1510 1200 dixerunt
1557 1146 1606 1200 ei
1645 1162 1657 1198 :
1694 1144 1943 1200 Rectene

302 1239 443 1292 sunt
473 1236 674 1292 omnia
703 1235 785 1307 (h.
822 1236 971 1293 Num
1009 1252 1118 1308 pax
1145 1235 1299 1303 est)?
1330 1235 1470 1306 quid
1510 1235 1667 1289 venit
1696 1234 1944 1288 insanus

303 1324 412 1380 iste
433 1325 502 1380 ad
534 1324 637 1380 te?
667 1325 774 1391 Qui
798 1325 877 1380 ait
897 1325 981 1379 eis
1017 1342 1029 1380 :
1065 1324 1262 1380 Nostis
1293 1323 1591 1379 hominem
1617 1321 1946 1394 (b.virum),

304 1417 362 1470 et
387 1413 524 1485 quid
559 1414 788 1470 locutus
821 1413 941 1470 sit?
972 1417 1040 1469 At
1069 1412 1154 1468 illi
1197 1414 1626 1485 responderunt
1661 1429 1673 1467 :
1711 1413 1944 1467 Falsum

306 1503 524 1568 est,sed
557 1503 744 1575 magis
776 1520 950 1558 narra
985 1503 1286 1568 nobis.Qui
1323 1504 1404 1558 ait
1434 1502 1517 1558 eis
1551 1519 1564 1557 :
1595 1505 1726 1556 Haec
1748 1505 1805 1555 et
1831 1501 1950 1554 haec

307 1591 540 1648 locutus
591 1597 681 1647 est
725 1592 887 1663 mihi,
936 1592 1136 1647 dicens
1186 1593 1308 1663 (ms.
1366 1595 1423 1646 et
1469 1591 1568 1662 ait)
1603 1608 1617 1646 :
1652 1590 1779 1645 Hac
1812 1589 1953 1643 dicit

309 1681 597 1738 Dominus
631 1699 644 1736 :
673 1681 819 1738 Unxi
853 1687 908 1736 te
939 1697 1130 1752 regem
1163 1698 1342 1753 super
1382 1680 1582 1736 Israel.
1617 1679 1954 1734 Festinave-

311 1776 452 1828 runt
480 1773 678 1842 itaque
709 1775 766 1827 et
797 1771 1207 1842 unusquisque
1238 1769 1452 1825 tollens
1484 1769 1728 1841 pallium
1777 1783 1951 1823 suum

313 1865 639 1935 posuerunt
669 1861 780 1916 sub
811 1860 892 1932 (h.
927 1860 1153 1930 subter)
1186 1859 1435 1932 pedibus
1466 1859 1616 1930 ejus,
1651 1858 1710 1912 in
1742 1856 1951 1912 simili~

315 1951 582 2007 tudinem
615 1949 951 2020 tribunalis,
985 1949 1400 2005 etcecinerunt
1431 1949 1773 2018 tuba,atque
1800 1947 1963 2001 dixe-

317 2045 494 2096 runt:
529 2039 806 2111 Regnavit
833 2038 1004 2094 Jebu.
1039 2039 1123 2102 (T.
1155 2038 1374 2109 CXLV).
1422 2037 1760 2105 Conjuravit
1790 2036 1871 2106 (h.
1907 2039 1964 2090 et

314 2128 636 2188 rebellavit)
658 2127 958 2200 ergoJehu
994 2126 1147 2182 ﬁlius
1170 2126 1457 2197 Josaphat
1486 2126 1592 2180 filii
1614 2125 1814 2182 Namsi
1835 2140 1965 2178 con-

313 2220 404 2272 tra
427 2221 626 2272 Joram
656 2233 668 2271 :
698 2232 870 2288 porro
898 2219 1096 2271 Joram
1122 2215 1430 2270 obsederat
1454 2213 1704 2269 Ramoth
1719 2212 1958 2268 Galaad:

312 2305 441 2377 ipse
469 2309 526 2360 et
554 2305 749 2361 omnis
782 2303 980 2374 Israel,
1022 2308 1225 2359 contra
1255 2302 1425 2358 Azael
1460 2317 1653 2373 regem
1684 2301 1964 2374 Syrieezet

314 2410 584 2451 reversus
624 2394 834 2459 fuerat,
889 2397 954 2448 ut
997 2395 1300 2447 curaretur
1346 2391 1404 2446 iu
1458 2390 1680 2447 Jezrael
1731 2397 1966 2463 pr0pler

316 2482 581 2553 vulnera,
614 2482 753 2554 quia
788 2486 1201 2554 percusserant
1227 2497 1361 2536 eum
1399 2481 1549 2552 Syri,
1600 2479 1962 2552 praaliantem

317 2577 523 2629 contra
552 2571 726 2627 Azael
753 2588 947 2644 regem
980 2570 1460 2642 Syrize.Dixitque
1489 2569 1639 2626 Jebu
1667 2569 1757 2624 :Si
1782 2568 1969 2640 placet

319 2661 510 2727 vobis,
541 2677 715 2717 nemo
763 2659 1101 2732 egrediatur
1148 2659 1433 2730 profugus
1483 2659 1553 2714 de
1603 2658 1862 2722 civitate,
1899 2673 1969 2711 ne

322 2751 520 2814 vadat,
553 2753 610 2806 et
643 2749 872 2805 nuntiet
901 2748 957 2803 in
989 2747 1227 2804 Jezrael.
1264 2749 1332 2803 Et
1378 2747 1664 2815 ascendit,
1698 2753 1754 2802 et
1785 2748 1972 2818 profe-

324 2843 456 2896 ctus
489 2843 579 2895 est
608 2839 665 2893 in
694 2837 939 2895 Jezrael.
980 2837 1178 2893 Joram
1230 2836 1386 2892 enim
1437 2837 1752 2909 aegrotabat
1781 2835 1883 2900 ibi,
1915 2839 1972 2890 et

325 2928 537 2986 Ahazia
585 2928 710 2990 (ms.
783 2927 1046 2997 Ahazias)
1095 2944 1192 2981 rex
1257 2925 1410 2980 Juda
1472 2926 1856 2982 descenderat
1905 2923 1976 2978 ad

324 3017 578 3074 visitand
590 3034 685 3072 um
699 3017 919 3073 Joram.
933 3015 1463 3088 lgiturspeculator
1480 3014 1580 3086 qui
1596 3015 1791 3069 stabat
1805 3030 1981 3085 super

328 3112 548 3164 turrem
577 3105 819 3175 Jezrael,
847 3105 987 3161 vidit
1019 3105 1258 3177 globum
1289 3103 1437 3160 Jebu
1470 3104 1849 3170 venientis,et
1869 3104 1975 3173 ait;

2043 612 2250 681 transi,
2284 617 2341 667 et
2374 616 2491 682 (ms.
2525 621 2630 669 tac.
2665 615 2741 684 et)
2766 628 3012 685 sequere
3043 612 3466 668 me.Nuntiavit
3494 618 3694 670 autem

2048 703 2399 771 speculator,
2432 702 2634 757 dicens
2692 719 2704 756 :
2758 701 2932 758 Venit
2984 717 3173 772 usque
3221 702 3291 756 ad
3343 717 3443 756 eos
3488 708 3545 757 et
3578 719 3696 758 non

2047 792 2357 846 revertitur
2385 809 2398 847 :
2433 796 2521 846 est
2547 795 2742 846 autem
2774 791 3043 846 incessus
3075 791 3244 862 quasi
3275 790 3549 846 incessus
3586 793 3697 848 Jeu

2049 878 2153 934 ﬁlii
2188 879 2410 948 Namsi,
2444 896 2700 951 princeps
2731 879 2888 934 enim
2921 879 3209 950 graditur.
3240 879 3310 934 Et
3337 879 3422 934 ait
3449 880 3656 935 Joram
3683 898 3700 947 ;

2048 969 2242 1041 Junge
2272 985 2500 1023 currum
2529 969 2736 1040 (b.non
2768 968 3316 1039 habet).Junxitque
3346 968 3707 1040 (m:.Junxe-

2053 1060 2330 1128 runtque)
2360 1073 2597 1112 currum
2629 1058 2780 1127 ejus,
2823 1061 2878 1111 et
2907 1073 3181 1128 egressus
3231 1061 3322 1112 est
3367 1057 3572 1112 Joram
3608 1074 3710 1113 rex

2054 1147 2252 1214 Israel,
2286 1152 2343 1203 et
2375 1147 2590 1202 Ahazia
2621 1165 2721 1204 rex
2739 1147 3142 1218 Juda,singuli
3171 1147 3230 1202 in
3264 1148 3534 1204 curribus
3555 1148 3708 1216 suis,

2053 1236 2397 1309 egressique
2427 1241 2567 1292 sunt
2595 1235 2652 1290 in
2685 1252 2996 1292 occursum
3025 1237 3200 1302 Jebu,
3250 1241 3308 1292 et
3352 1238 3712 1293 invenerunt

2055 1343 2188 1382 eum
2223 1326 2284 1380 in
2317 1342 2454 1397 agro
2503 1325 2730 1381 Nabotb
2762 1325 3111 1381 Jezraelitie.
3162 1325 3431 1397 Cumque
3461 1327 3717 1384 vidisset

2055 1415 2252 1471 Joram
2277 1414 2424 1469 Jebu
2451 1414 2596 1469 dixit
2629 1430 2640 1470 :
2677 1419 2797 1470 Pax
2817 1414 3080 1479 est,Jehu
3106 1414 3133 1469 ?
3164 1419 3237 1468 At
3265 1413 3362 1470 ille
3381 1416 3712 1485 respondit:

2058 1507 2192 1571 Quae
2224 1521 2332 1576 pax
2351 1505 2378 1559 ?
2407 1505 2600 1560 adhuc
2631 1504 3050 1560 fornicationes
3078 1503 3309 1560 Jezabel
3338 1505 3538 1560 matris
3570 1511 3714 1572 tua,

2061 1598 2119 1650 et
2157 1594 2436 1650 veneﬁcia
2485 1595 2614 1664 ejus
2668 1593 2857 1649 multa
2901 1592 3120 1664 vigent.
3166 1593 3466 1650 Convertit
3508 1599 3715 1649 autem

2062 1683 2259 1738 Joram
2310 1699 2548 1737 manum
2603 1699 2768 1738 suam
2835 1681 2918 1753 (h.
2987 1697 3198 1737 manus
3246 1685 3426 1747 suas),
3489 1687 3547 1737 et
3619 1683 3716 1738 fu-

2067 1772 2228 1842 giens
2259 1771 2340 1827 ait
2388 1772 2459 1826 ad
2521 1771 2799 1826 Ahaziam
2855 1787 2868 1826 :
2936 1772 3165 1827 Insidiae
3227 1774 3267 1839 ί,
3325 1771 3560 1827 Abazia.
3625 1772 3716 1842 (Τ.

2071 1861 2326 1929 CXLVI.)
2354 1861 2527 1916 Porro
2552 1861 2702 1916 Jebu
2736 1861 2983 1916 tetendit
3012 1878 3212 1916 arcum
3248 1877 3450 1928 manu,
3492 1866 3550 1916 et
3581 1878 3722 1933 per-

2073 1950 2256 2006 cussit
2283 1950 2482 2006 Joram
2514 1950 2668 2007 inter
2683 1949 2954 2022 scapulas
2975 1949 3326 2021 (h.bracbia)
3364 1966 3376 2005 :
3411 1955 3729 2022 etegressa

2074 2047 2165 2095 est
2215 2040 2430 2111 sagitta
2487 2055 2591 2110 per
2637 2056 2736 2095 cor
2789 2040 2939 2110 ejus,
3002 2040 3320 2110 statimque
3377 2039 3602 2094 corruit
3661 2041 3726 2094 in

2073 2145 2248 2184 curru
2284 2129 2691 2199 suo.Dixitque
2706 2128 2854 2184 Jebu
2881 2129 2949 2183 ad
2976 2129 3234 2184 Badacer
3262 2129 3283 2163 ²
3313 2129 3560 2184 ducem:
3585 2128 3733 2185 Tol-

2075 2217 2149 2287 le,
2179 2217 2395 2289 projice
2426 2234 2560 2272 eum
2594 2217 2653 2272 in
2687 2233 2825 2289 agro
2858 2217 3086 2273 Nabotb
3118 2217 3438 2273 Jezraelitee
3473 2235 3486 2273 :
3521 2218 3734 2273 memi-

2075 2307 2133 2362 ni
2167 2305 2324 2362 enim
2356 2306 2592 2377 quando
2625 2321 2730 2377 ego
2763 2311 2820 2361 et
2843 2310 2906 2361 tu
2949 2306 3220 2361 sedentes
3253 2306 3310 2362 in
3338 2306 3631 2374 curru-(h.
3665 2306 3732 2362 in

2074 2395 2345 2451 curribus
2365 2393 2617 2467 junctis)
2641 2395 3037 2466 sequebamur
3064 2392 3230 2449 Abab
3260 2400 3486 2466 patrem
3517 2394 3736 2466 hujus,

2077 2485 2226 2556 quod
2244 2483 2533 2539 Dominus
2548 2500 2697 2540 onus
2714 2484 2821 2539 hoc
2835 2482 3112 2538 levaverit
3125 2499 3305 2554 super
3316 2484 3695 2551 eum,dicens
3720 2501 3734 2538 :

2077 2573 2135 2628 Si
2153 2589 2267 2628 non
2293 2589 2393 2643 pro
2416 2571 3031 2644 sanguineNabotb,et
3051 2588 3154 2642 pro
3168 2572 3453 2644 sanguine
3467 2571 3735 2628 ﬁliorum

2079 2663 2230 2732 ejus,
2267 2677 2440 2732 quem
2473 2661 2590 2715 vidi
2623 2661 2769 2726 beri,
2801 2659 2880 2716 ait
2912 2661 3220 2726 Dominus,
3253 2662 3494 2717 reddam
3525 2661 3636 2717 tibi
3671 2662 3735 2716 in

2083 2765 2223 2822 agro
2276 2750 2408 2817 isto,
2459 2749 2599 2804 dicit
2647 2748 2957 2816 Dominus,
3009 2749 3176 2805 Nunc
3227 2749 3410 2819 igitur
3457 2750 3624 2818 tolle,
3678 2754 3744 2805 et

2086 2837 2304 2908 projice
2352 2853 2479 2893 eum
2539 2837 2880 2908 in‘agrum,
2941 2837 3114 2908 juxta
3159 2837 3402 2894 verbum
3473 2838 3743 2894 Domini.

2087 2928 2174 2998 (Τ.
2206 2925 2496 2992 CXLVII.)
2528 2927 2778 2982 Abazias
2811 2931 3007 2982 autem
3043 2943 3142 2982 rex
3174 2927 3349 2995 Juda,
3400 2927 3608 2983 videns
3641 2928 3748 2983 hoc

2091 3016 2175 3088 (h.
2212 3033 2324 3072 non
2359 3015 2744 3088 babet),fugit
2775 3033 2878 3087 per
2907 3018 3061 3072 viam
3093 3017 3302 3072 domus
3333 3016 3505 3084 horti,
3539 3033 3752 3088 perse-

2093 3109 2381 3177 cutusque
2402 3109 2493 3160 est
2511 3121 2646 3161 eum
2665 3104 2904 3173 Jebu,et
2919 3106 3034 3161 ait:
3069 3105 3250 3160 Etiam
3276 3105 3431 3160 hunc
3453 3107 3752 3178 percutite

330 3196 509 3250 Video
540 3211 645 3266 ego
677 3173 1218 3265 globum.Dixitque
1247 3194 1445 3249 Joram
1482 3210 1495 3248 :
1529 3192 1686 3248 Tolle
1709 3209 1970 3259 currum,
2004 3173 2049 3241 (ἶ
2089 3197 2209 3265 (ms.
2245 3173 2505 3266 percute)
2536 3195 2595 3249 in
2621 3210 2798 3249 curru
2831 3211 2938 3251 suo
2974 3212 2987 3250 :
3019 3199 3079 3250 et
3108 3173 3528 3266 percusserunt
3558 3211 3704 3251 eum
3731 3202 3753 3234 ³

331 3289 389 3340 et
436 3285 602 3338 mitte
642 3283 700 3338 in
751 3299 1060 3338 occursum
1108 3299 1337 3351 eorum,
1386 3286 1445 3337 et
1498 3281 1655 3338 dicat
1700 3282 1969 3338 vadens:

336 3374 584 3429 Rectene
614 3376 755 3428 sunt
785 3372 984 3428 omnia
1011 3372 1092 3445 (h.
1145 3372 1299 3427 Num
1350 3371 1530 3443 pax)?
1576 3370 1735 3426 Abiit
1774 3371 1974 3444 igitur,

333 3463 431 3536 qui
465 3462 806 3517 ascenderat
847 3477 1084 3516 currum
1129 3461 1213 3533 (h.
1265 3469 1529 3532 equum),
1564 3460 1620 3515 in
1667 3476 1977 3516 occursum

333 3553 484 3622 ejus,
515 3557 574 3606 et
603 3552 683 3606 ait
718 3567 731 3606 :
760 3550 888 3606 Haec
923 3549 1064 3604 dicit
1090 3565 1187 3604 rex
1221 3565 1234 3603 :
1271 3549 1480 3604 Pacata
1511 3554 1650 3605 sunt
1678 3549 1977 3607 omnia(b.

335 3641 487 3697 Num
522 3657 630 3713 pax
663 3639 772 3708 est)
802 3638 829 3693 ‘I
866 3637 1129 3710 Dixitque
1157 3637 1284 3709 (ms.
1337 3637 1462 3692 add.
1496 3639 1570 3706 ei)
1599 3638 1747 3694 Jebu
1784 3655 1796 3694 :
1833 3638 1981 3704 Quid

332 3729 441 3788 tibi
472 3735 528 3786 et
558 3727 732 3802 paci?
764 3728 967 3798 transi,
999 3731 1057 3782 et
1087 3742 1331 3797 sequere
1353 3742 1466 3782 me.
1497 3727 1796 3782 Nuntiavit
1836 3744 1983 3799 quo-

341 3837 454 3892 que
477 3816 828 3891 speculator,
861 3816 1062 3871 dicens
1097 3833 1110 3873 :
1141 3815 1312 3870 Venit
1361 3817 1606 3871 nuntius
1663 3817 1732 3870 ad
1778 3832 1898 3882 eos,
1930 3819 1986 3872 et

342 3926 457 3965 non
492 3906 816 3964 revertitur.
867 3905 1027 3960 Misit
1063 3905 1241 3960 etiam
1291 3921 1529 3960 currum
1577 3921 1864 3976 equorum
1900 3921 1986 3961 se-

414 4051 428 4086 ¹
463 4051 779 4105 Veronens.
815 4064 922 4102 ms.
957 4063 1156 4120 vocem
1188 4047 1412 4103 insidiae
1445 4047 1540 4102 hic
1570 4047 1986 4120 repetit,quam

341 4123 534 4180 caeteri
567 4121 704 4176 libri
736 4135 941 4176 omnes
973 4118 1238 4174 reticent.

413 4196 434 4229 ²
462 4193 682 4249 Nomen
699 4191 857 4246 istud
872 4191 1194 4245 secundum
1214 4190 1689 4261 punctuationem
1713 4194 1992 4246 Massore-

343 4266 513 4338 tbicze
557 4264 883 4338 proximam
939 4262 1317 4338 emendatum
1370 4262 1428 4316 in
1475 4261 1708 4338 canone
1756 4263 1990 4334 legitur,

345 4334 574 4394 Bedeari
600 4334 802 4392 Crateri
834 4349 1041 4389 omnes
1074 4335 1424 4389 ms.codices
1458 4335 1703 4394 primam
1739 4338 1992 4390 retinent

347 4409 677 4472 lectionem,
711 4421 921 4476 nempe
952 4405 1325 4476 Badacerﬁaut
1356 4405 1620 4460 Badacar.
1649 4405 1729 4459 Ita
1760 4422 1992 4476 quoque

351 4482 636 4552 scriptum
670 4475 928 4552 reperies
961 4478 1112 4552 apud
1151 4475 1564 4548 Hieronymum
1615 4475 1989 4532 libro’nomi-

353 4549 496 4609 num
528 4551 972 4607 Hebraicorum.
1002 4549 1188 4604 MART.

425 4625 446 4658 ⁴ι
480 4626 669 4679 Verba
697 4627 747 4677 et
771 4627 1161 4693 percusserunt
1189 4635 1336 4687 eum,
1385 4618 1843 4693 Veronens._ms,
1878 4637 1993 4674 non

356 4695 552 4763 habet,
593 4691 781 4765 idque
808 4692 1008 4765 ipsum
1055 4697 1144 4746 est
1193 4707 1408 4745 novum
1465 4691 1871 4765 germanitatis
1905 4693 1995 4765 sui

355 4775 570 4829 textus,
598 4762 718 4820 sive
753 4764 1237 4834 Hieronymianee,
1271 4779 1444 4834 quam
1480 4762 1733 4827 exhibet,
1764 4763 1996 4818 Versiu-

352 4838 446 4895 nis
476 4840 912 4909 argumentum.
947 4833 1090 4890 Nam
1125 4833 1314 4909 neque
1345 4833 1616 4890 Hebraeus
1646 4840 1863 4909 textus,
1896 4851 1997 4890 ne-

351 4927 465 4984 que
487 4906 573 4965 illi
592 4907 852 4979 pressius
871 4907 1100 4984 haerens
1130 4906 1820 4984 Cbtildmus,sententiam
1847 4906 1996 4984 banc

350 4978 610 5050 babenti
646 4997 773 5052 qua
815 4979 1056 5052 omnino
1098 4994 1170 5052 ex
1220 4979 1416 5052 Graeca
1442 4981 1566 5052 ,τῷν
1615 4978 1997 5052 Septuaginta

350 5047 718 5126 paraphrasi,
753 5049 854 5105 Βαί
883 5069 943 5126 γε
990 5047 1172 5126 ᾳύτὸν,
1221 5048 1310 5102 καὶ
1358 5047 1610 5126 tntime
1667 5047 1998 5126 aerei-n95;

350 5121 431 5200 te
461 5121 684 5200 ὁίρμοιτιἓ
719 5121 1154 5200 θιοηΑᾲθιιὶνδῐθλ.
1171 5128 1280 5176 est.
1316 5121 1556 5200 Α.ᾶρωο
1605 5123 1848 5200 scimus,
1881 5121 1993 5200 vix,

352 5191 456 5256 aut
498 5191 577 5254 'n'e
636 5197 728 5251 vix
771 5195 1010 5266 quidem
1070 5192 1361 5266 cohaerere
1408 5191 1575 5266 illam
1621 5210 1752 5248 cum
1788 5193 1921 5266 libri
1957 5211 1996 5249 ιι

351 5263 832 5342 Paralipomenon
875 5282 1043 5342 ἔξω.
1085 5266 1138 5332 9,
1209 5263 1677 5342 luculentissima
1728 5264 1992 5342 testimo-

349 5335 590 5414 nio,qu'o
621 5339 839 5394 dicitur
867 5335 1259 5414 Oho_zias,non
1293 5335 1472 5414 hic_in
1506 5353 1749 5414 ascensu
1784 5336 1994 5414 Gaber,

347 5408 464 5471 sed
494 5408 804 5484 postquam
855 5408 1504 5484 ev_as_isset,rtransfuga
1546 5409 1611 5484 _in
1653 5408 1992 5484 AMageddo,

351 5479 529 5558 atque
558 5479 693 5539 inde
724 5482 875 5558 clam
908 5479 1118 5558 fuisset
1164 5479 1486 5558 translatus
1544 5479 1600 5532 in
1642 5479 1994 5558 _Sama_riam,

356 5550 448 5615 ibi
472 5558 712 5614 demum
749 5555 1019 5608 inventus
1058 5551 1128 5605 ab
1158 5551 1262 5606 Jeu
1313 5555 1486 5621 atque
1534 5550 1782 5607 occisus.
1812 5554 1996 5621 Ipsum

364 5645 592 5701 quoque;
642 5625 855 5697 inquit,
905 5624 1231 5696 perquirens
1278 5622 1431 5694 (Jeu)
1480 5623 1786 5694 Ochoziam,
1841 5639 1990 5680 com-

2086 3284 2147 3338 in
2173 3299 2417 3339 ascensu
2449 3282 2639 3338 Gaber
2668 3282 2750 3347 (h.
2773 3282 2938 3351 Gur),
2971 3282 3073 3355 qui
3102 3287 3192 3339 est
3211 3283 3386 3354 juxta
3414 3283 3689 3340 Jeblaam
3727 3303 3743 3340 :

2088 3373 2188 3444 qui
2224 3373 2370 3444 fugit
2399 3372 2458 3426 in
2497 3371 2807 3444 Mageddo,
2837 3377 2895 3428 et
2925 3377 3190 3428 mortuus
3220 3377 3311 3428 est
3339 3372 3518 3428 ibi.Et
3545 3373 3743 3446 impo-

2089 3465 2337 3518 suerunt
2367 3477 2502 3516 eum
2535 3459 2685 3516 servi
2716 3461 2844 3530 ejus
2873 3477 3032 3533 super
3057 3477 3290 3517 currum
3318 3479 3480 3518 suum
3503 3461 3582 3532 (h.
3619 3479 3740 3519 non

2091 3551 2312 3622 habet],
2343 3555 2399 3606 et
2423 3548 2686 3605 tulerunt
2716 3549 2773 3604 in
2811 3549 3140 3606 Jerusalem
3193 3567 3205 3605 :
3258 3551 3746 3624 sepelieruntque

2091 3641 2285 3712 (Vulg.
2321 3638 2446 3694 add.
2480 3642 2637 3707 eum)
2668 3640 2726 3693 in
2760 3638 3027 3710 sepulcro
3058 3656 3190 3696 cum
3223 3640 3496 3713 patribus
3525 3643 3656 3697 suis
3686 3643 3746 3697 in

2093 3729 2324 3784 civitate
2357 3728 2562 3782 David.
2596 3730 2763 3782 Anno
2798 3728 3111 3783 undecimo
3160 3728 3360 3784 Joram
3414 3728 3520 3783 ﬁlii
3551 3729 3748 3796 Abab,

2095 3817 2358 3890 regnavit
2389 3819 2409 3852 ι
2440 3817 2680 3871 Ahazias
2711 3833 2888 3888 super
2917 3817 3157 3885 Judam,
3189 3818 3470 3890 venitque
3496 3818 3653 3874 Jebu
3689 3819 3747 3874 in

2093 3905 2333 3964 Jezrael.
2374 3906 2548 3961 Porro
2579 3904 2829 3973 Iezabel,
2863 3906 3104 3961 introitu
3137 3907 3266 3977 ejus
3295 3907 3518 3977 audito,
3548 3907 3753 3980 depin-

2094 4047 2387 4121 prehrcndz}
2410 4049 2722 4121 latitantem
2765 4047 2823 4099 in
2873 4045 3154 4121 Samaria,
3178 4046 3594 4121 adductumque
3621 4048 3754 4104 ad“

2097 4118 2310 4175 occidit.
2344 4119 2412 4172 Et
2461 4118 2612 4171 hanc
2660 4123 2854 4172 tamen
2882 4118 3224 4174 Latinorum
3274 4118 3548 4175 codicum
3581 4121 3749 4175 addi-

2098 4193 2316 4246 tionem
2351 4189 2939 4262 nequepMartianaaus
2957 4205 3148 4262 neque
3169 4191 3241 4245 ab
3265 4207 3332 4246 eo
3361 4191 3559 4248 editus
3582 4191 3752 4248 scho-

2102 4264 2300 4318 liasles
2333 4261 2897 4316 animadverterunt.

2172 4336 2192 4368 ‘
2223 4341 2328 4390 Pro
2362 4332 2614 4401 regnavit
2635 4348 2748 4386 ms.
2783 4331 3280 4388 Veronens.babet
3310 4333 3456 4402 regis
3482 4351 3506 4387 ,ο
3535 4335 3593 4388 in
3618 4333 3750 4389 albo

2102 4412 2297 4462 autem
2330 4405 2546 4459 codicis
2579 4404 2644 4458 Β..
2681 4402 2873 4476 littera
2905 4404 3244 4476 asc‘ribitur,
3277 4421 3406 4475 quae
3437 4404 3650 4476 priscis
3681 4405 3753 4460 li-

2103 4477 2313 4532 brariis
2346 4479 2630 4546 suspectae
2661 4475 2972 4544 dubiaeque
2999 4474 3264 4530 lectionis
3289 4474 3427 4532 nota
3443 4474 3546 4529 'est
3577 4493 3590 4530 :
3629 4493 3750 4530 mo-

2022 4541 2070 4606 D
2105 4557 2334 4618 netque,
2368 4549 2425 4602 in
2454 4541 2591 4602 aliis
2621 4541 3054 4617 exemplaribus
3093 4548 3164 4601 de
3194 4548 3320 4618 ejus
3366 4548 3750 4616 germanitate

2109 4621 2634 4692 requirendum.Ac
2657 4618 2843 4686 prima
2865 4620 3069 4692 statim»
3086 4619 3275 4692 fronte
3291 4619 3596 4692 abnormis
3617 4620 3748 4689 qui-

2107 4690 2237 4747 dem
2271 4692 2843 4760 videtur,nierusque
2875 4690 3095 4744 librarii
3130 4690 3333 4760 lapsus
3363 4709 3376 4746 :
3413 4691 3515 4746 sed
3548 4698 3751 4746 auctor

2107 4771 2195 4819 est
2229 4765 2378 4819 Luca
2411 4761 2749 4832 Brugensis,
2782 4761 3164 4816 vetustiorum
3195 4778 3323 4818 eam
3370 4777 3502 4817 esse
3530 4779 3593 4816 ac
3626 4778 3748 4816 me-

2107 4835 2269 4891 lioris
2304 4840 2448 4890 nota:
2481 4833 2745 4888 codicum
2774 4849 2788 4898 ;
2822 4834 2960 4902 quin
2987 4833 3160 4887 etiam
3189 4833 3422 4904 probari
3456 4835 3745 4898 unice,sa-

2104 4909 2303 4978 tisque
2327 4907 2494 4962 bonis
2517 4905 3036 4978 argumentiscum
3056 4903 3586 4978 sibimetipsi,cum
3610 4905 3745 4978 Epa-

2107 4975 2409 5034 nor'tbotaa.
2442 4977 2640 5046 Neque
2673 4991 2842 5047 porro
2873 4977 3124 5031 discedit
3146 4979 3217 5032 ab
3239 4979 3483 5032 Hebrmo
3511 4975 3744 5043 textu,si

2106 5067 2238 5106 eum
2275 5055 2442 5122 putes
2474 5049 2610 5103 olim
2641 5047 2975 5122 Hieronymi
3018 5065 3135 5104 (evo
3166 5048 3345 5122 nullis
3391 5048 3739 5122 instructum

2107 5118 2601 5179 Massoretharum
2633 5118 2885 5190 punctis,
2917 5135 3046 5189 quae
3077 5130 3229 5175 certe
3260 5119 3357 5175 ille
3379 5137 3494 5176 non
3531 5120 3687 5174 novit
3723 5134 3738 5171 :

2108 5201 2230 5250 tum
2265 5194 2396 5250 aliis
2444 5191 2760 5246 substratis
2815 5190 2885 5244 ab
2919 5191 3031 5262 bis
3079 5208 3205 5262 quae
3255 5208 3410 5246 nunc
3459 5192 3740 5262 obtinent,

2107 5266 2322 5333 Melech,
2357 5281 2489 5320 cum
2522 5262 2740 5335 duplici
2774 5259 2955 5335 segoﬁl,
2990 5259 3111 5334 pro‘
3142 5264 3369 5318 kamets
3411 5269 3469 5318 et
3515 5261 3739 5335 patacb,

2106 5339 2227 5394 sive
2260 5331 2360 5417 pro
2390 5331 2866 5417 vanitiem-legas:
2892 5331 3054 5417 Quod
3101 5336 3489 5417 subsequitur
3517 5331 3737 5417 Ἀὴαῖοίρ

2107 5406 2314 5464 nomen
2342 5406 2749 5462 indeclinabile
2773 5407 3271 5463 quemadmodum
3302 5406 3359 5461 in
3382 5407 3616 5461 Hebraeo
3631 5406 3735 5472 est,

2105 5483 2360 5552 accipias
2391 5477 2617 5545 Ahazia,
2651 5487 2834 5552 (tum:
2866 5477 3122 5552 denique
3144 5477 3624 5552 conjunctionem
3644 5475 3730 5528 di-

2104 5547 2315 5609 ctionis
2347 5559 2521 5616 mnu,
2552 5549 2825 5619 venitque,
2857 5548 2942 5603 vel
2977 5565 3113 5604 cum
3143 5547 3379 5605 laudato
3421 5553 3570 5605 Luca
3592 5547 3731 5619 Bru-

2103 5625 2269 5698 gensi
2294 5622 2517 5682 sentias
2545 5616 2774 5678 tantum
2808 5621 3207 5680 convertenda
3245 5621 3526 5680 orationis
3546 5616 3728 5677 ofﬁcio
