3938 6174
171 310 268 364 793

1482 313 1696 367 LIBER
1734 313 1785 366 II
1828 313 2235 368 MALACHIM.

3456 311 3565 368 794

172 436 248 492 xit
276 433 468 491 oculos
497 449 636 490 suos
665 432 841 489 stibio
877 437 917 504 ι,
951 438 1010 490 et
1031 435 1260 491 ornavit
1291 438 1468 507 caput
1513 451 1712 500 suum,
1745 437 1801 488 et
1831 439 1884 505 Α
1914 449 2026 506 que
2059 434 2162 491 tibi
2196 434 2451 508 placent,
2479 437 2586 494 fac.
2620 439 2710 512 (T.
2736 438 2995 508 CXLIX.)
3019 435 3339 508 Rescripsit
3359 439 3560 494 autem

176 525 410 594 respexit
442 540 546 596 per
575 525 891 578 fenestram
926 524 1351 596 ingredientem
1381 524 1532 580 Jehu
1558 541 1659 597 per
1683 541 1810 596 por-

177 619 306 679 tam,
341 623 388 669 et
443 615 570 670 ait:
629 614 930 686 Numquid
993 633 1101 686 pax
1156 620 1347 686 potest
1405 631 1535 670 esse
1591 613 1810 682 Zamri,

179 704 269 776 qui
306 704 594 760 interfecit
651 705 955 759 dominum
1015 722 1189 760 suum
1239 705 1322 777 (h.
1384 721 1500 760 non
1559 721 1670 777 pax
1721 708 1812 760 est

175 793 372 859 Zamri,
447 793 546 864 qui
623 793 916 848 interfecit
991 794 1299 849 dominum
1369 794 1642 864 suum)?
1717 795 1806 863 (Τ.

174 882 459 953 CXLVIII.)
477 883 818 956 Levavitque
839 884 947 939 Jeu
966 883 1171 940 faciem
1192 899 1362 939 suam
1378 884 1447 938 ad
1466 883 1806 948 fenestram,

173 976 223 1027 et
249 972 343 1026 ait.
374 974 510 1037 Qum
543 979 631 1029 est
665 974 774 1030 ista
805 975 826 1008 ³
859 974 940 1045 (h.
967 973 1108 1040 Quis
1130 978 1220 1030 est
1242 972 1458 1042 meus)?
1480 978 1537 1028 et
1559 972 1804 1028 inclinao

169 1067 366 1116 verunt
397 1077 458 1117 se
497 1064 570 1117 ad
603 1078 736 1118 eum
760 1064 875 1118 duo
894 1063 985 1119 vel
1007 1062 1394 1119 treseunuchi
1443 1067 1518 1118 At
1542 1061 1640 1117 ille
1663 1061 1809 1116 dixit

170 1150 277 1205 eis:
319 1151 686 1223 Praecipitate
716 1169 844 1208 eam
876 1153 1174 1209 deorsum.
1211 1157 1272 1206 Et
1306 1151 1808 1224 praecipitaverunt

171 1256 302 1308 eam,
332 1257 734 1312 aspersusque
762 1247 852 1298 est
877 1243 1166 1315 sanguine
1199 1243 1413 1314 paries,
1438 1247 1495 1297 et
1518 1257 1804 1313 equorum

169 1329 386 1402 ungulae
401 1331 1033 1388 conculcaverunteam
1055 1334 1095 1386 ³.
1122 1333 1387 1403 Cumque
1411 1331 1807 1403 introgressus

167 1420 279 1492 (ms.
311 1419 644 1493 ingressus)
676 1425 854 1488 esset,
885 1426 943 1476 et
983 1422 1163 1491 (Vulg.
1215 1422 1300 1492 ut)
1348 1421 1700 1485 comederet,
1749 1423 1808 1474 et

170 1509 397 1578 biberet,
434 1510 536 1565 ait:
576 1513 677 1575 Ite,
712 1513 769 1564 et
817 1510 1006 1566 videte
1037 1511 1058 1544 ‘
1109 1509 1484 1566 maledictam
1534 1509 1713 1570 illam,
1750 1512 1808 1564 et

168 1599 394 1671 sepelite
423 1616 582 1655 eam:
618 1599 758 1671 quia
790 1599 910 1655 tilia
941 1599 1095 1672 regis
1127 1604 1234 1655 est.
1254 1598 1721 1672 Cumqueissent
1744 1602 1808 1653 ut

169 1687 469 1760 sepelirent
486 1705 647 1754 eam,
669 1705 783 1744 non
800 1688 1149 1744 invenerunt
1166 1688 1274 1744 nisi
1293 1688 1693 1755 calvariam,et
1706 1703 1808 1759 pe-

168 1777 280 1842 des,
303 1783 358 1833 et
396 1794 674 1834 summas
697 1795 930 1834 manus.
953 1779 1300 1847 Reversique
1323 1778 1802 1834 nuntiaveruntei

164 1866 478 1938 (malacei).
513 1868 589 1922 Et
605 1867 686 1922 ait
702 1867 876 1924 Jehu:
903 1868 1106 1923 Sermo
1129 1867 1362 1924 Domini
1386 1872 1496 1933 est,
1518 1883 1690 1938 quem
1710 1866 1794 1922 lo-

163 1961 317 2011 cutus
344 1960 432 2012 est
455 1973 564 2028 per
586 1973 818 2012 servum
841 1974 1015 2013 suum
1041 1956 1222 2013 Eliam
1247 1957 1797 2022 Thesbiten,dicens

163 2048 217 2098 In
241 2060 373 2116 agro
419 2045 652 2100 Jezrael
701 2047 1012 2101 comedent
1061 2063 1232 2102 canes
1292 2061 1498 2102 carnes
1545 2045 1794 2114 Iezabel,

165 2138 215 2189 et
239 2138 403 2189 erunt
433 2151 652 2191 carnes
707 2135 939 2191 Jezahel
1000 2136 1153 2191 sicut
1200 2141 1426 2192 stercus
1474 2151 1655 2208 super
1709 2137 1798 2191 fa-

165 2223 292 2279 ciem
340 2229 565 2280 terrm:
625 2224 706 2291 (h.
768 2225 919 2296 agri)
976 2224 1036 2279 in
1094 2241 1234 2296 agro
1291 2225 1538 2291 Jezrael,
1593 2226 1676 2280 ita
1736 2229 1799 2280 ut

165 2317 570 2388 pretpreuntes
617 2314 862 2370 dicant:
922 2313 1184 2370 Haecine
1241 2318 1330 2370 est
1387 2315 1490 2371 illa
1512 2313 1794 2371 Jezabel:

172 2402 240 2472 (h.
273 2419 382 2481 non
415 2402 630 2460 dicant
659 2403 788 2458 Haec
818 2407 908 2458 est
937 2402 1038 2458 illa
1067 2403 1300 2459 Jezabel
1332 2404 1408 2471 Is)‘l

229 2493 369 2564 (Cap.
403 2493 565 2565 XX.)
599 2494 777 2549 Erant
808 2498 1006 2549 autem
1041 2493 1204 2550 Ahab
1223 2495 1596 2566 septuaginta
1613 2494 1715 2550 filii
1739 2495 1799 2550 in

169 2582 434 2638 Samaria:
467 2582 717 2654 scripsit
743 2598 880 2655 ergo
902 2583 1010 2638 Jeu
1058 2582 1286 2639 litteras
1337 2583 1418 2655 (h.
1472 2584 1694 2649 libros),
1743 2587 1802 2639 et

171 2671 316 2726 misit
345 2673 398 2727 in
433 2671 798 2741 Samariam,
829 2672 899 2726 ad
937 2672 1252 2744 optimates
1283 2672 1536 2728 civitatis
1557 2674 1638 2745 (h.
1673 2674 1804 2729 Jez-

171 2759 318 2832 rael),
347 2765 402 2817 et
433 2762 505 2816 ad
547 2761 672 2832 (ms.
707 2770 815 2817 lac.
847 2765 906 2816 et
935 2763 1032 2831 ad)
1061 2762 1315 2832 majores
1338 2767 1502 2831 natu,
1523 2766 1584 2830 et
1600 2763 1671 2818 ad
1695 2781 1802 2818 nu-

168 2850 349 2906 tricios
382 2851 577 2917 Ahab,
610 2850 832 2906 dicens:
868 2850 1084 2918 Statim
1118 2855 1181 2905 ut
1207 2852 1546 2922 acceperitis
1579 2851 1805 2909 litteras

169 2937 264 2994 has
290 2938 367 3010 (h.
399 2939 680 3005 librum),
714 2939 811 3011 qui
845 2939 1071 2995 habetis
1102 2939 1253 2995 ﬁlios
1284 2941 1505 2996 domini
1535 2941 1807 3007 vestri,et

171 3043 378 3096 currus,
414 3032 472 3084 et
493 3044 703 3099 equos,
727 3032 783 3082 et
804 3028 1068 3082 civitates
1092 3029 1318 3094 firmas,
1347 3034 1403 3084 et
1422 3030 1808 3102 arma,eligite

173 3115 550 3183 meliorem,et
570 3132 703 3171 eum
727 3116 827 3188 qui
850 3116 1012 3172 vobis
1034 3116 1318 3189 placuerit
1339 3118 1410 3173 de
1428 3117 1562 3174 filiis
1584 3119 1806 3175 domini

1917 522 2002 579 eis
2031 523 2258 581 litteras
2290 527 2369 599 (h.
2424 527 2664 598 librum)
2721 529 3002 594 secundo,
3054 529 3257 583 dicens
3289 545 3307 582 :
3337 527 3395 582 Si
3447 525 3560 582 mei

1915 614 2147 678 estis.et
2168 616 2418 672 obeditis
2441 617 2608 687 mihi,
2633 617 2818 673 tollite
2840 619 3034 690 capita
3055 617 3312 672 filiorum
3334 616 3561 671 domini

1914 703 2115 771 vestri,
2149 708 2206 758 et
2263 707 2455 761 venite
2485 706 2556 762 ad
2590 723 2680 762 me
2711 706 3036 762 haceadem
3056 705 3556 761 boracrasinJez-

1914 791 2054 847 rael.
2093 793 2266 849 Porro
2299 793 2401 848 filii
2437 795 2612 867 regis,
2642 796 3017 868 septuaginta
3044 795 3168 861 viri,
3199 795 3355 866 apud
3407 794 3558 865 opti-

1915 884 2104 936 mates
2135 882 2385 939 civitatis
2407 885 2840 940 nutriebantur.
2872 890 3134 953 Cumque
3151 883 3557 939 venissentlit-

1915 975 2068 1025 terae.
2127 971 2209 1042 (h.
2243 971 2410 1038 liber)
2442 974 2512 1028 ad
2566 972 3564 1044 eos,tuleruntﬁliosregis,etocci-

1915 1061 2696 1134 deruntseptuagintaviros,
2721 1069 2778 1119 et
2800 1070 3121 1135 posurrunt
3142 1064 3335 1134 capita
3355 1078 3560 1118 eorum

1915 1149 1975 1204 in
2007 1150 2302 1221 cophinis,
2333 1153 2694 1208 etmiserunt
2710 1155 2776 1207 ad
2795 1152 3242 1208 euminJazrael
3271 1151 3558 1206 Venitau-

1916 1243 2029 1294 tem
2048 1240 2758 1308 nuntius,etindicavitei,
2775 1243 2995 1298 dicens:
3015 1241 3346 1298 Attulerunt
3361 1240 3552 1310 capita

1914 1327 2171 1384 ﬁliorum
2207 1329 2495 1401 regis.Qui
2530 1331 2852 1403 respondit:
2888 1332 3171 1386 Poniteea
3201 1329 3556 1401 ad(ms.tas.)

1915 1416 1983 1472 ad
2017 1417 2164 1473 duos
2179 1421 2587 1488 acervosjuxta
2612 1421 2916 1476 introitum
2947 1426 3123 1492 portis
3149 1434 3339 1491 usque
3361 1433 3553 1474 mane.

1914 1505 2178 1578 Cumque
2208 1507 2540 1578 diluxisset,
2573 1524 2848 1582 egressus
2881 1515 2991 1577 est,
3023 1514 3078 1564 et
3109 1513 3277 1564 stans
3309 1505 3455 1561 dixit
3486 1506 3557 1561 ad

1915 1610 2144 1651 omnem
2181 1597 2483 1668 populum:
2515 1598 2670 1654 Justi
2702 1598 2868 1664 estis;
2903 1599 2950 1654 si
2984 1614 3090 1670 ego
3139 1595 3440 1666 conjuravi
3477 1595 3555 1662 (h.

1914 1684 2068 1740 rebel
2101 1685 2234 1757 lavi)
2265 1691 2465 1742 contra
2481 1686 2786 1743 dominum
2808 1691 3089 1755 meum,et
3111 1683 3372 1740 interfeci
3397 1699 3558 1749 eum,

1911 1773 2048 1844 quia
2078 1775 2368 1845 percussit
2396 1793 2600 1832 omnes
2633 1776 2739 1832 hos
2769 1775 3014 1832 ?Videte
3039 1791 3174 1848 ergo
3223 1790 3381 1830 nunc
3411 1789 3548 1845 quo-

1910 1864 2066 1920 niam
2100 1882 2212 1921 non
2247 1866 2456 1922 cecidit
2478 1868 2549 1923 de
2568 1867 2942 1923 sermonibus
2961 1865 3191 1923 Domini
3221 1866 3281 1920 in
3305 1870 3549 1930 terram,

1905 1969 2054 2024 quos
2086 1953 2318 2012 locutus
2350 1960 2438 2011 est
2469 1955 2753 2012 Dominus
2786 1972 2967 2029 super
3005 1955 3314 2012 dominum
3369 1954 3559 2023 Abab,

1902 2048 1964 2099 οι
1993 2044 2272 2102 Dominus
2295 2045 2431 2102 fecit
2460 2047 2610 2118 quod
2645 2045 2876 2102 locutus
2908 2046 3067 2102 estin
3087 2061 3264 2101 manu
3290 2043 3547 2100 servisui

1903 2134 2368 2190 Elim.Percussit
2397 2135 2580 2207 igitur
2607 2135 2756 2192 Jehu
2789 2152 2995 2192 omnes
3039 2135 3138 2208 qui
3167 2133 3374 2206 reliqui
3399 2136 3566 2189 erant

1907 2224 1978 2279 de
2007 2226 2180 2280 domo
2212 2225 2374 2280 Ahab
2407 2225 2466 2280 in
2497 2225 2742 2296 Jezrael,
2783 2231 2842 2281 et
2889 2225 3195 2281 universos
3240 2223 3553 2296 optimates

1907 2313 2058 2384 ejus,
2093 2316 2284 2381 notos,
2317 2316 2375 2368 et
2405 2313 2739 2370 sacerdotes
2782 2313 2966 2368 donec
3015 2329 3128 2367 non
3179 2313 3552 2366 remanerent
3653 2323 3658 2328 ·

1908 2417 1977 2457 ex
2007 2417 2073 2459 eo
2103 2401 2381 2474 reliquiis.
2418 2403 2486 2458 Et
2517 2401 2791 2471 surrexit,
2819 2407 2878 2458 et
2906 2401 3068 2456 venit
3099 2401 3159 2457 in
3203 2399 3551 2457 Samariam.

1935 2494 2003 2548 T.
2036 2493 2167 2564 CL.)
2196 2493 2462 2564 Cumque
2493 2493 2750 2549 venisset
2779 2493 2850 2548 ad
2884 2507 3174 2548 cameram
3217 2491 3299 2558 (b.
3335 2488 3560 2560 caulas)

1912 2586 2211 2654 pastorum
2244 2583 2304 2637 in
2336 2581 2676 2649 via,invenit
2705 2582 2912 2636 fratres
2946 2580 3173 2635 Ahazie
3207 2579 3359 2650 regis
3380 2579 3556 2644 Juda,

1912 2670 2173 2742 dixitque
2205 2671 2274 2726 ad
2308 2686 2428 2727 eos:
2461 2670 2712 2734 Quinam
2736 2671 2878 2724 estis
2899 2686 3001 2724 vos
3023 2669 3050 2724 ?
3081 2673 3154 2724 At
3186 2667 3266 2722 illi
3310 2683 3557 2739 respon-

1914 2761 2147 2815 derunt:
2181 2760 2409 2815 Fratres
2441 2759 2670 2814 Ahaziae
2697 2775 2928 2823 sumus,
2953 2762 3011 2813 et
3042 2755 3462 2812 descendimus
3483 2755 3557 2810 ad

1915 2848 2262 2904 salutandos
2318 2847 2472 2903 filios
2503 2848 2681 2919 regis,
2713 2852 2771 2903 et
2825 2846 2981 2902 ﬁlios
3038 2846 3161 2916 (ms.
3225 2849 3327 2900 tac.
3382 2844 3558 2912 filios)

1916 2937 2151 3010 reginae.
2185 2937 2293 3003 Qui
2335 2937 2435 2993 ait:
2485 2935 2979 3008 Comprehendite
3031 2951 3131 2991 eos
3168 2934 3347 2989 vivos.
3401 2934 3556 2996 Quos

1915 3044 2049 3084 cum
2082 3025 2669 3099 comprehendissent
2698 3027 2878 3092 vivos,
2903 3024 3324 3098 jugulaveruut
3353 3039 3453 3078 eos
3494 3022 3555 3077 in

1917 3117 2171 3173 cisterna
2193 3117 2363 3186 juxta
2393 3132 2686 3172 cameram
2740 3115 2822 3187 (h.
2860 3113 3120 3184 caulas).
3172 3111 3565 3184 quadraginta

173 3205 331 3260 vestri
359 3207 548 3278 (Vulg.
581 3205 718 3262 add.
753 3211 809 3260 et
838 3206 996 3277 eum)
1033 3206 1230 3277 ponite
1261 3223 1440 3278 super
1468 3207 1681 3263 solium
1705 3226 1806 3280 pa-
1837 3192 1880 3260 C
1919 3210 2067 3264 duos
2098 3209 2275 3274 viros,
2335 3213 2392 3264 et
2444 3224 2558 3264 non
2619 3206 2933 3279 dereliquit
2989 3207 3112 3277 (ms.
3174 3203 3564 3275 reliquerunt)

180 3292 273 3349 tris
301 3294 412 3362 sui,
441 3300 502 3351 et
536 3298 793 3367 pugnate
817 3310 919 3366 pro
939 3295 1113 3350 domo
1136 3295 1357 3351 domini
1381 3296 1813 3353 vestri.Timue-

178 3388 301 3438 runt
327 3383 410 3439 illi
444 3383 849 3451 vehementer,
883 3387 939 3438 et
967 3384 1276 3440 dixerunt:
1314 3389 1452 3441 Ecce
1484 3386 1598 3442 duo
1648 3403 1814 3460 reges

180 3488 280 3528 non
310 3477 634 3546 potuerunt
662 3479 818 3529 stare
846 3489 1041 3529 coram
1066 3489 1160 3542 eo,
1191 3478 1248 3529 et
1277 3476 1568 3546 quomode
1587 3493 1692 3532 nos
1712 3493 1813 3532 va-

177 3559 412 3618 lebimus
428 3562 708 3618 resistere
741 3562 1061 3617 ?Miserunt
1078 3579 1215 3635 ergo
1238 3564 1586 3635 praepositus
1601 3565 1814 3621 domus

181 3654 231 3705 et
261 3653 566 3722 praefectus
598 3650 851 3706 civitatis
884 3652 1082 3722 (Vulg.
1117 3652 1413 3724 praepositi
1433 3658 1487 3708 et
1513 3653 1812 3726 prasfecti),

179 3744 228 3793 et
257 3741 509 3810 majores
530 3744 694 3807 natu,
713 3744 770 3796 et
788 3739 1044 3807 nutricii,
1071 3741 1140 3796 ad
1159 3740 1331 3809 Jehu,
1359 3741 1812 3799 dicentes:Servi

176 3828 252 3883 tui
281 3845 515 3898 sumus,
538 3844 904 3900 quaecunque
925 3828 1178 3898 jusseris
1209 3829 1626 3894 faciemusmec
1648 3847 1812 3886 com-

173 3919 468 3975 stituemus
510 3918 703 3973 nobis“
735 3933 930 3990 regem
959 3917 1039 3978 (h.
1076 3918 1244 3973 nobis
1275 3918 1509 3990 virum):
1539 3935 1811 3990 quacun-

171 4059 340 4132 t'ungi,
370 4062 459 4118 vel
498 4077 602 4132 pro
633 4060 918 4132 temporis
951 4067 1089 4116 nota
1132 4060 1254 4134 sive
1303 4062 1599 4126 adverbio,
1648 4064 1805 4134 quod

170 4135 369 4206 saepius
388 4135 1144 4206 usuvenit,sumas.SeuAs_us
1158 4132 1266 4206 erit
1279 4150 1421 4206 sane
1436 4132 1801 4206 perspicuus,

170 4207 220 4276 et
245 4204 334 4272 qui
365 4205 513 4260 nihil
537 4205 612 4260 ab
637 4220 725 4268 ea,
748 4221 923 4276 quam
949 4208 1005 4259 et
1025 4203 1259 4275 Vulgati
1283 4204 1470 4260 Latini
1496 4203 1630 4260 lib'ri
1657 4203 1803 4276 pra;

174 4273 366 4338 ferunt,
399 4277 660 4332 historiis
693 4273 934 4330 veritate
988 4273 1311 4331 dissentiat.
1386 4278 1540 4332 Anno
1595 4273 1803 4333 scilicet

170 4347 433 4403 undecimo
461 4349 659 4404 Joram
689 4347 804 4417 ﬁlii
833 4347 1008 4412 Ahab,
1065 4363 1191 4402 cum
1246 4355 1379 4402 esset
1436 4348 1645 4403 Ahazia
1700 4366 1802 4404 rex

169 4417 533 4486 Juda,veni:se
590 4421 687 4475 Jeu
708 4423 768 4473 in
797 4419 1034 4474 Jezraet.
1067 4419 1211 4473 Nam
1247 4419 1356 4474 hoc
1396 4419 1618 4474 Jorami
1643 4438 1797 4476 anno

172 4487 222 4541 in
252 4492 612 4546 consortium
645 4491 800 4561 regni
837 4491 1088 4545 accitum
1123 4491 1302 4545 fuisse
1336 4491 1610 4546 Ahaziam
1654 4509 1794 4547 con-

1921 3313 1989 3353 ex
2019 3298 2104 3354 eis
2134 3313 2514 3370 quemquam.
2575 3297 2838 3368 Cumque
2877 3295 3122 3350 abiisset
3151 3292 3310 3360 inde,
3343 3291 3568 3346 invenit

1919 3386 2187 3443 Jonadab
2229 3386 2415 3441 tilium
2458 3384 2690 3442 Rechab
2720 3383 2780 3439 in
2821 3399 3131 3440 occursum
3189 3381 3324 3451 sibi,
3373 3385 3430 3435 et
3460 3380 3566 3435 he-

1924 3475 2142 3530 nedixit
2171 3475 2243 3531 ei.
2274 3475 2344 3530 Et
2373 3475 2456 3530 ait
2486 3475 2558 3530 ad
2591 3490 2747 3530 eum:
2782 3471 3059 3545 Nunquid
3112 3477 3203 3527 est
3247 3486 3346 3526 cor
3397 3473 3566 3524 tuum

1922 3569 2170 3630 rectum,
2203 3563 2357 3620 sicut
2387 3580 2486 3619 cor
2515 3579 2709 3618 meum
2772 3578 2904 3618 cum
2964 3561 3136 3616 corde
3167 3565 3266 3615 tuo
3297 3557 3325 3613 ?
3381 3559 3448 3614 Et
3484 3557 3567 3612 ait

1919 3653 2206 3708 Jonadab:
2268 3653 2388 3708 Est.
2445 3653 2646 3719 Siest,
2700 3650 2910 3721 inquit,
2943 3650 3018 3704 da
3077 3665 3316 3702 manum
3372 3652 3561 3702 tuam.

1923 3742 2027 3808 Qui
2061 3742 2222 3797 dedit
2249 3742 2323 3796 ei?
2356 3757 2598 3796 manum
2631 3756 2821 3795 suam.
2857 3742 2928 3793 At
2958 3738 3057 3792 ille
3088 3737 3300 3792 levavit
3329 3752 3464 3790 eum
3492 3735 3563 3789 ad

1874 3873 1880 3879 .
1920 3848 1982 3887 se
2013 3832 2071 3886 in
2105 3847 2366 3886 currum:
2401 3830 2662 3901 dixitque
2694 3829 2763 3884 ad
2797 3844 2931 3882 eum
2967 3843 2980 3881 :
3014 3826 3155 3880 Veni
3220 3839 3471 3892 mecum,
3505 3826 3562 3877 et

1916 3921 2050 3976 vide
2079 3921 2269 3976 zelum
2328 3935 2526 3974 meum
2588 3934 2692 3990 pro
2750 3917 3016 3972 Domino.
3078 3919 3144 3969 Et
3202 3911 3554 3985 impositum

1915 4081 2048 4119 cum
2085 4068 2280 4116 tamen
2305 4061 2514 4116 habeat
2543 4070 2674 4125 m3,
2714 4075 2870 4113 more
2919 4061 3194 4128 Syrorum
3247 4055 3422 4110 Porro
3453 4062 3562 4113 ’ΠΝ

1910 4134 2007 4191 illi
2039 4135 2273 4205 ponitur
2304 4133 2515 4204 saepius
2550 4147 2651 4205 pro
2677 4141 2810 4196 Ἦν,
2844 4128 3112 4205 immi_._id
3153 4131 3241 4182 est
3288 4141 3502 4181 mecum
3538 4143 3553 4181 :

1913 4200 2052 4262 hinc
2081 4200 2452 4271 scholiastes,
2487 4200 2583 4274 qui
2601 4211 2683 4258 est
2709 4217 2914 4274 mecum
2945 4201 2972 4255 ?
3003 4200 3189 4274 MART.

1981 4279 2002 4312 ³
2032 4277 2239 4332 Veron.
2273 4293 2386 4331 ms.
2413 4267 2681 4345 equorum
2712 4271 2939 4342 ungulae
2970 4273 3066 4345 qui
3095 4267 3566 4345 conculcaverunt

1908 4350 2210 4420 cumquod
2244 4341 2492 4402 Arabico
2526 4341 2833 4418 interpreti
2870 4341 3060 4416 magis
3082 4341 3559 4412 adhieret,quam

1907 4427 2188 4548 cm‘t‘lrdlem
2225 4507 2338 4546 ms.
2380 4489 2725 4558 bibissetque,
2757 4488 2858 4552 ait,
2891 4485 3307 4558 ite,videte,etc.

171 4565 318 4635 stans
338 4567 426 4617 est
445 4556 837 4635 interpretum
861 4561 1518 4635 sententia,quanquam
1543 4580 1657 4618 non
1686 4565 1794 4619 nisi
1829 4571 1875 4635 ι)
1979 4565 2000 4599 ⁸
2027 4569 2274 4618 Sensum
2303 4561 2591 4635 expressit
2613 4556 3027 4635 Hieronymus,
3066 4556 3422 4635 sc_holiaste_s
3455 4571 3561 4610 au-

169 4630 480 4706 insequenti
504 4630 874 4706 duodecimo,
896 4649 1088 4688 rerum
1116 4630 1335 4703 potitus
1359 4630 1457 4698 sit,
1484 4638 1628 4690 utex
1652 4653 1796 4706 prae-

170 4705 410 4760 cedentis
440 4705 683 4777 capituli
715 4721 888 4759 versu
918 4706 990 4759 25
1014 4706 1219 4776 liquet.

231 4785 246 4817 ¹
278 4784 315 4838 E
347 4786 582 4855 regione
614 4785 792 4854 hujus
823 4785 982 4841 vocis
1013 4785 1071 4840 in
1103 4784 1459 4840 Veronensis
1521 4802 1629 4841 ms.
1665 4785 1796 4842 albo

170 4859 420 4928 notatum
453 4861 566 4925 est,
592 4857 795 4912 eadem
830 4855 934 4911 illa
962 4873 1089 4928 quae
1131 4856 1390 4912 codicem
1453 4857 1795 4913 universum

169 4923 466 5000 descripsit
495 4923 667 5000 manu
698 4928 947 4982 rallibles
979 4923 1156 5000 quam
1203 4944 1424 4995 vocem,
1448 4999 1451 5000 ν
1475 4928 1668 4984 exesis
1710 4945 1798 4984 ve-

169 4997 368 5070 tustate
395 4998 629 5069 litteris,
664 5000 752 5054 sui
786 5003 946 5070 parte
978 4997 1340 5055 truncratam
1365 4999 1590 5070 cpinor.
1611 5017 1675 5054 ac
1697 5017 1798 5055 ve-

169 5064 259 5120 lim
290 5070 513 5140 integre
563 5064 847 5142 scriptu'm
900 5072 972 5125 ab
1030 5064 1797 5142 amanu_ensj_'Calliblefaro

171 5145 250 5216 est
277 5136 439 5195 enim'
463 5136 942 5216 Collible'pharon,
961 5143 1155 5216 Graece
1167 5136 1634 5216 καλλιϐλέφαρον,
1657 5136 1796 5198 ocu-

173 5211 345 5285 lorum
381 5211 763 5285 medicamen,
796 5213 948 5283 quod
982 5214 1207 5270 Plinius
1243 5214 1343 5269 lib.
1385 5211 1547 5282 xxiii,
1581 5232 1706 5285 cap.
1739 5217 1795 5281 6,

175 5282 354 5338 tradit.
386 5284 468 5338 Ea
516 5285 781 5340 fortassis
813 5282 950 5340 voce
966 5286 1240 5356 prostibio
1255 5291 1420 5341 vetus
1445 5282 1684 5342 Latinus
1709 5288 1796 5340 in-

172 5355 382 5424 terpres
408 5361 540 5412 ante
568 5356 1006 5430 Hieronymum,
1039 5375 1185 5414 usus
1214 5362 1322 5414 est.

233 5433 551 5510 {Hebraice
579 5447 647 5497 ’Π
685 5447 794 5497 ἠδτ
834 5448 917 5504 ηε),
967 5439 1047 5492 mi
1102 5440 1214 5503 illi,
1275 5440 1375 5508 mi,
1409 5441 1531 5510 quis
1561 5455 1794 5504 merum,

178 5505 314 5585 quis?
333 5506 988 5585 _Hie_ronyinus_sensu_m
1019 5512 1331 5585 Scriptura
1362 5505 1563 5585 reddit
1595 5511 1797 5585 :_Quae

182 5579 251 5660 est
278 5578 404 5660 ista?
435 5578 575 5660 LXX
594 5581 786 5660 verbis
817 5578 1233 5660 _adba:_serunt_
1260 5581 1369 5638 hoc
1416 5580 1563 5638 loco.
1619 5581 1799 5660 T_ic__ei'

182 5646 254 5699 σύ.
287 5646 411 5716 Quae
439 5661 516 5708 est
547 5651 631 5708 tu?
661 5652 834 5725 quasi
863 5658 1017 5711 esset
1045 5655 1104 5712 in
1143 5654 1374 5712 Hebraeo
1402 5663 1576 5717 nati:
1589 5653 1795 5725 math,

1906 4640 2022 4690 tem
2047 4637 2358 4690 verborum
2377 4627 2801 4688 tenacissimus
2825 4627 3035 4684 litteris
3055 4627 3404 4684 adhaerescit
3423 4643 3561 4682 cum

1909 4699 2189 4762 omnibus
2213 4705 2344 4761 aliis
2369 4703 2808 4776 interpretibus,
2830 4701 2924 4776 qui
2946 4706 3283 4776 constanter
3306 4699 3561 4776 reddunt

1907 4787 1969 4834 ut
2001 4791 2112 4833 non
2141 4778 2328 4831 dicant
2361 4776 2481 4832 haec
2522 4771 2603 4830 Est
2632 4774 2870 4830 Iezabel.
2903 4773 2963 4828 In
2999 4773 3232 4827 Hebraeo
3273 4771 3558 4842 scriptum

1907 4873 1996 4924 est
2024 4852 2196 4941 537V};
2218 4876 2354 4941 tim
2393 4873 2572 4941 una?
2613 4848 2699 4941 Nl}
2728 4875 3073 4941 Ἳιεκηᾳδενη
3091 4862 3142 4916 lo
3189 4863 3406 4941 ῥοφεῖν
3433 4861 3560 4941 zoth

1909 4939 2144 5002 Iezabel,
2179 4938 2234 4992 id
2267 4942 2376 4999 est,
2411 4940 2472 4990 ut
2503 4951 2609 4989 non
2641 4935 2848 4990 dicant:
2883 4937 3017 4990 Haec
3043 4934 3287 4989 Jezabel.
3329 4932 3462 4996 Qum
3495 4932 3554 4986 in

1911 5013 2015 5065 hoc
2048 5026 2225 5064 sensu
2260 5007 2595 5075 accipienda
2611 5006 2952 5075 sunt,quasi
2971 5005 3554 5066 Gallicediceremus,

1908 5084 1968 5137 Et
2014 5097 2153 5136 reum
2209 5083 2306 5151 qui
2355 5083 2643 5147 passeront
2697 5095 2768 5132 ne
2797 5076 3094 5133 diram-il:
3119 5092 3220 5148 pas
3252 5093 3270 5131 :
3304 5075 3472 5129 Est-ce
3507 5075 3561 5128 ιὰ

1905 5158 2037 5210 cette
2065 5151 2310 5225 Iezabel?
2341 5151 2523 5225 MART.
2581 5221 2590 5225 _
2718 5220 2731 5225 _
2872 5221 2881 5225 _
2939 5223 2952 5225 _
3007 5218 3018 5225 _
3084 5218 3120 5225 __
3204 5222 3210 5225 _
3461 5212 3513 5225 _,

1977 5227 1998 5260 δ
2027 5225 2191 5289 Quod
2224 5222 2465 5296 minime
2499 5218 3478 5296 animadvertit_Scboliastes,vacat
3500 5218 3558 5296 in

1910 5285 2172 5362 Hebrmo,
2203 5295 2381 5349 nobis:
2419 5309 2544 5362 qua:
2574 5309 2677 5346 vox
2711 5297 2767 5346 et
2798 5292 2855 5346 in
2908 5292 3219 5346 Veronens.
3258 5285 3366 5362 me.
3402 5285 3558 5340 desi-

1909 5358 2170 5422 deratur.
2207 5371 2330 5440 Mox
2363 5358 2544 5440 habet
2593 5364 2819 5440 minori
2865 5378 3128 5440 numero,
3187 5358 3562 5440 Quodcunque

1909 5441 2010 5494 tibi
2039 5440 2242 5509 placet.
2288 5437 2656 5494 Hebrazus-ad
2707 5438 2972 5502 verbum,
3027 5434 3238 5488 Bonum
3283 5430 3342 5485 in
3381 5429 3559 5485 oculis

1907 5514 2035 5566 luis.

1977 5582 1999 5616 ⁸
2027 5582 2243 5638 lterum
2276 5597 2411 5637 cum
2437 5579 2675 5637 Hebraeo
2703 5593 2811 5634 ms.
2844 5574 3163 5631 Veronens.
3199 5573 3256 5630 ei
3279 5569 3548 5628 voculam

1907 5653 2323 5728 pratermittit.
