3938 6174
402 297 509 354 795

1433 296 1490 350 S.
1534 293 1937 350 HIEBONYMI
1974 291 2231 348 DIVINA
2277 292 2777 349 BIBLIOTHECA.

3679 301 3771 358 796

401 427 598 484 currui
657 441 764 483 suo
797 468 810 492 ,
868 423 1035 479 duxit
1089 422 1147 477 in
1205 420 1530 477 Samariam
1560 461 1573 477 .
1635 420 1704 476 Et
1761 417 2053 491 percussit
2083 419 2138 485 Α
2166 417 2242 474 tis
2265 419 2597 489 Jeroboam,
2631 418 2728 490 qui
2764 432 3008 491 peccare
3038 420 3256 476 fecerat
3285 420 3478 479 Israel.
3514 424 3571 481 In
3601 425 3772 486 diebus

402 533 607 574 omnes
639 515 738 588 qui
789 513 1001 584 reliqui
1050 513 1279 568 fuerant
1331 512 1401 566 de
1457 509 1624 565 Ahab
1681 510 1742 565 in
1788 507 2053 564 Samaria

403 606 673 677 usquead
700 620 882 659 unum
899 603 980 673 (h.
1000 603 1069 657 ad
1090 599 1596 672 internecionem),
1615 601 1787 671 juxta
1809 599 2053 654 verbum

2166 506 2286 563 illis
2301 509 2471 578 ccepit
2487 507 2774 564 Dominus
2786 509 2998 564 taedere
3013 509 3774 589 superIsrael,percussitque

2167 612 2267 654 eos
2295 597 2464 653 Azael
2495 597 2555 652 in
2602 597 2891 654 universis
2949 597 3169 654 ﬁnibus
3226 599 3429 668 Israel,
3478 619 3510 656 a
3555 603 3775 663 Jordane

403 695 659 762 Domini,
693 693 845 764 quod
882 692 1116 748 locutus
1149 695 1241 746 est
1273 707 1375 762 per
1423 689 1628 745 Eliam.
1671 687 2056 760 Congregavit
2165 686 2724 743 contraorientalem
2742 686 2997 759 plagam,
3023 704 3256 744 omnem
3280 692 3492 745 terram
3515 691 3776 761 Galaad,et

403 801 539 856 ergo
568 784 673 839 Jeu
709 798 945 838 omnem
981 779 1719 852 populum,etdixitadeos
1743 777 2052 846 (ms.eum):

406 875 566 930 Ahab
598 873 780 927 coluit
810 870 946 926 Baal
981 886 1213 941 parum,
1264 884 1370 939 ego
1429 872 1624 922 autem
1683 865 1867 922 colam
1920 881 2056 921 eum

405 962 686 1035 amplius.
719 961 808 1031 (T.
833 959 963 1030 CL.)
1030 958 1193 1015 Nunc
1230 957 1414 1027 igitur
1475 972 1683 1012 omnes
1741 955 2059 1026 prophetas

406 1051 560 1119 Baal,
596 1055 653 1106 et
685 1049 991 1104 universos
1025 1062 1224 1102 servos
1258 1046 1410 1117 ejus,
1455 1050 1513 1100 et
1571 1050 1816 1100 cunctos
1865 1059 2061 1098 sacer-

404 1142 570 1196 dotes
603 1138 793 1210 ipsius
827 1141 1027 1192 vocate
1084 1136 1154 1189 ad
1191 1151 1331 1190 me:
1393 1133 1594 1188 nullus
1649 1133 1727 1187 sit
1783 1134 1880 1202 qui
1943 1147 2058 1186 non

406 1229 620 1296 veniat,
657 1227 1015 1283 sacriﬁcium
1049 1225 1204 1281 enim
1267 1225 1486 1296 grande
1529 1227 1618 1278 est
1667 1221 1812 1278 mihi
1873 1219 2009 1277 Baal
2045 1237 2058 1277 :

405 1318 764 1391 quicumque
795 1315 1051 1372 defuerit
1082 1330 1196 1370 non
1230 1315 1402 1369 vivet.
1443 1315 1615 1368 Porro
1661 1315 1765 1368 Jeu
1813 1309 2064 1366 faciebat

405 1407 819 1472 bocinsidose,
854 1410 918 1460 ut
949 1405 1215 1476 perderet
1247 1404 1372 1473 (ms.
1417 1411 1467 1459 et
1532 1403 1698 1471 Vulg.
1754 1401 2066 1473 disperde-

407 1500 531 1567 ret)
581 1496 838 1552 cultores
901 1493 1078 1550 Baal.
1141 1493 1299 1548 Dixit
1371 1496 1609 1548 autem:
1692 1489 2063 1547 Sanctiﬁcate

409 1588 563 1643 diem
596 1586 680 1658 (h.
715 1583 952 1654 coelum)
1003 1583 1327 1639 solemnem
1377 1582 1536 1638 Baal.
1596 1580 1976 1652 Vocavitque,
2010 1583 2066 1634 et

407 1675 657 1732 misitin
696 1673 1004 1729 universos
1060 1672 1347 1728 terminos
1410 1669 1614 1736 Israel,
1666 1673 1722 1725 et
1778 1670 2066 1724 venerunt

2169 776 2315 845 Gad,
2347 781 2403 832 et
2434 777 2659 845 Ruben,
2694 781 2752 832 et
2781 780 3070 847 Manasse,
3099 777 3172 833 ab
3191 779 3358 846 Aror,
3378 795 3505 849 quae
3528 785 3611 836 est
3630 799 3776 855 super

2169 870 2487 922 torrentem
2503 869 2723 933 Arnon,
2741 871 2796 922 et
2819 865 3033 922 Galaad
3046 909 3058 933 ,
3084 870 3142 923 et
3159 867 3370 925 Basan.
3391 869 3774 943 (T.CLIII.)Re-

2169 955 2328 1027 liqua
2357 959 2554 1011 autem
2586 955 2894 1012 verborum
2919 955 3050 1026 Jeu,
3081 963 3135 1011 et
3159 957 3435 1014 universa
3457 961 3776 1028 quaafecit,et

2175 1045 2454 1101 fortitudo
2486 1046 2849 1116 ejus,noune
2871 1045 2991 1100 haec
3029 1046 3249 1120 scripta
3269 1048 3487 1102 suntin
3515 1049 3651 1107 libro
3672 1051 3778 1108 Ver-

2171 1135 2379 1190 borum
2408 1135 2637 1191 dierum
2673 1151 2877 1208 regum
2914 1135 3123 1191 Israel?
3153 1137 3223 1191 Et
3251 1138 3640 1196 dormivitJeu
3669 1157 3776 1197 cum

2175 1225 2440 1297 patribus
2471 1226 2624 1294 suis,
2655 1224 3131 1297 sepelieruntquc
3160 1241 3291 1282 eum
3327 1227 3387 1282 in
3435 1227 3778 1287 Samariazet

2175 1314 2438 1387 regnavit
2464 1314 2679 1371 Joahaz
2715 1316 2840 1386 (ms.
2873 1314 3147 1384 Joachaz)
3207 1315 3367 1372 ﬁlius
3425 1319 3551 1389 ejus
3574 1336 3664 1391 pro
3709 1336 3779 1376 eo.

2175 1403 2308 1460 Dies
2339 1407 2560 1471 autem,
2597 1420 2745 1475 quos
2768 1404 3038 1476 regnavit
3056 1404 3165 1461 Jeu
3187 1421 3370 1478 super
3389 1407 3586 1475 Israel,
3605 1409 3774 1481 viginti

2175 1498 2232 1550 et
2257 1497 2385 1550 octo
2410 1493 2549 1548 anni
2581 1497 2743 1564 sunt,
2776 1494 2836 1548 in
2867 1493 3154 1552 Samaria.

2247 1583 2400 1654 (Cap.
2435 1583 2572 1644 XI.)
2605 1582 2844 1639 Athalia
2889 1600 3024 1639 vero
3079 1588 3269 1642 mater
3321 1584 3568 1653 Ahaziaa,
3611 1588 3779 1646 videns

2180 1676 2476 1728 mortuum
2507 1671 2698 1727 filium
2727 1687 2927 1739 suum,
2953 1672 3209 1729 surrexit
3238 1676 3296 1728 et
3339 1673 3624 1731 interfecit
3645 1692 3780 1732 omne

407 1765 601 1821 cuncti
651 1763 798 1820 servi
863 1761 1046 1818 Baal:
1110 1778 1225 1817 non
1290 1760 1402 1816 fuit
1457 1757 1733 1815 residuus
1784 1773 1857 1814 ne
1909 1773 2062 1812 unus
2098 1789 2144 1856 B
2178 1776 2375 1816 semen
2411 1760 2664 1833 regium.
2703 1761 2940 1817 Tollens
2998 1765 3195 1818 autem
3243 1762 3464 1819 Josaba
3507 1763 3620 1820 ﬁlia
3661 1765 3780 1835 regis

409 1855 645 1926 quidem
678 1852 778 1924 qui
811 1868 927 1907 non
961 1851 1203 1907 veniret.
1239 1849 1578 1922 Etingressi
1604 1852 1743 1904 sunt
1771 1847 2055 1918 templum

2174 1854 2398 1918 Joram,
2432 1865 2598 1905 soror
2628 1849 2877 1916 Ahaziaa,
2910 1849 3051 1907 Joas
3083 1850 3270 1908 ﬁlium
3331 1852 3578 1923 Ahaziaa,
3628 1854 3782 1910 furata

405 1944 487 2015 (h.
547 1943 810 2013 domum)
872 1939 1056 1995 Baal:
1125 1939 1350 2011 repleta
1406 1942 1496 1993 est
1553 1939 1766 1993 domus
1828 1935 1983 2006 Baal,
2026 1952 2059 1990 a
2171 1943 2263 1995 est
2287 1955 2421 1994 eum
2455 1939 2524 1994 de
2557 1939 2751 1995 medio
2780 1938 3038 1996 ﬁliorum
3063 1941 3240 2012 regis,
3265 1942 3367 2014 qui
3392 1943 3781 1999 interﬁcieban-

410 2049 646 2089 summo
679 2047 872 2103 usque
904 2031 975 2085 ad
1008 2045 1330 2085 summum.
1359 2028 1626 2098 Dixitque
1657 2027 1748 2082 his
1771 2025 2059 2099 (b.ei)qui

410 2128 578 2180 erant
610 2137 788 2192 super
816 2124 1008 2175 vestes
1042 2122 1080 2174 1:
1118 2118 1378 2173 Proferte
1423 2118 1776 2173 vestimenta
1826 2116 2063 2171 univer-

412 2213 494 2268 sis
527 2211 711 2267 servis
756 2210 912 2264 Baal.
975 2209 1046 2263 Et
1104 2207 1476 2278 protulerunt
1533 2206 1616 2278 (b.
1676 2204 1945 2277 protulit)
1978 2203 2062 2259 eis

412 2305 534 2370 (ms.
570 2299 646 2370 ei)
679 2302 890 2354 vestes.
927 2299 1348 2368 Ingressusque
1380 2300 1468 2351 est
1495 2295 1625 2363 Jeu,
1685 2301 1741 2350 et
1795 2293 2061 2350 Jonadad

415 2390 573 2445 ﬁlius
597 2389 850 2455 Rechab,
885 2386 1172 2458 templum
1233 2387 1314 2456 (b.
1353 2386 1620 2454 domum)
1682 2383 1840 2455 Baal,
1898 2389 1955 2439 et
1984 2383 2066 2438 ait

419 2478 747 2536 cultoribus
807 2476 993 2533 Baal:
1053 2471 1398 2547 Perquirii’e,
1454 2479 1512 2530 et
1541 2473 1752 2546 videte,
1804 2490 1876 2529 ne
1932 2473 2066 2545 quis

422 2569 568 2625 forte
621 2566 925 2624 vobiscum
986 2565 1063 2622 sit
1121 2566 1191 2620 de
1262 2563 1448 2620 servis
1506 2563 1775 2632 Domini,
1844 2564 1945 2619 sed
2004 2565 2068 2618 ut

423 2658 541 2715 sint
571 2657 678 2713 soli
712 2655 862 2712 servi
898 2652 1704 2726 Raal.lngressisuntigitur,
1725 2657 1790 2708 ut
1811 2653 2068 2708 facerent

418 2747 691 2804 victimas
725 2749 776 2802 et
813 2745 1148 2801 holocausta
1181 2761 1193 2800 :
1224 2743 1377 2803 Jebu
1420 2747 1618 2799 autem
1651 2744 2070 2816 praeparaverat

425 2836 536 2893 sibi
571 2836 712 2892 foris
741 2833 1040 2907 octoginta
1070 2833 1252 2901 viros,
1284 2832 1578 2888 etdixerat
1597 2833 1702 2888 eis:
1727 2831 2070 2902 Quicunque

419 2926 639 2999 fugerit
667 2926 739 2981 de
768 2923 1109 2980 hominibus
1167 2922 1282 2991 his,
1314 2938 1464 2995 quos
1525 2937 1627 2993 ego
1660 2921 1953 2977 adduxero
2010 2921 2070 2975 in

425 3032 637 3072 manus
666 3018 914 3084 vestras,
949 3015 1150 3070 anima
1177 3015 1305 3084 ejus
1334 3012 1448 3068 erit
1477 3029 1581 3085 pro
1631 3011 1830 3068 anima
1888 3010 2072 3065 illius.

425 3107 514 3176 (T.
549 3105 732 3176 CLII.)
763 3105 1008 3160 Factum
1041 3107 1130 3159 est
1161 3119 1320 3176 ergo,
1354 3119 1488 3159 cum
1521 3102 1875 3175 completum
1918 3103 2073 3156 esset

430 3169 1607 3264 holocaustum,przscepitJehumilitibus
1620 3169 1938 3248 etducibus
1951 3190 2076 3246 suis
2107 3169 2150 3238 C

437 3282 840 3356 lngredimini,
873 3287 931 3338 et
962 3282 1244 3352 percutite
1273 3299 1395 3350 eos,
1431 3285 1498 3336 ut
1527 3282 1548 3316 ³
1598 3280 1800 3337 nullus
1846 3281 2073 3336 evadat.

430 3376 967 3442 Percusseruntque
997 3386 1096 3428 eos
1125 3372 1185 3426 in
1218 3387 1316 3428 ore
1347 3371 1549 3445 gladii,
1603 3375 1661 3426 et
1709 3372 2080 3442 projecerunt

430 3462 647 3519 milites
669 3467 725 3517 et
775 3463 972 3530 duces,
1004 3465 1062 3516 et
1089 3460 1286 3516 ierunt
1313 3460 1374 3515 in
1407 3459 1704 3516 civitatem
1737 3459 1945 3531 templi
1993 3458 2076 3530 (h.

433 3541 670 3623 demus)
703 3551 862 3619 Baal,
892 3555 951 3606 et
999 3548 1368 3622 protulerunt
1412 3553 1664 3606 statuam
1716 3549 1800 3621 (h.
1851 3547 2077 3620 titulos)

431 3642 502 3698 de
532 3641 664 3697 fano
697 3639 846 3707 Baal,
883 3644 938 3694 et
959 3639 1440 3709 cumbusserunt,
1496 3643 1554 3694 et
1601 3637 2082 3693 comminuerunt

431 3745 582 3787 eam.
620 3731 1041 3785 Destruxerunt
1068 3744 1301 3800 quoque
1332 3729 1512 3783 aedem
1549 3727 1699 3794 Baal,
1735 3731 1794 3782 et
1822 3726 2086 3782 fecerunt

426 3820 486 3876 in
518 3836 584 3876 ea
615 3821 738 3889 (ms.
775 3826 827 3874 et
869 3818 1028 3887 Vulg.
1064 3833 1166 3889 pro
1199 3816 1289 3889 ea)
1325 3815 1571 3873 latrinas
1604 3831 1788 3888 usque
1830 3815 1888 3870 in
1928 3814 2083 3870 diem

429 3909 602 3965 hanc.
637 3907 856 3964 Delevit
885 3906 1084 3978 itaque
1113 3905 1262 3962 Jebu
1297 3904 1435 3960 Baal
1465 3905 1536 3961 de
1561 3903 1761 3962 Israel.
1785 3904 2088 3960 Verumta-

435 4015 567 4054 men
600 4015 632 4054 a
664 3995 918 4070 peccatis
946 3996 1259 4052 Jeroboam
1294 3995 1404 4050 ﬁlii
1431 3994 1638 4063 Nabat,
1696 3996 1796 4068 qui
1847 4009 2087 4066 peccare

433 4088 569 4144 fecit
599 4088 722 4159 (ms.
757 4087 995 4158 fecerat)
1029 4084 1231 4154 Israel,
1266 4102 1381 4141 non
1412 4085 1677 4155 recessit,
1723 4101 1828 4140 nec
1876 4082 2086 4140 dereli-

437 4177 569 4249 quit
600 4175 816 4232 vitulos
847 4175 1189 4247 aureos,qui
1221 4179 1387 4231 erant
1407 4175 1466 4229 iu
1490 4173 1756 4242 Betti-El,
1783 4177 1841 4229 et
1861 4172 1919 4228 in
1942 4172 2082 4228 Dan.

436 4267 593 4322 Dixit
622 4270 818 4322 autem
847 4265 1134 4322 Dominus
1167 4265 1237 4320 ad
1271 4264 1455 4320 Jebu:
1492 4264 1639 4331 Quia
1696 4265 1960 4323 studiose
2003 4269 2086 4325 fe-

439 4355 574 4410 cisti
608 4357 762 4427 quod
799 4360 1022 4413 rectum
1055 4358 1202 4424 erat,
1237 4357 1293 4408 et
1325 4351 1596 4425 placebat
1627 4353 1686 4410 in
1719 4357 1903 4414 oculis
1918 4358 2087 4426 meis,

436 4448 495 4502 et
521 4444 717 4501 omnia
749 4460 878 4516 quae
910 4447 1078 4499 erant
1110 4443 1170 4498 in
1229 4443 1399 4498 corde
1450 4459 1580 4498 meo
1641 4444 1828 4501 fecisti
1885 4451 2088 4504 contra

2173 2032 2380 2098 turget
2411 2030 2699 2084 nutricem
2760 2030 2917 2100 ejus,
2961 2030 3031 2086 de
3085 2032 3372 2101 triclinio;
3403 2037 3460 2090 ct
3516 2035 3780 2091 abscondit

2174 2135 2306 2175 eum
2339 2136 2372 2175 a
2403 2119 2548 2174 facie
2577 2118 2842 2188 Athalia),
2876 2127 2936 2174 ut
2964 2136 3080 2175 non
3113 2119 3781 2194 interficeretur.Eratque

2177 2225 2310 2265 cum
2344 2209 2490 2264 eain
2525 2209 2697 2263 domo
2758 2208 2990 2264 Domini
3031 2208 3181 2265 clam
3238 2227 3346 2266 sex
3405 2211 3570 2268 annis
3596 2229 3616 2267 :
3643 2228 3780 2284 porro

2179 2297 2412 2356 Athalia
2442 2297 2708 2368 regnavit
2739 2314 2918 2372 super
2966 2302 3208 2354 terram.
3264 2300 3360 2371 (T.
3402 2300 3602 2369 CLIV.)
3644 2307 3779 2356 Anno

2179 2391 2375 2444 autem
2409 2387 2659 2458 septimo
2691 2386 2854 2442 misit
2883 2388 3111 2455 Joiada,
3164 2393 3222 2444 et
3261 2406 3571 2447 assumens
3613 2395 3778 2446 centu-

2181 2477 2396 2544 riones,
2431 2481 2488 2532 et
2516 2476 2716 2545 duces,
2749 2481 2808 2532 et
2837 2477 3054 2533 milites
3083 2478 3124 2547 ³,
3156 2477 3486 2535 introduxit
3528 2480 3596 2535 ad
3641 2495 3695 2535 se
3732 2478 3776 2534 in

2183 2567 2424 2623 domum
2457 2565 2690 2621 Domini
2721 2567 2763 2636 ‘,
2797 2567 3138 2639 pepigitque
3168 2585 3306 2624 cum
3360 2568 3446 2626 eis
3503 2569 3674 2625 fmdus
3701 2586 3715 2623 :
3738 2572 3782 2623 et

2185 2656 2464 2727 adjuraus
2496 2671 2595 2711 eos
2616 2655 2678 2711 in
2710 2657 2884 2713 domo
2913 2656 3163 2728 Domini,
3195 2659 3465 2714 ostendit
3507 2658 3587 2715 eis
3628 2657 3779 2713 filium

2185 2745 2359 2818 regis:
2391 2749 2449 2802 et
2477 2745 2753 2818 praecepit
2782 2745 2922 2817 illis,
2954 2745 3188 2804 dicens:
3231 2750 3352 2804 Iste
3401 2752 3490 2804 est
3535 2750 3645 2817 (ms.
3673 2755 3782 2804 tacet

2186 2839 2296 2901 est)
2344 2851 2560 2906 sermo,
2617 2850 2794 2907 quem
2855 2837 3040 2891 facere
3097 2836 3379 2892 debetis:
3439 2838 3625 2893 Tertia
3673 2851 3780 2909 pars

2184 2931 2444 2981 vestrum
2470 2924 2721 2978 introeat
2750 2923 3020 2990 sabbato,
3068 2929 3125 2980 et
3177 2926 3454 2982 observet
3493 2925 3780 2981 excubitum

2187 3015 2396 3071 domus
2423 3013 2595 3085 regis.
2625 3013 2824 3068 Tertia
2851 3017 3044 3069 autem
3076 3030 3214 3085 pars
3243 3013 3327 3070 sit
3357 3017 3428 3071 ad
3460 3020 3669 3088 portam
3695 3013 3782 3068 Snr

2186 3104 2310 3175 (ms.
2342 3102 2478 3173 Sir):
2511 3106 2568 3158 et
2595 3102 2762 3158 tertia
2793 3118 2929 3174 pars
2956 3102 3033 3158 sit
3053 3103 3122 3158 ad
3147 3107 3401 3175 portam,
3426 3121 3548 3176 qua:
3572 3108 3652 3160 est
3686 3105 3787 3174 post

2189 3191 2594 3249 habitaculum
2629 3191 3019 3247 scutariorum
3055 3191 3136 3264 (h.
3169 3193 3502 3264 cursorum).
3548 3197 3601 3248 et
3624 3195 3784 3247 custo-

2188 3281 2362 3338 dietis
2392 3279 2730 3337 excubitum
2763 3281 2976 3337 domus
3005 3279 3089 3350 (b.
3123 3281 3465 3338 excubitum
3513 3279 3784 3349 Domini...)

2188 3372 2397 3429 Messe.
2435 3370 2572 3426 Duae
2597 3384 2734 3426 vero
2767 3374 2961 3442 partes
2983 3386 3013 3426 e
3033 3369 3219 3439 vobis,
3245 3387 3454 3428 omnes
3473 3371 3784 3445 egredientes

2189 3461 2456 3530 sabbato,
2480 3459 2816 3516 custodiant
2835 3459 3110 3516 excubias
3131 3459 3349 3517 domus
3373 3459 3781 3518 Dominicircum

2190 3566 2407 3623 regem.
2441 3550 2510 3604 Et
2538 3548 2834 3605 vallabitis
2859 3565 3019 3616 eum,
3050 3549 3341 3606 habentes
3373 3567 3532 3607 arma
3561 3551 3612 3606 in
3641 3546 3784 3604 mani-

2192 3641 2303 3696 bus
2332 3639 2561 3695 vestris:
2596 3638 2646 3694 si
2677 3638 2811 3710 quis
2841 3643 3039 3695 autem
3068 3638 3379 3712 ingressus
3410 3640 3579 3696 fuerit
3595 3642 3780 3710 septum

2191 3728 2419 3800 templi,
2452 3727 2858 3784 interﬁciatur:
2883 3727 3166 3800 eritisque
3186 3743 3327 3784 cum
3350 3745 3482 3801 rege
3503 3728 3785 3784 introeunte

2194 3822 2252 3874 et
2281 3817 2637 3890 egrediente.
2671 3817 2738 3872 Et
2767 3817 3033 3873 fecerunt
3060 3817 3442 3875 centuriones
3453 3820 3612 3890 juxta
3631 3813 3787 3873 omnis

2195 3923 2324 3979 quae
2355 3910 2708 3979 praeceperat
2731 3907 2810 3962 eis
2832 3906 2915 3978 (h.
2943 3923 3055 3962 non
3078 3905 3279 3980 habet)
3298 3907 3508 3965 Joiada
3528 3905 3784 3965 sacerdos:

2195 4001 2251 4053 et
2281 4001 2648 4052 assumentes
2679 3993 2896 4069 singuli
2926 3995 3081 4052 viros
3101 4013 3242 4052 suos
3265 3998 3368 4069 qui
3391 3997 3789 4070 egrediebantur

2196 4085 2463 4153 sabbato,
2513 4099 2648 4140 cum
2709 4083 2802 4140 his
2851 4084 2951 4156 qui
3010 4085 3519 4158 egrediebanture
3568 4085 3787 4144 sabbato.

2195 4177 2482 4231 venerunt
2510 4174 2582 4230 ad
2615 4174 2884 4231 Joiadam
2933 4174 3323 4232 sacerdotem.
3384 4177 3490 4244 Qui
3545 4173 3688 4231 dedit
3725 4170 3786 4226 eis

2197 4265 2398 4321 hastas
2430 4268 2486 4320 et
2519 4280 2682 4320 arma
2712 4263 2866 4336 regis
2893 4264 3099 4335 David,
3151 4282 3278 4336 quae
3339 4269 3502 4322 erant
3548 4264 3598 4318 in
3651 4261 3786 4317 domo

2196 4354 2450 4411 Domini.
2482 4355 2548 4409 Et
2561 4358 2853 4410 steterunt
2867 4353 3384 4424 singulihabentes
3401 4355 3624 4412 armain
3647 4363 3788 4406 manu

2197 4460 2325 4513 sua,
2361 4461 2394 4500 a
2444 4447 2606 4514 parte
2663 4443 2870 4515 templi
2931 4444 3188 4514 dextera,
3249 4461 3438 4517 usque
3489 4444 3555 4499 ad
3609 4443 3788 4514 partem

439 4536 679 4590 domum
709 4533 900 4604 Ahab,
923 4533 1029 4588 ﬁlii
1061 4532 1145 4588 tui
1175 4547 1366 4603 usque
1408 4532 1479 4587 ad
1526 4537 1799 4604 quartam
1847 4552 2088 4608 genera-
2117 4543 2166 4613 Β
2205 4533 2509 4589 sinistram
2542 4531 2744 4588 altaris
2770 4535 2830 4588 et
2857 4531 3018 4602 aedis,
3051 4531 3274 4589 circum
3307 4549 3519 4607 regem.
3545 4524 3793 4588 Produxit-

439 4623 657 4680 tionem
692 4622 982 4678 sedebunt
1013 4637 1191 4693 super
1210 4621 1493 4676 thronum
1515 4621 1714 4679 Israel.
1740 4627 1916 4682 Porro
1936 4626 2088 4683 Jebu

443 4729 558 4768 non
591 4711 904 4767 custodivit
934 4714 998 4766 ut
1029 4709 1358 4766 ambularet
1416 4711 1474 4765 in
1507 4709 1636 4784 lege
1691 4713 1925 4769 Domini
1987 4716 2090 4772 Dei

444 4799 622 4858 Israel
657 4800 718 4857 in
752 4805 869 4857 toto
901 4800 1075 4856 corde
1105 4814 1230 4856 suo:
1257 4816 1370 4855 non
1395 4799 1553 4856 enim
1577 4802 1818 4859 recessit
1839 4821 1870 4860 a
1889 4822 2091 4876 pecca-

516 4948 532 4982 1
571 4943 779 5000 Minori
814 4959 1058 4999 numero
1093 4943 1248 5015 quod
1281 4959 1352 4998 ex
1383 4947 1546 5014 parte
1577 4944 1934 5004 Scholiastes
1984 4966 2092 5005 no-

442 5021 548 5084 tat,
582 5017 857 5073 Hehraaus
890 5015 1067 5072 habet
1096 5023 1153 5072 et
1185 5015 1502 5072 Veronens.
1564 5034 1674 5074 ms.
1710 5018 1779 5074 Ei
1829 5023 1926 5090 qui
1969 5031 2096 5077 erat

443 5108 504 5147 su
547 5107 608 5146 er
632 5093 825 5145 vestes.

510 5108 544 5196 ξ
572 5161 848 5218 Voculam
884 5168 942 5215 ut
975 5159 1250 5216 nesciunt
1279 5175 1413 5214 cum
1447 5158 1686 5216 Hebraeo
1729 5165 1888 5218 textu
1913 5162 2093 5222 Vero-

445 5251 612 5290 nens.
669 5251 782 5289 ms.
817 5238 874 5288 et
903 5231 1138 5304 Vulgati
1163 5231 1262 5287 alii
1296 5230 1450 5286 libri.

518 5306 626 5362 Ms.
664 5301 1418 5369 Veronens,centuriones
1463 5310 1514 5358 et
1571 5301 1799 5376 milites,
1862 5312 2094 5376 praeter-

447 5379 648 5434 missis
672 5377 893 5433 voculis
915 5385 964 5433 et
995 5377 1174 5442 duces,
1208 5391 1354 5446 quas
1388 5390 1576 5444 neque
1614 5374 1878 5447 Vulgati'
1904 5378 2094 5434 Latini

445 5467 540 5522 alii
597 5466 730 5521 libri
764 5467 1037 5522 retinent.
1074 5465 1350 5520 Hebraeus
1379 5462 1555 5518 habet
1576 5448 1700 5524 713‘?
1729 5474 1961 5527 mium
1983 5477 2096 5529 7W!

453 5540 700 5626 ΒῚῈἾΒῚ,
761 5571 892 5626 qua:
946 5557 1174 5623 sonant,
1243 5551 1526 5626 principes
1555 5554 1941 5626 centurionum
1993 5557 2098 5613 du-

457 5641 565 5695 ces,
597 5632 649 5685 et
677 5623 947 5700 tutiores,
978 5631 1175 5684 tamen
1197 5623 1264 5683 ut
1283 5624 1445 5699 prior
1465 5623 1565 5683 illa
1589 5625 1768 5686 trium
1790 5629 2099 5691 verborum

2203 4639 2313 4694 que
2344 4621 2530 4678 ﬁlium
2560 4622 2735 4694 regis,
2768 4625 2827 4677 et
2857 4621 3054 4694 posuit
3084 4638 3265 4694 super
3293 4624 3314 4658 ⁵
3348 4626 3519 4694 caput
3547 4621 3662 4692 ejus
3695 4614 3790 4671 dia-

2200 4715 2392 4778 dema,
2426 4717 2482 4767 et
2513 4709 2920 4767 testimonium
2955 4727 2968 4765 :
3005 4709 3382 4783 feceruntque
3439 4725 3563 4766 eum
3617 4717 3789 4776 regem,

2200 4807 2258 4859 et
2289 4804 2602 4858 unxerunt:
2636 4804 2693 4856 et
2717 4798 3066 4872 plaudentes
3101 4817 3306 4870 manu,
3335 4800 3627 4856 dixerunt:
3663 4792 3794 4847 Vivat

2201 4942 2645 5001 circumlocutio
2703 4941 3052 4999 centuriones
3131 4960 3246 5000 uno
3303 4943 3474 5000 verbo
3524 4936 3790 5008 signiticet.

2202 5017 2298 5074 Sic
2327 5021 2551 5071 veteres
2587 5015 2776 5087 ρι’ωοί
2834 5014 3077 5087 interpr.
3137 5015 3348 5087 Aquila
3399 5012 3520 5074 τοὺς
3574 5009 3794 5084 ἄρχοντας

2203 5092 2308 5142 τῶν
2345 5083 3060 5160 ἒκατογτάδωνηρνίηεὶῥεδ
3103 5083 3491 5144 centuriarum
3520 5102 3534 5153 ;
3564 5088 3793 5160 “Symma-

2383 5162 2478 5214 τοῦ
2511 5147 2979 5232 ἑκατοντάρχουςί
3020 5176 3138 5216 uno
3183 5160 3358 5216 verbo
3411 5147 3530 5214 tria
3560 5147 3650 5210 illa
3692 5147 3792 5206 red-

2247 5252 2260 5288 l
2313 5251 2322 5285 ι
2362 5275 2373 5288 .

2247 5234 2373 5288 idit.

2277 5323 2536 5376 ‘lterum
2574 5337 2707 5376 cum
2763 5319 3034 5393 Vulgatis
3093 5321 3250 5377 idem
3313 5337 3421 5376 ms.
3474 5320 3531 5374 in
3580 5308 3793 5383 templum

2208 5393 2459 5450 Domini:
2491 5396 2580 5450 est
2612 5397 2813 5448 autem
2848 5392 2906 5447 in
2939 5393 3178 5449 Hebraeo
3203 5403 3326 5454 nu.

2278 5483 2298 5518 ⁸
2331 5485 2595 5538 Pressius
2627 5481 2864 5537 Hebrzeo
2893 5467 3018 5549 νΒν
3072 5481 3388 5540 Vel-onem,
3437 5493 3542 5536 ωε,
3583 5464 3796 5542 Vulgati-

2207 5571 2322 5628 que
2351 5553 2510 5623 libri,
2533 5569 2697 5628 super
2723 5569 2868 5610 eum.
