3938 6174
159 289 257 344 797

1481 291 1695 344 LIBER
1731 293 1782 344 II
1820 290 2226 346 MALACHIM.

3453 290 3561 345 798

162 435 271 475 rex.
327 417 567 473 Audivit
641 421 835 472 autem
915 417 1150 472 Athalia
1223 434 1424 474 vocem
1499 417 3560 490 currentisAplum[h.domum]Domini,accipiantillamsacerdotes

165 507 385 580 populi:
419 510 477 561 et
505 522 741 579 egressa
770 507 842 561 ad
892 507 1097 562 turbas
1134 507 1215 575 [h.
1266 508 1334 561 ad
1397 507 1705 579 populum]
1737 506 1796 560 in

164 598 390 652 domum
423 595 678 661 Domini,
705 595 848 650 vidit
878 612 1075 667 regem
1108 602 1364 651 stantem
1409 613 1584 667 super
1615 597 1798 651 tribu-

164 685 249 740 nal
273 686 440 754 juxta
475 700 722 748 morem,
754 690 810 739 et
839 690 1108 740 cantores
1140 689 1197 738 et
1249 687 1423 740 tubas
1479 685 1560 756 [h.
1595 685 1796 755 tibias]

165 779 384 847 propter
397 790 533 828 eum
556 775 596 841 ‘,
614 790 969 845 omnemque
985 775 1268 846 populum
1293 780 1456 828 terra:
1478 775 1795 843 laetantem,

167 870 218 919 et
244 868 548 918 canentem
574 864 730 919 tubis
757 864 836 936 [h.
873 864 1177 933 tibiis]:et
1223 863 1398 919 scidit
1451 865 1798 919 vestimenta

165 970 279 1020 sua,
333 952 794 1024 clamavitque:
869 953 1230 1023 Conjuratio,
1307 954 1634 1023 conjuratio
1711 954 1794 1024 [h.

161 1041 421 1110 Rebellio,
455 1041 718 1108 rebellio]
756 1043 766 1098 l
804 1042 1082 1113 Priscepit
1111 1047 1304 1096 autem
1347 1043 1554 1097 Joiada
1607 1059 1798 1098 sacer-

160 1132 253 1186 dos
285 1132 304 1164 ²
329 1131 802 1198 centurionibus,
836 1133 936 1203 qui
969 1135 1138 1186 erant
1165 1147 1344 1202 super
1373 1132 1710 1200 exercitum,
1741 1137 1799 1186 et

159 1221 231 1276 ait
258 1221 384 1275 eis:
436 1220 686 1275 Educite
741 1237 870 1276 eam
931 1225 1094 1276 extra
1147 1225 1424 1292 consepta
1481 1221 1707 1293 templi,
1741 1225 1798 1276 et

158 1310 479 1381 quicunque
513 1313 758 1364 secutus
789 1325 918 1365 eam
952 1309 1142 1376 fuerit,
1177 1309 1422 1364 feriatur
1449 1309 1666 1381 gladio.
1702 1310 1796 1365 Di-

157 1404 302 1456 xerat
331 1398 488 1455 enim
523 1400 803 1455 sacerdos
830 1414 843 1452 :
869 1398 994 1453 Non
1027 1397 1326 1454 occidatur
1352 1398 1410 1453 in
1461 1398 1678 1470 templo
1713 1399 1794 1470 [h.

159 1487 340 1559 domo]
375 1487 634 1542 Domini.
660 1488 1192 1559 Imposueruntque
1215 1486 1267 1542 ei
1290 1504 1521 1555 manus,
1547 1497 1598 1544 et
1620 1489 1796 1560 impe-

162 1582 357 1649 geruut
385 1593 514 1633 eam
551 1593 660 1650 per
687 1577 842 1633 viam
865 1577 1140 1632 introitus
1161 1578 1627 1648 equorumjuxta
1647 1578 1800 1650 pala-

157 1667 288 1722 tium
318 1667 398 1738 [h.
433 1667 715 1738 domum]
745 1671 803 1723 et
833 1666 1140 1722 interfecta
1161 1671 1252 1722 est
1284 1667 1385 1722 ibi.
1423 1667 1646 1739 Pepigit
1692 1669 1798 1740 igi-

1896 506 2070 576 juxta
2099 510 2358 564 ordinem
2387 525 2584 578 suum,
2618 514 2674 565 et
2705 510 3036 565 instaureut
3086 515 3406 565 sarttaecta
3453 511 3559 566 do-

1906 613 2060 662 mus,
2095 598 2142 652 si
2172 597 2312 669 quid
2347 598 2742 654 necessarium
2766 599 3020 654 viderint
3053 597 3484 654 instauratione
3514 602 3556 654 ‘.

1907 685 2232 761 [T.CLVII.]
2251 687 2627 760 Igiturusque
2644 689 2714 743 ad
2728 688 3066 743 vicesimum
3083 688 3318 744 tertium
3335 705 3554 743 annum

1907 775 2060 846 regis
2101 778 2256 842 Joas,
2317 794 2434 832 non
2492 778 2966 832 instauraverunt
3015 779 3346 833 sacerdotes
3398 787 3557 833 sarta

1905 868 2060 920 tecta
2087 865 2310 937 templi.
2345 865 2698 938 Vocavitque
2732 883 2830 921 rex
2861 866 2998 921 Joas
3029 867 3294 922 Joiadam
3323 868 3556 939 pontifi-

1904 969 2028 1008 cem
2052 959 2109 1009 et
2139 955 2494 1022 sacerdotes,
2527 957 2725 1010 dicens
2754 956 2858 1014 eis.
2880 960 3071 1022 Quare
3101 960 3414 1011 sartatecta
3441 973 3554 1011 non

1905 1042 2252 1098 instauratis
2282 1045 2406 1115 (ms.
2438 1045 2837 1114 instaurastis)
2902 1045 3104 1115 templi
3156 1045 3234 1106 (h.
3270 1045 3551 1116 domus)?

1905 1131 2086 1186 nolite
2105 1148 2242 1203 ergo
2275 1131 2531 1204 amplius
2571 1133 2830 1204 accipere
2864 1132 3167 1204 pecuniam
3192 1135 3364 1201 juxta
3395 1134 3552 1187 ordi-

1909 1236 2041 1275 nem
2074 1227 2359 1291 vestrum,
2393 1223 2492 1277 sed
2539 1223 2609 1277 ad
2663 1222 3146 1277 instaurationem
3212 1221 3413 1293 templi
3469 1222 3552 1292 (h.

1903 1311 2137 1373 domus)
2161 1309 2383 1366 reddite
2410 1327 2558 1366 eam.
2591 1312 2672 1381 (Τ.
2706 1311 2956 1379 CLVIII.)
2991 1311 3392 1382 Prohibitique
3416 1316 3555 1365 sunt

1905 1399 2237 1455 sacerdotes
2265 1399 2418 1456 ultra
2448 1399 2710 1472 accipere
2743 1401 3048 1472 pecuniam
3081 1418 3114 1455 a
3167 1399 3382 1472 populo
3407 1411 3448 1468 δ,
3498 1406 3556 1455 et

1903 1487 2234 1544 instaurare
2261 1493 2576 1544 sartatecta
2607 1490 2918 1560 domus(h.
2940 1490 3052 1545 nisi
3075 1491 3144 1545 ad
3171 1490 3557 1545 instauranda

1903 1581 2216 1633 sartatecta
2245 1579 2495 1646 domus).
2534 1579 2972 1635 EttulitJoiada
2987 1581 3241 1651 pontifex
3266 1580 3554 1650 gazophy-

1904 1664 2118 1722 lacium
2177 1684 2384 1736 unum,
2443 1669 2794 1740 aperuitque
2853 1670 3113 1725 foramen
3163 1671 3435 1740 desuper,
3490 1673 3547 1723 et

157 1756 454 1811 turJoiada
487 1757 602 1812 fced
617 1773 684 1812 us
709 1757 861 1812 inter
883 1757 1218 1820 Dominum,
1248 1761 1305 1812 et
1327 1757 1481 1812 inter
1503 1775 1716 1827 regem,
1737 1762 1794 1813 et
1824 1793 1871 1857 B
1905 1756 2100 1827 posuit
2131 1755 2459 1826 illudjuxta
2489 1757 2670 1813 altare
2698 1759 2767 1812 ad
2797 1758 3059 1814 dextram
3091 1757 3547 1830 ingredientium

156 1845 292 1901 inter
321 1846 635 1918 populum,
689 1851 752 1902 ut
784 1850 940 1902 esset
981 1846 1234 1918 populus
1267 1847 1518 1913 Domini,
1562 1852 1618 1901 et
1643 1848 1793 1902 inter
1824 1845 1870 1857 ”
1901 1847 2142 1900 domum
2177 1845 2428 1912 Domini,
2463 1846 2890 1920 mittebantque
2951 1848 3009 1902 in
3067 1865 3133 1904 ea
3189 1848 3544 1915 sacerdotes,

157 1950 329 2005 regem
351 1941 406 1990 et
425 1934 739 2007 populum.
767 1937 1191 2005 Ingressusque
1214 1939 1304 1990 est
1325 1936 1517 1991 omnis
1542 1937 1794 2008 p0pulus

158 2025 303 2075 terras
334 2021 632 2094 templum
665 2021 748 2093 [h.
781 2022 1046 2092 domum]
1085 2023 1244 2089 Baal,
1275 2030 1328 2078 et
1379 2023 1796 2080 destruxerunt

159 2125 276 2164 aras
295 2111 439 2182 ejus,
462 2115 520 2166 et
541 2109 841 2183 imagines
869 2111 1265 2167 contriverunt
1284 2111 1510 2168 valide:
1539 2113 1794 2168 Matthan

164 2214 375 2270 quoque
407 2200 777 2256 sacerdotem
808 2199 945 2255 Baal
976 2200 1316 2255 occiderunt
1373 2218 1566 2257 coram
1628 2203 1796 2258 altari

163 2287 236 2356 [h.
266 2288 591 2360 altaribus].
624 2289 690 2343 Et
711 2288 908 2360 posuit
929 2290 1200 2344 sacerdos
1221 2291 1520 2346 custodias
1545 2291 1602 2346 in
1626 2293 1798 2348 domo

167 2376 398 2432 Domini.
425 2377 712 2449 Tulitque
743 2379 1137 2448 centuriones,
1171 2383 1227 2434 et
1256 2379 1482 2436 Chereti
1515 2384 1570 2436 et
1599 2381 1798 2437 Phele-

171 2465 244 2520 tbi
273 2466 548 2540 legiones,
585 2471 647 2523 et
675 2483 908 2523 omnem
933 2467 1397 2540 populumterree
1422 2469 1503 2541 [h.
1527 2470 1800 2543 Tulitque

173 2557 546 2627 centuriones,
583 2561 646 2612 et
675 2573 965 2623 cursores,
989 2561 1046 2613 et
1067 2559 1268 2628 duces,
1291 2566 1344 2614 et
1365 2575 1597 2614 omnem
1622 2577 1802 2632 popu-

169 2641 276 2699 lum
297 2648 500 2718 terrae],
520 2647 1013 2716 deduxeruntque
1032 2663 1226 2719 regem
1247 2649 1315 2702 de
1338 2648 1510 2704 domo
1534 2649 1796 2704 Domini:

168 2738 216 2787 et
242 2741 512 2791 venerunt
544 2751 656 2808 per
684 2736 840 2790 viam
875 2742 1052 2807 portae
1099 2737 1492 2792 scutariorum
1553 2739 1633 2806 [h.
1665 2754 1797 2795 cur-

162 2825 437 2896 sorumjin
490 2823 781 2897 palatium
843 2825 925 2895 [h.
987 2825 1230 2880 domum
1274 2825 1472 2901 regis],
1533 2834 1588 2882 et
1647 2827 1799 2883 sedit

163 2928 317 2984 super
370 2914 658 2970 thronum
719 2930 922 2986 regum
956 2956 969 2970 .
1027 2914 1402 2987 Laetatusque
1453 2921 1543 2972 est
1601 2918 1798 2972 omnis

162 3004 387 3072 populus
419 3008 619 3069 terrae,
665 3007 722 3058 et
781 3003 985 3059 civitas
1045 3004 1396 3074 conquievit.
1459 3007 1550 3076 [T.
1609 3007 1792 3078 CLV.]

163 3090 371 3148 Athalia
398 3099 604 3148 autem
635 3092 830 3148 occisa
870 3097 960 3148 est
1016 3092 1210 3164 gladio
1265 3094 1322 3148 in
1384 3095 1558 3150 domo
1617 3096 1790 3167 regis.

163 3178 488 3253 Septemque
518 3199 816 3238 annorum
845 3197 944 3238 era
969 3182 1128 3254 Joas,
1148 3200 1282 3238 cum
1315 3199 1556 3256 regnare
1583 3187 1790 3258 coepis-
1824 3162 1865 3229 (ἶ

166 3275 260 3325 set.

225 3360 365 3432 [Cap.
397 3362 539 3434 XII.]
578 3367 746 3417 Anno
777 3361 1026 3432 septimo
1068 3361 1240 3428 Jehu,
1304 3365 1568 3435 regnavit
1614 3364 1790 3421 Joas:

168 3451 533 3523 quadraginta
561 3451 737 3506 annis
770 3452 1032 3522 regnavit
1062 3452 1120 3506 in
1166 3453 1514 3510 Jerusalem.
1572 3459 1790 3511 Nomen

167 3540 348 3595 matris
376 3543 504 3611 ejus
535 3540 713 3597 Sebia
744 3542 866 3612 [ma
930 3541 1119 3612 Sebai]
1179 3543 1249 3596 de
1308 3543 1651 3601 Ber-Sabee.
1701 3544 1794 3611 [Τ.

166 3625 349 3698 CLVI.)
382 3630 663 3701 Fecitque
689 3630 827 3685 Joas
861 3633 1086 3684 rectum
1118 3647 1309 3686 coram
1344 3631 1591 3688 Domino
1615 3635 1697 3706 [h.
1732 3634 1790 3688 in

165 3715 327 3771 oculis
350 3717 602 3790 Domini]
624 3718 848 3773 cunctis
880 3718 1112 3786 diebus,
1145 3720 1362 3790 quibus
1405 3722 1607 3777 docuit
1658 3739 1792 3778 eum

162 3801 342 3861 Joiada
370 3809 668 3863 sacerdos.
703 3811 1124 3864 Verumtamen
1157 3809 1386 3865 excelsa
1419 3828 1533 3866 non
1586 3813 1790 3868 abstu-

162 3889 247 3948 lit:
278 3896 636 3952 adhucenim
670 3899 790 3964 [γηδ.
811 3903 919 3952 (ac.
941 3897 1122 3968 enim]
1147 3898 1401 3968 populus
1425 3901 1789 3971 immolabat,

160 3984 207 4034 et
231 3983 483 4040 adolebat
515 3987 580 4040 in
627 3985 873 4041 excelsis
931 3985 1262 4041 incensum.
1325 3987 1621 4059 Dixitquei
1652 3990 1790 4044 Joas

162 4072 220 4124 ad
249 4075 610 4131 sacerdotes:
647 4074 894 4130 Omnem
931 4075 1238 4147 pecuniam
1262 4078 1583 4132 sanctuarii
1604 4080 1789 4150 3,quae

163 4157 302 4216 illata
332 4163 500 4219 fuerit
532 4164 594 4219 in
629 4163 912 4235 templum
936 4163 1018 4234 [h.
1045 4164 1310 4235 domum]
1335 4166 1567 4221 Domini
1591 4185 1624 4222 a
1649 4185 1792 4242 prae-

165 4251 526 4319 tereuntibus,
589 4269 716 4324 quae
767 4252 1012 4307 offertur
1060 4270 1163 4324 pro
1211 4253 1395 4324 pretio
1454 4255 1684 4328 animae,
1735 4261 1793 4312 et

166 4351 320 4407 quam
349 4346 556 4414 sponte
582 4346 638 4397 et
668 4341 909 4398 arbitrio
941 4342 1135 4398 cordis
1167 4342 1536 4400 suiinferunt
1558 4346 1616 4400 in
1643 4350 1790 4402 tem-

1903 1935 2003 2005 qui
2035 1934 2444 1990 custodiebant
2473 1935 2643 2004 ostia,
2676 1953 2911 1992 omnem
2944 1937 3274 2009 pecuniam,
3299 1953 3424 2008 qua
3443 1937 3544 1990 de-

1905 2022 2199 2076 ferebatur
2227 2023 2298 2077 ad
2323 2022 2605 2094 templum
2639 2024 2721 2095 (b.
2758 2025 2984 2093 domui)
3009 2025 3256 2081 Domini.
3279 2025 3544 2096 Cumque

1905 2111 2170 2166 viderent
2190 2111 2429 2166 nimiam
2471 2113 2775 2184 pecuniam
2810 2130 2939 2169 esse
2988 2117 3045 2169 in
3106 2113 3542 2187 ga20phylacio,

1907 2199 2258 2255 ascendebat
2279 2201 2472 2257 scriba
2491 2201 2732 2271 regis,et
2754 2203 3030 2274 pontifex,
3053 2205 3549 2274 eITundebantque

1907 2294 1965 2344 et
1979 2290 2369 2345 numerabant
2383 2307 2520 2362 pecu
2533 2291 2710 2359 niam,
2731 2309 2856 2364 qua:
2880 2293 3250 2349 inveniebatu
3264 2310 3288 2347 r
3301 2293 3357 2347 in
3374 2293 3545 2348 domo

1909 2379 2182 2433 Domini:
2223 2385 2280 2434 et
2337 2381 2552 2436 dabant
2610 2397 2739 2437 eam
2788 2383 2956 2453 juxta
3005 2400 3319 2438 numerum
3375 2387 3548 2454 atque

1910 2484 2275 2536 mensuram,
2307 2469 2365 2524 in
2402 2487 2578 2525 manu
2610 2486 2810 2526 eorum
2845 2471 2944 2543 qui
2978 2477 3264 2543 praeerant
3295 2487 3548 2527 caemen-

1907 2558 2073 2613 tariis
2107 2559 2317 2613 domus
2345 2558 2605 2614 Domini:
2634 2561 2733 2632 qui
2758 2561 3175 2632 impendebant
3221 2579 3349 2618 eam
3375 2563 3430 2616 in
3465 2562 3546 2616 fa-

1909 2647 2032 2702 bris
2066 2647 2384 2719 lignorum,
2417 2654 2472 2702 et
2501 2649 2560 2702 in
2615 2650 3002 2705 czementariis
3060 2650 3153 2717 iis,
3187 2651 3286 2721 qui
3343 2665 3550 2720 opera—

1908 2736 2121 2791 banlur
2152 2737 2209 2790 in
2245 2753 2417 2792 nomo
2444 2737 2699 2804 Domini,
2751 2744 2806 2793 et
2854 2740 3164 2794 sartatecia
3224 2739 3548 2794 faciebant:

1905 2829 1962 2880 et
1991 2825 2048 2879 in
2083 2825 2178 2895 iis,
2211 2825 2312 2896 qui
2343 2827 2640 2883 caedebant
2661 2845 2819 2897 saxa,
2843 2834 2901 2883 et
2925 2833 2990 2883 ut
3009 2833 3270 2884 eruerent
3291 2828 3473 2900 ligna,
3497 2831 3553 2882 et

1907 2914 2154 2986 lapides,
2191 2914 2290 2987 qui
2325 2916 2762 2987 excidebantur,
2797 2917 2877 2972 ita
2917 2923 2979 2972 ut
3031 2916 3372 2989 impleretur
3430 2917 3554 2971 ins-

1906 3003 2153 3059 tauratio
2185 3005 2396 3060 domus
2431 3005 2685 3070 Domini,
2717 3005 2776 3060 in
2812 3006 3100 3061 universis
3131 3023 3256 3078 qua:
3318 3006 3551 3078 indige-

1905 3094 2048 3148 bant
2075 3109 2329 3164 expensa
2348 3095 2416 3148 ad
2445 3096 2826 3150 muniendam
2849 3097 3114 3152 domum.
3132 3096 3548 3152 Verumtamen

1905 3199 2018 3238 non
2051 3183 2269 3237 ﬁebant
2296 3200 2364 3238 ex
2397 3186 2600 3239 eadem
2635 3185 2882 3256 pecunia
2930 3185 3148 3257 hydrizs
3210 3184 3412 3257 templi
3464 3184 3546 3252 (h.

1905 3272 2139 3339 domus)
2171 3272 2420 3338 Domini,
2453 3279 2508 3328 et
2541 3273 2863 3341 fusciuulaa,
2891 3278 2948 3329 et
2969 3273 3292 3339 thuribula,
3315 3280 3373 3329 et
3394 3274 3549 3329 tubae

1903 3360 1984 3430 (h.
2011 3360 2188 3424 tibias)
2220 3365 2275 3416 et
2306 3364 2428 3430 (ms.
2463 3366 2570 3417 tac.
2604 3367 2680 3432 et)
2712 3377 2885 3418 omne
2916 3380 3018 3419 vas
3077 3379 3321 3418 aureum
3352 3368 3409 3418 et
3454 3380 3549 3418 ar-

1902 3454 2202 3522 genteum,
2237 3451 2308 3505 de
2332 3451 2580 3522 pecunia
2611 3468 2742 3523 quae
2775 3452 3137 3508 inferebatur
3166 3452 3222 3507 in
3256 3451 3543 3524 templum

1904 3539 2157 3593 Domini.
2189 3539 2268 3594 Iis
2300 3539 2457 3594 enim
2491 3541 2589 3610 qui
2626 3541 2917 3597 faciebant
2974 3559 3140 3613 opus,
3201 3542 3451 3597 dabatur
3484 3547 3548 3597 ut

1902 3629 2600 3700 instaurarenttemplum
2617 3629 2675 3701 (h
2691 3673 2702 3684 .
2721 3631 2951 3700 domus)
2968 3631 3220 3687 Domini.
3236 3631 3546 3702 (T.CLIX).

1902 3718 1972 3772 Et
2004 3734 2118 3772 non
2153 3717 2326 3772 ﬁebat
2357 3718 2504 3774 ratio
2541 3719 2613 3773 iis
2650 3719 3010 3785 hominibus,
3042 3719 3142 3791 qui
3184 3721 3549 3791 accipiebant

1903 3807 2211 3878 pecuniam
2246 3813 2308 3862 ut
2340 3807 2759 3864 distribuerent
2789 3826 2914 3864 eam
2946 3809 3290 3879 artificibus,
3318 3811 3419 3866 sed
3461 3810 3543 3880 (b.

1903 3897 2064 3967 quin)
2098 3897 2154 3950 in
2190 3897 2301 3952 fide
2335 3898 2657 3953 tractabant
2685 3913 2830 3952 eam.
2865 3900 2950 3970 (Τ.
2984 3899 3169 3968 CLX.)
3229 3899 3544 3954 Pecuniam

1900 4001 2032 4039 vero
2067 4002 2167 4056 pro
2202 3985 2433 4050 delicto,
2468 3991 2523 4040 et
2573 3988 2879 4056 pecuniam
2945 4005 3044 4058 pro
3105 3990 3379 4058 peccatis,
3431 4006 3544 4042 non

1898 4072 2237 4129 inserebant
2271 4076 2326 4130 in
2362 4074 2642 4147 templum
2674 4077 2760 4145 (h.
2795 4077 3058 4147 domum)
3101 4077 3350 4141 Domini,
3409 4077 3548 4148 quia

1902 4148 2275 4219 sacerdotum
2309 4169 2450 4219 erat.
2481 4165 2644 4219 Tunc
2677 4165 2940 4220 ascendit
2985 4165 3155 4220 Azael
3184 4183 3295 4234 rex
3349 4166 3547 4236 Syria),

1899 4258 1954 4308 et
1985 4254 2284 4326 pugnabat
2311 4259 2514 4309 contra
2541 4254 2709 4323 Geth,
2743 4255 3012 4325 cepitque
3045 4271 3173 4310 eam
3201 4272 3213 4310 :
3248 4259 3304 4309 et
3335 4254 3548 4310 direxit

1901 4343 2107 4398 faciem
2140 4359 2307 4399 suam
2340 4348 2404 4399 ut
2433 4344 2775 4400 ascenderet
2805 4343 2864 4398 in
2882 4343 3232 4399 Jerusalem.
3259 4343 3547 4408 Quamob-

229 4537 246 4614 '_
269 4535 466 4614 Vocem
497 4546 738 4612 prapter,
769 4536 936 4614 obelo
969 4539 1398 4614 ad‘marginem
1431 4541 1659 4614 posito,
1683 4543 1781 4613 ju-
1814 4542 1859 4608 D
1891 4542 2150 4608 cerdotes,
2185 4547 2241 4597 ut
2271 4558 2376 4598 non
2409 4544 2725 4611 acciperent
2742 4544 3038 4613 pecuniam
3078 4559 3118 4598 a
3147 4544 3348 4614 populo
3393 4551 3445 4599 et
3475 4560 3541 4601 ne

165 4605 308 4684 gulat
359 4605 656 4668 Veronens
683 4651 696 4666 .
723 4605 733 4610 ⁷
759 4610 1138 4682 Antiquarius
1169 4651 1182 4677 ,
1210 4605 1413 4684 veique
1435 4605 1449 4612 ’
1473 4605 1784 4670 substituit

166 4687 410 4827 ωξιίξθω
446 4770 554 4810 ms.
589 4758 645 4810 et
675 4752 908 4826 Vulgati
942 4756 1136 4827 tacent
1161 4752 1451 4819 Sacerdos,
1485 4757 1641 4827 quod
1696 4761 1783 4812 ta-

169 4831 282 4875 men
309 4822 364 4878 in
396 4826 630 4882 Hebrezo
664 4822 875 4881 nomen
908 4825 1172 4880 additum
1204 4830 1293 4881 est
1320 4834 1495 4888 ῚΠΞΠ.

227 4899 244 4932 ³
271 4901 458 4960 Denuo
489 4923 621 4962 cum
658 4905 924 4978 Vulgatis
963 4909 1274 4978 Veronens.
1306 4921 1421 4978 gms.
1467 4912 1784 4962 sanctorum

167 4983 255 5090 pro
279 4979 600 5034 sanctuarii.
634 4976 911 5033 Hebr—reus
942 4978 1012 5032 ad
1038 4977 1278 5032 verbum
1304 4976 1500 5045 habet,
1523 4979 1780 5035 sanctita-

220 5058 286 5090 m-

185 5055 286 5097 um.

227 5115 349 5192 ⁸ᾼά
374 5118 691 5192 _Veronens.
729 5137 864 5185 ms.,
899 5125 1026 5174 tum
1060 5119 1440 5192 Vulgatorum
1494 5121 1689 5182 fidem.
1726 5121 1785 5176 in

170 5187 510 5264 particulam,
534 5209 709 5264 quam
742 5192 836 5248 hic
858 5192 1052 5246 Martia
1066 5187 1221 5246 οδευὲ
1245 5199 1664 5262 praeposuerat,
1687 5210 1782 5248 ex-

173 5259 481 5336 Pprimus.
505 5259 870 5336 suffragatur
899 5264 1137 5336 Hebraea
1162 5259 1414 5335 phrasis,
1438 5268 1493 5318 et
1515 5266 1782 5336 Symma-

175 5325 252 5381 Chi
281 5329 460 5408 Greca
488 5325 989 5407 versio,v8e6psvov
1023 5325 1332 5405 ἐπιτλευῆς,
1388 5325 1528 5408 quod
1557 5325 1786 5408 "indiget

179 5407 520 5466 reparatione.

189 5477 256 5554 m‘
283 5479 510 5540 Fallitur
541 5486 913 5553 Scholiastes,
950 5485 1225 5542 Hebraeus
1255 5485 1412 5541 enim
1446 5503 1558 5541 non
1611 5485 1786 5542 habet

187 5545 329 5630 illam
392 5559 819 5630 exceptionem;
865 5545 967 5614 sed
1034 5557 1786 5630 parliculamconnexivam

182 5628 330 5686 Juxta
357 5628 627 5700 quam—ita
655 5630 966 5706 legendum
996 5628 1104 5702 est,
1136 5633 1204 5688 Et
1232 5629 1507 5702 prohibiti
1532 5640 1662 5689 sunt
1693 5647 1786 5689 sa-

1894 4614 2274 4669 instuurarent
2302 4618 2597 4670 sartatecta
2629 4615 2846 4670 domus.
2877 4615 3265 4671 Huiclectioni
3291 4631 3544 4672 consen-

1892 4687 2273 4741 tiuutomnes
2324 4687 2422 4740 alii
2483 4687 2832 4754 interpretes
2891 4691 3090 4742 contra
3148 4687 3539 4744 Scholiastem

1895 4763 2185 4822 nostrum,
2218 4757 2316 4828 qui
2351 4773 2451 4812 nec
2484 4758 2628 4812 satis
2657 4759 2995 4813 attendebat
3023 4759 3317 4814 sermonis
3339 4777 3544 4816 conse-

1894 4830 2193 4900 quentiam
2221 4849 2234 4896 ;
2272 4847 2407 4884 nam
2439 4847 2506 4884 ex
2538 4829 2825 4899 superiori
2842 4831 3132 4886 versiculo
3160 4831 3543 4888 manifestum

1895 4907 2159 4972 apparet,
2187 4903 2240 4955 ni
2279 4901 2465 4966 fallor,
2495 4903 2826 4957 sacerdotes
2859 4901 3181 4972 prohibitos
3244 4903 3422 4959 fuisse
3487 4911 3545 4957 et

1896 4975 1965 5027 ab
1999 4973 2339 5041 accipienda
2377 4974 2642 5044 pecunia,
2699 4979 2754 5028 et
2811 4974 2883 5028 ab
2944 4974 3370 5030 instauratione
3416 4976 3544 5044 jam

1895 5045 2072 5112 dicta,
2108 5045 2226 5098 sive
2261 5045 2455 5114 potius
2489 5046 2560 5100 ab
2593 5044 2782 5099 officio
2837 5044 3018 5115 hujus
3074 5046 3542 5113 instaurationis,

1894 5121 2041 5186 quod
2082 5133 2192 5170 non
2225 5117 2351 5171 sine
2385 5117 2936 5187 scgnitiaperfuncti
2958 5117 3320 5172 videbantur.
3348 5118 3540 5172 MART.

1966 5220 2030 5226 —
2072 5188 2431 5260 Scholiasten
2460 5188 2708 5258 castigat
2738 5191 3001 5243 Martian.
3036 5189 3182 5260 ipse,
3221 5189 3374 5258 quod
3405 5205 3545 5242 non-

1896 5259 2209 5331 attenderit
2241 5259 2528 5314 sermonis
2569 5259 3073 5331 consequentium,
3116 5260 3398 5330 illamque
3446 5276 3542 5313 ve-

1896 5330 1961 5384 lit
1994 5332 2392 5401 exceptionem
2427 5347 2574 5397 esse,
2611 5348 2739 5402 quae
2766 5330 3148 5386 connectendi
3182 5338 3270 5385 est
3311 5334 3542 5385 tantum

1897 5420 2188 5491 particula
2215 5405 2433 5480 νηί-βίην.
2470 5420 2649 5475 Nobis
2681 5420 2817 5490 quid
2841 5490 2846 5491 γ
2873 5421 2943 5474 de
3001 5420 3126 5488 ejus
3190 5418 3538 5474 lectionibus

1898 5490 2182 5558 videatur,
2219 5493 2438 5547 dictum
2471 5498 2559 5547 est
2591 5509 2765 5562 supra
2799 5490 3086 5562 pluribus.
3126 5492 3411 5545 Caeterum
3470 5492 3541 5548 de

1899 5563 2010 5620 loci
2037 5565 2216 5636 hujus
2247 5580 2446 5636 sensu,
2480 5564 2659 5634 edito,
2693 5563 2743 5620 si
2772 5563 2952 5628 lubet,
2978 5563 3348 5635 interpretes.
