3938 6174
481 282 516 336 9
1436 287 1494 340 s.
1538 283 1945 340 nmaouvm
1987 245 2238 339 urvum
2283 287 2779 343 BIBLIOTHECA.
3679 296 3763 354 eoo

404 425 525 464 rem
558 405 695 463 tulit
738 406 878 464 Joas
926 423 1025 462 rex
1069 407 1225 462 Juda
1273 406 1473 462 omnia
1518 407 1870 478 sacriﬁcate,
1920 421 2048 478 quae
2077 406 2130 472 Α
2162 405 2312 473 ejus.
2349 407 2525 465 Porro
2551 411 2689 466 Joas
2719 409 2990 484 sepultus
3022 415 3112 468 est
3152 413 3213 469 in
3243 413 3505 471 Samaria
3543 433 3664 474 cum
3696 436 3766 477 re-

405 500 893 552 consecraverant
947 499 1071 563 (ms.
1123 497 1590 568 conservaverat)
1639 495 1949 567 Josaphat,
2001 498 2058 549 et
2168 495 2344 569 gibus
2369 499 2568 554 Israel.
2605 500 2689 573 (T.
2726 501 2954 574 CLXV.)
2984 501 3228 558 Elisseus
3273 508 3466 560 autem
3497 509 3768 578 aegrotabat

402 586 628 655 Joram,
661 588 716 638 et
745 584 1014 654 Ahazias,
1051 592 1247 656 patres
1277 599 1401 655 (ms.
1451 589 1640 658 pater)
1689 587 1838 656 ejus,
1891 600 2056 656 reges
2170 585 2529 654 inﬁrmitate,
2560 606 2678 661 qua
2709 595 2767 646 et
2812 596 3078 646 mortuus
3129 597 3216 647 est
3247 609 3260 648 :
3293 593 3688 668 descenditque
3710 600 3762 655 ad

405 674 578 740 Juda,
611 679 667 728 et
699 690 825 746 qua
856 674 981 745 ipse
1012 673 1304 730 obtulerat
1337 693 1348 730 :
1385 679 1440 730 et
1473 675 1810 731 universum
1848 689 2058 746 argen-
2133 691 2306 730 reum
2337 677 2478 733 Joas
2501 694 2599 734 rex
2617 679 2877 748 Israel,et
2907 680 3084 736 ﬂebat
3105 697 3298 737 coram
3323 699 3412 754 eo,
3443 683 3764 759 dicebatque:

407 768 532 817 tum
566 763 646 828 (h.
682 769 933 833 aurum),
967 765 1122 836 quod
1158 764 1403 820 inveniri
1437 765 1625 836 potuit
1654 766 1716 819 in
1764 763 2060 820 thesauris
2173 768 2345 821 Pater
2374 768 2476 836 mi,
2511 774 2672 840 pater
2702 771 2803 842 mi,
2837 788 3045 828 currus
3077 771 3279 839 Israel,
3330 779 3386 829 et
3435 775 3623 846 auriga
3647 778 3765 848 ejus.

406 852 606 923 templi
634 852 715 924 (h.
748 854 983 923 domus)
1021 854 1267 922 Domini,
1303 859 1357 908 et
1388 855 1446 908 in
1503 853 1718 924 palatio
1770 854 1926 926 regis
1974 854 2058 925 (h.
2176 856 2244 910 Et
2275 855 2355 911 ait
2385 857 2465 912 illi
2501 859 2746 915 Elisaaus
2778 879 2791 916 :
2818 861 2974 916 Aﬁ‘er
3004 878 3228 930 arcum,
3262 867 3318 918 et
3359 864 3767 935 sagittas.Cum-

410 942 585 997 domo
618 944 795 1014 regis)
832 961 844 999 :
875 944 1154 1015 misitque
1185 943 1369 1000 Azaeli
1397 945 1518 1015 regi
1550 944 1746 1016 Syriae,
1781 949 1837 998 et
1872 959 2062 998 reces-
2179 961 2292 1016 que
2325 946 2619 1003 attulisset
2651 950 2720 1004 ad
2753 966 2887 1004 eum
2919 967 3144 1018 arcum,
3178 955 3234 1006 et
3281 952 3548 1024 sagittas,
3577 954 3767 1010 dixitad

410 1031 488 1086 sit
517 1031 588 1086 ab
614 1031 960 1087 Jerusalem.
996 1033 1242 1104 Reliqua
1272 1037 1463 1088 autem
1506 1049 1844 1088 sermonum
1898 1033 2062 1098 Joas,
2177 1051 2371 1108 regem
2403 1036 2600 1093 Israel:
2639 1039 2789 1094 Pone
2820 1055 3066 1095 manum
3098 1045 3261 1096 tuam
3291 1058 3470 1113 super
3498 1059 3696 1101 arcum.
3716 1045 3766 1100 Et

411 1124 470 1175 et
503 1121 775 1176 universa
805 1139 932 1193 qua:
970 1123 1120 1188 fecit,
1155 1139 1348 1177 nonne
1379 1122 1498 1177 haec
1543 1123 1763 1194 scripta
1812 1127 1952 1176 sunt
2002 1123 2062 1176 in
2175 1139 2312 1178 cum
2343 1126 2639 1196 posuisset
2669 1126 2764 1183 ille
2796 1143 3039 1184 manum
3073 1132 3234 1184 tuam
3268 1131 3649 1203 superposuit.
3678 1132 3768 1188 Eli-

409 1208 559 1264 libro
592 1209 916 1265 Verborum
949 1211 1178 1265 dierum
1225 1226 1426 1282 regum
1476 1209 1668 1266 Iuda?
1715 1211 1802 1283 (T.
1857 1211 2064 1281 CLXI.)
2179 1229 2331 1268 saeue
2382 1230 2592 1270 manus
2643 1233 2781 1271 suas
2827 1217 3100 1273 manibus
3155 1217 3331 1291 regis,
3390 1224 3448 1274 et
3491 1218 3773 1293 aitzAperi

412 1299 801 1354 Surrexerunt
833 1305 1028 1355 autem
1065 1300 1210 1355 servi
1246 1302 1459 1370 ejus,et
1488 1301 1942 1371 conjuraverunt
1981 1299 2063 1372 (h.
2181 1301 2497 1359 fenestram
2571 1304 2862 1361 oritalem.
2933 1309 3197 1379 Cumque
3254 1307 3595 1380 aperuisset,
3663 1311 3775 1365 dixit

413 1393 470 1443 et
517 1387 966 1459 rebellaverunt)
1013 1389 1169 1444 inter
1215 1405 1295 1459 se,
1341 1395 1880 1461 percusseruntque
1927 1389 2068 1446 Joas
2180 1389 2426 1448 Elisae-us
2459 1409 2472 1447 :
2504 1392 2640 1449 Jace
2669 1395 2968 1466 sagittam.
3017 1396 3087 1451 Et
3126 1395 3292 1468 jecit.
3327 1396 3396 1452 Et
3425 1397 3502 1451 ait
3528 1397 3772 1454 Elisaus:

413 1478 472 1533 in
507 1479 683 1533 domo
717 1477 884 1533 Mello
916 1478 974 1532 in
1008 1478 1296 1534 descensu
1329 1478 1476 1534 Sela.
1502 1477 1788 1534 Jozaehar
1819 1495 2070 1551 namque
2179 1479 2404 1552 Sagitta
2455 1481 2664 1538 salutis
2707 1483 2963 1550 Domini,
3008 1489 3067 1539 et
3104 1484 3344 1557 sagitta-
3369 1486 3570 1542 salutis
3614 1492 3776 1544 contra

417 1567 575 1624 filius
607 1567 868 1634 Semath,
899 1573 957 1622 et
986 1567 1237 1624 Jozabad
1273 1567 1432 1623 ﬁlius
1460 1573 1684 1633 Somer,
1716 1568 1868 1624 servi
1917 1569 2068 1648 ejus,
2179 1569 2405 1640 Syriam
2463 1585 2478 1626 :
2528 1571 2938 1644 percutiesque
2981 1573 3208 1646 Syriam
3259 1573 3317 1628 in
3374 1575 3582 1647 Aphec,
3627 1577 3774 1633 donec

415 1661 836 1729 percusserunt
901 1673 1059 1724 eum,
1093 1663 1168 1724 get
1213 1661 1485 1713 mortuus
1533 1660 1656 1724 est;
1712 1657 2072 1730 sepelierunt
2180 1674 2498 1714 consumas
2528 1676 2654 1716 eam
2687 1661 2766 1722 (h.
2800 1678 2990 1732 usque
3019 1663 3094 1718 ad
3123 1664 3774 1735 consummationem).Et

415 1761 547 1800 eum
581 1761 711 1800 eum
747 1745 1012 1816 patribus
1041 1747 1164 1801 suis
1198 1747 1256 1800 in
1290 1746 1522 1802 civitate
1553 1746 2064 1819 David,regnavit-
2099 1785 2145 1850 B
2181 1748 2263 1804 ait
2296 1765 2309 1803 :
2342 1749 2502 1805 Tolle
2533 1751 2801 1823 sagittas.
2828 1751 2935 1816 Qui
2968 1768 3103 1808 cum
3137 1752 3393 1822 tulisset,
3425 1771 3645 1810 rursum
3664 1755 3777 1811 dixit

413 1851 527 1906 que
557 1835 826 1889 Amazias
859 1835 1017 1890 ﬁlius
1049 1836 1176 1906 ejus
1210 1853 1312 1907 pro
1343 1853 1432 1890 eo.
2099 1835 2145 1850 ”
2177 1837 2228 1894 ei
2266 1853 2278 1893 :
2312 1842 2554 1894 Percute
2584 1840 2768 1910 iaculo
2799 1840 2884 1913 (h.
2920 1858 3035 1897 non
3085 1841 3288 1914 habet)
3322 1849 3531 1899 terram
3581 1849 3633 1900 et
3673 1860 3775 1900 cum

481 1929 561 1992 (T.
597 1924 812 1992 CLXII,
848 1923 978 1996 Cap.
1012 1924 1185 1995 XIII.)
1219 1932 1387 1981 Anno
1418 1925 1693 1982 vicesimo
1727 1926 1899 1981 tertio
1928 1926 2068 1982 Joas
2172 1927 2565 1999 percussisset
2596 1929 2785 1985 tribus
2817 1929 3064 2001 vicibus,
3099 1935 3157 1987 et
3185 1932 3468 1999 stetisset,
3516 1931 3683 1988 iratus
3708 1937 3776 1988 est

415 2014 521 2069 ﬁlii
554 2015 817 2071 Achaziaz
851 2015 1004 2087 regis
1034 2016 1483 2087 Juda,regnavit
1511 2017 1727 2072 Joahaz
1759 2015 1945 2072 ﬁlium
1962 2018 2066 2072 Jeu
2172 2021 2378 2072 contra
2401 2033 2535 2073 eum
2560 2019 2647 2074 vir
2667 2018 2855 2088 Dei,et
2880 2019 2962 2074 ait
2985 2020 3071 2076 :Si
3095 2019 3488 2092 percussisses
3511 2021 3778 2093 quinquies

418 2121 598 2176 super
629 2104 802 2159 Israel
835 2105 890 2158 in
924 2107 1190 2160 Samaria
1241 2106 1443 2160 decem
1495 2110 1554 2160 et
1601 2110 1827 2177 septem
1872 2106 2066 2161 annis.
2173 2109 2275 2160 aut
2306 2105 2515 2176 sexies,
2548 2106 2670 2162 sive
2702 2107 3352 2180 septies,percussisses
3379 2110 3592 2182 Syriam
3622 2126 3774 2183 usque

417 2193 488 2248 Et
511 2194 645 2248 fecit
667 2192 882 2247 malum
907 2209 1098 2248 coram
1129 2194 1371 2250 Domino
1393 2195 1475 2266 (h.
1496 2195 1556 2249 in
1581 2194 1767 2250 oculis
1790 2195 2070 2266 Domini),
2173 2195 2246 2250 ad
2278 2196 2848 2252 consummationem
2883 2213 2896 2252 :
2934 2214 3088 2253 nunc
3137 2202 3339 2254 autem
3385 2198 3566 2255 tribus
3593 2199 3777 2255 vicibus

419 2286 775 2354 secutusque
807 2286 891 2337 est
925 2287 1161 2353 peccata
1189 2282 1498 2338 Jeroboam
1547 2283 1653 2338 ﬁlii
1705 2283 1916 2350 Nabat,
1969 2282 2071 2356 qui
2173 2284 2467 2357 percuties
2497 2301 2650 2340 eam.
2682 2286 2768 2355 (Τ.
2800 2285 3060 2358 CLXVI).
3105 2287 3377 2344 Mortuus
3425 2293 3512 2345 est
3539 2304 3659 2361 ergo
3684 2287 3777 2343 Eli-

423 2387 663 2443 peccare
696 2371 832 2425 fecit
884 2369 1058 2426 Israel
1096 2389 1108 2426 :
1143 2389 1258 2427 non
1307 2371 1622 2427 declinavit
1669 2372 1742 2427 ab
1791 2373 1898 2427 eis.
1950 2371 2068 2427 Ira-
2176 2389 2349 2440 saeue,
2382 2377 2438 2428 et
2484 2372 2844 2446 sepelierunt
2888 2391 3044 2431 eum.
3097 2375 3441 2432 Latrunculi
3493 2393 3700 2450 quoque
3725 2376 3778 2432 de

421 2467 639 2532 tusque
669 2465 754 2515 cst
784 2460 945 2516 furor
978 2460 1202 2516 Domini
1234 2466 1438 2516 contra
1479 2461 1678 2528 Israel,
1726 2465 1782 2516 et
1826 2461 2074 2517 tradidit
2188 2461 2356 2518 Moab
2387 2466 2671 2518 venerunt
2720 2463 2776 2517 in
2810 2467 3024 2519 terram
3057 2463 3116 2518 in
3168 2463 3299 2536 ipso
3349 2481 3521 2521 anno.
3572 2465 3776 2531 Quidam

422 2566 522 2606 eos
556 2551 611 2605 in
646 2565 824 2604 manu
855 2549 1021 2605 Azael
1055 2550 1208 2622 regis
1239 2549 1434 2623 Syriae,
1459 2554 1513 2606 et
1544 2549 1604 2605 in
1653 2567 1829 2606 manu
1882 2551 2072 2606 Bena-
2190 2555 2382 2607 autem
2415 2551 2762 2623 sepelientes
2798 2552 3095 2608 hominem
3142 2553 3227 2624 (h.
3277 2553 3515 2626 virum),
3557 2554 3779 2609 viderunt

425 2639 536 2693 dad
567 2638 669 2693 ﬁlii
691 2638 880 2705 Azael,
903 2638 1131 2695 cunctis
1154 2639 1747 2710 diebus.Deprecatus
1768 2645 1856 2694 est
1877 2644 2073 2695 autem
2180 2639 2567 2710 latrunculos,
2599 2647 2656 2696 et
2686 2643 3063 2714 projecerunt
3111 2643 3362 2699 cadaver
3385 2644 3465 2715 (h.
3497 2643 3706 2714 virum),
3734 2641 3777 2696 in

428 2729 640 2785 Joahaz
691 2731 894 2785 faciem
927 2729 1158 2785 Domini
1191 2745 1204 2783 :
1239 2735 1296 2785 et
1324 2730 1551 2785 audivit
1580 2746 1711 2786 eum
1743 2729 2024 2786 Dominus
2059 2745 2072 2784 :
2182 2730 2520 2802 sepulcrum
2557 2730 2768 2786 Elisaai.

422 2819 568 2874 vidit
587 2819 741 2874 enim
767 2820 1100 2889 angustiam
1125 2818 1325 2886 Israel,
1357 2818 1496 2891 quia
1517 2819 1821 2876 attriverat
1850 2835 1949 2875 eos
1981 2835 2080 2875 rex
2254 2820 2414 2885 Quod
2448 2819 2774 2875 ambulavit
2802 2820 2883 2892 (h.
2917 2820 2984 2876 Et
3012 2819 3382 2894 ambulavit),
3403 2826 3462 2878 et
3488 2819 3661 2892 tetigit
3676 2833 3781 2874 ossa

419 2909 600 2982 Syrias
648 2913 756 2964 :et
806 2909 967 2964 dedit
1013 2909 1300 2964 Dominus
1351 2909 1546 2964 Israeli
1597 2909 1970 2974 salvatorem,
2021 2913 2080 2964 et
2184 2909 2397 2974 Elisasi,
2445 2913 2502 2964 et
2553 2909 2759 2965 revixit
2809 2909 2984 2966 homo
3033 2909 3115 2979 (h.
3166 2909 3301 2982 vir),
3351 2915 3408 2966 et
3445 2910 3598 2967 stetit
3642 2923 3782 2979 super

423 2998 709 3054 liberatus
740 3004 830 3054 est
859 2998 930 3054 de
962 3015 1140 3054 manu
1175 2998 1351 3070 Syriae
1374 3014 1386 3053 :
1409 2997 1941 3070 habitaveruntque
1972 2997 2078 3052 ﬁlii
2186 2999 2365 3070 pedes
2398 3015 2558 3054 suos.
2597 2999 2783 3070 Igitur
2809 2999 2979 3055 Azael
3007 3016 3107 3054 rex
3136 2999 3318 3071 Syria
3350 2999 3555 3055 afﬂixit
3582 2993 3784 3070 (h.sttri-

423 3087 604 3143 Israel
662 3086 1062 3142 tabernaculis
1118 3087 1242 3142 suis
1300 3087 1452 3142 sicut
1508 3086 1632 3142 heri
1701 3091 1760 3142 et
1826 3088 2080 3142 nudius-
2119 3157 2130 3159 4
2185 3087 2287 3159 vit)
2321 3087 2494 3144 Israel
2527 3087 2754 3144 cunctis
2787 3088 2997 3144 diebus
3036 3087 3256 3145 Joahaz
3289 3105 3303 3144 :
3338 3093 3396 3145 et
3439 3089 3692 3145 misertus
3715 3086 3784 3139 est

418 3177 651 3232 tertius.
685 3175 1102 3232 Verumtamen
1154 3193 1271 3231 non
1321 3181 1692 3231 recesserunt
1739 3193 1773 3232 a
1820 3176 2071 3248 peccatis
2102 3157 2145 3225 Ο
2184 3176 2470 3233 Dominus
2496 3193 2720 3244 eorum,
2771 3183 2826 3234 et
2875 3194 3146 3234 reversus
3191 3183 3283 3234 est
3329 3178 3402 3234 ad
3451 3193 3546 3234 eos
3591 3179 3780 3248 propter

417 3266 631 3320 domus
651 3265 982 3332 Jeroboam,
1005 3266 1105 3338 qui
1130 3281 1366 3337 peccare
1389 3264 1522 3320 fecit
1543 3265 1722 3321 Israel
1751 3266 1842 3321 :in
1879 3266 2072 3336 (Vulg.
2185 3270 2423 3338 pactum
2459 3282 2653 3332 suum,
2688 3267 2842 3338 quod
2877 3265 3131 3322 habebat
3149 3281 3288 3321 cum
3322 3264 3776 3332 Abraham,lssac,

421 3355 522 3410 sed
548 3354 635 3422 in)
657 3355 800 3426 ipsis
823 3354 1276 3409 ambulaverunt
1309 3353 1386 3418 (h.
1410 3353 2071 3426 ambulavit):eiquidem
2183 3359 2240 3410 et
2266 3355 2463 3422 Jacob,
2497 3359 2553 3410 et
2583 3354 2773 3410 noluit
2803 3353 3140 3427 disperdere
3170 3371 3292 3424 eos,
3327 3370 3512 3428 neque
3541 3351 3775 3426 projicere

422 3447 480 3498 et
511 3441 682 3498 lucus
713 3443 1034 3515 permansit
1065 3443 1122 3497 in
1155 3442 1441 3498 Samaria.
1477 3444 1546 3498 Et
1577 3459 1690 3498 non
1725 3448 1865 3498 sunt
1909 3444 2071 3498 dere-
2183 3444 2440 3516 penitus,
2475 3460 2662 3515 usque
2712 3443 2772 3499 in
2814 3459 3072 3516 praesens
3119 3447 3380 3516 tempus.
3429 3446 3671 3499 Mortuus
3708 3441 3773 3494 est

421 3531 545 3586 licti
565 3531 784 3586 Joahaz
805 3531 876 3586 de
900 3531 1113 3603 populo
1145 3530 1258 3586 nisi
1289 3531 1718 3603 quinquaginta
1747 3530 1995 3602 equites,
2019 3536 2075 3586 et
2184 3536 2378 3587 autem
2413 3530 2577 3587 Azael
2612 3547 2709 3586 rex
2735 3531 2933 3603 Syriae,
2971 3536 3029 3587 et
3059 3531 3330 3604 regnavit
3361 3529 3617 3588 Benadad
3648 3525 3773 3582 ﬁlius

421 3622 622 3676 decem
655 3636 864 3676 currus
896 3621 1012 3688 ’,ει
1040 3621 1240 3676 decem
1275 3619 1458 3675 millia
1491 3621 1753 3692 peditum
1789 3637 1801 3674 :
1835 3621 2073 3677 interfe-
2183 3621 2311 3691 ejus
2345 3637 2448 3693 pro
2479 3637 2566 3676 eo.
2601 3626 2776 3676 Porro
2805 3621 2945 3676 Joas
2976 3619 3134 3676 ﬁlius
3155 3620 3378 3676 Joahaz
3404 3619 3533 3676 tulit
3560 3617 3707 3674 urbes
3724 3613 3776 3668 de

423 3716 583 3765 cerat
613 3709 693 3782 (h.
731 3710 1089 3781 perdiderat)
1119 3710 1274 3764 enim
1310 3726 1409 3765 eos
1443 3728 1547 3766 rex
1575 3709 1771 3781 Syriae,
1804 3715 1860 3764 et
1909 3711 2071 3765 rede-
2185 3727 2357 3766 manu
2396 3711 2663 3765 Benadad
2701 3709 2802 3764 ﬁlii
2843 3708 3033 3776 Azael,
3086 3725 3234 3781 quas
3286 3708 3502 3765 tulerat
3547 3707 3611 3762 de
3638 3717 3776 3760 manu

421 3806 583 3871 gerat
609 3799 777 3869 quasi
810 3798 1109 3869 pulverem
1136 3799 1191 3852 in
1227 3798 1432 3854 tritura
1454 3799 1818 3868 ar.-.'c(h.non
1853 3799 2070 3870 habet).
2181 3799 2398 3855 Joahaz
2430 3799 2614 3871 patris
2635 3800 2727 3854 sui
2751 3801 2888 3871 jure
2915 3797 3323 3870 praelii,tribus
3341 3797 3558 3854 vicibus
3581 3806 3774 3866 percus-

424 3891 672 3962 Reliqua
702 3896 899 3946 autem
931 3907 1272 3946 sermonum
1303 3890 1612 3958 Joahaz,et
1642 3891 1915 3946 universa
1943 3907 2075 3962 qua:
2185 3889 2262 3944 sit
2291 3905 2424 3944 eum
2455 3889 2612 3955 Joas,
2646 3893 2704 3944 et
2731 3888 2988 3944 reddidit
3016 3887 3287 3944 civitates
3314 3885 3508 3944 Israel.

427 3979 583 4045 fecit,
618 3981 716 4036 sed
750 3981 930 4052 (Vulp.
965 3989 1072 4036 (ac.
1109 3980 1233 4051 sed)
1263 3985 1321 4036 et
1357 3981 1636 4035 fortitudo
1679 3980 1828 4051 ejus,
1881 3995 2074 4035 nonne
2258 3978 2346 4049 (T.
2376 3976 2634 4047 CLXVII,
2669 3978 2799 4049 Cap.
2845 3977 3017 4049 XIV.)
3058 3978 3224 4032 Anno
3269 3976 3524 4032 secundo
3550 3973 3669 4030 Joas
3695 3966 3777 4024 lilii

426 4067 546 4122 haec
577 4067 792 4137 scripta
815 4067 1032 4122 suntin
1066 4066 1213 4122 libro
1235 4071 1584 4122 Sermonum
1608 4067 1838 4122 dierum
1870 4083 2075 4139 regum
2183 4067 2398 4122 Joahaz
2437 4066 2590 4139 regis
2643 4065 2846 4133 Israel,
2898 4065 3162 4137 regnavit
3195 4065 3466 4122 Amasias
3509 4062 3654 4118 ﬁlius
3671 4059 3779 4116 Joas

427 4154 633 4212 Israel?
651 4155 739 4226 (T.
761 4155 1024 4227 CLXIII).
1053 4157 1451 4228 Dormivitque
1481 4156 1700 4212 Joahaz
1729 4173 1863 4212 cum
1898 4155 2078 4228 patri-
2186 4154 2338 4228 regis
2368 4155 2967 4226 Juda.(T.CLXVIII.)
2996 4153 3214 4227 Viginti
3244 4154 3503 4227 quinque
3532 4160 3774 4208 annorum

428 4246 537 4300 bus
566 4246 712 4315 suis,
746 4251 804 4300 et
829 4244 1218 4317 sepeliverunt
1248 4262 1383 4302 eum
1415 4248 1474 4300 in
1523 4245 1790 4301 Samaria
1821 4264 1834 4302 :
1870 4263 2078 4317 regna-
2186 4250 2313 4301 erat
2359 4261 2492 4300 cum
2551 4261 2794 4317 regnare
2859 4242 3135 4316 cmpisset
3201 4259 3216 4298 :
3276 4242 3480 4315 viginti
3525 4245 3698 4296 autem
3736 4237 3779 4330 et

427 4335 630 4406 vitque
657 4335 796 4391 Joas
828 4334 986 4391 ﬁlius
1017 4336 1145 4406 ejus
1179 4351 1280 4407 pro
1313 4351 1397 4390 eo.
1435 4337 1600 4390 Anno
1643 4334 1942 4391 tricesimo
1983 4351 2076 4390 se-
2186 4350 2391 4389 novem
2422 4333 2592 4389 annis
2612 4333 2876 4406 regnavit
2907 4332 2964 4386 in
2996 4331 3348 4402 Jerusalem,
3381 4345 3582 4387 nomen
3611 4328 3779 4382 matris

431 4423 618 4496 ptimo
647 4424 785 4479 Joas
820 4423 974 4496 regis
1002 4423 1176 4493 Juda,
1209 4425 1477 4495 regnavit
1500 4423 1636 4479 Joas
1668 4423 1826 4479 ﬁlius
1859 4423 2078 4479 Joahaz
2185 4422 2315 4494 ejus
2343 4423 2565 4478 Joadan
2603 4422 2675 4478 de
2703 4420 3052 4478 Jerusalem.
3087 4424 3154 4478 Et
3186 4420 3322 4477 fecit
3371 4424 3583 4476 rectum
3619 4426 3774 4470 coram

431 4529 608 4583 super
632 4513 804 4568 Israel
831 4513 886 4568 in
911 4514 1170 4568 Samaria
1199 4512 1452 4568 sedecim
1487 4513 1744 4583 annis,et
1767 4512 1899 4568 fecit
1921 4513 2073 4584 quod
2109 4534 2153 4598 Β
2191 4513 2432 4569 Domino
2458 4511 2540 4585 (h.
2572 4512 2630 4567 in
2661 4510 2850 4567 oculis
2884 4509 3152 4581 Domini),
3185 4513 3576 4566 verumtamen
3613 4500 3780 4598 nonut

432 4603 654 4658 malum
687 4607 810 4658 erat
838 4607 960 4670 (ms.
995 4612 1044 4658 ct
1081 4604 1234 4670 Vulg.
1269 4602 1378 4673 est)
1411 4603 1468 4657 iu
1501 4610 1809 4673 conspectu
1843 4601 2074 4658 Domini
2109 4593 2144 4598 —
2189 4601 2368 4659 David
2401 4606 2566 4674 pater
2592 4602 2740 4673 ejus.
2772 4601 2949 4656 Juxta
2970 4600 3324 4671 omnia,qua3
3351 4597 3483 4654 fecit
3506 4595 3632 4652 Joas
3648 4593 3780 4664 pater

431 4693 511 4763 (h.
547 4692 604 4746 in
637 4692 824 4748 oculis
855 4693 1155 4763 Domini):
1191 4709 1303 4746 non
1339 4691 1650 4747 declinavit
1683 4693 1754 4746 ab
1799 4691 2078 4748 omnibus
2190 4708 2355 4758 suus,
2390 4691 2526 4746 fecit
2567 4707 2579 4744 :
2629 4689 2743 4744 nisi
2789 4689 2895 4744 hoc
2942 4693 3170 4744 tantum
3223 4687 3379 4759 quod
3428 4683 3641 4742 excelsa
3685 4691 3775 4734 non

430 4782 686 4855 peccatis
733 4782 1048 4838 Jeroboam
1097 4781 1203 4836 ﬁlii
1254 4781 1462 4847 Nabat,
1510 4782 1610 4852 qui
1657 4797 1895 4854 peccare
1946 4780 2081 4836 fecit
2190 4779 2435 4837 abstulit
2465 4780 2546 4852 (h.
2584 4783 2983 4835 verumtamen
3017 4775 3239 4834 excelsa
3273 4793 3386 4833 non
3419 4778 3551 4831 sunt
3577 4765 3776 4837 ablata):

429 4872 645 4933 Israel;
680 4872 737 4926 iu
794 4872 940 4944 ipsis
989 4869 1334 4926 ambulavit.
1386 4870 1471 4938 (T.
1523 4869 1784 4942 CLXIV.)
1835 4869 2080 4941 Reliqua
2188 4869 2381 4926 adhuc
2411 4871 2568 4924 enim
2603 4867 2857 4940 populus
2886 4867 3250 4938 immolabat,
3271 4871 3329 4921 et
3357 4855 3775 4931 adolebatU’ulg.

431 4965 625 5016 autem
655 4977 994 5016 sermonum
1023 4960 1183 5030 Joas,
1216 4964 1272 5015 et
1303 4959 1569 5014 universa
1611 4975 1737 5030 quae
1779 4960 1931 5027 fecit,
1975 4959 2075 5015 sed
2188 4958 2314 5014 add.
2349 4958 2678 5028 incensum)
2709 4955 2766 5011 in
2808 4955 3073 5012 excelsis.
3117 4955 3206 5047 ςΤ.
3252 4954 3511 5021 CLXIX.)
3557 4947 3776 5047 Cumque

429 5057 488 5107 et
516 5051 797 5106 fortitudo
829 5051 1282 5121 ejus,quomodo
1316 5049 1660 5121 pugnaverit
1690 5053 1892 5104 contra
1913 5051 2078 5104 Ama-
2191 5048 2545 5103 obtinuisset
2574 5062 2845 5118 regnum,
2875 5044 3162 5117 percussit
3191 5058 3390 5098 servos
3419 5055 3570 5108 suos,
3599 5044 3776 5108 quiin-

428 5140 579 5196 siam
612 5155 807 5211 regem
837 5140 1013 5204 Juda,
1042 5155 1236 5194 nonne
1266 5137 1386 5192 haec
1417 5137 1637 5208 scripta
1665 5143 1807 5193 sunt
1835 5139 1894 5192 iu
1927 5137 2077 5193 libro
2190 5137 2535 5192 terfecerant
2566 5151 2762 5208 regem
2793 5139 3018 5206 patrem
3050 5149 3225 5189 suum
3260 5149 3272 5188 :
3307 5130 3456 5187 ﬁlios
3485 5132 3660 5217 autem
3697 5134 3776 5217 θίξ-

365 5227 372 5231 ’
427 5233 776 5284 Sermonum
809 5230 1038 5283 dierum
1071 5245 1274 5300 regum
1313 5226 1523 5282 Israel?
1545 5231 1610 5279 Et
1641 5226 1915 5282 dormivit
1940 5227 2080 5282 Joas
2193 5242 2347 5289 rum,
2379 5225 2476 5295 qui
2507 5225 2862 5288 occiderant,
2895 5240 3006 5278 non
3041 5222 3276 5286 occidit,
3299 5222 3466 5291 juxta
3489 5215 3628 5288 quod
3657 5215 3774 5266 scri-

425 5336 553 5374 cum
569 5319 830 5390 patribus
843 5318 1299 5374 suiszJeroboam
1314 5323 1507 5371 autem
1525 5315 1674 5370 sedit
1688 5332 1753 5370 su
1764 5332 1865 5386 per
1876 5315 2079 5371 solium
2193 5321 2355 5387 ptum
2383 5319 2472 5369 est
2492 5314 2551 5370 in
2569 5311 2717 5370 libro
2730 5312 2878 5385 legis
2900 5305 3500 5382 Mosi,sicutprmcepit
3521 5301 3774 5360 Dominus,

503 5483 515 5515 ¹
553 5480 846 5560 Ducentos
871 5497 972 5560 pro
994 5481 1192 5534 decem
1222 5493 1429 5534 currus
1453 5479 1735 5560 supputat
1755 5475 2076 5533 Veronens.
2190 5476 2401 5557 versio,
2435 5476 2635 5560 decem
2669 5479 2898 5532 tantum
2943 5473 3090 5530 alios
3139 5466 3498 5546 superaddit,
3526 5456 3777 5520 numeral-

425 5551 574 5608 liber
603 5569 617 5609 :
652 5553 809 5608 haud
841 5552 962 5608 scio
993 5557 1190 5608 tamen
1223 5565 1290 5622 ex
1340 5565 1456 5621 quo
1508 5551 1718 5622 textu,‘
1744 5564 1929 5621 quove
1979 5566 2081 5622 au-
2192 5564 2304 5622 que
2336 5551 2556 5618 viginti.

427 5626 585 5684 ctore
615 5625 835 5695 fecerit;
862 5641 988 5697 quae
1020 5624 1177 5682 enim
1210 5619 1598 5696 plus—caeteris
1628 5619 1803 5678 habet
1835 5621 2078 5680 Arabica
