3938 6174
178 338 274 395 801

1499 342 1712 395 LIBER
1761 339 1811 392 II
1849 338 2252 393 MALACHIM.

3482 346 3589 401 802

187 468 419 525 dicens:
454 466 581 522 Non
614 465 937 522 morientur
959 470 1151 539 patres
1182 483 1285 538 pro
1316 465 1474 532 ﬁliis,
1500 480 1688 535 neque
1720 459 1823 516 lilii
1854 460 1905 527 Α
1937 460 2102 515 Anno
2133 462 2339 532 quinto
2374 464 2598 521 decimo
2642 467 2888 521 Amasis:
2923 467 3026 522 filii
3055 472 3193 526 Joas
3225 471 3378 544 regis
3408 471 3585 540 Juda,

194 558 509 614 morientur
542 573 644 628 pro
676 556 943 628 patribus
978 574 990 611 :
1026 557 1126 611 sed
1161 556 1575 627 unusquisque
1607 554 1665 607 in
1699 568 1831 624 pec-

194 653 311 704 cato
341 663 448 702 suo
483 646 787 702 morietur.
850 646 982 718 Ipse
1039 648 1330 719 percussit
1384 647 1563 701 Edom
1594 643 1653 698 in
1688 640 1833 696 valle

194 736 520 792 Salinarum
546 736 743 791 decem
768 734 972 800 millia,
1004 740 1061 790 et
1106 734 1489 806 apprehendit
1515 734 1740 788 Petram
1772 730 1833 785 in

197 826 405 899 praelia,
439 825 782 897 vocavitque
829 842 1041 881 nomen
1086 828 1216 895 ejus
1262 824 1489 880 Jecthel
1522 824 1645 894 [ma
1678 821 1835 876 Jece-

194 916 349 987 thel],
385 930 578 987 usque
600 916 660 970 in
694 921 1038 987 praesentem
1072 915 1249 970 diem.
1282 915 1444 969 Tunc
1472 914 1636 969 misit
1663 914 1834 966 Ama-

195 1004 303 1061 sias
333 1005 578 1060 nuntios
609 1004 680 1059 ad
730 1004 867 1060 Joas
919 1002 1102 1059 tilium
1132 1003 1370 1071 Joahaz,
1404 1002 1509 1057 filii
1538 1002 1647 1057 Jeu
1682 999 1836 1072 regis

192 1092 381 1161 Israel,
405 1093 613 1149 dicens
642 1110 655 1147 :
688 1091 854 1156 Veni.
889 1097 945 1148 et
974 1093 1279 1148 videamus
1310 1108 1436 1148 nos.
1471 1090 1836 1161 Remisitque

188 1183 319 1239 Joas
370 1198 472 1238 rex
504 1181 682 1238 Israel
714 1182 785 1237 ad
820 1182 1116 1238 Amasiam
1167 1198 1360 1253 regem
1392 1182 1560 1248 .Iuda,
1595 1180 1834 1235 dicens:

192 1273 448 1330 Carduus
472 1271 680 1327 Libani
703 1272 867 1327 misit
889 1272 958 1327 ad
988 1272 1225 1327 cedrum
1252 1287 1379 1343 quae
1398 1274 1488 1325 est
1508 1270 1569 1324 in
1594 1268 1834 1337 Libano,

192 1360 421 1417 dicens:
456 1366 540 1417 Da
567 1360 751 1417 ﬁliam
773 1366 939 1417 tuam
967 1360 1086 1415 tilio
1120 1378 1246 1416 meo
1280 1377 1537 1416 uxorem.
1572 1357 1840 1414 Transie-

196 1456 442 1522 runtque
504 1450 711 1506 bestiae
770 1449 958 1505 saltus
1015 1466 1144 1521 qua:
1204 1454 1345 1505 sunt
1399 1449 1455 1504 in
1508 1448 1751 1515 Libano,
1784 1451 1841 1501 et

194 1538 684 1595 conculcaverunt
738 1539 1021 1595 carduum
1083 1538 1165 1611 [b.
1214 1537 1624 1609 Transivitque
1656 1535 1841 1592 bestia

197 1628 331 1702 agri,
366 1645 496 1701 quas
531 1635 625 1686 est
656 1629 712 1686 in
765 1630 998 1693 Libano.
1035 1637 1091 1685 et
1117 1628 1479 1685 conculcavit
1510 1628 1838 1698 carduum].

202 1718 527 1775 Percutiens
566 1718 871 1774 invaluisti
904 1736 1083 1790 super
1112 1719 1317 1787 Edom,
1349 1724 1406 1773 et
1435 1717 1759 1773 sublevavit
1787 1721 1843 1771 te

199 1824 290 1862 cor
316 1812 487 1863 tuum
515 1825 529 1863 :
566 1812 879 1863 contentus
928 1813 1052 1863 esto
1085 1806 1292 1880 gloria,
1324 1812 1380 1862 et
1410 1808 1547 1862 sede
1578 1806 1639 1860 in
1670 1805 1845 1861 domo
1876 1839 1922 1904 Β

195 1902 324 1951 tua:
360 1913 548 1969 quare
581 1913 862 1969 provocas
924 1897 1169 1963 malum,
1218 1901 1282 1951 ut
1311 1897 1485 1952 cadas
1515 1901 1580 1950 tu
1611 1900 1667 1950 et
1695 1894 1848 1949 Juda

198 1986 427 2043 tecum?
487 1986 557 2041 Et
621 2003 737 2041 non
798 1986 1087 2059 acquievit
1140 1986 1430 2042 Amasias.
1489 1984 1846 2057 [T.CLXX.]

195 2075 587 2147 Ascenditque
631 2079 771 2130 Joas
820 2092 917 2129 rex
948 2077 1144 2145 Israel,
1196 2080 1254 2130 et
1303 2075 1575 2130 viderunt
1606 2090 1690 2141 se,
1723 2075 1847 2145 ipse

200 2168 251 2219 et
277 2164 550 2221 Amasias
583 2182 686 2220 rex
714 2166 884 2233 Juda,
917 2164 975 2219 in
1010 2164 1384 2219 Beth-Sames
1415 2165 1627 2237 oppido
1656 2164 1845 2218 Judm.

199 2259 639 2325 Percussusque
688 2260 776 2310 est
806 2255 953 2309 Juda
1002 2270 1195 2309 coram
1249 2252 1449 2323 Israel,
1483 2258 1541 2308 et
1574 2255 1849 2325 fugerunt

202 2346 610 2415 unusquisque
642 2343 699 2397 in
722 2342 1101 2398 tabernacula
1122 2360 1249 2398 sua.
1274 2342 1574 2398 Amasiam
1602 2358 1737 2397 vero
1759 2357 1845 2397 re-

201 2447 316 2502 gem
349 2432 529 2500 Juda,
566 2431 759 2487 tilium
804 2431 942 2487 Joas
972 2432 1075 2486 filii
1110 2431 1360 2497 Abaziae,
1406 2432 1558 2504 cepit
1586 2432 1719 2487 Joas
1750 2447 1849 2486 rex

205 2521 367 2577 Israel
398 2522 456 2576 in
493 2522 958 2588 Betb-Sames,et
989 2522 1385 2577 adduxiteum
1414 2523 1469 2576 in
1502 2520 1848 2587 Jerusalem,

205 2615 256 2663 et
282 2610 609 2683 interrupit
644 2627 879 2665 murum
928 2611 1279 2681 Jerusalem,
1313 2628 1344 2666 a
1378 2618 1542 2682 porta
1575 2610 1849 2681 Ephraim

204 2714 380 2771 usque
410 2702 481 2755 ad
543 2706 782 2772 portam
843 2699 1066 2772 anguli,
1122 2701 1572 2771 quadringentis
1612 2698 1849 2755 cubitis.

205 2789 465 2861 Tulitque
496 2806 681 2846 omne
739 2806 972 2860 aurum,
1032 2795 1089 2844 et
1125 2796 1457 2861 argentum,
1491 2795 1547 2845 et
1580 2790 1852 2845 universa

203 2893 485 2951 vasa,qua3
521 2880 761 2933 inventa
792 2884 933 2934 sunt
962 2879 1019 2933 in
1054 2879 1228 2933 domo
1259 2878 1513 2947 Domini,
1546 2883 1603 2933 et
1634 2879 1691 2932 in
1723 2878 1849 2933 the-

203 2967 380 3022 sauris
426 2968 587 3040 regis
638 2968 719 3039 [b.
772 2973 828 3023 et
876 2968 933 3021 in
986 2967 1518 3023 thesauris'domus
1569 2966 1766 3039 regis],
1794 2970 1852 3022 et

206 3055 447 3122 obsides,
478 3062 535 3113 et
603 3073 873 3113 reversus
931 3062 1022 3113 est
1078 3057 1137 3112 in
1195 3057 1548 3116 Samariam.
1610 3057 1851 3128 Reliqua

208 3150 389 3200 autem
418 3147 737 3201 verborum
791 3147 926 3201 Joas
957 3162 1085 3217 quae
1137 3145 1293 3215 fecit,
1324 3151 1382 3201 et
1414 3146 1689 3202 fortitudo
1723 3146 1851 3216 ejus

210 3247 315 3302 qua
345 3235 635 3307 pugnavit
658 3240 861 3291 contra
900 3234 1197 3290 Amasiam
1230 3250 1423 3307 regem
1450 3235 1625 3301 Juda,
1659 3252 1853 3291 nonne

214 3320 323 3378 haec
346 3323 570 3395 scripta
590 3324 812 3379 suntin
840 3323 987 3379 libro
1016 3328 1364 3379 Sermonum
1397 3323 1625 3379 dierum
1654 3340 1858 3396 regum

220 3410 428 3468 Israel?
454 3414 545 3484 [T.
568 3412 829 3483 CLXXI.]
853 3412 1252 3482 Dormivitque
1269 3413 1407 3468 Joas
1429 3430 1562 3468 cum
1592 3414 1859 3483 patribus

221 3500 417 3566 suis,et
443 3500 721 3573 sepultus
745 3500 917 3555 estin
941 3502 1206 3556 Samaria
1229 3518 1361 3555 cum
1396 3502 1633 3573 regibus
1664 3500 1860 3571 lsrael,

230 3592 281 3643 et
309 3590 568 3661 regnavit
596 3589 905 3645 Jeroboam
962 3589 1121 3644 ﬁlius
1179 3590 1308 3659 ejus
1333 3606 1435 3661 pro
1454 3606 1541 3646 eo.
1574 3589 1731 3644 Vixit
1758 3606 1863 3645 au-

231 3685 334 3733 tem
366 3680 643 3734 Amasias
675 3678 832 3733 filius
850 3678 1011 3743 Joas,
1036 3695 1133 3733 rex
1161 3678 1331 3743 Juda,
1368 3684 1677 3751 postquam
1711 3697 1866 3734 mor-

229 3771 355 3821 tuus
377 3777 461 3822 est
482 3768 629 3823 Joas
652 3767 809 3822 filius
837 3767 1055 3823 Joahaz
1094 3769 1245 3840 regis
1266 3768 1462 3833 Israel,
1482 3769 1814 3839 quindecim
1846 3771 1863 3805 ί

228 3856 406 3912 annis.
438 3856 693 3927 Reliqua
738 3862 935 3911 autem
993 3872 1330 3912 sermonum
1378 3859 1639 3923 Amasiae,
1674 3874 1866 3915 nonne

228 3941 337 3999 haec
358 3947 574 4018 scripta
600 3950 739 3999 sunt
765 3946 821 3999 in
848 3944 996 4000 libro
1029 3946 1379 4000 Sermonum
1406 3946 1633 4001 dierum
1661 3964 1863 4018 regum

224 4034 414 4089 Juda?
473 4035 769 4105 Factaque
823 4039 914 4089 est
970 4040 1173 4090 contra
1224 4051 1357 4089 eum
1419 4036 1748 4106 conjuratio
1780 4037 1863 4107 [b.

228 4122 472 4195 rebellio]
504 4124 564 4179 in
600 4122 963 4179 Jerusalem:
1013 4128 1071 4179 at
1102 4123 1196 4179 ille
1241 4123 1389 4196 fugit
1421 4124 1479 4179 in
1515 4124 1743 4180 Lachis.
1776 4124 1863 4199 [T.

224 4211 503 4284 CLXXII]
534 4213 943 4284 Miseruntque
986 4218 1118 4285 post
1159 4230 1291 4269 eum
1337 4213 1396 4268 in
1429 4213 1655 4282 Lachis,
1688 4220 1747 4270 et
1774 4214 1863 4269 in-

227 4300 568 4357 terfecerunt
598 4318 733 4356 eum
792 4303 893 4357 ibi.
955 4301 1019 4356 Et
1077 4308 1523 4373 asportaverunt
1579 4302 1638 4357 in
1670 4304 1863 4375 equis,

230 4388 603 4462 sepultusque
633 4396 721 4445 est
751 4391 809 4445 in
840 4390 1168 4447 Jerusalem
1201 4408 1336 4447 cum
1369 4392 1639 4463 patribus
1657 4391 1782 4447 suis
1806 4392 1863 4447 in

231 4475 445 4533 civitate
466 4478 666 4532 David.
689 4477 847 4533 Tulit
865 4484 1061 4534 autem
1087 4480 1396 4535 universus
1428 4480 1679 4551 pepulus
1697 4481 1866 4536 Judaa

1943 550 2200 621 regnavit
2220 551 2529 610 Jeroboam
2558 554 2715 610 filius
2746 556 2882 612 Joas
2917 558 3065 627 regis
3100 560 3271 615 Israel
3304 564 3359 617 in
3392 566 3588 617 Sama-

1943 639 2050 705 ria,
2082 641 2471 713 quadraginta
2499 649 2556 697 ct
2587 661 2700 700 uno
2734 656 2983 713 anno,et
3016 648 3147 703 fecit
3178 651 3329 721 quod
3366 651 3586 706 malum

1942 734 2032 783 est
2063 746 2257 784 coram
2289 732 2536 788 Domino
2569 734 2655 804 [b.
2712 735 2767 789 in
2802 736 2987 791 oculis
3030 740 3307 809 Domini].
3341 745 3466 795 Non
3501 758 3590 796 rc-

1944 819 2119 873 cessit
2141 820 2213 872 ab
2236 820 2509 876 omnibus
2536 823 2786 893 peccatis
2808 824 3113 881 Jeroboam
3138 827 3240 883 ﬁlii
3265 829 3472 897 Nabal,
3492 832 3590 901 qui

1946 924 2182 977 peccare
2214 908 2347 965 fecit
2406 910 2599 966 Israel.
2660 912 2746 985 [T.
2808 914 3118 987 CLXXIV.]
3179 920 3305 987 Ipse
3334 919 3593 975 restituit

1946 999 2229 1054 terminos
2254 998 2452 1069 Israel,
2478 1000 2549 1055 ab
2582 1001 2819 1057 introitu
2855 1004 3087 1073 Emath,
3120 1023 3305 1077 usque
3335 1009 3404 1062 ad
3432 1026 3591 1064 mare

1946 1086 2307 1157 solitudinis,
2363 1090 2533 1160 juxta
2591 1108 2919 1148 sermonem
2977 1097 3210 1151 Domini
3262 1098 3363 1153 Dei
3394 1099 3591 1167 Israel,

1948 1194 2123 1249 quem
2159 1179 2390 1233 locutus
2420 1184 2505 1235 est
2539 1198 2641 1253 per
2670 1199 2905 1238 servum
2953 1202 3126 1241 suum
3157 1186 3367 1242 Jonam
3404 1188 3589 1243 filium

1946 1268 2179 1322 Amathi
2229 1268 2608 1339 prophetam2
2658 1271 2740 1342 [b.
2795 1272 2850 1327 in
2907 1291 3082 1329 manu
3116 1276 3264 1330 servi
3314 1277 3403 1332 sui
3435 1278 3591 1333 Jonre

1950 1353 2054 1407 filii
2080 1354 2338 1411 Amithai
2362 1357 2704 1431 prophetae],
2730 1360 2826 1430 qui
2852 1364 3060 1416 eratde
3088 1362 3231 1419 Geth
3254 1364 3336 1433 [b.
3360 1366 3427 1420 de
3449 1366 3594 1421 Geth

1951 1442 2220 1514 Hepber],
2255 1461 2382 1516 qua:
2432 1447 2555 1517 [γης.
2610 1448 2735 1520 qui]
2789 1459 2874 1504 est
2919 1452 2977 1505 in
3011 1451 3222 1522 Opbcr.
3254 1453 3409 1509 Vidit
3436 1456 3593 1511 enim

1955 1533 2239 1621 Dominus
2293 1535 2672 1591 afﬂictionem
2732 1538 2903 1593 Israel
2963 1557 3223 1596 amaram
3286 1543 3483 1610 nimis,
3542 1548 3599 1600 et

1954 1622 2107 1694 quod
2144 1624 2475 1695 consumpti
2508 1630 2708 1680 essent
2761 1643 2946 1699 usque
2977 1630 3045 1683 ad
3084 1629 3313 1685 clausos
3344 1648 3596 1704 carcere,

1953 1716 2010 1766 et
2030 1715 2342 1782 extremos,
2372 1718 2427 1768 et
2449 1731 2561 1769 non
2587 1720 2739 1770 esset
2763 1717 2860 1787 qui
2885 1718 3267 1787 auxiliaretur
3292 1720 3484 1777 lsraeli
3510 1722 3594 1792 [b.

1955 1800 2023 1855 ad
2041 1800 2307 1855 clausum
2325 1806 2381 1856 et
2402 1802 2916 1876 derelictum].Nec
2940 1806 3168 1863 locutus
3188 1814 3275 1865 est
3295 1811 3597 1879 Dominus,

1958 1896 2022 1945 ut
2047 1890 2263 1946 deleret
2292 1908 2503 1947 nomen
2537 1893 2713 1949 Israel
2747 1896 2856 1951 sub
2889 1896 3030 1952 cmlo
3059 1915 3071 1952 :
3106 1900 3203 1954 sed
3228 1898 3473 1954 salvavit
3502 1918 3602 1957 eos

1956 1979 2014 2034 in
2041 1996 2217 2035 manu
2239 1981 2547 2037 Jeroboam
2574 1982 2674 2037 lilii
2704 1982 2862 2039 Joas.
2897 1985 3349 2057 Reliquaautcm
3376 2005 3597 2045 sermo-

1958 2084 2098 2123 num
2129 2068 2464 2140 Jeroboam,
2496 2074 2552 2126 et
2582 2071 2853 2128 universa
2886 2090 3012 2145 qua:
3045 2075 3198 2141 fecit,
3231 2081 3288 2132 et
3320 2077 3599 2134 fortitudo

1955 2157 2228 2229 ejus,qua
2252 2157 2551 2229 przsliatus
2576 2164 2750 2226 est,et
2770 2164 3057 2233 quomodo
3082 2165 3337 2221 restituit
3358 2166 3603 2223 Damas-

1956 2262 2090 2301 cum
2105 2251 2162 2301 et
2175 2246 2379 2301 Emath
2395 2247 2632 2303 Judaain
2654 2249 2853 2315 Israel,
2874 2268 3066 2307 nonne
3088 2253 3205 2307 hmo
3228 2248 3447 2326 scripta
3466 2260 3606 2311 sunt

1957 2336 2017 2390 in
2072 2335 2219 2391 libro
2269 2340 2620 2392 Sermonum
2681 2338 2904 2395 dierqu
2968 2357 3170 2413 regum
3234 2344 3465 2399 Israel?
3512 2346 3602 2416 [Τ.

1958 2424 2232 2496 CLXXV.]
2267 2425 2667 2499 Dormivitque
2687 2428 2993 2485 Jeroboam
3025 2448 3156 2486 cum
3180 2434 3447 2503 patribus
3479 2436 3604 2490 suis

1960 2514 2197 2585 regibus
2220 2515 3073 2588 lsrae1,ctregnavitZacbarias
3091 2520 3385 2593 filiusejus
3401 2540 3501 2595 pro
3516 2541 3602 2580 eo.

2033 2604 2117 2674 [T.
2152 2604 2430 2672 CLXXVI,
2479 2609 2611 2676 Cap.
2644 2606 2781 2679 XV.]
2832 2611 2997 2665 Anno
3041 2611 3319 2666 vicesimo
3352 2614 3605 2684 septimo

1958 2692 2267 2747 Jeroboam
2305 2694 2455 2764 regis
2479 2694 2679 2762 lsrael,
2703 2697 3218 2766 regnavitAzarias
3242 2700 3400 2755 illius
3430 2704 3605 2756 Ama-

1960 2781 2057 2838 εἰῶ
2082 2782 2233 2852 regis
2256 2784 2425 2839 Juda.
2452 2784 2715 2840 Sedecim
2743 2804 3032 2842 annorum
3053 2798 3169 2844 eral
3203 2807 3333 2844 cum
3364 2807 3607 2862 regnare

1961 2874 2255 2945 coepisset,
2288 2878 2345 2928 et
2395 2874 2822 2947 quinquaginta
2866 2877 3096 2933 duobus
3141 2881 3313 2933 annis
3348 2880 3610 2951 regnavit

1961 2961 2018 3015 in
2067 2961 2434 3018 Jerusalem:
2490 2980 2701 3019 nomen
2754 2966 2957 3020 matris
3007 2968 3136 3037 ejus
3185 2967 3440 3023 Jechelia
3481 2971 3607 3037 [ηις.

1957 3050 2196 3122 Jecelia]
2228 3052 2295 3106 de
2315 3052 2667 3107 Jerusalem.
2700 3054 2970 3127 Fecitque
2995 3057 3147 3126 quod
3172 3062 3294 3111 erat
3321 3056 3606 3129 placitum

1960 3155 2156 3195 coram
2188 3140 2437 3196 Domino
2467 3142 2551 3209 [b.
2584 3141 2643 3197 in
2675 3143 2861 3199 oculis
2906 3145 3184 3217 Domini],
3208 3146 3380 3216 juxta
3410 3149 3607 3203 omnia

1965 3246 2094 3300 qua:
2122 3230 2255 3285 fecit
2282 3230 2548 3286 Amasias
2570 3236 2734 3303 pater
2764 3233 2913 3303 ejus.
2950 3234 3364 3291 Verumtamen
3392 3237 3620 3293 excelsa

1968 3334 2084 3372 non
2118 3322 2207 3372 est
2237 3317 2553 3373 demolitus
2585 3318 2666 3389 [b.
2716 3336 2828 3374 non
2862 3326 3003 3375 sunt
3041 3321 3342 3394 demolita]
3378 3340 3390 3378 :
3426 3323 3619 3379 adhuc

1970 3404 2223 3478 populus
2255 3406 2650 3473 sacrificabat,
2696 3413 2753 3463 et
2781 3408 3048 3464 adolebat
3089 3410 3391 3466 incensum
3428 3412 3484 3466 in
3520 3428 3619 3467 ex-

1972 3496 2161 3552 celsis.
2214 3498 2511 3552 Percussit
2561 3497 2642 3569 [h.
2703 3498 3039 3570 ﬂagellavit]
3091 3505 3286 3555 autem
3332 3500 3619 3558 Dominus

1974 3601 2191 3657 regem,
2223 3592 2280 3641 et
2314 3587 2423 3640 fuit
2449 3586 2718 3657 leprosus
2759 3604 2943 3658 usque
2972 3588 3026 3641 in
3062 3588 3207 3644 diem
3242 3591 3445 3645 mortis
3478 3608 3619 3661 suae,

1973 3681 2029 3730 et
2066 3675 2361 3730 habitabat
2382 3677 2440 3731 in
2470 3677 2643 3731 domo
2664 3676 2849 3731 libera
2872 3694 3175 3733 seorsum:
3205 3679 3455 3734 Joatban
3484 3697 3619 3735 vero

1974 3763 2130 3819 filius
2162 3765 2313 3836 regis
2363 3766 2727 3836 gubernabat
2779 3766 3059 3837 palalium
3113 3768 3194 3838 [b.
3243 3770 3531 3839 domum],
3566 3774 3622 3824 et

1965 3854 2275 3925 judicabat
2300 3853 2575 3925 pOpulurn
2602 3854 3037 3926 terraeJteliqua
3058 3862 3251 3911 autem
3279 3875 3617 3913 sermonum

1974 3945 2212 4013 Azariaa,
2245 3948 2302 3998 et
2335 3944 2608 3998 universa
2658 3960 2787 4014 qua:
2837 3944 2990 4009 fecit,
3026 3963 3216 4000 nonne
3248 3946 3366 4001 haec
3399 3947 3620 4018 scripta

1975 4033 2206 4088 suntin
2267 4032 2416 4087 libro
2474 4032 2800 4088 Verborum
2862 4034 3088 4089 dierum
3151 4052 3348 4105 regum
3410 4036 3617 4091 Juda?

1974 4122 2063 4193 [T.
2098 4121 2441 4189 CLXXVIIJ
2490 4123 2558 4177 Et
2606 4123 2880 4178 dormivit
2920 4124 3156 4179 Azarias
3187 4142 3318 4178 cum
3354 4125 3617 4195 patribus

1973 4212 2138 4267 suis:
2171 4211 2642 4282 sepelieruntque
2701 4228 2834 4267 eum
2869 4229 3003 4267 cum
3052 4213 3372 4280 maioribus
3405 4214 3528 4269 suis
3562 4216 3618 4271 in

1973 4302 2203 4356 civitate
2237 4301 2435 4363 David,
2470 4306 2526 4355 et
2555 4302 2819 4373 regnavit
2856 4300 3122 4357 Joatham
3173 4301 3328 4357 ﬁlius
3359 4305 3485 4373 ejus
3520 4321 3622 4374 pro

1973 4408 2059 4447 eo.
2121 4392 2288 4446 Anno
2343 4390 2638 4446 tricesimo
2698 4395 2901 4446 octavo
2961 4391 3176 4446 Azariaa
3230 4392 3383 4463 regis
3443 4393 3619 4461 Juda,

1974 4480 2238 4553 regnavit
2263 4479 2573 4535 Zacharias
2605 4479 2763 4535 {ilius
2804 4480 3112 4535 Jeroboam
3146 4497 3323 4551 super
3354 4480 3527 4536 Israel
3561 4482 3618 4537 in

233 4566 485 4621 Azariam
518 4584 706 4623 annos
764 4572 969 4622 uatum
1015 4568 1292 4639 sedecim,
1344 4574 1401 4624 et
1430 4570 1868 4626 constituerunt
1898 4576 1943 4642 D
1976 4570 2242 4625 Samaria
2274 4586 2374 4624 sex
2420 4569 2747 4637 mensibus,
2795 4574 2851 4623 et
2894 4568 3028 4623 fecit
3085 4570 3242 4639 quod
3279 4571 3500 4624 malum
3532 4574 3622 4624 est

233 4666 353 4707 eum
376 4672 570 4727 regem
617 4672 720 4727 pro
762 4662 923 4727 patre
945 4657 1075 4727 ejus
1104 4658 1360 4714 Amasia.
1396 4658 1529 4730 Ipse
1558 4660 1866 4715 aediﬁcavit

236 4740 385 4797 Elath
418 4742 542 4817 [ηις.
576 4744 885 4816 Acbilam],
932 4751 988 4801 et
1034 4746 1289 4803 restituit
1333 4764 1463 4803 eam
1493 4748 1677 4819 Judaa,
1712 4754 1867 4821 post-

238 4846 401 4901 quam
423 4835 703 4890 dormivit
720 4851 818 4891 rex
833 4852 967 4891 cum
992 4837 1259 4909 patribus
1282 4837 1525 4909 suis.['l‘.
1545 4840 1862 4914 CLXXIII.]

305 5011 320 5043 ¹
350 5010 459 5086 Hic
480 5028 710 5082 quoque
759 5013 943 5069 multo
990 5020 1165 5086 auget
1202 5032 1516 5072 numerum
1548 5016 1865 5077 Veronens.

244 5094 344 5169 ms.
370 5084 463 5169 qui
484 5085 696 5169 (signina
740 5084 1191 5169 quinque‘an'nos
1230 5104 1369 5169 pro__
1396 5088 1709 5169 quindecim
1748 5093 1866 5169 Joaa

246 5152 455 5231 tribuit.
483 5152 1083 5231 Re'fraganturautem
1110 5152 1253 5214 libri
1275 5159 1372 5213 alii
1402 5152 1609 5217 omnes
1647 5163 1867 5220 Similis

246 5224 978 5307 infraooccurrit'annorum
1010 5231 1403 5303 exaggeratio,
1437 5235 1607 5302 cujus
1638 5234 1715 5290 ibi
1737 5252 1867 5290 cau-

247 5298 827 5370 saminvestigamus.

313 5365 334 5447 ξ
360 5366 471 5447 νρι
502 5365 686 5447 κπιξπι
716 5372 987 5447 hagnabi,
1015 5372 1072 5447 in
1103 5373 1344 5447 Hebraeo
1376 5374 1655 5447 ambigua
1674 5380 1785 5441 est,
1814 5380 1872 5433 et

252 5436 437 5517 referri
468 5446 654 5511 potest
682 5436 1074 5517 ad_._loam,'vel
1102 5445 1173 5517 ad
1192 5446 1437 5517 Amathi
1472 5436 1694 5517 patrem
1720 5436 1869 5517 ejus.

259 5503 907 5600 ggpes:mss.ncodic‘es
954 5503 1144 5600 Latini
1187 5516 1408 5600 legunt,
1436 5503 1617 5600 ﬁliuni
1648 5503 1875 5600 manu

260 5581 577 5661 ξζᾳρήιιᾳηι.
616 5584 985 5661 _Er_nenda_tor
1036 5581 1286 5661 Canonis
1346 5581 1543 5661 posuit
1596 5590 1655 5644 in
1684 5595 1869 5661 textu,

261 5646 427 5716 βιίὶιηι
447 5653 707 5714 Amathai
726 5656 1019 5731 propheta,
1063 5659 1220 5731 quod
1249 5676 1281 5717 e
1308 5646 1538 5719 Scholia
1566 5646 1873 5736 sumptum

1976 4675 2171 4714 coram
2195 4658 2441 4713 Domino
2470 4657 2550 4728 [b.
2576 4657 2635 4711 in
2667 4657 2851 4713 oculis
2871 4657 3151 4728 Domini],
3184 4658 3336 4712 sicut
3370 4658 3626 4713 fecerant

1976 4754 2172 4820 patres
2202 4749 2331 4818 ejus
2365 4763 2378 4802 :
2411 4764 2523 4801 non
2558 4747 2799 4802 recessit
2830 4764 2861 4800 a
2895 4748 3147 4817 peccatis
3174 4748 3486 4803 Jeroboam
3520 4747 3624 4802 lilii

1974 4837 2182 4907 Nabat,
2217 4836 2315 4907 qui
2352 4852 2591 4907 peccare
2624 4836 2759 4890 fecit
2804 4835 3002 4891 Israel.
3038 4836 3373 4907 Conjuravit
3404 4836 3485 4908 [b.
3518 4836 3626 4891 Re-

1979 5013 2353 5071 manifestam
2388 5013 2583 5085 arguit
2612 5013 2671 5068 in
2702 5012 2969 5086 versione
3011 5013 3343 5086 Hieronymi
3378 5031 3624 5086 corrup-

1980 5087 2176 5143 telam.
2210 5086 2475 5140 Tradunt
2506 5090 2701 5139 autem
2750 5085 2974 5140 Hebraei
3017 5085 3242 5141 Jonam’
3276 5102 3403 5140 esse
3436 5085 3622 5139 ﬁlium

1977 5160 2166 5213 viduae
2190 5157 2585 5228 Sarephtanaa,
2620 5172 2791 5226 quem
2827 5158 2982 5211 Elias
3016 5158 3294 5227 propheta
3326 5163 3622 5228 mortuum

1979 5229 2302 5286 suscitavit.
2333 5227 2398 5283 Id
2431 5227 2479 5283 si
2539 5244 2737 5283 verum
2795 5234 2905 5292 est,
2952 5228 3132 5283 Jonas
3182 5245 3293 5281 non
3328 5228 3435 5281 fuit
3469 5227 3623 5282 ﬁlius

1979 5302 2297 5374 prophetas,
2313 5301 2425 5374 nisi
2449 5302 2595 5354 torte
2614 5316 2746 5374 cum
2770 5301 2837 5354 ad
2860 5299 3181 5355 orationem
3204 5299 3623 5374 [illigemortuus

1980 5369 2462 5429 revi'xit.Consule
2484 5370 2830 5442 prooemium
2862 5375 3189 5427 Comment.
3222 5369 3624 5442 S.Hieronymi

1981 5447 2040 5499 in
2074 5446 2301 5511 Jonam,
2335 5444 2435 5499 ubi
2468 5441 2657 5499 totum
2707 5442 2864 5497 hunc
2908 5442 3097 5497 locum
3136 5441 3377 5511 replicat
3408 5457 3623 5495 secun-

1982 5518 2122 5572 dum
2156 5522 2403 5571 veterem
2438 5515 2699 5569 Latinam
2735 5512 3453 5583 interpretationem,quae
3480 5512 3627 5567 mul-

1980 5594 2107 5644 tum
2140 5588 2319 5642 distat
2349 5587 2407 5642 in
2457 5586 2652 5643 verbis
2706 5586 2777 5639 ab
2808 5582 2903 5653 ea,
2939 5600 3115 5653 quam
3148 5582 3412 5639 Nobilius
3442 5584 3627 5641 edidit

1981 5676 2118 5720 cum
2145 5663 2309 5717 textu
2340 5659 2532 5715 Graeco
2566 5656 2714 5715 LXX
2745 5656 3159 5727 Interpretum.
3202 5655 3390 5711 Mam.
