3938 6174
292 327 399 382 803

1345 324 1404 376 Β.
1445 320 1854 377 HIERONYMI
1892 317 2148 372 DIVINA
2184 319 2677 378 BIBLIOTHECA.

3599 319 3706 374 804

294 451 551 522 bellavit)
604 451 797 505 autem
842 449 1042 502 contra
1087 461 1221 500 eum
1269 445 1485 501 Sellum
1554 443 1713 500 illius
1758 442 1936 498 Jabes
1968 444 2020 508 Α
2121 443 2186 497 Τ.
2221 443 2579 517 CLXXXII.)
2610 445 2951 515 Conjuravit
2981 444 3061 517 (h.
3105 443 3442 513 Rebellavit)
3505 448 3703 500 autem

292 543 378 613 ('1‘.
411 537 784 607 CLXXVIII.)
832 534 1240 606 Percussitque
1297 550 1431 589 eum
1501 533 1693 604 palam
1739 532 1815 592 (h.
1880 532 1938 586 in

294 630 560 686 Cablaam
598 629 659 699 ί),
691 631 747 682 et
777 625 1087 693 interfecit,
1120 624 1498 696 regnavitque
1531 639 1633 694 pro
1683 639 1769 677 eo.
1831 622 1939 676 Re-

291 721 451 792 liqua
471 723 665 773 autem
689 718 997 770 verborum
1021 713 1328 780 Zachariae,
1357 728 1550 766 nonne
1576 711 1696 766 haec
1721 711 1941 782 scripta

294 814 433 865 sunt
459 809 516 862 in
541 807 689 862 libro
711 806 1059 860 Sermonum
1083 803 1306 858 dierum
1337 817 1540 873 regum
1566 799 1790 856 Israel?
1813 799 1942 872 Ipse

292 903 378 955 est
404 913 598 954 sermo
639 894 893 964 Domini,
927 909 1096 965 quem
1128 892 1361 948 locutus
1393 895 1483 946 est
1549 891 1618 945 ad
1680 893 1807 956 Jeu,
1858 890 1941 944 di-

290 1004 465 1044 cens:
501 984 628 1040 Filii
660 983 747 1040 tui
779 985 798 1018 ²
833 999 1016 1054 usque
1065 982 1134 1037 ad
1192 986 1455 1052 quartam
1504 979 1938 1052 generationem

219 1140 224 1145 λ
286 1078 575 1133 sedebant
606 1091 784 1146 super
811 1073 1088 1128 thronum
1125 1070 1324 1127 Israel.
1350 1075 1705 1141 Factumque
1727 1074 1815 1126 est
1836 1070 1938 1125 ita.

287 1166 505 1222 Sellum
544 1164 700 1219 ﬁlius
729 1163 901 1219 Jabes
951 1161 1215 1234 regnavit
1261 1159 1558 1216 tricesimo
1611 1177 1724 1216 non
1786 1175 1940 1214 anno

293 1255 507 1311 Azarize
539 1254 690 1325 regis
720 1253 867 1307 Juda
902 1268 914 1305 :
951 1250 1211 1322 regnavit
1250 1254 1448 1305 autem
1481 1266 1597 1304 uno
1631 1264 1830 1304 mense
1879 1248 1938 1302 in

294 1344 580 1402 Samaria.
615 1344 698 1414 (T.
723 1340 1036 1410 CLXXIX.)
1060 1340 1128 1394 Et
1148 1338 1425 1396 Ascendit
1447 1339 1750 1394 Manahem
1785 1336 1942 1392 ﬁlius

294 1434 479 1491 Gaddi
511 1435 577 1488 de
607 1433 828 1487 Thersa
859 1429 1131 1501 venitque
1157 1428 1507 1492 Samariam,
1539 1432 1597 1482 et
1655 1425 1945 1498 percussit

294 1523 512 1580 Sellum
548 1523 733 1576 ﬁlium
761 1521 937 1576 Jabes
973 1519 1032 1573 in
1066 1518 1352 1587 Samaria,
1381 1521 1437 1573 et
1466 1515 1758 1571 interfecit
1783 1532 1940 1581 eum,

296 1611 672 1684 regnavitque
707 1626 807 1681 pro
839 1625 926 1664 eo.
965 1607 1211 1678 Reliqua
1242 1610 1438 1662 autem
1470 1605 1779 1661 verborum
1819 1604 1940 1660 Sel.

293 1701 440 1770 lum,
465 1705 521 1756 et
553 1698 878 1769 conjuratio
911 1696 991 1759 (h.
1031 1695 1292 1766 rebellio)
1324 1695 1452 1764 ejus
1487 1710 1589 1766 per
1617 1710 1791 1764 quam
1853 1698 1937 1749 te-

2050 533 2327 587 adversus
2355 550 2488 589 eum
2522 535 2744 590 Phacee
2775 535 2862 606 (h.
2929 533 3142 605 Pheca)
3193 533 3348 590 ﬁlius
3404 535 3704 600 Romelia,

2049 621 2167 675 dux
2196 623 2344 692 ejus,
2379 628 2438 678 et
2469 625 2760 695 percussit
2816 639 2952 680 eum
3004 623 3062 678 in
3110 623 3374 679 Samaria
3420 623 3479 678 in
3543 628 3708 678 turre

2049 709 2262 766 domus
2297 713 2487 784 regiae,
2511 714 2679 782 juxta
2709 713 2928 785 Argob,
2961 717 3018 769 et
3055 713 3230 784 juxta
3278 713 3401 776 Ari.
3458 717 3518 769 et
3568 729 3706 769 cum

2050 816 2115 854 eo
2147 799 2578 871 quinquaginta
2604 803 2757 858 viros
2788 804 2874 874 (h.
2914 803 3040 872 viri)
3073 804 3144 858 de
3183 802 3321 859 ﬁliis
3373 801 3710 858 Galaadita-

2052 905 2202 958 rum,
2237 894 2293 945 et
2333 890 2621 946 interfecit
2651 907 2806 962 eum,
2831 891 3210 964 regnavitque
3233 907 3335 964 pro
3356 907 3442 946 eo.
3463 890 3714 963 Reliqua

2051 983 2249 1033 autem
2284 995 2624 1036 sermonum
2659 981 2927 1048 Phaceia,
2961 986 3017 1036 et
3047 983 3320 1038 universa
3359 997 3489 1053 quae
3549 981 3712 1050 fecit,

2053 1083 2244 1122 nonne
2274 1067 2396 1123 haec
2427 1069 2648 1141 scripta
2679 1075 2820 1126 sunt
2852 1070 2908 1126 in
2933 1069 3081 1126 libro
3107 1071 3456 1125 Sermonum
3476 1069 3712 1125 dierum

2051 1172 2295 1227 regnum
2316 1157 2693 1215 Israel?Anno
2713 1159 3207 1232 quinquagesimo
3227 1158 3712 1216 secundoAzariaa

2053 1245 2206 1316 regis
2235 1247 2405 1314 Iuda,
2441 1249 2708 1319 regnavit
2757 1248 2980 1304 Pbacee
3012 1247 3169 1304 ﬁlius
3202 1248 3480 1304 Romeliae
3531 1264 3717 1319 super

2052 1335 2230 1390 Israel
2263 1335 2320 1390 in
2354 1337 2620 1393 Samaria
2651 1338 2856 1410 viginti
2888 1338 3080 1395 annis.
3103 1343 3175 1394 Et
3207 1336 3343 1394 fecit
3371 1339 3528 1410 quod
3583 1356 3713 1394 ma-

2051 1423 2172 1478 lum
2207 1429 2332 1480 erat
2372 1443 2568 1482 coram
2619 1427 2864 1484 Domino
2895 1428 2978 1502 (h.
3040 1429 3098 1483 in
3157 1427 3342 1484 oculis
3401 1428 3658 1499 Domini)
3698 1447 3713 1485 :

2055 1529 2169 1568 non
2205 1514 2443 1570 recessit
2475 1532 2507 1571 a
2537 1516 2796 1588 peccatis
2823 1516 3132 1573 Jeroboam
3165 1515 3268 1572 ﬁlii
3328 1515 3536 1585 Nabat,
3608 1518 3713 1590 qui

2051 1617 2291 1672 peccare
2331 1604 2466 1660 fecit
2495 1606 2694 1662 Israel.
2726 1608 2788 1661 In
2823 1605 3033 1662 diebus
3062 1605 3283 1662 Phacee
3334 1605 3487 1678 regis
3529 1606 3714 1662 Israel

2051 1691 2208 1747 venit
2237 1693 2848 1765 Theglath-Phalasar
2877 1712 2976 1751 rex
2997 1701 3204 1764 Assur,
3229 1699 3286 1751 et
3305 1697 3459 1768 cepit
3478 1695 3717 1764 Aion,et

293 1791 483 1846 tendit
508 1790 590 1861 (h.
616 1806 733 1860 qua
756 1786 1073 1844 rebellavit)
1100 1783 1940 1855 insidias,nonnehaacscripta
1977 1816 2020 1880 Β
2055 1780 2773 1855 Abel-Domum-Maacha,
2806 1789 2863 1840 et
2890 1785 3096 1852 Janoe,
3129 1787 3185 1841 et
3214 1786 3412 1850 Cedes,
3445 1789 3504 1840 et
3538 1787 3714 1853 Aser,

295 1884 435 1936 sunt
465 1881 523 1935 in
563 1878 709 1934 libro
742 1878 1090 1933 Sermonem
1125 1876 1146 1909 ³
1175 1874 1402 1929 dierum
1436 1889 1680 1944 regnum
1721 1872 1944 1928 Israel?

293 1971 456 2026 Tunc
484 1968 777 2041 percussit
807 1965 1114 2022 Manahem
1150 1964 1444 2035 Thapsam
1478 1963 1559 2032 (h.
1594 1961 1856 2033 Thipsa),
1889 1965 1947 2018 et

297 2075 500 2116 omnes
535 2058 630 2130 qui
657 2060 820 2112 erant
850 2055 907 2110 in
941 2071 1030 2121 ea,
1063 2057 1120 2110 et
1149 2053 1433 2109 terminos
1455 2053 1583 2122 ejus
1615 2052 1684 2106 de
1705 2051 1942 2106 'I‘bersa.

294 2149 613 2205 Noluerant
642 2147 796 2201 enim
839 2143 1062 2216 aperire
1101 2144 1151 2198 ei
1183 2153 1240 2196 4»:
1294 2145 1349 2196 et
1396 2139 1684 2196 interfecit
1741 2156 1944 2195 omnes

294 2241 664 2312 praegnantes
697 2237 847 2305 ejus,
881 2238 937 2288 et
961 2233 1135 2288 scidit
1167 2247 1265 2287 eas
1298 2231 1379 2302 (h.
1412 2235 1465 2286 et
1498 2230 1788 2286 interfecit
1819 2247 1944 2284 om-

293 2344 416 2395 nes,
461 2332 518 2382 et
558 2328 922 2396 praegnantes
981 2325 1106 2393 ejus
1161 2321 1375 2388 scidit).
1434 2323 1600 2374 Anno
1646 2320 1941 2375 tricesimo

292 2433 446 2473 nono
477 2415 691 2471 Azarise
731 2414 885 2486 regis
915 2413 1087 2478 Juda,
1134 2410 1396 2482 regnavit
1426 2409 1731 2465 Manabem
1787 2409 1944 2465 ﬁlius

295 2506 479 2562 Gaddi
512 2521 689 2575 super
710 2500 886 2559 Israel
917 2503 1118 2557 decem
1147 2500 1316 2555 annis
1347 2499 1627 2556 Samaria.
1672 2499 1944 2567 Fecitque

293 2597 447 2668 quod
482 2600 605 2650 erat
629 2593 846 2648 malum
880 2607 1075 2647 coram
1107 2590 1354 2645 Domino
1387 2589 1468 2660 (h.
1503 2589 1561 2643 in
1595 2587 1780 2643 oculis
1829 2587 1941 2643 Do-

293 2685 460 2756 mini)
487 2705 500 2752 ;
535 2700 649 2738 non
684 2681 919 2737 recessit
944 2699 975 2736 a
999 2679 1251 2752 peccatis
1272 2679 1578 2734 Jeroboam
1605 2677 1707 2732 ﬁlii
1729 2677 1937 2745 Nabat,

291 2773 391 2846 qui
426 2789 665 2846 peccare
695 2771 832 2826 fecit
859 2768 1032 2825 Israel
1065 2768 1294 2824 cunctis
1324 2767 1531 2822 diebus
1563 2767 1709 2837 ejus.
1739 2766 1940 2821 Venic-

289 2865 390 2919 bat
440 2863 522 2932 (h.
595 2861 790 2930 Venit)
849 2857 999 2914 Phul
1049 2875 1148 2913 rex
1186 2857 1559 2928 Assyriorum
1610 2857 1667 2910 in
1717 2855 1940 2911 Thersa

286 2953 470 3024 (Vulg.
499 2953 754 3017 terram),
789 2958 840 3004 et
871 2949 1045 3003 dabat
1080 2945 1386 3002 Manahem
1447 2944 1595 2998 Pbul
1644 2943 1804 2998 mille
1854 2949 1938 2999 ta-

288 3042 445 3098 lenta
477 3040 725 3112 argenti,
759 3043 824 3094 ut
855 3042 1008 3093 esset
1037 3037 1088 3092 ei
1112 3039 1234 3108 (ms.
1269 3041 1406 3091 tacet
1438 3034 1512 3105 ei)
1537 3035 1593 3089 in
1627 3033 1934 3096 auxilium,

286 3136 342 3187 et
372 3133 630 3185 ﬁrmaret
661 3144 907 3199 regnum
931 3126 1161 3198 ejus(h.
1196 3129 1252 3180 et
1285 3123 1546 3179 ﬁrmaret
1588 3139 1830 3193 regnum
1876 3123 1934 3176 in

2055 1873 2112 1924 et
2144 1869 2385 1938 Galaad,
2408 1876 2463 1926 et
2481 1872 3146 1942 Galilaeam,universam
3167 1878 3380 1930 terram
3395 1873 3716 1946 Nephtbali

2056 1960 2182 2031 (ms.
2237 1960 2662 2032 Nephthalim},
2695 1967 2751 2018 et
2793 1962 3104 2020 transtulit
3149 1979 3249 2020 eos
3307 1964 3365 2018 in
3416 1965 3709 2036 Assyrios.

2054 2049 2142 2118 (T.
2177 2048 2551 2122 CLXXXIII.)
2585 2052 2924 2123 Conjuravit
2952 2058 3170 2120 autem,
3201 2059 3257 2109 et
3283 2053 3528 2109 tetendit
3559 2053 3713 2109 insi-

2054 2138 2182 2194 dias
2212 2141 2356 2194 Osee
2386 2139 2544 2195 ﬁlius
2575 2141 2676 2197 Ela
2697 2141 2778 2213 (h.
2811 2142 3130 2198 Rcbellavit
3159 2147 3353 2198 autem
3377 2142 3522 2198 Osee
3553 2142 3718 2198 ﬁlius

2055 2227 2177 2296 Ela)
2205 2233 2409 2283 contra
2457 2229 2676 2286 Phacee
2728 2231 2914 2288 ﬁlium
2961 2232 3253 2298 Romeliae,
3313 2237 3371 2288 et
3420 2233 3719 2303 percussit

2054 2332 2210 2383 cum,
2259 2322 2315 2372 et
2367 2316 2698 2376 interfecit:
2750 2321 3132 2393 regnavitque
3184 2338 3285 2392 pro
3315 2337 3381 2378 eo
3427 2322 3714 2378 vicesimo

2054 2421 2207 2461 anno
2235 2406 2508 2463 Joatham
2545 2408 2873 2466 ﬁliiOziae‘.
2893 2409 3346 2482 Reliquaautem
3363 2427 3712 2468 sermonum

2053 2494 2294 2562 Phacee,
2327 2501 2381 2551 et
2410 2497 2684 2554 universa
2715 2516 2842 2570 quae
2889 2499 3048 2566 fecit,
3083 2517 3277 2556 nonne
3309 2501 3430 2555 haec
3489 2501 3719 2572 scripta

2053 2589 2194 2639 sunt
2222 2584 2305 2653 (ll.
2339 2601 2471 2642 ecce
2502 2589 2721 2660 scripta
2751 2589 2909 2649 sunt)
2942 2589 2999 2643 in
3033 2589 3182 2646 libro
3213 2591 3562 2646 Sernionum
3586 2591 3715 2646 die-

2052 2690 2180 2727 rum
2217 2689 2419 2744 regum
2455 2676 2681 2732 Israel?
2708 2678 2796 2748 (T.
2831 2677 3202 2750 CLXXXIV.)
3238 2687 3403 2734 Anno
3447 2680 3716 2736 secundo

2053 2763 2294 2831 Phacee,
2313 2763 2412 2818 ﬁlii
2432 2766 2712 2822 Romeliaa
2740 2767 2892 2839 regis
2913 2767 3114 2836 Israel,
3136 2768 3401 2840 regnavit
3429 2768 3713 2824 Joatham

2052 2856 2211 2910 ﬁlius
2245 2853 2392 2911 Oziaa
2426 2857 2579 2927 regis
2608 2857 2780 2911 Juda.
2833 2856 3052 2928 Viginti
3105 2857 3366 2929 quinque
3415 2875 3712 2913 annorum

2052 2947 2129 3016 (h.
2166 2948 2322 3004 ﬁlius
2351 2964 2459 3002 xxv
2491 2951 2807 3014 annorum)
2837 2950 2960 3002 erat
2990 2963 3122 3002 cum
3140 2963 3383 3019 regnare
3413 2947 3712 3019 coepisset,

2049 3042 2106 3091 et
2134 3039 2391 3094 sedecim
2431 3036 2602 3092 annis
2634 3036 2900 3107 regnavit
2953 3035 3010 3091 in
3060 3035 3428 3092 Jerusalem:
3492 3055 3708 3093 nomen

2052 3128 2254 3183 matris
2281 3129 2406 3198 ejus
2436 3129 2667 3195 Jerusa,
2691 3125 2810 3180 ﬁlia
2842 3126 3044 3182 Sadoc.
3090 3126 3364 3197 Fecitque
3394 3128 3550 3198 quod
3586 3132 3715 3182 erat

285 3237 462 3275 manu
496 3218 668 3289 ejus).
719 3185 1050 3287 Indixitque
1077 3185 1270 3286 (Vulg.
1319 3213 1444 3268 add.
1495 3213 1570 3285 ei)
1628 3185 1935 3268 hianahem
1969 3185 2009 3251 (ἶ
2049 3185 2327 3286 placitum
2360 3232 2552 3271 coram
2579 3185 2824 3270 Domino
2855 3215 2937 3286 (h.
2961 3215 3020 3270 in
3045 3185 3489 3276 oculisDomini)
3515 3217 3715 3287 :juxta

283 3312 600 3380 argentum
625 3322 804 3378 super
826 3304 1006 3360 Israel
1041 3303 1270 3360 cunctis
1300 3301 1635 3374 potentibus
1665 3305 1722 3357 et
1753 3301 1940 3356 diviti-

284 3399 413 3464 bus,
435 3402 499 3453 ut
529 3398 693 3452 daret
724 3395 844 3466 regi
878 3393 1251 3465 Assyriorum
1285 3390 1714 3463 quinquaginta
1762 3391 1938 3446 sielos

283 3487 504 3559 argenti
540 3502 643 3558 per
672 3483 940 3554 singulos
968 3500 980 3535 :
1014 3496 1400 3552 reversusque
1431 3485 1518 3534 est
1542 3497 1639 3534 rex
1668 3479 1934 3550 Assyrio-

277 3594 430 3644 rum,
463 3581 516 3632 et
552 3592 665 3631 non
707 3578 797 3629 est
821 3576 1084 3628 moratus
1119 3570 1175 3624 in
1203 3575 1356 3624 terra
1386 3570 1426 3623 ⁵.
1462 3567 1710 3640 Reliqua
1739 3572 1935 3623 autem

277 3683 617 3724 sermonum
666 3662 996 3730 Manahem,
1028 3665 1084 3716 et
1115 3659 1387 3716 universa
1412 3675 1538 3730 qua:
1564 3658 1715 3722 fecit,
1744 3674 1938 3713 nonne

281 3758 402 3813 haec
435 3755 654 3826 ccripta
677 3757 815 3808 sunt
836 3751 894 3806 in
921 3750 1068 3806 libro
1097 3755 1444 3804 Sermonum
1467 3747 1694 3802 dierum
1729 3762 1934 3818 regum

281 3844 506 3903 Israel?
539 3844 624 3915 (Τ.
660 3841 972 3911 CLXXXI.)
1003 3840 1072 3894 Et
1113 3837 1385 3894 dormivit
1437 3835 1741 3892 Manaahem
1800 3853 1932 3892 cum

278 3936 543 4008 patribus
565 3933 692 3988 suis
718 3930 1126 4002 :regnavitque
1144 3928 1382 3984 Phaceia
1401 3927 1486 3996 (h.
1505 3925 1934 3996 Phaicia)ﬁlius

280 4028 409 4097 ejus
441 4041 541 4094 pro
573 4039 659 4078 eo.
683 4014 1930 4090 AnnoquinquagesimoAzarimregisJuda,

280 4115 542 4186 regnavit
575 4112 819 4168 Phaceia
845 4111 1003 4165 ﬁlius
1053 4108 1358 4165 Manahem
1419 4123 1594 4178 super
1637 4104 1812 4161 Israel
1873 4106 1931 4160 in

279 4204 544 4262 Samaria
577 4201 904 4268 biennio,et
939 4198 1247 4269 fecitquod
1278 4199 1400 4252 erat
1451 4195 1673 4250 malum
1733 4211 1929 4250 coram

283 4294 532 4349 Domino
563 4292 644 4363 (h.
680 4291 738 4345 in
764 4287 951 4346 oculis
981 4286 1273 4357 Domini):
1309 4302 1422 4340 non
1444 4283 1685 4339 recessit
1715 4301 1746 4338 a
1797 4300 1929 4355 pec-

279 4385 424 4439 catis
454 4382 765 4438 Jeroboam
801 4377 904 4434 ﬁlii
936 4377 1140 4442 Nabat,
1172 4375 1266 4446 qui
1303 4389 1541 4446 peccare
1569 4373 1703 4428 fecit
1729 4371 1925 4429 Israel.

350 4574 422 4585 —
455 4543 708 4610 Longius
748 4559 781 4597 a
810 4539 1048 4595 veritate
1081 4536 1280 4594 aberat
1316 4533 1688 4610 scholiastes,
1711 4607 1719 4610 _
1740 4539 1797 4589 et
1825 4534 1925 4606 qui

281 4617 410 4686 ejus
470 4607 716 4686 vestigia
763 4611 1051 4686 sequitur,
1111 4607 1388 4686 Canonis,
1422 4612 1503 4686 _ut
1554 4607 1929 4686 Martianqu

279 4679 466 4753 vocat,
501 4679 863 4742 eme'ndator:
895 4683 1046 4753 Ilinc
1067 4699 1179 4736 non
1203 4679 1567 4753 Ama_t_hi,sed
1593 4679 1928 4753 Jo_n_as_pr_o_-

283 4750 466 4826 pheta
491 4756 908 4813 celeberrimus
931 4751 1458 4826 designatur,tilius
1481 4751 1756 4826 Amathie
1775 4750 1929 4826 Gali-

278 4821 405 4897 laea,
435 4830 505 4884 de
535 4830 690 4884 tribu
724 4826 1003 4890 Zabulon,
1039 4821 1182 4880 urbe
1215 4823 1358 4897 Geth
1383 4822 1611 4897 AOpher.
1660 4822 1715 4875 Si
1769 4821 1928 4897 nulla

279 4905 354 4959 de
381 4893 718 4959 Jeroboami
774 4897 1032 4954 victoriis
1064 4896 1337 4952 vaticinia
1379 4895 1434 4949 in
1469 4898 1596 4964 ejus
1629 4893 1933 4965 prophetia

281 4980 661 5041 memoratur,
696 4989 801 5044 par
839 4986 1071 5043 quoque
1118 4974 1207 5044 est
1254 4968 1507 5035 credere,
1569 4983 1685 5021 non
1733 4966 1929 5020 omnia

277 5064 410 5119 quae
443 5041 712 5119 scripsit,
737 5044 806 5099 ad
833 5041 941 5119 nos
961 5041 1284 5119 devenisse.

350 5122 364 5156 1
395 5107 815 5174 Ηθὺιείέυεήοο
849 5114 1026 5170 habet
1057 5115 1112 5168 in
1149 5113 1408 5168 Cablaam
1457 5126 1589 5166 cum
1653 5107 1926 5179 praeposi-

271 5207 468 5276 tione;
501 5210 596 5262 serl
629 5206 738 5262 hoc
764 5205 960 5270 modo,
979 5214 1065 5268 ων
1093 5187 1388 5289 Supina“,
1411 5197 1747 5255 vaiiukkehu
1767 5196 1927 5251 εαὸαί

272 5313 386 5361 am,
436 5295 492 5350 id
544 5301 653 5361 est,
703 5295 766 5349 Et
813 5293 1080 5365 percussit
1107 5285 1256 5365 fam
1305 5305 1489 5343 coram
1543 5286 1762 5358 papula,
1805 5285 1926 5340 sive

273 5370 482 5433 valam,
532 5373 597 5422 ut
628 5361 848 5437 optime
886 5364 1059 5419 vertit
1084 5361 1514 5437 Hieronymus,
1546 5365 1624 5437 et
1671 5373 1817 5437 cum
1857 5373 1923 5437 e'o

269 5425 600 5506 Chaldaeus,
633 5425 836 5508 Syrus.
865 5441 921 5490 et
965 5435 1171 5490 Arabs.
1213 5425 1620 5503 Septuaginta,
1655 5426 1769 5508 _xa_zi_
1801 5425 1924 5480 ἐπά-

272 5511 429 5580 ταξαν
466 5501 627 5564 αὐτὸν
658 5501 928 5578 Κεολαὰμ
955 5507 1016 5580 el~
1035 5501 1426 5580 percusserant
1444 5501 1596 5580 ’_eu_m
1645 5501 1918 5580 (λειριααηιἒ

2047 3307 2246 3362 omnia
2275 3323 2402 3377 quze
2436 3305 2651 3360 fecerat
2677 3304 2844 3360 Ozias
2880 3309 3042 3376 pater
3073 3321 3241 3375 suus,
3268 3311 3546 3378 operatus
3597 3312 3709 3362 est.

2046 3395 2461 3450 Verumtamen
2521 3393 2750 3450 excelsa
2806 3411 2921 3449 non
2973 3394 3220 3450 abstulit
3273 3395 3353 3466 (h.
3389 3413 3504 3451 non
3566 3400 3711 3452 sunt

2045 3482 2525 3554 ablata):adhuc
2587 3479 2842 3552 pepulus
2891 3483 3255 3550 immolabat,
3319 3488 3374 3538 et
3430 3483 3709 3540 adolebat

2042 3573 2349 3628 incensum
2383 3571 2442 3626 in
2475 3569 2719 3626 excelsis
2747 3587 2759 3636 ;
2794 3571 2919 3642 ipse
2949 3571 3258 3627 aediﬁcavit.
3304 3578 3533 3643 portam
3597 3575 3707 3631 do-

2044 3678 2176 3716 mus
2205 3659 2433 3716 Domini
2457 3657 3226 3732 sublimissimam.Beliqua
3254 3667 3452 3716 autem
3481 3679 3705 3720 sermo-

2044 3750 2216 3822 num}
2243 3750 2536 3818 Joatham,
2599 3753 2655 3804 et
2712 3747 3079 3821 universa{h.
3137 3767 3250 3805 non
3296 3751 3518 3822 habet),
3568 3769 3700 3824 quae

2044 3841 2200 3908 fecit,
2233 3855 2422 3895 nonne
2456 3837 2578 3894 haec
2609 3837 2830 3908 scripta
2882 3844 3022 3893 sunt
3069 3836 3129 3894 in
3171 3837 3319 3896 libro
3368 3840 3694 3898 Verborum

2041 3929 2268 3984 dierum
2303 3945 2506 4000 regum
2539 3926 2736 3983 Juda?
2775 3929 2835 3981 In
2871 3928 3079 3983 diebus
3110 3927 3227 3983 illis
3259 3929 3435 4001 coepit
3491 3931 3697 3986 Domi-

2041 4037 2152 4075 nus
2184 4019 2415 4074 mittere
2456 4017 2516 4072 in
2547 4017 2763 4074 Judam
2797 4017 2975 4073 Rasin
3007 4033 3201 4087 regem
3235 4019 3524 4091 Syrie,et
3544 4022 3696 4077 Pha-

2040 4127 2141 4165 coe
2174 4108 2363 4163 ﬁlium
2414 4107 2711 4163 Romelio'e.
2774 4105 2859 4178 (T.
2920 4106 3248 4177 CLXXXV.)
3305 4109 3374 4163 Et
3421 4109 3698 4166 dormivit

2036 4197 2302 4254 Joatham
2335 4213 2467 4252 cum
2494 4195 2757 4268 patribus
2788 4196 2937 4262 suis,
2997 4196 3384 4268 sepultusque
3414 4203 3506 4254 est
3563 4216 3695 4256 cum

2038 4286 2203 4343 eisin
2236 4285 2466 4342 civitate
2495 4285 2672 4341 David
2707 4283 2891 4357 patris
2943 4285 3056 4354 sui,
3111 4292 3167 4342 et
3219 4289 3485 4360 regnavit
3541 4290 3696 4346 Ahaz

2037 4377 2195 4433 ﬁlius
2226 4377 2356 4447 ejus
2389 4392 2490 4448 pro
2521 4392 2610 4431 eo.

2034 4537 2094 4593 in
2126 4537 2251 4592 loco
2283 4552 2456 4606 quem
2491 4534 2757 4590 Cablaam
2777 4533 3189 4607 appellabant:
3228 4538 3529 4594 Cabalaam
3584 4557 3686 4596 auo

2038 4618 2154 4666 tem
2189 4609 2343 4680 apud
2370 4607 2642 4662 Hebraeos
2673 4607 2826 4662 idem
2861 4613 2949 4663 est
2975 4609 3153 4680 quod,
3179 4614 3450 4681 spectante
3465 4613 3685 4684 populo,

2038 4699 2219 4733 coram
2274 4681 2492 4733 novato.
2521 4687 2626 4733 etc.
2662 4678 2847 4733 MART.

2035 4699 2219 4738 coram
2266 4696 2492 4763 popuw,
2521 4696 2626 4733 elC.
2662 4696 2847 4733 MART.

2107 4754 2128 4787 ²
2151 4749 3140 4833 Verius-cumﬁebraeoexemplari
3163 4756 3309 4833 tacet
3361 4755 3681 4833 Veronens.

2037 4841 2130 4880 ms
2184 4824 2288 4879 tui.
2327 4823 2456 4879 Mox
2489 4820 2622 4896 plus
2654 4821 2848 4888 habet,
2883 4820 3143 4896 sedebant
3175 4823 3239 4879 de
3270 4833 3322 4896 te
3340 4841 3526 4896 super,
3547 4831 3680 4891 ete.,

2037 4897 2134 4952 ubi
2171 4912 2399 4961 rursus,
2433 4895 2738 4949 Hebraeum
2768 4894 3033 4964 pressius
3064 4897 3258 4962 refert,
3290 4895 3348 4950 in
3382 4894 3494 4967 quo
3519 4897 3680 4953 addi-

2035 4987 2158 5040 Ium
2190 4990 2279 5040 est
2307 4969 2402 5070 πί),
2438 4982 2560 5053 tibi,
2589 4982 2709 5037 sive
2739 4981 2806 5037 de
2833 4987 2904 5038 te.

2104 5076 2125 5108 ³
2152 5075 2352 5130 Denuo
2385 5073 2601 5127 rectius
2629 5071 2950 5126 Veronens.
3006 5088 3116 5127 me.
3167 5073 3453 5129 verborum
3514 5074 3678 5131 habet

2034 5164 2138 5218 pro
2167 5161 2500 5218 sermonem.
2533 5143 2678 5197 Vide
2709 5159 2836 5218 quae
2877 5143 3150 5213 superius
3170 5145 3545 5218 adnotamus.

2106 5221 2126 5255 ⁴
2155 5221 2330 5272 Juxta
2363 5215 2535 5271 Hebr.
2568 5219 2720 5269 tacet
2761 5215 3073 5270 Veronens.
3107 5233 3219 5272 me.
3270 5217 3366 5272 hic
3423 5217 3497 5274 ei.
3555 5218 3668 5274 Non

2032 5289 2113 5344 ita
2144 5290 2297 5356 quod
2332 5305 2464 5344 mox
2498 5287 2614 5356 ejus
2644 5286 3055 5355 praetermittit.

2098 5308 2113 5343 ι
2187 5308 2297 5344 uou
2332 5308 2464 5344 mox
2498 5308 2614 5356 Ejus
2645 5308 3055 5355 praemuniunt.

2098 5308 2325 5488 {limam
2358 5376 2471 5415 ms.
2505 5364 2564 5412 in
2591 5359 2798 5414 Thema
2818 5376 2840 5413 .·
2863 5358 3017 5414 male
3033 5375 3101 5415 ex
3123 5357 3287 5415 scioli
3304 5359 3670 5433 descriptoris

2140 5450 2152 5487 1
2187 5451 2232 5488 I‘l
2279 5475 2291 5488 .

2030 5433 2291 5489 arbitrio.

2097 5507 2118 5541 ⁸
2148 5504 2394 5560 Seauior
2425 5520 2638 5559 manus
2663 5502 2722 5558 in
2754 5505 3076 5558 Veronens.
3112 5517 3223 5558 ms.
3275 5503 3344 5558 ad
3413 5503 3662 5559 Graecum

273 5572 589 5639 ld'ansam
623 5581 854 5654 errandi
886 5572 1462 5654 praebuitscboliasti
1513 5572 1918 5654 Canonisuqui
2027 5572 2326 5654 enemplar
2354 5576 2449 5632 hie
2480 5581 2656 5646 atque
2683 5575 2837 5630 infra
2868 5590 2971 5646 pro
3009 5573 3160 5630 Ozias
3187 5574 3488 5647 rescripsit
3532 5576 3660 5630 Aza-

269 5656 498 5729 putavit
525 5653 866 5712 Zachariam
888 5645 924 5708 ’ῐ
940 5666 1106 5724 egem
1138 5648 1318 5706 Israel
1346 5662 1691 5722 percussum
1735 5645 1918 5702 fuisse
2022 5648 2146 5706 ria.
