3938 6174
179 319 270 375 805
1465 322 1680 376 LIBER
1717 322 1766 375 II
1805 323 2210 376 MALACHIM.
3436 323 3543 378 806

237 438 375 520 (Cap.
422 447 588 515 XVI.)
633 447 799 502 Anno
848 446 1078 502 decimo
1129 447 1382 520 septimo
1431 445 1650 502 Phacee
1685 445 1786 501 ﬁlii
1817 451 1869 515 Α
1901 447 2163 502 Domini:
2200 448 2514 520 posuitque
2545 447 2687 504 illud
2723 465 2790 505 ex
2823 448 3001 506 latere
3034 449 3238 506 altaris
3268 450 3340 504 ad
3362 449 3540 521 Aqui-

177 537 439 606 Romelim,
471 535 729 610 regnavit
761 536 916 592 Ahaz
949 537 1402 593 ﬁliusJoatham
1439 536 1592 609 regis
1615 537 1787 592 Juda.
1897 535 2088 592 Ionem
2114 537 2196 608 (h.
2247 537 2418 594 Porro
2468 538 2654 594 altare
2685 555 2934 608 aeneum,
2989 539 3143 610 quod
3191 543 3315 594 erat
3345 554 3542 596 coram

179 628 246 698 (h.
277 626 461 697 Filius)
491 625 706 698 Viginti
740 643 1030 683 annorum
1056 631 1182 682 erat
1202 625 1366 681 Ahaz
1392 642 1525 681 cum
1548 641 1790 698 regnare
1896 626 2143 680 Domino
2175 626 2328 682 inter
2356 627 2536 683 altare
2568 633 2624 684 et
2658 629 2903 683 Domum
2953 627 3206 694 Domini,
3241 627 3550 682 transtulit

181 716 436 788 coepisset,
469 720 524 772 et
552 716 805 772 sedecim
839 717 1013 772 annis
1033 717 1301 788 regnavit
1331 715 1390 770 in
1421 714 1786 771 Jerusalem:
1899 714 1968 768 de
2046 714 2189 771 facie
2233 717 2488 772 domus:
2521 723 2579 773 et
2629 719 2827 789 posuit
2874 734 2943 774 ex
2992 718 3172 773 latere
3227 716 3426 772 altaris
3478 717 3548 772 ad

181 821 277 859 non
306 804 427 860 fecit
459 805 608 876 quod
641 810 768 861 erat
798 805 1079 878 placitum
1112 803 1171 860 in
1207 809 1525 875 conspectu
1557 801 1790 860 Domini
1896 803 2247 874 Aquilonem
2271 806 2352 873 (T.
2407 806 2824 877 CLXXXVIII.)
2859 806 3142 878 Praecepit
3182 822 3415 878 quoque
3451 821 3550 860 rex

182 894 250 962 (h.
294 893 348 947 in
392 892 573 950 oculis
627 894 877 967 Domini)
927 894 1029 950 Dei
1083 895 1243 965 (Vulg
1274 893 1401 948 add.
1455 892 1590 962 sui),
1636 893 1793 948 sicut
1900 894 2050 949 Ahaz
2095 894 2244 951 Uria;
2274 895 2586 963 sacerdoti,
2623 895 2862 952 dicens:
2908 897 3096 968 Super
3138 896 3319 951 altare
3351 897 3546 966 majus

180 981 327 1036 David
349 986 506 1054 pater
525 983 793 1053 eius.Sed
813 983 1208 1040 ambulavitin
1233 984 1543 1054 viaregum
1588 980 1788 1038 Israel.
1899 983 2039 1039 oII'er
2069 984 2477 1041 holocaustum
2531 986 2913 1051 matutinum,
2955 991 3012 1040 et
3061 984 3417 1041 sacriﬁcium
3460 1002 3551 1040 ve-

177 1071 248 1139 (T.
266 1071 615 1143 CLXXXVI.)
643 1076 889 1145 Insuper
910 1078 966 1129 et
995 1073 1182 1128 lilium
1205 1088 1380 1128 suum
1405 1069 1789 1138 consecravit,
1899 1073 2251 1144 spertinum,
2303 1080 2361 1130 et
2411 1074 2822 1131 holocaustum
2877 1075 3054 1146 regis,
3106 1080 3162 1129 et
3191 1074 3547 1129 sacriﬁcium

176 1162 504 1216 transferens
529 1178 634 1233 per
661 1163 858 1234 ignem
891 1163 1221 1219 secundum
1254 1161 1408 1217 idola
1438 1161 1521 1232 (h.
1567 1160 1790 1216 abomi-
1899 1163 2048 1233 ejus,
2079 1166 2135 1219 et
2166 1162 2573 1219 holocaustum
2620 1164 2875 1219 universi
2912 1162 3110 1235 populi
3143 1167 3332 1233 terrae,
3365 1167 3423 1218 et
3451 1181 3551 1219 sa-

176 1249 430 1321 nationes)
461 1251 747 1322 gentium,
780 1268 908 1324 quae
943 1250 1249 1323 dissipavit
1283 1250 1562 1306 Dominus
1595 1265 1787 1304 coram
1899 1251 2121 1308 criﬁcia
2176 1269 2402 1322 eorum,
2463 1259 2520 1310 et
2574 1252 2860 1309 libamina
2912 1269 3138 1321 eorum,
3199 1257 3256 1307 et
3313 1269 3547 1308 omnem

174 1337 289 1393 ﬁliis
319 1338 507 1394 Israel.
543 1339 895 1396 Immolabat
923 1355 1156 1412 quoque
1185 1339 1473 1405 victimas,
1508 1341 1565 1394 et
1596 1337 1792 1393 adole-
1899 1341 2246 1414 sanguinem
2298 1342 2647 1410 holocausti,
2709 1347 2766 1398 et
2810 1343 3145 1398 universum
3199 1342 3550 1414 sanguinem

172 1425 640 1483 batincensumin
664 1427 930 1497 excelsis,
963 1428 1094 1484 etin
1119 1427 1388 1496 collibus,
1416 1431 1474 1482 et
1495 1426 1606 1482 sub
1629 1424 1788 1482 omni
1898 1430 2149 1486 victima:
2201 1448 2380 1503 super
2411 1431 2552 1487 illud
2605 1432 2872 1488 eII‘undes
2905 1449 2918 1487 :
2953 1431 3135 1488 altare
3165 1449 3299 1488 vero
3331 1447 3549 1486 aureum

174 1513 309 1586 ligno
352 1516 646 1573 frondoso.
698 1522 858 1574 Tunc
893 1518 1158 1574 ascendit
1203 1515 1380 1574 Rasin
1433 1532 1532 1571 rex
1590 1514 1788 1584 Syria},
1899 1520 2010 1576 erit
2051 1524 2322 1591 paratum
2365 1522 2438 1576 ad
2488 1523 2854 1577 voluntatem
2906 1538 3118 1577 meam.
3172 1521 3554 1593 Fecitjgitur

175 1607 220 1658 et
245 1603 449 1661 Phacee
480 1605 642 1662 ﬁlius
675 1607 949 1663 Romeliae
1001 1622 1100 1662 rex
1132 1605 1338 1674 Israel,
1370 1605 1430 1660 in
1462 1603 1790 1660 Jerusalem
1900 1608 2068 1665 Urias
2116 1610 2390 1666 sacerdos
2433 1610 2606 1681 juxta
2654 1609 2875 1678 omnia,
2909 1626 3038 1682 quae
3073 1616 3426 1682 praeceperat
3456 1625 3554 1665 rex

174 1695 234 1750 ad
280 1695 682 1767 prmliandum.
733 1698 998 1771 Cumque
1047 1699 1390 1754 obsiderent
1438 1696 1624 1763 Ahax,
1674 1711 1791 1750 non
1898 1699 2071 1754 Ahaz.
2123 1698 2285 1755 Tulit
2315 1700 2400 1771 (h.
2445 1699 2708 1771 abscidit)
2758 1707 2957 1756 autem
2993 1716 3090 1755 rex
3130 1701 3289 1756 Ahaz
3320 1700 3554 1755 caelatas

174 1782 450 1842 valuerunt
481 1803 766 1859 superare
814 1805 973 1844 eum.
1005 1787 1071 1843 In
1111 1794 1374 1860 tempore
1407 1785 1507 1841 illo
1538 1783 1792 1840 restituit
1822 1827 1868 1892 Β
1901 1787 2092 1856 bases,
2128 1793 2184 1843 et
2225 1787 2498 1860 laterem,
2551 1789 2652 1860 qui
2703 1794 2829 1845 erat
2856 1790 3128 1861 desuper,
3159 1796 3216 1845 et
3259 1805 3421 1845 mare
3453 1789 3556 1844 de-

175 1874 328 1930 Basia
352 1892 448 1931 rex
479 1877 684 1950 Syriae,
706 1877 896 1933 Ailam
929 1877 1013 1951 (h.
1037 1877 1224 1942 Eleth)
1254 1877 1456 1950 Syriae,
1489 1881 1544 1932 et
1577 1873 1786 1945 ejecit1
1822 1873 1868 1892 "
1901 1877 2100 1950 posuit
2127 1877 2198 1932 de
2243 1877 2430 1932 bobus
2463 1878 2654 1946 aereis,
2707 1878 2810 1950 qui
2845 1879 3263 1934 sustentabant
3294 1878 3465 1946 illud,
3499 1881 3557 1933 et

172 1963 378 2020 Iudaeos
409 1967 477 2021 de
526 1965 684 2036 Aila,
717 1972 775 2023 et
817 1967 1059 2022 Idumaei
1107 1971 1164 2023 et
1189 1967 1317 2039 Syri
1365 1968 1388 2000 ²
1418 1967 1700 2021 venerunt
1732 1962 1790 2017 in
1902 1965 2099 2038 posuit
2119 1983 2298 2037 super
2327 1966 2734 2038 pavimentum
2782 1971 3033 2024 stratum
3067 1966 3280 2040 lapide.
3315 1965 3556 2023 Musach

171 2053 356 2120 Ailam,
399 2059 455 2110 et
499 2055 922 2112 habitaverunt
968 2057 1048 2112 ibi
1099 2072 1286 2128 usque
1341 2058 1398 2110 in
1433 2055 1586 2110 diem
1619 2053 1791 2108 hanc.
1903 2071 2135 2127 quoque
2163 2055 2416 2124 sabbati,
2448 2057 2605 2126 quod
2654 2056 3043 2112 zediﬁcaverat
3074 2059 3094 2091 ³
3128 2057 3186 2112 in
3222 2057 3462 2130 templo,
3503 2061 3560 2112 et

174 2141 308 2197 Misit
327 2145 547 2214 [autem
599 2145 757 2201 Ahaz
802 2146 1042 2203 nuntios
1087 2147 1158 2203 ad
1197 2143 1795 2216 Theglath-Phalasar
1903 2143 2237 2216 ingressum
2286 2145 2440 2216 regis
2489 2145 2768 2213 exterius,
2825 2146 3111 2201 convertit
3159 2147 3217 2200 in
3271 2144 3558 2217 templum

173 2247 341 2303 regem
373 2233 752 2306 Assyriorum
781 2236 905 2307 (ms.
931 2236 1276 2309 Syriarum),
1311 2234 1552 2290 dicens:
1585 2233 1797 2287 Servus
1905 2233 1984 2302 (h.
2020 2234 2286 2306 domum)
2335 2233 2591 2304 Domini,
2628 2240 2866 2306 propter
2915 2251 3109 2306 regem
3165 2235 3554 2306 Assyriorum.

170 2323 303 2392 tuus,
331 2327 385 2378 et
413 2323 578 2379 ﬁlius
626 2327 766 2380 tuus
796 2341 902 2398 ego
953 2342 1084 2381 sum
1115 2370 1130 2394 ,
1165 2324 1434 2390 ascende,
1481 2327 1538 2378 et
1568 2321 1795 2378 salvum
1905 2323 1992 2395 (T.
2043 2324 2400 2396 CLXXXIX.)
2446 2324 2694 2395 Reliqua
2747 2330 2945 2380 autem
3007 2325 3322 2380 verborum
3380 2323 3560 2394 Ahaz,

173 2428 250 2467 me
284 2412 368 2468 fac
413 2414 484 2470 de
529 2430 717 2470 manu
765 2415 920 2487 regis
967 2415 1164 2488 Syriae,
1209 2419 1268 2470 et
1316 2415 1387 2470 de
1439 2429 1614 2468 manu
1642 2409 1798 2483 regis
1909 2430 2034 2485 quae
2067 2414 2220 2482 fecit,
2254 2429 2446 2470 nonne
2481 2415 2601 2470 haec
2628 2415 2851 2486 scripta
2884 2420 3025 2470 sunt
3055 2414 3113 2469 in
3148 2413 3298 2470 libro
3327 2414 3561 2469 Sermo-

175 2500 348 2570 Israel,
379 2503 478 2575 qui
527 2511 1030 2560 consurrexerunt
1078 2505 1388 2561 adversum
1422 2518 1535 2559 me.
1568 2503 1637 2557 Et
1667 2516 1800 2556 cum
1909 2519 2052 2559 num
2085 2503 2312 2559 dierum
2349 2519 2552 2575 regum
2579 2503 2782 2559 Juda‘?
2812 2504 3208 2575 Dormivitque
3240 2503 3397 2559 Ahaz
3429 2519 3560 2559 cum

173 2590 476 2663 collegisset
504 2594 598 2665 (h.
634 2597 699 2648 Et
743 2592 900 2665 tulit)
951 2593 1106 2650 Ahaz
1133 2594 1325 2666 (ναίω
1359 2595 1466 2649 tac.
1497 2589 1677 2660 ΑΜΖ)
1708 2606 1800 2646 ar-
1913 2594 2177 2665 patribus
2230 2593 2378 2659 suis,
2431 2597 2488 2648 et
2534 2593 2806 2665 sepultus
2837 2598 2925 2649 est
2955 2609 3088 2648 cum
3123 2594 3208 2648 eis
3239 2593 3298 2647 in
3333 2593 3564 2647 civitate

174 2685 387 2752 gentum
417 2687 475 2737 et
499 2699 738 2748 aurum,
789 2683 946 2755 quod
995 2682 1255 2740 invenire
1287 2681 1474 2753 potuit
1520 2680 1582 2734 in
1628 2679 1802 2734 domo
1910 2683 2116 2749 David,
2146 2687 2202 2738 et
2233 2683 2497 2754 regnavit
2527 2682 2804 2737 Ezechias
2838 2681 2994 2737 ﬁlius
3029 2682 3160 2752 ejus
3195 2698 3298 2753 pro
3329 2699 3417 2737 eo.

172 2770 402 2842 Domini,
433 2776 491 2827 et
519 2773 584 2828 in
638 2771 932 2828 thesauris
963 2773 1138 2844 regis,
1170 2772 1331 2828 misit
1382 2771 1464 2843 (h.
1498 2773 1556 2826 et
1585 2769 1644 2823 in
1676 2766 1802 2822 the-
1984 2771 2069 2842 (Τ.
2103 2771 2265 2840 CXC,
2301 2771 2430 2843 Cap.
2463 2771 2641 2826 XVII.
2672 2771 2688 2831 )
2717 2777 2887 2828 Anno
2920 2771 3264 2827 duodecimo
3294 2770 3455 2825 Ahaz
3478 2786 3562 2826 re-

173 2861 344 2916 sauris
372 2861 584 2918 domus
608 2861 786 2934 regis,
819 2866 875 2917 et
905 2861 1088 2933 misit)
1117 2861 1237 2934 regi
1266 2859 1637 2932 Assyriorum
1671 2873 1803 2912 mu-
1911 2860 2002 2932 gis
2025 2860 2180 2916 Juda
2211 2861 2473 2932 regnavit
2499 2860 2643 2917 Osee
2674 2860 2832 2916 ﬁlius
2865 2860 2966 2916 Ela
2997 2860 3057 2916 in
3091 2859 3354 2914 Samaria
3387 2875 3562 2929 super

172 2967 312 3006 nera.
355 2952 462 3018 Qui
510 2956 571 3008 et
618 2951 910 3024 acquievit
961 2951 1247 3008 voluntati
1296 2952 1424 3022 ejus
1469 2969 1481 3008 :
1537 2947 1806 3006 ascendit
1914 2949 2092 3006 Israel
2117 2950 2823 3020 novemannis.Fecitque
2844 2949 3064 3005 malum
3091 2965 3287 3004 coram
3311 2948 3561 3004 Domino

172 3040 310 3096 enim
361 3058 458 3097 rex
503 3042 884 3114 Assyriorum
934 3041 993 3096 in
1044 3041 1420 3111 Damascum,
1468 3043 1525 3096 et
1554 3035 1805 3094 vastavit
1912 3040 1994 3109 (h.
2046 3040 2105 3095 in
2138 3039 2325 3095 oculis
2374 3039 2667 3111 Domini);
2703 3040 2802 3095 sed
2857 3056 2971 3093 non
3007 3037 3160 3094 sicut
3184 3053 3349 3110 reges
3386 3038 3564 3106 Israel

171 3143 303 3199 eam,
332 3134 388 3186 et
440 3129 751 3186 transtulit
808 3129 1167 3186 habitatores
1197 3131 1328 3201 ejus
1385 3130 1648 3202 Cyrenen
1716 3125 1799 3198 (h.
1835 3193 1868 3202 _
1913 3129 2014 3198 qui
2037 3135 2169 3185 ante
2192 3146 2326 3185 eum
2354 3130 2601 3185 fuerant.
2626 3129 2842 3185 Contra
2870 3127 3026 3184 hunc
3051 3126 3570 3183 ascenditSalma-

172 3193 378 3291 Chias):
413 3219 596 3276 Rasin
631 3222 827 3274 autem
878 3219 1187 3276 interfecit.
1226 3193 1614 3291 -Perrex-itque
1647 3193 1797 3272 Ahaz
1826 3193 1870 3264 α
1910 3193 2087 3274 nasar
2111 3233 2204 3275 rex
2233 3218 2629 3291 Assyriorum,
2656 3223 2712 3273 et
2745 3218 2936 3273 factus
2969 3222 3058 3273 est
3081 3217 3132 3273 ei
3165 3217 3308 3272 Osee
3339 3233 3570 3285 servus,

170 3306 219 3361 in
258 3324 565 3365 occursum
615 3308 1216 3381 Theglath-Phalasar
1262 3309 1384 3381 regi
1434 3309 1557 3380 (ms.
1619 3307 1796 3379 regis)
1909 3309 2305 3380 reddebatque
2327 3307 2410 3362 illi
2463 3309 2684 3363 tributa
2715 3306 2797 3378 (h.
2834 3307 3134 3378 munera).
3168 3310 3434 3377 Cumque
3469 3307 3570 3362 de-

177 3398 528 3469 Assyriorum
557 3398 622 3454 in
658 3399 1032 3455 Damascum.
1066 3402 1329 3470 Cumque
1361 3397 1600 3454 vidisset
1630 3396 1811 3452 altare
1920 3397 2329 3468 prehendisset
2359 3413 2452 3453 rex
2495 3397 2869 3469 Assyriorum
2902 3396 3067 3463 Osee,
3102 3395 3258 3467 quod
3290 3395 3574 3451 rebellare

178 3486 446 3554 Damasci,
491 3487 664 3542 misit
702 3502 801 3542 rex
849 3486 1009 3542 Ahaz
1063 3489 1134 3543 ad
1188 3486 1381 3545 Uriam
1443 3485 1810 3542 sacerdotem
1921 3486 2118 3543 nitens
2149 3487 2413 3542 misisset
2443 3486 2684 3542 nuntios
2717 3486 2787 3541 ad
2830 3489 2948 3541 Sua
2976 3486 2998 3520 ⁴
3025 3484 3109 3554 (h.
3143 3485 3216 3540 ad
3245 3484 3342 3555 ΖΑ)
3377 3499 3571 3556 regem

179 3576 457 3648 exemplar
484 3577 645 3647 ejus,
680 3580 738 3632 et
769 3575 1221 3632 similitudinem
1260 3577 1431 3648 juxta
1461 3592 1634 3632 omne
1664 3591 1814 3647 opus
1922 3576 2170 3648 Egypti,
2205 3593 2276 3632 ne
2298 3580 2598 3648 praestaret
2621 3575 2842 3630 tributa
2873 3575 2892 3608 ⁵
2917 3573 2999 3646 (h.
3035 3575 3300 3643 munera)
3323 3573 3442 3642 regi
3464 3576 3574 3628 As-

180 3663 314 3733 ejus.
347 3665 424 3736 (T.
459 3665 853 3738 CLXXXVII.)
893 3665 1307 3739 Exstruxitque
1340 3665 1506 3722 Urias
1538 3666 1813 3722 sacerdos
1924 3665 2238 3737 syriorum,
2271 3665 2423 3722 sicut
2442 3663 2694 3735 singulis
2726 3664 2897 3719 annis
2920 3661 3132 3718 solitus
3164 3666 3308 3730 erat,
3343 3661 3571 3717 obsedit

184 3752 347 3811 altare
371 3771 384 3810 :
408 3756 585 3827 juxta
619 3756 818 3812 omnia
865 3773 992 3828 quae
1044 3761 1396 3830 preeceperat
1427 3773 1526 3812 rex
1555 3756 1714 3812 Ahaz
1744 3757 1816 3812 de
1924 3760 2156 3821 eum,et
2175 3755 2434 3810 vinctum
2461 3754 2615 3810 misit
2652 3754 2712 3808 in
2749 3767 3066 3809 carcerem.
3100 3755 3574 3822 Pervagatusque

183 3841 472 3918 Damasco,
507 3847 594 3902 ita
626 3846 763 3902 fecit
804 3845 974 3903 Urias
1023 3848 1319 3914 sacerdos,
1365 3848 1549 3904 donec
1591 3846 1818 3903 veniret
1924 3849 2256 3900 estomnem
2274 3848 2580 3909 terram,et
2610 3843 2935 3898 ascendens
2969 3839 3320 3908 Samariam,
3345 3839 3576 3894 obsedit

184 3948 270 3988 rex
313 3935 468 3991 Ahaz
500 3935 575 3992 de
627 3935 934 3992 Damasco.
988 3938 1246 4008 Cumque
1292 3936 1551 3992 venisset
1599 3952 1700 3991 rex
1745 3935 1815 3991 de
1925 3949 2056 3989 eum
2091 3934 2282 3989 tribus
2304 3932 2496 3988 annis.
2529 3933 2695 3987 Anno
2718 3935 2914 3986 autem
2945 3945 3096 3984 nono
3119 3928 3284 3996 Osee,
3310 3929 3578 3998 cepitrex

182 4018 858 4095 Damasco,viditaltare,
891 4029 945 4081 et
965 4030 1276 4081 veneratus
1296 4030 1385 4082 est
1406 4024 1574 4096 illud,
1609 4041 1815 4081 ascen-
1924 4022 2298 4094 Assyriorum
2332 4021 2759 4087 Samariam,et
2783 4016 3086 4074 transtulit
3109 4015 3284 4076 Israel
3309 4016 3365 4069 in
3399 4018 3575 4086 Assy-

181 4108 364 4182 ditque
415 4119 476 4169 et
531 4112 864 4169 immolavit
921 4113 1282 4183 holocausta,
1343 4119 1401 4170 et
1454 4112 1812 4170 sacriﬁcium
1927 4111 2082 4168 rios:
2118 4112 2432 4184 posuitque
2457 4127 2556 4166 eos
2581 4109 2638 4165 in
2671 4110 2839 4176 Hala,
2873 4114 2930 4163 et
2958 4107 3017 4161 in
3047 4106 3242 4161 Habor
3265 4105 3435 4176 juxta
3460 4104 3576 4159 ﬁu-

181 4212 360 4273 suum,
384 4206 441 4258 et
465 4201 675 4258 libavit
704 4201 1011 4272 libamina,
1035 4207 1091 4258 et
1111 4203 1260 4258 fudit
1279 4201 1627 4275 sanguinem
1652 4202 1810 4274 paci-
1923 4201 2082 4257 vium
2115 4201 2198 4271 (h.
2229 4200 2492 4269 flumine)
2523 4199 2740 4267 Gosan,
2770 4197 2831 4252 in
2883 4195 3217 4251 civitatibus
3247 4194 3574 4250 Medorum.

180 4287 428 4363 ﬁcorum,
460 4309 600 4365 quae
629 4291 921 4348 obtulerat
969 4309 1142 4365 super
1171 4291 1372 4348 altare.
1407 4293 1581 4348 Porro
1631 4291 1814 4349 altare
1923 4294 2008 4364 (T.
2041 4290 2254 4362 CXCI.)
2286 4290 2525 4345 Factum
2549 4293 2636 4344 est
2665 4291 2884 4356 autem,
2912 4301 3043 4341 cum
3095 4288 3435 4356 peccassent
3467 4282 3574 4337 ﬁlii

179 4391 398 4452 aereum,
458 4382 620 4456 quod
652 4386 779 4438 erat
820 4398 1016 4437 coram
1070 4383 1338 4448 Domino,
1388 4380 1695 4438 transtulit
1741 4383 1814 4438 de
1926 4382 2103 4438 Israel
2134 4379 2380 4436 Domino
2417 4381 2526 4434 Deo
2560 4394 2688 4445 suo,
2723 4375 2824 4448 qui
2873 4375 3154 4431 eduxerat
3183 4388 3283 4429 eos
3314 4373 3384 4428 de
3415 4377 3574 4428 terra

180 4465 310 4525 facie
337 4471 570 4544 templi,
602 4474 660 4528 et
710 4471 782 4528 de
829 4470 956 4528 loco
998 4469 1224 4539 altaris,
1257 4475 1314 4537 et
1345 4472 1416 4528 de
1447 4470 1574 4528 loco
1606 4471 1814 4545 templi
1921 4469 2173 4543 Egypti,
2205 4470 2275 4525 de
2325 4485 2506 4525 manu
2536 4464 2858 4523 Pharaonis
2908 4463 3066 4535 regis
3095 4461 3349 4534 ZEgypti,
3381 4461 3577 4518 colue-

239 4666 614 4743 ‘_Veronens.
675 4683 788 4725 ms.
862 4667 1076 4738 deiecit,
1128 4670 1285 4741 quod
1344 4669 1544 4726 malim
1599 4671 1892 4743 disiecitl)
1925 4669 2142 4743 tionem
2177 4665 2423 4743 respuit.

177 4731 298 4806 Ῑθϐίο
928 4731 937 4738 ’
1062 4731 1071 4736 ⁷
1143 4731 1162 4741 ’
1685 4731 1697 4743 ’
1842 4731 1886 4740 ’⁷
1999 4744 2019 4777 ³
2052 4731 2319 4795 ΡΙυι-ἰυῑὶι
2352 4752 2598 4793 numero
2630 4752 2763 4791 cum
2799 4735 3036 4790 Hebrazo
3058 4737 3217 4789 textu
3250 4747 3356 4787 ms.
3394 4733 3574 4786 Vero-

237 4807 257 4841 ²
283 4808 405 4864 Non
439 4810 624 4864 habet
645 4810 966 4864 Veronens.
1024 4829 1135 4864 ms.
1168 4819 1219 4864 et
1239 4812 1389 4864 Suri.
1423 4829 1597 4864 auem
1630 4831 1815 4864 norm.
1928 4829 2094 4864 nens.
2124 4811 2544 4864 aedificaverant

237 4810 257 4841 ³
283 4810 405 4866 Non
439 4810 624 4866 habet
645 4810 966 4868 Veronens.
1024 4829 1135 4868 ms.
1168 4812 1389 4939 etderi,
1423 4829 1597 4895 quem
1630 4831 1732 4898 po;

177 4874 288 4934 lum
330 4884 550 4961 nedum
597 4883 875 4961 Hebraeus
923 4889 1138 4961 textus,
1189 4900 1250 4961 se
1337 4889 1394 4939 et
1440 4885 1648 4961 reliqui
1680 4887 1732 4941 lil

2019 4830 2094 4879 λε,
2124 4811 2544 4882 aediﬁcaverant

2033 4883 2391 4961 Scholiastes
2405 4879 2660 4961 Canonis
2674 4878 2930 4961 legitbic
2949 4893 3056 4933 suo
3081 4891 3251 4961 “more
3269 4888 3306 4934 D
3323 4871 3574 4961 Sarrzech,

178 4963 364 5027 pmaes
414 4954 513 5009 hic
565 4956 1036 5026 praetermittunt.
1089 4956 1422 5012 Variantem
1483 4949 1632 5013 hanc
1687 4975 1816 5015 esse
1926 4972 2029 5027 per
2056 4974 2107 5023 εδ,
2142 4955 2296 5026 quod
2338 4951 2610 5027 nuspiam
2642 4949 2899 5022 reperies
2943 4949 3095 5020 apud
3134 4949 3572 5027 Hieronymum,

177 5017 472 5102 lectionem
501 5017 721 5102 Hebraei
747 5028 1045 5102 archetypi
1073 5031 1236 5083 notat
1266 5028 1452 5083 Lucas
1473 5028 1813 5102 Brugensis,
1926 5017 2024 5102 qui
2058 5017 2314 5102 litteram
2352 5017 2588 5102 Sanies}:
2620 5017 2772 5102 per_._s
2809 5017 3055 5102 semper
3083 5018 3452 5102 pronuntiari
3470 5031 3578 5102 ¹γο-

177 5105 237 5167 ex
253 5095 653 5167 similitudine
693 5104 881 5154 ortam
951 5085 1288 5155 litterarum
1339 5112 1395 5163 Ἰ.
1426 5104 1483 5154 et
1531 5113 1561 5162 ’τ
1582 5085 1626 5156 ευ
1658 5085 1815 5158 unde
1925 5085 2069 5155 fuit:
2097 5099 2250 5154 unde
2274 5097 2448 5152 habet
2466 5111 2569 5150 sua
2595 5085 2697 5165 pro
2726 5085 2970 5167 Hebraeo
2987 5085 3116 5156 me]
3141 5085 3573 5167 quodsqholia-

181 5162 382 5221 uehi-ai
415 5169 690 5245 scribant,
718 5171 813 5245 hic
834 5171 1236 5245 ⁸ιοοίλςῃηοπξῃιχ,
1269 5159 1574 5245 (Infamem,
1608 5172 1814 5245 legunt
1925 5177 2043 5227 stes
2074 5174 2347 5245 corrupte
2378 5168 2520 5239 legit
2547 5159 2629 5245 se.
2655 5159 3218 5245 Latinushinterpres
3249 5159 3575 5245 Chaldaicis

176 5249 296 5315 γειζο
323 5249 584 5315 ΒἻᾨἸἿἨ,
613 5242 919 5315 Hadomim.
954 5233 1297 5315 Namiistud
1352 5233 1588 5313 quidem
1639 5233 1810 5302 voca-
1925 5233 2348 5315 paraphraseos
2373 5233 2708 5315 corruptam
2736 5235 3071 5315 scholiastis
3090 5233 3278 5315 nostri
3304 5233 3578 5315 imitatur

177 5304 368 5386 bulum
402 5298 695 5369 Idum'eos
725 5314 1024 5386 signiﬁcat
1049 5331 1062 5370 :
1091 5313 1235 5369 illud
1267 5298 1400 5370 vero
1421 5315 1597 5385 Syros
1628 5298 1809 5373 deno-
1924 5298 2502 5386 pronuntiationem;
2526 5298 2734 5366 scribit
2756 5309 3179 5386 enimszoupru
3203 5312 3309 5384 Νῇῦ
3327 5298 3580 5386 Chalda-

172 5381 284 5436 ίδτθ
313 5386 625 5459 Picunque
663 5371 884 5459 Ροίῶζὶ
964 5402 1299 5459 quanquam
1327 5371 1503 5459 Syru's
1536 5398 1659 5448 me:
1680 5371 1810 5444 sine
1922 5371 2110 5443 daieo.
2130 5385 2336 5459 LXXin
2357 5371 3298 5459 aliquotexemplaribusSégo.r,lin
3323 5371 3577 5459 Alexanf

175 5463 274 5529 Vau
314 5443 681 5532 interm'edio‘
711 5443 889 5532 scribi
915 5443 1157 5532 “soleat:
1199 5443 1448 5532 Αἱ,γὲτο
1498 5443 1808 5532 utramque
1922 5457 2225 5532 drino_Sqa
2251 5443 2706 5512 transtulerunt.
2735 5443 2914 5525 Syrus
2951 5450 3058 5506 Sou
3089 5443 3190 5504 aut
3221 5445 3352 5511 Sau,
3384 5443 3575 5499 Arabs

177 5523 896 5602 simulinterpretationem
914 5529 1262 5602 Hieronymo
1277 5529 1456 5586 fuisse
1477 5523 1803 5600 probatam,
1921 5530 2065 5602 Saou
2089 5529 2290 5602 habet.
2324 5532 2507 5602 an'r.

177 5607 281 5684 1°“
306 5602 396 5684 ἔδει
421 5591 1010 5684 Ῡθίίῖδίωίίθ),θεῐίίυ9
1040 5591 1184 5658 adeo
1215 5591 1564 5684 nostrich
1597 5591 1805 5684 primis
1913 5673 1963 5684 ﬂ
1987 5602 2008 5636 ⁵
2034 5601 2138 5657 Hic
2185 5617 2320 5684 vero
2352 5598 2868 5684 min_ori”numero
2920 5591 3200 5648 Hebraeus
3250 5591 3427 5660 atque
3455 5599 3572 5643 ms.

180 5677 284 5722 ms.
306 5665 606 5728 laudanda
633 5665 1004 5747 castitas,qui
1033 5690 1162 5731 eam
1193 5673 1541 5747 glossatoris
1563 5665 1807 5756 additiq-
1913 5673 2233 5732 Veronens.
2273 5671 2495 5728 habent
2520 5669 2813 5728 tributum.
