3938 6174
441 331 547 388 807

1472 332 1530 385 Β.
1574 332 1982 390 ΗΙΕΒΟΝΥΜΙ
2018 333 2058 385 D

2192 331 2274 384 NA
2311 332 2424 386 BlB
2433 333 2807 388 LlOTHECA.
3711 338 3795 392 808

440 461 579 514 runt
613 457 696 530 (h.
740 455 1090 525 timuerunt)
1119 454 1257 510 deos
1285 453 1530 510 alienos.
1551 455 2086 513 Etambulaverunt
2113 461 2166 525 Α
2200 455 2285 526 (Τ.
2318 454 2552 528 CXCII.)
2587 456 2841 512 Adduxit
2871 460 3067 514 autem
3101 472 3200 513 rex
3229 456 3592 530 Assyriorum
3623 459 3682 515 de
3706 460 3793 517 Ba-

421 547 593 617 juxta
612 547 810 610 ritum,
834 547 1118 616 gentium,
1135 560 1284 615 quas
1307 561 1416 600 con
1438 550 1778 617 sumpserat
1803 545 2097 602 Dominus

429 637 488 691 in
513 640 824 706 conspectu
859 633 1113 688 ﬁliorum
1147 633 1345 701 Israel,
1367 639 1424 689 et
1455 651 1658 706 regum
1696 636 1894 702 Israel;
1935 653 1969 707 q
2001 637 2098 691 uia

433 723 708 781 similiter
729 724 1003 778 fecerant.
1030 723 1098 776 Et
1117 727 1476 793 operuerunt
1501 725 1514 757 ¹
1543 722 1645 778 ﬁlii
1681 724 1857 780 Israel
1884 725 2075 780 verbis

435 830 552 869 non
582 812 754 868 rectis
787 812 1099 867 Dominum
1127 817 1313 867 Deum
1338 829 1538 879 suum,
1573 816 1631 868 et
1652 813 2092 869 aediﬁcaverunt

433 902 547 958 sibi
579 901 771 958 exelsa
802 901 860 956 in
893 902 1121 956 cunctis
1154 901 1402 956 urbibus
1434 901 1596 967 suis,
1629 919 1663 957 a
1694 907 1854 958 turre
1885 905 2091 959 Custo«

438 993 584 1046 dum
620 991 890 1063 usquead
907 991 1199 1046 civitalem
1227 991 1533 1047 Munitam.
1555 991 1958 1064 Feceruntque
1981 991 2092 1048 sibi

440 1085 670 1136 statuas
705 1081 787 1148 (h.
820 1079 1066 1149 titulos),
1099 1084 1156 1134 et
1180 1077 1343 1135 lucos
1377 1080 1436 1135 in
1462 1079 1622 1136 omni
1646 1080 1792 1135 colle
1823 1082 2090 1150 sublimi,

441 1173 497 1225 et
529 1171 733 1224 subter
771 1185 944 1224 omne
974 1167 1203 1240 lignum
1255 1185 1655 1240 nemorosum,
1691 1176 1748 1224 et
1779 1170 2094 1228 adolebant

437 1259 520 1313 ibi
554 1257 858 1313 incensum
882 1274 1058 1329 super
1089 1257 1313 1317 aras(h.
1345 1257 1586 1323 excelsa)
1615 1259 1674 1314 in
1704 1276 1920 1315 morem
1947 1276 2080 1332 gen-

435 1346 786 1418 itium,quas
808 1345 1188 1402 transtulerat
1210 1347 1543 1403 Dominusa
1576 1349 1720 1406 facie
1743 1367 1942 1406 eorum
1971 1368 1983 1406 :
2011 1351 2090 1405 fe-

438 1443 761 1508 ceruntque
793 1437 966 1491 verba
997 1437 1017 1470 ²
1043 1436 1300 1507 pessima
1326 1437 1626 1495 irritantcs
1660 1440 1996 1495 Dominum.
2021 1439 2090 1495 Et

436 1525 744 1582 coluerunt
775 1525 1206 1593 immunditias,
1240 1525 1312 1581 de
1345 1527 1561 1598 quibus
1587 1533 1940 1600 praeceperat
1960 1530 2083 1597 (ms.

439 1615 735 1687 praecepit)
769 1614 1057 1670 Dominus
1089 1613 1192 1679 eis,
1217 1631 1288 1670 ne
1312 1616 1567 1672 facerent
1591 1619 1833 1672 verbum
1862 1617 1990 1673 hoc.
2018 1623 2088 1674 Et

436 1706 785 1760 testiﬁcatus
815 1709 905 1759 est
927 1703 1210 1759 Dominus
1243 1703 1302 1758 in
1336 1704 1510 1760 Israel
1533 1711 1590 1761 et
1616 1706 1791 1777 Juda,
1824 1724 1927 1780 per
1958 1725 2084 1763 ma-

438 1811 581 1850 num
614 1794 881 1849 omnium
925 1792 1340 1864 prophetarum
1373 1799 1430 1848 et
1459 1793 1805 1863 videntium,
1835 1795 2035 1852 dicens
2066 1814 2079 1854 :

436 1882 810 1939 Revertimini
864 1899 897 1937 a
941 1883 1050 1937 viis
1101 1883 1306 1938 vestris
1356 1884 1652 1955 pessimis,
1705 1890 1761 1941 et
1791 1886 2082 1943 custodite

434 1977 723 2046 praecepta
744 1989 890 2038 mea,
925 1977 980 2028 et
997 1972 1396 2039 caeremonias,
1413 1973 1581 2044 juxta
1603 1992 1835 2032 omnem
1869 1977 2081 2048 legem,

436 2079 610 2134 quam
644 2061 886 2133 praecepi
915 2061 1180 2132 patribus
1208 2062 1436 2128 vestris,
1460 2067 1518 2118 et
1546 2064 1699 2119 sicut
1731 2065 1862 2121 misi
1887 2067 1958 2121 ad
1980 2082 2084 2121 vos

436 2151 495 2205 in
532 2165 707 2204 manu
740 2164 1041 2204 servorum
1074 2164 1338 2203 meorum
1361 2151 1802 2222 prophetarum.
1827 2153 1933 2220 Qui
1967 2169 2082 2209 non

438 2238 777 2304 audierunt,
809 2237 906 2292 sed
943 2237 1367 2293 induraverunt
1405 2240 1686 2296 cervicem
1720 2259 1887 2298 suam
1913 2243 2085 2312 juxta

435 2327 714 2382 cervicem
741 2331 972 2396 patrum
1003 2327 1372 2398 suorum,qui
1397 2328 1708 2386 noluerunt
1740 2331 1976 2387 obedire
1997 2331 2078 2388 (h.

435 2431 550 2468 non
579 2412 950 2482 crediderunt)
972 2413 1222 2468 Domino
1248 2418 1359 2468 Deo
1389 2432 1516 2471 suo.
1550 2416 1618 2471 Et
1649 2417 1987 2488 abjecerunt
2010 2417 2084 2474 le-

433 2503 641 2574 gitima
670 2503 819 2571 ejus,
851 2507 908 2556 et
939 2506 1196 2572 pactum,
1227 2503 1380 2573 quod
1408 2506 1637 2577 pepegit
1661 2522 1794 2561 cum
1821 2506 2082 2578 patribus

435 2608 663 2660 eorum,
718 2597 774 2646 et
818 2590 1280 2656 testiﬁcationes,
1335 2593 1553 2662 quibus
1585 2593 1928 2650 testiﬁcatus
1953 2597 2076 2666 (ms.

437 2683 827 2751 contestatus)
859 2685 948 2735 est
999 2695 1098 2734 eos
1130 2697 1142 2746 ;
1179 2681 1480 2753 secutique
1510 2689 1650 2738 sunt
1679 2684 1964 2740 vanitates
1996 2684 2076 2754 (h.

435 2771 781 2840 vanitatem),
812 2774 869 2824 et
897 2787 1042 2825 vane
1071 2775 1337 2842 egerunt,
1380 2777 1438 2826 et
1467 2772 1650 2828 secuti
1683 2778 1822 2828 sunt
1849 2778 2076 2848 gentes,

431 2881 560 2936 quae
583 2867 748 2919 erant
780 2877 880 2934 per
903 2861 1213 2917 circuitum
1242 2877 1465 2930 eorum,
1494 2879 1670 2936 super
1694 2863 1912 2937 quibus
1933 2882 2077 2938 pre-

431 2958 666 3024 ceperat
694 2951 983 3008 Dominus
1014 2949 1119 3018 eis,
1156 2956 1221 3006 ut
1253 2969 1366 3007 non
1408 2953 1665 3009 facerent
1695 2954 1848 3010 sicut
1876 2958 1934 3009 et
1963 2953 2078 3010 illae

429 3043 742 3100 faciebant.
776 3041 1511 3111 Etdereliqueruntomnia
1535 3047 1819 3116 praecepta
1842 3043 2074 3100 Domini

432 3133 533 3188 Dei
567 3131 698 3198 sui;
737 3131 1113 3201 feceruntque
1145 3130 1258 3186 sibi
1299 3131 1623 3188 conﬁatiles
1654 3133 1803 3188 duos
1836 3133 2071 3203 vitulos,

2209 544 2440 614 bylona,
2473 551 2530 600 et
2559 547 2628 601 de
2658 546 2869 614 Cutha,
2900 552 2957 602 et
2986 547 3058 603 de
3089 553 3209 602 Ava
3235 547 3356 620 [ma
3390 547 3640 620 Havath,]
3669 557 3715 604 et
3739 552 3792 604 de

2208 634 2438 703 Ematb,
2471 641 2528 689 et
2557 635 2626 690 de
2655 634 3060 707 Sepharvaim,
3093 645 3147 692 et
3177 637 3476 693 collocavit
3503 655 3595 694 eos
3623 640 3673 696 in
3692 645 3794 698 civi-

2207 723 2428 778 tatibus
2459 724 2729 780 Samarize
2762 742 2865 796 pro
2897 725 3033 780 ﬁliis
3067 726 3280 782 Israel:
3321 727 3419 800 qui
3454 731 3792 799 possederunt

2207 811 2555 884 Samariam,
2571 818 2625 869 et
2641 813 3124 870 habitaveruntin
3157 815 3404 873 urbibus
3424 818 3567 888 ejus.
3584 819 3796 893 Cumque

2204 898 2282 955 ibi
2320 901 2582 958 habitare
2604 903 2941 975 ccepissent,
2977 921 3091 960 non
3115 903 3401 961 timebant
3421 908 3728 976 Dominum,
3753 917 3797 966 et

2203 987 2449 1046 immisit
2479 992 2536 1048 in
2569 1009 2669 1048 eos
2699 993 2986 1050 Dominus
3009 995 3226 1059 leones,
3259 994 3359 1067 qui
3416 996 3793 1055 interﬁciebant

2201 1094 2322 1134 eos.
2345 1079 2813 1152 Nuntiatumque
2831 1086 2920 1137 est
2941 1082 3062 1155 regi
3080 1083 3474 1156 Assyriorum,
3498 1091 3552 1141 et
3569 1087 3786 1144 dictum:

2202 1166 2438 1237 Gentes,
2462 1185 2610 1240 quas
2632 1169 3012 1240 transtulisti,
3037 1175 3092 1226 et
3111 1171 3378 1228 habitare
3402 1173 3581 1230 fecisti
3610 1175 3660 1230 in
3685 1176 3790 1231 civi-

2200 1257 2421 1313 tatibus
2468 1259 2762 1329 Samariaa,
2815 1260 3164 1332 ignorabant
3203 1261 3466 1334 legitima
3507 1264 3600 1320 Dei
3643 1270 3791 1334 terra,

2201 1348 2257 1398 et
2285 1345 2535 1403 immisit
2564 1348 2620 1402 in
2654 1365 2753 1404 eos
2793 1349 3056 1406 Dominus
3076 1350 3157 1422 (h.
3211 1368 3326 1407 non
3377 1351 3566 1425 habet)
3615 1352 3790 1422 leones,

2197 1439 2256 1489 et
2287 1451 2416 1491 ecce
2466 1437 2827 1494 interﬁciunt
2868 1455 2988 1508 eos,
3024 1456 3090 1496 eo
3140 1440 3294 1512 quod
3352 1441 3606 1512 ignorent
3631 1443 3790 1498 ritum.

2197 1523 2298 1580 Dei
2331 1530 2516 1582 terrae.
2541 1528 2820 1601 Praecepit
2841 1533 3039 1584 autem
3065 1546 3164 1586 rex
3183 1531 3573 1604 Assyriorum,
3596 1532 3788 1588 dicens:

2198 1615 2395 1671 I‘ucite
2427 1615 2568 1672 illuc
2599 1634 2782 1673 unum
2814 1618 2887 1675 de
2907 1619 3333 1688 sacerdotibus,
3366 1636 3510 1691 quos
3542 1618 3661 1677 inde
3686 1638 3787 1693 cap-

2194 1703 2344 1760 tivos
2390 1705 2738 1775 adduxistis,
2774 1711 2832 1762 et
2878 1707 3072 1775 vadat,
3124 1712 3179 1764 et
3226 1708 3454 1765 habitet
3482 1726 3607 1765 cum
3635 1709 3721 1778 eis,
3747 1715 3788 1765 et

2195 1791 2400 1848 doceat
2429 1810 2528 1849 eos
2558 1793 2824 1866 legitima
2855 1794 2956 1850 Dei
2999 1800 3185 1851 terraa.
3222 1796 3411 1868 Igitur
3433 1813 3558 1851 cum
3584 1797 3784 1851 venisset

2196 1897 2350 1938 unus
2382 1883 2451 1938 de
2482 1883 2884 1939 sacerdotibus
2916 1883 3030 1952 bis,
3051 1883 3154 1955 qui
3178 1884 3393 1956 captivi
3416 1885 3567 1941 ducti
3598 1885 3782 1942 fuerant

2193 1971 2266 2026 de
2313 1971 2598 2036 Samaria,
2648 1973 2932 2028 habitavit
2979 1973 3037 2026 in
3072 1973 3344 2042 Beth-El,
3372 1980 3426 2030 et
3456 1975 3679 2030 docebat
3702 1990 3776 2029 eos

2193 2062 2488 2131 quomodo
2519 2061 2776 2117 colerent
2831 2063 3159 2119 Dominum.
3191 2066 3261 2118 Et
3293 2079 3642 2136 unaquaque
3667 2078 3778 2134 gens

2194 2149 2474 2205 fabricata
2516 2157 2605 2206 est
2654 2151 2832 2206 Deum
2882 2167 3096 2207 suum:
3149 2158 3583 2224 posueruntque
3627 2167 3709 2207 eos
3733 2151 3775 2205 in

2192 2237 2341 2292 fanis
2371 2237 2637 2309 excelsis,
2671 2255 2799 2310 qua
2821 2241 3076 2296 fecerant
3096 2240 3421 2310 Samaritae,
3451 2257 3586 2314 gens
3603 2246 3651 2296 et
3668 2256 3778 2312 gens

2192 2327 2248 2381 in
2285 2327 2530 2383 urbibus
2577 2329 2722 2396 suis,
2769 2328 2828 2383 in
2860 2329 3075 2400 quibus
3106 2328 3474 2386 habitabant.
3521 2330 3629 2384 Viri
3655 2329 3775 2385 enim

2191 2415 2492 2488 Babylonii
2545 2419 2804 2474 fecerunt
2849 2418 3408 2482 Sochoth-Benoth;
3465 2420 3563 2474 viri
3624 2425 3776 2473 autem

2190 2505 2413 2561 Chutaai
2460 2506 2582 2577 (ms.
2632 2507 2907 2578 Cbuteni)
2953 2507 3211 2562 fecerunt
3255 2508 3481 2579 Nergel,
3527 2513 3580 2562 et
3604 2507 3693 2561 viri
3728 2507 3780 2559 de

2190 2593 2402 2649 Emath
2438 2596 2701 2651 fecerunt
2719 2597 2942 2652 Asima.
2977 2596 3152 2652 Porro
3173 2598 3328 2652 Ανεεί
3362 2598 3481 2669 (ma
3515 2597 3630 2652 Evei
3663 2597 3775 2650 fece-

2189 2689 2328 2738 runt
2356 2684 2584 2740 Nebaaz
2615 2690 2671 2740 et
2699 2685 2951 2741 Tarthac
2978 2687 3105 2758 (ms.
3136 2685 3506 2756 Therthach).
3539 2686 3595 2738 lli
3625 2690 3777 2740 autem

2189 2774 2290 2844 qui
2321 2778 2486 2830 erant
2517 2777 2588 2829 de
2607 2775 2986 2846 Sepharvaim
3032 2775 3454 2832 comburebant
3495 2775 3631 2829 ﬁlios
3671 2788 3777 2828 suos

2191 2861 2332 2934 igni.
2371 2863 2751 2919 Adramelech
2784 2869 2840 2919 et
2875 2863 3218 2919 Adamelech
3255 2865 3372 2918 diis
3413 2862 3776 2935 Sepharvaim;

2188 2961 2242 3006 et
2274 2951 2654 3008 nihilominus
2699 2952 2966 3008 colebant
3012 2953 3358 3008 Dominum.
3411 2954 3665 3009 Fecerunt
3691 2948 3775 3005 sibi

2187 3041 2259 3095 de
2291 3041 2631 3097 novissimis
2659 3043 2992 3098 sacerdotes
3032 3041 3422 3108 excelsorum,
3451 3048 3504 3097 et
3533 3041 3776 3114 ponebant

2189 3146 2288 3185 eos
2320 3131 2379 3185 in
2415 3130 2564 3186 fanis
2595 3131 2717 3202 (ms.
2753 3133 2991 3204 finibus]
3017 3131 3398 3187 sublimibus.
3433 3132 3498 3187 Et
3524 3146 3642 3186 cum
3687 3128 3772 3182 Do-

433 3225 490 3278 et
518 3221 701 3288 lucos,
730 3225 787 3274 et
817 3220 1208 3274 adoraverunt
1239 3219 1572 3276 universam
1608 3222 1877 3278 militiam
1911 3221 2068 3290 cmli;
2108 3194 2150 3262 θ
2191 3220 2416 3276 minum
2447 3221 2722 3288 colerent,
2755 3221 2870 3276 diis
2891 3236 3125 3293 quoque
3157 3222 3286 3277 suis
3319 3219 3776 3288 serviebantjuxta

433 3310 880 3379 servieruntque
915 3306 1070 3373 Baal,
1125 3312 1182 3361 et
1212 3310 1634 3366 consecrabant
1689 3312 1812 3382 (ms.
1845 3311 1971 3368 add.
2005 3312 2076 3378 ei)

436 3400 590 3455 ﬁlios
620 3415 782 3466 suos,
815 3400 872 3451 et
894 3395 1044 3451 ﬁlias
1075 3412 1233 3462 suas,
1258 3414 1360 3469 per
1377 3397 1597 3469 ignem,
1628 3404 1683 3455 et
1702 3399 2078 3458 divinationi-

436 3490 548 3544 bus
581 3486 979 3542 inserviehant
1005 3490 1062 3540 et
1093 3487 1376 3556 auguriis,
1410 3493 1467 3541 et
1497 3488 1865 3544 tradiderunt
1897 3507 1977 3558 se,
2015 3497 2079 3549 ut

439 3579 694 3634 facerent
723 3573 944 3630 malum
979 3591 1171 3629 coram
1219 3576 1460 3630 Domino
1489 3576 1571 3633 (h.
1605 3579 1993 3636 vendiderunt
2019 3599 2080 3638 se

435 3673 501 3723 ut
532 3669 787 3722 facerent
818 3663 1038 3718 malum
1073 3663 1129 3717 in
1149 3663 1335 3719 oculis
1371 3665 1650 3736 Domini),
1685 3671 1749 3721 ut
1777 3667 2078 3726 irritarent

431 3759 555 3829 (ms.
573 3754 968 3818 irritaverunt)
1002 3769 1152 3808 eum.
1170 3753 1476 3825 Iratusque
1501 3755 1884 3812 estDominus
1901 3759 2074 3814 vehe-

434 3851 660 3900 menter
691 3841 911 3904 Israeli,
943 3846 999 3895 et
1028 3840 1275 3896 abstulit
1305 3859 1403 3897 eos
1424 3843 1494 3898 de
1515 3851 1829 3915 conspectu
1864 3863 1992 3913 suo,
2017 3851 2075 3903 et

432 3953 546 3991 non
572 3933 851 3991 remansit
877 3930 1192 3986 nisitribus
1212 3933 1362 3988 Juda
1384 3934 1814 3989 tantummodo.
1837 3935 1946 3990 Sed
1972 3954 2074 3993 nec

430 4024 718 4097 ipseJuda
732 4020 1337 4077 custodivitmandata
1351 4019 1582 4075 Domini
1599 4021 1699 4076 Dei
1717 4023 1808 4077 sui
1833 4039 1846 4078 :
1873 4041 2071 4081 verum

431 4111 823 4169 ambulavitin
841 4109 1136 4165 erroribus
1165 4108 1364 4174 Israel,
1384 4110 1538 4182 quod
1571 4117 1844 4182 operatus
1865 4115 2072 4170 fuerat.

433 4204 802 4274 Projecitque
823 4198 1109 4255 Dominus
1133 4215 1306 4253 omne
1329 4215 1530 4255 semen
1566 4201 1762 4273 Israel,
1783 4208 1839 4257 et
1869 4203 2076 4261 afﬂixit

428 4309 548 4359 eos,
583 4298 639 4347 et
669 4288 983 4346 tradiditin
1010 4304 1186 4342 manu
1220 4287 1648 4360 diripientium,
1681 4291 1864 4347 donec
1891 4294 2073 4364 proji-

429 4387 585 4437 ceret
630 4398 730 4436 eos
779 4398 811 4435 a
865 4378 1011 4434 facie
1043 4394 1189 4444 sua;
1224 4391 1291 4431 ex
1339 4394 1405 4432 eo
1443 4377 1566 4447 jam
1619 4383 1902 4452 tempore,
1956 4399 2072 4454 quo

426 4473 646 4526 scissus
676 4473 765 4524 est
797 4467 971 4524 Israel
1005 4484 1038 4522 a
1085 4468 1258 4522 domo
1304 4466 1501 4532 David,
1553 4472 1611 4522 et
1639 4471 2073 4527 constituerunt

2189 3311 2675 3366 consuetudinem
2720 3310 3008 3382 gentium,
3040 3311 3111 3366 de
3161 3311 3384 3381 quibus
3412 3307 3652 3365 translati
3681 3308 3776 3360 fue-

2191 3400 2692 3454 rantSamariam:
2729 3415 2917 3472 usque
2946 3397 3004 3454 in
3039 3403 3385 3469 praesentem
3424 3397 3566 3454 diem
3597 3408 3772 3450 morem

2189 3493 2521 3560 sequuntur
2545 3488 2878 3560 antiquum.
2903 3488 2990 3560 [T.
3033 3488 3310 3559 CXCIIIJ
3340 3488 3463 3543 Non
3494 3485 3678 3542 timent
3700 3482 3774 3537 do-

2187 3579 2440 3645 minum,
2460 3594 2650 3648 neque
2667 3578 3399 3633 custodiuntcaaremonias
3419 3578 3558 3646 ejus,
3573 3570 3771 3644 judicia.

2185 3673 2242 3723 et
2271 3667 2481 3739 legem,
2513 3672 2570 3721 et
2602 3669 2966 3732 mandatum,
2993 3667 3145 3738 quod
3177 3670 3525 3738 praeceperat
3548 3661 3772 3719 Dominus

2186 3757 2322 3812 filiis
2340 3757 2540 3821 Jacob,
2567 3773 2740 3828 quem
2765 3754 3198 3825 cognominavit
3219 3754 3417 3822 Israel,
3441 3759 3496 3810 et
3518 3763 3768 3824 percusse-

2184 3851 2276 3901 rat
2329 3861 2460 3901 cum
2495 3845 2579 3901 eis
2629 3850 2886 3918 pactum,
2932 3849 2988 3900 et
3020 3845 3399 3900 mandaverat
3427 3842 3530 3907 eis,
3574 3839 3768 3894 dicens:

2183 3935 2374 3992 Nolite
2432 3935 2638 3989 timere
2693 3935 2833 3989 deos
2887 3933 3131 3998 alienos,
3179 3936 3239 3988 et
3274 3950 3386 3988 non
3420 3929 3650 3986 adoretis
3675 3939 3767 3990 eos,

2185 4040 2374 4096 neque
2405 4023 2610 4079 colatis
2638 4039 2738 4079 eos
2783 4023 2906 4094 [ma
2957 4030 3062 4077 tac-
3095 4021 3239 4093 eos],
3284 4026 3341 4076 et
3367 4037 3476 4076 non
3506 4010 3768 4074 immoletis

2184 4115 2308 4168 eis:
2342 4115 2441 4168 sed
2497 4113 2810 4168 Dominum
2862 4113 3033 4168 Deum
3062 4117 3306 4166 vestrum
3342 4110 3420 4182 [h.
3453 4124 3559 4163 non
3590 4101 3762 4169 habet].

2181 4205 2277 4275 qui
2310 4205 2511 4259 eduxit
2539 4220 2640 4259 vos
2690 4204 2760 4258 de
2806 4207 2962 4258 terra
2991 4202 3218 4274 {Egypti
3264 4203 3323 4258 in
3367 4197 3636 4256 fortudine
3676 4205 3767 4247 ma-

2181 4309 2315 4364 gna,
2348 4299 2406 4350 et
2436 4292 2494 4348 in
2525 4292 2764 4348 brachio
2787 4296 3016 4347 extento
3044 4309 3057 4346 :
3092 4292 3292 4362 ipsum
3314 4290 3526 4354 timete,
3556 4291 3608 4340 et
3634 4280 3764 4336 illum

2181 4383 2438 4451 adorato,
2489 4385 2548 4437 et
2604 4381 2714 4453 ipsi
2771 4381 3092 4436 immolate.
3153 4377 3533 4435 Caeremonias
3577 4379 3766 4445 quoque

2180 4471 2499 4543 etjudiciu,
2543 4480 2597 4526 et
2628 4473 2835 4543 legem,
2888 4475 2944 4525 et
2976 4470 3346 4538 mandatum,
3393 4465 3537 4538 quod
3575 4455 3766 4528 scripsit

426 4561 536 4615 sibi
568 4574 761 4630 regem
794 4557 1101 4612 Jeroboam
1133 4553 1318 4608 ﬁlium
1351 4555 1565 4611 Nabat:
1599 4559 2068 4629 separaviteuim
2099 4568 2145 4632 ι)
2177 4560 2361 4627 vobis,
2393 4559 2703 4630 custodite,
2736 4563 2802 4615 ut
2843 4559 3072 4614 faciatis
3102 4557 3332 4613 cunctis
3362 4555 3577 4617 diebus,
3601 4553 3650 4604 et
3675 4558 3760 4632 non

425 4650 735 4706 Jeroboam
773 4645 949 4701 Israel
998 4662 1032 4700 a
1082 4643 1348 4709 Domino,
1409 4649 1468 4699 et
1511 4661 1750 4717 peccare
1799 4663 1899 4704 eos
1932 4650 2067 4706 fecit
2101 4630 2118 4632 ί
2175 4649 2434 4706 timeatis
2469 4649 2608 4705 deos
2639 4647 2881 4704 alienos.
2917 4648 2984 4703 Et
3027 4652 3264 4719 pactum
3299 4645 3446 4717 quod
3481 4630 3761 4714 percussit'

424 4743 726 4812 peccatum
763 4751 1060 4806 magnum,
1096 4733 1165 4788 Et
1194 4733 1641 4789 ambulaverunt
1671 4734 1771 4790 ﬁlii
1806 4738 1982 4794 Israel
2007 4739 2065 4795 in

424 4827 711 4884 universis
737 4823 986 4896 peccatis
1023 4822 1335 4878 Jeroboam
1367 4838 1496 4892 quae
1542 4823 1796 4894 fecerat;
1829 4844 1940 4883 non
1973 4845 2063 4884 re-

424 4920 731 4974 cesserunt
759 4914 828 4968 ab
841 4913 949 4978 eis,
978 4927 1284 4982 usquequo
1308 4911 1562 4967 auferret
1580 4914 1864 4972 Dominus
1887 4917 2066 4974 Israel

425 5027 460 5066 a
487 5005 632 5062 facie
664 5021 794 5068 sua,
828 5001 975 5058 sicut
1006 5001 1239 5056 locutus
1273 5000 1457 5056 fuerat
1490 5001 1545 5056 in
1581 5018 1758 5058 manu
1794 5007 2062 5064 omnium

419 5111 719 5154 servorum
753 5106 996 5148 suorum
1018 5088 1426 5162 prephetarum
1455 5104 1467 5145 :
1502 5091 1945 5166 translatusque
1975 5103 2066 5154 est

419 5184 596 5244 Israel
634 5185 705 5240 de
733 5188 888 5238 terra
913 5196 1022 5236 sua
1055 5179 1111 5233 in
1147 5177 1701 5251 Assyrios,usquein
1717 5182 1869 5239 diem
1887 5183 2060 5242 hanc.

492 5366 613 5420 ‘Ita
641 5363 837 5418 Canon
860 5360 1036 5415 Hebr.
1069 5357 1330 5414 veritatis
1352 5360 1409 5412 et
1428 5373 1536 5412 ms.
1567 5357 1744 5414 codex
1775 5359 2058 5421 Colberti.

417 5453 530 5492 nus
561 5433 902 5499 Aniciensis,
937 5447 1042 5486 nec
1076 5447 1190 5485 non
1225 5427 1612 5499 perantiquus
1641 5430 1696 5483 S.
1729 5430 2060 5494 Germania

413 5509 607 5579 Patris
623 5506 907 5579 nu_m.3.et
924 5503 973 5579 si
989 5503 1060 5556 ab
1075 5501 1346 5579 imperito
1359 5499 1563 5579 emend
1575 5503 1733 5579 atore
1745 5513 2058 5579 corruptus

414 5574 877 5653 legalur.Ca:teri
899 5574 1131 5653 __legunt
1164 5569 1533 5653 oﬂegzderuyit,
1548 5569 1635 5625 vel
1664 5569 2051 5653 irritaverant,

414 5646 550 5708 cu‘m
580 5655 780 5706 tamen
806 5648 866 5704 in
899 5647 1070 5703 Hebr.
1105 5646 1393 5716 scriptum
1413 5646 1492 5700 sit
1515 5650 1742 5714 manu,
1775 5651 1928 5720 quod
1957 5646 2056 5725 ope

2173 4739 2502 4804 vobiscum,
2529 4736 2704 4792 nolite
2729 4735 3027 4792 oblivisci:
3059 4753 3163 4791 nec
3185 4735 3390 4791 colatis
3410 4734 3538 4787 deos
3563 4727 3754 4820 alienos.

2178 4829 2277 4884 sed
2308 4827 2618 4883 Dominum
2653 4826 2834 4882 Deum
2875 4830 3136 4880 vestrum
3169 4825 3367 4880 timete
3401 4821 3478 4894 [h.
3501 4823 3553 4874 et
3578 4830 3675 4870 non
3701 4814 3756 4862 ti-

2181 4917 2392 4973 mentis
2423 4916 2563 4971 deos
2593 4915 2834 4982 alienos,
2862 4915 2960 4969 sed
2999 4913 3312 4969 Dominum
3349 4912 3520 4966 Deum
3543 4907 3754 4992 vestrm}!

2175 5005 2424 5078 timete],
2458 5009 2516 5061 et
2546 5004 2671 5075 ipse
2700 5008 2866 5059 eruet
2892 5019 2995 5058 vos
3025 5003 3096 5057 de
3119 5018 3297 5058 manu
3327 4997 3570 5056 omnium
3599 4989 3755 5044 inimi-

2176 5111 2378 5151 corum
2404 5099 2750 5150 vestrorum.
2777 5091 2866 5146 Illi
2882 5108 3014 5147 vero
3035 5107 3148 5146 non
3165 5090 3467 5147 audierunt
3491 5101 3504 5152 ;
3523 5080 3612 5137 sed
3622 5078 3755 5150 in!“

2175 5183 2656 5240 consuetudinem
2681 5197 2849 5237 suam
2869 5179 3176 5253 pristinam
3200 5175 3609 5252 perpetrabant.
3639 5163 3754 5220 Fue-

2169 5368 2407 5418 ruerunt
2435 5364 2494 5416 et
2521 5359 2937 5415 occultaverunt
2966 5357 3276 5430 signiﬁcat.
3296 5354 3472 5411 MART.

2239 5434 2260 5467 ²
2289 5433 2464 5488 Tacet
2492 5431 2647 5486 idem
2678 5447 2788 5486 ms.
2812 5429 3002 5485 verba.
3028 5429 3048 5430 ί
3720 5473 3731 5486 .

2235 5505 2257 5540 ⁹
2286 5505 2346 5559 ln
2381 5503 2694 5558 Veronens.
2720 5518 2855 5570 ms.,
2906 5501 3095 5571 prima
3125 5513 3365 5571 persona
3393 5496 3498 5562 est,
3513 5489 3742 5544 Ρενεωηι

2163 5575 2661 5649 quemadmodum
2693 5577 2751 5629 et
2779 5573 2839 5630 in
2870 5573 3128 5640 Hebraeo,
3149 5581 3300 5631 πη).
3342 5602 3345 5604 -
