3938 6174
175 371 264 426 80‘.)
1464 363 1677 418 LIBER
1715 365 1730 415 l

1988 363 2213 420 ισΗω.
3438 363 3543 417 810

175 501 288 554 runt
306 494 680 567 igiturgentes
703 491 827 547 istis
850 489 1128 546 timentes
1173 489 1412 561 quidem
1429 487 1770 554 Dominum,
1805 488 1861 554 Α
1892 493 2120 558 pertum
2144 490 2413 546 t'ueratin
2444 492 2619 546 domo
2646 489 2895 560 Domini,
2909 493 2967 546 et
2986 489 3046 545 in
3069 489 3364 547 thesauris
3385 488 3542 562 regis

173 585 252 642 sed
289 579 652 638 nihilominus
679 583 736 636 et
767 578 942 635 idolis
973 578 1100 634 suis
1152 575 1476 634 servientes
1507 576 1611 648 [ms
1658 593 1783 631 ser-
1895 576 1980 647 (h.
2013 578 2148 634 etin
2183 579 2476 636 thesauris
2522 580 2736 636 domus
2789 579 2984 652 regis).
3020 583 3084 637 In
3135 584 3392 652 tempore
3439 577 3540 634 illo

171 671 426 743 viebant]:
462 686 595 725 nam
627 674 685 724 et
717 667 820 724 lilii
853 684 1080 738 eorum,
1113 672 1171 723 et
1217 673 1479 739 nepotes,
1512 665 1667 722 sicut
1701 665 1787 720 fe-
1895 667 2180 738 confregit
2199 669 2474 726 Ezechias
2491 668 2688 726 valvas
2709 668 3185 740 templiDomini,
3208 673 3267 724 et
3286 667 3542 724 laminas

169 766 343 818 cerunt
370 765 554 832 patres
587 754 734 830 [ma]
764 757 1054 830 parentes]
1089 756 1202 822 sui,
1232 756 1314 812 ita
1334 755 1556 812 faciunt
1599 769 1789 824 usque
1894 758 2026 811 auri
2053 757 2135 827 (h.
2169 774 2244 814 no
2259 758 2476 830 habet),
2505 775 2651 830 quas
2699 757 2826 830 ipse
2857 758 3142 826 afﬁxerat,
3183 762 3238 813 et
3260 757 3422 813 dedit
3442 773 3542 813 eas

165 853 214 907 in
259 853 583 923 praesentem
646 846 824 902 diem.
1895 846 2430 919 regiAssyriorum.
2449 848 2828 904 MisitAutem
2850 862 2948 903 rex
2967 847 3339 919 Assyriorum
3353 846 3540 903 Thar-

222 940 299 1011 [T.
329 936 550 1005 CXCIV,
612 936 743 1007 Cap.
800 935 1019 1007 XVIII]
1074 938 1240 990 Anno
1274 931 1443 989 tertio
1477 931 1623 988 Osee
1680 929 1785 985 ﬁlii
1893 933 2056 1001 than,
2089 941 2146 990 et
2165 936 2433 1004 Rabaris,
2485 941 2543 992 et
2563 937 2899 992 Rabscacen
2922 936 3048 1008 (ms.
3082 935 3446 1005 Rabsacben)
3471 936 3543 992 de

159 1027 243 1085 Ela
269 1027 410 1100 regis
441 1025 644 1095 Israel,
666 1025 930 1097 regnavit
956 1023 1225 1079 Ezechias
1251 1021 1411 1076 ﬁlius
1441 1021 1597 1076 Ahaz
1632 1019 1784 1091 regis
1894 1024 2102 1080 Lachis
2141 1026 2214 1081 ad
2235 1043 2427 1097 regem
2459 1026 2786 1094 Ezechiam,
2819 1042 2955 1082 cum
2990 1043 3170 1082 manu
3200 1024 3413 1092 valida,
3444 1028 3541 1080 Je-

159 1118 304 1174 Juda.
329 1115 536 1188 Vigiuti
566 1115 648 1186 [h.
686 1113 866 1169 Filius
905 1113 1316 1184 xvaquinque
1343 1125 1634 1166 annorum
1660 1108 1786 1164 erat
1891 1113 2150 1172 rusalem
2178 1131 2192 1182 ;
2226 1115 2326 1188 qui
2357 1134 2492 1172 cum
2531 1117 2958 1188 ascendissent,
2981 1120 3269 1172 venerunt
3305 1117 3540 1172 Jerusa-

156 1223 270 1263 cum
299 1221 534 1278 regnare
563 1204 853 1276 cmpisset,
887 1207 944 1258 et
971 1200 1182 1273 viginti
1242 1215 1450 1256 novem
1486 1198 1658 1254 annis
1693 1213 1782 1253 re-
1889 1203 2028 1269 lem,
2059 1208 2118 1260 et
2149 1209 2442 1262 steterunt
2480 1208 2652 1277 juxta
2681 1206 3094 1278 aquaeductum
3142 1204 3381 1277 piscina:
3435 1222 3542 1262 ευ-

151 1291 1004 1368 guavitinJerusalemznomen
1028 1291 1381 1360 matrisejus
1405 1287 1514 1344 Abi
1539 1287 1660 1343 ﬁlia
1682 1291 1781 1344 Za.
1889 1293 2314 1364 perioris,quaa
2371 1299 2461 1350 est
2519 1293 2577 1349 in
2638 1295 2730 1351 via
2776 1295 2914 1368 Agri
2975 1293 3233 1351 fullonis.
3289 1293 3544 1350 Vocave-

150 1385 352 1442 cbarim.
382 1383 649 1454 Fecitque
680 1381 836 1454 quod
859 1387 984 1436 erat
1017 1381 1237 1436 bonum
1280 1394 1478 1434 coram
1509 1376 1778 1443 Domino,
1889 1386 2142 1453 runtque
2174 1399 2360 1454 regem
2389 1399 2402 1438 :
2437 1399 2710 1455 egressus
2731 1390 2822 1440 est
2840 1391 3036 1441 autem
3060 1384 3130 1439 ad
3164 1401 3266 1440 eos
3296 1383 3538 1440 Eliacim

147 1476 216 1545 [h.
246 1475 297 1528 in
316 1472 496 1529 oculis
513 1471 796 1542 Domini],
821 1466 1575 1542 juxtaomniaquml‘ecerat
1596 1466 1777 1522 David
1887 1469 2046 1526 ﬁlius
2079 1470 2287 1527 Helcias
2316 1473 2664 1544 praepositus
2695 1475 2928 1541 domus,
2957 1479 3016 1529 et
3069 1473 3266 1530 Sobna
3321 1473 3536 1542 scriba,

149 1575 288 1640 pater
316 1570 440 1639 ejus
465 1568 596 1637 [ms]
647 1563 839 1639 suus].
897 1562 1218 1634 T.[CXCV,]
1293 1561 1424 1632 Ipse
1467 1559 1780 1632 dissipavit
1886 1565 1942 1614 et
1969 1560 2152 1616 Joahe
2173 1562 2194 1594 ⁴
2227 1560 2381 1617 ﬁlius
2401 1562 2600 1634 Asaph
2624 1563 3134 1620 acommentariis.
3167 1562 3440 1636 Dixitque
3463 1563 3536 1620 ad

143 1660 362 1727 excelsa,
392 1663 448 1712 et
475 1653 753 1712 contrivit
772 1658 1001 1710 statuas
1039 1652 1122 1724 (h.
1155 1650 1408 1720 titulos),
1441 1653 1498 1706 et
1529 1648 1781 1705 succidit
1884 1665 1984 1706 eos
2016 1650 2307 1708 Rabsaoes
2341 1669 2355 1708 :
2390 1653 2719 1725 Loquimini
2751 1653 3002 1711 Ezechiae
3037 1672 3051 1710 :
3103 1655 3230 1711 Ilaec
3259 1653 3407 1710 dixit
3436 1670 3537 1710 rex

145 1744 711 1817 lucos,conl'regitque
743 1745 1074 1814 serpentem
1110 1756 1336 1796 aeneum
1374 1739 1494 1811 [τηις.
1518 1738 1777 1810 aereum],
1885 1755 2160 1813 magnus,
2223 1758 2322 1796 rex
2379 1744 2750 1816 Assyriorum
2789 1759 2804 1800 :
2863 1761 2988 1816 qua:
3021 1749 3112 1800 est
3160 1743 3276 1799 ista
3319 1743 3538 1801 fiducia

144 1852 295 1907 quem
328 1836 546 1891 fecerat
575 1833 804 1889 Moses:
830 1830 1123 1903 siquidem
1148 1845 1336 1900 usque
1357 1831 1428 1885 ad
1464 1827 1608 1883 illud
1635 1831 1776 1884 tem-
1807 1851 1856 1916 Β
1888 1845 2004 1900 qua
2036 1829 2280 1886 niteris?
2312 1831 2576 1887 Forsitan
2596 1833 2758 1888 inisti
2781 1831 3116 1901 consilium,
3150 1838 3215 1888 ut
3241 1849 3533 1906 praapares

154 1942 250 1997 pus
278 1924 377 1979 ﬁlii
407 1923 592 1980 Israel
624 1920 939 1978 adolebant
970 1920 1022 1975 ei
1053 1918 1364 1974 incensum
1390 1935 1403 1974 :
1435 1916 1776 1986 vocavitque
1889 1927 1942 1974 te
1974 1919 2046 1974 ad
2078 1920 2367 1991 praelium.
2397 1921 2461 1976 In
2492 1937 2608 1993 quo
2665 1921 2933 1991 conﬁdis,
2977 1926 3043 1977 ut
3067 1921 3285 1978 audeas
3345 1921 3532 1978 rebel-

148 2031 334 2070 nomen
365 2014 493 2085 ejus
526 2012 827 2068 Naastban
860 2012 899 2066 ⁶.
936 2011 999 2065 In
1025 2009 1269 2066 Domino
1292 2008 1406 2064 Deo
1435 2006 1613 2064 Israel
1645 2023 1778 2078 spe-
1886 2005 2007 2062 lare
2033 2007 2061 2062 ?
2091 2023 2164 2063 an
2205 2025 2408 2080 speras
2451 2008 2533 2080 (h.
2586 2009 2646 2065 In
2681 2027 2795 2082 quo
2850 2009 3166 2076 conﬁdisti,
3228 2016 3293 2066 ut
3347 2028 3530 2068 ausus

141 2105 297 2160 ravit:
323 2105 520 2176 itaque
548 2107 827 2174 posteum
850 2116 965 2156 non
992 2099 1102 2154 fuit
1123 2097 1339 2155 similis
1370 2098 1421 2153 ei
1455 2097 1528 2152 de
1548 2095 1776 2152 cunctis
1884 2096 2101 2152 fuisses
2131 2097 2412 2154 rebellem
2443 2097 2589 2153 mihi
2619 2098 2646 2153 ’ἰ
2672 2099 2944 2170 sperasti)
2975 2099 3033 2154 in
3092 2099 3298 2156 baculo
3351 2116 3526 2156 arun-

139 2191 942 2265 regibusJuda,sedneque1n
973 2187 1066 2244 his
1089 2189 1190 2258 qui
1212 2191 1493 2242 anteeum
1514 2186 1773 2256 fuerunt,
1883 2187 2058 2242 dineo
2089 2193 2266 2259 atque
2324 2189 2618 2244 contracto
2665 2188 2932 2261 Egypto,
2992 2205 3169 2260 super
3220 2205 3417 2260 quem,
3477 2189 3529 2246 si

143 2289 190 2336 et
216 2282 449 2338 adhaesit
481 2280 821 2346 Domino,et
852 2295 967 2334 non
999 2277 1239 2333 recessit
1269 2293 1302 2332 a
1325 2274 1590 2348 vestigiis
1619 2276 1770 2347 ejus:
1880 2276 2173 2332 incuberit
2223 2275 2422 2344 homo,
2479 2277 2882 2334 comminutus
2927 2277 3293 2349 ingredietur
3348 2278 3524 2349 (Vulg.

137 2372 354 2444 fecitque
376 2372 459 2441 [h.
492 2368 954 2440 custodivitque]
982 2367 1260 2422 mandata
1287 2367 1438 2436 ejus,
1465 2382 1592 2437 quas
1626 2381 1770 2437 pris-
1880 2365 2230 2438 ingreditur)
2262 2382 2506 2422 manum
2529 2368 2679 2438 ejus,
2701 2372 2758 2422 et
2774 2367 3092 2438 perforabit
3112 2384 3239 2424 eam
3269 2367 3297 2423 ?
3327 2367 3413 2424 sic
3438 2373 3530 2424 est

135 2467 341 2532 ceperat
369 2460 667 2517 Dominus
692 2458 858 2514 Mosi.
896 2457 1057 2513 Unde
1082 2459 1139 2512 et
1161 2459 1286 2511 erat
1313 2454 1601 2510 Dominus
1633 2470 1765 2510 cum
1879 2455 2103 2510 Pharao
2134 2470 2233 2510 rex
2260 2455 2489 2527 .Egypti
2547 2455 2826 2512 omnibus
2882 2457 2982 2526 qui
3020 2457 3326 2512 conﬁdunt
3359 2455 3418 2511 in
3460 2473 3528 2512 eo

134 2566 210 2617 ro,
235 2554 288 2606 et
316 2551 373 2606 in
404 2549 670 2619 cunctis,
704 2548 776 2604 ad
798 2563 922 2618 quae
956 2544 1326 2618 procedebat,
1360 2543 1658 2615 sapienter
1705 2558 1768 2598 se
1875 2547 1977 2611 (ms
2007 2553 2058 2598 et
2087 2543 2245 2616 Vulg.
2271 2545 2378 2614 se).
2439 2544 2600 2608 Quod
2634 2543 2683 2599 si
2741 2544 3006 2601 dixeritis
3050 2544 3196 2600 mihi
3226 2561 3242 2602 :
3284 2545 3348 2600 In
3406 2545 3522 2601 Do-

132 2640 317 2709 agebat
343 2681 358 2697 .
414 2636 748 2696 Rebellavit
768 2653 1005 2709 quoque
1031 2639 1234 2691 contra
1264 2649 1458 2705 regem
1499 2633 1766 2704 Assyrio-
1876 2632 2035 2688 mino
2066 2631 2182 2688 Deo
2215 2637 2414 2688 nostro
2444 2632 2731 2688 habemus
2753 2633 3052 2703 ﬁduciam,
3081 2649 3270 2690 nonne
3296 2633 3404 2690 iste
3433 2639 3524 2690 est

131 2745 262 2796 rum,
292 2734 347 2785 et
386 2747 504 2785 non
546 2726 780 2784 servivit
807 2725 881 2780 ei.
913 2727 1043 2795 Ipse
1075 2721 1366 2794 percussit
1399 2720 1765 2777 Philisthaeos
1874 2721 2044 2790 cujus
2076 2720 2320 2776 abstulit
2349 2720 2616 2776 Ezechias
2663 2721 2888 2777 excelsa
2917 2727 2974 2777 et
3029 2721 3256 2792 altaria,
3287 2729 3345 2779 et
3375 2741 3526 2796 pra:-

131 2834 294 2888 usque
313 2819 560 2884 Gazam,
592 2821 649 2872 et
679 2832 884 2871 omnes
931 2814 1216 2869 terminos
1264 2828 1491 2876 eorum,
1513 2828 1548 2867 a
1605 2815 1766 2868 turre
1872 2811 2028 2882 cepit
2049 2810 2212 2866 Judaa
2234 2815 2291 2866 et
2318 2810 2640 2866 Jerusalem
2667 2827 2681 2865 :
2705 2816 2851 2866 Ante
2870 2810 3049 2868 altare
3070 2811 3178 2867 hoc
3198 2813 3524 2870 adorabitis

128 2908 423 2964 Custodum
457 2921 655 2977 usque
672 2904 744 2960 ad
769 2903 1058 2958 civitatem
1081 2900 1368 2956 munitam
1404 2900 1528 2971 [πω.
1563 2917 1764 2954 mura-
1873 2901 1932 2956 in
1960 2899 2285 2956 Jerusalem
2315 2899 2342 2954 ?
2372 2899 2538 2956 Nunc
2569 2900 2748 2972 igitur
2808 2902 3052 2958 transite
3083 2903 3154 2957 ad
3212 2902 3521 2960 dominum

127 2997 272 3068 tam}.
303 3003 470 3053 Anno
502 2999 721 3068 quarto
754 2993 908 3065 regis
941 2989 1214 3058 Ezechiae,
1248 2989 1350 3060 qui
1405 2993 1530 3044 erat
1570 3004 1764 3045 annus
1875 3007 2070 3046 meum
2104 3006 2299 3062 regem
2322 2990 2718 3062 Assyriorum,
2741 2995 2798 3046 et
2817 2991 2968 3047 dabo
2989 2992 3154 3048 vobis
3175 2992 3291 3048 duo
3341 2990 3526 3049 millia

127 3087 388 3156 septimus
417 3086 575 3141 Osee
604 3081 708 3138 ﬁlii
749 3079 904 3154 regis
958 3077 1156 3149 Israel,
1207 3077 1474 3134 ascendit
1530 3076 1760 3133 Salma-
1870 3095 2158 3151 equorum
2189 3085 2248 3135 et
2277 3079 2464 3135 videte
2508 3095 2582 3134 an
2640 3079 2855 3136 habere
2913 3079 3154 3138 valeatis
3183 3098 3526 3139 ascensores

126 3190 278 3230 nasar
306 3192 402 3231 rex
448 3172 832 3242 Assyriorum
864 3171 924 3225 in
968 3169 1090 3240 [ηις.
1121 3172 1263 3223 tacet
1316 3167 1375 3222 in
1409 3167 1757 3234 Samariam,
1795 3225 1832 3242 η
1871 3185 2096 3224 eorum.
2129 3169 2196 3224 Et
2228 3169 2517 3238 quomodo
2558 3168 2802 3240 potestis
2832 3168 3105 3226 resistere
3147 3174 3282 3226 ante
3341 3187 3524 3227 unum

123 3225 826 3336 etveam,et
855 3225 1028 3330 cepit.
1063 3257 1209 3313 Nam
1243 3261 1376 3328 post
1404 3273 1589 3312 annos
1620 3225 1758 3326 tres,
1791 3225 1834 3292 C
1873 3264 2171 3329 satrapam
2203 3225 2285 3324 (h.
2321 3257 2420 3313 uni
2479 3225 2748 3330 satrapae)
2779 3260 2852 3314 de
2883 3259 3066 3316 servis
3088 3225 3095 3226 γ
3121 3225 3526 3318 dominiwniei

124 3369 257 3408 anno
285 3359 443 3411 sexto
475 3350 760 3420 Ezechiae,
791 3348 850 3403 id
882 3353 970 3404 est
1003 3363 1153 3402 nono
1209 3363 1383 3412 anno,
1449 3350 1572 3412 [ηδε.
1621 3351 1767 3401 tacet
1877 3346 2144 3403 minimis
2175 3347 2203 3402 ?
2232 3348 2319 3402 An
2353 3347 2631 3402 ﬁduciam
2691 3347 2873 3404 habes
2905 3347 2962 3403 in
2995 3353 3241 3422 Aigypto
3290 3357 3528 3422 propter

123 3443 275 3514 anno]
297 3442 440 3498 Osee
468 3440 636 3513 regis
659 3437 1044 3508 Israel,capta
1064 3441 1154 3491 est
1171 3433 1455 3502 Samaria,
1479 3439 1536 3490 et
1569 3440 1767 3490 trans-
1877 3453 2088 3493 currus
2115 3443 2174 3492 et
2202 3436 2428 3505 equites
2460 3436 2482 3491 Ρ
2510 3436 2786 3510 Nunquid
2810 3438 2938 3494 sine
2967 3439 3201 3494 Domini
3229 3439 3528 3496 voluntate

123 3530 241 3588 tulit
269 3550 363 3588 rex
390 3529 775 3603 Assyriorum
801 3525 980 3582 Israel
1022 3526 1079 3580 in
1103 3524 1393 3596 Assyrios,
1434 3523 1765 3580 collocavit-
1878 3524 2117 3582 ascendi
2159 3525 2230 3580 ad
2262 3524 2456 3580 locum
2488 3525 2693 3594 istum,
2719 3530 2783 3582 ut
2813 3527 3099 3584 demoliar
3128 3532 3257 3598 (ms.
3289 3538 3344 3585 et
3371 3529 3524 3600 Vulg.

129 3636 225 3690 que
250 3637 345 3678 eos
373 3620 436 3677 in
467 3620 626 3677 Hala
646 3622 704 3674 et
734 3617 794 3672 in
821 3616 1016 3672 Habor
1047 3612 1242 3669 ﬂuviis
1273 3611 1464 3668 Gozan
1499 3614 1624 3685 [τηε.
1655 3617 1769 3669 Ga-
1879 3613 2212 3684 demolirer)
2243 3630 2378 3669 eum
2404 3613 2431 3668 ?
2487 3613 2775 3670 Dominus
2825 3614 2972 3672 dixit
3002 3617 3147 3673 mihi
3180 3635 3194 3673 :
3265 3621 3527 3675 Ascende

128 3714 241 3784 πω]
263 3715 318 3768 in
349 3710 698 3769 civitatibus
725 3707 808 3780 [h.
843 3711 901 3762 et
929 3705 987 3760 in
1019 3703 1384 3774 civitatibus]
1418 3704 1719 3760 Medorum
1752 3721 1766 3760 :
1881 3704 1953 3760 ad
1986 3708 2202 3760 terram
2239 3703 2404 3770 hanc,
2438 3703 2793 3760 etdemolire
2813 3722 2966 3761 eam.
2991 3706 3273 3763 Dixerunt
3302 3714 3524 3778 autem,

130 3800 252 3870 quia
270 3819 380 3858 non
406 3799 732 3858 audierunt
755 3809 947 3852 vocem
970 3792 1202 3850 Domini
1237 3791 1335 3847 Dei
1366 3791 1480 3859 sui,
1502 3793 1603 3849 sed
1626 3809 1770 3865 praa-
1882 3792 2124 3848 Eliacim
2149 3791 2306 3847 ﬁlius
2328 3790 2554 3860 Helcize,
2577 3797 2634 3847 et
2657 3793 2850 3849 Sobna
2870 3796 2953 3866 (h.
2978 3795 3191 3858 Sebna,
3223 3803 3277 3853 et
3317 3797 3524 3864 Joahe,

126 3893 381 3964 tergressi
412 3895 562 3948 sunt
592 3884 1386 3961 pactumejusmmniaque
1419 3887 1775 3956 praeceperat
1884 3880 2135 3937 Rabsaci
2193 3896 2207 3935 :
2269 3883 2587 3935 Precamur
2666 3886 2729 3935 ut
2786 3880 3044 3951 loquaris
3104 3883 3272 3938 nobis
3341 3901 3528 3941 servus

130 3978 296 4036 Moses
323 3996 531 4036 servus
566 3974 819 4044 Domini,
854 3989 966 4029 non
1003 3970 1340 4037 audierunt,
1404 3987 1593 4043 neque
1626 3973 1773 4028 fece-
1883 3969 2003 4026 tuis
2033 3969 2265 4041 Syrisce
2298 3984 2311 4022 :
2345 3966 2639 4040 siquidem
2663 3968 3050 4041 intelligimus
3074 3970 3531 4043 hauclinguam,

131 4075 272 4126 runt.
302 4069 392 4144 [Τ.
425 4066 690 4137 CXCVI]
721 4067 888 4120 Anno
924 4067 1133 4134 quarto
1159 4059 1388 4116 decimo
1447 4063 1602 4134 regis
1638 4063 1776 4119 Eze-
1885 4064 1942 4115 et
1964 4075 2079 4114 non
2110 4057 2366 4128 loquaris
2389 4056 2558 4113 nobis
2579 4056 2841 4126 Judaice,
2865 4059 3140 4116 audiente
3164 4061 3396 4134 populo,
3430 4061 3533 4133 qui

129 4156 254 4212 chirs
309 4157 585 4215 ascendit
639 4148 1213 4210 Senuacherib’rex
1267 4150 1642 4222 Assyriorum
1702 4151 1775 4206 ad
1887 4154 1976 4205 est
2003 4163 2181 4219 super
2243 4163 2499 4202 murum.
2555 4147 2990 4220 Responditque
3061 4151 3147 4206 eis
3202 4149 3532 4207 Rabsaces:

130 4247 413 4305 universas
435 4247 712 4303 civitates
731 4242 883 4298 Juda
907 4239 1188 4306 munitas,
1213 4242 1271 4294 et
1293 4238 1449 4310 cepit
1471 4257 1590 4296 eas.
1614 4240 1779 4296 Tunc
1891 4237 2166 4308 Nunquid
2197 4237 2271 4293 ad
2303 4236 2609 4292 dominum
2637 4242 2828 4306 tuum,
2859 4245 2916 4294 et
2944 4239 3016 4294 ad
3047 4245 3103 4294 te
3119 4239 3279 4297 misit
3309 4257 3398 4297 me
3429 4243 3536 4297 do-

128 4324 495 4396 lms.Etnunc
530 4333 987 4394 niisithechias
1011 4349 1110 4388 rex
1172 4331 1346 4400 Juda,
1405 4333 1650 4389 nuntios
1697 4333 1769 4389 ad
1890 4327 2087 4383 minus
2131 4342 2315 4392 meus,
2376 4331 2442 4382 ut
2471 4325 2741 4398 loquerer
2787 4343 3087 4384 sermones
3144 4329 3273 4401 hos,
3306 4336 3364 4386 et
3420 4348 3536 4387 non

134 4443 318 4499 regem
337 4427 724 4500 Assyriorum
755 4423 814 4478 in
848 4422 970 4494 [ηις.
1003 4433 1110 4479 ιασ.
1171 4419 1230 4476 in
1261 4419 1496 4487 Lachis,
1541 4422 1776 4478 dicens:
1891 4418 2086 4488 potius
2115 4416 2136 4450 ⁸
2161 4416 2233 4471 ad
2259 4417 2433 4482 viros,
2467 4416 2568 4488 qui
2601 4417 2806 4472 sedent
2848 4434 3027 4489 super
3059 4435 3315 4486 murum,
3353 4427 3416 4476 ut
3445 4438 3542 4477 co-

134 4517 375 4584 Peccavi,
418 4517 630 4575 recede
659 4531 693 4569 a
724 4528 836 4578 me,
895 4518 953 4568 et
983 4529 1178 4581 omne,
1238 4509 1393 4579 quod
1429 4509 1782 4582 imposueris
1891 4507 2129 4562 medant
2156 4511 2412 4561 stercora
2441 4522 2567 4572 sua,
2604 4511 2662 4561 et
2693 4506 2900 4562 bibant
2953 4508 3186 4563 urinam
3237 4526 3406 4566 suam
3441 4527 3539 4566 vo-

136 4604 290 4674 mihi,
320 4606 530 4662 feram.
560 4601 774 4659 Indixit
793 4602 990 4672 itaque
1012 4617 1112 4657 rex
1132 4595 1504 4666 Assyriorum
1528 4598 1780 4654 Ezechia
1814 4604 1860 4667 ι)
1891 4594 2122 4651 hiscum
2154 4595 2181 4648 ?
2209 4594 2496 4666 Stetitque
2548 4595 2745 4666 itaque
2811 4595 3124 4662 Rabsaces,
3155 4607 3215 4652 et
3269 4597 3548 4656 clamavit

137 4693 421 4765 regiJuda:
444 4690 1178 4762 trcentatalentaargenti,
1201 4693 1260 4744 et
1279 4686 1523 4757 triginta
1567 4686 1788 4742 talenta
1899 4701 2036 4740 voce
2067 4699 2279 4755 magna
2305 4683 2570 4754 Judaice,
2603 4691 2662 4739 et
2718 4683 2802 4739 ait
2833 4701 2846 4740 :
2889 4685 3100 4741 Audite
3159 4686 3336 4743 verba
3392 4688 3546 4760 regis

137 4783 270 4839 auri.
300 4783 604 4855 Deditque
629 4781 907 4838 Ezechias
937 4795 1108 4836 omne
1138 4781 1450 4851 argentum
1503 4777 1662 4848 quod
1695 4793 1789 4833 re-
1901 4773 2122 4845 magni,
2157 4774 2310 4843 regis
2339 4774 2735 4846 Assyriorum.
2777 4773 2898 4830 haec
2926 4774 3066 4830 dicit
3123 4792 3257 4832 rex:
3289 4776 3416 4833 Non
3450 4795 3550 4834 vos

205 4980 222 5062 ξ
250 4979 409 5062 Idem
443 4995 563 5036 ms.
597 4978 745 5047 Quod
774 4985 893 5034 erat
931 4975 1210 5048 placitum
1247 4975 1312 5030 in
1368 4974 1662 5044 conspectu
1692 4972 1796 5028 Do-
1975 4999 2045 5009 —
2071 4967 2390 5062 Verissime
2421 4967 2784 5062 habet‘ide'm
2813 4985 2929 5062 ins.
2955 4974 3270 5044 vocavitque
3295 4989 3436 5062 eam.
3455 4990 3556 5043 pro

147 5066 463 5179 mnganon
483 5120 836 5177 emendatus
854 5119 1026 5192 juxta
1047 5114 1486 5192 punctatignem
1512 5115 1798 5192 Messore-
2119 5039 2520 5189 5328.123?“
2541 5044 2632 5096 agt
2653 5040 2965 5098 mHebmo
2986 5059 3220 5116 quoque
3244 5044 3557 5118 archetypo

209 5147 228 5203 ς
263 5147 463 5179 uanuu
483 5147 1026 5204 ξπιιυιιυιιιιιιδδυλωι
1050 5147 1486 5199 μυυυιαξιυυσω
1513 5147 1798 5170 ιιιαδυυιῠ-
1909 5147 1993 5195 την
2029 5147 2087 5184 nl
2119 5147 2234 5183 non
2271 5147 2424 5189 ΊὩΨ.

145 5192 676 5285 ‘l‘l°3_m,39'38‘9,‘2
708 5187 1554 5285 i’i‘bi‘fl‘f‘i’ﬁ'fi‘tﬁ'ifllirf’ft‘lf‘ﬂ
1577 5186 1802 5285 8313.51:-
1983 5221 2004 5254 ³
2041 5219 2164 5276 Non
2196 5217 2668 5283 dissimulamus,
2699 5219 2864 5285 juxta
2895 5219 3125 5278 Graecos
3139 5223 3364 5278 codices
3395 5241 3562 5280 vero-

151 5267 309 5321 modo
342 5284 462 5321 una
493 5257 677 5319 vocali
710 5267 783 5319 ab
812 5263 1098 5319 hodierno
1120 5261 1423 5325 Nehuslan,
1453 5257 1559 5313 ubi
1589 5262 1808 5313 Mascu-

151 5341 314 5409 retbaa
342 5337 560 5409 legunt
585 5338 778 5391 ssheva
806 5335 918 5390 sub
952 5333 1144 5409 littera
1183 5345 1208 5392 ι
1227 5334 1431 5409 _Nur_t_:
1462 5330 1804 5409 cumAscbo-

151 5405 362 5474 liastes,
397 5401 505 5464 aut
539 5409 878 5462 emendator
914 5404 1171 5463 Canonis
1218 5402 1450 5466 Patahh,
1482 5401 1568 5458 vel
1601 5401 1811 5457 Camcts

153 5475 366 5550 legerit.
401 5480 612 5534 Caeteri
641 5495 784 5534 mss.
830 5478 1095 5550 codices,
1120 5475 1407 5550 Na_a.sthan
1425 5474 1710 5550 retinent,
1745 5477 1811 5528 ut

158 5525 254 5606 n83
305 5552 632 5607 edidimus.
696 5550 762 5604 In
850 5549 1000 5604 libro
1047 5548 1344 5620 Nominum
1376 5618 1383 5620 _
1418 5525 1812 5620 Hebraicorum
1997 5611 2043 5620 η
2084 5610 2098 5620 _
2209 5608 2260 5620 __
2506 5609 2516 5619 .
2665 5611 2679 5620 _
2740 5612 2781 5620 __
2821 5612 2833 5620 .
2946 5612 2956 5620 ι
3236 5525 3457 5620 .Msm‘.

156 5622 421 5678 Noeslhan
453 5621 786 5693 reperimus
834 5621 992 5692 quod
1048 5622 1199 5675 lavet
1256 5616 1490 5674 lectioni
1548 5617 1813 5688 Vulgata:
1993 5610 2581 5693 ‘Adverbium‘nolius
2611 5611 2680 5665 ad
2740 5612 2956 5666 Hebraei
3027 5611 3376 5685 exemplaris
3432 5633 3569 5673 nor-

157 5695 390 5762 Latine,
423 5681 722 5752 Noésthan.
769 5681 956 5748 Mx'a'r.
1665 5681 1696 5688 ”
1925 5699 2082 5739 mam
2115 5688 2264 5737 tacet
2293 5689 2350 5737 et
2380 5681 2696 5738 Veronens.
2749 5700 2860 5739 ms.

481 5811 748 5872 Paracc.
795 5809 1063 5870 XXVIII.

3176 5808 3251 5864 26

1914 5306 2241 5369 nens.n_)_s.,
2279 5288 2366 5369 hic
2417 5294 2615 5369 legere
2672 5290 3091 5358 Sennacherim,
3153 5296 3306 5368 quod
3363 5300 3561 5354 tamen

1915 5362 2100 5433 culpas
2133 5361 2371 5416 librario
2399 5362 2630 5417 damus.

1989 5452 2097 5506 Pro
2130 5448 2306 5516 loahe,
2357 5450 2555 5506 Canon
2605 5452 2954 5508 emendatus
2993 5452 3120 5509 Ioah
3151 5470 3309 5509 nunc
3368 5454 3562 5513 habet.
