3938 6174
453 352 554 408 811

459 586 638 626 manu
670 586 819 626 mea.
879 569 1078 642 Neque
1127 569 1404 626 ﬁduciam
1458 570 1627 626 vobis
1676 571 1898 626 tribuat
1940 585 2114 642 super

455 658 725 730 Domino,
783 659 986 716 dicens
1019 675 1032 715 :
1065 659 1291 716 Erueus
1341 659 1617 715 liberabit
1648 675 1752 715 nos
1805 660 2110 726 Dominus,

459 756 513 804 et
543 765 658 804 non
691 749 959 805 tradetur
990 749 1194 806 civitas
1218 748 1341 805 haec
1362 749 1423 804 in
1445 766 1618 805 manu
1646 749 1802 821 regis
1841 750 2109 822 Assyrio-

460 854 613 894 rum.
647 837 834 894 Nolite
876 839 1079 894 audire
1107 839 1437 896 Ezechiam.
1472 839 1602 894 Haec
1651 839 1806 894 enim
1839 839 1983 895 dicit
2015 856 2111 896 rex

458 927 832 1000 Assyriorum
867 944 880 983 :
909 928 1098 984 Facite
1121 944 1350 985 mecum
1375 929 1529 1000 quod
1569 927 1733 984 vobis
1773 932 1861 984 est
1883 927 2025 984 utile
2055 933 2110 984 et

461 1018 808 1090 egredimini
832 1019 904 1074 ad
929 1022 1106 1085 me,et
1121 1018 1388 1074 comedet
1407 1019 1817 1089 unusquisque
1838 1019 1908 1074 de
1940 1018 2110 1075 vinea

463 1123 592 1176 sua,
643 1111 701 1162 et
728 1108 800 1163 de
829 1108 940 1162 ficu
975 1124 1106 1178 sua,
1137 1110 1195 1163 et
1222 1107 1436 1163 bibetis
1485 1123 1671 1178 aquas
1711 1108 1782 1163 de
1832 1109 2106 1165 cisternis

463 1197 674 1252 vestris
700 1212 714 1254 :
737 1183 921 1254 donec
948 1198 1273 1264 veniam,et
1292 1198 1642 1252 transferam
1668 1214 1771 1252 vos
1803 1197 1860 1252 in
1889 1202 2104 1255 terram

461 1301 588 1357 qum
615 1286 834 1342 similis
853 1292 1014 1343 terrae
1039 1293 1244 1344 vestrae
1265 1292 1373 1355 est,
1397 1289 1456 1343 in
1478 1292 1693 1343 terram
1719 1289 2100 1362 fructiferam,

458 1382 514 1431 et
545 1376 792 1432 fertilem
821 1377 964 1445 vini,
996 1383 1212 1432 terram
1248 1377 1417 1449 panis
1447 1382 1504 1434 et
1531 1380 1854 1445 vinearum,
1886 1385 2101 1437 terram

458 1464 767 1536 olivarum,
801 1471 858 1522 et
888 1465 997 1522 olei
1023 1483 1089 1522 ac
1119 1467 1309 1522 mellis
1343 1483 1356 1522 :
1391 1472 1448 1522 et
1477 1467 1702 1535 vivetis,
1734 1473 1791 1524 et
1822 1487 1936 1525 non
1969 1487 2098 1527 mo-

455 1554 713 1613 riemini.
749 1555 939 1612 Nolite
969 1556 1172 1612 audire
1225 1556 1550 1625 Ezechiam,
1584 1559 1685 1630 qui
1725 1575 1826 1614 vos
1858 1560 2096 1633 decipit,

452 1651 652 1708 dicens
685 1666 698 1704 :
732 1649 1020 1706 Dominus
1049 1648 1321 1705 liberabit
1347 1665 1472 1706 nos.
1509 1650 1781 1720 Nunquid
1813 1650 2097 1709 liberave-

452 1745 591 1797 runt
617 1741 697 1797 dii
727 1737 1218 1812 gentiumterram
1249 1754 1419 1794 suam
1442 1739 1513 1794 de
1537 1755 1714 1794 manu
1744 1740 1900 1812 regis
1929 1745 2098 1815 Assy-

456 1831 676 1886 riorum
700 1828 728 1884 ?
757 1827 864 1886 Ubi
897 1833 987 1884 est
1017 1833 1184 1922 Deus
1218 1827 1462 1922 Emath,
1482 1831 1537 1882 et
1568 1828 1803 1900 Arphad
1826 1830 1853 1884 ‘I
1884 1831 1982 1886 ubi
2014 1844 2111 1897 est,
2139 1856 2188 1922 Β

453 1921 580 1989 (ms.
613 1927 754 1975 tacet
799 1918 904 1988 est]
956 1919 1106 1973 Deus
1153 1916 1552 1989 Sepharvaim,
1608 1924 1735 1973 Ana
1783 1925 1840 1974 et
1886 1926 2009 1976 Ava
2042 1926 2110 1981 1?

453 2008 722 2081 nunquid
757 2007 1153 2063 liberaverunt
1183 2006 1511 2062 Samariam
1563 2009 1634 2063 de
1664 2024 1842 2064 manu
1879 2030 2010 2069 mea
2041 2015 2062 2050 ²
2083 2016 2112 2072 ‘P

453 2098 702 2164 Quinam
737 2096 820 2151 illi
869 2101 1010 2152 sunt
1041 2097 1097 2150 in
1147 2097 1440 2151 universis
1487 2097 1602 2152 diis
1652 2102 1960 2170 terrarum,
2010 2105 2107 2174 qui

449 2191 728 2244 eruerunt
781 2185 1074 2258 regionem
1127 2201 1298 2240 suam
1331 2185 1401 2241 de
1433 2202 1609 2241 manu
1645 2204 1789 2256 mea,
1824 2195 1888 2245 ut
1919 2193 2108 2264 possit

450 2291 653 2332 eruere
684 2276 970 2332 Dominus
1013 2275 1342 2331 Jerusalem
1374 2276 1444 2330 de
1479 2292 1655 2332 manu
1690 2279 1866 2335 mea?
1895 2281 2107 2340 Tacuit

450 2366 651 2438 itaque
698 2364 974 2438 populus,
1003 2369 1060 2420 et
1105 2381 1219 2420 non
1274 2366 1576 2436 respondit
1622 2367 1672 2422 ei
1723 2369 2049 2442 quidquam
2088 2389 2102 2429 :

451 2454 746 2527 siquidem
796 2458 1152 2527 praeceptum
1181 2454 1336 2526 regis
1369 2463 1731 2526 acceperant,
1769 2464 1834 2513 ut
1863 2476 1979 2515 non
2016 2479 2103 2518 re-

450 2545 810 2616 sponderent
867 2543 938 2599 ei.
971 2543 1262 2614 Venitque
1317 2542 1555 2598 Eliacim
1615 2545 1744 2615 [ms.
1796 2547 2101 2620 Eliachim]

449 2633 608 2690 filius
639 2632 1229 2704 Helciaa,praapositus
1261 2633 1553 2702 domus,et
1577 2634 1774 2692 Sobna
1799 2638 2012 2707 scriba,
2045 2645 2103 2697 et

450 2723 635 2780 Johae
664 2722 824 2779 ﬁlius
855 2722 1054 2795 Asaph
1089 2739 1123 2777 a
1153 2723 1618 2792 commentariis,
1651 2726 1723 2780 ad
1770 2727 2099 2800 Ezechiam,

452 2813 658 2870 scissis
679 2812 962 2880 vestibus,
996 2817 1052 2868 et
1072 2813 1493 2868 nuntiaverunt
1514 2813 1564 2868 ei
1589 2812 2095 2887 verbatﬁabsaeis.

519 2903 601 2976 [Ο.
637 2901 907 2974 CXCVII,
942 2903 1083 2971 Cap.
1119 2901 1280 2973 XIX].
1314 2904 1448 2966 Quae
1479 2919 1615 2958 cum
1667 2906 1932 2964 audisset
1963 2911 2099 2965 Eze-

444 2992 607 3048 chias
638 3008 738 3048 rex
794 2993 919 3064 [γης.
954 2996 1058 3047 tac.
1093 2991 1235 3062 rex],
1271 2991 1443 3048 scidit
1491 2994 1839 3051 vestimenta
1885 3013 2016 3068 sua,
2046 3005 2101 3055 et

445 3085 688 3153 opertus
711 3087 799 3137 est
824 3081 1447 3154 sacco,ingressusque
1473 3091 1556 3138 esl
1579 3083 1820 3141 domum
1848 3087 2096 3144 Domini.

443 3171 510 3226 Et
540 3171 705 3226 misit
758 3170 1000 3228 Eliacim
1036 3171 1413 3242 praepositum
1469 3173 1702 3243 domus,
1735 3179 1792 3230 et
1838 3176 2094 3234 Sobnam

1495 358 1554 410 S.
1595 356 1997 411 HIERONYMI
2034 355 2290 410 DIVINA
2326 354 2822 412 BIBLIOTHECA.
3733 361 3814 418 8l2

352 483 353 489 “
455 481 698 536 seducat
725 479 1003 537 Ezechias
1035 494 1050 534 :
1083 479 1219 552 quis
1249 479 1406 536 enim
1446 479 1656 552 poterit
1685 495 1888 536 eruere
1909 497 2009 536 vos
2031 480 2102 536 de
2133 481 2188 547 Α
2219 478 2383 535 misit
2416 481 2653 536 nuntios
2705 481 2787 552 [h.
2823 498 3084 539 reversus
3118 482 3286 540 misit
3333 485 3583 558 nuntios]
3612 487 3675 543 ad
3704 489 3807 546 Eze-

2227 567 2446 638 chiam,
2474 569 2725 626 dicens:
2781 572 2906 627 [hac
2968 572 3147 627 dicite
3199 573 3447 628 Ezechiae
3503 575 3612 646 regi
3660 577 3815 635 Juda:

2224 656 2347 712 Non
2383 662 2436 713 te
2468 659 2710 714 seducat
2731 659 2884 715 Deus
2916 664 3072 728 tuus,
3107 659 3166 716 in
3199 678 3315 733 quo
3345 661 3523 719 habes
3552 666 3815 723 ﬁduciam:

2225 763 2416 819 neque
2447 747 2610 804 dicas
2645 767 2658 806 :
2691 749 2818 804 Non
2871 751 3138 806 tradetur
3183 751 3508 808 Jerusalem
3549 753 3603 808 in
3649 772 3818 813 manus

2224 835 2374 905 regis
2408 838 2802 909 Assyriorum.
2840 839 2922 894 Tu
2957 839 3111 894 enim
3147 840 3272 911 ipse
3303 842 3517 898 audisti
3547 860 3664 916 quae
3702 846 3815 902 fece-

2223 930 2362 980 runt
2415 926 2540 996 [τηε.
2597 927 2861 998 fecerint]
2916 943 3083 1001 reges
3149 931 3513 1001 Assyriorum
3582 935 3815 992 universis

2221 1015 2416 1084 terris,
2450 1017 2745 1087 quomodo
2777 1021 3156 1075 vastaverunt
3185 1035 3284 1075 eas
3319 1038 3332 1076 :
3367 1038 3507 1076 num
3537 1037 3662 1094 ergo
3687 1023 3812 1081 solus

2219 1103 2434 1174 poteris
2467 1103 2752 1161 liberari?
2779 1107 3056 1180 Nunquid
3089 1109 3479 1166 liberaverunt
3507 1112 3810 1184 diigentium

2217 1192 2504 1264 singulos,
2531 1211 2680 1266 quos
2712 1200 3087 1253 vastaverunt
3111 1202 3307 1269 patres
3338 1199 3658 1270 mei,Gozan
3685 1203 3810 1258 vide-

2218 1279 2380 1352 licet,
2411 1291 2464 1338 et
2495 1289 2676 1350 Aran,
2704 1289 2762 1340 et
2815 1286 3062 1359 Reseph,
3098 1292 3155 1342 et
3185 1288 3335 1344 ﬁlios
3367 1291 3539 1358 Eden,
3571 1293 3658 1362 qui
3686 1299 3811 1348 erant

2215 1370 2273 1425 in
2303 1371 2617 1428 Thelassar
2666 1374 2792 1445 [ms.
2822 1375 3182 1447 Thalassar].
3233 1378 3340 1432 Ubi
3375 1385 3465 1435 est
3509 1397 3599 1436 rex
3627 1382 3810 1447 Emath,

2212 1465 2270 1516 et
2303 1477 2402 1517 rex
2433 1463 2688 1534 Arpbad,
2721 1469 2779 1520 et
2810 1481 2905 1520 rex
2940 1466 3192 1522 civitatis
3224 1467 3616 1540 Sepbarvaim,
3645 1479 3748 1527 Ana
3771 1480 3811 1527 et

2212 1553 2332 1604 Ava
2382 1553 2404 1604 Ρ
2458 1550 2660 1622 Itaque
2719 1569 2854 1608 cum
2915 1554 3239 1626 accepisset
3315 1558 3584 1614 Ezechias
3634 1559 3810 1616 litteras

2212 1638 2296 1727 [h.
2332 1637 2531 1711 libros]
2586 1641 2656 1695 de
2709 1658 2885 1697 manu
2941 1643 3308 1716 nuntiorum,
3363 1651 3419 1701 et
3466 1646 3683 1720 legisset
3721 1667 3808 1715 eas,

2209 1728 2559 1785 ascenditin
2617 1732 2854 1787 domum
2907 1732 3169 1801 Domini,
3201 1739 3259 1790 et
3311 1739 3589 1808 expandit
3629 1755 3712 1794 eas
3735 1756 3808 1797 eo.

2218 1836 2341 1874 ram
2377 1819 2626 1875 Domino
2657 1825 2714 1876 et
2742 1822 2928 1877 oravit
2978 1823 3037 1878 in
3089 1829 3408 1895 conspectu
3438 1826 3582 1898 ejus,
3608 1828 3805 1888 dicens:

2226 1908 2469 1964 Domine
2501 1914 2651 1965 Deus
2685 1912 2884 1982 Israel,
2917 1913 3017 1984 qui
3052 1915 3220 1970 sedes
3251 1931 3431 1988 super
3459 1917 3804 1988 cherubim,tu

2221 2014 2284 2054 es
2334 1998 2487 2055 Deus
2535 2000 2700 2056 solus
2749 2017 2944 2073 regum
2993 2003 3260 2059 omnium
3310 2010 3478 2062 terrea
3511 2023 3523 2061 :
3561 2011 3616 2062 tu
3661 2007 3806 2063 fecisti

2220 2087 2432 2144 cmlum
2464 2093 2522 2144 et
2549 2094 2788 2146 terram.
2840 2091 3066 2148 Inclina
3113 2110 3316 2150 aurem
3351 2099 3532 2167 tuam,
3569 2101 3622 2151 et
3659 2097 3801 2150 audi:

2219 2177 2402 2248 aperi,
2433 2178 2680 2235 Domine
2727 2180 2852 2253 [ms.
2887 2191 2993 2237 (ac.
3056 2183 3343 2255 Domine],
3376 2185 3570 2241 oculos
3610 2190 3740 2250 tuos,
3763 2190 3806 2240 et

2217 2267 2370 2333 vide,
2401 2271 2458 2324 et
2483 2269 2619 2323 audi
2669 2270 2866 2325 omnia
2895 2271 3070 2327 verba
3117 2273 3537 2341 Sennacherib,
3565 2276 3653 2348 qui
3682 2276 3804 2330 misit

2217 2363 2282 2414 ut
2311 2361 2685 2431 exprobraret
2712 2361 2876 2417 nobis
2919 2363 3000 2434 [h.
3035 2381 3150 2420 non
3183 2364 3381 2438 habet]
3435 2371 3602 2422 Deum
3643 2366 3802 2422 viven-

2216 2449 2411 2504 tem."
2416 2466 2533 2521 ere,
2563 2450 2820 2520 Domine,
2846 2452 3282 2526 dissipaverunt
3305 2472 3467 2528 reges
3493 2458 3800 2529 Assyriorum

2214 2543 2440 2609 gentes,
2473 2544 2530 2594 et
2559 2544 2744 2597 terras
2768 2541 3134 2598 omnium.Et
3154 2545 3446 2602 miserunt
3467 2543 3802 2618 [h.dederunt]

2213 2627 2350 2684 deos
2381 2645 2583 2684 eorum
2618 2630 2674 2684 in
2707 2630 2878 2702 igne:
2915 2649 3030 2687 non
3063 2633 3220 2688 enim
3253 2640 3425 2690 erant
3454 2636 3647 2705 dii,sed
3667 2651 3800 2706 opera

2212 2732 2496 2772 manuum
2530 2717 2838 2776 hominum
2871 2737 2939 2776 ex
2970 2721 3128 2793 ligno
3161 2728 3216 2778 et
3258 2723 3474 2796 lapide,
3505 2730 3558 2781 et
3586 2724 3796 2797 perdide-

2211 2811 2350 2862 runt
2377 2823 2496 2863 eos.
2530 2808 2696 2865 Nunc
2728 2809 2930 2881 igitur,
2954 2810 3199 2868 Domine
3235 2814 3388 2870 Deus
3420 2820 3623 2882 noster,
3650 2813 3798 2870 salvos

2211 2913 2317 2952 nos
2349 2897 2434 2952 fac
2467 2897 2537 2952 de
2569 2915 2745 2954 manu
2778 2901 3005 2970 eju‘s,ut
3031 2901 3224 2957 sciant
3255 2906 3458 2960 omnia
3492 2909 3795 2977 regnaterre

2210 2987 2347 3057 quia
2398 2991 2458 3042 tu
2512 3003 2574 3043 es
2622 2988 2910 3046 Dominus
2958 2989 3112 3046 Deus
3159 2991 3348 3048 solus.
3397 2994 3481 3067 [T.
3526 2977 3638 3065 CC].
3680 2991 3795 3048 Misit

2208 3079 2405 3130 autem
2457 3077 2640 3132 Isaias
2690 3078 2847 3134 ﬁlius
2901 3081 3078 3135 Amos
3123 3085 3180 3136 et
3228 3081 3552 3151 Ezechiam,
3597 3084 3792 3138 dicens:

2207 3164 2339 3220 Haec
2369 3165 2510 3220 dicit
2543 3169 2823 3223 Dominus
2871 3169 3026 3225 Deus
3071 3170 3244 3226 Israel
3284 3175 3467 3239 :Qua:
3512 3175 3794 3245 deprecatus

442 3261 717 3327 scribam,
749 3266 808 3316 et
835 3261 1106 3329 senes;dc
1157 3259 1581 3331 sacerdotibus,
1615 3268 1848 3333 opertos
1887 3267 2074 3322 saccis

2212 3271 2274 3310 es
2308 3271 2398 3310 me
2429 3273 2608 3328 super
2637 3257 3036 3314 Sennacherib
3069 3275 3200 3332 rege
3231 3262 3792 3334 Assyriorum,audiri.

443 3351 516 3406 ad
543 3350 754 3406 Isaiam
807 3352 1152 3424 prophetam
1184 3351 1372 3406 lilium
1409 3353 1605 3406 Amos.
1641 3352 1750 3418 Qui
1782 3355 2051 3411 dixerunt
2086 3373 2100 3411 :

442 3439 574 3495 Haec
629 3439 773 3495 dicit
820 3441 1096 3496 Ezechias
1132 3457 1144 3494 :
1179 3440 1313 3496 Dies
1360 3439 1780 3512 tribulationis,
1813 3447 1868 3497 et
1911 3444 2102 3500 incre-

440 3530 714 3602 pationis,
751 3534 810 3586 et
855 3529 1257 3603 blasphemiae,
1291 3529 1417 3585 dies
1466 3532 1618 3597 iste;
1659 3539 1948 3588 venerunt
1994 3534 2100 3589 filii

445 3636 632 3692 usque
664 3620 734 3676 ad
790 3624 1049 3692 partum,
1081 3629 1138 3675 et
1185 3620 1337 3674 vires
1369 3635 1482 3674 non
1534 3619 1712 3676 habet
1742 3623 2096 3692 parturiens.

443 3711 500 3767 Si
537 3712 680 3766 forte
711 3709 913 3766 audiat
940 3709 1234 3765 Dominus
1267 3713 1418 3764 Deus
1449 3713 1590 3764 tuus
1624 3709 1903 3766 universa
1921 3714 2098 3769 verba

441 3797 741 3867 Rabsacis,
783 3815 958 3870 quem
1010 3797 1173 3854 misit
1231 3814 1330 3853 rex
1377 3798 1755 3870 Assyriorum
1818 3800 2096 3859 dominus

435 3905 604 3959 suus,
639 3895 703 3944 ut
750 3888 1125 3961 exprobraret
1152 3887 1337 3943 Deum
1389 3887 1701 3954 viventem,
1734 3892 1791 3944 et
1823 3896 2096 3962 argueret

432 3976 624 4033 verbis
657 3995 784 4049 qua
828 3976 1054 4032 audivit
1087 3976 1368 4031 Dominus
1421 3977 1572 4032 Deus
1615 3978 1744 4048 {9115.
1780 3987 1884 4036 (ac.
1919 3981 2093 4054 Deus]

432 4072 595 4138 tuus,
628 4071 686 4123 et
716 4069 804 4122 fac
837 4067 918 4139 [h.
958 4066 1106 4137 leva]
1146 4066 1470 4122 orationem
1505 4083 1608 4138 pro
1641 4067 1930 4140 reliquiis,
1964 4087 2090 4142 quas

432 4161 674 4228 repertae
725 4160 865 4212 sunt
899 4172 912 4212 :
945 4154 1246 4211 Venerunt
1277 4171 1415 4224 ergo
1460 4155 1610 4211 servi
1644 4157 1801 4229 regis
1832 4158 2091 4215 Ezechias

429 4247 499 4301 ad
533 4246 766 4302 Isaiam.
802 4246 887 4317 ['l‘.
923 4244 1245 4317 CXCVIII].
1278 4245 1552 4317 Dixitque
1572 4245 1658 4302 eis
1693 4247 1874 4302 Isaias
1908 4264 1922 4303 :
1957 4249 2088 4306 Haec

427 4335 634 4392 dicetis
659 4336 896 4392 domino
946 4339 1139 4391 vestro
1175 4352 1188 4392 :
1221 4335 1352 4390 Haec
1385 4335 1526 4391 dicit
1569 4336 1852 4392 Dominus
1888 4353 1902 4392 :
1957 4338 2083 4395 Noli

429 4423 634 4481 timere
686 4443 720 4480 a
764 4424 909 4481 facie
967 4439 1337 4490 sermonum,
1388 4440 1535 4496 quos
1591 4425 1828 4496 audisti,
1863 4428 2083 4498 quibus

425 4513 984 4586 blasphemaverunt
1005 4513 1169 4586 pueri
1193 4513 1347 4584 regis
1371 4513 1740 4585 Assyriorum
1769 4531 1880 4570 me.
1919 4517 2080 4579 Ecce,

2215 3344 2326 3398 Iste
2356 3349 2447 3399 est
2475 3362 2668 3400 sermo
2699 3363 2872 3418 quem
2908 3346 3140 3405 locutus
3184 3355 3279 3405 est
3323 3353 3598 3408 Dominus
3625 3355 3681 3407 de
3707 3367 3791 3406 eo:

2209 3433 2436 3503 Sprevit
2466 3438 2542 3501 te,
2593 3441 2648 3491 et
2695 3436 3080 3493 subsannavit
3121 3443 3177 3495 te
3209 3439 3336 3510 [γης.
3390 3447 3491 3497 tae.
3539 3442 3628 3512 te],
3672 3441 3790 3509 virgo

2210 3521 2331 3576 filia
2359 3523 2542 3579 Sion:
2587 3529 2717 3596 post
2765 3530 2995 3596 tergum
3045 3532 3213 3583 tuum
3266 3537 3446 3604 caput
3489 3531 3666 3598 movit,
3709 3529 3790 3583 lilia

2206 3611 2663 3669 Jerusalem.Cui
2687 3616 3077 3688 exprobrasti,
3109 3623 3168 3673 et
3191 3635 3370 3690 quem
3393 3615 3790 3693 blasphemastii

2207 3707 2412 3757 contra
2441 3719 2615 3774 quem
2649 3703 2919 3761 exaltasti
2949 3722 3144 3762 vocem
3179 3709 3365 3779 [ναις.
3397 3711 3518 3766 add.
3550 3709 3724 3778 tuam],
3747 3708 3788 3761 et

2207 3791 2443 3847 elevasti
2477 3793 2536 3848 in
2567 3793 2861 3850 excelsum
2893 3795 3092 3852 oculos
3125 3802 3260 3854 tuos
3293 3800 3320 3854 ?
3349 3806 3542 3856 contra
3565 3805 3783 3855 Sanctum

2206 3879 2403 3937 Israel.
2437 3887 2544 3937 Per
2573 3899 2810 3939 manum
2851 3901 3152 3941 servorum
3203 3892 3438 3946 tuorum
3485 3883 3780 3961 exprobrasti

2203 3969 2465 4040 Domino,
2500 3976 2556 4028 et
2582 3972 2780 4028 dixisti
2814 3990 2828 4029 :
2862 3976 2927 4030 In
2960 3976 3345 4035 multitudine
3392 3995 3647 4034 curruum
3678 3989 3785 4030 meo-

2203 4075 2350 4130 rum,
2381 4063 2615 4118 ascendi
2647 4063 2731 4136 [h.
2765 4079 2873 4136 ego
2903 4065 3162 4138 ascendi]
3213 4069 3443 4125 excelsa
3469 4067 3718 4124 montium
3745 4062 3782 4116 in

2200 4150 2542 4207 summitate
2591 4152 2814 4224 Libani,
2861 4158 2920 4210 et
2964 4156 3186 4210 succidi
3218 4157 3306 4228 [h.
3352 4159 3517 4214 latere
3560 4152 3782 4214 Libauict
3872 4147 3873 4161 ‘

2201 4240 2501 4296 succidam
2537 4242 2847 4312 [sublimes
2877 4244 3082 4300 cedros
3111 4247 3268 4317 ejus,
3298 4253 3356 4304 et
3383 4249 3585 4305 electas
3611 4244 3780 4301 abicies

2200 4328 2379 4386 illius.
2416 4331 2484 4386 Et
2513 4331 2817 4402 ingressus
2848 4349 2978 4387 sum
3033 4351 3222 4406 usque
3266 4337 3336 4392 ad
3384 4337 3646 4393 terminos
3685 4332 3778 4402 ejus

2198 4418 2281 4490 [h.
2343 4419 2412 4475 Et
2465 4419 2764 4493 ingrediar
2820 4421 3226 4480 habitaculum
3289 4427 3520 4482 termini
3572 4419 3779 4495 ejus].el

2196 4508 2320 4580 [τηε.
2354 4513 2460 4564 tae.
2499 4514 2575 4582 et]
2633 4510 2848 4566 saltum
2898 4511 3190 4569 Charmeli
3241 4514 3368 4585 ejus
3413 4531 3514 4588 ego
3559 4505 3776 4568 succidi’

421 4617 528 4675 ego
550 4603 868 4660 immittam
895 4603 1166 4676 [h.dabo]
1197 4603 1246 4657 ei
1279 4602 1577 4674 spiritum,
1611 4608 1666 4658 et
1687 4605 1884 4660 audite
1917 4623 2067 4662 nun-
2100 4603 2146 4667 D
2179 4597 2264 4672 [h.
2299 4598 2466 4670 fodi].
2497 4599 2564 4653 Et
2594 4599 2716 4654 bibi
2751 4617 2931 4672 aquas
2964 4601 3206 4669 alienas,
3251 4609 3308 4660 et
3337 4602 3541 4660 siccavi
3570 4594 3776 4669 vestigiis

419 4692 592 4761 tium,
623 4698 680 4749 et
726 4698 1044 4749 revertetur
1087 4692 1145 4746 in
1187 4698 1405 4747 terram
1465 4708 1656 4762 suam,
1692 4698 1749 4748 et
1799 4695 2073 4766 dejiciam

419 4798 554 4838 eum
606 4782 801 4854 gladio
860 4782 920 4837 in
973 4787 1128 4837 terra
1177 4797 1305 4836 sua.
1343 4781 1431 4851 [T.
1473 4779 1730 4853 CXCIX].
1783 4782 2074 4841 Reversus

415 4872 704 4943 estigitur
750 4872 1064 4940 Rabsaees,
1097 4873 1155 4926 et
1185 4870 1408 4925 invenit
1451 4886 1647 4942 regem
1697 4873 2073 4944 Assyriorum

414 4968 849 5036 expugnantem
904 4962 1163 5017 Lobnam
1201 4960 1281 5031 [h.
1330 4959 1537 5032 Libna]
1573 4977 1586 5015 :
1621 4962 1886 5018 audierat
1917 4967 2072 5020 enim

413 5053 569 5123 quod
603 5051 946 5108 recessisset
991 5051 1062 5106 de
1108 5049 1340 5105 Lachis.
1391 5050 1652 5120 Cumque
1706 5051 1972 5108 audisset
2002 5055 2074 5110 de

408 5141 670 5198 Tharaca
701 5157 835 5213 rege
866 5139 1195 5209 Ethiopise,
1230 5139 1494 5194 dicentes
1527 5154 1541 5192 :
1575 5143 1742 5206 Ecce,
1797 5157 2072 5213 egressus

408 5235 499 5288 est
529 5237 594 5286 ut
641 5235 863 5303 pugnet
915 5229 1227 5286 adversum
1277 5232 1334 5284 te
1368 5244 1381 5282 :
1413 5231 1471 5284 et
1500 5228 1611 5284 iret
1657 5233 1862 5286 contra
1907 5247 2068 5303 eum,

393 5431 403 5442 ·
481 5412 495 5446 ¹
532 5415 691 5466 Hena
718 5418 768 5465 et
795 5408 937 5464 Hiva
961 5411 985 5462 .9
1005 5411 1128 5463 Hoc
1157 5407 1331 5463 modo
1365 5405 1563 5477 posuit
1593 5405 1651 5461 in
1684 5407 1916 5464 Canone
1945 5425 2066 5465 ma-

407 5498 521 5555 nus
551 5481 948 5555 emendatoris
981 5495 994 5534 :
1029 5477 1218 5551 capite
1267 5494 1404 5534 vero
1459 5483 1732 5550 sequenti
1781 5497 1931 5537 vers.
1973 5482 2064 5555 33,

405 5554 552 5606 [lena
585 5563 639 5606 ct
672 5554 859 5609 Hera?
893 5553 1074 5608 MART.
1158 5603 1161 5606 ,

478 5625 498 5695 ῗ
531 5626 772 5695 ﬂebreo
804 5633 904 5684 νει
934 5622 1196 5695 pressius
1229 5621 1383 5677 idem
1418 5639 1530 5678 ms.
1565 5621 1623 5677 in
1655 5637 1855 5676 manu.

473 5693 495 5725 ³
526 5693 628 5748 Hic
651 5693 988 5750 absolutum
1005 5694 1180 5750 habet
1197 5710 1433 5750 sensum
1457 5710 1716 5766 presens
1729 5693 2062 5751 versiculus

2185 4687 2401 4757 pedum
2424 4704 2684 4744 meorum
2711 4705 2918 4745 omnes
2935 4707 3115 4761 aquas
3133 4692 3386 4750 clausas.
3413 4689 3662 4763 Nunquid
3692 4699 3773 4740 non

2186 4776 2405 4832 audisti
2435 4777 2573 4849 quid
2609 4778 2681 4833 ab
2715 4777 2882 4834 initio
2914 4779 3151 4837 fecerim
3177 4782 3204 4836 ?
3236 4783 3314 4838 Ex
3341 4783 3541 4838 diebus
3571 4771 3775 4847 antiquis

2186 4865 2474 4937 plasmavi
2499 4866 2729 4934 illud;et
2752 4884 2908 4924 nunc
2929 4869 3142 4924 adduxi
3173 4887 3186 4924 ε
3210 4877 3497 4943 eruntque
3519 4871 3569 4924 in
3592 4866 3770 4923 ruinam

2187 4954 2421 5011 collium
2444 4955 2834 5029 pugnantium
2855 4958 3122 5015 civitates
3148 4961 3403 5016 munitae.
3427 4961 3491 5017 Et
3510 4958 3597 5031 qui
3615 4953 3772 5011 sedent

2186 5045 2245 5101 in
2279 5046 2384 5118 eis,
2422 5046 2674 5102 humiles
2724 5063 2927 5116 manu,
2980 5053 3460 5107 contremuerunt
3502 5053 3554 5104 et
3591 5036 3766 5100 confusi

2187 5141 2346 5201 sunt,
2382 5135 2518 5191 facti
2547 5140 2688 5192 sunt
2719 5138 2888 5208 quasi
2923 5137 3120 5194 fenum
3155 5139 3304 5211 agri,
3332 5146 3386 5194 et
3416 5139 3596 5194 virens
3633 5128 3767 5187 herba

2185 5230 2498 5297 tectorum,
2531 5242 2659 5298 quos
2691 5227 2945 5284 arefacta
2993 5234 3083 5285 est
3129 5234 3441 5302 antequam
3486 5224 3678 5281 veniret
3712 5212 3760 5270 ad

2182 5421 2299 5480 non
2331 5403 2525 5460 solum
2555 5403 2612 5459 in
2645 5406 2900 5480 Canone,
2934 5406 3036 5480 sed
3063 5408 3216 5480 apud
3249 5422 3448 5480 omnes
3472 5403 3603 5480 alios
3626 5403 3757 5480 etiam

2181 5478 2550 5553 interpretes,
2567 5476 2687 5553 qui
2717 5477 2990 5553 versiculi
3023 5476 3320 5553 sequentis
3346 5479 3437 5553 ita
3455 5476 3656 5553 ducunt
3675 5476 3755 5553 illi?

2179 5544 2377 5604 tium':
2412 5549 2518 5619 Ego
2540 5544 2686 5620 fodi,
2717 5553 2770 5603 et
2803 5549 2941 5619 bibi,
2974 5551 3084 5617 vel,
3108 5544 3213 5620 ’σου
3232 5550 3454 5620 siccavi,
3484 5552 3530 5603 et
3558 5544 3752 5604 bibimu-

2178 5620 2428 5676 Consule
2457 5619 2803 5691 Polyglotta,
2835 5623 2885 5676 si
2917 5639 3107 5679 vacas.
3142 5619 3326 5678 MART.
