3938 6174
192 385 281 440 813
1473 390 1687 445 LIBER
1725 387 1746 438 Ι

1995 389 2218 444 lCHIM.
3445 398 3550 454 814

192 509 573 566 maturitatem.
626 509 1040 568 Habitaculum
1125 515 1316 580 tuum,
1377 517 1434 568 et
1482 526 1786 586 egressum
1819 511 1875 577 Α
1904 510 2078 566 David
2116 512 2298 585 patris
2327 512 2411 568 tui
2445 531 2458 568 :
2495 515 2706 570 Audivi
2765 517 3091 576 orationem
3153 523 3337 592 tuam,
3398 522 3551 580 vidi-

189 605 350 667 tuum,
381 608 429 655 et
457 598 761 654 introitum
796 603 992 670 tuum,
1036 604 1089 657 et
1125 603 1276 657 viam
1333 603 1513 658 tuam‘
1557 601 1639 672 (h.
1677 616 1793 656 non
1905 600 2193 674 lacrymas
2223 604 2394 659 tuas’
2430 620 2444 659 :
2478 609 2534 660 et
2564 621 2698 661 ecce
2719 607 2920 662 sanavi
2947 609 3125 677 te,die
3151 611 3322 667 tertio
3347 628 3554 670 ascen-

190 690 359 758 babet)
388 704 487 761 ego
516 688 773 760 praescivi
806 695 863 745 et
921 691 1173 745 furorem
1207 695 1398 756 tuum,
1447 697 1650 746 contra
1679 705 1792 746 me.
1906 690 2008 746 des
2040 691 2327 763 templum
2359 692 2442 765 (h.
2464 694 2733 766 domum)
2755 695 3006 753 Domini.
3027 703 3094 754 Et
3113 700 3323 756 addam
3347 700 3558 759 diebus

188 777 432 832 lasanisti
464 777 543 848 (h.
579 778 655 832 Eo
687 779 842 849 quod
868 778 1168 848 insanisti)
1193 781 1250 835 in
1285 797 1399 845 me,
1431 785 1486 836 et
1517 779 1796 850 superbia
1907 779 2027 835 tuis
2047 781 2380 853 quindecim
2405 799 2591 840 annos
2620 800 2635 840 :
2661 785 2763 840 sed
2787 789 2843 841 et
2861 786 2930 842 de
2954 803 3129 844 manu
3172 791 3324 862 regis
3377 797 3553 865 Assy-

186 871 272 921 tua
296 866 544 922 ascendit
577 869 630 922 in
658 884 832 924 aures
867 885 1054 936 meas;
1091 886 1302 940 ponam
1335 869 1535 941 itaque.
1571 869 1650 938 (h.
1677 884 1792 923 non
1904 867 2123 926 riorum
2156 870 2416 928 liberabo
2447 877 2520 938 te,
2545 877 2603 928 et
2642 873 2936 931 civitatem
2959 876 3132 943 hanc,
3161 887 3216 934 et
3259 884 3558 952 protegam

184 956 356 1022 habet,
411 955 691 1012 circulum
726 957 783 1012 in
827 958 1071 1013 naribus
1126 959 1270 1024 tuis,
1327 963 1385 1014 et
1441 974 1674 1013 camum
1707 957 1787 1028 (h.
1902 959 2108 1014 urbem
2141 959 2316 1016 istam
2352 967 2588 1034 propter
2619 979 2732 1031 me,
2756 968 2814 1020 et
2844 971 3082 1038 propter
3104 968 3283 1024 David
3312 985 3551 1026 servum

181 1047 404 1112 frenum)
433 1045 489 1100 in
518 1045 691 1102 labiis
722 1046 848 1117 (ms.
884 1047 1086 1119 labris)
1124 1048 1264 1117 tuis,
1321 1053 1378 1103 et
1430 1048 1706 1103 reducam
1738 1051 1792 1102 te
1904 1063 2122 1104 meum.
2150 1049 2301 1105 Dixit
2326 1049 2506 1106 Isaias
2536 1069 2549 1106 :
2575 1053 2788 1108 Atl‘erte
2811 1070 3070 1112 massam
3091 1057 3551 1123 ficorum.Quam

180 1136 228 1190 in
256 1135 390 1189 viam
428 1151 526 1206 per
579 1152 757 1207 quam
815 1135 1047 1192 venisti.
1108 1136 1237 1192 Tibi
1296 1141 1516 1206 autem,
1549 1135 1791 1191 Ezechia
1900 1153 2034 1192 cum
2068 1138 2430 1210 attulissent,
2481 1145 2539 1196 et
2598 1141 2942 1212 posuissent
2985 1161 3165 1217 super
3195 1146 3366 1204 ulcus
3396 1150 3548 1220 ejus,

177 1225 246 1296 (h.
289 1240 390 1278 non
447 1223 664 1295 habet),
725 1225 834 1281 hoc
893 1226 1006 1282 erit
1062 1226 1298 1299 signum
1334 1243 1347 1280 :
1382 1226 1631 1282 Comede
1683 1225 1791 1280 hoc
1901 1231 2144 1284 curatus
2174 1232 2283 1284 est.
2310 1228 2542 1285 Dixerat
2572 1229 2652 1302 (h.
2694 1231 2866 1304 Dixit)
2917 1237 3117 1290 autem
3166 1235 3444 1294 Ezechias
3475 1239 3548 1294 ad

179 1329 310 1368 anno
346 1313 492 1384 quod
528 1314 788 1385 reperis;
831 1314 892 1370 in
924 1318 1180 1371 secundo
1223 1320 1419 1372 autem
1453 1331 1628 1384 anno,
1662 1330 1790 1387 quae
1904 1316 2164 1373 Isaiam:
2208 1316 2367 1380 Quod
2420 1318 2532 1374 erit
2590 1318 2851 1392 signum,
2912 1321 3048 1391 quia
3105 1323 3394 1382 Dominus
3451 1342 3548 1384 me

179 1407 365 1474 sponte
395 1408 718 1458 nascuntur
750 1406 874 1472 (ms.
913 1410 1250 1473 nascentur)
1285 1421 1298 1460 :
1334 1422 1504 1476 porro
1544 1403 1604 1460 in
1637 1420 1790 1458 anno
1901 1405 2220 1472 sanabit,et
2241 1407 2382 1478 quia
2402 1424 2759 1465 ascensurus
2783 1427 2914 1466 sum
2943 1412 3037 1467 die
3067 1413 3384 1485 tertia(ms.
3418 1415 3545 1471 add.

177 1491 326 1546 tertio
355 1492 634 1548 seminate
658 1499 715 1548 et
739 1493 940 1549 metite
961 1493 1044 1567 (h.
1070 1494 1320 1550 Comede
1349 1495 1459 1550 hoc
1490 1510 1644 1550 anno
1667 1509 1789 1564 qua
1902 1494 1957 1549 in
1995 1496 2280 1567 templum
2319 1496 2399 1555 (h.
2434 1497 2697 1561 domum)
2739 1499 3020 1556 Domini?
3069 1501 3172 1557 Cui
3206 1503 3286 1558 ait
3317 1503 3498 1561 Isaias
3529 1521 3544 1560 :

176 1585 357 1653 sponte
374 1582 852 1651 nascuntur,etin
872 1599 1025 1638 anno
1050 1583 1307 1639 secundo
1323 1583 1786 1655 pomisvescere:
1899 1582 2017 1638 Iloc
2047 1584 2160 1639 erit
2189 1583 2428 1658 signum
2460 1603 2494 1641 a
2523 1587 2793 1656 Domino,
2829 1591 2985 1660 quod
3021 1591 3287 1647 facturus
3321 1593 3400 1648 sit
3432 1593 3551 1650 Do-

176 1668 224 1724 in
244 1686 383 1724 anno
428 1673 624 1724 autem
650 1671 821 1725 tertio
852 1671 1143 1726 seminata
1165 1671 1462 1742 etmetite)
1490 1687 1502 1725 :
1530 1671 1790 1742 plantate
1902 1672 2101 1728 minus
2130 1689 2463 1730 sermonem
2496 1692 2669 1747 quem
2696 1675 2931 1733 locutus
2951 1684 3042 1734 est
3076 1697 3088 1736 :
3120 1679 3215 1736 Vis
3249 1685 3314 1736 ut
3342 1698 3552 1738 ascen-

174 1758 367 1825 vineas,
386 1764 439 1815 et
467 1759 755 1816 comedite
788 1761 1044 1816 fructum
1084 1778 1311 1818 earum.
1364 1763 1433 1818 Et
1479 1762 1786 1833 quodcun-
1897 1762 2000 1816 dat
2021 1763 2408 1834 (ms.accedat)
2443 1765 2653 1820 umbra
2682 1766 2882 1822 decem
2914 1767 3088 1824 lineis
3120 1769 3550 1842 (h.gradibns).

175 1864 268 1919 que
296 1848 575 1920 reliquum
614 1849 790 1905 fuerit
818 1851 891 1905 de
921 1851 1104 1948 domq
1128 1852 1301 1918 Juda,
1336 1855 1502 1907 mitet
1533 1852 1787 1907 radicem
1819 1878 1868 1943 Β
1899 1867 1972 1906 an
2007 1855 2070 1906 ut
2091 1856 2418 1908 revertatur
2442 1853 2684 1910 totidem
2708 1855 3022 1925 gradibus?
3049 1858 3214 1914 Etait
3237 1859 3510 1916 Ezechias
3538 1878 3552 1917 :

175 1937 435 2002 deorsum,
462 1942 519 1994 et
549 1938 726 1994 faciet
764 1940 1016 1994 fructum
1052 1937 1314 1996 shrsum.
1350 1940 1430 1996 De
1459 1939 1791 1996 Jerusalem
1819 1937 1862 1943 ⁷
1909 1939 2101 1997 Facile
2160 1944 2265 2012 est,
2326 1942 2596 1998 umbram
2655 1959 2916 2001 crescere
2973 1946 3175 2003 decem
3235 1947 3406 2004 lineis
3465 1950 3548 2020 (h.

170 2026 359 2098 quippe
388 2027 768 2099 egredientur
797 2029 1077 2101 reliquiae,
1110 2035 1168 2085 et
1213 2031 1370 2102 quod
1401 2031 1667 2086 salvetur
1718 2030 1791 2087 de
1899 2030 2205 2102 gradibus)
2238 2047 2251 2086 :
2288 2047 2394 2087 nec
2428 2029 2536 2087 hoc
2564 2032 2716 2098 volo,
2774 2037 2838 2089 ut
2897 2034 3018 2105 ﬁat,
3083 2036 3184 2092 sed
3241 2040 3304 2092 ut
3353 2055 3551 2095 rever-

174 2122 340 2171 monte
365 2118 497 2174 Sion
533 2135 546 2173 :
575 2118 740 2175 zelus
775 2119 1003 2177 Domini
1026 2120 1390 2177 exercituum
1433 2121 1606 2177 faciet
1660 2122 1786 2177 hoc.
1899 2124 2060 2176 tatur
2088 2125 2407 2177 retrorsum
2439 2121 2638 2178 decem
2671 2123 2976 2194 gradibus.
3019 2127 3312 2184 Invocavit
3343 2127 3546 2200 itaque

172 2206 523 2269 Quamobrem
551 2208 680 2264 haec
704 2208 1139 2265 dicitDominus
1153 2211 1223 2266 de
1245 2211 1786 2282 regeAssyriorum:
1899 2208 2081 2266 Isaias
2115 2209 2397 2282 propheta
2430 2211 2765 2278 Dominum,
2795 2217 2854 2268 et
2876 2215 3107 2270 reduxit
3143 2216 3412 2272 umbram
3448 2232 3548 2288 per

173 2293 276 2349 Non
307 2296 665 2369 ingredietur
694 2299 924 2372 urbem
958 2299 1131 2372 hanc,
1178 2316 1285 2355 nec
1329 2301 1523 2356 mittet
1553 2300 1610 2355 in
1658 2315 1787 2355 eam
1897 2297 2083 2354 lineas
2138 2298 2220 2370 (h.
2264 2299 2524 2371 gradus),
2587 2301 2804 2372 quibus
2854 2303 3001 2374 jam.
3043 2305 3429 2362 descenderat
3484 2307 3544 2364 in

172 2385 436 2456 sagittam,
483 2404 592 2444 nec
625 2388 935 2460 occupabit
963 2405 1092 2445 eam
1120 2389 1379 2461 clypeus,
1405 2406 1509 2445 nec
1541 2390 1790 2445 circum-
1896 2386 2303 2459 horologio(h.
2351 2389 2686 2461 gradibus),
2718 2390 2898 2461 Ahaz,
2955 2397 3280 2450 retrorsum
3339 2395 3544 2452 decem

172 2473 308 2529 dabit
326 2492 446 2531 eam
473 2477 749 2533 munitio.
785 2479 894 2533 Per
908 2478 1084 2548 viam,
1109 2496 1226 2550 qua
1240 2479 1418 2545 venit,
1444 2484 1788 2545 revertetur,
1896 2477 2198 2547 gradibus.
2225 2477 2533 2550 (T.CCllI.)
2559 2479 2619 2534 In
2646 2484 2908 2552 tempore
2935 2480 3034 2538 illo
3061 2481 3226 2538 misit
3244 2483 3542 2540 Berodach

171 2567 218 2616 et
241 2563 513 2622 civitatem
550 2567 707 2622 hanc
739 2584 854 2622 non
887 2566 1270 2639 ingredietur,
1304 2567 1446 2623 dicit
1479 2569 1786 2626 Dominus.
1896 2564 2153 2620 Baladan
2209 2566 2332 2638 (ms.
2393 2575 2508 2623 (ac.
2569 2567 2866 2637 Baladan),
2904 2569 3059 2625 filius
3120 2569 3399 2639 Baladan,
3452 2589 3550 2630 rex

169 2655 557 2727 Pnotegamque
594 2657 802 2712 urbem
837 2656 1008 2725 hanc,
1041 2662 1098 2712 et
1127 2657 1366 2713 salvabo
1393 2674 1523 2714 eam
1551 2662 1788 2729 prapter
1898 2653 2368 2726 Babyloniorum.
2409 2654 2634 2712 litteras
2680 2656 2763 2728 (h.
2797 2655 3001 2728 libros)
3052 2663 3110 2713 et
3160 2677 3416 2728 munera
3472 2662 3546 2717 ad

167 2749 588 2817 me,etpr0pter
622 2745 798 2801 David
834 2762 1067 2802 servum
1129 2763 1346 2804 meum.
1411 2747 1646 2802 Factum
1697 2751 1788 2802 est
1897 2743 2695 2800 Ezechiamzaudieratenim
2716 2743 3545 2819 quodsegrotassethechias.

164 2829 394 2902 igiturin
428 2835 727 2892 nocteilla
755 2837 914 2892 venit
961 2836 1208 2908 angelus
1261 2836 1512 2906 Domini,
1545 2842 1602 2892 et
1652 2853 1783 2909 ρει·-
1898 2837 2149 2888 Lzetatus
2180 2837 2270 2888 est
2307 2837 2502 2888 autem
2553 2833 2612 2888 in
2668 2833 2922 2891 adventu
2981 2851 3183 2891 eorum
3246 2836 3544 2906 Ezechias,

164 2921 322 2977 cussit
371 2923 428 2979 in
482 2925 705 2980 castris
760 2926 1135 2998 Assyriorum
1196 2930 1432 2982 centum
1492 2925 1786 2998 octoginta
1893 2925 1952 2977 et
2009 2921 2268 2977 Ostendit
2324 2921 2406 2994 (δι
2469 2922 2668 2978 ﬁndito
2726 2928 2922 2979 autem
2980 2925 3236 2982 adventu
3313 2943 3544 2985 80mm-

166 3011 399 3082 quinque
429 3014 926 3087 millia.Cumque
950 3014 1212 3071 diluculo
1239 3016 1612 3082 surrexisset,
1635 3016 1784 3072 vidit
1893 3010 2172 3067 Ezechias
2228 3011 2506 3074 ostendit)
2563 3011 2648 3068 eis
2706 3013 2947 3069 domum
3027 3019 3397 3084 aromatum,
3482 3021 3542 3073 et

163 3099 333 3156 omnia
361 3119 609 3175 corpora
638 3108 1044 3160 mortuoruum
1074 3105 1156 3176 (h.
1207 3103 1465 3160 diluculo
1497 3105 1782 3160 aurrexis-
1891 3117 2099 3156 aurum
2132 3105 2190 3156 et
2219 3104 2551 3172 argentum,
2610 3106 2668 3157 et
2716 3101 3017 3174 pigmenta
3074 3105 3237 3161 varia
3295 3105 3376 3177 (h.
3423 3122 3541 3163 non

165 3193 278 3243 sent
305 3207 316 3245 :
343 3207 471 3248 ecce
501 3209 714 3248 omnes
738 3209 984 3264 corpora
1011 3198 1403 3258 mortuorum,
1425 3198 1482 3249 ct
1503 3194 1781 3250 recedens
1817 3256 1853 3268 Α
1893 3190 2114 3261 habet).
2147 3194 2451 3262 unguenta
2481 3207 2716 3263 quoque
2757 3191 2833 3253 (b.
2890 3199 3257 3267 unguentum
3308 3211 3544 3268 quoque

165 3277 300 3345 abiit,
327 3285 380 3334 et
400 3297 672 3337 reversus
698 3287 788 3337 est
825 3281 1224 3338 Sennacherib
1266 3300 1363 3338 rex
1384 3282 1780 3354 Assyriorum,
1811 3256 1855 3324 (ἶ
1895 3278 2230 3351 optimum).
2261 3285 2319 3336 et
2345 3281 2585 3336 domum
2631 3298 2905 3337 vasorum
2965 3299 3230 3352 suorum,
3261 3289 3319 3340 et
3347 3284 3543 3341 omnia

165 3369 211 3420 et
237 3370 434 3425 mansit
468 3369 525 3425 in
558 3369 794 3427 Ninive.
837 3375 1105 3443 Cumque
1137 3371 1404 3427 adoraret
1451 3371 1511 3426 in
1561 3371 1781 3444 tcmplo
1893 3385 2020 3440 quae
2052 3368 2268 3424 habere
2299 3373 2526 3440 poterat
2581 3371 2640 3424 in
2699 3370 2992 3428 thesauris
3050 3373 3197 3428 suis.
3249 3372 3371 3430 Non
3433 3373 3544 3429 fuit

166 3453 232 3524 (h.
262 3458 447 3530 domo)
503 3459 767 3516 Nesroch
832 3461 954 3531 (ms.
1010 3460 1316 3531 Neserath)
1373 3461 1549 3515 deum
1581 3477 1779 3530 suum,
1893 3458 3013 3533 quidquam(ms.tac.quidquam)quod
3044 3479 3158 3517 non
3184 3467 3541 3520 monstraret

165 3545 518 3604 Adralamecb
550 3553 680 3612 (ma.
713 3549 1125 3617 Adarmelech)
1155 3556 1212 3605 et
1240 3551 1484 3604 Sarazar
1513 3548 1617 3603 filii
1651 3550 1780 3620 ejus
1892 3547 1980 3604 eis
2031 3547 2301 3604 Ezechias
2334 3548 2392 3604 in
2425 3548 2600 3604 domo
2659 3565 2792 3618 sua,
2825 3554 2881 3606 et
2931 3550 2991 3606 in
3042 3551 3203 3606 omni
3261 3555 3551 3624 potestate

162 3643 551 3702 percusserunt
584 3653 721 3694 eum
754 3637 970 3710 gladio,
1003 3639 1397 3710 fugeruntque
1445 3637 1504 3692 in
1560 3643 1777 3694 terram
1893 3653 2021 3693 sua.
2055 3637 2232 3693 Venit
2261 3641 2457 3694 autem
2505 3637 2687 3694 Isaias
2719 3639 3004 3712 propheta
3034 3641 3106 3695 ad
3156 3656 3348 3712 regem
3413 3641 3546 3696 Eze-

161 3726 566 3797 Armeniorum,
603 3733 661 3783 et
690 3729 952 3800 regnavit
983 3729 1320 3784 Esaraddon
1353 3732 1476 3799 (ms.
1519 3727 1778 3783 Aserad-
1889 3725 2108 3794 chiam,
2141 3725 2407 3798 dixitque
2437 3727 2487 3782 ei
2523 3744 2536 3782 :
2571 3726 2716 3791 Quid
2775 3729 3050 3784 dixerunt
3108 3729 3214 3784 viri
3266 3729 3414 3785 isti?
3443 3735 3546 3785 aut

161 3811 277 3880 don)
305 3813 455 3872 filius
487 3819 626 3888 ejus
659 3833 763 3888 pro
793 3833 885 3873 eo.
1888 3816 2045 3871 unde
2081 3820 2369 3871 venerunt
2390 3816 2462 3871 ad
2497 3815 2591 3872 te?
2621 3816 2725 3872 Cui
2774 3817 2856 3873 ait
2899 3817 3177 3873 Ezechias
3212 3836 3224 3874 :
3258 3823 3338 3874 De
3385 3822 3541 3874 terra

218 3903 290 3972 (T.
311 3906 585 3978 CCI,Cap.
611 3905 762 3976 XX.)
791 3905 854 3962 In
887 3906 1097 3962 diebus
1129 3906 1246 3962 illis
1295 3906 1593 3979 aagrolavit
1642 3911 1773 3962 Eze-
1886 3904 2206 3977 longinqua
2233 3908 2522 3960 venerunt
2543 3903 2743 3976 (Vulg.
2775 3904 2898 3960 add.
2928 3906 2999 3961 ad
3028 3909 3163 3969 me),
3190 3906 3262 3962 de
3286 3906 3532 3979 Babylo-

157 3987 297 4046 cbias
339 4011 523 4066 usque
557 3995 634 4050 ad
669 4001 944 4065 mortem,
975 4003 1034 4051 et
1062 3996 1221 4052 venit
1270 3998 1342 4052 ad
1401 4013 1531 4052 eum
1592 3996 1775 4050 Isaias
1886 4009 1978 4049 ne.
2009 3998 2081 4048 At
2111 3992 2211 4048 ille
2253 3993 2558 4064 respondit
2583 4010 2596 4048 :
2621 3993 2770 4058 Quid
2804 3994 3079 4049 viderunt
3104 3995 3161 4050 in
3190 3996 3361 4050 domo
3393 3995 3533 4051 tua?

159 4077 293 4136 ﬁlius
320 4090 518 4151 Amos,
550 4085 863 4157 propheta,
897 4086 1164 4157 dixitque
1195 4086 1247 4142 ei
1280 4103 1294 4141 :
1327 4091 1456 4141 Haec
1486 4085 1627 4141 dicit
1658 4084 1777 4140 Do-
1885 4081 1981 4136 Ait
2008 4082 2284 4138 Ezechias
2315 4098 2327 4138 :
2357 4081 2566 4138 Omnia
2593 4098 2720 4153 quae
2749 4087 2890 4138 sunt
2919 4083 2976 4138 in
3028 4083 3198 4138 domo
3247 4099 3399 4148 mea,
3448 4082 3525 4137 vi-

161 4169 334 4226 minus
377 4179 500 4242 (ms.
550 4183 611 4230 et
667 4173 815 4245 Vulg.
849 4175 974 4230 add.
1029 4175 1189 4248 Deus)
1223 4192 1237 4230 :
1271 4175 1523 4247 Praecipe
1573 4174 1774 4230 domui
1885 4172 2097 4228 derunt
2128 4188 2142 4226 :
2170 4170 2316 4226 nihil
2347 4175 2435 4226 est
2465 4171 2620 4241 quod
2664 4188 2781 4226 non
2834 4171 3280 4227 monstraverim
3333 4171 3418 4228 eis
3468 4172 3526 4226 in

159 4260 254 4312 tuae
282 4262 542 4321 morieris
575 4263 734 4319 enim
779 4269 839 4319 tu
872 4267 994 4335 (m3.
1029 4269 1132 4320 tae.
1167 4267 1273 4330 tu),
1314 4269 1372 4320 et
1422 4282 1537 4320 non
1591 4263 1772 4320 vives.
1883 4261 2181 4317 thesauris
2237 4260 2406 4316 meis.
2467 4260 2560 4331 (T.
2619 4260 2826 4321 CCIV.)
2881 4260 3035 4316 Dixit
3092 4261 3288 4332 itaque
3347 4261 3531 4317 Isaias

161 4348 251 4410 Qui
280 4353 553 4407 convertit
591 4351 792 4407 faciem
825 4370 993 4408 suam
1029 4354 1099 4408 ad
1133 4354 1433 4424 parietem,
1482 4356 1540 4408 et
1591 4353 1778 4408 oravit
1886 4349 2140 4406 Ezechiae
2175 4367 2187 4406 :
2223 4349 2370 4404 Audi
2417 4365 2752 4405 sermonem
2784 4349 3015 4406 Domini
3051 4367 3066 4405 :
3100 4351 3244 4406 Ecce
3274 4350 3400 4406 dies
3433 4367 3531 4408 ve-

161 4432 469 4505 Dominum,
532 4441 737 4496 dicens
771 4458 784 4495 :
817 4440 1093 4508 Obsecro,
1152 4442 1421 4508 Domine,
1481 4445 1774 4497 memento
1887 4441 2072 4507 nient,
2100 4444 2158 4496 et
2187 4440 2526 4495 auferentur
2558 4439 2756 4495 omnia
2784 4457 2911 4511 quae
2945 4443 3085 4494 sunt
3115 4439 3171 4494 in
3205 4440 3378 4495 domo
3411 4445 3533 4507 tua,

160 4523 329 4595 (Vulg.
359 4530 484 4584 add.
515 4530 741 4603 quaeso)
773 4531 1067 4602 quomodo
1114 4529 1534 4586 ambulaverim
1581 4546 1774 4586 coram
1887 4535 1943 4586 et
1959 4546 2087 4602 quae
2111 4529 2504 4584 condiderunt
2527 4533 2722 4601 patres
2745 4529 2831 4584 tui
2860 4545 3051 4600 usque
3073 4529 3131 4583 in
3171 4528 3325 4585 diem
3350 4529 3533 4585 hanc’

157 4617 202 4666 te
228 4614 282 4671 in
315 4620 578 4690 veritate,
613 4626 670 4676 et
702 4621 759 4675 in
789 4621 960 4675 corde
993 4620 1269 4692 perfecto,
1304 4624 1361 4676 et
1391 4619 1547 4692 quod
1595 4618 1776 4691 placi-
1812 4626 1861 4692 1)
1893 4619 1949 4673 in
1982 4617 2334 4689 Babylonem
2365 4635 2377 4671 :
2407 4634 2519 4672 non
2562 4617 2892 4674 remanebit
2922 4618 3274 4690 quidquam,
3309 4617 3390 4673 ait
3417 4618 3534 4675 Do-

160 4705 266 4759 tum
293 4713 379 4763 est
407 4725 605 4766 coram
629 4715 684 4765 te
715 4709 799 4781 (h.
827 4710 884 4765 in
909 4709 1094 4765 oculis
1117 4710 1256 4780 tuis)
1309 4709 1566 4765 fecerim.
1606 4708 1783 4764 Flevit
1892 4707 2110 4762 minus.
2145 4706 2255 4761 Sed
2287 4715 2340 4762 et
2371 4707 2442 4761 de
2466 4706 2604 4760 filiis
2636 4707 2754 4761 tuis
2806 4706 2902 4777 qui
2954 4706 3329 4776 egredientur
3357 4723 3425 4763 ex
3456 4712 3532 4772 te,

161 4789 333 4864 itaque
360 4798 636 4855 Ezechias
659 4798 798 4854 ﬂetu
824 4815 1034 4870 magno
1060 4799 1143 4867 (Τ.
1172 4799 1352 4869 CCII.)
1388 4799 1452 4853 Et
1474 4802 1781 4869 antequam
1890 4813 2035 4866 quos
2066 4795 2399 4867 generabis,
2450 4793 2656 4850 tollent
2703 4795 2830 4863 (ma.
2862 4799 2915 4850 et
2951 4795 3100 4866 Vulg.
3138 4793 3434 4867 tollentur)
3481 4801 3538 4851 et

161 4885 509 4949 egrederetur
539 4887 724 4944 Isaias
747 4888 1002 4943 mediam
1031 4892 1254 4960 partem
1281 4888 1436 4954 atrii,
1471 4888 1662 4942 factus
1693 4889 1785 4941 est
1892 4890 2068 4940 erunt
2095 4883 2348 4939 ennuchi
2400 4884 2457 4938 in
2519 4882 2738 4955 palatio
2783 4883 2859 4939 (h.
2889 4882 3131 4955 templo)
3166 4883 3320 4956 regis
3353 4884 3536 4955 Baby-

164 4985 330 5029 sermo
356 4975 588 5032 Domini
622 4979 691 5033 ad
725 4994 882 5048 eum,
916 4977 1118 5033 dicens
1151 4993 1166 5032 :
1201 4977 1532 5045 Revertere,
1583 4980 1643 5031 et
1691 4975 1784 5030 dic
1892 4973 2062 5030 Ionis.
2101 4973 2372 5044 Dixitque
2401 4971 2678 5027 Ezechias
2708 4972 2780 5028 ad
2815 4971 3030 5028 Isaiam
3066 4989 3080 5028 :
3108 4973 3306 5029 Bonus
3337 4988 3531 5028 sermo

165 5057 398 5120 Ezechiae
428 5066 564 5122 duci
597 5066 796 5140 populi
830 5067 976 5123 mei:
1004 5068 1132 5123 llaec
1153 5066 1297 5122 dicit
1323 5065 1608 5122 Dominus
1633 5070 1785 5120 Deus
1896 5063 2148 5132 Domini,
2183 5078 2354 5136 quem
2409 5059 2642 5117 locutus
2674 5078 2736 5117 es
2770 5077 2782 5115 :
2814 5061 2893 5116 sit
2943 5078 3054 5133 pax
3102 5067 3160 5116 et
3205 5063 3418 5117 veritas
3479 5061 3537 5116 in

227 5211 240 5241 ¹
272 5209 649 5288 Αιιριδυὶιιειίεχ
688 5213 780 5288 his
810 5213 1183 5288 lectionibus,
1217 5214 1506 5288 introitum
1543 5215 1700 5288 tuum
1730 5215 1782 5267 et

1980 5223 2025 5288 tr
2053 5220 2426 5288 expressam;
2461 5204 2614 5275 quod
2647 5205 2761 5288 tria
2789 5204 2913 5288 haec
2942 5208 3178 5288 tantum
3225 5206 3535 5287 memorat,

168 5276 494 5361 tuumtuum,
525 5286 1044 5361 abundat,estque
1076 5276 1450 5361 librariorum
1500 5283 1670 5353 culpa
1719 5300 1786 5339 ex
1896 5276 2370 5361 sedere,'egr'e'di.,
2426 5281 2603 5347 atque
2663 5276 2912 5361 ingredi.
2950 5276 3123 5361 Porro
3177 5277 3327 5330 viam
3386 5285 3539 5330 mam

166 5347 279 5406 albo
309 5352 437 5409 libri
470 5347 1152 5434 intextumimportata.
1176 5356 1533 5434 Scholiastﬁes
1557 5347 1784 5434 postre-
1897 5350 2042 5405 satis
2077 5347 2220 5404 bene
2252 5348 2553 5404 Hebraeum
2582 5347 2741 5434 1N3?
2762 5348 3202 5420 interpretatur.

167 5434 301 5502 mam
341 5427 565 5497 respuit
607 5445 620 5484 :
661 5426 1261 5502 priorem'veronens.
1317 5445 1425 5502 ms,
1460 5431 1631 5502 tacet.
1667 5426 1786 5484 Suo
1967 5439 1989 5473 ²
2021 5437 2434 5494 Contentiosus
2465 5439 2536 5494 ad
2561 5426 2732 5492 Hebr.
2765 5437 3007 5492 verbum
3032 5435 3277 5493 minoris
3314 5433 3538 5492 numeri

164 5498 384 5581 Elerque
415 5515 593 5580 sensu
628 5497 771 5581 bene
807 5520 820 5556 :
853 5518 923 5556 ex
981 5502 1090 5557 hoc
1150 5505 1348 5556 autem
1410 5499 1540 5581 ipso
1571 5497 1719 5570 qum

1410 5499 1540 5581 i989
1571 5497 1784 5570 liquet.
1895 5514 2217 5566 Veronens.
2253 5526 2364 5566 ms.
2401 5512 2709 5581 lacrymam
2739 5516 2912 5581 (nam.

166 5559 307 5652 ξηρά
333 5570 666 5640 aequiorum
698 5572 1344 5652 glossatorummanus
1377 5559 1621 5626 minime
1639 5559 1784 5652 ‘per:
1918 5559 1997 5616 '
2016 5559 3086 5652 rigari/Kasta;egressam...
3112 5581 3170 5634 in
3201 5577 3346 5634 diem
3373 5583 3538 5645 hanc,

169 5642 927 5725 pessumessetpuramque
977 5642 1514 5725 additamentorum
1566 5642 1787 5698 versio—
1903 5668 2031 5725 qua
2063 5660 2259 5710 tamen
2291 5652 2424 5707 libri
2456 5652 2550 5707 alii
2586 5667 2790 5708 omnes
2820 5642 3058 5708 habent.

171 5719 283 5763 nem
311 5713 534 5770 exibere
561 5713 1095 5789 Hieronymianam,
1115 5716 1188 5772 ad
1234 5715 1542 5771 Hebraeum
1592 5729 1788 5770 exem-
