3938 6174
221 315 314 372 817

1507 313 1721 367 LIBER
1758 313 1810 365 ll
1845 311 2252 368 MALACHIM.

3483 321 3589 376 818

282 442 418 513 (Cap.
468 436 664 506 XXII.)
720 437 860 492 Octo
915 453 1206 492 annorum
1263 441 1388 493 erat
1427 437 1623 493 Josias
1682 450 1817 490 cum
1851 442 1904 504 Α
1936 435 2044 490 da:
2079 436 2219 506 quia
2247 435 2690 509 dereliquerunt
2722 454 2835 508 me,
2863 441 2920 494 et
2944 439 3424 498 sacriﬁcaverunt
3473 445 3585 502 diis

221 546 433 603 regnare
461 527 744 598 coepisset,
779 532 836 582 et
864 527 1110 599 triginta
1141 543 1254 582 uno
1286 544 1438 582 anno
1464 524 1728 598 regnavit
1760 525 1819 578 in

220 616 541 676 Jerusalem:
577 631 790 670 nomen
824 617 1034 670 matris
1083 616 1214 686 ejus
1267 616 1452 680 Idida,
1487 615 1607 670 ﬁlia
1638 613 1821 683 Adaja

219 710 279 764 de
301 705 574 762 Besecath.
610 705 887 775 Fecitque
918 705 1074 776 quod
1116 705 1397 776 placitum
1448 709 1573 760 erat
1622 719 1816 759 coram

221 799 433 856 Domino
454 797 532 868 (h.
563 796 622 850 in
656 796 844 852 oculis
885 796 1164 864 Domini],
1225 802 1282 852 et
1337 795 1662 852 ambulavit
1718 811 1821 866 per

218 905 396 944 nomes
424 888 539 942 vias
565 886 743 941 David
788 885 972 958 patris
1001 887 1094 941 sui
1127 902 1139 939 :
1203 903 1315 942 non
1377 885 1691 942 declinavit
1747 884 1816 938 ad

215 979 496 1046 dexteram,
515 977 635 1031 sive
656 975 726 1030 ad
755 973 1051 1030 sinistram
1075 977 1160 1046 (T.
1185 974 1398 1045 CCIX).
1423 983 1593 1029 Anno
1625 979 1818 1028 autem

213 1075 386 1123 octavo
415 1065 634 1120 decimo
666 1063 821 1136 regis
847 1063 1045 1132 Josize,
1079 1063 1239 1119 misit
1265 1063 1599 1135 rexSaphan
1632 1061 1819 1117 ﬁlium

211 1155 426 1218 Assia‘,
458 1153 560 1209 ﬁlii
589 1152 933 1216 Messulam,
983 1153 1236 1209 scribam
1292 1153 1494 1224 templi
1565 1151 1821 1219 Domini,

211 1245 385 1300 dicens
407 1242 454 1298 ei
481 1261 493 1298 :
528 1243 685 1298 Vade
716 1243 787 1297 ad
821 1242 1076 1298 Helciam
1108 1244 1473 1298 sacerdotem
1514 1258 1820 1312 magnum,

211 1340 265 1390 ut
295 1332 869 1404 conﬂaturjpecunia,
901 1348 1028 1402 quin
1060 1331 1225 1386 illata
1273 1337 1362 1387 est
1414 1332 1472 1386 in
1530 1330 1818 1402 templum

208 1422 277 1493 (h.
306 1421 556 1491 domum)
588 1419 845 1485 Domini,
896 1436 1075 1491 quam
1132 1419 1492 1490 collegerunt
1532 1419 1820 1489 janitores

207 1509 369 1582 (l’ulg.
397 1511 518 1566 add.
557 1508 787 1582 templi)
814 1526 847 1564 a
893 1507 1132 1581 populo,
1165 1510 1451 1582 deturque
1487 1509 1668 1564 fabris
1717 1525 1821 1580 per

202 1601 508 1672 praepositos
560 1599 618 1654 in
653 1600 827 1655 domo
872 1597 1146 1654 Domini;
1201 1601 1300 1670 qui
1345 1606 1402 1654 et
1458 1598 1818 1654 distribuant

203 1690 308 1759 (ms.
339 1688 710 1759 distribuant)
743 1704 872 1743 eam
907 1687 998 1741 his
1031 1687 1129 1758 qui
1164 1692 1482 1760 operantur
1513 1687 1570 1741 in
1597 1686 1815 1757 templo

1930 523 2162 592 alienis,
2196 526 2496 583 irritantes
2528 544 2620 582 me
2652 527 2954 582 incunctis
2977 531 3253 600 operibus
3295 549 3582 590 manuum

1929 622 2257 687 suarum,et
2284 618 2670 672 succendetur
2699 619 3023 689 indignatio
3057 637 3182 674 mea
3208 619 3414 676 inloco
3449 622 3582 689 hoc,

1929 711 1987 759 et
2017 723 2130 760 non
2163 705 2602 777 exstinguetur:
2639 708 2778 778 Regi
2811 715 3010 763 autem
3039 709 3213 778 Juda,
3245 711 3346 781 qui
3418 713 3582 767 misit

1925 811 2028 850 vos
2061 800 2122 849 ut
2151 795 2533 850 consuleretis
2567 798 2897 863 Dominum,
2930 797 3014 853 sic
3043 799 3288 855 dicetis:
3338 801 3469 855 Haec
3495 802 3580 856 di-

1929 886 2009 939 cit
2040 883 2328 940 Dominus
2359 885 2514 940 Deus
2568 885 2790 940 Israel:
2854 887 2960 941 Pro
3018 904 3084 942 eo
3143 889 3299 958 quod
3358 891 3578 946 auditis

1928 975 2104 1029 verba
2134 976 2425 1030 voluminis
2453 975 2534 1042 (h.
2571 992 2684 1030 non
2720 975 2934 1046 habet),
2967 981 3024 1031 et
3049 977 3420 1048 perterritum
3483 984 3574 1035 est

1925 1079 2029 1119 cor
2062 1069 2334 1130 tuum,et
2364 1063 2716 1118 humiliatus
2746 1082 2808 1119 es
2839 1080 3036 1120 coram
3070 1067 3322 1132 Domini,
3355 1068 3572 1124 auditis

1930 1153 2306 1208 sermonibus
2337 1159 2539 1208 contra
2589 1153 2784 1208 locum
2845 1154 3046 1220 istum,
3105 1159 3163 1208 et
3213 1155 3575 1212 habitatores

1931 1245 2082 1314 ejus,
2115 1247 2269 1314 quod
2305 1245 2426 1314 (ms.
2457 1243 2596 1313 duo)
2629 1242 2898 1297 videlicet
2926 1242 3132 1298 ﬁerent
3161 1243 3219 1298 in
3278 1254 3577 1316 stuporem

1929 1339 1984 1388 et
2041 1332 2100 1386 in
2171 1332 2574 1399 maledictum,
2628 1337 2687 1386 et
2743 1333 2973 1387 scidisti
3047 1333 3394 1389 vestimenta
3451 1341 3573 1399 tua,

1929 1426 1986 1477 et
2018 1421 2228 1477 ﬁevisti
2258 1439 2454 1477 coram
2487 1439 2598 1490 me,
2623 1428 2682 1476 et
2710 1439 2814 1493 ego
2844 1423 3063 1488 audivi,
3111 1423 3194 1478 ait
3249 1423 3566 1479 Dominus:

1928 1511 2146 1566 idcirco
2173 1510 2446 1583 colligam
2478 1517 2535 1565 te
2564 1512 2633 1565 ad
2696 1516 2891 1582 patres
2940 1517 3094 1579 tuos,
3153 1517 3211 1567 et
3268 1513 3564 1582 colligeris

1928 1601 2000 1656 ad
2029 1599 2369 1671 sepulcrum
2394 1605 2560 1654 tuum
2587 1601 2648 1655 in
2681 1616 2840 1672 pace,
2874 1606 2936 1655 ut
2967 1617 3082 1656 non
3136 1599 3370 1656 videant
3411 1603 3562 1659 oculi

1925 1690 2010 1744 tui
2045 1689 2245 1744 omnia
2273 1689 2429 1744 mala
2458 1706 2584 1760 quae
2619 1690 2970 1744 inducturus
2995 1706 3128 1745 sum
3160 1707 3341 1761 super
3370 1691 3562 1747 locum

202 1777 271 1848 (h.
292 1778 468 1848 domo)
493 1777 751 1847 Domini,
784 1777 855 1832 ad
890 1775 1274 1832 instauranda
1304 1781 1618 1832 sartatecta
1667 1784 1810 1830 tem-
1848 1815 1892 1879 Β
1923 1779 2128 1835 istum.

201 1866 268 1938 pli
289 1866 362 1937 (h.
393 1867 667 1935 domus):
696 1865 966 1939 tignariis
999 1865 1270 1922 videlicet
1301 1871 1356 1921 et
1403 1865 1813 1933 caementariis,

202 1962 248 2012 et
272 1956 334 2012 iis
361 1955 455 2028 qui
481 1955 816 2026 interrupta
847 1961 1231 2026 componunt,
1261 1959 1318 2010 et
1350 1963 1408 2008 ut
1441 1960 1716 2010 emantur
1746 1953 1814 2008 li-

199 2062 314 2117 gna,
343 2053 393 2102 et
420 2047 651 2116 lapides
676 2045 1091 2117 delapicidinis
1105 2045 1650 2101 adinstaurandum
1675 2050 1814 2100 tem-

1995 1869 2081 1938 (T.
2110 1867 2301 1934 CCXI,
2334 1870 2463 1940 Cap.
2497 1866 2721 1938 XXIII.)
2772 1869 2841 1922 Et
2898 1867 3386 1924 renuntiaverunt
3444 1869 3564 1939 regi

1921 1959 2074 2028 quod
2120 1958 2362 2012 dixerat.
2397 1956 2504 2022 Qui
2564 1957 2758 2012 misit:
2789 1965 2848 2012 et
2903 1959 3244 2029 congregati
3302 1962 3442 2012 sunt
3489 1959 3559 2012 ad

1917 2063 2050 2102 eum
2082 2063 2287 2102 omnes
2318 2063 2488 2101 senes
2515 2045 2671 2100 Juda
2699 2051 2756 2100 et
2783 2046 3130 2102 Jerusalem.
3171 2047 3565 2118 Ascenditque

197 2135 335 2207 plum
363 2135 439 2207 (h.
479 2136 776 2207 domum).
833 2136 1248 2192 Verumtamen
1311 2152 1426 2190 nou
1459 2140 1815 2206 supputetur
1917 2152 2016 2191 rex
2046 2134 2330 2207 templum
2363 2136 2446 2206 (h.
2482 2136 2748 2204 domum)
2793 2136 3050 2202 Domini,
3079 2144 3136 2190 et
3192 2152 3398 2191 omnes
3457 2138 3562 2191 viri

193 2224 262 2279 eis
288 2230 591 2297 argentum
624 2226 779 2297 quod
812 2226 1128 2297 accipiunt,
1160 2225 1259 2280 sed
1295 2225 1351 2279 in
1387 2228 1670 2295 potestate
1702 2222 1809 2278 ha-
1913 2225 2091 2289 Juda,
2129 2223 2500 2293 universique
2520 2224 2622 2293 qui
2669 2223 3012 2278 habitabant
3040 2228 3165 2292 gms.
3199 2223 3558 2291 habitant)in

191 2311 360 2380 beant,
389 2315 475 2386 οι(
515 2315 676 2386 Vulg.
711 2323 815 2370 lac.
863 2315 939 2385 et)
983 2314 1040 2368 in
1101 2315 1215 2370 ﬁde
1272 2314 1354 2384 (h.
1420 2313 1807 2368 Veruntamen

188 2417 277 2456 non
300 2412 622 2475 supputetur
661 2407 959 2476 argentum
1008 2401 1100 2458 his
1158 2403 1254 2473 qui
1310 2404 1614 2473 accipiunt,
1675 2400 1811 2472 quia

185 2489 234 2546 in
261 2492 399 2564 ﬁde).
431 2494 518 2565 (T.
564 2493 744 2561 CCX.)
804 2492 960 2548 Dixit
1003 2498 1198 2548 autem
1258 2492 1490 2548 Helcias
1548 2491 1809 2562 pontifex

183 2581 238 2634 ad
258 2581 472 2652 Saphan
496 2581 793 2637 scribam:
825 2581 1042 2636 librum
1074 2582 1220 2654 legis
1269 2585 1452 2652 reperi
1516 2581 1573 2635 in
1633 2581 1806 2635 domo

182 2666 382 2725 Domini
414 2688 426 2726 :
461 2671 748 2740 deditque
777 2668 1009 2726 Helcias
1040 2670 1312 2726 volumen
1337 2671 1415 2738 (h.
1442 2669 1683 2740 librum)
1708 2670 1806 2725 Sa-

181 2757 337 2829 phan,
358 2761 453 2832 qui
482 2767 550 2816 et.
571 2759 712 2832 legit
743 2759 1095 2815 illud.Venit
1111 2760 1576 2832 quoqueSaphan
1611 2759 1807 2815 scriba

186 2847 245 2900 ad
271 2863 472 2920 regem,
504 2855 567 2905 et
599 2847 958 2904 renuntiavit
987 2849 1036 2904 ei
1068 2848 1149 2918 (h.
1186 2850 1445 2917 verbum)
1470 2850 1624 2921 quod
1658 2865 1801 2920 prrs-

186 2949 408 3008 ceperat,
438 2942 496 2994 et
525 2939 610 2992 ait
647 2953 660 2992 :
695 2937 1106 2993 Conﬁavernnt
1141 2937 1292 2992 servi
1339 2938 1424 2992 tui
1490 2937 1801 3008 pocuniam

187 3038 294 3094 quae
322 3032 542 3098 reperta
573 3030 669 3082 est
691 3027 863 3082 domo
895 3025 1119 3081 Domini
1148 3025 1230 3097 (h.
1285 3044 1398 3081 non
1460 3026 1692 3097 habel):
1745 3031 1804 3082 et

187 3113 440 3170 dederunt
472 3123 533 3171 ut
566 3115 1024 3171 distribueretur
1053 3116 1232 3171 fabris
1255 3133 1288 3170 a
1320 3116 1604 3186 praefectis
1663 3133 1801 3187 ope-

186 3217 296 3258 rum
323 3205 515 3276 templi
565 3205 652 3277 (h.
694 3205 929 3276 domus)
987 3205 1239 3261 Domini.
1286 3205 1671 3276 Narravitque
1718 3206 1798 3276 (h.

183 3290 596 3372 Nuntiavitque)
632 3295 862 3366 Saphan
895 3295 1090 3351 scriba
1119 3294 1260 3366 regi,
1286 3296 1487 3350 dicens
1522 3314 1534 3351 :
1570 3297 1802 3352 Librum

183 3381 321 3437 dedit
348 3384 485 3440 mihi
518 3384 753 3440 Helcias
784 3386 1079 3441 sacerdos.
1131 3386 1312 3450 Quem
1372 3403 1505 3441 cum
1568 3386 1808 3458 legisset

183 3470 386 3542 Saphan
419 3490 618 3530 coram
653 3490 806 3546 rege,
839 3479 896 3529 et
917 3475 1182 3530 audisset
1205 3493 1304 3531 rex
1333 3476 1505 3531 verba
1536 3475 1664 3531 libri
1725 3475 1803 3531 le-

185 3558 260 3629 gis
277 3561 493 3618 Domini
521 3563 609 3635 (h.
640 3579 756 3617 non
801 3562 1022 3634 habet),
1053 3562 1227 3619 scidit
1274 3565 1620 3620 vestimenta
1677 3582 1803 3621 sua.

183 3645 239 3701 Et
264 3652 524 3723 praecepit
553 3649 758 3707 Helcia
787 3651 1098 3718 sacerdoti,
1131 3657 1188 3708 et
1225 3651 1466 3708 Ahicam
1527 3653 1642 3708 ﬁlio
1700 3655 1806 3710 Sa-

186 3737 340 3804 phan,
373 3744 430 3794 et
462 3739 739 3796 Achobor
770 3739 888 3796 ﬁlio
921 3741 1134 3811 Micha,
1158 3747 1216 3798 et
1241 3742 1477 3813 Saphan
1503 3744 1728 3808 scribae,
1753 3749 1810 3798 et

187 3825 347 3881 Asaia
378 3845 540 3884 servo
585 3829 765 3901 regis,
823 3831 1070 3886 dicens:
1107 3831 1188 3885 Ite
1246 3838 1302 3885 et
1349 3831 1636 3888 consulite
1696 3833 1809 3888 Do-

190 3913 391 3971 minum
424 3934 606 3990 super
631 3934 725 3973 me
756 3923 812 3974 et
843 3935 1020 3990 super
1062 3919 1276 3992 populo
1307 3927 1363 3976 et
1415 3937 1594 3992 super
1649 3924 1808 3978 omni

189 4002 473 4076 Juda’(h.
507 4013 567 4062 et
598 4023 777 4078 super
805 4023 933 4063 re...
980 4012 1038 4063 et
1091 4010 1283 4080 Juda),
1339 4011 1411 4065 de
1466 4010 1659 4066 verbis
1715 4029 1811 4068 vo-

187 4085 407 4151 luminis
455 4095 632 4152 istius
665 4096 818 4166 quod
853 4097 1154 4153 inventum
1207 4105 1331 4154 est:
1383 4117 1600 4171 magna
1654 4105 1809 4157 enim

189 4175 263 4232 ira
305 4185 526 4238 Domini
591 4201 878 4240 succensa
933 4195 1022 4240 est
1060 4191 1265 4241 contra
1312 4205 1438 4257 nos,
1497 4191 1638 4259 quia
1694 4207 1811 4246 non

190 4267 481 4327 audierunt
509 4280 714 4345 patres
743 4274 928 4329 nostri
959 4277 1134 4331 verba
1166 4275 1296 4330 libri
1328 4275 1525 4347 hujus,
1553 4284 1617 4333 ut
1670 4280 1816 4336 face-

1910 2314 2264 2381 Jerusalem,
2299 2329 2433 2367 cum
2465 2329 2530 2367 eo
2561 2313 2895 2367 sacerdotes
2925 2318 2982 2366 et
3011 2311 3329 2383 pI‘OpbeltB,
3360 2318 3417 2366 et
3437 2330 3562 2368 om-

1912 2406 2005 2460 nis
2031 2404 2284 2476 pOpulus
2318 2421 2351 2458 a
2383 2420 2559 2475 parvo
2592 2421 2781 2474 usque
2811 2403 2881 2458 ad
2917 2420 3191 2475 maguum
3226 2420 3240 2458 :
3301 2404 3561 2475 legitque

1910 2493 2139 2548 cunctis
2168 2492 2547 2547 audientibus
2577 2495 2776 2547 omnia
2807 2493 2983 2548 verba
3016 2494 3147 2548 libri
3197 2495 3428 2549 frederis
3460 2496 3558 2562 qui

1909 2581 2180 2636 inventus
2211 2590 2300 2636 est
2330 2581 2388 2635 in
2422 2582 2594 2636 domo
2628 2581 2878 2636 Domini.
2913 2582 3202 2652 Stetitque
3236 2601 3331 2637 rex
3381 2599 3560 2653 super

1909 2670 2158 2742 gradum
2191 2670 2276 2737 (h.
2317 2668 2701 2738 columnam),
2761 2676 2818 2722 et
2875 2669 3062 2724 {cadus
3115 2671 3404 2739 percussit
3459 2689 3556 2725 eo-

1909 2777 2035 2816 ram
2095 2758 2370 2826 Domino,
2431 2765 2494 2812 ut
2553 2758 2926 2814 ambularent
2981 2764 3116 2830 post
3199 2759 3552 2813 Dominum:

1909 2855 1967 2905 et
2005 2847 2372 2904 custodirent
2429 2853 2718 2919 praecepta
2775 2848 2925 2916 ejus,
2975 2854 3034 2902 et
3086 2848 3446 2913 testimonia,
3501 2853 3558 2903 et

1909 2939 2310 3005 caeremonias,
2343 2939 2401 2994 in
2456 2939 2618 2994 omni
2677 2940 2872 3004 corde,
2934 2946 2990 2993 et
3045 2939 3104 2994 in
3163 2943 3286 2994 tota
3336 2939 3556 3007 anima,

1907 3035 1965 3086 et
1996 3030 2355 3086 suscitarent
2386 3029 2558 3084 verba
2617 3029 2851 3083 fmderis
2902 3029 3102 3098 hujus,
3154 3045 3283 3099 quae
3341 3030 3559 3096 scripta

1911 3125 2077 3174 erant
2107 3119 2164 3174 iu
2197 3119 2346 3174 libro
2405 3118 2541 3174 illo:
2603 3118 3008 3188 acquievitque
3056 3119 3310 3188 populus
3369 3124 3555 3188 pacto.

1914 3210 1984 3264 Et
2013 3208 2286 3280 praecepit
2314 3224 2412 3263 rex
2461 3207 2668 3262 Helcias
2731 3207 2990 3277 pontiﬁci
3049 3211 3106 3260 et
3157 3207 3559 3263 sacerdotibus

1915 3298 2152 3354 secundi
2184 3297 2426 3365 ordinis,
2461 3302 2518 3352 et
2542 3295 2923 3367 janitoribus,
2956 3302 3020 3350 ut
3075 3296 3424 3366 projicerent
3489 3298 3560 3353 de

1915 3386 2134 3458 templo
2165 3385 2396 3442 Domini
2424 3385 2626 3441 omnia
2653 3386 2937 3458 vasafquae
2965 3386 3118 3440 tacta
3149 3385 3381 3440 fuerant
3403 3384 3555 3453 Baal,

1915 3482 1972 3533 et
1996 3476 2128 3531 luco
2159 3476 2282 3544 (ms.
2315 3481 2366 3530 et
2395 3474 2555 3543 Vulg.
2613 3473 2673 3529 in
2705 3473 2884 3542 luco),
2913 3479 2970 3530 et
3003 3475 3286 3530 universae
3328 3474 3551 3529 militiae

1915 3565 2065 3636 cmli,
2097 3571 2154 3620 et
2179 3563 2505 3619 combussit
2545 3581 2614 3619 ea
2645 3564 2784 3619 foris
2805 3564 3129 3619 Jerusalem
3177 3563 3235 3618 in
3291 3562 3554 3620 convalle

1915 3655 2158 3718 Cedron,
2195 3657 2254 3707 et
2286 3651 2421 3708 tulit
2453 3652 2751 3723 pulverem
2785 3668 2988 3707 eorum
3050 3653 3110 3707 in
3169 3651 3432 3707 Beth-El.
3492 3651 3561 3705 Et

1917 3743 2132 3799 delevit
2160 3742 2461 3812 aruspices
2493 3742 2574 3809 (h.
2627 3741 2984 3808 sacerdotes)
3043 3757 3190 3812 quos
3248 3747 3566 3812 posuerant

1919 3847 2085 3902 reges
2113 3829 2268 3884 Juda
2293 3829 2364 3883 ad
2397 3828 2851 3883 sacriﬁcandum
2878 3828 2934 3882 in
2965 3828 3206 3883 excelsis
3229 3845 3332 3898 per
3360 3829 3564 3883 civita-

1918 3926 2006 3976 tes
2031 3920 2202 3985 Juda,
2237 3926 2295 3974 et
2353 3918 2410 3972 in
2465 3918 2709 3972 circuitu
2767 3919 3120 3988 Jerusalem,
3173 3925 3232 3973 et
3278 3935 3398 3986 eos,
3464 3919 3565 3988 qui

1921 4011 2235 4071 adolebant
2263 4010 2567 4064 incensum
2604 4008 2757 4074 Baal,
2791 4013 2849 4064 et
2878 4009 3012 4077 soli,
3043 4013 3100 4064 et
3135 4009 3309 4075 lunae,
3341 4017 3393 4063 et
3418 4008 3562 4064 duo-

1922 4101 2108 4159 decim
2141 4098 2348 4170 signis,
2379 4103 2438 4152 et
2467 4096 2625 4152 omni
2660 4096 2883 4151 militia;
2907 4097 3056 4152 cmli.
3092 4099 3161 4152 Et
3191 4097 3382 4152 eﬁ'erri
3434 4095 3569 4151 fecit

1921 4193 2116 4249 locum
2149 4191 2220 4244 de
2249 4189 2424 4242 domo
2453 4187 2683 4242 Domini
2730 4188 2884 4242 foras
2931 4188 3254 4242 Jerusalem
3310 4187 3370 4241 in
3428 4203 3564 4242 con-

1922 4281 2070 4337 valle
2099 4279 2344 4339 Cedron,
2378 4280 2435 4330 et
2463 4277 2699 4330 combu.c
2715 4275 2790 4330 sit
2819 4292 2950 4331 eum
2980 4275 3082 4342 ibi,
3117 4280 3175 4332 et
3230 4275 3451 4346 redegit
3507 4275 3564 4328 in

190 4361 300 4410 rent
323 4375 492 4417 omne
511 4363 672 4434 quod
708 4363 995 4436 scriptum
1027 4369 1114 4419 est
1145 4366 1341 4422 nobis.
1379 4368 1577 4422 lerunt
1618 4367 1815 4440 itaque
1925 4369 2244 4444 pulverem,
2277 4371 2332 4420 et
2364 4363 2602 4436 projecit
2643 4380 2819 4434 super
2867 4362 3161 4436 sepulcra)
3213 4380 3317 4418 ms.
3369 4364 3566 4434 sepul-

191 4444 397 4504 Helcias
429 4451 709 4506 sacerdos
742 4458 798 4507 et
827 4452 1096 4522 Ahicam,
1126 4455 1816 4527 etAchobor,et$aphan,
1925 4474 2088 4513 crum
2122 4458 2136 4526 (
2170 4455 2346 4526 vulgi.
2385 4453 2672 4508 Destruxit
2705 4469 2936 4524 quoque
2965 4453 3241 4509 aediculas
3271 4452 3568 4509 examina-

190 4538 435 4607 etAsaia,
467 4542 537 4595 ad
587 4541 828 4596 Holdarn
887 4543 1226 4613 prophetem
1278 4562 1514 4600 uxorem
1567 4547 1814 4612 Sellum,
1851 4555 1893 4618 [)
1924 4551 2298 4615 torum,quae
2329 4547 2496 4598 erant
2555 4541 2614 4596 in
2669 4543 2842 4597 domo
2886 4543 3138 4606 Domini,
3192 4559 3295 4613 pro
3353 4542 3572 4612 quibus

191 4619 278 4676 ﬁlii
308 4626 548 4684 Thecua
581 4631 604 4664 ³
631 4629 1053 4701 (Th.Thiteva),
1088 4631 1192 4686 ﬁlii
1223 4636 1397 4689 Araas
1428 4638 1689 4692 custodis
1721 4655 1816 4692 ve-

194 4711 376 4781 stium,
408 4734 536 4789 quae
582 4719 880 4775 habitabat
913 4721 968 4776 in
1013 4720 1341 4777 Jerusalem
1395 4726 1450 4778 in
1508 4729 1811 4782 Secunda:

195 4795 472 4876 locutique
499 4811 644 4862 sunt
666 4809 738 4863 ad
772 4824 925 4864 eam.
952 4809 1020 4864 Et
1041 4809 1143 4864 illa
1174 4811 1477 4882 respondit
1504 4814 1626 4868 eis:
1687 4816 1818 4870 Haec

195 4886 321 4943 dicit
350 4891 636 4950 Dominus
669 4898 820 4952 Deus
856 4897 1030 4952 Israel
1058 4916 1070 4952 :
1107 4899 1286 4953 Dicite
1315 4901 1458 4969 viro,
1509 4903 1607 4972 qui
1659 4906 1822 4960 misit

196 4989 283 5030 vos
310 4980 375 5034 ad
410 4997 541 5038 me:
583 4985 708 5039 Hzrc
741 4985 884 5040 dicit
914 4985 1196 5041 Dominus
1226 5004 1237 5041 :
1275 4989 1436 5056 Ecce,
1479 5005 1584 5062 ego
1634 4993 1820 5048 addu-

196 5079 306 5120 cam
342 5071 494 5126 mala
521 5088 698 5145 super
727 5073 920 5130 locum
957 5075 1134 5139 hunc,
1168 5081 1223 5131 et
1255 5094 1431 5148 super
1461 5079 1822 5140 habitatores

198 5153 330 5226 ejus,
362 5160 562 5217 omnia
588 5164 765 5220 verba
796 5163 944 5236 legis
965 5165 1044 5237 (h.
1083 5163 1243 5238 libri)
1265 5183 1394 5238 qua
1423 5167 1564 5240 legit
1593 5188 1691 5227 rex
1720 5176 1824 5228 Ju-

259 5335 271 5368 ’
303 5333 619 5395 Veronens.
670 5358 763 5398 ms
787 5360 799 5397 ;
822 5341 1180 5414 Vulgatique
1208 5343 1364 5414 libri,
1401 5347 1550 5402 Asli'a
1582 5365 1594 5404 :
1631 5351 1826 5408 verius

196 5434 316 5506 cum
366 5427 555 5506 ῌειιη·ἑ
577 5415 786 5506 imbri»:
816 5448 838 5492 ;
869 5439 991 5487 tum
1015 5431 1167 5487 idem
1195 5449 1329 5496 ms.,
1368 5435 1673 5494 Messallam
1691 5457 1824 5496 cum

203 5490 488 5582 lgeming.
517 5490 778 5582 Denique
816 5490 874 5564 Ie:
935 5519 1256 5582 pronomen
1317 5490 1825 5582 euod"’sé§iiii3£}

201 5574 608 5640 furqumjuxta
639 5574 944 5630 Hebraeum
973 5580 1141 5631 tacet.
1333 5574 1350 5578 ⁷
1621 5574 1636 5582 ’
1763 5589 1765 5591 ‘

261 5635 626 5700 ’Translatio
678 5645 737 5702 S.
799 5645 1134 5718 Hieronymi
1190 5652 1546 5708 examussim
1603 5658 1828 5714 textum

1929 4634 2204 4690 mulieres
2234 4634 2506 4688 texebant
2533 4634 2690 4702 quasi
2721 4631 2801 4701 (h.
2835 4649 2949 4686 non
2975 4629 3574 4692 habet)domunculas

1927 4725 2064 4779 luci.
2099 4721 2596 4793 Congregavitque
2627 4737 2830 4774 onLnes
2859 4721 3191 4775 sacerdotes
3222 4721 3290 4775 de
3323 4719 3568 4775 civitati-

1929 4815 2040 4869 bus
2071 4812 2240 4879 Juda,
2264 4816 2320 4865 et
2339 4809 2694 4864 contaminax
2715 4809 2757 4863 it
2777 4808 3134 4874 excelsa,ubi
3162 4808 3576 4865 sacriﬁcabant

1930 4901 2012 4972 (h.
2046 4900 2382 4970 adolebant)
2413 4898 2767 4962 sacerdotes,
2797 4899 2866 4952 de
2914 4898 3151 4952 Gabbaa
3208 4902 3331 4966 (ms.
3395 4896 3575 4966 Gaba)

1933 5007 2120 5060 usque
2152 4988 2495 5051 Ber-Sabee,
2530 4994 2586 5042 et
2615 4987 2901 5041 destruxit
2933 5003 3065 5042 aras
3093 4986 3174 5057 (h.
3209 4987 3267 5040 in
3325 4989 3577 5051 excelsa)

1934 5085 2236 5151 portarum
2267 5077 2326 5130 in
2347 5077 2590 5132 introitu
2624 5075 2756 5130 ostii
2789 5077 2966 5131 Josue
2989 5075 3273 5148 principis
3302 5075 3576 5142 civitatis,

1934 5170 2088 5240 quod
2122 5170 2245 5221 erat
2276 5165 2343 5219 ad
2378 5166 2681 5220 sinistram
2716 5170 2889 5236 porta:
2938 5165 3210 5221 civitatis.
3271 5165 3577 5221 Verumta-

1935 5355 2242 5426 expressit,
2285 5370 2466 5424 quare
2509 5353 2854 5409 scholiastes
2913 5353 3096 5410 falsus
3153 5360 3244 5410 est
3293 5354 3580 5425 quidquid

1938 5426 2299 5482 contrarium
2334 5426 2659 5497 reposuerit
2691 5428 2759 5480 ad
2796 5427 3144 5498 marginem.
3178 5427 3366 5482 MART.

2007 5517 2028 5549 ³
2058 5517 2534 5571 Massorethicam
2561 5516 2828 5571 imitatur
2852 5517 2911 5571 in
2947 5517 3053 5572 hac
3097 5533 3233 5572 voce
3271 5515 3582 5571 lectionem

1939 5587 2286 5644 scholiastes
2318 5595 2534 5649 noster,
2569 5594 2634 5642 ut
2663 5588 2837 5642 etiam
2871 5605 3047 5659 super
3076 5590 3134 5644 in
3178 5588 3352 5644 verbo
3401 5589 3586 5644 Messe-

1939 5659 2159 5724 lemeth,
2193 5676 2294 5731 pro
2326 5660 2725 5716 .llessalemeth.
2759 5663 2943 5716 Mam.
