3938 6174
413 313 523 370 823

1457 313 1517 366 S.
1557 307 1966 364 HIERONYMI
2003 307 2260 362 DIVINA
2295 307 2794 365 BIBLIOTHECA.
3673 310 3754 368 824

413 442 688 500 nitiones.
720 445 787 498 Et
817 441 1016 498 clausa
1044 443 1136 496 est
1161 439 1365 498 civitas
1395 444 1571 513 atque
1601 438 1834 507 vallata,
1869 450 2054 510 usque
2085 437 2131 501 D
2163 437 2438 510 scyphos,
2491 443 2548 494 et
2623 440 2825 497 omnia
2891 456 3032 496 vasa
3057 454 3231 506 terea,
3289 435 3348 496 in
3381 441 3578 512 quibus
3623 444 3756 500 mini-

414 532 486 588 ad
540 531 918 588 undecimum
977 547 1200 586 annum
1256 530 1409 604 regis
1459 531 1730 600 Sedecise,
1766 543 1921 584 nona
1975 525 2069 582 die

416 621 638 677 mensis
672 637 686 678 :
721 619 1141 692 praevaluitque
1174 619 1358 676 fames
1407 619 1466 675 in
1528 619 1778 685 civitate,
1815 633 1918 672 nec
1946 618 2071 672 erat

416 711 588 784 panis
646 711 858 781 populo
917 713 1104 765 terra.
1141 713 1205 764 Et
1237 710 1567 781 interrupta
1615 712 1704 764 est
1757 707 1985 773 civitas,
2013 709 2071 761 et

415 815 623 856 omnes
672 799 780 854 viri
846 797 1157 855 bellatores
1220 804 1387 855 nocte
1447 800 1717 870 fugerunt
1767 813 1870 869 per
1915 795 2064 850 viam

417 892 618 962 portis,
651 905 780 960 quae
831 896 918 944 est
950 888 1106 944 inter
1134 887 1429 960 duplicem
1462 904 1698 943 murum
1731 887 1800 941 ad
1839 886 2067 941 hortum

417 979 576 1050 regis
606 978 802 1050 (porro
834 976 1088 1033 Chaldaei
1121 978 1470 1033 obsidebant
1501 978 1556 1031 in
1585 975 1833 1032 circuitu
1869 975 2069 1030 civita-

415 1068 583 1140 tem),
617 1067 769 1140 fugit
798 1067 1000 1138 itaque
1027 1083 1133 1138 per
1160 1066 1311 1122 viam
1367 1083 1494 1138 quae
1543 1065 1705 1121 ducit
1736 1066 1802 1119 ad
1838 1080 2068 1136 campe-

418 1157 566 1213 stria
592 1156 909 1212 solitudinis
943 1159 957 1192 ¹
991 1155 1074 1227 (h.
1110 1173 1224 1211 non
1257 1155 1473 1227 habet).
1505 1159 1574 1209 Et
1600 1158 1944 1226 persecutus
1983 1156 2071 1208 est

416 1245 708 1302 exercitus
763 1244 1168 1301 Chaldaeorum
1238 1260 1456 1316 regem,
1509 1241 2072 1315 comprehenditque

417 1351 554 1391 eum
613 1333 670 1389 in
723 1333 970 1406 planitie
997 1333 1253 1402 Jericho,
1287 1341 1339 1388 et
1371 1348 1574 1388 omnes
1606 1331 1934 1402 bellatores,
1968 1330 2068 1402 qui

417 1427 587 1479 erant
640 1439 775 1479 cum
835 1439 922 1490 eo,
956 1423 1206 1495 dispersi
1241 1427 1400 1489 sunt,
1431 1427 1488 1477 et
1519 1421 1880 1493 reliquerunt
1909 1435 2066 1475 eum.

415 1511 869 1586 Apprehensum
893 1528 1029 1584 ergo
1053 1528 1248 1583 regem
1273 1511 1568 1566 duxerunt
1585 1512 1654 1565 ad
1681 1526 1876 1583 regem
1891 1509 2070 1582 Baby-

418 1600 570 1657 lonis
603 1601 662 1656 in
693 1601 981 1658 Reblatha
1015 1620 1030 1660 :
1086 1600 1183 1671 qui
1234 1599 1466 1656 locutus
1516 1603 1606 1656 est
1652 1615 1784 1655 cum
1819 1615 1884 1654 eo
1908 1599 2069 1670 judi-

418 1689 598 1748 cium.
633 1689 808 1746 Filios
839 1694 1033 1746 autem
1066 1689 1316 1746 Sedeciae
1374 1689 1588 1745 occidit
1641 1705 1835 1744 coram
1897 1704 1987 1756 eo,
2017 1695 2067 1744 et

2173 527 2462 594 strabant,
2496 529 2779 586 tulerunt.
2813 529 3047 586 Necnon
3085 533 3143 584 et
3187 527 3482 584 thuribula
3535 535 3586 586 et
3632 532 3756 603 phia-

2171 615 2260 671 las
2286 634 2299 684 ;
2333 634 2460 690 quae
2492 635 2691 684 aurea,
2725 635 2922 683 aurea,
2954 622 3011 675 et
3041 635 3170 691 quas
3202 623 3488 690 argentea,
3520 626 3757 690 argentea.

2173 705 2311 760 tulit
2342 707 2612 778 princeps
2639 708 2860 764 militiae
2881 708 3253 782 [b.magister
3272 712 3620 779 coquorum]:
3641 710 3686 764 id
3701 717 3760 765 ut

2173 794 2253 861 [b.
2291 811 2403 850 non
2463 795 2683 868 habet],
2734 797 3041 852 columnas
3098 798 3269 862 duas,
3309 812 3466 851 mare
3523 814 3697 863 unum,
3721 805 3763 854 et

2173 883 2344 938 bases
2401 901 2548 956 quas
2605 886 2823 943 fecerat
2876 886 3154 942 Salomon
3213 889 3272 942 in
3332 889 3530 957 templo
3581 888 3649 958 [b.
3677 905 3761 942 non

2175 973 2370 1044 habet]
2407 975 2675 1032 Domini:
2710 994 2826 1032 non
2859 981 2984 1032 erat
3019 978 3247 1047 pondus
3276 976 3407 1031 aeris
3431 976 3667 1031 omnium
3695 993 3764 1032 va-

2173 1080 2397 1118 sorum.
2438 1065 2637 1121 Decem
2670 1070 2729 1121 et
2761 1071 2891 1121 octo
2923 1066 3156 1122 cubitos
3188 1065 3515 1120 altitudinis
3567 1065 3770 1120 habebat

2172 1153 2448 1209 columna
2478 1171 2614 1224 una,
2638 1159 2697 1210 et
2717 1154 3057 1226 capitellum
3090 1171 3300 1210 areum
3334 1171 3508 1226 super
3533 1171 3589 1210 se
3615 1154 3769 1208 altitu-

2170 1241 2327 1297 dinis
2357 1243 2537 1299 trium
2571 1244 2930 1315 cubitorum,
2962 1249 3020 1300 et
3052 1243 3424 1310 retiaculum,
3457 1247 3511 1300 et
3539 1243 3768 1315 malogra-

2171 1334 2311 1387 Ilata
2369 1349 2546 1404 super
2603 1333 2943 1404 capitellum
3005 1333 3312 1401 columnae,
3372 1333 3564 1389 omnia
3613 1349 3766 1389 area:

2172 1417 2427 1474 similem
2468 1425 2526 1475 et
2572 1420 2848 1476 columna
2904 1421 3166 1476 secunda
3221 1419 3476 1476 habebat
3527 1424 3769 1476 ornatum.
3859 1491 3862 1495 λ

2173 1506 2331 1562 Tulit
2357 1524 2589 1580 quoque
2619 1509 2895 1582 princeps
2928 1509 3148 1565 militiai
3177 1509 3260 1579 [b.
3293 1509 3565 1581 magister
3597 1523 3768 1580 coquo-

2173 1598 2327 1669 rum]
2373 1600 2602 1656 Sariam
2664 1600 3026 1656 sacerdotem
3079 1600 3361 1672 primum,
3389 1603 3442 1656 et
3470 1599 3767 1673 Sophoclem

2171 1687 2532 1743 sacerdotem
2566 1690 2894 1744 secundum
2922 1693 2979 1746 et
3007 1695 3128 1746 tres
3145 1689 3458 1760 janitores.
3491 1689 3553 1744 Et
3577 1690 3638 1744 de
3660 1688 3769 1745 civi-

420 1779 621 1836 oculos
641 1781 770 1851 ejus
787 1778 1317 1851 eil‘odit,vinxitque
1340 1795 1472 1834 eum
1499 1778 1804 1841 catenis,et
1828 1777 2070 1832 adduxit
2104 1811 2149 1876 Β
2177 1779 2297 1831 tate
2327 1771 2684 1833 eunuchum.
2711 1794 2919 1845 unum,
2953 1779 3054 1850 qui
3112 1783 3239 1834 erat
3297 1777 3594 1851 praefectus
3635 1793 3772 1850 super

420 1869 480 1925 in
522 1869 897 1943 Babylonem.
932 1869 1130 1924 Mense
1185 1868 1391 1940 quinto
1449 1867 1698 1940 septima
1727 1867 1819 1922 die
1853 1867 2074 1922 mensis
2105 1865 2146 1876 ”
2181 1865 2491 1922 bellatores
2521 1865 2696 1933 viros,
2728 1870 2786 1921 et
2809 1867 3069 1939 quinque
3109 1867 3265 1924 viros
3298 1869 3370 1924 de
3400 1867 3492 1924 his
3519 1865 3610 1938 qui
3638 1871 3774 1922 stete-

421 1959 571 2031 (ipse
601 1965 692 2014 est
723 1954 915 2014 annus
947 1974 1138 2013 nonus
1183 1957 1445 2013 decimus
1503 1956 1658 2028 regis
1715 1955 2073 2029 Babylonis),

418 2048 580 2104 venit
609 2048 994 2104 Nabuzardan
1028 2047 1300 2118 princeps
1357 2046 1642 2102 exercitus
1678 2045 1760 2118 (h.
1797 2045 2076 2118 magister

421 2152 745 2209 coquorum
769 2138 838 2206 ³),
863 2151 1068 2192 servus
1095 2135 1251 2207 regis
1271 2133 1604 2207 Babylonis,
1634 2133 1981 2190 Jerusalem.
2007 2135 2076 2189 Et

421 2226 726 2283 succendit
800 2226 1043 2280 domum
1125 2223 1376 2288 Domini,
1445 2227 1502 2278 et
1566 2223 1806 2278 domum
1869 2223 2069 2295 regis:

421 2321 479 2372 et
510 2330 715 2372 omnes
747 2315 951 2370 domos
980 2312 1304 2369 Jerusalem
1325 2329 1674 2382 omnemque
1689 2314 1931 2368 domum
1957 2329 2076 2368 ma-

423 2419 598 2478 gnam
631 2403 960 2459 combussit
991 2402 1110 2475 igni
1131 2402 1172 2456 ⁸.
1195 2402 1264 2456 Et
1286 2418 1487 2456 muros
1517 2401 1839 2456 Jerusalem
1871 2402 1929 2456 in
1961 2401 2071 2456 cir-

421 2493 585 2550 cuitu
645 2491 936 2548 destruxit
968 2491 1164 2547 omnis
1191 2490 1481 2546 exercitus
1509 2489 1939 2560 Chaldworum,
1971 2491 2072 2563 qui

423 2587 549 2638 erat
577 2598 711 2638 cum
745 2581 1008 2654 principe
1043 2580 1294 2636 militum
1322 2580 1543 2651 (li.cum
1569 2581 1845 2651 magistro
1862 2597 2073 2652 coquo-

425 2675 603 2741 rum).
637 2670 942 2741 Reliquam
978 2677 1171 2726 autem
1206 2668 1402 2742 p0puli
1426 2673 1646 2741 partem
1669 2669 1751 2741 (h.
1778 2670 2073 2743 Reliquum

426 2765 608 2818 autem
666 2761 978 2832 papulum),
1035 2759 1134 2831 qui
1195 2762 1560 2814 remanserat
1614 2758 1671 2814 in
1730 2758 1984 2830 civitate,
2018 2764 2075 2814 et

425 2851 701 2924 perfugas
733 2849 835 2922 qui
883 2850 1326 2919 transfugerant
1373 2849 1440 2903 ad
1494 2863 1688 2920 regem
1745 2848 2072 2920 Babylonis,

423 2943 480 2996 et
501 2939 793 3011 reliquum
815 2937 1359 3011 vulgus,transtulit
1390 2937 1774 2993 Nabuzardan
1807 2937 2074 3010 princeps

426 3027 645 3084 militiai
690 3027 774 3100 (h.
810 3027 1092 3100 magister
1121 3026 1486 3098 coquorum).
1522 3027 1588 3081 Et
1617 3028 1684 3083 de
1717 3028 2075 3100 pauperibus

421 3123 588 3174 terra:
621 3115 858 3188 reliquit
892 3116 1169 3171 vinitores
1201 3119 1259 3170 et
1287 3115 1593 3188 agricolas.
1617 3116 1934 3173 Columnas
1965 3135 2070 3172 au-

2179 1958 2313 2009 rant
2342 1971 2538 2011 coram
2572 1971 2708 2028 rege
2740 1955 2820 2028 [h.
2857 1957 3132 2013 videbant
3182 1957 3388 2014 faciem
3447 1956 3630 2030 regis],
3663 1972 3774 2028 quos

2179 2043 2395 2115 reperit
2422 2044 2481 2099 in
2510 2043 2742 2101 civitate
2775 2061 2788 2100 :
2823 2049 2880 2102 et
2913 2045 3138 2117 Sopher
3170 2046 3491 2118 principem
3521 2045 3775 2112 exercitus,

2177 2132 2277 2202 qui
2315 2133 2601 2204 probabat
2630 2138 2866 2206 tyrones
2884 2135 2955 2189 de
2977 2135 3194 2207 populo
3226 2139 3418 2202 terrae,
3439 2139 3495 2189 et
3520 2133 3778 2206 sexaginta‘

2176 2223 2334 2279 viros
2365 2239 2395 2277 e
2424 2221 2598 2294 vulgo
2627 2223 2708 2295 [b.
2743 2240 2774 2280 e
2803 2223 2980 2296 vulgo
3038 2225 3252 2296 terris],
3287 2225 3392 2296 qui
3448 2223 3646 2279 inventi
3687 2222 3776 2276 fue-

2177 2312 2386 2369 rantin
2428 2311 2684 2368 civitate.
2713 2314 2869 2378 Quos
2901 2312 3114 2368 tollens
3144 2313 3529 2369 Nabuzardan
3558 2312 3776 2384 princeps

2176 2400 2434 2456 militum
2467 2400 2548 2473 [b.
2585 2402 2868 2474 magister
2896 2405 3270 2474 coquorum],
3303 2402 3469 2458 duxit
3511 2402 3577 2456 ad
3621 2415 3771 2470 regem

2177 2489 2488 2563 Babylonis
2519 2490 2577 2545 in
2612 2490 2916 2547 Reblatha.
2942 2493 3360 2564 Percussitque
3388 2507 3484 2548 eos
3513 2506 3600 2545 rex
3627 2489 3770 2560 Baby-

2177 2581 2350 2645 lonis,
2383 2583 2440 2634 et
2469 2579 2760 2636 interfecit
2787 2597 2887 2638 eos
2919 2581 2974 2636 in
3011 2581 3296 2636 Reblatha
3326 2581 3385 2636 in
3417 2586 3564 2636 terra
3590 2578 3769 2641 Emath,

2177 2674 2234 2724 et
2264 2667 2587 2724 translatus
2618 2673 2709 2724 est
2738 2669 2894 2725 Juda
2919 2670 2990 2725 de
3019 2674 3172 2726 terra
3203 2687 3337 2726 sua.
3374 2669 3576 2740 Populo
3618 2671 3769 2722 autem

2177 2757 2278 2830 qui
2329 2757 2570 2814 relictus
2619 2763 2743 2814 erat
2787 2759 2845 2814 in
2895 2763 3047 2814 terra
3093 2759 3273 2826 Juda,
3307 2774 3477 2832 quem
3526 2757 3773 2813 dimicent

2177 2845 2718 2902 Nabuchodonosor
2749 2863 2843 2902 rex
2878 2846 3211 2920 Babylonis,
3245 2847 3501 2921 prafecit
3523 2844 3772 2902 Godoliam

2176 2935 2367 2990 filium
2421 2935 2664 2991 Ahicam
2700 2936 2804 2991 filii
2836 2936 3087 3009 Sapban.
3120 2938 3285 3001 Quod
3341 2953 3472 2994 cum
3519 2935 3770 2992 audissent

2177 3041 2384 3081 omnes
2416 3025 2598 3080 duces
2629 3024 2907 3091 militum,
2941 3026 3053 3098 ipsi
3095 3032 3154 3082 et
3181 3027 3290 3082 viri
3343 3026 3439 3099 qui
3487 3029 3639 3082 erant
3674 3037 3774 3078 cum

2182 3113 2290 3181 eis,
2319 3111 2592 3168 videlicet
2621 3114 2776 3186 quod
2809 3114 3210 3172 constituisset
3245 3132 3347 3172 rex
3378 3112 3664 3187 Babylonis
3692 3111 3775 3166 ϐου

423 3210 542 3261 tem
574 3183 908 3277 aereas—qua:
939 3209 1108 3260 erant
1139 3204 1197 3259 in
1229 3183 1445 3276 templo
1475 3204 1554 3276 (h.
1586 3205 1782 3278 domo)
1813 3205 2069 3278 Domini,
2103 3183 2145 3250 (ἶ
2184 3203 2425 3270 doliam,
2459 3183 2746 3259 venerunt
2775 3203 2846 3260 ad
2881 3203 3186 3260 Godoliam
3235 3204 3298 3260 in
3345 3183 3589 3276 Maspha,
3613 3197 3774 3257 lsmael

423 3301 482 3350 et
511 3295 704 3365 bases,
736 3298 793 3350 et
825 3311 983 3349 mare
1014 3310 1251 3360 aereum,
1281 3295 1433 3365 quod
1467 3298 1592 3349 erat
1629 3294 1686 3348 in
1735 3295 1910 3350 domo
1956 3301 2074 3352 Do-
2181 3291 2339 3348 ﬁlius
2386 3292 2726 3359 Natbaniae,
2796 3297 2855 3348 et
2907 3293 3218 3350 Johannan
3292 3293 3450 3349 ﬁlius
3508 3292 3691 3356 Cares,
3733 3291 3774 3343 et

425 3383 594 3449 mini,
634 3383 1045 3455 confregerunt
1089 3381 1361 3447 Chaldaei,
1411 3387 1468 3438 et
1516 3383 1946 3439 transtulerunt
1993 3401 2070 3440 aes
2181 3381 2380 3436 Saraia
2409 3381 2429 3415 ⁷
2463 3379 2621 3437 filius
2671 3382 3032 3438 Teneumeth
3091 3381 3594 3455 Nethophathites,
3622 3383 3671 3435 et
3700 3377 3774 3433 Je-

425 3487 599 3528 omne
630 3473 651 3507 ‘
679 3472 740 3527 in
771 3470 1149 3544 Babylonem.
1180 3470 1336 3526 Ollas
1367 3487 1598 3542 quoque
1625 3486 1806 3529 aereas
1836 3472 1918 3543 (h.
1955 3490 2068 3528 non
2179 3469 2381 3524 zionas
2413 3468 2569 3525 filius
2601 3470 2909 3526 Maachath
2931 3471 2974 3542 ⁸,
2998 3470 3113 3543 ipsi
3143 3476 3202 3527 et
3229 3471 3374 3528 socii
3405 3486 3612 3528 eorum.
3639 3468 3772 3524 Jure-

429 3561 652 3633 habet),
685 3566 740 3617 et
769 3559 1000 3628 trullas,
1036 3564 1094 3616 et
1135 3559 1470 3614 mortariola
1499 3561 1540 3630 ⁵,
1575 3564 1630 3615 et
1685 3561 1988 3632 tridentes,
2016 3566 2073 3618 et

504 3672 520 3705 ¹
555 3667 728 3724 Addit
776 3667 1087 3725 Veronens.
1125 3683 1236 3721 ms.
1275 3665 1336 3718 τὸ
1386 3682 1504 3732 rex,
1537 3683 1640 3737 pro
1698 3684 1813 3739 quo
1841 3666 2072 3739 Vulgati

427 3739 563 3796 libri
624 3741 818 3812 ipsum
876 3739 1122 3794 Sedeciaa
1159 3753 1389 3812 nomen
1447 3739 1772 3794 ascribunt.
1800 3738 2072 3794 Hebraeus

429 3809 700 3868 neutrum
729 3813 942 3868 habet:
978 3809 1351 3883 perspicuum
1386 3815 1581 3883 tamen
1603 3827 1633 3865 e
1655 3817 1926 3866 contextu
1959 3817 2068 3880 est,

425 3901 758 3941 sermonem
798 3884 893 3939 hic
938 3881 1068 3938 esse
1115 3886 1184 3936 de
1233 3898 1382 3951 rege,
1416 3881 1515 3952 qui
1549 3883 1826 3938 continuo
1857 3883 2073 3939 dicitur

425 3958 888 4028 comprehensus
919 3955 978 4010 in
1007 3953 1249 4028 planitie
1278 3953 1533 4008 Jericho.

493 4030 513 4063 ’
547 4024 610 4083 l'n
646 4029 786 4083 Heb.
821 4024 1105 4098 scriptum
1137 4024 1592 4098 lcgiturgntnnu
1623 4037 1716 4088 :‘l.
1742 4025 1838 4080 rab
1853 4025 2064 4098 Alaban-

421 4099 558 4165 him,
592 4101 645 4154 id
681 4104 769 4155 est
797 4096 1052 4169 princeps
1083 4113 1184 4153 seu
1218 4096 1485 4169 magister
1514 4098 1818 4151 laniorum.
1847 4096 1930 4169 De
1961 4098 2070 4152 hoc

420 4173 655 4228 nomine
699 4188 765 4227 ac
823 4167 1013 4226 officio
1039 4167 1277 4224 disserit
1307 4169 1365 4223 S.
1396 4168 1783 4240 Hieronymus
1841 4168 1899 4222 in
1959 4169 2066 4237 QQ.

419 4244 579 4299 Hebr.
615 4244 684 4299 ad
737 4259 788 4298 c.
820 4258 1010 4297 xxxvii
1062 4241 1395 4297 Geneseos:
1452 4261 1480 4289 α
1516 4241 1574 4294 ln
1630 4240 1922 4310 plerisque
1978 4244 2069 4295 in-

421 4316 572 4387 quit,
596 4315 738 4387 locis
759 4313 1197 4387 archimagiros,
1217 4313 1385 4387 id‘est
1404 4327 1506 4382 coq
1518 4327 1724 4366 uorum
1752 4312 2065 4383 principes,

422 4383 527 4458 pro
574 4386 869 4458 magistris
896 4383 1228 4458 exercitus,
1263 4383 1567 4458 Scriptura
1596 4390 2019 4458 commemorat
2053 4402 2064 4438 :

469 4454 757 4529 αγεερεύέιν
807 4456 1026 4528 quippe
1083 4455 1752 4529 Ggrzecc‘interpretatur
1805 4454 2064 4529 occidere.

472 4513 706 4616 auditus
754 4513 844 4584 est
886 4513 1068 4616 igitur
1109 4525 1329 4616 Joseph
1355 4513 1653 4616 ‘princip‘i.
1693 4527 1984 4616 exercitus
2013 4533 2070 4582 et
2100 4551 2144 4616 υ

422 4601 792 4667 bellatorum,
820 4597 937 4655 non
976 4598 1276 4668 Petephre,
1315 4601 1378 4651 ut
1423 4599 1479 4651 in
1533 4597 1738 4653 Latino
1778 4599 2065 4670 scripturn

419 4679 530 4736 est,
563 4676 660 4728 sed
699 4673 1024 4742 Phutiphar
1052 4669 1506 4742 eunucho(Gen.
1541 4687 1750 4734 xxxvu,
1783 4669 2066 4742 26),etc.i

418 4748 594 4799 Hebr.
630 4746 811 4815 igitur
833 4741 1038 4798 vecant
1069 4741 1289 4815 milites
1320 4741 1626 4815 lqnios,_ob
1648 4812 1657 4815 _
1678 4746 1830 4797 caede
1853 4741 2066 4815 homi-

418 4833 561 4871 num
599 4832 612 4871 :
645 4812 703 4872 et
733 4833 840 4870 nos
869 4815 1015 4870 Galli
1047 4813 1403 4885 dicimusde
1435 4813 1586 4867 caede
1645 4812 1886 4885 ingenti.
1922 4814 1999 4870 0n
2033 4831 2066 4868 a

414 4891 522 4960 [ait
552 4905 661 4942 unc
687 4889 898 4960 grande
927 4884 1237 4960 boucherie.
1273 4883 1459 4960 Maa'r:

485 4991 556 5000 —
587 4960 647 5015 In
682 4954 1018 5014 schohastis
1047 4955 1318 5028 gratiam,
1353 4955 1452 5026 qui
1484 4954 1808 5028 Magistrum
1862 4970 2062 5028 coquo-

485 4991 556 5000 —
587 4973 647 5015 1n
682 4973 1018 5014 scnonastis
1047 4973 1318 5082 gratiam,
1353 4973 1452 5026 qui
1484 4973 1808 5025 magistrum
1862 4973 2058 5028 coquo-

417 5047 538 5086 rum
573 5032 628 5086 in
659 5031 897 5086 Hebraeo
929 5030 1010 5084 ait
1101 5028 1255 5082 uberi
1313 5043 1414 5099 pro
1463 5027 1723 5099 principe
1765 5033 2058 5093 exercitus,

415 5105 614 5158 confer
666 5119 866 5158 verum
927 5098 1344 5170 Hieronymum
1388 5098 1445 5152 in
1496 5098 1905 5167 Qumstinnibus
1959 5101 2060 5155 He-

413 5174 589 5253 braz’_n_.
619 5174 693 5253 ἱιι⁸
714 5175 920 5253 Cenes.
955 5190 1081 5253 cap.
1106 5186 1503 5253 xxsvu,‘vers.
1538 5171 1626 5239 36,
1659 5188 1832 5253 quem
1868 5173 2058 5251 locum

414 5254 472 5302 et
530 5247 797 5302 Martias.
849 5241 1070 5301 laudat.
1125 5266 1153 5293 ‹‹
1189 5244 1250 5298 ln
1298 5241 1612 5314 plerisque,
1644 5241 1743 5306 ait,
1779 5243 1943 5306 locis,
1969 5261 2060 5297 ar-

410 5318 789 5389 chimagiros,
818 5319 875 5373 id
908 5322 997 5374 est
1026 5313 1346 5386 coquorum
1380 5313 1694 5385 principes.
1728 5332 1830 5381 pro
1873 5315 2058 5386 magi-

413 5393 552 5446 stris
606 5393 916 5454 exercitue,
970 5389 1275 5458 Scriptura
1333 5392 1802 5440 commemorat:
1858 5405 2057 5458 μαγει-

413 5460 585 5532 ρεύειν
659 5466 903 5533 quippe,
950 5457 1172 5533 Graece
1221 5460 1646 5533 interpretatur
1715 5457 1974 5533 occidens.
2030 5478 2053 5508 υ

415 5527 464 5586 ³5.
499 5549 630 5589 vero
663 5527 1028 5601 Augustinus
1059 5533 1128 5586 de
1163 5529 1267 5584 hoc
1301 5527 1535 5601 proprie
1561 5527 1684 5582 loco
1717 5545 1731 5583 :
1784 5552 1802 5575 ο
1841 5529 2060 5601 Nolunt

411 5606 646 5666 quidam
709 5598 1086 5676 praepositum
1142 5616 1463 5672 coquorum
1523 5598 1910 5670 interpretari,
1955 5600 2055 5726 qlui

412 5675 606 5726 Graece
637 5675 1038 5726 ἀογιιιάγειοος
1070 5673 1307 5726 dicitur.
1338 5671 1437 5726 sed
1469 5671 1844 5726 nrmnositum
1898 5672 1975 5726 mi
2007 5671 2055 5726 i-

412 5675 606 5729 Grzece
637 5671 1038 5751 ἀρχιμάγειρος
1070 5671 1307 5738 dicitur,
1338 5671 1437 5727 sed
1467 5671 1844 5742 praepositum
1898 5671 2055 5727 mili-

2176 3558 2379 3630 vitque
2415 3558 2500 3614 eis
2530 3559 2805 3616 Godolias
2825 3564 2879 3616 et
2911 3561 3087 3617 sociis
3117 3577 3344 3630 eorum,
3377 3561 3601 3617 dicens:
3629 3555 3774 3612 Nolite

2179 3667 2294 3737 tiae,
2325 3665 2418 3721 cui
2449 3671 2603 3739 esset
2633 3671 2890 3739 potestas
2921 3667 3243 3722 occidendi.
3280 3667 3422 3725 Nam
3455 3667 3534 3722 sic
3562 3660 3770 3738 appella-

2179 3744 2276 3793 tus
2324 3745 2412 3794 est
2473 3737 2592 3802 ille,
2624 3737 2793 3810 quem
2842 3738 3386 3795 Nabuchodonosor
3431 3737 3607 3805 misit,
3629 3747 3767 3810 penes

2179 3827 2351 3880 quem
2415 3811 2609 3881 potius
2642 3807 2964 3866 invenitur
3017 3813 3312 3883 primatus
3367 3811 3543 3866 fuisse
3591 3807 3770 3863 militia

2179 3886 2444 4008 (of
2459 3883 2740 4024 1\i’giilgiitis
2760 3952 3083 4009 Veronens.
3119 3971 3228 4010 ms.
3263 3953 3362 4009 hic
3391 3969 3578 4010 vocem
3607 3962 3771 4010 omnes,

2178 4029 2235 4080 et
2275 4024 2446 4096 paulo
2480 4031 2608 4097 post
2638 4042 2898 4094 magnam
2934 4029 3103 4081 tacet.

2247 4113 2269 4146 ‘
2301 4112 2456 4195 Idem
2493 4129 2700 4196 msLafs
2728 4115 2981 4196 omnium
3009 4131 3114 4196 pro
3145 4129 3308 4169 omne
3338 4131 3355 4168 :
3386 4113 3555 4185 idque
3581 4109 3771 4193 rectius,

2179 4184 2540 4256 prOpiusque
2571 4184 2808 4256 Hsbrmo
2834 4184 3027 4256 textui
3057 4197 3306 4253 cumam,
3336 4200 3414 4243 aes
3441 4184 3632 4249 acrum,
3661 4184 3771 4251 ipsi-

2176 4253 2510 4326 que—Graeco
2544 4253 2752 4329 χαλκὸν
2786 4255 2984 4310 αὐτῶν.

2251 4345 2272 4378 ³
2301 4350 2434 4400 Haec
2493 4363 2605 4400 non
2654 4346 2921 4417 agnoscit
2950 4345 3270 4401 Veronens.
3307 4362 3418 4401 ms.
3449 4340 3772 4417 mortariola:

2177 4422 2352 4486 atque
2384 4418 2662 4472 Hebraeus
2682 4415 2806 4487 ipse
2824 4424 3015 4472 textus
3043 4435 3156 4471 non
3191 4419 3306 4473 nisi
3336 4424 3575 4487 quatuor
3599 4415 3774 4487 instru-

2179 4482 2505 4561 mentorum
2538 4482 2752 4561 genera
2784 4489 2876 4544 hic
2909 4495 3215 4558 memorat,
3249 4482 3409 4554 ollas,
3440 4482 3771 4561 swpas,_psai-

2174 4559 2338 4625 toria,
2373 4570 2427 4614 et
2473 4557 3016 4632 cochlearia,quem
3061 4557 3376 4616 numerum
3426 4565 3481 4616 et
3527 4557 3772 4632 versione!

2178 4633 2433 4702 antiqms
2484 4638 2538 4685 ct
2589 4631 2721 4686 libri
2773 4629 2876 4687 alii
2922 4637 3174 4687 servant.
3210 4634 3373 4686 Haud
3434 4637 3579 4686 recte
3632 4629 3774 4702 igitur

2177 4701 2447 4776 quintum
2479 4720 2685 4776 genus,
2720 4703 2839 4758 sive
2883 4705 3236 4764 mortariola.
3271 4703 3527 4758 additum
3579 4705 3670 4776 hoc
3706 4701 3772 4749 est

2177 4773 2302 4829 loco
2336 4782 2464 4847 post
2485 4773 2797 4847 ‘Vulgatam
2835 4793 2848 4831 :
2900 4791 3086 4846 neque
3120 4776 3272 4829 enim
3307 4792 3481 4847 supra
3510 4773 3767 4847 Hebraeum

2175 4840 2473 4917 exemplar
2532 4840 2938 4919 Hieronymus,
2971 4840 3294 4919 quidquam
3357 4840 3444 4901 est
3498 4840 3768 4915 aliquando

2174 4934 2396 4973 ausus:
2423 4934 2610 4989 neque
2632 4917 2789 4973 aliud
2814 4917 3045 4973 videtur
3074 4917 3215 4973 illud
3249 4933 3459 4973 nomen
3485 4924 3765 4989 esse,q_uam

2173 4990 2416 5045 alterius
2445 4987 2637 5062 vocis,
2661 4995 2801 5062 puta
2830 4991 3076 5062 scyphos,
3111 4990 3426 5060 glossema,
3456 5005 3519 5044 ex
3549 4987 3663 5042 libri
3691 4997 3768 5037 ora

2172 5062 2229 5116 in
2265 5066 2486 5117 textum
2522 5079 2555 5117 a
2585 5060 2842 5117 librariis
2872 5060 3276 5133 importatum.

2239 5151 2260 5185 ⁸
2289 5150 2592 5206 Recentior
2620 5151 2813 5206 scriba
2843 5151 2942 5221 qui
2976 5149 3292 5206 Veronens.
3328 5166 3436 5206 ms.
3463 5152 3763 5221 postremam

2213 5221 2460 5293 agcllam
2524 5223 2779 5287 sutl‘ecit,
2804 5218 3005 5277 exesas
3037 5221 3422 5277 vetustissimi
3464 5218 3766 5294 exemp'aris

2170 5239 2396 5348 fittcras
2430 5311 2543 5348 non
2577 5295 2722 5348 bene
2753 5299 3061 5348 assecutus
3093 5293 3392 5348 oculorum
3430 5293 3564 5348 acie.
3591 5304 3673 5343 sex
3695 5284 3765 5338 hic

2194 5284 2396 5348 ittveras
2430 5311 2543 5349 non
2577 5295 2722 5349 bene
2753 5284 3061 5350 assecutus
3093 5293 3392 5349 oculorum
3430 5293 3564 5356 acie,
3591 5284 3673 5343 six
3695 5284 3765 5338 hic

2168 5370 2400 5421 tantum
2434 5365 2737 5439 rescripsit
2766 5382 2868 5436 pro
2899 5367 3128 5437 integra
3155 5383 3290 5420 voce
3318 5366 3613 5432 sexaginta.

2238 5456 2257 5489 ⁷
2292 5453 2468 5510 Paulo
2499 5455 2774 5526 superius
2821 5453 2979 5510 hunc
3029 5458 3196 5509 vocat
3228 5469 3337 5526 ms.
3371 5454 3655 5526 Veronens.
3681 5448 3761 5526 Sf-

2167 5528 2336 5594 riam,
2371 5526 2465 5580 hic
2523 5513 2802 5582 sarciam.
2836 5527 2945 5593 Qui
2999 5525 3381 5598 subsequitur
3429 5513 3759 5581 Thencumetlt,

2165 5603 2332 5670 vocat
2363 5598 2782 5670 'lhcneaameth.
3086 5668 3093 5670 Α
3482 5669 3517 5670 π
3627 5658 3667 5670 μ
3696 5656 3739 5670 ,υ

2235 5669 2256 5703 ⁸
2288 5669 2445 5726 Idem
2480 5687 2590 5728 ms.
2627 5669 2897 5739 Machati,
2931 5668 3174 5743 propius
3232 5671 3421 5726 Graeco
3473 5658 3667 5737 Μαχαθί
3694 5656 3753 5712 Ο’-
