1969 3087
92 155 141 183 829

125 219 152 246 et
165 216 336 253 sanguinem
350 216 521 252 vitulorum,
538 218 568 244 et
582 223 737 252 agnorum,
757 216 786 243 et
810 214 904 242 hirco-
920 217 947 250 Α

158 261 220 280 rum
238 253 328 280 nolui.

93 290 158 317 Cum
173 288 308 316 veniretis
326 290 392 315 ante
408 289 596 323 conspectum
615 296 725 321 meum,

125 325 187 361 quis
202 324 333 359 quaesivit
347 324 409 361 haec
424 325 459 361 de
475 322 612 351 manibus
629 325 742 357 vestris,
760 325 793 351 ut
807 322 908 350 ambu-

142 361 239 388 laretis
254 361 284 388 in
300 360 382 387 atriis
396 360 491 387 meis?

93 397 128 424 Ne
142 396 268 423 afferutis
285 395 361 423 ultra
376 396 554 423 sacrificium
572 395 681 422 frustra
697 403 704 423 :

124 433 272 460 incensum
289 431 468 460 abominatio
484 435 528 459 est
543 431 627 458 mihi.

93 468 285 501 Neomeniam,
310 471 337 495 et
362 468 523 495 Sabbatum
550 469 556 485 ¹
584 470 612 495 et
638 466 811 494 festivitates
836 465 908 493 alias

140 512 194 531 non
213 504 317 536 feram,

124 539 213 575 iniqui
229 542 302 567 sunt
316 541 408 567 cmtus
423 538 529 575 vestri;

48 588 51 591 ‹
92 572 231 604 Kalendas
258 578 382 610 vestras,
406 578 434 603 et
458 574 672 609 solemnitates;
683 572 910 608 vestraslodivit

140 611 238 639 anima
254 619 319 639 mea
335 619 342 638 ς

124 648 193 675 facta
208 650 279 675 sunt
294 646 367 674 mihi
385 646 516 677 molesta,
534 645 662 673 laboravi
678 644 837 673 sustinens.

92 683 120 711 Et
135 691 198 711 cum
211 683 401 711 extenderitis
417 690 522 710 manus
539 684 650 709 vestras

124 721 249 746 avertam
267 719 368 746 oculos
385 726 465 745 meos
481 726 498 745 a
512 718 594 745 vobis
611 725 617 744 :

91 755 193 782 Etcum
207 754 473 789 inultiplicaveritis
483 753 717 786 orationem,non
734 751 887 780 exaudiam
901 760 907 780 :

124 799 225 818 manus
243 794 348 818 vestris
363 790 505 824 sanguine
519 789 609 825 plenas
625 792 704 817 sunt.

91 827 242 860 Lavamini,
261 826 366 854 mundi
383 829 487 858 estote,

122 863 228 890 auferte
240 862 353 890 malum
367 862 579 898 cogitationum
595 863 757 889 vestrarum
769 860 805 888 ab
816 860 908 888 oculis

155 907 225 926 meis
242 907 249 926 ς

90 933 227 967 Quiescite
242 941 331 969 agere
347 941 492 969 perverse,

121 969 221 998 discite
237 969 411 997 benefacere
427 977 434 996 :

91 1006 208 1038 Quarite
219 1005 383 1040 judicium,

122 1042 271 1069 subvenite
287 1048 441 1076 oppresso,

118 1078 245 1112 judicate
261 1076 391 1113 pupillo;

121 1113 265 1140 defendite
280 1112 400 1140 viduam
408 1132 414 1140 .

90 1149 119 1176 Et
132 1151 232 1183 venite,
248 1152 278 1176 et
292 1148 406 1184 arguite
419 1155 476 1182 me,
492 1147 563 1174 dicit
577 1146 720 1184 Dominus
735 1154 741 1174 :

88 1185 113 1212 Si
126 1182 232 1212 fuerint
248 1182 370 1220 peccata
386 1187 481 1211 vestra
498 1186 528 1211 ut
543 1182 707 1217 coccinum,

118 1221 199 1256 quasi
217 1221 267 1248 nix
283 1220 523 1256 dealbabunturr:

117 1253 144 1283 et
158 1257 181 1284 si
197 1256 310 1284 fuerint
324 1255 413 1283 rubra
428 1255 512 1291 quasi
528 1253 720 1288 vermiculus,
736 1253 815 1282 velut
840 1253 908 1282 lana

117 1292 181 1320 alba
196 1295 293 1320 erunt.

84 1327 110 1354 Si
126 1328 285 1362 volueritis,
302 1329 333 1354 et
346 1326 499 1355 audieritis
515 1334 572 1360 me,

115 1363 188 1392 bona
202 1367 288 1392 terrm
304 1362 475 1391 comedetis.

84 1399 158 1430 Quod
175 1400 199 1428 si
217 1399 386 1432 nolueritis,
403 1401 432 1426 et
449 1406 495 1426 me
510 1398 737 1434 provocaveritis

115 1436 147 1463 ad
165 1435 348 1464 iracundiam
367 1443 373 1462 :

702 153 810 181 LIBER
829 154 934 181 ISAIE
952 152 1164 182 ΡΕΟΡΗΕΤΕ.

1732 154 1787 183 830

1033 213 1230 251 terebinthus)
1247 213 1445 243 deﬂuentibus
1461 216 1550 251 foliis,

998 253 1026 278 et
1041 250 1120 278 velut
1136 250 1237 277 hortus
1253 251 1363 286 absque
1378 259 1465 286 aqua.

963 286 996 314 Et
1008 286 1063 314 erit
1080 286 1219 313 fortitudo
1235 289 1339 319 vestra,
1357 289 1388 325 ut
1404 288 1500 316 favilla
1516 291 1639 325 stuppas,

998 325 1027 350 et
1041 330 1116 356 opus
1131 324 1262 349 vestrum
1279 323 1363 357 quasi
1380 324 1518 357 scintilla,

997 362 1025 386 et
1040 358 1236 395 succendetur
1252 361 1409 394 utrumque
1426 360 1527 395 simul,

998 397 1028 422 et
1043 402 1099 421 non
1115 394 1171 421 erit
1186 394 1236 429 qui
1252 395 1427 429 exstinguat.

965 431 1043 466 (Cap.
1061 430 1107 462 ll.)
1124 429 1251 471 V'erhum
1268 431 1370 471 Ξδῆμοίί
1387 431 1458 471 vidit
1474 432 1575 466 Isaias,
1592 433 1671 462 filius
1687 436 1787 471 Amos,

1035 474 1124 501 super
1136 465 1240 493 ludam
1257 469 1285 492 et
1299 466 1474 496 Jerusalem.

964 502 997 529 Et
1012 502 1067 529 erit
1083 501 1298 541 inrnovissimis
1313 502 1417 541 diebus
1433 506 1615 539 praeparatus
1631 514 1716 534 mons
1737 507 1789 534 do-

1036 546 1102 564 mus
1120 537 1231 564 Domini
1249 537 1278 564 in
1293 538 1400 566 vertice
1414 537 1572 574 montium,

999 576 1028 601 et
1043 573 1204 601 elevahitur
1218 581 1307 608 super
1322 574 1421 607 colles,

999 612 1029 646 et
1045 609 1135 636 fluent
1151 610 1268 646 adeum
1282 617 1389 646 omnes
1404 613 1517 646 gentes.

964 645 999 672 Et
1013 645 1097 672 ibunt
1112 644 1212 681 populi
1230 644 1325 679 multi,
1341 648 1370 673 et
1384 644 1503 675 dicent:

965 681 1075 715 Venite,
1088 681 1283 720 ascendamus
1298 682 1334 709 ad
1349 685 1478 711 montem
1495 683 1621 720 Domini,
1638 686 1667 712 et
1680 684 1716 712 ad
1740 684 1790 713 do-

1036 725 1116 744 mum
1133 717 1182 744 Dei
1199 717 1300 751 Jacob,

999 755 1028 780 et
1044 753 1159 780 docebit
1175 761 1228 780 nos
1243 753 1306 781 vias
1321 761 1402 787 suae,

1000 791 1028 816 et
1043 789 1263 816 ambulabimus
1280 789 1308 816 in
1324 790 1439 818 semitis
1455 790 1520 825 ejus
1537 799 1544 818 :

964 825 1038 857 Quia
1053 825 1087 852 de
1101 825 1167 852 Sion
1185 824 1274 851 exibit
1289 825 1344 857 lex,

999 863 1028 898 et
1044 861 1163 898 verbum
1180 860 1296 888 Domini
1312 862 1347 889 de
1362 861 1537 898 Jerusalem,

965 896 999 924 Et
1010 896 1157 931 judicabit
1172 899 1284 931 gentes,

925 918 948 951 Β
967 918 1284 968 ⁸ἐ³ι⁴ιῖιὲέιῖἔὲ⁷ρῗῆἷιὶῑιῖἑ
1297 932 1419 966 multos,

999 970 1027 996 et
1043 968 1212 1005 conflabunt
1226 968 1342 1005 gladios
1355 977 1425 997 suos
1440 968 1469 996 in
1485 977 1627 1005 vomeres,

1000 1006 1027 1031 et
1042 1003 1159 1031 lanceas
1175 1012 1246 1031 suas
1260 1003 1289 1031 in
1306 1004 1395 1032 falces
1412 1012 1418 1032 :

963 1039 1025 1067 Non
1042 1039 1150 1067 levabit
1164 1048 1235 1077 gens
1251 1042 1352 1077 contra
1364 1044 1480 1076 gentem
1495 1040 1639 1077 gladium,

1000 1084 1052 1103 nec
1066 1076 1281 1103 exercebuntur
1296 1076 1373 1104 ultra
1388 1077 1424 1104 ad
1441 1076 1586 1112 praelium.

965 1111 1074 1139 Domus
1089 1112 1189 1144 Jacoh,
1209 1112 1314 1144 venite,

998 1147 1184 1175 ambulemus
1200 1148 1228 1174 in
1245 1148 1356 1174 lumine
1372 1147 1498 1176 Domini.

962 1182 1112 1218 Projccisti
1129 1184 1206 1210 enim
1223 1183 1363 1219 populum
1380 1186 1476 1219 tuum,
1492 1185 1614 1213 domum
1628 1187 1719 1214 Jaeob
1735 1194 1743 1215 :

999 1219 1068 1255 quia
1085 1220 1186 1254 repleti
1203 1223 1271 1246 sunt
1286 1223 1315 1246 ut
1330 1220 1423 1255 (Vulg.
1441 1224 1495 1256 iac.
1514 1221 1556 1256 ut)
1571 1221 1654 1256 olim,

997 1258 1024 1282 et
1039 1263 1164 1288 augures
1181 1256 1346 1282 habuerunt
1365 1260 1396 1283 ut
1411 1255 1589 1284 Philisthim.

997 1293 1025 1318 et
1041 1291 1139 1326 pueris
1154 1291 1258 1319 alienis
1274 1292 1472 1319 adhaeserunt.

997 1326 1117 1362 Repleta
1131 1328 1142 1344 ⁸
1157 1330 1202 1355 est
1218 1329 1296 1354 terra
1311 1329 1432 1362 argento
1447 1330 1475 1355 et
1489 1336 1561 1356 auro
1578 1337 1584 1356 :

1033 1366 1135 1400 et_non
1151 1365 1196 1390 est
1211 1363 1278 1390 finis
1294 1363 1502 1391 thesaurorum
1517 1364 1593 1400 ejus,

961 1398 995 1426 Et
1011 1398 1121 1439 repleta
1137 1401 1182 1426 est
1197 1402 1274 1439 terra
1289 1399 1463 1439 ejus_e_quis,

997 1437 1025 1462 et
1041 1435 1272 1462 innumerabiles
1285 1435 1431 1469 quadrigae
1447 1436 1520 1470 ejus.

114 1472 226 1506 gladius
242 1470 396 1499 devorabit
411 1478 475 1503 vos,
491 1470 563 1506 quia
578 1478 611 1498 os
636 1470 752 1498 Domini
773 1469 906 1497 locutum
961 1472 995 1498 Et
1011 1470 1120 1506 repleta
1135 1473 1180 1498 est
1193 1473 1271 1498 terra
1285 1471 1349 1506 ejus
1365 1471 1451 1499 idolis
1463 1469 1474 1499 7:

114 1510 164 1535 est.

85 1542 226 1574 Quomodo
240 1543 320 1571 facta.
333 1544 379 1570 est
400 1541 537 1569 meretrix
558 1541 662 1570 civitas
686 1541 794 1577 fidelis,
819 1541 906 1577 plena

145 1579 269 1613 judicii?

109 1602 385 1648 justiti-{habitavit
399 1614 410 1630 ²
426 1613 455 1640 in
472 1621 515 1646 ea,
532 1621 610 1640 nunc
625 1615 722 1641 autem
741 1612 903 1641 homicidae.
921 1602 942 1636 (ἶ

83 1651 236 1685 Argentum
253 1654 342 1678 tuum
358 1657 474 1677 versum
489 1651 534 1676 est
550 1649 577 1676 in
595 1649 720 1677 scoriam
737 1657 744 1677 :

112 1687 208 1714 vinum
224 1690 313 1714 tuum
330 1685 451 1712 mistum
468 1687 513 1712 est
525 1693 612 1720 aqua.

81 1719 224 1757 Principes
238 1720 289 1750 tui
301 1721 434 1749 inﬁdeles
450 1721 503 1755 (Al.
520 1719 742 1755 inebedientes),
760 1720 832 1749 socii
858 1721 902 1748 fu-

145 1767 208 1785 rum
225 1766 232 1786 Ζ

110 1800 207 1821 omnes
223 1793 356 1828 diligunt
372 1794 673 1828 munera,sequuntur
683 1792 900 1820 retributiones.

78 1827 182 1863 Pupillo
198 1838 256 1857 non
269 1827 408 1864 Indicant
425 1836 431 1855 ε

109 1868 134 1891 et
148 1873 238 1899 causa
252 1865 349 1893 viduae
366 1872 422 1891 non
437 1863 601 1896 ingreditur
617 1864 652 1890 ad
669 1872 729 1891 eos.

79 1900 188 1936 Propter
204 1901 259 1929 hoc
275 1901 318 1928 ait
334 1900 477 1928 Dominus
494 1900 675 1936 exercituum
693 1899 776 1927 fortis
790 1898 898 1927 Israel:

82 1935 150 1964 lleul
167 1937 341 1964 consolabor
357 1944 445 1970 super
462 1935 598 1963 hostibus
614 1936 699 1968 meis,

111 1974 137 1998 et
150 1973 324 2000 vindicabor
339 1973 375 1999 de
390 1971 519 1999 inimicis
535 1971 619 1999 meis.

82 2007 110 2034 Et
124 2012 289 2036 convertam
304 2016 426 2035 manum
442 2015 538 2034 meam
555 2007 589 2034 ad
606 2010 643 2040 te,

111 2046 138 2070 et
151 2052 314 2080 excoquam
329 2044 365 2071 ad
383 2051 489 2079 purum
506 2043 629 2070 scoriam
647 2046 739 2077 tuam,

112 2082 138 2106 et
151 2080 283 2108 auferam
300 2088 388 2107 omne
403 2082 542 2106 stnnnum
561 2082 654 2107 tuum.

82 2112 110 2140 Et
125 2116 275 2144 restituam
288 2116 405 2150 judices
418 2118 485 2142 tuos
502 2117 534 2142 ut
550 2115 668 2142 fuerunt
682 2115 774 2150 prius,

112 2153 138 2177 et
152 2152 326 2180 consilarios
342 2154 408 2179 tuos
423 2151 500 2178 sicut
515 2150 679 2185 antiquitus
696 2159 702 2178 :

80 2185 142 2222 {lost
155 2187 215 2215 haec
228 2187 379 2215 vocaberis
395 2186 498 2214 civitas
511 2186 592 2222 iusti,
609 2187 679 2214 urbs
693 2186 798 2215 fidelis.

80 2220 141 2249 Sion
156 2223 184 2250 in
196 2224 312 2258 judicio
329 2222 500 2250 redimetur.

112 2260 137 2284 et
149 2259 289 2286 reducent
304 2267 367 2285 eam
381 2258 500 2293 justitia
517 2266 523 2284 ι

112 2297 138 2320 et
151 2298 281 2322 conteret
296 2294 445 2328 scelestos,
461 2297 490 2321 et
506 2295 670 2328 peccatores
685 2293 786 2327 simul,

111 2332 138 2355 et
153 2331 201 2365 qui
218 2330 443 2365 dereliquerunt
459 2329 627 2363 Dominum,
643 2332 866 2362 consumantur,

82 2363 298 2394 Confu'ndentur
311 2363 388 2393 enim
412 2366 448 2393 ab
473 2365 561 2392 idolis
586 2365 694 2400 quibus
718 2366 899 2394 sacriﬁcave-

111 2404 186 2438 runt,
213 2405 242 2429 et
266 2401 445 2430 erubescetis
472 2410 562 2437 super
589 2401 682 2430 hortis
706 2409 780 2436 quos
803 2402 896 2438 elege-

114 2437 191 2469 ratis,

113 2479 177 2500 cum
194 2472 306 2500 fueritis
323 2472 403 2500 velut
415 2480 543 2508 quercus
557 2472 611 2508 (Al.
623 2474 709 2501 erunt
719 2473 797 2500 enim
813 2474 897 2508 quasi

97 2578 121 2616 η’
138 2576 260 2616 Videtur
274 2578 302 2606 S.
320 2579 404 2616 Pater
419 2578 494 2605 hanc
510 2578 643 2613 przeferre
659 2578 687 2616 in
700 2580 896 2616 ‘Commenta-

82 2612 128 2639 riis
143 2612 307 2646 lectionem,
323 2615 486 2642 Neomenias
501 2612 602 2642 uestras
617 2619 643 2641 et
657 2614 791 2642 Sabbatu.

112 2648 122 2685 ῗ
136 2648 164 2685 in
180 2651 394 2678 Commentario
411 2650 526 2685 praefert
540 2650 668 2685 requirit.

113 2684 206 2724 {Nota
222 2687 380 2724 secundam
396 2684 454 2713 dici
478 2689 506 2724 et
530 2684 582 2713 hic
603 2686 738 2724 incipere,
754 2685 896 2714 visionem

82 2718 155 2758 Isaia;
168 2721 245 2758 apud
262 2721 471 2758 Hieronymum
488 2721 516 2749 in
533 2718 696 2750 Comment.
714 2722 805 2749 Mam.

113 2754 297 2793 ‘_Speculum
323 2759 351 2786 S.
369 2754 533 2793 'Augustini
561 2760 642 2785 notat
670 2761 729 2785 tres
755 2766 857 2785 versus
881 2765 898 2785 a

84 2790 351 2829 Verbo'adlixserunt
367 2790 461 2828 usque
476 2794 510 2820 ad
527 2793 592 2825 ista,
620 2794 733 2828 Replela
756 2796 807 2829 est,
821 2795 897 2821 terra

85 2827 240 2867 eius‘idolis.
257 2832 301 2867 At,
318 2827 460 2867 inspectis
474 2829 632 2864 diligenter
647 2827 733 2867 mss._
745 2828 896 2867 codicibus

87 2864 231 2904 lusionis.
256 2864 496 2904 Hieronymianaa,
519 2867 683 2904 comment.
708 2865 838 2904 ejusdem
865 2868 895 2893 S.

88 2895 579 2937 Doctoris'quatuor'describendos
599 2895 799 2936 judicavimus
824 2909 831 2928 :
855 2904 898 2929 tot

89 2939 162 2963 9mm
175 2938 316 2966 commata
330 2937 444 2975 exigere
457 2937 571 2968 videtur
594 2937 744 2968 distinctio
769 2937 884 2960 navim“

996 1514 1071 1542 opus
1087 1515 1229 1543 manuum
1246 1515 1367 1535 suarum
1389 1508 1583 1535 adoraverunt
1604 1508 1682 1543 quod
1707 1508 1783 1536 fece-

1032 1544 1100 1569 runt
1116 1542 1199 1578 digiti
1216 1551 1283 1570 eoru
1290 1551 1328 1570 ω.

962 1578 996 1605 Et
1011 1578 1182 1615 incurvatus
1205 1580 1250 1606 est
1271 1579 1361 1614 (Vulg.
1387 1578 1550 1607 incurvavit
1570 1579 1609 1615 te)
1633 1578 1732 1613 homo,
1757 1584 1785 1608 et

1032 1613 1208 1642 humiliatus
1223 1613 1326 1642 est'vir
1337 1613 1348 1642 ⁷;

994 1658 1029 1678 ne
1044 1658 1114 1686 ergo
1128 1650 1260 1678 dimittas
1275 1650 1328 1678 eis.

958 1685 1111 1720 Ingredere
1124 1686 1153 1714 in
1168 1690 1279 1722 petram
1297 1694 1304 1714 ε

993 1723 1173 1750 abscondere
1188 1723 1266 1750 fossa
1282 1722 1370 1750 homo
1385 1730 1402 1750 a
1418 1722 1490 1750 facie
1506 1722 1620 1751 timoris
1632 1722 1760 1756 Domini,

1028 1761 1056 1786 et
1068 1767 1084 1786 a
1099 1758 1193 1794 gloria
1207 1758 1372 1793 maiestatis
1387 1759 1462 1793 ejus.

956 1793 1037 1821 Oculi
1054 1793 1191 1822 sublimis
1207 1794 1336 1821 hominis
1351 1794 1362 1812 ⁵
1377 1794 1525 1822 humiliati
1541 1796 1621 1827 sunt,

992 1833 1020 1857 et
1035 1830 1236 1858 incurvabitur
1251 1830 1375 1857 altitudo
1391 1831 1531 1862 virorum,

991 1865 1168 1893 exaltabitur
1182 1868 1282 1893 autem
1299 1865 1440 1894 Dominus
1455 1865 1536 1893 solus
1552 1865 1581 1893 in
1598 1865 1645 1893 die
1662 1865 1721 1893 illa.

955 1901 1028 1933 Quin
1043 1902 1105 1929 dies
1122 1901 1432 1937 Dominirexercituum
1449 1909 1539 1937 super
1553 1909 1668 1929 omnem
1681 1909 1782 1937 super-

1027 1937 1109 1971 bum,
1125 1940 1154 1965 et
1168 1936 1328 1970 excelsum,

990 1975 1019 2000 et
1034 1981 1122 2007 super
1137 1981 1254 2000 omnem
1270 1975 1468 2007 arrogantem,
1484 1975 1512 1999 et
1527 1971 1744 2001 humiliahitur.

955 2009 990 2035 Et
1005 2017 1093 2044 super
1107 2017 1207 2036 omnes
1223 2008 1324 2036 cedros
1343 2009 1444 2035 Libani
1461 2008 1602 2036 sublimes
1617 2010 1646 2036 et
1656 2010 1778 2042 erectas,

989 2047 1018 2072 et
1035 2053 1124 2079 super
1138 2053 1241 2072 omnes
1256 2053 1381 2079 quercus
1398 2046 1503 2071 Basnn.

954 2080 989 2107 Et
1004 2088 1092 2116 super
1105 2089 1207 2108 omnes
1225 2083 1337 2108 montes
1351 2080 1492 2114 excelsos,

990 2119 1018 2143 et
1032 2125 1122 2152 super
1137 2124 1241 2144 omnes
1256 2116 1343 2144 colles
1358 2116 1497 2144 elevatos.

953 2151 988 2179 Et
1001 2151 1089 2188 super
1104 2160 1221 2180 omnem
1237 2154 1347 2180 turrem
1365 2153 1521 2185 excelsam,

989 2190 1017 2215 et
1032 2196 1122 2224 super
1135 2196 1252 2216 omnem
1269 2196 1387 2216 murum
1404 2188 1563 2216 munitum.

953 2225 987 2250 Et
1002 2232 1091 2260 super
1105 2233 1207 2252 omnes
1223 2233 1310 2252 naves
1325 2224 1457 2260 'l‘harsis,

989 2262 1017 2287 et
1032 2259 1121 2295 super
1136 2269 1222 2288 omne
1237 2261 1313 2295 quod
1330 2260 1393 2287 visu
1411 2259 1567 2295 pulchrum
1581 2261 1635 2287 est.

916 2291 937 2323 Ι)
954 2296 987 2322 Et
1003 2291 1205 2323 incu'rvabilur
1219 2291 1388 2324 sublimitas
1404 2291 1568 2329 hominum,

989 2334 1018 2359 et
1035 2332 1241 2360 humiliahitur
1256 2332 1380 2359 altitudo
1395 2332 1535 2363 virorum,

988 2370 1017 2394 et
1032 2368 1192 2395 elevabitur
1209 2368 1349 2395 Dominus
1363 2367 1444 2395 solus
1460 2369 1489 2395 in
1507 2367 1552 2395 die
1567 2366 1618 2394 illa
1634 2375 1641 2394 :

989 2406 1017 2430 et
1033 2403 1109 2431 idola
1127 2404 1243 2439 penitus
1258 2406 1446 2431 conterentur
1462 2412 1469 2431 :

953 2439 987 2466 Et
1001 2438 1166 2467 introibant
1181 2440 1208 2467 in
1225 2440 1380 2475 speluncas
1403 2441 1564 2475 petrarum,
1589 2441 1618 2467 et
1640 2438 1670 2466 in
1692 2446 1776 2466 vora-

1024 2476 1108 2511 gines
1123 2478 1216 2509 teme,

953 2590 1118 2618 sensusque
1134 2583 1368 2618 perspicuitas.Si
1385 2591 1473 2618 quem
1488 2591 1556 2611 vero
1573 2583 1775 2618 moveat.quod

953 2627 1092 2646 numeros
1107 2627 1244 2646 versuum
1261 2619 1417 2655 aseriptos,
1432 2620 1461 2647 in
1482 2619 1607 2655 Speculo
1628 2619 1776 2646 interdum

952 2654 1138 2689 abjiciamus,
1153 2655 1316 2682 meminerit
1330 2654 1428 2683 errore
1443 2656 1655 2691 exscriptornm
1685 2655 1776 2682 fuisse

951 2691 1136 2726 depravatos,
1153 2695 1184 2718 ut
1200 2692 1323 2726 probant
1338 2691 1444 2719 diversi
1462 2690 1575 2719 numeri
1592 2690 1622 2718 in
1652 2690 1776 2718 diversis

952 2727 1067 2762 Speculi
1085 2727 1300 2763 exemplaribus
1314 2727 1468 2761 assignati.
1488 2727 1579 2754 MART.

987 2763 998 2780 ⁵
1012 2765 1072 2790 Hoc
1088 2761 1176 2790 modo
1189 2763 1293 2798 legunt
1307 2763 1483 2799 exemplaria
1497 2761 1632 2799 Canonis,
1648 2763 1677 2799 et
1691 2761 1776 2789 Com-

953 2799 1162 2826 mentariorum
1180 2797 1317 2827 similiter
1332 2801 1360 2827 in
1376 2797 1586 2826 vetustioribus
1604 2797 1686 2824 libris
1702 2805 1774 2826 mss.

951 2834 1006 2876 Alii
1018 2835 1260 2876 .tutp'editi,_tu.m
1279 2833 1484 2876 ιριιιιυλεειι-ἱριίἱ
1494 2833 1567 2876 oculi
1580 2833 1777 2876 sublimato-

950 2870 1046 2934 ginis.
1063 2871 1170 2900 Littera
1185 2871 1338 2905 Hebraica,
1356 2870 1436 2899 Oculi
1458 2870 1621 2900 devotionis
1644 2870 1776 2900 hominis.

978 2914 1040 2934 ART.

978 2914 1040 2934 ΛΒΤ.
