1969 3087
207 146 258 174 831

246 217 262 236 a
278 208 351 236 facie
367 208 532 237 formidinis
549 209 676 243 Domini,
692 212 721 238 et
735 218 751 237 a
766 209 858 246 gloria
873 209 1036 245 majestatis
1050 210 1075 243 Α
1091 210 1123 236 In
1138 207 1184 236 die
1200 207 1248 235 illa
1274 209 1386 237 auferet
1410 211 1554 239 Dominus
1578 213 1773 239 ornamentem
1794 212 1881 241 calcea-

245 246 321 279 ejus,
338 253 403 272 cum
420 246 578 273 surrexerit
594 250 745 281 percutere
759 250 879 275 terram.

209 282 241 309 In
258 281 373 318 dieilla
385 281 519 316 projiciet
533 282 621 309 homo
637 283 715 310 idola
730 282 842 318 argenti
860 282 918 314 sui,

245 321 272 344 et
286 316 446 353 simulacra
461 317 524 344 auri
540 317 597 349 sui.
613 326 677 353 qua:
693 316 800 346 fecerat
815 318 881 353 sibi,
909 319 940 346 ut
964 317 1034 345 ado-

296 352 482 389 rarettalpas
498 355 526 380 ct
542 352 774 389 vespertiliones.

207 387 240 415 Et
266 387 448 423 ingredietur
476 387 624 417 scissuras
654 392 816 426 petrarum,
842 392 872 418 et
895 397 1034 417 cavernas

295 432 450 456 saxorum,

242 468 259 486 a
274 459 347 501 facie
363 460 530 488 formidinis
546 461 673 496 Domini,
690 463 718 489 et
730 470 746 489 a
762 461 854 497 gloria
870 461 1034 497 majestatis

297 503 374 531 ejus,

244 538 311 559 cum
327 530 485 558 surrexerit
501 533 651 560 percutere
667 535 784 560 terram.

209 567 353 630 Quiescige
369 575 436 608 ergo
452 567 488 595 ab
505 567 623 595 homine
645 569 730 604 cujus
755 567 876 605 spiritus
900 568 929 595 in
955 567 1035 595 nari-

340 611 373 630 us
389 610 465 630 eius.

340 611 373 630 us
389 610 465 637 ejus,

244 638 315 675 quia
329 638 463 666 excelsus
479 641 635 675 reputatus
651 642 696 667 est
712 640 785 675 ipse.

210 673 351 709 [Cap.lll.]
362 673 691 703 Ecceenim’dominator
699 673 838 703 Dominus
845 675 1033 709 exercituum,

246 710 359 737 auferet
371 719 388 737 a
402 710 565 738 Jerusalem
580 713 608 738 et
618 711 720 739 aJuda
730 711 858 739 validum
874 714 904 739 et
918 711 1034 746 fortem,

246 753 332 773 omne
348 746 435 783 robur
451 746 591 783 panisLet.
606 755 692 775 omne
706 748 795 775 robur
812 755 912 783 aquae;

209 780 337 815 Fortem,
352 784 381 809 et
395 780 491 809 virum
507 780 689 816 bellatorem,

241 817 385 854 judicem.
402 823 431 845 et
447 819 630 854 prophetam,

247 855 275 879 et
291 853 428 887 ariolum,
446 857 473 881 et
488 853 587 882 senem
606 863 612 881 :

212 888 374 926 Principem
392 898 481 924 super
496 890 723 926 quinquaginta,

246 927 274 951 et
291 924 490 952 honorabilem
505 924 603 958 'vultu.

211 960 459 1032 Ettcopsiliiarium
477 962 638 998 sapientem
654 962 689 989 de
702 961 868 990 architectis
885 961 1037 997 (ALarchi-

259 1005 291 1024 ec
306 1005 355 1024 um
371 1019 379 1029 ,

259 999 379 1029 actum),

247 1035 277 1060 et
293 1033 467 1068 prudentem
482 1032 592 1068 eloquii
608 1033 733 1068 mystici.

247 1068 283 1095 Et
297 1068 373 1096 dabo
390 1076 495 1104 pueros
511 1069 658 1104 principes
674 1077 786 1102 eorum,

248 1106 277 1131 et
291 1104 450 1132 effeminati
467 1105 701 1132 dominabuntur
716 1104 768 1132 eis.

212 1138 248 1166 Et
263 1139 354 1167 irruet
369 1139 507 1181 populus,
523 1141 566 1167 vir
580 1141 614 1181 a_d
632 1141 738 1174 virum,

247 1176 453 1212 unusquisque
468 1176 503 1212 ad
520 1176 684 1212 proximum
702 1184 789 1204 suum
807 1185 814 1204 :

318 1211 549 1248 tumultuabitur
564 1220 638 1248 puer
652 1215 753 1240 contra
768 1219 881 1247 senem,

249 1248 278 1274 et
292 1246 433 1279 ignobilis
447 1249 548 1276 contra
560 1246 698 1276 nobilem.

212 1281 420 1318 Apprehendet
435 1283 512 1311 enim
528 1284 573 1312 vir
587 1284 704 1312 fratrem
730 1292 816 1312 suum
842 1283 1036 1311 domesticum

323 1318 394 1346 atris
410 1318 456 1346 sui
475 1327 482 1346 :

214 1327 496 1391 Vestirgztnrtlisirzuiibi
512 1357 568 1388 est,
584 1355 721 1391 princeps
736 1358 796 1383 esto
812 1357 921 1390 noster,

248 1390 331 1417 ruina
347 1393 445 1418 autem
462 1391 523 1418 hinc
538 1392 593 1418 sub
608 1390 697 1419 manu
712 1394 772 1418 tua.

212 1426 412 1461 Respondebit
428 1427 457 1453 in
473 1427 592 1458 dieilla.
609 1427 709 1454 dicens
726 1436 733 1454 :

250 1461 312 1489 Non
330 1471 396 1489 sum
415 1462 585 1495 medicus,et
600 1463 628 1490 in
641 1464 728 1491 domo
739 1470 804 1490 mea
815 1470 874 1490 non
887 1464 933 1490 est
942 1462 1037 1498 panis,

247 1505 343 1534 neque
353 1498 561 1526 vestimentum
580 1507 587 1526 :

212 1532 307 1570 {iolite
323 1536 502 1570 constituere
516 1542 562 1561 me
578 1534 737 1570 principem
755 1533 866 1570 populi.

211 1568 282 1596 Ruit
298 1570 375 1597 enim
392 1569 566 1603 Jerusalem,
578 1568 610 1597 et
625 1568 716 1598 Judas
732 1568 860 1597 concidit
875 1577 882 1597 :

247 1605 428 1668 quislingua
439 1614 539 1633 eorum
553 1608 580 1634 et
591 1606 813 1634 adinventiones
823 1613 923 1633 eorum
936 1607 1038 1634 contra

328 1649 474 1668 ominum.

328 1649 474 1676 ominum,

247 1677 280 1703 nt
295 1679 485 1711 provocarent
500 1677 599 1704 oculos
616 1676 779 1712 majestatis
794 1677 869 1711 ejus.

210 1712 328 1747 Agnitio
344 1712 444 1740 vultus
460 1721 560 1740 eorum
576 1713 727 1747 respondit
742 1712 798 1745 eis,

246 1749 275 1775 et
290 1751 441 1783 peccatum
458 1757 545 1776 suum
563 1749 647 1784 quasi
659 1749 787 1777 Sodoma
798 1748 1037 1784 pradicaverunt,

285 1792 337 1811 nec
352 1785 533 1812 absconderu
540 1787 571 1811 nt
586 1793 592 1811 :

210 1818 258 1845 Vas
274 1820 379 1847 animas
397 1828 496 1848 eorum
515 1828 523 1848 :

247 1856 386 1890 quoniam
402 1856 515 1884 reddita
531 1857 601 1883 sunt
615 1855 658 1882 eis
675 1855 761 1883 mala.

214 1889 305 1919 Dicite
318 1892 398 1927 justo
414 1892 553 1927 quoniam
569 1892 655 1924 bene,

249 1926 388 1991 quondiam
406 1926 533 1956 fructum
550 1926 788 1955 adinventionum
807 1935 928 1955 suarum
945 1935 1040 1956 come-

342 1967 379 1991 et.

342 1967 379 1991 et.

214 2000 261 2026 Vsa
276 1998 368 2027 impio
384 1999 413 2027 in
429 1999 540 2027 malum
559 2007 566 2026 :

248 2008 261 2026 Β
276 2008 316 2027 un
341 2008 368 2027 ιο
384 2008 413 2027 In
429 2008 540 2027 malum
559 2008 566 2026 τ

248 2008 402 2063 retributio
417 2035 496 2063 enim
513 2042 655 2062 manuum
671 2034 736 2069 ejus
750 2034 799 2062 fiet
813 2034 850 2062 ei.

212 2071 357 2106 Populum
375 2079 473 2099 meum
490 2073 639 2099 exactores
655 2070 700 2097 sui
716 2070 926 2106 spoliaverunt,

247 2108 276 2134 et
291 2107 430 2135 mulieres
445 2107 601 2135 dominata
617 2108 687 2134 sunt
701 2106 765 2140 ejus
779 2106 832 2142 [AL
848 2106 911 2142 eis].

212 2141 321 2178 Popule
337 2151 432 2176 meus,
449 2144 498 2178 qui
516 2143 633 2170 beatum
650 2145 678 2170 te
693 2141 805 2175 dicunt,
826 2141 936 2178 ipsi’te
959 2142 1037 2170 deci-

248 2177 343 2213 piunt,
359 2182 388 2207 et
400 2177 477 2207 viam
492 2186 647 2212 gressuum
665 2181 782 2205 tuorum
800 2177 956 2214 dissipant.

212 2213 276 2241 Stat
291 2215 325 2242 ad
339 2215 532 2249 judicandum
551 2214 702 2247 Dominus,

247 2253 276 2277 et
292 2253 352 2278 stat
367 2251 401 2278 ad
415 2251 593 2286 judicandos
609 2249 744 2286 populos.

213 2285 356 2314 Dominus
372 2284 567 2321 adrjudicium
583 2284 680 2313 veniet
700 2293 767 2313 cum
792 2284 913 2312 senibus
936 2285 1036 2321 populi

248 2322 306 2356 sui,
323 2325 351 2359 et
367 2322 551 2359 principibus
566 2322 629 2359 ejus
645 2329 652 2349 :

211 2357 269 2385 Vos
284 2356 493 2395 enim‘depasti
509 2356 709 2395 estis‘vineam
725 2356 778 2391 (Al.
795 2356 858 2384 add.
875 2357 994 2392 meam),

248 2393 351 2430 rapina
367 2393 505 2430 pauperis
521 2394 551 2422 in
568 2394 655 2421 domo
670 2395 777 2420 vestra.

211 2429 306 2462 Quare
321 2429 445 2458 atterilis
459 2430 600 2466 populum
616 2436 726 2466 meum.

247 2468 275 2494 et
290 2466 379 2494 facies
395 2462 556 2502 pauperum
573 2464 761 2499 commolitis,
778 2462 848 2491 dicit
862 2463 1005 2492 Dominus

284 2504 360 2530 Deus
375 2502 555 2530 exercituum
564 2502 578 2529 τ

209 2539 247 2566 Et
263 2538 336 2566 dixit
352 2538 494 2566 Dominus
509 2546 516 2565 :

211 2574 264 2602 Pro
281 2582 315 2602 eo
332 2574 409 2609 quod
425 2574 543 2601 elevata:
558 2574 629 2600 sunt
642 2571 804 2609 filiaismn,

247 2612 275 2638 et
290 2606 518 2637 ambulaverunt
529 2610 647 2636 extento
663 2607 747 2642 collo,
758 2609 787 2634 et
803 2606 924 2635 nutibus
939 2606 1036 2635 oculo-

283 2654 348 2673 rum
365 2645 457 2677 ibant.
471 2648 500 2673 et
515 2644 695 2681 plaudebant
711 2652 717 2670 :

245 2682 480 2718 ambulabant,et
494 2678 523 2709 in
540 2681 666 2718 pedibus
681 2679 745 2707 suis
761 2678 928 2714 composito
944 2678 1036 2715 gradu

281 2717 459 2746 incedebant
475 2726 481 2745 :

212 2754 380 2781 Decalvabit
394 2753 536 2782 Dominus
551 2751 689 2779 verticem
703 2750 829 2777 ﬁliarum
844 2749 923 2784 Sion,

245 2791 274 2817 et
288 2790 431 2826 Dominus
455 2790 508 2826 (Αι.
533 2793 589 2816 lac.
616 2786 770 2821 Dominus)
796 2785 908 2814 crinem
934 2794 1036 2815 earum

282 2825 417 2855 nudabit.

730 143 760 176 s.
782 148 988 177 mancum
1006 147 1134 175 DlVINA
1152 147 1400 176 BIBLIOTHECA.
1840 152 1881 180 επ

1166 248 1345 277 mentorum,

1125 283 1154 308 et
1169 280 1299 343 lupulas,
1315 285 1344 308 et
1358 283 1491 317 torques,
1506 285 1534 311 et
1550 283 1682 316 monilia,
1697 286 1726 310 et
1739 284 1881 318 armillas,et

1163 324 1202 343 m1
1218 325 1275 348 ras.

1089 351 1121 379 Ei
1135 351 1358 389 discrrimlnalia,
1374 353 1615 389 etiperiscelides,
1631 355 1658 382 et
1673 354 1844 388 muranulas,
1862 358 1882 384 et

1159 387 1350 421 olfactoriola,
1367 393 1394 415 et
1408 387 1437 415 in
1454 397 1551 422 aures,

1124 426 1154 451 et
1168 423 1307 461 annulos,
1320 427 1348 451 et
1362 432 1493 461 gemmas
1509 426 1537 452 in
1554 426 1647 453 fronte
1662 425 1822 461 pendentes,

1125 462 1154 487 et
1169 459 1339 493 mutatoria,
1355 459 1380 496 et
1397 460 1496 496 pallia,
1512 465 1540 489 et
1555 459 1735 493 linteamina,
1749 465 1775 488 et
1788 470 1856 494 acus,

1124 498 1152 523 et
1168 496 1298 531 specula,
1314 498 1339 523 et
1357 495 1507 530 sindones,
1524 500 1551 524 et
1567 497 1663 531 vittas,
1679 500 1708 524 et
1719 497 1849 526 theristra.

1090 532 1125 560 Et
1140 531 1195 558 erit
1210 540 1261 567 pro
1277 531 1358 558 suavi
1375 532 1462 559 odore
1478 533 1561 566 fetor,

1125 571 1152 594 sl
1169 575 1219 602 pro
1235 575 1307 594 zona
1324 567 1484 601 funiculus,

1125 607 1154 644 et
1170 611 1221 637 pro
1236 602 1377 644 crispanti
1394 603 1650 644 crine'callvitium,

1125 641 1154 675 et
1165 647 1221 675 pro
1237 639 1326 675 fascis.
1342 640 1480 675 pectorali
1494 639 1632 667 cilicium.

1090 674 1285 716 Pulcherrimi
1301 674 1419 716 quoque
1431 675 1486 716 viri
1502 675 1545 703 tui
1562 675 1660 711 gladio
1675 674 1786 709 cadent,

1125 714 1153 739 et
1168 711 1257 738 fortes
1272 711 1313 738 tui
1329 711 1358 738 in
1375 711 1484 746 praelia.

1090 747 1125 774 Et
1138 746 1310 783 mmrebunt,
1327 750 1414 782 atque
1430 747 1677 783 lugebunlrporlaa
1692 746 1756 782 ejus

1126 785 1155 810 et
1168 782 1312 819 (έιηαρά.
1330 781 1394 818 ipsa
1410 781 1491 819 urbs)
1507 781 1639 810 desolata
1655 783 1684 810 in
1698 781 1773 819 terra
1785 781 1883 819 sedebitI

1091 817 1239 854 (Cap.'lV.)
1256 818 1291 854 Et
1305 817 1526 854 apprehendent
1540 821 1652 854 septem
1669 818 1799 846 mulieres
1811 818 1884 845 virum

1164 862 1255 881 unum
1271 853 1301 881 in
1316 853 1363 882 die
1376 854 1428 882 illa
1440 853 1593 882 dicentes}

1051 893 1075 926 Β
1091 890 1199 918 Panem
1214 892 1349 926 nostrum
1365 891 1597 926 comedemus,et
1607 889 1789 918 vestimentis
1798 889 1886 918 nostris

1163 934 1178 953 ο
1202 933 1329 953 erlemur
1345 934 1351 953 :

1127 934 1333 998 tanfummodo
1348 962 1498 990 invocetur
1513 969 1618 990 nomen
1631 964 1717 990 tuum
1733 969 1815 998 super
1837 969 1886 994 nos,

1163 997 1245 1024 aufer
1259 998 1449 1033 opprobrium
1465 1000 1610 1031 nostrum,

1093 1032 1124 1060 In
1140 1033 1187 1074 die
1201 1032 1262 1074 illa,
1274 1032 1334 1074 erit
1347 1041 1467 1070 germen
1483 1033 1599 1062 Domini
1615 1034 1646 1061 in
1661 1032 1888 1070 magniﬁcentiset

1163 1069 1192 1096 in
1207 1068 1309 1105 gloria,
1350 1068 1362 1070 ”

1127 1107 1155 1145 et
1171 1105 1382 1145 fructusterrre
1398 1105 1544 1145 sublimis,

1127 1144 1156 1168 et
1170 1140 1326 1168 exsultatio
1343 1140 1389 1167 bis
1403 1141 1452 1176 qui
1470 1140 1571 1168 salvati
1589 1141 1698 1168 fuerint
1712 1140 1748 1167 de
1762 1138 1847 1168 Israel.

1092 1177 1126 1203 Et
1141 1176 1196 1204 erit
1212 1185 1219 1204 :
1236 1176 1338 1204 Omnis
1352 1176 1403 1212 qui
1413 1174 1539 1205 relictus
1554 1176 1643 1204 fuerit
1657 1176 1687 1204 in
1701 1176 1777 1210 Sion,
1791 1178 1816 1203 et
1832 1174 1888 1203 resi-

1163 1213 1240 1240 duus
1255 1212 1284 1240 in
1299 1212 1475 1246 Jerusalem,

1128 1251 1249 1285 sanctus
1264 1245 1524 1285 vocabitur,omnis
1539 1248 1590 1284 qui
1606 1248 1738 1285 scriptus
1754 1249 1796 1276 est
1808 1246 1833 1274 in
1846 1245 1889 1273 vita

1163 1284 1192 1311 in
1206 1283 1368 1312 Jerusalem
1375 1305 1381 1311 .

1091 1319 1117 1348 Si
1134 1320 1260 1348 abluerit
1276 1320 1419 1348 Dominus
1434 1320 1550 1347 sordem
1568 1318 1699 1347 filiarum
1715 1319 1792 1352 Sion.

1127 1358 1157 1383 et
1171 1356 1345 1391 sanguinem
1361 1355 1525 1383 Jerusalem
1541 1356 1646 1383 laverit
1661 1356 1697 1383 de
1712 1354 1804 1391 medio
1812 1353 1873 1391 ejus,

1128 1389 1350 1463 spiritu—{ndidi
1367 1394 1396 1419 et,
1410 1391 1514 1427 spiritu
1531 1391 1649 1419 ardoris
1664 1391 1717 1426 (Αι.
1739 1389 1889 1419 combustio-

1199 1435 1245 1455 nis
1262 1449 1268 1454 .

1199 1435 1268 1455 ωε).

1091 1464 1126 1491 Et
1138 1460 1253 1490 creabit
1265 1463 1408 1490 Dominus
1424 1470 1512 1498 super
1526 1470 1644 1490 omnem
1662 1463 1756 1490 locum
1772 1460 1864 1498 montis

1164 1499 1245 1531 Sion,
1260 1501 1290 1525 et
1306 1499 1354 1526 ubi
1372 1497 1523 1526 invocatus
1539 1502 1593 1529 est.
1611 1499 1720 1526 nubem
1736 1506 1784 1534 per
1796 1497 1870 1534 diem,

1128 1537 1157 1562 et
1172 1535 1285 1562 fumum
1302 1537 1331 1562 et
1346 1534 1531 1570 splendorem
1547 1534 1625 1570 ignis
1636 1533 1808 1570 ﬂammantis
1817 1533 1842 1560 in
1852 1539 1890 1559 no-

1129 1574 1174 1598 cte
1190 1580 1196 1597 :
1215 1579 1303 1606 super
1318 1569 1432 1598 omnem
1451 1571 1527 1598 enim
1545 1569 1671 1606 gloriam
1689 1569 1829 1606 projectio.

1094 1609 1128 1635 Et
1142 1606 1361 1634 tabernaculum
1379 1607 1435 1633 erit
1447 1606 1475 1633 in
1493 1605 1701 1634 umbraculnm
1718 1605 1772 1633 diei
1783 1605 1890 1634 abastu.

1127 1645 1154 1670 et
1170 1642 1199 1705 ip
1216 1642 1403 1683 securitatem
1419 1644 1447 1669 et
1462 1643 1688 1670 abscnnsionem
1708 1650 1726 1670 a
1747 1641 1851 1670 turbins
1869 1640 1891 1666 et

1163 1686 1180 1705 ο
1195 1686 1269 1705 mna.

1195 1686 1269 1705 uVla.

1128 1686 1273 1750 (023323.)
1290 1713 1419 1741 Cantabo
1432 1713 1488 1750 (At.
1504 1713 1570 1741 add.
1588 1714 1680 1750 nunc)
1693 1713 1794 1741 dilecto
1805 1718 1859 1740 meo

1163 1750 1310 1777 canticum
1328 1749 1469 1785 patruelis
1484 1749 1552 1784 mei,
1568 1749 1660 1777 vineas
1676 1757 1745 1777 sum.

1091 1785 1183 1812 Vinea
1199 1786 1274 1812 facta
1289 1787 1334 1812 est
1347 1785 1455 1812 dilecto
1471 1792 1535 1812 meo

1164 1822 1192 1848 in
1209 1829 1297 1849 cornu
1315 1820 1375 1848 filio
1390 1820 1456 1848 olei.
1657 1847 1660 1849 _

1091 1858 1129 1885 Et
1142 1857 1249 1893 sepivit
1262 1864 1327 1883 eam
1342 1859 1372 1884 et
1384 1856 1498 1893 lapides
1512 1856 1599 1892 elegit
1613 1864 1649 1884 ex
1664 1856 1725 1890 illa,

1128 1895 1157 1920 et.
1172 1893 1315 1928 plantavit
1330 1900 1393 1920 eam
1410 1893 1531 1920 electam
1547 1894 1568 1927 ι,

1092 1929 1127 1956 Et
1141 1928 1295 1956 aedificavit
1309 1928 1412 1955 turrim
1429 1928 1459 1956 in
1475 1928 1573 1956 medio
1589 1928 1665 1964 ejus,

1127 1967 1157 1992 et
1172 1963 1300 1992 torcular
1312 1964 1456 1992 exstruxit
1470 1964 1499 1991 in
1516 1972 1551 1992 ea
1566 1972 1573 1991 :

1092 2000 1123 2028 Et
1139 2000 1319 2036 exspectavit
1333 2002 1366 2027 ut
1380 2000 1486 2028 faceret
1501 2008 1584 2031 uvas,

1128 2038 1157 2063 et
1172 2035 1240 2064 fecit
1254 2035 1419 2063 labruscas.

1092 2071 1176 2100 Nune
1189 2079 1269 2107 ergo,
1286 2071 1464 2099 habitatores
1478 2070 1655 2104 Jerusalem,
1670 2072 1699 2098 et
1713 2069 1764 2097 viri
1778 2068 1853 2101 Jndl,

1124 2108 1254 2142 judicate
1267 2108 1344 2134 inter
1358 2115 1404 2135 me
1419 2109 1448 2134 et
1460 2108 1574 2135 vineam
1592 2114 1701 2134 meam.

1093 2144 1166 2177 Quid
1182 2146 1227 2171 est
1241 2143 1317 2178 quod
1334 2144 1421 2171 debui
1438 2143 1516 2170 ultra
1531 2143 1626 2170 facere
1637 2142 1728 2170 vinea

1129 2188 1211 2211 meas,
1226 2182 1256 2206 et
1271 2187 1327 2206 non
1345 2179 1397 2207 feci
1415 2179 1467 2214 (ΑΙ.
1485 2178 1614 2214 fecerim)
1629 2178 1677 2206 ei?

1091 2216 1133 2243 An
1150 2210 1406 2270 quidniigspectavi
1418 2210 1450 2242 ‘ul
1469 2215 1575 2243 faceret
1589 2210 1673 2246 uvas,
1689 2216 1718 2241 et
1732 2212 1796 2240 fecit
1809 2210 1891 2238 labru-

1199 2259 1278 2278 8085!

1092 2288 1125 2314 Et
1140 2295 1218 2314 nunc
1233 2286 1386 2323 ostendam
1402 2286 1484 2314 vobis
1500 2286 1569 2321 quid
1585 2293 1641 2323 ego
1655 2284 1758 2323 faciam
1774 2282 1853 2323 vitice

1127 2330 1208 2356 meae;
1225 2322 1356 2350 auferam
1373 2330 1471 2358 sepem
1484 2320 1591 2357 ej’ue,et
1601 2320 1657 2358 erit
1668 2321 1698 2348 in
1709 2320 1892 2358 direptipngltli

1126 2353 1242 2387 diruam
1260 2353 1417 2385 maceriam
1434 2353 1509 2393 ejus,
1532 2360 1562 2385 et
1585 2357 1641 2385 erit
1664 2357 1694 2384 in
1715 2353 1890 2384 conculcatio-

1197 2402 1274 2421 nem.

1090 2430 1125 2457 Et
1140 2437 1245 2465 ponam
1262 2437 1325 2456 eam
1343 2429 1487 2457 desertam
1504 2437 1511 2456 :

1127 2463 1183 2493 non
1200 2465 1364 2501 putabitur,
1381 2467 1410 2493 et
1426 2473 1483 2493 non
1500 2463 1627 2492 fodietur
1643 2472 1650 2492 :

1126 2503 1155 2529 et
1168 2500 1328 2529 ascenderit
1340 2509 1444 2537 vepres
1458 2504 1487 2529 et
1499 2500 1608 2537 spinae;
1847 2529 1852 2535 ,

1126 2540 1156 2565 et
1172 2537 1301 2600 mibibus
1318 2535 1474 2571 mandabo,
1490 2535 1527 2564 ne
1542 2536 1646 2572 pluant
1660 2542 1749 2570 super
1766 2539 1824 2560 eam
1846 2535 1891 2556 ιω·

1218 2581 1290 2600 rem.

1218 2581 1290 2600 rem.

1091 2608 1179 2635 Vinea
1196 2609 1274 2636 enim
1293 2607 1406 2635 Domini
1422 2607 1615 2641 exercituum,
1631 2607 1738 2634 domus
1753 2601 1834 2632 lsrael
1847 2600 1891 2627 θυῖε

1127 2646 1156 2672 et
1171 2644 1216 2671 vir
1229 2644 1318 2678 Juds,
1335 2651 1454 2679 germen
1470 2642 1641 2679 delectabile
1655 2642 1720 2677 ejus
1735 2648 1742 2668 :

1127 2682 1156 2707 et
1170 2678 1358 2716 exspectavit,
1375 2682 1407 2707 ut
1423 2679 1530 2707 faceret
1540 2678 1699 2714 judicium,

1127 2718 1156 2743 et
1171 2724 1237 2744 ecce
1252 2716 1393 2751 iniquitas
1409 2723 1417 2742 :

1128 2754 1157 2779 et
1167 2752 1328 2788 justitiam,

1128 2790 1157 2815 et
1171 2796 1237 2816 ecce
1251 2787 1372 2816 clamor.

1092 2821 1142 2851 Vas
1155 2823 1206 2860 qui
1222 2822 1401 2860 conjungitis
1415 2822 1536 2850 domum
1552 2821 1589 2849 ad
1605 2821 1736 2853 domum,

249 2897 257 2914 ι
275 2896 370 2934 Unum
387 2898 595 2934 Symmachum
612 2895 800 2925 transtulisse
816 2896 930 2924 electam
946 2896 1035 2924 tradit
1050 2896 1079 2926 S.
1096 2896 1179 2925 Pater
1193 2897 1223 2925 in
1239 2898 1416 2929 Comment.,
1433 2895 1483 2923 ubi
1509 2897 1538 2923 et
1562 2895 1694 2931 praeferre
1717 2892 1777 2929 ipse
1797 2888 1890 2916 videtur

214 2930 326 2959 vincam
338 2930 449 2962 Samio.
