1969 3087
71 175 115 203 837
668 173 775 200 LIBER
793 172 898 199 ISAIE
917 171 1126 199 PROPHETB.
1698 178 1751 208 838

69 235 269 273 Congregamini
285 234 395 270 populi,
413 236 439 261 et
455 234 608 273 vincimini
625 242 632 262 :

99 270 228 301 et'audite
243 272 381 298 universae
399 270 499 306 procul
516 274 598 298 terra:
614 278 621 298 :

69 307 272 341 Confortamini,
288 311 315 334 et
329 306 492 338 vincimini,

98 345 161 372 inite
175 343 336 375 consilium,
353 346 383 369 et
397 342 591 378 dissipabitur
606 350 613 370 :

98 379 240 416 loquimini
256 380 376 406 verbum
395 381 422 405 et
439 387 495 406 non
512 379 562 405 ﬁet
577 386 584 405 :

99 414 160 452 quia
174 414 322 452 nobiscum
338 417 425 452 Deus.

68 449 124 480 Haec
137 452 210 479 enim
226 450 266 477 ait
281 450 424 478 Dominus
440 449 474 476 ad
492 457 538 476 me
555 457 562 476 :

887 235 914 268 Α
964 233 1163 296 utsqptriigirmet
1177 233 1295 268 illud,et
1311 236 1478 265 corroboret
1492 237 1521 267 in
1533 239 1647 274 judicio
1662 243 1690 269 et.
1700 242 1753 278 ju-

999 277 1079 296 stitia

929 305 1037 332 Amodo
1053 290 1190 341 et’usque
1206 305 1233 333 in
1251 310 1464 343 sempiternum
1482 318 1488 337 :

964 342 1044 368 zelus
1058 342 1173 369 Domini
1190 342 1368 371 exercituum
1383 345 1464 372 faciet
1482 346 1546 373 hoc.

930 377 1153 414 Verbumjmisit
1168 377 1309 414 Dominus
1326 380 1354 407 in
1371 380 1470 414 Jacob,

965 416 994 440 et
1010 412 1114 440 cecidit.
1131 414 1158 439 in
1177 413 1275 441 Israel.

931 448 965 475 Et
979 449 1051 475 sciet
1067 449 1191 487 populus
1207 450 1302 477 Omnis
1320 450 1505 487 Ephraim,ct
1517 452 1686 485 habitantes
1701 457 1756 485 Sa-

99 489 167 515 sicut
181 487 207 513 in
226 486 291 513 forti
308 494 394 513 manu
412 485 538 512 erudivit
554 493 610 512 me.

99 532 130 551 ne
145 524 212 550 irem
228 522 256 549 in
272 522 317 549 via
333 521 433 557 populi
450 521 549 557 hujus,
564 522 663 548 dicens
681 529 687 548 :

99 559 155 587 Non
170 559 283 591 dicatis,
300 558 462 592 conjuratio
480 565 486 584 :

70 596 162 624 Omnia
177 593 251 621 enim
268 602 331 629 quae
347 593 477 628 loquitur
492 592 618 628 populus
632 592 698 625 isto,
714 593 876 627 conjuratio

164 633 218 660 est,

99 669 124 694 et
138 665 267 693 timorem
282 664 346 698 ejus
362 672 397 691 ne
415 663 551 695 timeatis,
565 672 660 699 neque
676 665 814 699 paventis.

70 702 210 730 Dominum
228 702 407 727 exercituum
424 700 521 734 ipsum
539 700 719 727 sanctificate
736 708 742 726 :

100 739 155 773 ipse
172 745 258 773 pavor
274 739 379 768 vester,
397 738 424 762 et
437 736 499 773 ipse
515 738 608 762 terror
622 739 727 763 vester.

70 775 98 801 Et
110 771 161 800 erit
172 771 207 799 ‘vo
215 772 258 799 bis
274 772 303 799 in
320 771 593 799 sanctilicationem.

100 810 128 837 in
141 808 262 844 lapidem
279 810 377 835 autem
393 807 603 844 oll'ensionis,et
618 807 647 834 in
663 809 774 843 petram
792 815 878 835 scan-

130 843 195 877 dali,
212 844 329 871 duabus
344 844 482 870 domibus
501 843 587 870 lsrael
605 851 612 869 ε

100 881 126 908 in
142 881 276 915 laqueum
293 883 321 906 et
338 879 367 906 in
394 880 509 906 ruinam
534 878 737 906 habitantibus
759 879 880 906 Jerusa-

133 916 198 943 lem.

72 953 100 980 Et
113 952 253 980 otl'endent
268 950 389 986 plurimi
405 958 440 978 ex
462 950 515 984 eis,
540 953 568 977 et
591 950 705 984 cadent,
730 953 758 978 et
782 952 881 978 conte-

133 990 239 1020 rentur,

101 1027 126 1051 et
140 1024 318 1054 irreticntur,
334 1024 362 1048 et
377 1022 539 1056 capientur.

75 1060 132 1095 Liga
146 1058 351 1086 testimonium
362 1058 424 1095 till.
437 1057 627 1095 testimonia),

102 1093 180 1131 signa
195 1095 288 1129 legnm
308 1094 335 1120 in
353 1093 507 1131 discipulis
524 1093 607 1131 meis.

73 1128 509 1166 EteispectaboDominum,qui
520 1129 674 1157 abscondit
686 1130 786 1157 faciem
800 1137 884 1157 suam

135 1165 250 1194 a’domo
267 1165 370 1196 Jacob,

102 1206 127 1230 et
140 1202 417 1238 prmstolaborreum‘.

75 1236 201 1273 Ecce'ego
212 1242 239 1265 et
252 1237 336 1273 pueri
353 1236 498 1271 mei.quos
514 1236 594 1263 dedit
609 1236 680 1263 mihi
698 1237 841 1264 Dominus
857 1236 887 1263 in

136 1274 260 1310 signum,
278 1276 307 1300 et
324 1273 352 1310 in
371 1275 538 1307 portentum
555 1273 608 1308 (Al.
621 1273 703 1307 signa
721 1275 809 1308 atque
825 1280 888 1308 por-

136 1308 225 1344 tenta)
243 1308 357 1344 Israel,
508 1343 531 1344 η
588 1343 591 1344 ν
708 1341 710 1343 .

106 1354 121 1372 a
134 1346 252 1373 Domino
264 1343 513 1379 exercituum,qui
525 1343 638 1371 habitat
654 1344 683 1371 in
700 1348 797 1372 monte
807 1344 887 1372 Sion.

76 1382 180 1409 Etcum
195 1381 323 1409 dixerint
339 1379 374 1406 ad
391 1387 440 1406 vos
455 1387 462 1406 :

76 1418 187 1449 Quarite
202 1426 218 1444 a
234 1415 427 1452 pythonibus,
442 1418 471 1452 et
484 1424 500 1442 a
517 1415 635 1449 divinis,
652 1415 702 1451 qui
718 1415 844 1443 strident
859 1415 889 1442 in

139 1451 388 1480 incantationibus
403 1451 466 1478 suis
483 1459 490 1478 :

76 1489 200 1525 Nunquid
218 1497 275 1516 non
294 1486 419 1525 populus
435 1495 452 1514 ε.
466 1491 523 1515 Deo
538 1496 591 1515 suo
607 1488 747 1524 requiret,

107 1522 154 1560 pro
169 1525 239 1552 vivis
254 1522 452 1560 ac’mortuisr?

79 1559 115 1588 Ad
130 1561 217 1597 legem
236 1560 344 1597 magis,
359 1561 388 1597 et
402 1559 437 1597 ad
455 1559 668 1597 testimonium.

79 1595 193 1631 Quod'si
209 1605 266 1624 non
281 1595 408 1623 dixerint
419 1595 504 1629 juxta
519 1596 639 1623 verbum
656 1595 720 1628 hoc,

108 1641 161 1660 non
175 1633 230 1660 erit
245 1632 289 1660 eis
307 1631 451 1658 matutina
466 1631 525 1658 lux.

79 1670 107 1695 Et
120 1668 252 1696 transibit
270 1675 321 1703 per
336 1675 411 1700 eam,

109 1707 135 1732 et
148 1706 271 1735 corruet,
288 1705 317 1730 et
332 1703 440 1730 esuriet
457 1710 464 1729 :

80 1739 108 1767 Et
121 1748 184 1767 cum
197 1739 346 1771 esurierit,
365 1738 517 1771 irascetur,

111 1778 137 1803 et
152 1776 309 1803 maledicet
325 1774 384 1810 regi
400 1782 465 1807 suo,
482 1776 511 1801 et
527 1775 582 1801 Deo
598 1782 664 1808 suo,

82 1811 111 1839 Et
125 1812 263 1845 suspiciet
278 1817 416 1842 sursum;

112 1851 138 1875 et
150 1848 183 1875 ad
198 1850 308 1875 terram
324 1845 497 1878 intuebitur,

82 1883 112 1910 Et
126 1891 187 1910 ecce
199 1882 354 1910 tribulatio
370 1884 399 1908 et
416 1881 550 1913 tenebras,

115 1918 263 1946 dissolutio
280 1921 310 1945 et
325 1917 471 1952 angustia,
488 1919 516 1943 et
531 1916 622 1952 caligo
639 1925 826 1952 persequens,
855 1938 857 1942 ι

116 1959 142 1982 et
157 1964 212 1982 non
230 1953 337 1988 poterit
350 1953 464 1980 avolare
480 1953 515 1979 de
531 1953 668 1988 angustia
684 1962 747 1980 sua.

84 1989 154 2024 (Cap.
169 1987 235 2025 IX.)
246 1990 345 2017 Primo
360 1987 640 2025 temporealleﬁata
655 1991 699 2016 est
715 1992 790 2016 terra
805 1988 899 2016 Zabu-

146 2026 204 2059 lon,
220 2029 248 2053 et
265 2029 342 2052 terra
359 2024 526 2060 Nephtbali,

114 2064 139 2089 et
153 2062 313 2089 novissimo
330 2059 485 2096 aggravata
496 2062 541 2087 est
551 2060 596 2087 via
608 2059 697 2088 maris
710 2062 788 2088 trans
796 2060 900 2088 Jorda-

148 2105 210 2124 nem
226 2096 352 2125 Galilzeaa
369 2097 512 2132 gentium.

84 2133 267 2169 Populus,qui
285 2131 455 2160 ambulabat
466 2133 494 2159 in
506 2131 635 2159 tenebris
646 2131 718 2159 vizlit
732 2131 826 2159 lucem
840 2139 902 2158 ma-

150 2177 233 2203 gnam
253 2177 259 2196 :

86 2202 283 2232 Habitantibus
299 2204 327 2231 in
345 2203 462 2239 regione
478 2202 586 2231 umbrae
604 2203 770 2236 mortis,lux
781 2205 844 2230 orta
858 2205 903 2231 est

152 2248 203 2268 elS.

89 2274 283 2311 Multiplicasri
299 2276 429 2311 gentem,

123 2309 177 2338 non
193 2310 391 2347 magniticasti
409 2309 551 2347 laetitiam.

90 2346 270 2374 ertatiuntur
286 2354 382 2373 coram
400 2349 427 2373 te
442 2346 518 2373 sicut
535 2346 668 2373 laetantur
683 2346 711 2373 in
728 2355 834 2378 messe.

121 2383 196 2410 Sicut
211 2382 567 2419 exsultantvictorest/tl.
582 2382 644 2409 add.
662 2384 746 2418 capta
761 2384 869 2419 praeda)

155 2420 272 2454 quando
289 2417 423 2445 dividunt
439 2418 544 2453 spolia.

90 2453 190 2489 Jugum
206 2455 284 2481 enim
302 2453 399 2481 oneris
414 2454 488 2487 ejus,
506 2457 532 2480 et
548 2454 658 2489 virgam
677 2453 789 2481 humeri
805 2455 880 2489 ejus.

123 2494 148 2517 et
163 2493 311 2524 sceptrum
327 2489 469 2517 exactoris
485 2489 549 2524 ejus
564 2490 800 2525 superasti,sicut
815 2490 844 2518 in
861 2490 907 2518 die

157 2526 281 2553 Madian.

93 2561 160 2592 Quia
175 2561 272 2588 omnis
288 2559 415 2587 violenta
430 2560 570 2595 praedatio
586 2569 651 2588 cum
668 2561 811 2595 tumultu,

124 2600 151 2624 et
164 2596 506 2633 vestimentumhmistum
521 2597 733 2633 sanguine,erit
747 2597 777 2624 in
793 2597 908 2626 combu-

159 2633 294 2665 stionem;
310 2634 338 2659 et
350 2631 434 2659 cibus
449 2632 535 2667 ignis.

96 2668 228 2695 Parvulus
245 2668 321 2696 enim
339 2671 424 2695 natus
440 2671 484 2695 est
500 2668 594 2703 nobis,

127 2706 154 2730 et
169 2704 245 2731 filius
260 2705 345 2731 datus
361 2706 405 2731 est
420 2703 515 2735 nobis,

96 2738 126 2765 Et
137 2739 229 2767 factus
245 2743 287 2767 est
299 2740 479 2775 principatus
492 2740 556 2775 ejus
567 2748 655 2775 super
666 2739 822 2767 humerum
834 2741 911 2775 ejus,

128 2777 155 2802 et
169 2776 317 2803 vocabitur
333 2784 439 2803 nomen
456 2776 531 2811 ejus,
556 2776 751 2811 admirabilis,
772 2776 910 2804 consilia-

163 2812 235 2843 rius,
252 2814 339 2845 Deus,
358 2812 448 2845 fortis,

131 2845 211 2882 Pater
227 2848 314 2875 futuri
328 2847 440 2880 surculi,
457 2847 592 2882 princeps
607 2847 698 2882 pacis.

99 2880 332 2919 Multiplicsbitur
346 2884 410 2918 ejus
425 2880 594 2919 imperium,

132 2919 159 2944 et
171 2918 251 2954 pacis
266 2928 320 2948 non
339 2920 395 2947 erit
410 2918 478 2946 finis
495 2926 501 2945 :

136 2960 221 2989 super
231 2954 334 2983 solium
342 2954 434 2983 David
446 2954 603 2989 eedebit,et
613 2962 700 2990 super
706 2962 829 2991 regnum
840 2955 914 2991 ejus:

1004 484 1140 518 marium,

968 519 997 547 in
1014 521 1152 557 superbia
1167 522 1195 548 et
1210 521 1413 557 magnitudine
1429 523 1524 552 cordis
1541 525 1668 556 dicentes
1685 536 1692 556 :

932 555 1048 583 Lateres
1064 556 1240 591 ceciderunt,

968 591 1019 619 sed
1037 592 1156 626 quadris
1172 592 1319 628 lapidibus
1334 594 1547 624 aedificabimus
1563 606 1570 625 :

932 629 1105 663 Sycomcros
1120 629 1315 663 succiderant,

970 664 1019 690 sed
1037 663 1139 691 cedros
1156 664 1392 693 immutabimus.

934 699 969 726 Et
983 699 1107 741 elevabit
1123 700 1262 741 Dominus
1280 701 1481 741 hostesRasin
1498 712 1587 739 super
1601 713 1680 741 eum,

971 738 999 762 et
1016 735 1151 763 inimicos
1167 736 1230 771 ejus
1247 737 1274 763 in
1292 738 1453 765 tumultum
1470 735 1584 768 vertet:

935 771 1046 806 Syriam
1064 772 1100 797 ab
1116 772 1237 805 oriente,
1254 775 1282 799 et
1299 773 1462 801 Pbitisthim
1479 777 1514 803 ab
1530 777 1701 806 occidente:

972 809 1000 834 et
1016 807 1197 834 devorahunt
1210 807 1297 835 Israel
1316 812 1375 836 toto
1391 818 1450 837 ore.

939 843 970 870 ln
986 842 1125 884 omnibus
1142 843 1187 870 his
1204 851 1260 871 non
1275 846 1318 884 est
1334 853 1454 873 aversus
1470 846 1551 875 furor
1565 849 1640 884 ejus,

975 879 1025 906 sed
1040 878 1135 905 adhuc
1152 887 1258 906 manus
1274 880 1338 914 ejus
1353 884 1479 909 extenta.

898 933 921 965 Β
936 917 968 945 Et
986 914 1110 965 polpulus
1128 923 1182 941 non
1201 919 1244 942 cst
1261 924 1391 943 reversus
1404 918 1439 944 ad
1459 920 1666 953 percutientem
1684 930 1725 957 se,

973 956 997 965 ’.ι
1041 959 1170 965 Αιηιηιιννς
1191 954 1367 965 Αυωνυιὲιιι..νκς
1389 962 1441 965 ...ρ--
1463 956 1540 965 ὶηκηξ
1565 956 1569 960 ·
1651 961 1655 965 .

973 951 1172 990 et.l)ominum
1190 954 1371 990 exercituum
1389 962 1449 990 non,
1459 951 1670 990 inquisierunt.

936 986 1134 1029 Etldispcrde-t
1152 987 1292 1029 Dominus
1309 989 1344 1014 ab
1358 989 1451 1029 istael
1469 986 1555 1029 caput
1572 995 1598 1018 et
1614 994 1749 1029 caudam,

974 1024 1175 1084 ίῃῗΙιξΓκ-ῆηὶοιῃ
1185 1025 1424 1058 etrct'rcnzintcm,
1436 1026 1488 1059 (ΑΙ.
1501 1024 1708 1062 depravantem
1721 1024 1764 1065 in)

1032 1066 1057 1084 ie
1074 1066 1141 1084 una.

1032 1066 1057 1085 le
1074 1066 1141 1084 una.

976 1097 1137 1134 Longaevus
1151 1092 1388 1134 et_honorabilis,
1404 1095 1467 1134 ipse
1482 1100 1527 1125 est
1541 1101 1630 1134 caput
1646 1109 1653 1128 :

975 1134 1003 1158 et
1019 1130 1160 1192 progbetu
1175 1130 1284 1157 docens
1302 1130 1497 1168 mendacium,
1514 1130 1635 1169 ipse-est

1011 1173 1065 1192 cau
1090 1173 1115 1192 a.

1011 1173 1115 1193 cauda.

941 1203 975 1230 Et
990 1204 1086 1241 erunt,
1103 1200 1154 1236 qui
1171 1200 1338 1241 beatificant
1354 1203 1493 1239 populum
1511 1205 1612 1241 istum,
1624 1207 1767 1236 seducen-

1013 1240 1073 1270 tes;
1090 1236 1185 1280 et_qui_
1201 1236 1404 1266 beatitican‘tur
1424 1240 1477 1275 (At.
1503 1241 1580 1269 beati
1604 1236 1767 1280 dicuntur),

1016 1276 1198 1308 przecipitati.

942 1309 1063 1348 Propter
1078 1308 1132 1348 hoc
1148 1315 1237 1348 super
1252 1308 1478 1339 adolescentulis
1490 1313 1554 1348 ejus
1571 1322 1627 1341 non
1652 1314 1769 1343 laetabi-

1014 1347 1063 1371 tur
1078 1343 1244 1371 Dominus:

979 1379 1202 1443 ettpppillorum
1226 1379 1300 1414 ejus,
1325 1382 1353 1408 et
1377 1381 1530 1411 viduarum
1555 1393 1613 1413 non
1644 1386 1768 1415 misere.

1036 1424 1044 1442 l
1063 1424 1097 1442 αι’
1114 1423 1120 1442 ἶ

1036 1423 1097 1442 ηυιι
1114 1423 1120 1442 ἶ

944 1451 1018 1483 Quia
1033 1451 1130 1490 omnis
1146 1450 1297 1490 hypocrita
1312 1453 1356 1479 est
1371 1455 1399 1479 et
1416 1461 1552 1490 nequam,

980 1490 1009 1514 et
1022 1487 1191 1514 universum
1207 1494 1240 1513 os
1253 1486 1381 1515 locutum
1398 1492 1442 1516 est
1457 1486 1624 1520 stultitiam.

945 1524 978 1551 In
995 1523 1133 1563 omnibus
1150 1523 1194 1550 his
1211 1530 1267 1550 non
1284 1526 1328 1563 est
1341 1532 1460 1552 aversus
1476 1526 1556 1555 furor
1568 1528 1644 1563 ejus.

981 1561 1029 1586 sed
1046 1559 1142 1586 adhuc
1158 1566 1262 1595 manus
1279 1560 1343 1593 ejus
1359 1563 1486 1595 extenta,

945 1596 1091 1622 Succensa
1106 1597 1150 1634 est
1165 1594 1242 1634 enim
1259 1597 1343 1630 quasi
1359 1596 1437 1634 ignis
1454 1594 1601 1634 impietas,

983 1638 1099 1667 veprem
1115 1630 1273 1667 etapiuam
1290 1630 1403 1659 vorabit
1419 1640 1425 1660 :

985 1665 1222 1705 et‘succendetur
1238 1665 1265 1693 in
1282 1666 1426 1705 densitate
1441 1669 1547 1705 saltus,

986 1705 1015 1730 et
1029 1702 1217 1730 convolvetur
1232 1703 1370 1737 superbia
1386 1704 1470 1732 fumi.

952 1738 982 1766 In
998 1738 1042 1766 ira
1057 1738 1175 1778 Domini
1188 1739 1366 1767 exercituum
1383 1740 1558 1770 conturbata
1573 1745 1616 1771 est
1630 1744 1682 1778 (Αι.
1706 1752 1776 1772 con-

1022 1774 1154 1808 tremuit)
1168 1775 1256 1807 terra,

988 1809 1229 1851 et_erit.populus
1244 1809 1330 1845 quasi
1346 1818 1412 1851 esca
1428 1812 1504 1848 ignis
1518 1821 1524 1841 :

955 1846 1004 1872 Vir
1021 1846 1101 1873 fratri
1118 1854 1171 1872 suo
1188 1853 1244 1872 non
1263 1848 1371 1880 parcet,

989 1881 1022 1908 Et
1037 1880 1195 1908 declinabit
1208 1881 1419 1917 adrdexteram,
1436 1885 1464 1910 et
1479 1884 1587 1912 esuriet
1604 1893 1610 1912 :

990 1922 1015 1944 et
1029 1917 1162 1944 comedet
1177 1917 1212 1943 ad
1229 1916 1392 1952 sinistram,
1408 1916 1436 1946 et
1452 1927 1508 1947 non
1525 1921 1708 1950 saturabitur
1723 1931 1730 1950 :

953 1953 1162 1988 Unusquisque
1178 1960 1295 1980 carnem
1313 1954 1423 1982 brachii
1439 1955 1484 1982 sui
1501 1957 1633 1984 vorabit:

991 1989 1138 2016 Manasses
1155 1988 1304 2023 Ephraim,

990 2028 1018 2051 et
1034 2024 1171 2059 Ephraim
1188 2026 1353 2055 Manassen,

991 2060 1079 2088 simul
1096 2060 1151 2095 ipsi
1169 2062 1270 2087 contra
1285 2060 1402 2088 .ludam.

956 2095 987 2123 ln
1001 2095 1140 2135 omnibus
1157 2095 1203 2122 his
1221 2104 1278 2122 non
1294 2100 1339 2135 est
1355 2105 1475 2124 avursus
1492 2097 1571 2126 furor
1586 2099 1660 2135 ejus,

992 2133 1042 2159 sed
1059 2132 1156 2158 adhuc
1173 2139 1277 2158 manus
1293 2132 1357 2166 ejus
1373 2136 1497 2160 extenta.

957 2167 1032 2204 (Cap.
1049 2167 1095 2200 X.)
1113 2167 1159 2194 Vm
1176 2167 1225 2202 qui
1241 2170 1372 2204 condunt
1387 2168 1465 2204 leges
1481 2170 1597 2204 iniquas
1614 2179 1621 2198 :

993 2206 1021 2231 et
1036 2203 1386 2244 scribentes,injii'stitiain
1398 2203 1580 2244 scripserunt
1593 2210 1624 2234 ut
1634 2207 1784 2243 opprime-

1030 2242 1095 2266 rent
1112 2246 1252 2275 pauperes
1269 2240 1297 2265 in
1309 2240 1434 2274 judicio,

994 2277 1022 2302 et
1037 2275 1094 2302 vim
1110 2276 1238 2314 facerent
1253 2282 1348 2314 causae
1364 2275 1519 2304 humilium
1536 2277 1636 2314 populi
1653 2279 1708 2306 mei
1727 2288 1733 2307 :

919 2306 942 2338 D
994 2313 1027 2338 ut
1041 2313 1140 2338 essent
1155 2311 1247 2337 Vidua:
1264 2311 1361 2346 przrda
1377 2320 1491 2344 eorum,

995 2350 1023 2374 et
1040 2346 1166 2382 pupillos
1182 2346 1350 2382 diriperent.

960 2381 1163 2416 Quid'facictis
1179 2381 1207 2408 in
1225 2382 1271 2409 die
1287 2382 1472 2417 visitationis,
1488 2385 1516 2411 et
1531 2384 1707 2414 calamitatis
1722 2386 1757 2414 de

1033 2418 1117 2453 longe
1133 2418 1298 2445 venientis?

997 2455 1031 2481 ad
1050 2456 1135 2488 cujus
1151 2453 1327 2489 confugietis
1340 2453 1504 2482 auxilium?

997 2493 1025 2517 et
1041 2489 1089 2516 ubi
1103 2489 1321 2526 derelinquetis
1331 2489 1454 2524 gloriam
1471 2493 1608 2526 vestram,
1626 2500 1661 2521 ne
1686 2492 1786 2520 incur-

1033 2525 1140 2552 vemini
1158 2525 1212 2552 sub
1228 2525 1353 2557 vinculo,

998 2563 1027 2588 et
1042 2569 1108 2588 cum
1126 2561 1285 2588 interfectis
1298 2560 1410 2588 cadetis
1421 2561 1435 2588 ?

964 2597 1058 2632 Super
1073 2597 1211 2634 omnibus
1227 2596 1272 2624 his
1289 2605 1346 2624 non
1363 2599 1407 2624 est
1422 2605 1540 2626 aversus
1554 2599 1635 2627 furor
1649 2599 1724 2634 ejus,

1000 2633 1049 2660 sed
1066 2633 1162 2660 adhuc
1178 2640 1284 2659 manus
1301 2633 1365 2667 ejus
1381 2635 1505 2660 extenta.

965 2669 1012 2706 Vae
1026 2670 1128 2701 Assur,
1144 2668 1224 2703 virga
1241 2669 1347 2706 furoris
1363 2669 1419 2706 mei
1435 2672 1463 2696 et
1478 2669 1601 2698 baculus
1617 2670 1690 2706 ipse,

1001 2705 1030 2746 in
1048 2712 1134 2731 manu
1150 2713 1251 2746 eorum
1266 2704 1429 2746 indignatio
1445 2713 1509 2732 mea
1527 2714 1533 2733 :

965 2741 1007 2768 Ad
1024 2743 1137 2773 gentem
1155 2739 1286 2767 fallacem
1305 2739 1416 2767 mittam
1433 2749 1511 2775 eum,

1003 2778 1032 2804 et
1047 2779 1147 2803 contra
1163 2776 1303 2812 populum
1321 2777 1427 2803 furoris
1444 2777 1500 2804 mei
1519 2776 1663 2805 mandabo
1677 2777 1731 2812 illi,
1758 2780 1791 2806 ut

1039 2812 1152 2839 auferat
1166 2811 1269 2846 Spolia,
1285 2814 1313 2839 et
1328 2811 1448 2847 diripiat
1464 2812 1603 2848 prmdam,

1003 2850 1031 2876 et
1048 2851 1135 2883 ponat
1150 2848 1231 2875 illum
1248 2848 1278 2875 in
1294 2848 1541 2876 conculcationem
1558 2848 1643 2884 quasi
1657 2849 1755 2878 lutum

1044 2883 1218 2911 platearum.

1075 2887 1218 2911 atearum.

1043 2892 1218 2920 piaiearum.

970 2920 1037 2955 Ipse
1051 2922 1150 2947 autem
1165 2927 1221 2947 non
1237 2918 1279 2946 sic
1295 2919 1499 2955 arbitrabitur,

1005 2958 1035 2983 et
1048 2963 1097 2984 cor
1110 2955 1175 2991 ejus
1191 2963 1248 2982 non
1264 2954 1307 2982 ita
1321 2954 1504 2984 existimabit
1520 2962 1527 2984 :
