1969 3087
80 123 128 153 849
690 126 798 153 LIBER.
817 124 881 152 18A}

968 121 1154 150 ΕΟΡΗΕΤΔΞ.

79 186 110 215 Et
123 186 197 214 dicet
211 186 357 214 habitator
372 186 476 215 insulis
492 187 583 223 hujus
600 187 629 215 in
646 187 692 216 die
706 187 757 215 illa
772 195 781 215 :

78 223 159 251 Eccce
173 223 233 260 haec
248 225 309 250 erat
323 231 392 258 spes
408 227 519 258 nostra,
528 222 563 251 ad
575 233 649 260 quos
665 223 854 259 confugimus
866 222 894 249 in

143 258 280 286 auxilium

111 296 140 321 ut
154 279 309 332 liberarent
323 302 375 332 nos
392 303 408 322 a
424 294 495 323 facie
511 295 589 332 regis
602 295 789 332 Assyriorum
805 302 812 321 :

109 333 135 358 et
149 330 290 365 quomodo
306 330 434 366 etl‘ugere
450 330 611 367 poterimus
627 330 680 359 nos
691 331 704 358 τ

273 387 368 417 ONUS
387 389 541 417 DESERTI
561 390 680 418 MARIS.

105 436 175 471 (Cap.
192 436 273 472 XXI.)
293 437 375 465 Sicut
405 438 538 467 turbines
566 439 601 467 ab
630 439 729 467 Africo
758 438 890 472 veniunt,

103 473 135 500 de
150 473 268 500 deserto
285 474 373 506 venit,
388 474 423 502 de
439 477 517 502 terra
531 475 677 503 horribili.

72 507 144 536 Visio
163 509 238 535 dura
255 510 392 537 nuntiata
407 513 452 537 est
469 511 541 538 mihi
557 519 563 538 :

72 545 120 578 Qui
135 543 304 582 incredulus
316 548 372 578 est,
388 546 546 574 infideliter
561 546 621 582 agit
637 554 644 574 :

134 580 226 618 etgqui
242 581 436 618 depopulator
452 585 507 618 est,
524 580 627 611 vast—at.

70 616 201 649 Ascende,
218 615 299 643 slain
312 626 320 650 ;

101 652 207 684 obside.
225 652 309 679 Mede
326 661 332 680 :

101 695 212 715 omnem
229 687 370 722 gemitum
387 689 452 724 ejus
467 697 584 717 cessare
599 689 664 717 feci.

69 722 213 758 Propterea
228 724 332 759 repleti
348 722 417 752 sunt
434 724 524 753 lumbi
542 725 599 753 mei
612 725 721 758 dolore,

99 759 231 794 angustia
249 760 383 795 possedit
398 769 444 788 me

99 795 170 831 sicut
185 796 324 830 angustia
340 797 533 831 parturientis
550 805 556 824 :

66 830 160 858 Corrui
176 838 241 858 cum
261 830 408 865 audirem,

95 867 285 895 conturbatus
302 876 367 895 sum
383 876 451 896 cum
468 868 607 896 viderem.

65 901 200 939 Emarcuit
215 911 267 930 cor
284 911 395 939 meum,

96 938 457 974 tenebrarstupefecerunt
474 948 519 967 me
535 948 542 967 :

64 972 178 1009 Babylon
197 972 307 1003 dilecta
322 983 384 1003 mea

94 1009 181 1045 posita
196 1013 241 1038 est
258 1010 333 1039 mihi
351 1012 381 1039 in
398 1011 585 1040 miraculum.

63 1047 130 1073 Pone
144 1054 292 1079 mensam,

93 1083 292 1117 contemplare
307 1081 335 1109 in
353 1083 472 1118 specula

92 1118 280 1146 comedentes
295 1121 323 1145 et
339 1118 485 1147 bibentes.

62 1151 177 1188 Surgite,
195 1154 360 1189 principes,

91 1189 205 1224 arripite
221 1190 373 1226 clypeum.

63 1225 119 1252 Hec
131 1226 206 1253 enim
226 1225 303 1253 mihi
320 1225 462 1253 Dominus
480 1234 487 1252 ι

64 1259 140 1293 Vade,
156 1264 184 1288 et
200 1269 279 1297 pone
295 1261 508 1297 speculatorem
525 1270 531 1288 ε

92 1269 140 1293 me,
156 1269 279 1324 etdpone
295 1269 508 1297 speculatorem
525 1270 531 1288 ε

92 1299 119 1324 et
132 1305 185 1331 quo
209 1305 330 1333 cunque
345 1297 458 1332 viderit,
474 1296 639 1325 annuntiet.

62 1330 90 1359 Et
104 1330 172 1360 vidit
186 1330 310 1361 currum
326 1330 455 1361 duorum
468 1334 614 1369 equitum,

91 1376 273 1396 ascensorem
289 1369 375 1403 asini,
392 1373 418 1397 et
434 1368 619 1397 ascensorem
636 1368 738 1396 cameli
759 1376 764 1395 :

62 1404 317 1441 Eteontemplatus
332 1408 377 1433 est
392 1404 547 1441 diligenter
561 1405 656 1432 multo
671 1404 791 1432 intuitu.

94 1439 123 1467 Et
138 1439 276 1468 clamavit
291 1441 335 1468 leo
351 1449 357 1467 :

910 188 936 220 Α
951 188 974 213 Δ
992 181 1338 223 faciaenimgladiorum
1354 182 1503 223 fugerunt,

988 229 1005 248 a
1020 219 1091 247 facie
1106 218 1194 254 gladii
1212 218 1406 247 imminentis.

988 265 1003 283 a
1020 255 1092 283 facie
1109 262 1196 282 arcus
1212 255 1333 287 extenti,

986 301 1002 319 υ.
1018 291 1090 319 facie
1106 290 1201 326 gravis
1214 290 1305 326 praelii
1324 298 1329 317 ί

984 325 1126 361 Quoniam
1142 326 1204 354 haec
1216 325 1290 353 dicit
1305 326 1450 354 Dominus
1465 327 1501 354 ad
1519 335 1562 355 me
1579 336 1586 354 ι

947 363 1051 392 Adhuc
1064 363 1092 389 in
1110 371 1167 390 uno
1184 370 1270 395 anno,

984 399 1068 434 quasi
1084 398 1112 426 in
1130 406 1206 425 anno
1223 397 1405 434 mercenarii,

982 433 1011 463 et
1027 435 1176 463 auferetur
1191 434 1288 461 omnis
1304 433 1398 468 gloria
1410 434 1511 461 Cedar.

981 473 1015 498 Et
1028 470 1158 506 reliquiae
1175 470 1289 497 numeri
1297 469 1517 505 sagittariorum
1525 470 1644 499 fortium
1657 472 1692 500 ds
1704 471 1772 500 filiis

945 507 1037 535 Cedar
1051 506 1266 534 imminuantur
1282 514 1288 532 τ

947 543 1087 571 Dominus
1102 543 1180 570 enim
1198 542 1274 569 Deus
1291 541 1380 569 Israel
1392 541 1509 569 locutus
1524 545 1579 570 est.

1142 599 1235 628 ONUS
1257 599 1387 627 VALLIS
1408 599 1574 628 VISIONIS.

980 650 1056 686 (Cap.
1074 648 1332 686 XXII.)rOuidnam
1349 649 1534 686 tibiquoque
1549 652 1604 684 est,

979 684 1047 722 quia
1065 685 1223 722 ascendisti
1240 687 1269 712 ct
1286 687 1318 712 tu
1334 684 1432 712 omnis
1449 684 1596 713 intecta?

978 721 1119 750 Clamoris
1136 721 1232 756 plena,

977 758 1048 785 urbs
1065 758 1215 792 frequens,

977 794 1080 821 civitas
1096 792 1248 820 exsultans
1265 800 1271 818 :

942 830 1085 858 [ntert'ecti
1107 830 1156 861 lui,
1176 837 1231 855 non
1249 827 1394 864 interfecti
1408 827 1518 864 gladio,

977 874 1027 893 nec
1046 865 1150 892 mortui
1170 864 1197 890 in
1216 863 1300 891 bello.

938 901 1041 930 Cuncti
1060 901 1207 936 principes
1224 899 1266 926 tui
1284 900 1422 935 fugerunt
1436 900 1537 935 simul,

975 939 1104 972 durcquc
1120 936 1201 971 ligati
1218 937 1288 962 sunt
1303 944 1310 968 ;

938 973 1046 1002 Omnes
1060 971 1109 1007 qui
1129 972 1237 999 inventi
1255 973 1334 1004 sunt,
1351 971 1439 998 vincti
1456 973 1526 999 sunt
1541 972 1658 1007 pariter,

974 1008 1072 1045 procul
1097 1010 1242 1043 fugerunt.

939 1045 1093 1080 Propterea
1111 1045 1166 1071 dixi
1184 1052 1190 1070 :

973 1078 1106 1109 Recedite
1123 1088 1139 1107 a
1156 1086 1213 1112 me,
1230 1086 1329 1106 amare
1346 1078 1419 1106 ﬂebo
1436 1087 1442 1106 :

974 1116 1063 1147 nolite
1078 1115 1296 1152 incumbereut
1312 1114 1505 1152 consolemini
1515 1123 1560 1143 me
1576 1124 1665 1152 super
1679 1117 1768 1145 vasti-

1008 1154 1067 1179 tate
1083 1151 1147 1182 filia:
1165 1150 1350 1187 populimei.

938 1188 1004 1216 Dies
1029 1188 1107 1215 enim
1134 1186 1357 1221 interi'ectionis,
1373 1188 1401 1214 et
1416 1187 1657 1222 conculcationis,
1673 1191 1700 1216 et
1717 1189 1766 1216 tle-

1008 1226 1105 1258 tuum,

972 1257 1102 1287 Domino
1115 1261 1169 1286 Deo
1183 1258 1363 1285 exercituum
1381 1257 1408 1285 in
1424 1258 1498 1286 valle
1515 1259 1655 1293 Visionis,

971 1298 1108 1324 scrutans
1125 1302 1254 1329 murum,

971 1335 1000 1360 et
1017 1331 1191 1367 magnificus
1207 1338 1296 1367 super
1313 1331 1453 1357 montem.

936 1368 970 1395 Et
985 1366 1212 1401 Elam’sumpsit
1226 1366 1393 1400 pharetram

972 1411 1090 1431 currum
1107 1401 1236 1430 hominis
1251 1401 1369 1436 equitis,

972 1442 1001 1468 et
1016 1439 1155 1474 parietem
1174 1438 1296 1474 nudavit
1311 1436 1440 1474 clypeus.

65 1474 151 1513 Super
164 1477 317 1512 speculam
333 1476 449 1504 Domini
465 1485 518 1513 ego
534 1478 699 1512 sum,stans
710 1475 822 1512 jugiter
833 1484 883 1512 per
936 1476 970 1503 Et
984 1472 1070 1513 erunt
1085 1474 1116 1502 eli
1131 1476 1181 1501 ctte
1198 1473 1289 1513 valles
1305 1472 1364 1500 ture
1378 1472 1470 1513 plenae
1499 1473 1708 1510 quadrigarum
1733 1477 1763 1503 et

129 1512 202 1539 diem
219 1522 226 1540 :

93 1549 116 1575 et
133 1556 217 1596 super
232 1548 400 1576 custodiam
416 1556 511 1576 meam
533 1556 586 1584 ego
610 1555 688 1580 sum,
706 1549 787 1575 stans
812 1547 882 1576 totis
897 1562 918 1596 ο

122 1585 264 1612 noctibus.

62 1617 121 1646 Ecce
135 1620 186 1647 iste
202 1619 284 1648 venit
299 1628 437 1648 ascensor
451 1620 495 1648 vir
510 1619 583 1655 biga;
599 1619 743 1655 equitum,

89 1657 114 1681 et
127 1656 288 1690 respondit,
305 1658 334 1684 et
349 1656 441 1690 dixit;

59 1689 153 1718 Cecidit
170 1689 310 1728 Babylon,

87 1728 218 1789 ettomnia
228 1726 388 1764 'sculptilia
403 1728 525 1756 deorum
540 1728 605 1763 ejus
620 1726 747 1755 contrita
759 1729 830 1755 sunt
844 1727 874 1754 in

129 1770 233 1789 errem.

129 1770 233 1797 errem,

58 1796 160 1826 Tritura
176 1796 248 1830 mea,
269 1801 298 1827 et
314 1798 365 1826 ﬁlii
383 1807 456 1826 areae
474 1806 543 1827 mea;
560 1799 579 1832 ‘,

87 1841 143 1869 quas
159 1835 256 1863 audivi
275 1843 291 1862 ε.
307 1835 428 1863 Domino
444 1834 627 1863 exercituum
645 1836 701 1862 Deo
717 1834 873 1869 lsrael,an-

120 1871 247 1899 nuntiavi
268 1871 360 1900 vobis.

350 1928 441 1957 ONUS
463 1931 574 1957 ΒΗΜΛ.

61 1975 96 2003 Ad
111 1984 153 2004 me
167 1977 277 2006 clamat
291 1986 325 2006 ex
337 1978 400 2005 Ssir
412 1987 420 2010 ;

62 2010 163 2046 Custos,
179 2014 246 2049 quid
265 2013 300 2041 de
316 2016 399 2042 nocte
411 2014 424 2041 ?

84 2051 190 2087 custos,
208 2049 282 2086 quid
297 2050 332 2078 de
348 2049 454 2078 nocte?

62 2082 128 2111 Dixit
141 2082 239 2114 custos
259 2093 268 2115 :

62 2120 136 2148 Venit
150 2129 234 2149 mane
248 2124 280 2149 et
296 2129 351 2149 nox
368 2130 374 2149 :

92 2155 114 2183 si
129 2157 269 2192 quaeritis,
287 2157 408 2193 quazrits
424 2165 431 2184 :

91 2193 299 2226 convertimini,
316 2193 424 2221 venite.

302 2250 397 2279 ONUS
418 2250 453 2278 IN
475 2250 619 2278 ARABlA.

64 2298 174 2338 ln_saltu
191 2300 229 2338 ad
245 2308 397 2338 vesperam
414 2299 577 2335 dormictis,

93 2336 119 2361 in
134 2336 248 2364 semitis
266 2336 419 2363 Dodanim.

66 2367 244 2399 Occurrentes
260 2371 370 2399 sitienti
387 2372 459 2399 ferte
475 2379 594 2406 aquam,

96 2406 141 2441 qui
156 2406 291 2435 habitatis
307 2411 417 2435 terram
430 2407 541 2439 Austri,

96 2449 157 2469 cum
171 2443 297 2478 panibus
312 2443 457 2472 occurrite
472 2442 607 2479 fugienti.

97 2546 103 2562 '
119 2547 267 2586 Nonibene
277 2549 418 2586 legiturin
428 2558 499 2577 mss.
509 2549 630 2582 libris,et
641 2550 701 2584 ﬁlia
711 2556 786 2578 arce
795 2557 880 2580 mea:

67 2588 125 2623 Qum
140 2584 168 2612 in
184 2585 269 2623 gebr.
284 2584 322 2613 sit
337 2591 370 2616 t2
385 2586 454 2623 ben,
464 2585 491 2612 id
517 2588 562 2613 est
584 2586 670 2619 ﬁlius.
685 2585 764 2623 Quod
781 2587 879 2623 autem

67 2616 172 2654 dicitur,
190 2621 297 2649 Tritum
313 2630 383 2655 mea,
398 2624 422 2649 et
437 2616 480 2656 fili
491 2629 565 2649 area
579 2616 658 2655 ineas,
666 2616 702 2648 ad
718 2621 879 2649 Jerusalem

67 2656 263 2691 apostropham
279 2658 390 2688 facit.et
407 2658 441 2684 ad
461 2657 602 2692 templum
620 2657 697 2691 quod
709 2657 738 2684 in
754 2665 821 2684 area
832 2657 881 2685 0r-

70 2696 111 2728 ne
119 2692 205 2728 situm
222 2695 284 2726 est;
303 2693 432 2728 dicitque
443 2693 479 2720 ad
492 2701 555 2720 eum
568 2701 574 2719 :
589 2693 611 2720 Ο
626 2692 788 2720 Jerusalem
800 2696 828 2721 et
836 2701 881 2728 po-

70 2724 128 2758 pula
143 2727 181 2754 illi
198 2724 296 2765 templi
314 2724 390 2763 mei;
406 2737 462 2756 non
481 2728 532 2765 tibi
549 2728 681 2756 videatur
696 2724 880 2756 incredulum

71 2764 214 2803 essequod
231 2764 298 2803 dixi,
315 2774 373 2793 non
391 2773 454 2792 mea
467 2764 544 2792 enim
562 2765 650 2792 verba
665 2767 746 2798 sunt,
758 2765 808 2792 sed
825 2765 881 2792 Do-

74 2799 148 2834 mini,
162 2802 226 2834 etc.,
239 2799 329 2829 ΜΑιιτ.

103 2832 113 2849 ²
126 2832 229 2863 Omnes
245 2845 314 2865 mss.
332 2836 447 2864 codices
472 2843 523 2872 pro
547 2835 582 2863 ad
605 2843 717 2872 aquam,
733 2835 843 2864 habent
856 2838 883 2863 et

76 2875 168 2903 "quam
183 2880 192 2898 :
220 2873 268 2899 sed
294 2873 323 2900 in
349 2871 480 2900 Hebraeo
491 2871 615 2907 legimus
630 2871 668 2899 ad
683 2879 780 2907 aquas,
797 2874 830 2900 ut
844 2873 884 2901 sit

77 2910 185 2934 sensus:
197 2908 233 2935 Et
244 2908 331 2937 lacum
340 2909 445 2944 faculis
459 2908 531 2936 inter
541 2907 607 2936 duos
618 2915 713 2935 muros
722 2907 757 2936 ad
767 2916 883 2936 servan-

974 1511 1089 1552 equit_es
1103 1511 1213 1552 ponent
1229 1509 1313 1551 sedes
1329 1517 1398 1552 suas
1410 1509 1442 1552 in
1454 1512 1553 1552 ‘porta.

938 1547 970 1575 Et
987 1544 1163 1575 revelabitur
1177 1545 1391 1580 operimentum
1405 1544 1500 1579 Judae,

972 1586 1000 1611 et
1015 1582 1125 1610 videbis
1140 1582 1168 1608 in
1184 1582 1231 1609 die
1247 1580 1298 1608 illa
1314 1581 1577 1608 armamentarium

967 1620 1073 1647 domus
1091 1617 1191 1646 saltus.

967 1655 1000 1683 Et
1017 1655 1162 1682 scissuras
1178 1652 1302 1680 civitatis
1321 1652 1406 1679 David
1423 1652 1648 1690 videbitis,quia
1664 1653 1762 1682 multi-

1002 1691 1115 1727 plicatae
1132 1691 1201 1717 sunt
1219 1697 1225 1715 :

930 1728 964 1755 Et
977 1723 1177 1763 congregastis
1192 1732 1283 1763 aquas
1300 1723 1417 1758 piscium
1433 1724 1590 1763 inferioris.

962 1765 991 1790 et
1006 1760 1109 1790 do'mo's
1123 1760 1285 1789 Jerusalem
1303 1760 1494 1794 numerastis,

965 1802 993 1826 et
1009 1797 1195 1826 destruxistis
1215 1797 1319 1823 domos
1336 1795 1370 1822 ad
1389 1796 1581 1825 muniendum
1597 1805 1726 1826 murum.

930 1837 963 1862 Et
978 1835 1074 1863 lacum
1093 1832 1203 1861 fecistis
1215 1833 1290 1859 inter
1305 1831 1380 1858 duos
1396 1840 1496 1859 muros

1020 1871 1054 1898 ad
1073 1877 1179 1905 aquam
1192 1869 1206 1905 γ’
1224 1867 1342 1905 piscinis
1359 1868 1488 1905 veteris:

966 1908 994 1934 et
1007 1914 1063 1934 non
1081 1903 1255 1941 suspexistis
1266 1903 1301 1941 ad
1317 1911 1383 1941 eum
1400 1903 1450 1939 qui
1467 1904 1575 1941 fecerat
1589 1911 1665 1941 eam,

966 1944 994 1970 et
1006 1938 1190 1978 operatorem‘
1205 1939 1320 1978 ejuside
1336 1938 1420 1974 longe
1437 1948 1494 1978 non
1511 1939 1638 1978 vidistis.

932 1978 964 2006 Et
978 1975 1094 2005 vocabit
1109 1976 1251 2004 Dominus
1269 1977 1344 2003 Deus
1359 1976 1542 2004 exercituum
1558 1975 1587 2003 in
1599 1976 1646 2004 die
1658 1975 1708 2004 illa
1718 1977 1755 2004 ad

1002 2014 1113 2046 ﬂetum,
1130 2015 1157 2040 et
1172 2012 1207 2039 ad
1224 2011 1387 2047 planctum,

966 2050 1001 2078 ad
1018 2049 1181 2082 calvitium,
1196 2050 1225 2075 et
1241 2047 1275 2074 ad
1291 2047 1442 2082 cingulum
1460 2048 1535 2074 sacci
1554 2056 1561 2075 :

930 2088 965 2114 Et
978 2093 1044 2114 ecce
1057 2085 1198 2121 gaudium
1215 2086 1244 2111 et
1259 2082 1370 2121 laetitia,

967 2118 1097 2150 occide—re
1112 2120 1229 2152 vitulos,
1247 2121 1273 2147 et
1286 2118 1423 2154 jugulare
1439 2119 1553 2147 arietes.

966 2157 1118 2186 comedere
1133 2163 1250 2189 carnes,
1265 2157 1294 2182 et
1309 2155 1409 2183 bibere
1423 2155 1523 2183 vinum
1542 2164 1549 2183 :

931 2193 1133 2234 Comedamus,
1148 2195 1174 2220 et
1191 2192 1347 2233 bibamus;

967 2238 1031 2257 cras
1047 2237 1124 2256 enim
1137 2235 1306 2255 moriemur.

891 2257 916 2288 Ῑ)
930 2266 966 2293 Et
982 2264 1109 2293 revelata
1124 2265 1205 2291 estin
1219 2263 1338 2290 auribus
1352 2262 1435 2296 meis,
1454 2262 1584 2290 Dominia
1600 2263 1691 2299 (Vulg.
1702 2271 1758 2291 vox

1004 2299 1132 2335 Domini)
1148 2299 1327 2335 exercituum
1341 2307 1346 2329 ;

932 2337 961 2365 Si
979 2333 1294 2370 diniitteturiniquitas
1304 2333 1453 2361 hwcvobis
1469 2333 1560 2363 donec
1576 2334 1757 2369 moriemini,

968 2372 1040 2400 dicit
1056 2371 1198 2399 Dominus
1214 2371 1290 2398 Deus
1305 2370 1496 2398 exercituum.

932 2410 997 2436 Haec
1012 2408 1084 2436 dicit
1098 2407 1242 2435 Dominus
1257 2407 1332 2434 Deus
1349 2406 1530 2434 exercituum
1544 2415 1551 2440 ;

933 2443 1178 2480 Vade,ingredere
1189 2443 1223 2470 ad
1240 2451 1306 2470 eum
1323 2441 1372 2477 qui
1388 2441 1501 2469 habitat
1513 2442 1542 2469 in
1557 2441 1756 2475 tabernaculo,

934 2552 986 2580 das
1000 2559 1090 2587 aqua:
1100 2559 1111 2582 ;
1140 2550 1200 2587 sive
1217 2549 1358 2585 piscinam
1372 2552 1498 2577 veterem
1516 2549 1706 2578 instaurastis
1721 2551 1757 2578 ad

935 2586 1042 2623 aquam
1061 2586 1233 2614 servandam
1241 2607 1247 2613 .
1263 2588 1353 2623 Mser.

970 2624 980 2640 ³
992 2625 1022 2651 In
1038 2626 1162 2658 utroque
1175 2623 1290 2658 Canone
1301 2621 1377 2648 Hebr
1397 2620 1479 2658 \jerit.
1492 2622 1623 2658 mutatur
1631 2621 1759 2658 genuina

935 2659 1091 2693 Scriptum
1108 2658 1193 2685 lectio
1210 2658 1237 2684 in
1256 2657 1333 2684 hunc
1349 2657 1468 2684 modum
1482 2657 1528 2684 :Et
1542 2657 1665 2693 revelata
1675 2661 1716 2685 est
1729 2657 1759 2684 in

934 2695 1048 2722 auribus
1064 2696 1142 2724 nmis,
1169 2694 1235 2721 dicit
1247 2693 1377 2720 Dominus
1391 2693 1571 2719 exercituum.
1588 2692 1711 2728 Insuper
1731 2696 1760 2721 et

936 2731 964 2758 in
975 2730 1201 2758 Cnrcassonensi
1216 2730 1249 2757 ad
1262 2729 1333 2756 titur
1348 2737 1399 2756 vom
1415 2730 1479 2763 post
1490 2728 1609 2756 revelata
1621 2729 1760 2757 est.Non-

936 2766 1007 2793 nulli
1025 2774 1096 2793 mss.
1115 2765 1228 2793 codices
1244 2773 1309 2792 cum
1328 2764 1449 2797 Vulgata
1463 2763 1575 2800 legunt,
1587 2772 1640 2792 vox
1649 2765 1762 2793 Domini

935 2803 1118 2830 exercituum.
1128 2801 1199 2829 Vide
1211 2802 1343 2829 eamdem
1360 2800 1486 2836 phrasim
1500 2808 1588 2835 supra
1601 2800 1629 2827 in
1640 2801 1758 2829 notisad

935 2846 1050 2865 versum
1068 2838 1248 2865 tricesimum
1267 2846 1331 2873 cnp.
1344 2845 1370 2870 v,
1383 2836 1441 2873 sive
1452 2836 1487 2863 ad
1504 2844 1620 2864 versum
1638 2845 1760 2873 nonum,

955 2873 1124 2937 1routnidiodie
1142 2873 1255 2902 numeri
1270 2872 1480 2901 versiculorum
1498 2875 1649 2908 ponuntur
1664 2873 1693 2901 in
1710 2874 1759 2901 Bi-

968 2918 1013 2937 ns.
1059 2918 1122 2937 ART.

968 2918 1013 2938 118.
1031 2918 1122 2937 MART.
