3938 6174
407 272 518 330 855
1449 265 1507 319 S.
1551 260 1952 318 HIERONYMI
1990 258 2243 313 DIVINA
2278 252 2776 309 BIBLIOTHECA.
3679 241 3768 299 856

478 400 537 454 et
566 393 876 454 perdidisti
906 407 1140 448 omnem
1172 389 1514 445 memoriam
1547 403 1773 444 eorum.
2089 384 2144 448 Α

409 459 716 528 Indulsisti
750 466 932 538 genti,
967 463 1230 526 Domine,
1263 460 1560 538 indulsisti
1587 459 1745 532 genti
1779 476 1793 514 :

482 533 1147 610 nunquidfglorificatus
1177 549 1240 610 es
1260 533 1289 588 ?

487 607 1014 682 elongastibmnes
1031 607 1529 682 terminosterrae.

417 678 684 747 Domine,
717 682 775 735 in
807 680 1083 749 angustia
1113 678 1520 749 requisierunt
1543 681 1619 743 te,

489 756 547 810 in
581 745 958 809 tribulatione
993 745 1316 806 murmuris
1342 748 1607 804 doctrina
1639 752 1741 801 tua
1771 745 1875 799 eis.

419 829 583 885 Sicut
629 841 757 896 quas
788 825 1046 894 concipit
1092 823 1197 892 (Al.
1232 820 1541 892 concepit),
1575 834 1708 874 cum
1756 814 2067 889 appropin-

563 895 846 969 quaverat
875 895 946 950 ad
985 901 1215 969 partum

494 962 722 1035 dolens,
755 962 1062 1022 clamat—in
1093 965 1394 1019 doloribus
1425 962 1552 1017 suis
1586 978 1598 1014 :

2243 394 2360 434 non
2387 377 2632 433 stabunt
2658 373 2777 429 luci
2806 376 2864 428 et
2892 371 3152 428 delubra.

2174 451 2388 507 Civitas
2418 448 2573 503 enim
2603 446 2850 514 munita,
2883 444 3145 501 desolata
3173 441 3300 506 erit,

2245 521 2510 594 speciosa
2541 513 2925 594 relinquetur,
2958 522 3014 571 et
3044 515 3374 569 dimittetur
3424 513 3582 584 quasi
3606 513 3765 568 deser-

2351 601 2475 646 tum
2507 592 2612 660 (Al.
2648 592 2902 656 deserta)
2937 604 2949 644 ι

2176 665 2257 722 Ibi
2292 654 2566 736 pascatur
2594 661 2833 727 vitulus,
2867 654 2926 736 et
2952 654 3396 736 ibi_a_ccubabit,

2248 731 2309 792 et
2332 741 2638 790 consumet
2667 731 3221 802 summitateszejus,

2180 810 2241 864 In
2274 807 2533 862 siccitate
2564 822 2789 860 messes
2821 804 2928 873 (Al.
2963 799 3198 871 messis)
3233 799 3389 854 Illius
3428 801 3772 866 conterentur,

2250 879 2522 936 mulieres
2552 877 2849 932 venientes
2881 883 2939 930 et
2969 877 3244 930 docentes
3273 887 3401 926 eam
3434 887 3447 924 :

2178 951 2302 1007 Non
2333 956 2424 1005 est
2453 948 2608 1004 enim
2645 947 2900 1020 populus
2929 946 3186 1020 sapiens,

496 1042 582 1096 sic
615 1038 752 1095 facti
784 1055 993 1094 sumus
1023 1055 1056 1093 a
1088 1037 1232 1092 facie
1263 1043 1383 1102 tua,
1419 1036 1684 1088 Domine.

422 1112 835 1183 Concepimus,
868 1117 926 1165 et
957 1109 1128 1182 quasi
1159 1107 1602 1179 parturivimus,
1635 1108 1692 1158 et
1736 1101 2072 1175 peperimus

565 1183 846 1254 spiritum
882 1199 895 1237 :

491 1250 714 1312 salutes
745 1270 860 1310 non
901 1250 1148 1307 fecimus
1177 1250 1234 1305 in
1264 1253 1416 1306 terra
1451 1266 1464 1305 :

423 1326 559 1383 Ideo
591 1343 707 1382 non
736 1325 1074 1380 ceciderunt
1121 1323 1484 1377 habitatores
1534 1326 1696 1375 terrae
1730 1317 1834 1386 (At.
1869 1315 2070 1386 orbis).

495 1399 703 1454 Vivent
733 1397 842 1467 (Αι.
875 1395 1092 1463 vivant)
1120 1396 1334 1449 mortui
1374 1394 1480 1461 tui,
1513 1389 1801 1448 interfecti
1838 1387 1949 1443 mei
1977 1402 2070 1442 re-

565 1466 808 1537 surgant
840 1469 940 1532 (Al.
974 1466 1304 1537 resurgant)
1340 1482 1352 1519 :

420 1530 909 1614 Expergiscimini
941 1544 999 1593 et
1029 1530 1262 1592 laudate
1282 1530 1379 1610 qui
1416 1534 1692 1591 habitatis
1716 1532 1772 1586 in
1796 1530 2030 1603 pulvere
2057 1546 2070 1584 :

495 1611 636 1685 quia
666 1629 761 1667 ros
793 1611 940 1685 lucis
972 1625 1068 1665 ros
1095 1616 1258 1685 tuus,

494 1679 552 1741 et
576 1691 791 1740 terram
825 1683 1129 1754 gigantum
1159 1680 1429 1736 detrahas
1459 1679 1527 1754 in
1552 1679 1803 1754 ruinam.

422 1759 580 1814 Vade
613 1751 868 1828 populus
891 1751 1091 1820 'meus,
1125 1755 1273 1808 intra
1306 1755 1363 1807 in
1398 1751 1671 1807 cubicula
1701 1757 1823 1819 tua,

498 1829 706 1885 claude
737 1829 887 1884 ostia
915 1833 1016 1881 tua
1047 1843 1224 1896 super
1254 1830 1328 1880 te.

420 1901 790 1958 Abscondere
822 1898 1112 1954 modicum
1147 1898 1213 1951 ad
1253 1901 1638 1963 momentum,
1693 1907 1708 1920 '

505 1974 692 2029 donec
725 1974 1089 2042 pertranseat
1112 1970 1458 2042 indignatio.

430 2044 573 2101 Ecce
601 2037 758 2099 enim
792 2042 1074 2098 Dominus
1103 2037 1435 2110 egredietur
1466 2040 1536 2093 de
1567 2037 1690 2094 loco
1717 2055 1845 2097 suo.

501 2122 566 2172 ut
601 2115 799 2170 visitet
848 2113 1223 2185 iniquitatem
1273 2112 1618 2167 habitatoris
1657 2117 1824 2167 terrae
1873 2116 2076 2168 contra

568 2203 706 2242 eum
744 2202 757 2239 ἒ

497 2261 556 2314 et
580 2255 861 2314 revelabit
890 2259 1046 2326 terra
1076 2255 1421 2326 sanguinem
1457 2269 1654 2320 suum,

497 2334 554 2386 et
580 2345 695 2384 non
720 2327 942 2398 operiet
973 2325 1138 2398 ultra?
1156 2325 1490 2398 interfectos
1523 2342 1681 2380 suos.

424 2401 582 2474 (Cap.
615 2399 940 2526 )éXVIIMn
965 2399 1059 2454 die
1085 2397 1183 2452 illa
1205 2397 1468 2452 visitabit
1489 2398 1775 2454 Dominus
1798 2399 1855 2454 in
1880 2398 2075 2470 gladio

496 2489 604 2526 suo
673 2487 800 2526 uro.

496 2489 604 2529 suo
630 2487 800 2536 auro,

497 2549 556 2600 et
586 2543 816 2615 grandi,
850 2545 908 2597 et
946 2541 1105 2610 forti,
1153 2555 1330 2611 super
1379 2540 1696 2597 Leviathan
1742 2549 2075 2616 serpentem

423 2622 667 2682 vectem,

497 2693 553 2744 et
583 2702 762 2759 super
795 2682 1095 2741 Leviathan
1131 2687 1457 2759 serpentem
1482 2688 1820 2759 tortuosum
1857 2703 1868 2744 :

501 2765 558 2816 et
587 2754 850 2814 occident
878 2761 1090 2821 cetum,
1124 2754 1313 2826 qui’in
1348 2755 1494 2810 mari
1526 2761 1615 2812 est
1649 2775 1662 2812 :

429 2832 492 2887 In
524 2830 618 2886 die
647 2829 748 2884 illa
777 2829 947 2883 vinea
973 2827 1117 2882 meri
1148 2827 1410 2882 cantabit
1441 2829 1512 2884 ei.

425 2907 542 2976 Ego
572 2901 860 2984 Dominus
891 2899 992 2984 qui
1020 2914 1189 2984 servo
1219 2916 1372 2964 eam,

495 2971 737 3046 repente
768 2971 1086 3046 propinabo
1119 2971 1166 3024 ei
1205 2988 1218 3025 :

497 3043 579 3102 ne'
601 3045 749 3100 forte
777 3043 1050 3098 visitetur
1078 3049 1278 3098 contra
1308 3059 1460 3114 eam,

426 3118 608 3174 Nocte
637 3122 697 3171 et
727 3115 822 3171 die
852 3130 1017 3169 servo
1046 3129 1196 3168 eam.

497 3187 832 3258 Indignatio
863 3191 1095 3258 nonest
1126 3186 1270 3240 mihi
1306 3203 1318 3239 :

426 3260 568 3326 Quis
598 3257 760 3331 dabit
793 3273 885 3313 me
913 3257 1145 3330 spinam
1179 3264 1235 3313 et
1265 3273 1496 3330 veprem
1529 3259 1585 3314 in
1621 3258 1817 3331 proelio
1838 3260 1866 3314 ‘P

497 3329 747 3404 gradiar
765 3329 1121 3402 super’eam,

498 3399 859 3458 succendam
885 3417 1012 3455 eam
1047 3399 1283 3470 pariter.

428 3477 515 3530 An
552 3473 757 3547 potius
780 3473 1001 3527 tenebit
1029 3472 1403 3547 (Al._tenebo)
1432 3472 1830 3529 fortitudinem
1868 3491 2078 3532 meam.

649 3544 824 3600 faciet
855 3560 1054 3615 pacem
1076 3543 1256 3615 mihi,

502 3633 706 3688 pacem
730 3613 913 3677 faciet
943 3613 1084 3688 mihi
1113 3616 1134 3668 ἒ

430 3686 540 3754 Otii
571 3688 955 3760 egrediuntur
983 3687 1215 3760 impetu
1239 3703 1274 3740 a
1301 3686 1481 3760 Jacoh
1516 3689 1556 3756 ί,

506 3757 752 3826 ﬂorebit,
787 3766 844 3814 et
893 3757 1248 3832 germinabit
1298 3757 1495 3827 Israel,
1529 3767 1582 3814 et
1629 3758 1962 3832 implebunt
1995 3760 2080 3817 la-

653 3835 798 3887 ciem
832 3832 992 3886 orbis
1023 3830 1264 3886 semine.

432 3904 712 3978 Nunquid
765 3905 935 4030 jgxta
990 3902 1222 3975 plagam
1281 3901 1614 3971 percutiens
1671 3919 1749 3968 se,
1793 3905 2085 3975 percussit

650 3991 784 4030 eum

650 3991 784 4031 eum

505 4051 607 4102 aut
635 4047 789 4103 sicut
815 4045 1024 4101 occidit
1054 4044 1390 4099 interfectos
1420 4043 1660 4114 ejus,sic
1691 4046 1921 4101 occisus
1950 4053 2084 4104 est?

432 4120 498 4174 In
531 4135 810 4175 mensura
840 4122 1042 4173 contra
1074 4132 1435 4186 mensuram,
1462 4133 1594 4171 cum
1629 4118 1855 4188 abjecta
1887 4120 2084 4188 fuerit,

645 4190 940 4260 iudicabis
971 4204 1099 4242 eam
1131 4205 1149 4260 γε

505 4259 823 4318 meditatus
855 4265 943 4315 est
974 4260 1032 4314 in
1053 4259 1264 4325 spiritu
1285 4275 1392 4314 suo
1410 4260 1556 4314 duro
1585 4275 1686 4330 per
1705 4260 1854 4316 diem
1879 4266 2080 4318 (estus.

435 4332 654 4388 Idcirco
689 4349 867 4400 super
897 4333 1003 4387 hoc
1036 4331 1272 4403 (ALhis)
1303 4330 1637 4386 dimittetur
1667 4332 1946 4405 iniquitas
1981 4335 2079 4390 do-

611 4405 733 4460 mui
762 4405 942 4461 Jacob
980 4421 992 4458 :

611 4422 733 4460 mui
762 4421 942 4461 J8000
980 4421 992 4458 ἒ

505 4479 562 4532 et
614 4477 740 4569 iste
780 4477 974 4532 omnis
1027 4474 1272 4542 fructus,
1307 4477 1372 4528 ut
1419 4473 1719 4529 auferatur
1774 4480 2074 4547 peccatum
2116 4505 2157 4569 υ

505 4565 792 4705 ουᾳῗξιῗιῗξ..
816 4619 978 4702 quia)
1008 4616 1271 4705 posuerit
1301 4633 1506 4672 omnes
1535 4616 1761 4690 lapides
1789 4618 1990 4676 altaris
2012 4621 2086 4676 si-

503 4697 605 4747 cut
638 4688 865 4766 lapides
895 4688 1110 4747 cineris
1140 4688 1362 4754 allisos,

543 4903 748 4984 ganon
799 4902 1278 4984 parcassonen'sis
1332 4905 1390 4956 et
1420 4901 1644 4972 aliquot
1674 4920 1816 4959 mss.
1852 4906 2082 4962 codices

430 4973 754 5050 Bibliorum
806 4975 1011 5050 legunt
1061 4981 1123 5028 ut
1154 4973 1421 5050 Vulgata
1453 4982 1655 5050 nostra
1708 4979 1934 5045 Latina,
1967 4982 2084 5050 Qui

431 5046 830 5118 ingrediuntur
859 5049 1069 5114 impetu
1098 5046 1171 5100 ad
1193 5047 1381 5102 Iacob.
1399 5049 1470 5101 At
1498 5049 1690 5102 Canon
1720 5053 1774 5102 S.
1809 5046 2082 5106 Germani

431 5133 466 5172 a
493 5119 698 5177 Prntis.
733 5135 841 5174 ms.
876 5118 1245 5174 Colbertinus
1291 5118 1632 5189 Aniciensis,
1660 5119 1846 5189 prima
1881 5138 2077 5177 manu.

430 5190 745 5261 Sanclique
777 5190 1028 5246 Victoris
1061 5191 1404 5245 Parisiensis
1437 5187 2081 5251 codexvetustissimns

432 5278 489 5345 η..
521 5261 628 5316 3‘79
662 5263 812 5345 πρίῃ
842 5263 1226 5345 condiuntur,
1261 5266 1368 5317 etc.
1404 5263 1608 5345 E_rrore
1655 5268 1849 5345 autem
1903 5265 2079 5345 libra:

431 5333 653 5388 riorum
689 5335 906 5390 factum
955 5339 1062 5399 est,
1116 5333 1226 5388 nisi
1275 5350 1379 5386 nos
1432 5333 1595 5389 fallat
1639 5336 1854 5403 opinio,
1909 5343 1970 5390 ut
2022 5337 2081 5393 hi

430 5420 635 5461 omnes
662 5407 814 5470 libri,
843 5423 994 5477 quos
1023 5403 1407 5477 inspeximus,
1439 5423 1554 5460 uno
1583 5412 1822 5477 excepto
1852 5411 1905 5461 S.
1942 5408 2078 5464 Ger-

431 5478 693 5532 manensi
720 5476 916 5534 nostro
940 5477 1216 5533 num.l64
1239 5476 1524 5546 scriptum
1555 5476 2078 5550 habeantadlacob,

429 5564 532 5617 pro
562 5567 595 5603 a
623 5551 994 5605 Jacob.Porro
1027 5556 1222 5604 textus
1243 5565 1409 5603 sacer
1433 5551 1822 5604 Commentar.
1857 5552 1910 5604 S.
1950 5552 2079 5608 Hie-

430 5621 655 5701 ronymi
688 5622 743 5701 in
781 5623 988 5701 Isaiam
1022 5621 1168 5701 satis
1197 5621 1512 5701 concordat
1551 5637 1681 5676 cum
1734 5627 1931 5677 nostra
1966 5624 2076 5678 leo-

430 5692 607 5764 tione.
633 5693 770 5764 quia
801 5693 1052 5764 legimus
1092 5692 1168 5746 ibi
1203 5692 1309 5747 hoc
1343 5694 1514 5749 modo
1547 5710 1560 5748 :
1596 5695 1702 5762 Qui
1725 5695 2082 5764 egrediuntur

433 5759 500 5814 de
527 5763 732 5815 Iacob:
769 5759 1018 5832 quorum
1056 5765 1357 5818 verborum
1393 5759 2078 5824 sensus'iste'est:Post-

433 5844 610 5898 quam
643 5835 886 5901 apostoli
910 5837 964 5889 in
1001 5840 1121 5892 toto
1144 5836 1281 5892 orbe
1303 5836 1676 5908 Evangelium
1700 5838 2078 5909 praedicantes

2107 1761 2156 1826 B

2254 1028 2556 1094 propterea
2590 1012 2703 1075 non
2728 1012 3131 1094 'misereb'itur
3155 1017 3304 1087 ejus,
3337 1012 3440 1094 qui
3481 1013 3608 1094 fecit
3633 1029 3773 1080 eum;

2359 1086 2415 1149 et
2444 1094 2543 1163 qui
2580 1092 2849 1148 formavit
2879 1107 3036 1154 eum,
3072 1086 3196 1144 non
3221 1089 3416 1159 parcet
3445 1086 3517 1140 ei.

2181 1167 2250 1222 Et
2280 1168 2391 1221 erit
2419 1165 2476 1219 in
2509 1165 2601 1218 die
2632 1164 2734 1218 illa

2255 1236 2538 1309 percutiet
2562 1236 2850 1291 Dominus
2881 1233 2952 1309 ab
3003 1232 3163 1287 alveo
3213 1227 3476 1284 ﬂuminis
3525 1243 3690 1299 usque
3723 1227 3775 1283 ad

2359 1315 2675 1363 torrentem
2693 1306 2963 1388 @gypti.
3142 1377 3152 1388 ,
3234 1316 3240 1321 ’

2181 1384 2240 1435 et
2267 1396 2366 1436 vos
2397 1369 2893 1452 congregabimini
2927 1391 3079 1430 unus
3105 1377 3162 1452 et
3192 1389 3370 1452 unus,
3406 1369 3592 1426 Israel.

2181 1453 2248 1507 Et
2277 1452 2388 1507 erit
2418 1452 2473 1505 in
2508 1445 2601 1506 die
2631 1451 2753 1514 illa,
2783 1449 3087 1519 clangetur
3116 1445 3354 1519 intuba
3380 1446 3678 1519 magna,iet
3702 1456 3777 1496 ve-

2360 1525 2524 1578 nient
2539 1523 2637 1594 qui
2661 1523 2870 1594 perditi
2912 1514 3142 1594 fuerant
3163 1517 3234 1571 de
3255 1521 3415 1594 terra
3442 1514 3777 1586 Assyriorum,

2181 1599 2240 1650 et
2271 1596 2369 1666 qui
2402 1589 2572 1663 ejecti
2597 1589 2850 1666 erantin
2882 1596 3036 1666 terra
3062 1589 3309 1660 Egypti,

2183 1673 2241 1723 et
2271 1658 2599 1721 adorabunt
2629 1665 2942 1720 Dominum
2970 1665 3029 1717 in
3063 1658 3264 1717 monte
3285 1662 3485 1715 sancto
3507 1658 3560 1712 in
3591 1658 3778 1712 Jerusa-

2188 1810 2342 1881 (Cap.
2365 1740 2638 1865 ξῧῗὺιιι).
2660 1807 2755 1862 Vas
2773 1822 2998 1881 coronae
3013 1802 3316 1881 superbiat
3336 1801 3510 1881 ebriis
3533 1797 3779 1881 Ephraim,

2361 1888 2419 1936 et
2445 1882 2568 1936 ﬂori
2592 1871 3108 1949 decidenti,gloria§
3130 1873 3538 1949 exsultationis
3566 1871 3782 1942 ejus,qui

2365 1959 2532 2036 erant
2559 1952 2620 2006 in
2651 1951 2862 2006 vertice
2892 1947 3062 2005 vallis
3111 1947 3537 2019 pinguissimae,
3566 1949 3780 1999 errantes

2184 2099 2326 2151 Ecce
2355 2041 2585 2150 aulide:
2633 2098 2692 2150 et
2737 2093 2904 2149 fortis
2949 2090 3232 2148 Dominus
3263 2089 3373 2163 (Al.
3411 2085 3648 2151 Domini,
3677 2100 3778 2140 cum

2367 2185 2503 2240 ueb.
2534 2168 2691 2244 9:15).

2257 2184 2694 2328 sicullermpelzg
2727 2251 3234 2328 grandinis,turbo
3268 2248 3644 2328 confringens,
3663 2246 3782 2328 sicut

2255 2319 2857 2400 impetus-aquarum
2920 2323 3235 2378 multarum
3301 2319 3692 2377 inundantium
3739 2321 3782 2371 et

2365 2397 2719 2455 emissarum
2755 2414 2932 2465 super
2962 2405 3173 2452 terram
3206 2397 3544 2465 spatiosam.

2187 2473 2477 2597 Pedlbgsh
2491 2460 2931 2554 conculcabitur
2981 2484 3196 2522 corona
3224 2460 3510 2538 superbia
3539 2460 3782 2518 ebriorum

2407 2561 2438 2597 n
2490 2559 2657 2597 raim.

2359 2544 2657 2614 Ephraim.

2185 2617 2256 2671 Et
2282 2615 2389 2670 erit
2408 2602 2528 2670 Illos
2559 2613 2834 2669 decidens
2870 2611 3068 2682 gloriae
3114 2607 3526 2682 exsultationis
3553 2608 3680 2682 ejus,
3708 2602 3784 2674 qui

2256 2693 2346 2743 est
2376 2703 2556 2758 super
2583 2685 2857 2749 verticem
2876 2679 3060 2758 'vallis
3089 2679 3589 2758 pinguium,qu_asi
3610 2682 3786 2748 tempo-

2367 2751 2610 2814 raneum
2644 2762 2780 2812 ante
2815 2751 3221 2810 maturitatem
3250 2751 3518 2808 autumni
3547 2767 3558 2806 :

2257 2831 2410 2902 quod
2445 2846 2578 2884 cum
2630 2827 3170 2902 aspexerit__videns
3205 2825 3407 2879 statim
3449 2828 3513 2878 ut
3543 2836 3696 2877 manu
3719 2823 3779 2873 te-

2364 2904 2577 2967 nuerit,
2609 2898 2910 2955 devorabit
2937 2898 3100 2953 illud.

2183 2976 2246 3028 In
2282 2974 2373 3029 die
2405 2974 2504 3028 illa
2533 2961 2643 3028 erit
2675 2971 2962 3046 Dominus
2991 2967 3357 3046 exercituum
3378 2961 3780 3046 coronagloriae,

2256 3050 2312 3099 et
2339 3051 2554 3100 sertum
2590 3042 2998 3099 exsultationis
3030 3040 3263 3096 residuo
3297 3039 3493 3111 populi
3522 3039 3605 3092 sui
3635 3051 3646 3089 :

2257 3121 2311 3170 et
2343 3118 2585 3186 spiritus
2610 3115 2816 3184 judicii
2853 3113 3074 3186 sedenti
3109 3110 3610 3186 super’ju’dicium,

2189 3197 2248 3244 et
2276 3183 2556 3243 fortitudo
2589 3183 3013 3241 revertentibus
3044 3184 3114 3240 de
3144 3183 3301 3240 bello
3333 3183 3402 3239 ad
3436 3188 3661 3254 portam.

2260 3260 2474 3314 Verum
2508 3260 2566 3314 hi
2601 3275 2835 3330 quoque
2868 3275 2980 3329 pra;
3011 3257 3145 3310 vino
3179 3255 3530 3320 nescierunt,

2261 3337 2318 3387 et
2352 3348 2463 3401 prae
2495 3331 2772 3386 ebrietate
2804 3332 3147 3384 erraverunt
3179 3344 3192 3382 :

2190 3396 2468 3459 Sacerdos
2500 3409 2555 3458 et
2589 3403 2870 3474 propheta
2901 3401 3238 3457 nescierunt
3274 3415 3390 3472 prae
3411 3396 3683 3455 ebrietate.

2263 3476 2523 3546 absorpti
2557 3473 2695 3530 sunt
2726 3491 2764 3546 a7
2785 3473 2942 3546 vino,

2263 3545 2603 3602 erraverunt
2629 3547 2688 3601 in
2720 3545 3019 3613 ebrietate,

2263 3619 2597 3674 nescierunt
2629 3619 2919 3672 videntem
2935 3661 2947 3680 ,

2262 3690 2680 3762 ignoraverunt
2702 3689 3018 3762 judicium.
3445 3755 3479 3762 Ἀ
3651 3747 3684 3762 __

2192 3751 2409 3818 Omunes
2437 3762 2590 3817 enim
2627 3751 2840 3817 mensa:
2874 3757 3102 3832 repletae
3134 3762 3280 3814 sunt
3307 3751 3784 3827 vomitu,sordium-

2370 3851 2500 3904 que,

2206 3941 2216 3948 ς
2262 3905 2344 3959 ita
2376 3901 2437 3960 ut
2467 3921 2582 3960 non
2612 3907 2766 3960 esset
2797 3902 2947 3958 ultra
2978 3901 3161 3958 locus.

2193 3978 2369 4042 Quem
2405 3977 2634 4032 docebit
2667 3975 2971 4031 scientiam
2993 3975 3021 4028 ?

2262 4055 2319 4103 et
2345 4065 2514 4120 quem
2550 4047 2879 4120 intelligere
2912 4046 3082 4120 faciet
3113 4043 3384 4120 auditum
3406 4043 3433 4097 ‘I

2263 4114 2586 4175 ablactatos
2617 4114 2837 4182 alac'te,
2873 4117 3107 4173 avulsos
3137 4117 3158 4152 ³
3188 4117 3263 4173 ab
3295 4114 3589 4172 uberibus.

2191 4191 2338 4256 Quia
2371 4193 2608 4257 manda,
2633 4191 2955 4257 remanda;

2268 4267 2502 4328 manda,
2529 4264 2844 4330 remanda;

2266 4339 2554 4407 exspecta,
2589 4338 2925 4406 reexspecta
2952 4352 2966 4397 ;

2265 4413 2555 4476 exspecta,
2588 4411 2924 4478 reexspecta
2951 4424 2965 4471 ;

2260 4473 2552 4533 modicum
2584 4479 2686 4546 ibi,
2725 4473 3024 4532 modicum
3059 4473 3163 4528 ibi.

2192 4549 2524 4622 Inloquela
2556 4545 2709 4605 enim
2740 4549 2900 4622 labii,
2924 4545 3212 4622 et_lingua
3241 4545 3422 4600 altera

2263 4619 2537 4689 loquetur
2568 4623 2635 4675 ad
2671 4620 2951 4692 populum
2988 4619 3187 4673 istum.

2193 4693 2294 4749 Cui
2329 4687 2510 4749 dixit:
2544 4687 2939 4765 Haec'requies
2967 4706 3119 4756 mea,
3153 4688 3374 4744 reiicite
3402 4687 3632 4749 lassum,

2192 4909 2462 4965 dixerint:
2499 4908 2798 4963 Faciemus
2829 4922 3028 4978 pacem
3062 4905 3516 4978 Christo,pacein
3545 4894 3778 4978 frtem???

2191 4982 2241 5038 ei
2278 4999 2291 5036 :
2325 4981 2421 5052 qui
2458 4982 2511 5035 in
2568 4967 3160 5052 excelsis'luerintde
3185 4967 3411 5052 semine
3455 4969 3635 5052 Jacob,
3659 4967 3774 5052 plin

2191 5037 2567 5124 apostolicam
2619 5049 2985 5124 pervenerint
3035 5049 3406 5124 dignitatem,
3448 5037 3779 5124 appgllttbﬁﬁj.

2191 5104 2836 5184 {.irh'nriacaa‘eie.
2890 5122 3037 5176 Hinc
3095 5104 3250 5187 CXX,
3302 5104 3406 5187 Qui
3452 5104 3775 5190 υὲἰιίιιηιᾜίέ

2189 5197 2366 5251 Iacob.
2401 5196 2522 5250 Non
2575 5182 2917 5249 omittamus
2950 5194 3148 5247 decem
3203 5182 3346 5246 mss.
3399 5187 3628 5247 codices,
3657 5182 3777 5233 inter

2191 5269 2481 5322 variantes
2514 5266 2792 5321 lectiones
2828 5266 2991 5320 Luca:
3026 5265 3361 5336 Brugensis,
3385 5261 3524 5336 hanc
3552 5253 3774 5336 cumulis“

2191 5341 2303 5409 giis
2336 5339 2538 5394 Bibliis
2570 5343 2985 5404 repraesentare
3016 5323 3322 5409 icctibnem
3345 5323 3370 5389 ’τ
3405 5332 3506 5409 Qui
3528 5323 3774 5409 egrediqu-

2191 5392 2577 5479 ljurﬂz’r—nprelaia
2608 5392 2786 5464 fac-ob.
2827 5407 3074 5463 Consule
3115 5408 3386 5463 adnotata
3408 5392 3502 5458 ‘ad
3549 5392 3682 5454 hunc
3709 5392 3772 5444 lo-

2192 5499 2322 5539 cum
2358 5482 2508 5552 npud
2543 5481 2796 5536 criticos.
2825 5481 3008 5536 Msa'r.

2261 5556 2282 5589 ²
2311 5535 2529 5609 Omnes
2561 5569 2702 5607 mss.
2735 5535 2803 5607 ex
2836 5535 3305 5623 pronuntiatione
3337 5544 3695 5623 librariorum.
3722 5535 3769 5623 vi

2191 5608 2486 5697 putamus,
2520 5629 2788 5696 corrupte
2816 5608 3019 5691 legunt
3048 5624 3396 5697 apulsoaprg
3424 5608 3770 5697 avulsocill’litic

2189 5686 2421 5752 versum
2475 5686 2787 5767 notatipse
2838 5686 3217 5766 Il‘i‘erony'mns
3270 5686 3764 5767 inﬂammantem]?

2191 5769 2323 5824 licet
2355 5757 2740 5840 exscriptores
2791 5767 2849 5823 in
2885 5769 3029 5823 duos
3050 5757 3242 5821 'uuum
3293 5763 3544 5818 dividant
3573 5757 3620 5810 in
3652 5761 3763 5806 mss.

2190 5841 2355 5897 codd.
2387 5841 2569 5897 MART.
