3938 6174
156 259 251 318 857
1371 261 1584 315 LIBER
1622 259 1836 312 ISAIE
1875 255 2297 314 PROPHETAE.

1808 387 1854 451 Α
1890 453 1926 456 _
1961 398 2066 456 nec
2090 381 2146 437 in
2179 381 2422 456 ungulis
2451 383 2574 439 suis
2600 383 2965 441 comminuet
2993 401 3150 452 eum,

216 388 264 440 et
294 383 398 457 hoc
423 386 508 438 est
538 383 1135 457 meum‘refrigerium
1164 400 1178 439 :

216 462 268 513 et
298 456 600 511 noluerunt
631 455 853 510 audire.

155 536 213 587 Et
239 529 344 584 erit
373 528 455 582 eis
481 527 723 582 verbum
759 527 994 584 Domini
1021 544 1034 583 :

220 599 437 667 Manda,
470 601 749 654 remanda
775 617 789 666 ;

217 672 440 740 manda,
472 673 793 739 remanda;

215 750 489 814 exspecta,
519 748 855 814 reexspecta
880 762 893 812 ;

214 821 489 886 exspecta,
523 821 855 887 reexspecta
882 834 896 883 ;

217 887 493 942 modicum
529 887 628 955 ibi,
665 885 958 941 modicum
993 885 1108 940 ibi:

153 960 216 1016 Ut
243 960 466 1023 vadant,
497 963 553 1012 et
582 961 793 1014 cadant
823 965 1171 1025 retrorsum,

214 1036 266 1085 et
309 1035 681 1085 conterantur
726 1035 766 1097 ¹,
801 1037 857 1085 et
887 1029 1302 1101 illaqueentur,
1341 1026 1774 1101 etfcapiantur.

155 1103 370 1172 Propter
419 1102 525 1156 hoc
557 1103 754 1158 audite
786 1099 1027 1157 verbum
1062 1101 1291 1156 Domini
1323 1100 1431 1154 viri
1482 1099 1777 1172 illusores,

213 1170 303 1246 qui
327 1173 704 1247 dominamini
730 1191 906 1247 super
927 1173 1210 1247 papulum
1237 1188 1458 1238 meum,
1481 1171 1579 1243 qui
1606 1177 1693 1227 est
1717 1170 1773 1225 in

273 1245 619 1312 Jerusalem,

153 1316 371 1372 Dixistis
401 1317 558 1372 enim
586 1334 599 1372 :

213 1388 574 1444 Percusimus
608 1390 797 1445 fmdus
827 1406 961 1444 cum
997 1397 1203 1452 morte,

209 1466 258 1515 et
285 1477 412 1534 cum
449 1460 679 1534 inferno
711 1460 957 1517 fecimus
990 1467 1244 1534 pactum.

151 1531 446 1604 Flagellum
473 1533 773 1588 inundans
803 1551 935 1589 cum
958 1530 1281 1603 transierit,
1314 1547 1428 1585 non
1462 1530 1654 1586 veniet
1677 1547 1774 1584 su-

313 1621 372 1659 er
403 1621 508 1660 DOS
538 1622 551 1659 Ζ

313 1621 372 1659 er
403 1621 508 1660 nos
538 1622 551 1659 :

207 1621 333 1746 quia
359 1677 666 1747 posuimus
700 1677 1072 1732 mendacium
1096 1693 1257 1748 spem
1291 1679 1578 1741 nostram,
1609 1677 1666 1730 et

275 1749 576 1804 mendacio
611 1749 850 1819 protecti
883 1765 1110 1806 sumus.

148 1817 344 1874 Idcirco
371 1821 489 1875 hac
524 1817 665 1874 dicit
692 1821 978 1876 Dominus
1007 1821 1197 1875 Deus:

148 1889 272 1962 Ecce
299 1906 400 1962 ego
434 1893 666 1946 mittam
699 1893 754 1947 in
793 1893 1185 1947 fundamentis
1215 1891 1349 1946 Sion
1384 1891 1661 1960 lapidem,

204 1961 442 2036 lapidem
461 1965 797 2036 probatum,
816 1964 1182 2036 angularem,
1200 1963 1545 2036 pretiosum,
1566 1962 1623 2016 in
1645 1962 1771 2036 fun-

270 2033 546 2109 damento
572 2037 877 2109 fundatum
898 2033 1010 2109 (At.
1031 2033 1342 2091 fundatum
1361 2033 1768 2102 fundamenti).

208 2105 304 2169 Qui
333 2107 670 2177 crediderit,

211 2194 313 2233 non
347 2180 585 2234 festinet
615 2180 661 2244 ³,

150 2247 207 2303 Et
234 2266 434 2320 ponam
464 2251 764 2322 judicium
798 2250 855 2306 in
892 2252 1165 2323 pondere,

206 2323 572 2392 etjustitiam
607 2323 664 2377 in
699 2339 1008 2378 mensura:

146 2395 208 2447 Et
234 2396 526 2450 subvertet
559 2395 779 2466 grando
811 2411 974 2467 spem
1010 2393 1290 2467 mendacii
1318 2407 1334 2448 :

205 2469 254 2519 et
282 2467 699 2537 protectionem
733 2466 897 2537 aquae
929 2466 1328 2520 inundabunt.

145 2537 200 2590 Et
223 2537 504 2594 delabitur
531 2539 719 2593 fcedus
749 2543 1007 2592 vestrum
1040 2554 1174 2592 cum
1209 2541 1414 2604 morte,

202 2613 250 2662 et
279 2616 510 2681 pactum
550 2614 809 2665 vestrum
847 2627 980 2664 cum
1012 2609 1240 2663 inferno
1276 2626 1390 2664 non
1423 2607 1644 2664 stabit:

146 2678 433 2753 Flagellum
463 2683 769 2736 inundans
801 2699 932 2736 cum
968 2681 1288 2751 transierit,

204 2753 349 2809 eritis
375 2753 430 2808 in
466 2753 996 2810 conculcationem.

148 2823 610 2898 Quandocunque
659 2827 957 2898 (At.icum)
992 2821 1614 2898 pertransier‘it,ptollet
1643 2839 1771 2898 vos,

209 2898 470 2968 quoniam
513 2894 688 2953 inane
718 2894 1392 2968 diluculo—pertransibit
1423 2895 1479 2949 in
1513 2895 1604 2949 die
1634 2894 1772 2948 etin

275 2975 454 3037 nocte,

144 3043 190 3093 et
203 3041 411 3097 tantum
429 3041 611 3097 modo
626 3039 750 3096 sola
764 3040 986 3096 vexatio
999 3038 1357 3096 intellectum
1374 3037 1533 3092 dabit
1549 3037 1773 3093 auditu.

3439 262 3545 317 858

1888 453 1957 509 Et
1989 454 2093 509 hoc
2125 472 2157 509 a
2189 453 2435 511 Domino
2466 456 2487 491 ²
2524 458 2634 511 l)eo
2663 458 3023 514 exercituum
3056 457 3250 515 exivit.

1961 531 2026 580 ut
2055 528 2324 601 mirabile
2356 529 2572 583 faceret
2596 529 2932 601 consilium,

1958 604 2014 652 et
2048 599 2452 670 magnificaret
2473 600 2788 671 justitiam.

1887 668 2043 741 (Cap.
2075 668 2305 741 XXIX.)
2332 671 2426 725 Vae
2460 668 2610 727 Ariel
2645 673 2871 742 civitas,

1959 757 2137 814 quam
2163 743 2520 814 expugnavit
2555 745 2724 798 David
2755 761 2768 798 :

1887 813 2134 868 Additus
2165 813 2255 869 est
2286 813 2476 870 annus
2505 816 2575 870 ad
2610 832 2873 871 annum:

1959 884 2358 942 solemnitates
2390 886 2628 942 evoluta:
2662 893 2822 942 sunt.

1885 955 1955 1011 Et
1983 958 2433 1013 circumvallabo
2463 959 2612 1014 Ariel
2626 1003 2639 1024 ,

1956 1034 2012 1084 et
2040 1031 2150 1084 erit
2182 1031 2365 1086 tristis
2396 1036 2454 1084 et
2487 1046 2761 1099 mmrens,

1955 1105 2012 1156 et
2037 1101 2147 1156 erit
2177 1103 2318 1157 mihi
2351 1102 2517 1172 quasi
2543 1102 2715 1157 Ariel.

1883 1175 1953 1230 Et
1983 1174 2357 1248 circumdabo
2387 1173 2556 1245 quasi
2593 1174 2883 1245 sphmram
2918 1175 2977 1229 in
3011 1175 3258 1230 circuitu
3294 1178 3417 1248 tuo,

1955 1250 2012 1328 et
2035 1246 2252 1328 jaciam
2287 1252 2490 1328 contra
2521 1251 2576 1300 te
2597 1262 2889 1328 aggerem:

1952 1322 2009 1373 et
2037 1319 2404 1373 munimenta
2433 1317 2655 1390 ponam:
2681 1317 2736 1372 in
2769 1317 3138 1373 obsidionem
3169 1322 3355 1373 tuam:

1883 1390 1966 1446 Hu
1980 1390 2322 1456 miliaberis,
2355 1389 2445 1444 de
2461 1396 2615 1444 terra
2645 1389 2924 1461 loqueris.

1952 1468 2009 1518 et
2040 1464 2109 1516 de
2141 1462 2319 1517 humo
2351 1461 2624 1534 audietur
2653 1461 2952 1534 eloquium
2980 1464 3187 1516 tuum:

2028 1538 2092 1588 Et
2121 1534 2230 1588 erit
2261 1533 2429 1604 quasi
2463 1533 2742 1605 Pythonis
2766 1533 2835 1587 de
2858 1539 3011 1588 terra
3041 1550 3149 1589 vox
3178 1537 3301 1601 tua,
3325 1534 3396 1591 de
3417 1534 3529 1590 hu—

2024 1606 2448 1677 moreloquium
2484 1611 2650 1660 tuum
2685 1605 3040 1660 mussitabit.

1881 1677 1946 1732 Et
1967 1677 2077 1731 erit
2098 1676 2250 1732 sicut
2267 1675 2456 1749 pulvis
2479 1678 2670 1732 tenuis
2695 1677 3005 1732 multitudo
3023 1675 3430 1734 ventilantium
3445 1681 3519 1734 te:

1802 1762 1846 1825 Β
1949 1752 2005 1803 et
2036 1750 2189 1825 sicut
2222 1748 2414 1804 favilla
2448 1749 2842 1825 pertransiens
2869 1748 3190 1806 multitudo
3213 1765 3416 1806 eorum

1957 1821 2054 1892 qui
2087 1826 2288 1876 contra
2318 1827 2370 1876 te
2407 1821 2867 1888 przevaluerunt:

1953 1893 2181 1964 eritque
2207 1898 2440 1964 repente
2472 1894 2803 1948 confestim.

1880 1965 1927 2020 A
1962 1962 2204 2020 Domino
2251 1962 2610 2020 exercituum
2672 1963 3012 2020 visitabitur
3043 1962 3100 2018 in
3161 1964 3442 2035 tonitruo,
3475 1968 3532 2020 et

2025 2037 2416 2091 commotione
2447 2041 2612 2091 terra:

1953 2111 2008 2163 et
2040 2125 2174 2163 voce
2209 2124 2424 2180 magna
2449 2107 2706 2163 turbinis
2738 2110 2795 2180 et
2827 2107 3218 2180 tempestatis,

1953 2185 2009 2235 et
2037 2181 2271 2252 flamma
2309 2179 2470 2252 ignis
2495 2179 2844 2252 devorantis-

1882 2251 1950 2306 Et
1980 2251 2089 2308 erit
2113 2251 2264 2306 sicut
2287 2248 2579 2308 somnium
2614 2251 2857 2306 visionis
2881 2253 3180 2305 nocturnae
3213 2248 3528 2306 multitudo

2023 2323 2287 2449 oAmnlium
2321 2323 2608 2397 gentium,
2633 2339 2758 2395 qua:
2790 2322 3215 2378 dimicaverunt
3233 2326 3455 2378 contra.

2075 2411 2153 2449 ne
2182 2437 2196 2449 .

2021 2394 2196 2462 Ariel,

1951 2473 2004 2520 et
2033 2483 2236 2521 omnes
2261 2466 2358 2537 qui
2386 2465 2811 2535 militaverunt,
2837 2470 2892 2522 et
2917 2466 3289 2537 obsederunt,
3313 2468 3368 2519 et
3391 2480 3530 2534 pra-

2021 2539 2328 2593 valuerunt
2356 2538 2639 2593 adversus
2664 2553 2815 2593 eam.

1884 2609 1951 2663 Et
1982 2609 2135 2664 sicut
2167 2609 2421 2664 somniat
2452 2610 2748 2674 esuriens,
2777 2615 2832 2663 et
2863 2609 3139 2676 comedit,

1954 2695 2084 2734 cum
2119 2686 2312 2736 autem
2349 2681 2521 2754 fuerit
2549 2681 3012 2754 expergefactus,

1953 2767 2133 2835 vacua
2165 2757 2253 2835 est
2283 2753 2480 2834 anima
2501 2754 2668 2835 ejus:

1953 2835 2009 2878 et
2040 2825 2192 2880 sicut
2214 2826 2470 2878 somniat
2502 2822 2726 2890 sitiens,
2760 2827 2817 2879 et
2837 2822 3008 2878 bibit.
3519 2855 3524 2860 -

1952 2901 2010 2967 et
2026 2902 2366 2967 postequam
2389 2892 3526 2967 fueritexpergefactns(ALevigilaverit),

1953 2966 2146 3023 lassus
2179 2966 2369 3022 adhuc
2402 2968 2546 3035 sitit,

1954 3044 2010 3094 et
2035 3040 2233 3094 anima
2262 3041 2391 3110 ejus
2418 3055 2599 3095 vacua
2629 3043 2748 3093 est:

145 3115 604 3201 Cnangusotatum
639 3119 726 3168 est
759 3115 1118 3201 in_stratum,
1141 3112 1222 3167 ita
1254 3117 1317 3194 ut
1344 3112 1491 3166 alter
1520 3111 1768 3201 decidat,
1802 3133 1844 3201 ρ
1883 3111 1975 3166 Sic
2007 3107 2464 3201 erit.mu_1t'itudo
2497 3111 2759 3201 omniqm
2794 3107 3054 3201 gentium

204 3189 253 3238 et
280 3183 525 3256 pallium
578 3186 747 3240 breve
780 3188 1094 3256 utrumque
1137 3183 1364 3256 operire
1397 3199 1508 3238 non
1561 3189 1766 3256 potest.

143 3253 457 3313 Sicut’enim
518 3256 578 3311 in
615 3262 811 3312 monte
842 3253 1191 3313 divisionum
1226 3255 1406 3310 stabit
1441 3253 1765 3311 Dominus:

204 3329 343 3400 sicut
372 3330 430 3385 in
460 3328 638 3398 valle,
673 3345 797 3400 quae
839 3334 927 3384 est
955 3330 1014 3384 in
1048 3329 1304 3398 Gabaon,
1346 3328 1652 3394 irascetur,
1705 3332 1770 3382 ut

206 3399 365 3474 faciat
395 3418 555 3474 opus
586 3399 788 3474 suum,

203 3471 450 3528 alienum
480 3489 638 3545 opus
671 3473 833 3543 ejus:

206 3547 554 3616 utoperetur
584 3561 732 3615 opus
763 3559 938 3598 suum

200 3618 562 3686 peregrinum
587 3622 674 3671 est
699 3632 846 3686 opus
878 3616 949 3670 ab
975 3630 1060 3670 eo.

147 3683 371 3744 Et'nuu‘c
403 3689 592 3745 nolite
620 3683 885 3742 illudere.

206 3775 270 3814 ue
302 3761 442 3817 forte
474 3760 958 3832 constringantur
989 3756 1460 3832 vinculavestra.

147 3831 706 3888 Consummationem
738 3829 893 3886 enim
928 3834 985 3884 et
1014 3829 1508 3885 abbreviationem

208 3904 388 3959 audivi
422 3923 453 3959 a
477 3904 730 3960 Domino
768 3905 876 3957 Deo
908 3903 1272 3956 exercituum

209 3990 372 4045 super
403 3977 735 4031 universam
771 3979 1007 4045 terram.

148 4044 380 4102 Auribus
415 4049 808 4119 percipite,ct
839 4044 1034 4119 audite
1075 4060 1271 4099 vocem
1309 4059 1526 4112 meam,

199 4117 486 4188 attendite,
520 4117 805 4175 et'audite
833 4117 1129 4188 eloquium
1165 4132 1383 4171 meum.

148 4181 394 4262 Nunquid
422 4181 543 4247 tota
594 4191 685 4244 die
716 4189 908 4245 arabit
930 4181 1104 4262 arens
1126 4193 1189 4244 ut
1225 4191 1404 4254 serat,
1429 4186 1770 4259 proscindat

206 4266 254 4316 et
282 4259 484 4318 sarriet
505 4264 757 4318 humum
789 4277 957 4316 suam
979 4259 1008 4314 ?

147 4328 325 4388 Nonne
354 4352 482 4390 cum
513 4333 910 4405 adaequaverit
941 4331 1146 4388 faciem
1181 4331 1325 4400 ejus,
1357 4334 1513 4386 seret
1540 4329 1686 4402 gith,
1709 4332 1767 4384 et

270 4409 559 4490 cyminum
589 4411 846 4490 sparget,

207 4479 255 4530 et
288 4475 454 4547 ponet
485 4475 779 4534 tricticuﬁ:
811 4493 912 4548 per
941 4475 1229 4548 ordinem.

207 4510 255 4530 σι
288 4510 454 4547 μυιιῠι
489 4510 779 4534 ιιίυιιιυυιιι
812 4510 900 4548 μοι
941 4510 1229 4558 υιυιηῩιιι.
1277 4544 1288 4556 .
1445 4544 1456 4555 .
1684 4543 1695 4555 .
1804 4510 1847 4574 D

207 4553 256 4601 et
282 4551 557 4604 hordeum
591 4556 645 4605 et
669 4549 913 4617 milium,
947 4553 1002 4602 et
1036 4547 1240 4602 viciam
1274 4561 1332 4598 in
1358 4544 1576 4600 finibus
1607 4543 1769 4599 sum?

148 4613 205 4687 Et
229 4621 439 4676 erudiet
470 4621 636 4676 illum
666 4613 910 4687 judicio,

148 4685 283 4745 Deus
306 4709 447 4748 suus
479 4685 709 4748 docebit
740 4691 928 4746 illum.

151 4757 258 4816 Non
291 4763 440 4818 enim
481 4765 536 4817 in
575 4765 741 4820 ferris
771 4760 1143 4819 triturabitur
1174 4759 1322 4832 gitb,

209 4849 301 4888 nec
333 4842 458 4890 rota
489 4835 733 4906 plaustri
767 4851 944 4906 super
974 4829 1269 4906 cyminum
1303 4829 1595 4896 circuibit,

210 4906 298 4959 sed
331 4907 386 4962 in
419 4905 575 4979 virga
611 4905 934 4979 excutiatur
965 4905 1110 4976 gith,

207 4980 258 5029 et
279 4978 570 5044 cyminum
597 4979 656 5034 in
689 4978 934 5033 baculo:

209 5049 369 5105 Panis
400 5056 591 5105 autem
626 5049 1060 5105 comminuetur
1092 5063 1105 5101 :

146 5113 336 5174 Verum
368 5139 478 5176 non
503 5121 560 5176 in
585 5127 928 5195 perpetuum
953 5117 1553 5195 trilpuranstriturabit
1572 5117 1762 5186 illum,

210 5206 384 5262 neque
414 5190 646 5249 vexabit
675 5190 809 5249 eum
843 5197 968 5248 rota
999 5190 1265 5264 plaustri.

209 5405 222 5438 ¹
255 5404 458 5460 Vitiose
489 5411 611 5463 erat
642 5423 817 5479 penes
849 5405 1121 5474 Martian,
1142 5409 1554 5462 convertantur:
1576 5405 1634 5461 in
1660 5405 1764 5461 He-

147 5470 298 5550 brgeo.
334 5482 393 5531 ut
427 5470 680 5550 reliquos
712 5478 891 5533 libros
924 5470 1168 5544 taceam,
1203 5484 1310 5547 est,
1343 5488 1548 5537 11:13:.

207 5545 225 5578 ²
255 5547 355 5602 Pro
401 5565 506 5603 non
532 5545 773 5622 festinet,
810 5553 960 5622 quod
993 5552 1156 5617 juxta
1206 5545 1517 5622 Hebraeum,
1563 5547 1760 5622 Hiero-

151 5629 341 5690 nymus
395 5620 715 5686 transtulit,
746 5620 938 5678 Canon
991 5621 1555 5677 San-Germanensis
1597 5620 1761 5690 legit,

152 5684 253 5742 Non
283 5691 541 5747 turbetur.
576 5684 1196 5765 Antiquissimus-vero
1231 5695 1406 5748 codex
1442 5684 1760 5765 Bibliorum

156 5765 332 5842 uoster
360 5780 518 5842 num.
553 5765 584 5818 3
614 5761 1162 5842 utrzimq_u_e_retjnet
1183 5765 1524 5842 lectionem:
1557 5761 1762 5842 {VSM/'9‘

161 5836 324 5900 uiuet,
345 5838 393 5888 et
413 5851 521 5892 non
547 5839 805 5894 turbetur.
827 5836 1005 5908 LXX,
1029 5839 1148 5894 Non
1170 5837 1541 5909 confundetur
1564 5836 1756 5892 MART.

1956 3199 2081 3255 quis
2112 3184 2536 3255 dimicaverunt
2566 3186 3058 3255 contramontem
3090 3179 3252 3236 Sion.

1879 3253 2303 3326 Obstupescite,
2336 3259 2393 3310 et
2422 3257 2490 3310 ad
2503 3253 2819 3318 miramini,

1953 3328 2231 3382 ﬂuctuate
2262 3332 2318 3382 et
2346 3326 2650 3381 vacillate:

1950 3399 2348 3469 inebriamini,
2384 3405 2439 3454 et
2474 3416 2586 3454 non
2620 3415 2652 3453 a
2685 3395 2854 3452 vino:

1951 3470 2290 3540 movemini,
2318 3475 2375 3525 et
2406 3488 2518 3527 non
2552 3471 2625 3524 ab
2655 3469 2954 3540 ebrietate.

1879 3541 2165 3606 Quoniam
2199 3536 2438 3598 miscuit
2467 3542 2629 3598 vobis
2660 3539 2945 3596 Dominus
2976 3537 3250 3611 spiritum
3280 3536 3530 3610 soporis,

1950 3614 2186 3670 claudet
2215 3615 2453 3669 occulos
2484 3619 2731 3677 vestros,
2767 3612 3083 3685 prophetas

1951 3692 2005 3741 et
2029 3686 2326 3768 principes
2345 3691 2566 3768 vestros
2583 3685 2749 3767 ‘,.qui
2767 3680 2963 3740 vident
2983 3682 3254 3749 visiones,
3280 3680 3524 3753 operiet.

1881 3762 1944 3811 Et
1973 3758 2084 3812 erit
2115 3757 2277 3812 vobis
2310 3757 2454 3813 visio
2487 3757 2753 3812 omnium

1954 3830 2108 3885 sicut
2135 3829 2314 3884 verba
2342 3828 2478 3902 libri
2508 3828 2750 3902 signati,

1948 3917 2124 3972 quem
2158 3917 2290 3954 cum
2325 3895 2596 3956 dederint
2622 3895 2830 3972 scienti
2866 3896 3112 3966 litteras,
3145 3895 3380 3950 dicent:

1951 3969 2098 4044 Lege
2124 3972 2301 4026 istum
2329 3988 2340 4024 :
2377 3977 2432 4028 et
2465 3969 2880 4044 respondebit:

1945 4039 2366 4119 Nonpossum,
2391 4039 2662 4119 signatus
2693 4039 2990 4119 estenim.
3081 4109 3119 4119 υ
3199 4114 3208 4119 Δ
3475 4107 3487 4119 θ

1950 4118 2016 4172 Et
2045 4109 2281 4170 dabitur
2309 4109 2770 4171 libervnescienti
2792 4110 3038 4180 litteras,
3065 4109 3408 4181 diceturque
3438 4109 3489 4164 ei

1951 4189 2135 4259 Lege:
2168 4192 2220 4241 et
2255 4188 2627 4257 respondebit
2651 4203 2663 4240 :

1945 4258 2151 4315 Nescio
2173 4260 2420 4314 litteras.

1880 4332 1942 4386 Et
1974 4331 2121 4387 dixit
2151 4331 2473 4386 Dominus:
2509 4330 2584 4383 Eo
2617 4328 2769 4400 quod
2806 4325 3242 4399 appropinquat
3270 4321 3527 4395 populus

2019 4404 2128 4456 iste
2161 4419 2257 4455 ore
2289 4419 2419 4468 suo,

1950 4478 2006 4527 et
2041 4473 2212 4528 labiis
2244 4474 2370 4528 suis
2403 4471 2688 4545 glorificat
2719 4485 2832 4534 me,

1953 4561 2052 4599 cor
2080 4551 2277 4601 autem
2310 4543 2439 4615 ejus
2470 4543 2637 4613 longe
2669 4546 2757 4597 est
2779 4559 2812 4597 a
2840 4555 2954 4615 me,

1949 4621 2007 4672 et
2062 4609 2386 4672 timuerunt
2421 4631 2512 4670 me
2541 4609 2812 4669 mandato
2853 4611 3163 4668 hominum
3194 4614 3252 4667 et
3309 4609 3525 4667 dactri-

2021 4705 2114 4743 ῐ118
2143 4705 2154 4742 ἶ

1881 4759 2016 4814 Ideo
2037 4776 2169 4815 ecce
2191 4775 2296 4831 ego
2322 4759 2530 4831 addam
2549 4754 3295 4831 utadpmirationemt‘aciam
3310 4752 3527 4826 populo

2023 4832 2182 4898 huic,
2219 4828 2497 4886 miraculo
2527 4828 2732 4901 grandi
2765 4833 2820 4883 et
2843 4828 3130 4901 stupenda
3171 4844 3186 4882 :

1949 4903 2164 4973 peribit
2205 4903 2359 4957 enim
2387 4900 2727 4972 sapientiaa
2749 4900 3116 4970 sapientibus

1949 4970 2005 5028 et
2037 4970 2906 5056 intgleqtus‘pr'udentiumejus
2928 4970 3343 5028 abscondetur.

1877 5045 1967 5099 νω
2001 5047 2098 5116 qui
2136 5044 2413 5100 Prnfundi
2439 5044 2582 5099 estis
2614 5045 2808 5116 corde,

1949 5114 2076 5170 ut'a
2105 5117 2352 5172 Domino
2386 5115 2762 5171 abscondatis
2789 5114 3142 5170 consilium:

1950 5205 2200 5260 quorum
2233 5193 2373 5243 sunt
2395 5189 2451 5242 in
2488 5187 2742 5242 tenebris
2776 5203 2967 5257 Opera,
3001 5191 3059 5240 et
3089 5184 3326 5239 dicunt:

1945 5409 1967 5443 ³
1997 5409 2118 5462 Non
2149 5409 2448 5466 interserit
2480 5409 2729 5476 Domino,
2769 5410 2863 5465 ubi
2897 5408 3089 5465 locum
3114 5407 3271 5462 hunc
3293 5405 3518 5470 recitat,

1874 5479 1930 5533 in
1965 5483 2390 5537 commentario
2421 5483 2478 5538 S.
2513 5486 2700 5551 Pater,
2735 5483 2835 5536 sed
2873 5487 3095 5536 tantum
3131 5479 3399 5544 babet,et
3420 5477 3520 5533 hoc

1871 5569 1906 5608 α
1940 5553 2044 5677 De?
2074 5557 2417 5610 exercituum
2443 5573 2457 5623 ;
2482 5555 2721 5634 omnino
2750 5554 2943 5610 verius
2973 5553 3044 5608 ad
3076 5553 3382 5608 Hebraeum
3417 5565 3513 5604 ex-

1873 5640 2007 5677 emn
2037 5641 2118 5677 ar.

1873 5640 2118 5679 emnlar.

1945 5642 1962 5677 γ
2016 5642 2118 5679 lar.

1945 5642 2187 5751 ‘pCanou
2219 5699 2273 5750 S.
2308 5696 2576 5752 Germani
2599 5696 2759 5767 legit,
2794 5713 2904 5752 non
2941 5700 3058 5750 tam
3085 5695 3314 5767 diverso
3335 5709 3514 5767 sensu

1874 5783 2050 5839 quam
2084 5768 2313 5840 diversa
2343 5769 2566 5840 phrasi,
2599 5765 2944 5840 etprincipes
2967 5770 3150 5834 vestri,
3183 5766 3282 5838 qui
3327 5765 3516 5822 vident

1871 5840 2124 5907 visiones,
2149 5839 2430 5913 peribunt.
2468 5839 2654 5896 MART.
