3938 6174
407 204 519 262 859
1458 210 1515 262 S.
1557 209 1968 264 HIERONYMI
2006 210 2264 264 DIVINA
2299 209 2795 267 BIBLIOTHECA.
3685 224 3768 280 ω]

478 332 620 398 Quis
648 331 808 389 videt
844 349 973 400 nos,
1008 335 1066 389 et
1100 333 1236 404 quis
1266 332 1429 388 novit
1460 349 1567 390 nos
1601 333 1629 388 ‘I

486 405 773 476 Perversa
794 408 884 460 est
913 404 1031 460 Ι]ωο
1061 410 1252 460 vestra
1285 404 1594 476 cogitatio:

482 478 649 546 quasi
683 479 732 532 si
764 475 956 531 lutum
991 483 1195 532 contra
1229 475 1474 548 ﬁgulum
1503 478 1741 546 cogitet,

483 557 542 604 et
573 550 728 603 dicat
758 565 905 619 opus
939 549 1139 604 factori
1176 565 1317 604 suo:
1349 549 1473 604 Non
1534 548 1720 604 fecisti
1779 565 1870 607 me
1903 567 1915 604 :

481 627 538 676 et
568 622 910 691 figmentum
945 621 1111 692 dicat
1131 621 1314 678 lictori
1349 638 1490 688 suo;
1523 621 1647 675 Non
1684 621 1988 692 intelligis.

411 692 614 748 Nonne
647 692 842 747 adhuc
872 694 930 746 in
959 691 1188 748 modico
1222 699 1277 749 et
1309 693 1367 748 in
1394 693 1550 750 brevi
1583 691 1952 750 convertatur
1974 693 2055 750 Li-

477 765 668 820 banus
702 763 760 817 in
813 764 1106 828 Chermel,

477 843 533 891 et
561 835 832 890 chermel
861 837 918 890 in
949 836 1167 892 saltum
1207 835 1578 908 reputabitur
1609 835 1630 892 Ρ

406 911 473 963 Ει
502 909 751 963 audient
782 910 839 962 in
873 909 967 964 die
1000 908 1100 964 illa
1128 909 1289 963 surdi
1351 911 1526 963 verba
1580 908 1737 975 libri,

473 980 612 1036 etde
628 980 886 1035 tenebris
901 988 958 1036 et
990 981 1242 1052 caligine
1268 979 1419 1034 oculi
1453 997 1735 1036 caecorum
1751 979 2053 1037 videbunt.

405 1051 478 1108 Et
507 1052 728 1108 addent
760 1051 934 1108 mites
966 1052 1022 1107 in
1061 1051 1301 1107 Domino
1333 1051 1618 1120 laetitiam,

475 1130 532 1179 et
556 1139 844 1196 pauperes
866 1125 1134 1196 homines
1159 1125 1214 1178 in
1238 1129 1442 1196 sancto
1462 1123 1637 1180 Israel
1654 1123 2052 1180 exsultabant.

405 1194 688 1260 Quoniam
714 1194 924 1251 defecit
955 1199 1051 1266 qui
1088 1194 1452 1268 praevalebat,

478 1274 927 1324 consummatus
957 1274 1048 1324 est
1068 1269 1296 1332 illusor,

479 1346 534 1395 et
560 1339 773 1395 succisi
826 1344 966 1395 sunt
996 1355 1201 1396 omnes
1234 1338 1334 1411 qui
1369 1337 1688 1409 vigilabant
1717 1356 1896 1412 super
1945 1339 2055 1396 ini-

547 1413 830 1482 quitatem
858 1428 870 1466 :

481 1479 582 1554 qui
617 1499 853 1554 peccare
877 1482 1165 1538 faciebant
1186 1479 1531 1554 hominesid
1566 1483 1764 1553 verbo,

476 1553 534 1610 et
563 1553 904 1626 arguentem
936 1555 992 1608 in
1028 1560 1194 1626 porta
1221 1553 1702 1624 supplantabant,

474 1632 529 1682 et
569 1628 1010 1683 declinaverunt
1041 1627 1260 1682 frustra
1291 1643 1321 1681 a
1345 1627 1530 1695 justo.

403 1699 646 1779 Propter
679 1699 954 1779 hom-haec
986 1697 1126 1779 dicit
1155 1699 1441 1754 Dominus
1473 1697 1543 1752 ad
1579 1698 1820 1754 domum
1851 1699 2048 1766 Jacob,
2082 1713 2130 1779 Β

474 1769 577 1844 qui
611 1769 860 1826 redemit
882 1771 1176 1826 Abraham
1204 1790 1218 1844 ξ

405 1840 530 1900 Non
565 1845 736 1898 modo
769 1845 1165 1898 confundetur
1191 1840 1398 1908 Jacob,

478 1931 582 1971 nec
616 1916 788 1971 modo
818 1914 1016 1970 vultus
1046 1917 1172 1983 ejus
1205 1915 1548 1969 erubescet:

479 1989 578 2044 sed
612 2003 744 2042 cum
774 1987 989 2042 viderit
1021 1989 1171 2042 filios
1193 2003 1353 2052 suos,
1379 2000 1554 2054 opera
1582 2001 1863 2041 manuum
1902 2003 2053 2042 mea-

549 2075 700 2124 rum,
725 2060 781 2113 in
805 2059 998 2114 medio
1022 2060 1113 2114 sui
1139 2057 1576 2129 sanctificantes
1604 2075 1814 2112 nomen
1836 2076 2054 2129 meum,

474 2135 529 2186 et
561 2131 1020 2185 sanctiﬁcabunt
1051 2137 1325 2186 sanctum
1357 2128 1567 2198 Jacnb,

479 2207 536 2257 et
564 2208 750 2258 Deum
787 2201 962 2257 Israel
1001 2202 1441 2273 praedicabunt;

413 2279 486 2330 Et
515 2275 704 2329 scient
734 2270 1238 2346 errantes'spiritu
1273 2270 1658 2346 intellectum,

480 2351 536 2400 et
569 2345 1290 2423 mu_s__sitatores_discent_
1313 2345 1543 2423 legem...
1587 2411 1598 2423 ι

415 2417 578 2488 (Cap.
611 2417 786 2488 ΧΧΧ)
817 2421 934 2487 Vae,
969 2417 1072 2472 filii
1105 2413 1454 2484 desertores,
1489 2413 1630 2467 dicit
1663 2413 1967 2486 Dominus,

481 2496 546 2545 ut
578 2488 845 2544 faceretis
877 2489 1216 2557 consilium,
1249 2493 1308 2544 et
1337 2504 1453 2544 non
1486 2501 1550 2540 ex
1587 2501 1722 2557 me:

479 2567 535 2618 et
554 2559 897 2618 ordiremini
929 2559 1128 2624 telam.
1153 2555 1346 2633 etnon
1389 2575 1492 2632 per
1521 2555 1793 2627 spiritum
1835 2577 2054 2633 meum,

477 2637 541 2688 ut
567 2633 880 2688 adderetur
907 2634 1014 2704 (Al.
1047 2632 1362 2704 adderetis)
1392 2636 1691 2704 peccatum
1721 2649 1900 2706 super
1929 2632 2058 2707 pec-

431 2813 446 2832 .
479 2710 946 2858 q_u(ia:r‘lint;ulatis,
974 2779 1040 2857 ut
1070 2774 1442 2858 descendetis
1474 2775 1529 2830 in
1565 2774 1912 2850 JEgyptum,

474 2856 531 2905 et
557 2866 620 2905 os
653 2865 850 2905 meum
883 2865 996 2920 non
1021 2854 1447 2920 interrogastis,

420 2921 737 2994 Sperantes
766 2919 1046 2976 auxilium
1074 2921 1131 2975 in
1165 2919 1502 2977 fortitudine
1530 2922 1879 2991 Pharaonis,

479 2999 536 3048 et
568 2993 867 3067 habentes
890 2992 1254 3067 fiduciamjn
1283 2993 1490 3067 umbra
1519 2994 1772 3067 (Egypti.
1844 3064 1853 3067 Α

409 3069 474 3152 Et
496 3064 608 3152 [erit
641 3065 812 3147 nobis
846 3064 1125 3152 fortitudo
1175 3063 1499 3152 Rharaonis
1530 3063 2060 3151 iri—confusionem,
2090 3084 2134 3152 ο

406 3141 463 3191 et
494 3136 708 3191 fiducia
741 3137 962 3191 umbrae
993 3136 1223 3207 {Egypti
1266 3136 1321 3190 in
1354 3136 1762 3207 ignominiam.

478 3208 660 3262 Erant
689 3209 794 3282 (At.
828 3208 1020 3282 erunt)
1051 3209 1209 3282 enim
1243 3207 1302 3262 in
1335 3209 1510 3264 Tanis
1544 3211 1836 3282 principes
1869 3211 1954 3266 tui

481 3283 538 3334 et
569 3281 759 3334 nuntii
792 3279 877 3334 tui
915 3296 1102 3351 usque
1127 3281 1196 3334 ad
1231 3283 1383 3334 Anes
1418 3279 1826 3351 pervenerunt.

408 3351 629 3424 Omnes
653 3351 890 3424 confusi
927 3356 1066 3406 sunt
1097 3368 1276 3424 super
1306 3352 1542 3424 populo,

483 3423 596 3504 qui_
615 3422 698 3478 eis
723 3424 1000 3504 prodesse
1034 3439 1150 3504 non
1175 3422 1371 3504 potuit
1395 3423 1512 3504 (At.
1529 3425 1800 3504 poterit):

410 3495 536 3550 Non
570 3495 808 3550 fuerunt
836 3494 894 3549 in
919 3494 1226 3567 auxilium,
1258 3502 1315 3549 et
1345 3495 1405 3549 in
1439 3494 1698 3567 aliquam
1723 3494 2062 3564 utilitatem,

477 3567 578 3623 sed
609 3568 668 3623 in
702 3566 1110 3622 confusionem
1143 3571 1200 3620 et
1231 3567 1288 3620 in
1323 3566 1740 3638 opprobrium.

701 3681 795 3738 ΟΝ
807 3682 887 3739 US
913 3679 1408 3738 JUMENTORUM
1441 3680 1729 3740 AUSTRI.

400 3784 466 3836 1n
515 3783 672 3851 terra
702 3777 1106 3851 tribulationis
1137 3784 1194 3851 et
1256 3779 1546 3851 angustiis
1579 3779 1784 3851 leaena,
1815 3786 1873 3839 et
1929 3781 2059 3842 leo;

477 3869 546 3908 ex
576 3850 662 3906 eis
693 3850 914 3920 vipera.
948 3857 1007 3905 et
1032 3849 1271 3922 regulus
1303 3850 1527 3922 volans,

406 3928 713 3980 Portantes
732 3939 911 3994 super
929 3922 1616 3991 humerosjumentorum
1641 3924 1876 3981 divitias
1897 3943 2058 3992 suas,

483 4001 541 4052 et
572 4011 752 4068 super
785 3993 1028 4068 gibbum
1063 3993 1435 4068 camelorum
1469 3995 1778 4054 thesauros
1799 4015 1960 4068 suos,
1985 4000 2059 4055 ad

551 4066 860 4138 populum,
894 4067 998 4138 qui
1023 4066 1110 4122 eis
1142 4069 1418 4137 prodesse
1451 4084 1562 4123 non
1603 4069 1833 4136 poterit.

408 4139 696 4222 Egyptus
727 4139 883 4222 enim
919 4139 1135 4221 frustra
1162 4143 1220 4222 et
1247 4155 1392 4195 vane
1421 4140 1832 4197 auxiliabitur:

551 4209 683 4282 ideo
715 4209 961 4265 clamavi
993 4227 1171 4282 super
1201 4210 1310 4266 hoc

406 4281 694 4354 Superbia
725 4287 956 4338 tantum
988 4281 1096 4351 est,
1129 4282 1386 4354 quiesce.

407 4353 576 4410 Nune
601 4354 910 4426 ingressus
941 4354 1132 4409 scribe
1152 4353 1247 4409 eis
1277 4369 1455 4424 super
1488 4353 1734 4424 buxum,

481 4427 540 4482 in
573 4425 722 4481 libro
745 4427 1058 4497 diligenter
1085 4441 1258 4480 exara
1289 4425 1456 4487 illud,

405 4498 478 4554 Et
504 4498 616 4554 erit
646 4499 703 4552 in
735 4498 829 4553 die
851 4497 1172 4554 novissimo
1203 4498 1261 4552 in
1294 4497 1723 4567 testimonium,

479 4575 538 4626 et
567 4586 754 4640 usque
785 4571 842 4625 in
874 4575 1175 4626 aeternum.

411 4640 670 4712 Populus
700 4642 855 4697 enim
892 4643 961 4696 ad
996 4640 1361 4696 iracundiam
1398 4656 1718 4712 provocans
1743 4645 1854 4710 est,

483 4721 540 4770 et
570 4713 674 4768 ﬁlii
706 4715 1042 4786 mendaces,
1072 4713 1698 4786 tiliiinolentesaudire
1722 4714 1908 4786 legem
1931 4714 2056 4771 Dei.

413 4786 523 4852 Qui
555 4786 762 4840 dicunt
782 4785 1154 4841 videntibus:
1187 4784 1377 4841 Nolite
1401 4784 1620 4856 videre,

481 4861 542 4914 et
597 4857 1021 4927 aspicientibus
1072 4856 1262 4915 Nolite
1291 4857 1554 4930 aspicere
1586 4857 1754 4914 nobis
1811 4873 1880 4914 ea
1931 4874 2060 4930 quaa

555 4935 712 4985 recta
742 4933 877 4984 sunt
903 4945 916 4983 :

408 5000 741 5082 Loquimini
770 5000 939 5082 nobis
963 4996 1279 5070 placentia,

478 5071 670 5128 videte
692 5071 862 5128 nobis
887 5087 1134 5128 errores.

413 5144 650 5202 Auferte
679 5161 714 5200 a
743 5159 835 5200 me
863 5144 1040 5208 viam,

481 5215 771 5272 declinata
797 5234 829 5272 a
860 5233 953 5272 me
984 5213 1281 5281 semitam,

481 5295 669 5345 cesset
699 5306 731 5343 a
759 5289 903 5344 facie
934 5292 1134 5343 nostra
1165 5289 1404 5340 sanctus
1437 5285 1640 5343 Israel.

413 5361 726 5433 PrOpterea
758 5361 877 5416 haec
907 5359 1049 5433 dicit
1078 5357 1521 5433 sanctuslsrael
1546 5375 1564 5412 :

412 5429 621 5490 Pro'eo
653 5434 806 5505 quod
843 5431 1216 5505 reprobastis‘
1233 5431 1472 5485 verbum
1505 5429 1638 5505 hoc,

480 5511 539 5561 et
569 5500 851 5575 sperastis
878 5500 938 5560 in
960 5501 1258 5558 calumnia
1290 5508 1345 5557 ct
1374 5500 1659 5567 tumultu,

483 5581 538 5630 et
561 5577 744 5630 innixi
781 5576 928 5631 estis
961 5589 1278 5646 supereo:

413 5644 730 5715 Propterea
761 5647 869 5702 erit
887 5643 1055 5704 vobis
1082 5644 1364 5716 iniquitas
1397 5643 1518 5700 haec
1550 5644 2066 5717 sicutinterruptio

562 5717 800 5780 cadens.

492 5788 550 5837 et
585 5788 870 5856 requisita
898 5789 959 5845 in
990 5804 1158 5846 muro
1190 5785 1416 5844 excelso
1437 5805 1456 5842 :

2095 335 2151 404 Α
2181 333 2728 413 Quoniam‘subito,
2760 337 2900 395 dum
2919 354 3035 395 non
3058 345 3350 413 speratur,
3372 344 3553 403 veniet
3592 353 3768 406 contri-

2309 406 2406 462 tio
2439 407 2590 475 ejus.

2176 477 2717 560 Etncomminuetur
2743 480 2897 537 sicut
2917 482 3240 560 conteritur
3269 484 3473 560 lagena

2249 549 2410 621 ﬁguli
2445 553 2796 625 contritione
2831 555 3122 625 pervalida

2246 628 2304 676 et
2327 639 2442 708 non
2467 624 2796 708 invenietur
2819 624 2892 708 {te
2918 627 3410 708 fragmentisejus
3431 634 3591 702 testa,
3613 633 3662 689 iu
3681 651 3765 708 qua

2316 699 2584 768 portetur
2615 696 2913 768 igniculus
2946 696 3341 757 deincendid.

2243 767 2922 848 eut_haur_iat_u’r_‘parum
2955 788 3120 848 aqua:
3142 774 3215 828 de
3248 775 3430 830 fovea.

2172 836 2320 918 Quia
2351 836 2472 918 haec
2503 839 2646 918 dicit
2675 836 2960 918 Dominus
2992 836 3148 918 Deus
3179 852 3423 902 sanctus
3457 846 3652 905 Israel:

2169 911 2225 962 Si
2261 911 2635 986 revertamini
2665 917 2720 966 et
2745 915 3086 986 quiescatis,

2314 981 2460 1036 salvi
2491 984 2656 1038 eritis
2681 1000 2694 1039 :

2171 1054 2236 1106 In
2267 1050 2586 1128 silentioget
2613 1055 2673 1128 in
2705 1071 2808 1128 spe

2239 1125 2350 1179 erit
2385 1126 2666 1182 fortitudo
2697 1125 2910 1185 vestra.

2167 1194 2238 1250 Et
2268 1195 2562 1266 noluistis,
2595 1208 2648 1252 et
2675 1198 2906 1255 dixistis

2166 1266 2697 1345 Nequ_a_qua_r_n,_sed
2731 1273 2801 1326 ad
2833 1287 3016 1344 equos
3049 1271 3382 1345 fugiemus:

2317 1339 2449 1395 ideo
2483 1341 2740 1398 fugietis.

2169 1411 2241 1466 Et
2267 1427 2447 1483 super
2473 1411 2697 1469 veloces
2728 1415 3116 1470 ascendemus
3139 1433 3159 1470 :

2245 1483 2377 1540 ideo
2426 1484 2742 1542 velociores
2773 1485 2888 1559 (Αι.
2944 1486 3200 1556 veloces)
3233 1491 3436 1558 erunt,
3467 1487 3561 1560 qui
3602 1503 3762 1560 perse-

2306 1561 2565 1627 quentur
2597 1573 2720 1613 vos.

2161 1625 2339 1683 Mille?
2366 1627 2637 1686 homines
2658 1646 2692 1685 a
2723 1628 2869 1685 facie
2890 1629 3134 1686 terroris
3167 1630 3370 1699 unius,
3398 1641 3454 1687 et
3477 1647 3509 1687 a
3531 1630 3661 1688 facie
3679 1635 3770 1688 ter-

2307 1699 2457 1755 roris
2484 1700 2742 1784 quinque
2772 1701 3032 1784 fugietis,

2235 1770 2420 1826 donec
2453 1770 2869 1898 {elinquamini
2891 1772 3062 1846 quasi
3090 1773 3286 1830 malus
3317 1773 3484 1831 navis
3513 1773 3568 1830 in
3593 1773 3767 1831 vertice

2310 1858 2444 1898 mon
2481 1861 2550 1898 ιε.

2310 1858 2550 1906 montis.

2235 1917 2292 1968 et
2313 1915 2482 1985 quasi
2517 1915 2755 1988 signum
2783 1932 2962 1988 super
2990 1916 3224 1973 collem.

2166 1989 2477 2059 Propterea
2495 1987 2792 2059 exspectat
2807 1987 3111 2045 Duminus.
3130 1994 3190 2043 ut
3234 1987 3574 2045 misereatur
3598 1987 3759 2045 vestri:

2235 2057 2293 2112 et
2320 2057 2452 2132 ideo
2482 2057 2840 2132 exat—tabitur
2871 2077 3119 2132 parcens
3155 2061 3362 2117 vobis:

2237 2131 2376 2200 quia
2407 2131 2561 2186 Deus
2587 2131 2787 2202 iudicii
2815 2130 3139 2188 Dominus:

2237 2202 2389 2276 beati
2422 2219 2650 2276 omnes,
2675 2204 2776 2274 qui
2806 2209 3145 2276 exspectant
3164 2219 3326 2260 eum.

2165 2272 2424 2345 Populus
2447 2279 2605 2330 enim
2635 2272 2774 2331 Sion
2803 2272 3096 2331 habitabit
3119 2276 3178 2330 in
3200 2273 3550 2340 Jerusalem,

2237 2345 2478 2421 plorans
2512 2363 2884 2421 nequaquam
2917 2347 3200 2421 plorabis,

2237 2417 2530 2474 miserans
2564 2417 2946 2475 miserebitur
2975 2421 3056 2474 tui
3083 2437 3100 2474 :

2237 2489 2310 2546 ad
2343 2505 2540 2545 vocem
2618 2491 2897 2548 clamoris
2936 2491 3021 2547 tui
3073 2490 3279 2547 statim
3315 2493 3381 2546 ut
3407 2487 3658 2553 audierit,
3699 2501 3769 2542 re-

2307 2561 2620 2618 spondebit
2651 2563 2778 2618 tibi.

2164 2637 2238 2689 Et
2269 2632 2433 2706 dabit
2489 2633 2655 2690 vobis
2684 2634 2970 2692 Dominus
3002 2649 3214 2706 panem
3242 2635 3491 2704 arctum,
3521 2635 3573 2688 et
3597 2644 3769 2701 aquam

2309 2705 2545 2760 brevem
2583 2722 2596 2760 :

2238 2783 2295 2831 et
2323 2793 2438 2832 non
2495 2777 2668 2832 faciet
2715 2776 2948 2834 avolare
3008 2777 3097 2850 (Αι
3129 2775 3361 2833 additur
3390 2793 3423 2832 a
3451 2779 3504 2831 te
3529 2775 3665 2830 ultra
3686 2771 3766 2827 do-

2308 2853 2526 2903 ctorem
2561 2854 2729 2904 tuum

2167 2919 2236 2992 Et
2263 2925 2438 2974 erunt
2467 2919 2621 2976 oculi
2652 2921 2736 2976 tui
2762 2921 3030 2976 videntes
3062 2925 3477 2992 praeceptorem
3507 2922 3677 2974 tuum.

2167 2991 2238 3047 Et
2269 3007 2442 3065 aures
2463 2996 2576 3047 tum
2607 2993 2848 3048 audient
2879 2991 3122 3048 verbum
3145 2991 3282 3065 post
3311 2998 3532 3064 tergum
3566 3001 3763 3044 monen-

2317 3063 2392 3119 tis
2425 3079 2438 3117 :

2173 3139 2307 3191 Haec
2337 3134 2450 3203 via,
2482 3133 2778 3191 ambulate
2809 3135 2865 3190 in
2899 3151 3004 3191 ea:

2246 3212 2304 3262 et
2334 3201 2450 3262 non
2483 3206 2791 3263 declinetis
2821 3207 2926 3278 (Αι.
2960 3210 3104 3263 tacet
3127 3210 3185 3262 et
3216 3222 3337 3262 non
3368 3201 3672 3272 declinetis)
3695 3214 3771 3255 ne-

2320 3295 2434 3351 que
2465 3280 2536 3355 ad
2570 3277 3113 3355 dexteram,_ntque
3143 3278 3215 3355 ad
3250 3277 3572 3355 sinistram.
3633 3343 3663 3355 η
3692 3346 3701 3355 ι
3743 3339 3752 3349 ί

2177 3350 2248 3406 Et
2279 3346 2709 3406 co‘ntaminahis
2768 3346 3032 3407 laminas
3052 3350 3423 3421 sculptilium
3463 3346 3666 3420 argenti
3689 3346 3770 3408 tui,

2247 3427 2305 3477 et
2335 3421 2749 3478 vestimentum
2783 3422 3099 3479 conﬂatilis
3129 3423 3257 3477 auri
3293 3422 3403 3487 tui,

2247 3499 2306 3549 et
2335 3495 2636 3567 disperges
2663 3511 2733 3550 ea
2762 3496 2917 3550 sicut
2946 3493 3390 3550 immunditiam
3422 3489 3764 3549 menstruatc.

2247 3567 2553 3642 Egredere,
2568 3567 2747 3642 _dices
2777 3567 2830 3623 ei
2855 3584 2893 3642 :_
2949 3637 2959 3642 _
3173 3637 3187 3642 _
3219 3636 3230 3642 ι
3613 3631 3622 3642 ι

2175 3639 2245 3695 Et
2274 3636 2724 3721 dabitur‘pluvia
2753 3637 2962 3696 semini
2984 3641 3108 3710 tuo,
3131 3636 3471 3708 ubicunque
3491 3636 3762 3690 seminave-

2319 3718 2399 3765 ris
2429 3718 2486 3764 in
2511 3718 2661 3766 terra
2689 3726 2704 3766 Ξ

2247 3786 2305 3838 et
2335 3783 2503 3853 panis
2528 3783 2762 3853 frugum
2787 3787 2950 3838 terras
2978 3781 3088 3837 erit
3110 3780 3467 3853 uberrimus,
3489 3781 3542 3833 et
3557 3769 3767 3848 pinguis.

2173 3850 2452 3926 Pascetur
2499 3853 2560 3910 in
2593 3850 2968 3926 pussessione
2999 3859 3104 3908 tua
3133 3853 3191 3908 in
3213 3852 3313 3908 die
3342 3850 3444 3907 illa
3471 3863 3644 3922 agnus
3667 3857 3768 3915 spa-

2317 3925 2464 3980 tiose
2489 3943 2502 3980 :

2244 4001 2302 4052 et
2322 4002 2420 4052 tau
2432 3997 2476 4050 ri
2501 3996 2610 4064 tui,
2633 3995 2864 4069 etpulli
2883 3995 3210 4069 asinorum,
3244 3993 3663 4069 quioperautur
3680 3989 3765 4041 ter-

2316 4085 2463 4140 ram,
2497 4067 2880 4140 commixtum
2907 4068 3129 4140 migma
3158 4067 3464 4123 comedent

2243 4139 2398 4196 sicut
2426 4139 2486 4195 in
2517 4157 2652 4196 area
2684 4139 3028 4196 ventilatum
3061 4144 3172 4194 est.

2174 4211 2239 4268 Et
2260 4217 2434 4268 erunt
2461 4228 2641 4284 super
2668 4229 2898 4284 omnem
2924 4217 3181 4284 montem
3211 4208 3529 4284 excelsum,
3547 4208 3600 4260 et
3626 4213 3764 4272 super

2313 4280 2556 4340 omnem
2577 4283 2785 4340 collem
2809 4283 3095 4340 clevatum
3121 4281 3226 4338 rivi
3249 4280 3597 4340 currentium
3617 4286 3763 4344 aqua.

2315 4371 2470 4422 rum,

2085 4431 2132 4496 Π
2234 4427 2293 4482 in
2327 4427 2418 4482 die
2460 4413 2906 4484 'interfectionis
2937 4425 3284 4494 multorum,
3315 4439 3449 4480 cum
3498 4413 3762 4478 ceciderint

2311 4504 2527 4555 turres.

2167 4571 2236 4627 Et
2263 4570 2374 4626 erit
2402 4570 2500 4626 lux
2529 4569 2682 4625 lunae
2709 4570 2862 4626 sicut
2891 4568 2991 4624 lux
3010 4566 3176 4636 solis,

2239 4647 2297 4698 et
2326 4641 2426 4724 lux
2455 4643 2598 4698 solis
2640 4643 2752 4697 erit
2781 4632 3240 4714 septempliciter
3271 4639 3425 4694 sicut
3451 4636 3550 4692 lux
3577 4632 3761 4702 septem

2241 4714 2567 4857 ἰηόἆῗὲἓῐιῖέ
2584 4783 2910 4857 alligaverit
2931 4781 3220 4857 Dominus
3241 4780 3453 4857 vulnus
3474 4773 3649 4852 populi
3668 4766 3756 4832 sui.

2241 4862 2297 4912 et
2329 4853 2747 4929 percussuram
2775 4855 3116 4929 plagaagejus
3136 4853 3454 4929 sanaverit.

2169 4931 2312 4984 Ecce
2329 4924 2555 4986 nomen
2587 4924 2818 4985 Domini
2848 4924 3108 4999 vcnifde
3133 4924 3475 4999 longinquo,

2240 5000 2452 5082 ardens
2486 5003 2653 5082 turor‘
2670 5000 2817 5082 ejus,
2851 5005 2910 5082 et
2935 4997 3131 5082 gravis
3162 4994 3636 5082 ad'portandum:

2170 5071 2351 5129 Labia
2376 5074 2505 5143 ejus
2537 5071 2752 5143 repleta
2779 5077 2920 5128 sunt
2943 5070 3372 5143 indignatione,

2243 5143 2522 5216 etglingua
2551 5145 2680 5216 ejus
2706 5144 2878 5216 quasi
2911 5143 3066 5216 ignis
3097 5143 3402 5216 devorans.

2171 5201 2553 5288 Spiritucjus
2577 5201 2756 5288 "velut
2785 5201 3014 5288 torre‘us
3043 5213 3342 5288 inundans
3373 5221 3549 5288 usque
3575 5201 3756 5288 999°;

2315 5270 3160 5372 dium—colli,.adperdendae
3213 5287 3412 5357 gentes
3442 5270 3496 5336 in
3544 5270 3751 5333 nihilum

2317 5360 2420 5430 (Al.
2456 5377 2558 5431 pro
2591 5360 2780 5429 nihil),
2837 5360 2842 5361 “
3536 5420 3546 5432 ,

2246 5433 2582 5503 θιέΐιιεηιιω
2636 5430 2875 5498 erroris,
2908 5429 3063 5503 quod
3094 5427 3305 5485 eratin
3340 5419 3579 5481 maxillis
3607 5426 3755 5489 popli-

2323 5501 2336 5556 Ι
2383 5521 2409 5557 r
2523 5543 2536 5557 .
2926 5501 2940 5503 “

2173 5521 2512 5658 Οαηιίἓυιέιῗ]
2538 5572 2646 5630 erit
2676 5574 2842 5630 vobis
2873 5573 3028 5630 sicut
3058 5588 3166 5628 nos
3196 5567 3552 5627 sanctiﬁcata
3579 5557 3752 5616 solem-

2246 5719 2305 5770 et
2321 5653 2542 5773 rigidi?
2563 5717 2756 5773 cordis
2778 5715 2945 5788 sicut
2964 5715 3062 5788 qui
3084 5730 3226 5788 cum
3244 5712 3416 5788 tibia;

2248 5768 2313 5843 ut
2333 5768 2523 5846 sua
2549 5768 3164 5846 assesasses;
3179 5768 3264 5843 id
3287 5768 3496 5840 fortem
3528 5768 3691 5833 Israel.
