3938 6174
187 207 286 262 865

1406 189 1615 243 LIBER
1656 189 1866 243 ΙΒΔῙΕ
1907 187 2091 243 PROP
2101 189 2325 243 HETzE.

3462 199 3568 255 866

252 330 308 383 in
335 321 758 398 generationem
795 323 854 375 et
884 315 1323 391 generationem
1354 311 1705 368 habitabant
1745 310 1803 365 in
1837 315 1886 380 Α
1921 326 2094 398 mnec
2126 309 2341 398 pote‘ris
2371 314 2525 398 ex‘te
2557 312 2814 398 prazbcre
2845 330 3185 374 ascensores
3217 335 3418 376 eorum
3457 339 3471 377 ε

188 417 332 544 (62;:
363 462 945 544 XXXV.)_ALa3t_abitur
973 461 1290 544 desertalet
1319 455 1495 538 invia,

253 525 306 599 et
334 525 642 596 exsuItab'it
669 535 949 602 solitudo,
979 538 1036 588 et
1068 531 1298 587 ﬂorebit
1326 527 1496 600 quasi
1527 525 1738 582 lilium.

187 613 514 672 Germinans
541 606 921 679 germinabit,

252 695 306 742 et
334 671 644 739 exsultabit
670 676 1009 736 laetabunda
1041 679 1096 731 et
1129 671 1386 728 laudans
1423 687 1436 725 :

188 757 368 815 Gloria
393 753 594 810 Libani
629 752 767 807 data
791 757 882 807 est
913 749 986 814 ei,

254 831 417 885 decor
444 824 756 890 Charmeli,
789 827 845 878 et
873 822 1081 876 Saron.

190 903 293 975 lpsi
323 899 599 975 videbunt
628 887 889 975 gloriam
908 887 1163 975 Domini,

254 979 306 1029 et
334 972 597 1026 decorem
629 968 726 1022 Dei
765 965 951 1021 nostri
988 979 1002 1018 :

191 1044 504 1103 Confortate
531 1055 748 1096 manus
778 1035 1122 1104 dissolutas,

253 1121 308 1172 et
331 1129 518 1188 genua
548 1110 767 1188 debilia
797 1109 1090 1188 roborato,

254 1181 427 1245 Dic'ite
458 1181 851 1257 pusillanimis
883 1195 898 1257 ς

192 1251 614 1325 Confortafnini,
644 1254 825 1310 nolite
855 1251 1062 1325 timere
1095 1266 1110 1303 :

256 1347 379 1387 ecce
407 1328 561 1384 Deus
592 1315 785 1382 vester
815 1323 1098 1378 ultionem
1125 1319 1378 1374 adducet
1405 1315 1828 1373 retributionis:

257 1409 398 1458 Deus
428 1400 560 1472 ipse
592 1399 807 1465 veniet,
841 1401 897 1472 et
929 1387 1181 1449 salvabit
1210 1407 1333 1446 vos.

193 1477 341 1532 Tunc
370 1467 711 1544 aperientur
741 1467 894 1523 oculi
926 1479 1235 1544 (iecorum,
1335 1491 1340 1496 -

256 1552 311 1602 et
342 1538 513 1600 au'res
547 1542 864 1599 surdorum
900 1538 1203 1610 patebunt.

195 1620 341 1676 Tunc
371 1615 544 1672 saliet
577 1614 731 1670 sicut
762 1607 967 1667 cervus
999 1607 1268 1674 claudus,

259 1698 311 1745 et
338 1693 544 1760 aperta
573 1687 684 1742 erit
717 1684 917 1760 lingua
945 1686 1269 1760 mutorum,

199 1763 329 1830 Quia
357 1755 558 1815 scissae
591 1761 730 1814 sunt
762 1756 815 1810 in
848 1755 1083 1830 deserto
1116 1767 1301 1822 aquae,

261 1839 314 1890 et
340 1835 656 1896 torrentes,
689 1830 749 1882 in
781 1823 1117 1882 solitudine.

201 1907 260 1961 Et
285 1920 409 1976 qua;
436 1907 566 1958 erat
586 1899 787 1976 arida,
813 1898 923 1952 erit
955 1896 1012 1950 in
1041 1900 1339 1966 stagnum,

262 1973 316 2032 et
342 1976 553 2030 sitiens
583 1973 641 2028 in
673 1973 860 2026 fontes
892 1982 1196 2039 aquarum.

203 2031 677 2114 Incubilihus,in
711 2042 927 2114 quibus
945 2031 1125 2114 .prius
1157 2038 1438 2114 dracones
1468 2031 1838 2100 habitabant,

265 2119 474 2174 orietur
504 2109 668 2172 vircr
697 2109 906 2170 calami
940 2109 997 2166 et
1019 2109 1210 2180 junci.

203 2193 264 2247 Et
291 2191 364 2245 ibi
393 2190 504 2246 erit
538 2189 617 2243 ibi
653 2187 864 2242 semita
894 2188 952 2237 et
983 2185 1096 2252 via,

263 2266 316 2317 et
344 2261 433 2317 via
463 2264 676 2316 sancta
707 2255 1008 2312 vocabitur
1043 2271 1055 2308 :

203 2335 315 2390 Non
347 2330 632 2389 transibit
665 2345 775 2402 per
797 2345 920 2402 earn
956 2324 1238 2402 pollutus,

267 2351 315 2390 in
347 2343 632 2389 transibit
665 2345 767 2402 per
797 2345 920 2383 eam
996 2343 1238 2391 ouutus,

267 2411 318 2460 et
345 2405 461 2461 haec
496 2403 615 2458 erit
645 2400 813 2456 nobis
845 2343 1024 2471 (γωδ.
1057 2395 1222 2451 vobis
1256 2393 1296 2464 ⁸)
1326 2390 1548 2449 directa
1577 2391 1690 2460 via,

266 2477 342 2532 ita
371 2482 432 2531 ut
461 2475 638 2532 stulti
672 2490 785 2528 non
820 2476 1016 2528 errent
1051 2485 1152 2541 per
1183 2481 1334 2521 eam.

207 2549 320 2606 Non
348 2548 454 2605 erit
481 2547 575 2602 ibi
604 2545 715 2610 leo,

267 2627 319 2677 et
345 2619 494 2676 mala
535 2617 725 2673 bestia
755 2629 870 2669 non
903 2610 1180 2668 ascendet
1208 2625 1311 2680 per
1339 2623 1490 2675 eam,

269 2708 367 2749 nec
396 2691 737 2748 invenietur
769 2686 846 2740 ibi
881 2701 893 2738 :

209 2764 270 2819 Et
295 2763 689 2820 ambulabunt
718 2757 825 2828 (Al.
859 2753 991 2810 add.
1019 2767 1130 2828 per
1159 2752 1311 2828 eam)
1342 2751 1443 2823 qui
1475 2749 1705 2808 liberati

272 2835 499 2901 fuerint,
543 2840 601 2888 et
631 2825 917 2901 redempti
951 2843 984 2881 a
1017 2825 1278 2901 Domino.

209 2893 649 2970 Converteiatur,
683 2907 741 2958 et
769 2893 1080 2955 venientia
1111 2897 1247 2951 Sion
1279 2911 1415 2951 cum
1448 2893 1620 2949 laude

272 2985 323 3036 et
351 2978 563 3033 laetitia
592 2973 1152 3045 sempiternasuper
1183 2973 1358 3039 caput
1388 2982 1590 3022 eorum
1628 2983 1640 3020 :

213 3051 486 3108 Gaudium
535 3053 590 3105 et
619 3040 881 3102 laetitiam
916 3040 1282 3107 obtinebunt,

275 3129 327 3180 et
354 3118 744 3192 fugietdolqr
774 3121 832 3192 et
860 3113 1135 3192 gemitus.

219 3179 360 3268 (cap.
381 3179 758 3268 XXXI/1.)}?
791 3179 1003 3243 factum
1038 3189 1126 3240 est
1149 3183 1206 3237 in
1235 3185 1438 3254 quarto
1461 3179 1686 3236 decimo
1708 3194 1863 3235 anno

350 3269 510 3338 regis
532 3261 812 3338 Ezechiae,

285 3324 546 3394 ascendit
576 3329 973 3390 Sennacherih
1006 3343 1099 3382 rex
1131 3324 1503 3397 Assyriorum
1536 3340 1712 3396 super
1741 3338 1864 3378 om-

354 3426 454 3464 nes
484 3407 757 3464 civitates
787 3403 936 3458 Juda
968 3396 1314 3461 munitas,’et
1344 3396 1498 3466 cepit
1525 3412 1642 3450 eas.

223 3484 282 3536 Et
313 3479 465 3536 misit
496 3495 601 3535 rex
628 3474 996 3547 Assyriorum
1032 3470 1328 3547 Babsacen
1362 3469 1432 3547 de
1465 3467 1673 3522 Lachis
1706 3466 1762 3522 in

355 3537 778 3617 Jerusalem,ad
817 3561 1006 3617 regem
1041 3541 1341 3617 Ezechiam
1377 3541 1431 3593 in
1470 3556 1645 3617 manu
1669 3537 1861 3617 gravi,

292 3628 344 3680 et
373 3625 536 3679 stetit
569 3623 624 3676 in
658 3611 1010 3690 a'quaaductu
1043 3613 1280 3687 piscinae
1311 3611 1632 3684 superioris
1664 3611 1726 3666 in
1771 3611 1867 3666 via

360 3695 496 3766 Agri
534 3691 796 3748 fullonis.

229 3766 295 3821 Et
321 3751 594 3839 egrbssus
625 3769 714 3820 est
741 3762 815 3839 _ad
849 3775 981 3815 eum
1013 3755 1250 3839 Eligeim
1284 3753 1679 3839 ﬁlius'Helcia:
1711 3751 1813 3824 qui

361 3827 479 3895 Erat
513 3852 696 3895 suner
725 3835 990 3894 domum,
1025 3832 1079 3884 et
1109 3828 1305 3883 Sobna
1335 3827 1546 3895 scriba,

294 3912 348 3964 et
375 3909 556 3967 Joabe
587 3897 744 3963 filius
773 3902 961 3974 Asaph
995 3918 1027 3955 a
1059 3897 1524 3955 Commentariis.

232 3982 292 4035 Et
319 3981 459 4037 dixit
488 3981 561 4037 ad
598 3996 697 4035 eos
728 3977 1021 4033 Rabsaces
1056 3989 1068 4028 :

294 4053 469 4110 Dicite
501 4051 760 4109 Ezechiae
795 4066 807 4106 :

229 4127 352 4181 Haec
382 4126 526 4181 dicit
559 4139 656 4179 rex
689 4135 938 4191 magnus
974 4132 1069 4171 rex
1096 4112 1470 4191 Assyriorum
1506 4129 1519 4167 :

293 4198 423 4263 Quis
455 4202 546 4252 est
574 4196 691 4251 ista
718 4183 959 4263 fiducia,
986 4203 1103 4263 qua
1133 4183 1426 4263 confidis?

296 4252 391 4324 aut
421 4285 540 4340 quo
589 4264 834 4324 consilio
877 4252 965 4317 vel
1003 4252 1360 4314 'fortitudine
1409 4253 1691 4311 rebellare
1739 4252 1862 4310 dis-

297 4341 465 4410 ponis
485 4341 513 4395 ?

233 4397 408 4482 §u'per
435 4427 611 4482 quem
643 4407 826 4464 habes
855 4402 1156 4482 fiduciam.
1188 4398 1326 4471 quia
1356 4397 1652 4482 recessisti
1683 4415 1716 4453 a
1748 4397 1872 4453 me?
1902 4409 1947 4473 υ

233 4472 366 4539 Ecce
414 4472 665 4539 confidis
722 4493 901 4549 super
958 4472 1231 4549 bacul_um
1283 4472 1677 4528 arundineum
1725 4486 1866 4526 con-

366 4555 614 4611 fractum
647 4545 855 4616 istum,
885 4563 1060 4619 super
1092 4545 1446 4619 (Egyptum;

300 4625 387 4680 cui
421 4627 468 4682 si
502 4625 736 4681 inuisus
782 4613 976 4676 fuerit'
1005 4613 1216 4686 homo,
1240 4613 1494 4672 intrabit
1542 4613 1600 4670 in
1625 4629 1868 4670 manum

365 4698 517 4768 ejus,
550 4702 604 4753 et
636 4691 954 4768 perforabit
981 4706 1108 4745 eam
1133 4705 1158 4768 _;

235 4765 321 4822 Sic
347 4760 572 4824 Pharao
599 4760 698 4823 rex
726 4762 953 4837 Egypti
985 4760 1266 4817 omnibus

300 4840 398 4909 qui
429 4840 738 4896 conﬁdunt
765 4839 830 4909 in
854 4852 942 4892 eo.

237 4902 387 4984 Quod
421 4912 470 4967 si
503 4904 1046 4984 responderis‘mihi
1077 4921 1090 4958 ε
1127 4903 1193 4959 In
1230 4902 1471 4958 Domino

306 4982 414 5038 Deo
446 4979 646 5039 nostro
674 4979 1026 5038 conﬁdimus
1059 4992 1072 5030 :

306 5070 495 5180 nonlrge
525 5054 648 5139 ipse
670 5059 778 5122 est,
811 5053 984 5124 cujus
1007 5045 1250 5104 abstulit
1269 5044 1543 5101 Ezechias
1564 5041 1789 5100 excelsa
1818 5045 1876 5098 et

374 5143 405 5179 a
459 5143 601 5180 aria.

374 5143 601 5194 altaria,

307 5199 363 5249 et
387 5197 533 5252 dixit
559 5191 726 5254 J'udie
753 5198 808 5250 et
833 5191 1159 5249 Jerusalem
1198 5205 1212 5244 :

305 5267 503 5323 Coram
537 5268 702 5325 altari
736 5267 850 5323 isto
883 5260 1253 5320 adorabitis?

242 5333 304 5390 Et
333 5355 485 5395 nunc
517 5342 680 5396 trade
711 5344 768 5394 te
802 5337 1046 5393 Domino
1080 5351 1208 5389 meo
1241 5335 1359 5402 regi
1388 5329 1782 5400 Assyriorum,

307 5413 362 5464 et
392 5412 540 5468 dabo
569 5413 673 5468 tibi
705 5411 821 5466 duo
855 5407 1041 5464 millia
1069 5420 1378 5479 equorum,

314 5553 331 5587 ί
360 5555 446 5608 Ita
476 5570 616 5610 mss.
647 5553 743 5610 cui
775 5549 1009 5609 lectioni
1044 5550 1191 5604 favet
1224 5545 1510 5616 expositio
1563 5544 1648 5616 S.,
1678 5543 1877 5598 Hiero-

249 5598 616 5701 ρεηῑίῑίῐνξ·
633 5598 1419 5701 ρξξηλῑιῖέιῑξίη.;ῑέιζξιξιςιεφδ
1438 5598 1541 5701 est
1557 5598 1689 5701 veg.
1709 5615 1876 5684 ιατηο,

251 5678 419 5769 mea
438 5678 600 5768 me:
630 5678 966 5769 eaepse
993 5678 1115 5769 es.
1135 5691 1389 5769 νηιεςιιεε
1417 5688 1804 5769 vasum,

315 5764 336 5800 ³
364 5759 556 5827 Canon
586 5759 1152 5829 San-Gerinanensis
1183 5759 1282 5823 sic'
1296 5762 1473 5820 habet
1505 5777 1519 5817 :
1554 5759 1678 5817 Die:
1705 5759 1880 5815 tribu-

1921 383 1985 437 Et
2015 383 2309 456 quomodo
2335 383 2659 456 sustinebis
2682 386 2884 440 faciem
2906 388 3128 456 judicis
3154 391 3329 447 unius
3362 394 3471 449 loci
3494 411 3567 450 ex

2065 454 2250 508 servis
2281 454 2500 508 domini
2539 457 2651 509 mei
2686 454 3058 514 minoribus?

1993 527 2516 650 Queoaduaiitploéiizidis
2545 527 2604 582 in
2639 527 2900 602 Egypto,
2935 531 2991 586 in
3025 533 3333 608 quadriga,
3397 541 3455 593 et
3505 537 3565 594 in

2063 614 2093 652 e
2141 602 2361 650 uitibus
2393 613 2406 651 :
3049 602 3055 603 “
3243 602 3270 608 ⁷
3322 602 3326 603 ί

1995 673 2051 724 et
2070 614 2237 751 ,ἕψω
2267 668 2535 751 nunquid
2586 671 2712 751 sine
2732 673 2994 751 Domino‘
3009 677 3324 733 ascendiad
3356 683 3568 738 terram

2067 740 2263 804 istam,
2297 747 2358 794 ut
2388 739 2790 811 disperderem
2823 746 2998 800 eam?

1930 812 2211 866 Dominus
2243 811 2391 865 dixit
2420 813 2490 866 ad
2522 828 2612 867 me
2647 831 2661 868 :

2001 883 2264 965 ascen-de
2290 900 2467 965 super
2494 889 2711 965 terram
2749 886 2943 965 istam,
2977 893 3033 965 et
3065 890 3334 960 disperde
3365 910 3516 950 eam.

1929 955 1995 1010 Et
2019 955 2161 1009 dixit
2184 953 2512 1019 Eliaciin,et
2534 955 2755 1024 Sobna,
2784 966 2841 1012 et
2872 953 3054 1016 Joahe
3071 963 3141 1017 ad
3163 953 3468 1022 Rabsacen

1930 1027 2189 1105 Loquere
2220 1026 2289 1105 ad
2323 1042 2520 1105 servos
2551 1034 2684 1083 tuos
2712 1033 2854 1101 Syra
2883 1031 3084 1105 lingua
3115 1050 3129 1089 :

2004 1097 2391 1169 intelligimus
2423 1099 2576 1153 enim
2615 1115 2627 1152 :

1929 1170 2013 1226 Ne
2043 1169 2308 1251 loquaris
2338 1170 2410 1224 ad
2447 1187 2552 1225 nos
2581 1170 2822 1228 Judaice
2856 1174 2910 1229 in
2947 1176 3192 1234 auribus
3223 1179 3459 1251 populi,

2005 1242 2102 1313 qui
2135 1246 2226 1296 est
2256 1257 2435 1313 super
2469 1259 2727 1297 murum.

1935 1315 2002 1369 Et
2031 1313 2175 1368 dixit
2205 1313 2273 1365 ad
2311 1329 2408 1368 eos
2443 1316 2732 1370 Rabsaces
2767 1332 2780 1369 :

2007 1385 2284 1455 Nunquid
2321 1385 2389 1439 ad
2423 1385 2737 1441 Dominum
2771 1391 2938 1444 tuum
2975 1394 3032 1445 et
3062 1391 3132 1446 ad
3167 1396 3222 1448 te
3275 1393 3438 1450 misit
3490 1411 3584 1450 me

2083 1456 2361 1534 dominus
2387 1472 2576 1534 meus,
2609 1464 2671 1534 ut
2703 1459 2971 1530 loquerer
3001 1464 3202 1518 omnia
3232 1466 3408 1520 verba
3438 1466 3584 1534 ista;

2010 1533 2066 1583 et
2099 1544 2212 1582 non
2247 1528 2541 1610 potiusad
2577 1531 2731 1586 viros
2762 1528 2860 1602 qui
2893 1534 3096 1589 sedent
3154 1536 3212 1590 in
3277 1555 3470 1610 muro,
3523 1528 3588 1594 ut

2085 1601 2399 1653 comedent
2420 1608 2677 1656 stercora
2708 1601 2835 1670 sua,

1868 1685 1916 1752 Β
1957 1676 2077 1752 “et
2099 1671 2305 1752 bibant
2334 1673 2565 1726 urinam
2601 1675 2810 1752 pedum
2846 1692 3090 1752 suorum
3121 1679 3472 1737 vobiscum?

1957 1744 2596 1868 Etsttesittttabsacesmt
2617 1748 2888 1802 clamavit
2911 1765 3047 1804 voce
3089 1767 3297 1823 magna
3334 1753 3597 1824 Judaice,

2024 1832 2053 1868 e
2157 1831 2229 1868 le
2293 1831 2305 1868 :

2024 1831 2082 1869 Θῑ
2113 1831 2305 1869 αιχιιε

1948 1886 2159 1942 Audite
2185 1889 2360 1940 verba
2391 1887 2546 1959 regis
2579 1888 2774 1959 magni

2023 1959 2176 2030 regis
2201 1958 2598 2029 Assyriorum.

1949 2035 2080 2086 Hzec
2101 2029 2256 2085 dicit
2287 2046 2384 2084 rex
2419 2045 2432 2084 :

1950 2103 2074 2158 Non
2107 2102 2349 2156 seducet
2379 2117 2478 2156 vos
2513 2101 2802 2168 Ezechias,
2836 2104 2976 2175 quia
3007 2122 3123 2162 non
3147 2109 3364 2180 poterit
3391 2126 3594 2169 eruere

2021 2189 2144 2228 V08.

2026 2243 2453 2327 Et_non.vobis.
2484 2243 2704 2301 tribuat
2759 2245 3038 2305 fiduciam
3094 2251 3366 2309 Ezechias
3415 2270 3596 2327 super

2099 2316 2365 2378 Domino,
2398 2315 2639 2371 dicens:

1953 2390 2176 2445 Eruens
2210 2387 2481 2442 liberabit
2508 2405 2614 2443 nos
2648 2389 2976 2447 Dominus:

2029 2477 2139 2516 non
2174 2461 2413 2514 dabitur
2442 2461 2645 2514 civitas
2671 2459 2785 2516 ista
2816 2461 2872 2517 in
2912 2479 3091 2520 manu
3127 2467 3282 2539 regis
3336 2469 3602 2542 Assyrio-

2099 2547 2250 2586 PUUD.

1955 2602 2141 2661 Nolite
2171 2603 2372 2658 audire
2404 2601 2706 2657 Ezechiam
2740 2619 2755 2659 :

2029 2675 2147 2730 haec
2179 2675 2334 2729 enim
2367 2676 2509 2729 dicit
2541 2691 2635 2729 rex
2670 2675 3042 2747 Assyriorum
3079 2695 3092 2733 :

1960 2747 2151 2803 Facite
2185 2762 2412 2825 mecum
2434 2748 2996 2825 benedictionemet
3022 2751 3366 2821 egredimini
3391 2755 3462 2809 ad
3487 2771 3605 2825 me,

2029 2826 2086 2873 et
2117 2819 2404 2892 comedite
2434 2819 2845 2892 unusquisque
2885 2819 3110 2878 vineam
3143 2839 3335 2892 suam,

2032 2896 2089 2946 et
2112 2891 2524 2960 unusquisque
2557 2889 2728 2944 ﬁcum
2763 2907 2926 2945 suam
2964 2908 2977 2946 :

1963 2964 2032 3018 Et
2059 2964 2242 3037 bibite
2275 2962 2693 3037 unusquisque
2713 2979 2926 3032 aquam
2960 2964 3226 3020 cisternae
3259 2983 3401 3037 suae,

1887 3054 1929 3118 ρ
2038 3036 2222 3118 donec
2253 3035 2564 3118 veniamet
2596 3033 2795 3118 tollam
2834 3051 2932 3118 vos
2963 3037 3033 3091 ad
3067 3042 3304 3106 terram,
3341 3033 3467 3110 quae
3517 3045 3609 3095 est

2113 3112 2177 3160 ut
2206 3111 2360 3183 terra
2383 3110 2572 3183 vestra
2601 3106 2958 3183 (Al._similis
2991 3113 3154 3164 terrae
3188 3106 3436 3183 vestrae),

2038 3184 2255 3233 terram
2292 3176 2567 3230 frumenti
2597 3183 2653 3231 et
2685 3179 2822 3245 vini,

2039 3256 2254 3306 terram
2288 3264 2507 3318 panum
2540 3255 2596 3303 et
2625 3249 2950 3304 vinearum.

1972 3323 2088 3381 Nec
2118 3322 2426 3376 conturbet
2457 3336 2557 3374 vos
2587 3320 2876 3391 Ezechias,
2909 3322 3108 3378 dicens
3144 3341 3156 3378 ε

2045 3394 2326 3448 Dominus
2361 3391 2628 3446 liberabit
2661 3409 2786 3447 nos.

1972 3466 2246 3535 Nunquid
2275 3464 2667 3540 liberaverunt
2689 3465 3044 3540 diigentium
3072 3468 3485 3540 unusquisque
3506 3473 3615 3526 ter-

2115 3553 2241 3610 ram
2274 3552 2442 3610 suam
2470 3537 2744 3610 de_manu
2779 3538 2931 3610 regis
2961 3537 3331 3610 Assyriorum
3356 3540 3384 3596 ?

1974 3609 2078 3665 Ubi
2105 3614 2194 3664 est
2214 3609 2358 3662 deus
2385 3606 2614 3672 Emath,
2648 3618 2699 3662 et
2734 3606 2966 3678 Arphad
2992 3610 3018 3663 ?

2050 3682 2147 3736 ubi
2179 3687 2268 3735 est
2296 3681 2440 3733 deus
2458 3679 2867 3749 Sepharvaim?

2050 3751 2312 3822 nunquid
2346 3751 2738 3806 liberaverunt
2768 3751 3096 3807 Samariam
3129 3753 3200 3807 dc
3228 3771 3406 3809 manu
3442 3770 3570 3810 mea
3591 3754 3618 3808 ?

1978 3825 2120 3890 Quis
2152 3830 2240 3878 est
2269 3839 2337 3895 ex
2367 3822 2642 3877 omnibus
2690 3823 2802 3877 diis
2861 3830 3146 3878 terrarum
3197 3826 3469 3892 istarum,
3518 3825 3616 3895 qui

2119 3893 2334 3950 eruerit
2365 3900 2574 3948 terram
2607 3911 2773 3948 suam
2808 3895 2877 3949 de
2910 3912 3085 3949 manu
3131 3896 3303 3950 mea?

1976 3971 2046 4022 Et
2073 3966 2388 4035 siluerunt,
2420 3972 2474 4022 et
2504 3972 2671 4021 eruat
2686 3965 2970 4022 Dominus
3000 3966 3327 4023 Jerusalem
3351 3969 3421 4023 de
3439 3982 3615 4022 manu

2049 4056 2199 4106 mea,

2048 4116 2106 4166 et
2138 4127 2250 4165 non
2285 4108 2713 4180 responderunt
2743 4109 2793 4163 ei
2827 4109 3088 4165 verbum.

1977 4182 2355 4238 Mandaverat
2385 4181 2540 4236 enim
2571 4197 2688 4245 rex,
2721 4181 2924 4238 dicens
2957 4199 2970 4237 :

2048 4255 2130 4310 Ne
2155 4253 2560 4323 respondeatis
2590 4252 2663 4306 ei.

1977 4327 2048 4382 Et
2063 4321 2366 4452 ingressus
2387 4331 2477 4380 est
2498 4322 2734 4379 Eliacim
2762 4321 2922 4381 ﬁlius
2936 4323 3165 4390 Helciaa,
3191 4323 3425 4396 quierat
3443 4339 3622 4396 super

2161 4413 2384 4452 omum.

2161 4413 2384 4463 omum,

2049 4473 2118 4525 Et
2146 4470 2342 4525 Sobna
2373 4466 2586 4531 scriba,
2619 4472 2674 4522 et
2703 4467 2886 4523 Joahe
2920 4467 3076 4522 filius
3119 4467 3313 4538 Asaph
3372 4485 3406 4523 a
3448 4468 3620 4524 Com-

2122 4538 2447 4604 mentariis,
2478 4540 2549 4594 ad
2587 4539 2883 4594 Ezechiam
2921 4540 3124 4594 scissis
3153 4540 3443 4607 vestibus,

2050 4617 2106 4668 et
2137 4612 2553 4668 nuntiaverunt
2580 4613 2630 4666 ei
2665 4612 2838 4666 verba
2870 4611 3169 4668 Rabsacis.

1979 4683 2486 4812 (ϐαρῈΧΧέςνΠ.)
2517 4683 2586 4738 Et
2619 4683 2836 4739 factum
2869 4689 2978 4751 est,
3028 4701 3162 4740 cum
3215 4683 3481 4740 audisset
3524 4698 3624 4738 rex

2169 4773 2265 4811 zec
2313 4772 2419 4812 ias.

2169 4772 2419 4821 zecmas,

2054 4829 2230 4884 scidit
2257 4828 2607 4883 vestimenta
2632 4843 2761 4893 sua,
2793 4831 2850 4882 et
2880 4827 3190 4883 obvolutus
3222 4831 3312 4882 est
3342 4842 3532 4893 sacco,

2054 4905 2111 4955 et
2141 4901 2377 4955 intravit
2408 4899 2466 4970 in
2497 4898 2737 4953 domum
2771 4897 2999 4954 Domini
3023 4899 3129 4970 (Al.
3167 4898 3290 4966 Dei)
3321 4915 3335 4953 ε

1985 4973 2054 5027 Et
2077 4971 2237 5027 misit
2260 4969 2627 5041 Eliacim,qui
2653 4975 2775 5024 erat
2797 4987 2976 5041 super
2999 4967 3260 5038 domum,
3285 4974 3343 5024 et
3371 4967 3624 5024 Sobnam

2127 5043 2403 5105 scribam,
2431 5046 2488 5095 et
2518 5041 2776 5096 seniores
2823 5043 2894 5098 de
2925 5042 3352 5108 sacerdotibus,
3393 5043 3627 5110 opertos

2127 5114 2336 5186 saccis,
2361 5113 2439 5186 ad
2458 5113 2670 5169 Isaiam
2695 5113 2884 5169 ﬁlium
2909 5120 3090 5171 Amos
3122 5107 3467 5186 prophetam
3511 5107 3626 5180 (Al.

2132 5185 2470 5258 prophetis),

2059 5256 2419 5313 etdixerunt
2450 5256 2519 5311 ad
2555 5273 2689 5311 eum
2725 5273 2741 5313 :

1991 5331 2118 5384 llaec
2152 5330 2296 5385 dicit
2325 5329 2602 5384 Ezechias
2636 5345 2650 5383 :

2058 5402 2193 5458 Dies
2224 5401 2626 5457 tribulationis
2643 5401 2684 5467 ²,

1990 5545 2212 5601 talionis
2241 5553 2290 5599 et
2322 5545 2622 5614 angustiae,
2652 5549 2705 5597 et
2732 5541 3128 5614 corruptionis,
3159 5547 3223 5614 et,
3243 5539 3628 5614 blasphemia;

1989 5618 2088 5673 sed
2143 5633 2248 5671 vox
2298 5612 2560 5683 angustia
2611 5612 2921 5682 redundat,
2968 5631 3072 5670 nec
3117 5613 3333 5686 legitur
3363 5613 3422 5668 in
3455 5612 3628 5669 Com-

1991 5687 2317 5746 mentariis.
2353 5692 2536 5745 Maa'r.
