3938 6174
235 177 342 230 867

311 308 371 360 et
394 296 796 371 correptionis,

387 378 442 428 et
469 369 872 436 blasphemia,

385 444 510 499 dies
541 443 662 497 haec
696 458 710 497 :

239 518 388 585 Quia
414 510 816 570 veneruntﬁlii
849 524 1034 581 usque
1063 509 1133 585 ad
1169 515 1425 585 partum.

310 596 367 646 et
397 587 593 641 virtus.
613 601 726 640 non
754 587 844 637 est
867 582 1215 655 parturienti
1249 583 1364 653 (Al.
1397 582 1707 655 pariendi).

241 663 298 718 Si
333 658 624 732 quomodo
656 653 1178 732 audiatiDominus
1212 655 1362 732 Deus
1385 653 1522 732 tuus
1549 656 1724 732 verba
1742 654 1890 709 Rab-

312 727 486 797 sacis,
514 744 690 800 quem
725 727 1014 800 misitirex
1045 729 1413 800 Assyriorum
1437 728 1713 782 dominus
1742 743 1886 782 suus

381 802 454 860 ad
489 797 1022 871 blasphemandum
1056 797 1237 871 Deum
1269 799 1582 865 viventem,

308 879 367 931 et
395 869 866 944 exprobrantium
901 870 1300 936 sermonibus,
1348 871 1500 943 quod
1527 869 1752 926 audivit
1779 873 1886 926 Do-

381 946 578 1001 minus
613 948 764 998 Deus
793 947 954 997 tuus.

239 1019 386 1074 Leva
415 1033 549 1085 ergo
579 1016 899 1070 orationem
932 1029 1033 1085 pro
1065 1012 1327 1084 reliquiis

312 1106 440 1161 quae
475 1092 714 1159 repertae
747 1093 905 1161 sunt.

241 1166 308 1218 Et
329 1154 622 1218 venerunt
651 1159 798 1213 servi
833 1155 988 1228 regis
1019 1156 1274 1212 Ezecbize
1306 1156 1377 1212 ad
1411 1154 1643 1212 Isaiam.

313 1237 383 1288 Et
413 1231 559 1287 dixit
587 1231 653 1286 ad
683 1245 782 1285 eos
814 1230 998 1284 Isaias
1031 1245 1044 1284 :

240 1305 374 1361 Haec
404 1303 610 1359 dicetis
635 1300 873 1357 domino
903 1305 1096 1356 vestro
1128 1316 1141 1354 :

241 1378 373 1432 Haec
401 1375 545 1430 dicit
580 1373 862 1430 Dominus
888 1388 902 1428 :

209 1514 215 1518 ,
242 1453 322 1505 Ne
349 1447 560 1504 timeas
592 1462 625 1518 a
657 1445 800 1518 facie
833 1442 1138 1498 verborum
1175 1457 1300 1518 quas
1334 1441 1575 1518 audisti,

314 1519 530 1592 quibus
561 1516 1046 1590 blasphemarunt
1097 1511 1259 1587 pueri
1312 1515 1464 1588 regis
1515 1511 1885 1586 Assyriorum

386 1607 501 1646 me.

241 1665 310 1721 Et
339 1678 446 1735 ego
478 1660 627 1735 dabo
659 1658 709 1714 ei
743 1658 1045 1735 spiritum,

315 1729 591 1790 et'audiel
627 1732 899 1786 nuntium
934 1736 992 1785 et
1021 1733 1342 1785 revertetur
1358 1729 1427 1785 ad
1448 1733 1662 1784 terram
1695 1744 1888 1798 suam,

313 1811 371 1862 et
395 1820 664 1862 corruere
691 1819 824 1858 eum
852 1801 1056 1857 faciam
1082 1801 1278 1873 gladio
1311 1802 1368 1856 in
1401 1807 1557 1856 terra
1588 1818 1716 1857 sua.

245 1879 528 1935 Reversus
558 1879 649 1932 est
681 1879 875 1930 autem
912 1873 1226 1942 Rabsaces,

313 1957 369 2006 et
399 1948 621 2004 invenit
651 1961 846 2018 regem
874 1945 1243 2016 Assyriorum
1285 1944 1645 2017 praeliantem
1677 1945 1885 1999 adver-

385 2038 488 2078 sus
523 2021 806 2074 Lobnam.

239 2093 517 2149 Audierat
546 2092 702 2146 enim
738 2088 873 2160 quia
907 2088 1204 2160 profectus
1226 2092 1382 2143 esset
1412 2089 1482 2142 de
1513 2086 1743 2152 Lacbis,

313 2170 372 2220 et
393 2163 648 2220 audivit!
677 2163 746 2217 de
765 2161 1030 2216 Tharaca
1053 2175 1185 2231 rege
1208 2160 1532 2233 lEthiopiae,
1578 2160 1839 2214 dicentes
1873 2175 1886 2216 :

243 2236 531 2309 Egressus
561 2239 674 2302 est,
706 2237 1025 2309 utupugnet
1055 2238 1257 2309 contra
1287 2237 1362 2309 te_.

312 2300 472 2374 Quod
507 2323 640 2363 cum
663 2300 956 2374 audisset,
999 2304 1162 2359 misit
1185 2303 1424 2359 nuntios
1456 2302 1526 2358 ad
1562 2300 1888 2370 Ezechiam,

384 2380 590 2434 dicens
623 2394 637 2434 :

248 2445 376 2506 Hec
396 2450 604 2507 dicetis
630 2446 886 2504 Ezechiae
909 2446 1029 2518 regi
1059 2446 1249 2518 Judae,
1283 2446 1590 2518 loquentes
1624 2461 1637 2502 :

244 2525 372 2578 Non
403 2527 460 2579 te
491 2520 743 2590 decipiat
774 2524 923 2574 Deus
953 2525 1114 2586 tuus,

315 2595 374 2650 in
407 2599 612 2668 quotu
649 2591 918 2668 confidis,
951 2591 1152 2668 dicens
1182 2605 1197 2644 :

245 2670 373 2722 Non
404 2658 646 2722 dabitur
673 2661 999 2719 Jerusalem
1034 2663 1091 2717 in
1117 2677 1292 2716 manu
1322 2660 1474 2731 regis
1491 2658 1890 2732 Assyriorum,

316 2740 462 2794 Ecce
486 2743 546 2794 tu
580 2735 797 2792 audisti
831 2734 1032 2790 omnia
1065 2749 1192 2805 qua:
1227 2735 1490 2787 fecerunt
1520 2747 1683 2804 rcges
1715 2733 1888 2804 Assy-

386 2810 606 2866 riorum
640 2807 916 2862 omnibus
940 2804 1106 2860 terris
1132 2820 1280 2877 quas
1313 2804 1746 2873 subverterunt,

315 2886 374 2938 et
402 2888 462 2937 tu
499 2880 717 2953 poteris
752 2878 986 2934 liberari
1015 2881 1037 2934 i’

249 2946 534 3023 Nunquid
591 2960 863 3023 aruerunt
911 2965 1009 3007 eos
1059 2947 1139 3002 dii
1170 2946 1450 3019 gentium,
1482 2962 1626 3016 quos
1657 2946 1892 3002 subver-

387 3022 587 3080 terunt
618 3022 731 3078 mei
759 3023 787 3076 ’ἶ

1271 176 1312 226 S
1373 175 1780 229 HIERONYMI
1817 176 2067 229 DIVINA
2105 171 2602 228 BIBLIOTHECA.

1914 301 1968 367 Α
2003 295 2277 368 Despexit
2305 299 2383 366 te,

2073 366 2134 423 et
2161 367 2548 423 subsannavit
2578 371 2635 422 te
2667 366 2826 440 virgo
2859 369 2979 424 ﬁlia
3009 369 3189 440 Sion;

2074 448 2206 511 post
2239 445 2291 494 te
2322 445 2500 509 caput
2525 439 2707 495 movit
2737 440 2876 504 tilia,
2907 439 3256 498 Jerusalem.

2003 511 2106 568 Cui
2132 511 2516 582 exprobrasti,
2549 518 2607 566 et
2636 527 2809 585 quem
2847 511 3288 585 lulasphcmasti,

2075 589 2132 640 et
2159 599 2336 660 super
2364 599 2535 660 quem
2553 583 2836 660 exaltasti
2888 583 3084 660 vocem
3119 587 3227 656 (Al.
3259 587 3386 642 add.
3439 592 3651 660 tuam),

2146 660 2204 710 et
2237 655 2435 709 levasti
2468 655 2838 710 altitudinem
2872 655 3173 713 oculorum
3209 664 3449 715 tuorum
3483 660 3512 714 εἰ

2005 726 2088 783 Ad
2124 731 2391 782 sanctum
2428 726 2625 782 Israel.

2007 799 2070 853 In
2107 813 2285 924 mitia;
2332 815 2635 923 setnvorum
2685 803 2923 855 tuorum
2969 801 3333 872 exprobrasti
3381 803 3657 871 Domino,

2143 885 2173 923 e
2274 886 2425 924 1X28]
2466 887 2478 924 :

2143 875 2200 923 et
2231 869 2425 924 dixisti
2466 887 2478 924 :

2004 940 2064 996 In
2102 941 2477 1019 multitudine
2505 939 2926 1019 quadrigarum
2960 959 3221 1019 mearum
3257 961 3363 1019 ego
3414 947 3654 1003 escendi

2145 1012 2865 1086 altitudinem’monti'um,
2893 1015 3040 1086 juga
3070 1015 3293 1076 Libani.

2074 1087 2128 1138 et
2159 1085 2456 1158 succidam
2489 1085 3052 1158 excelsacedrorum
3086 1089 3232 1158 ejus.

2073 1162 2131 1211 et
2160 1156 2373 1212 electas
2406 1156 2628 1228 abietes
2661 1155 2848 1228 illius,

2003 1229 2072 1284 Et
2101 1227 2754 1302 introiboaltitudinem
2790 1229 3154 1287 summitatis
3185 1231 3332 1302 ejus,

2074 1299 2288 1354 saltum
2314 1299 2606 1356 Charmeli
2641 1302 2790 1371 ejus.

2003 1371 2119 1444 Ego
2151 1372 2290 1438 fodi,
2324 1377 2379 1426 et
2411 1371 2532 1444 bibi
2565 1388 2802 1443 aquam,

2075 1449 2133 1498 et
2159 1443 2447 1498 exsiccavi
2479 1445 2720 1515 vestigio
2747 1443 2910 1514 pedis
2935 1444 3043 1498 mei
3065 1460 3269 1501 omnes
3294 1447 3452 1503 rivos
3473 1464 3657 1521 agge-

2148 1531 2303 1569 rum.

2004 1587 2279 1658 Nunquid
2311 1601 2425 1640 non
2458 1585 2674 1641 audisti
2709 1602 2837 1658 qua:
2870 1585 3006 1641 olim
3043 1588 3275 1644 fecerim
3308 1591 3408 1646 ei?

2071 1674 2138 1714 ex
2168 1659 2376 1713 diebus
2406 1657 2670 1730 antiquis
2705 1674 2810 1730 ego
2848 1658 3125 1729 psalmavi
3160 1659 3306 1716 illud
3345 1679 3358 1717 :

2070 1737 2126 1804 ct
2156 1747 2310 1785 nunc
2338 1730 2552 1804 adduxi
2587 1730 2868 1804 (Al.__adt_l.
2902 1746 3002 1786 eos
3028 1748 3039 1797 ;
3070 1735 3114 1802 f.
3137 1733 3302 1804 illud,
3325 1751 3397 1790 ea:
3420 1735 3653 1804 Hebr):

1999 1806 2068 1858 Et
2098 1803 2310 1880 factum
2345 1807 2431 1856 est
2461 1801 2521 1856 in
2569 1800 3021 1858 eradicationem
3071 1800 3312 1861 eollium
3363 1800 3655 1880 compug-

2143 1873 2440 1937 nautium,

2070 1949 2127 2000 et
2155 1947 2457 2000 civitatum
2493 1944 2878 2000 munitarum.

1999 2016 2391 2072 Ilabitatot'res
2425 2033 2626 2072 earum
2659 2017 2916 2072 breviata
2938 2034 3113 2074 manu
3139 2023 3651 2088 contremuerunt,

2071 2095 2126 2144 et
2157 2088 2385 2144 confusi
2419 2094 2559 2144 sunt
2585 2106 2598 2156 ;

2001 2161 2154 2217 Facti
2189 2165 2327 2216 sunt
2357 2159 2510 2215 sicut
2539 2161 2735 2214 fenum
2768 2159 2914 2233 agri,

2071 2238 2127 2288 et
2155 2248 2395 2303 gramen
2431 2248 2682 2303 pascuae,

2070 2310 2127 2362 et
2158 2302 2337 2360 herba
2368 2302 2672 2374 tectorum,
2704 2319 2831 2374 quae
2861 2302 3086 2360 exaruit
3105 2307 3422 2379 antequam
3454 2311 3653 2364 matu-

2144 2380 2418 2444 resceret,

1999 2447 2429 2504 Ilabitationem
2458 2452 2646 2514 tuam,
2679 2449 2744 2520 et
2765 2461 3066 2517 egressum
3117 2451 3312 2520 tuum,
3345 2456 3402 2506 et
3453 2451 3666 2508 introi-

2140 2526 2268 2574 tum
2303 2524 2471 2574 tuum
2507 2518 2772 2587 cognovi,

2069 2597 2126 2645 et
2155 2591 2448 2646 insaniam
2481 2595 2644 2644 tuam
2675 2593 2879 2644 contra
2912 2607 3025 2648 me.

1997 2667 2137 2718 Cum
2176 2665 2398 2718 t'ureres
2431 2662 2741 2717 adversum
2777 2678 2893 2727 me,

2069 2736 2346 2806 superbia
2375 2739 2478 2789 tua
2507 2732 2772 2806 ascendit
2803 2734 2860 2787 in
2891 2749 3062 2788 aures
3098 2750 3258 2790 meas
3278 2752 3300 2796 ,·

2000 2803 2219 2862 Ponam
2247 2823 2384 2877 ergo
2417 2806 2699 2860 circulum
2735 2803 2796 2877 in
2826 2806 3066 2860 naribus
3097 2808 3238 2877 tuis,

2073 2882 2130 2933 et
2160 2876 2388 2932 frenum
2421 2878 2479 2932 in
2514 2877 2682 2932 labiis
2717 2876 2858 2940 tuis,

2071 2956 2129 3005 et
2150 2950 2425 3005 reducam
2462 2955 2514 3004 te
2545 2949 2602 3003 in
2630 2949 2781 3002 viam
2817 2963 2920 3019 per
2949 2965 3126 3019 quam
3171 2949 3407 3017 venisti,

1949 3068 1963 3092 ,
2003 3022 2130 3076 Tibi
2162 3029 2355 3076 autem
2391 3021 2498 3076 hoc
2543 3021 2655 3074 erit
2686 3019 2918 3090 signum
2958 3037 2970 3075 :

240 3067 894 3166 Goza‘m-fet'Arar-n'tet
951 3089 1200 3166 Re_seph,
1259 3093 1316 3145 et
1374 3089 1526 3146 filios
1574 3089 1753 3158 Eden,
1790 3089 1886 3161 qui
1923 3067 1965 3134 (ἶ
2005 3067 3330 3166 cbixié'd'éiiiic"£6n6'dfuB'ZiSBﬁie'nascuntur,

387 3163 556 3224 erant
586 3167 644 3221 in
679 3163 1046 3220 Thalassar?

252 3238 360 3294 Ubi
391 3245 482 3296 est
511 3237 742 3303 Emath,
778 3240 834 3291 et
865 3253 962 3290 rex
988 3232 1248 3306 Arphad,

316 3316 373 3366 et
403 3327 500 3366 rex
531 3309 696 3366 urbis
723 3303 1126 3370 Sepharvaim,
1160 3311 1304 3368 Ana,
1341 3307 1399 3358 et
1426 3305 1542 3358 Ava
1567 3303 1594 3358 ‘?

245 3382 311 3436 Et
340 3382 477 3438 tulit
507 3379 778 3437 Ezechias
800 3374 982 3434 libros
1003 3378 1073 3432 de
1116 3392 1290 3430 manu
1320 3376 1685 3441 nuntiorum,
1719 3379 1776 3430 et
1804 3374 1886 3430 1e-

391 3452 475 3526 git
503 3456 715 3526 eos,pet
743 3449 1096 3526 ascenditin
1129 3448 1369 3526 domum
1407 3447 1663 3526 Domini2

312 3531 370 3582 et
391 3517 676 3597 ‘éxpandit
704 3539 803 3597 eos
838 3520 1108 3578 Ezechias
1138 3518 1242 3587 (Al.
1279 3522 1419 3574 tacet
1461 3517 1758 3589 Ezechias)
1791 3533 1893 3572 co-

425 3595 547 3652 ram
585 3595 849 3650 [)omino.

317 3669 384 3724 Et
414 3667 596 3725 oravit
629 3665 902 3722 Ezechias
948 3663 1056 3736 (Al.
1091 3665 1228 3718 tacet
1260 3659 1550 3732 Ezechias)
1585 3661 1655 3716 ad
1690 3658 1891 3716 Domi-

389 3757 555 3807 num,
589 3739 792 3794 dicens
827 3753 840 3792 :

319 3803 568 3869 Domine
598 3809 984 3875 exercituum,
1018 3810 1169 3860 Deus
1199 3803 1401 3875 Israel,
1435 3803 1535 3876 qui
1569 3804 1738 3860 sedes
1789 3819 1893 3858 su-

395 3901 497 3957 per
526 3882 854 3957 cherubim,

319 3949 467 4012 tu'es
503 3960 650 4011 Deus
683 3949 846 4010 solus
865 3949 1127 4007 omnium
1163 3963 1475 4020 regnorum
1509 3951 1696 4016 terrae,

322 4034 383 4083 tu
420 4027 605 4084 fecisti
639 4025 846 4082 ccnlum
878 4028 936 4078 et
967 4028 1202 4077 terram.

252 4100 497 4172 Inclina,
530 4098 796 4172 Domine,
832 4110 1032 4172 aurem
1067 4089 1548 4172 tuam,‘et.audi;

321 4163 785 4244 aperi'ADomine,
810 4165 1197 4244 oculosjuos.
1228 4167 1286 4244 et
1316 4163 1464 4244 vide,

319 4233 378 4298 et
406 4242 542 4299 audi
575 4233 777 4298 omnia
802 4240 978 4294 verba
1021 4233 1436 4301 Sennacherib,
1471 4249 1598 4304 qua:
1633 4233 1796 4288 misit
1825 4233 1891 4288 ad

391 4312 924 4386 blasphemandum
950 4308 1141 4386 Deum
1168 4307 1478 4386 viventem.

249 4386 394 4442 Vere
424 4379 604 4452 enim,
629 4385 898 4453 Domine,
933 4382 1194 4453 desertas
1227 4379 1493 4433 fecerunt
1524 4391 1690 4448 reges
1720 4382 1896 4449 Assy-

392 4443 617 4533 riorum
648 4463 831 4533 terras
863 4443 919 4510 et
951 4443 1220 4533 regiones
1239 4465 1449 4533 .earum
1477 4468 1490 4516 ;

320 4535 377 4586 et
407 4531 696 4586 dederunt
727 4531 864 4583 deos
897 4539 1094 4581 earum
1131 4523 1251 4595 igni
1288 4537 1302 4580 :

246 4605 372 4658 Non
400 4602 556 4658 enim
591 4605 759 4657 erant
789 4598 892 4663 dii,

319 4673 418 4746 sed
452 4689 628 4746 Opera
659 4684 944 4746 manuum
977 4665 1311 4731 hominum,

319 4742 549 4818 lignum
582 4748 639 4818 et
668 4742 814 4816 lapis
849 4758 862 4796 :

317 4817 389 4874 et
405 4817 884 4874 comminuerunt
912 4826 1033 4867 eos°

248 4894 317 4945 Et
348 4905 521 4957 nunc,
557 4888 802 4945 Domine
832 4885 990 4941 Deus
1013 4884 1236 4945 noster,
1279 4876 1439 4934 salva
1461 4895 1568 4934 nos
1611 4879 1682 4934 de
1715 4895 1891 4935 manu

390 4977 520 5016 81118
553 4977 566 5015 ε

318 5040 367 5088 et
390 4976 756 5106 :Jolgsnoscant
779 5028 988 5106 omnia
1007 5039 1186 5106 regna
1218 5025 1409 5106 terrae,
1444 5022 1583 5094 quia

223 5145 226 5150 -
319 5111 383 5161 tu
406 5093 785 5162 esVDominus
817 5100 924 5166 (Al.
951 5093 1122 5155 Deus)
1153 5093 1332 5149 solus.

248 5179 316 5233 Et
349 5177 512 5232 misit
559 5174 743 5232 Isaias
779 5164 936 5227 ﬁlius
969 5177 1146 5222 Amos
1180 5167 1248 5220 ad
1283 5164 1612 5236 Ezechiam,
1647 5165 1846 5221 dicens
1881 5182 1893 5220 :

245 5249 375 5304 Haec
409 5248 554 5305 dicit
585 5247 872 5302 Dominus
897 5249 1052 5300 Deus
1079 5238 1250 5294 Israel
1283 5254 1296 5292 :

249 5322 355 5378 Pro
387 5321 605 5406 quibus
638 5317 856 5391 rogasti
890 5330 982 5370 me
1013 5314 1084 5368 de
1115 5308 1513 5366 Sennacherib
1545 5324 1677 5381 rege
1719 5309 1897 5382 Assy-

391 5408 637 5456 rmrum,

317 5464 426 5521 hoc
458 5471 547 5520 est
577 5449 820 5520 verbum
851 5456 1004 5530 quod
1038 5455 1273 5511 locutus
1306 5457 1396 5507 est
1415 5450 1700 5508 Dominus
1723 5469 1898 5525 super
1943 5449 1949 5456 ’

388 5553 556 5604 eum;

2071 3171 2128 3219 et
2160 3166 2214 3218 in
2250 3181 2402 3218 anno
2433 3164 2688 3218 secundo
2720 3163 2911 3234 pomis
2941 3180 3168 3219 vescere
3201 3180 3214 3219 :

1997 3237 2055 3292 In
2091 3253 2244 3292 anno
2277 3242 2470 3310 autem
2503 3235 2674 3290 tertio
2706 3236 3012 3310 seminate,
3045 3242 3101 3291 et
3133 3235 3354 3301 metite,
3385 3240 3444 3292 et
3476 3237 3655 3310 plan-

2144 3313 2260 3362 tate
2297 3308 2512 3374 vineas,
2540 3312 2597 3361 et
2625 3307 2911 3362 comedite
2941 3309 3194 3362 fructum
3230 3325 3454 3363 earum.

2000 3381 2071 3436 Et
2103 3382 2295 3434 mittet
2319 3380 2398 3448 id,
2432 3380 2587 3450 quod
2623 3377 2914 3434 salvatum
2952 3381 3125 3434 fuerit
3156 3380 3227 3434 de
3257 3381 3433 3436 domo
3484 3380 3651 3436 Juda

2029 3465 2031 3467 ‘
2071 3457 2128 3507 et
2159 3453 2311 3522 quod
2351 3450 2642 3522 reliquum
2677 3455 2785 3514 est,
2816 3451 3070 3506 radicem
3106 3452 3413 3519 deorsum,

2071 3529 2128 3579 et
2161 3524 2333 3577 faciet
2367 3527 2622 3578 fructum
2657 3539 2919 3588 sursum,

2001 3595 2148 3659 Quia
2176 3595 2246 3666 de
2274 3594 2604 3650 Jerusalem
2641 3595 2883 3649 exibunt
2914 3592 3201 3666 reliquiae,

2073 3671 2130 3722 et
2158 3665 2405 3720 salvatio
2437 3668 2505 3722 de
2539 3671 2740 3721 monte
2769 3666 2904 3720 Sion
2941 3681 2955 3721 :

2001 3739 2168 3794 Zelus
2198 3737 2421 3792 Domini
2454 3738 2818 3793 exercituum
2855 3737 3024 3792 faciet
3057 3737 3238 3802 istud,

2003 3816 2313 3881 PrOpterea
2346 3810 2463 3865 haec
2492 3810 2633 3882 dicit
2664 3810 2946 3865 Dominus
2977 3809 3046 3864 de
3073 3825 3205 3882 rege
3237 3809 3616 3882 Assyriorum
3652 3826 3666 3864 :

2001 3883 2126 3938 Non
2159 3881 2426 3936 introibit
2453 3881 2743 3936 civitatem
2779 3881 2952 3948 hanc,

2074 3959 2132 4008 et
2163 3969 2278 4007 non
2299 3953 2477 4023 jaciet
2507 3953 2588 4008 ibi
2623 3952 2924 4024 sagittam,

2074 4031 2132 4082 et
2162 4041 2277 4080 non
2310 4025 2619 4095 occupabit
2649 4041 2778 4080 eam
2813 4025 3074 4096 clypeus,

2075 4103 2131 4153 et
2163 4113 2272 4151 non
2302 4097 2496 4151 mittet
2528 4097 2582 4150 in
2615 4097 2863 4151 circuitu
2897 4098 3024 4167 ejus
3057 4110 3346 4166 aggerem.

2007 4170 2068 4224 In
2099 4170 2192 4224 via
2223 4185 2339 4240 qua
2377 4167 2533 4240 venit
2561 4168 2664 4239 (Al.
2702 4167 2934 4240 veniet),
2987 4183 3090 4240 per
3137 4170 3664 4240 camprevertetur,

2077 4237 2440 4297 etcivitatem
2480 4237 2631 4294 hanc
2655 4257 2765 4294 non
2790 4237 3170 4311 ingredietur,
3187 4237 3327 4292 dicit
3348 4237 3664 4311 Dominus;

2006 4315 2074 4368 Et
2106 4322 2401 4386 protegam
2432 4311 2720 4366 civitatem
2756 4309 2952 4378 ista'm,
2997 4316 3059 4364 ut
3089 4311 3269 4365 salvet
3300 4311 3406 4382 (Al.
3440 4315 3498 4365 et
3545 4309 3667 4366 sal-

2149 4384 2316 4451 vabo)
2348 4401 2472 4437 eam
2511 4388 2747 4456 propter
2778 4399 2889 4449 me,

2079 4460 2136 4510 et
2168 4461 2404 4527 propter
2434 4456 2611 4511 David
2647 4471 2880 4510 servum
2917 4470 3136 4509 meum.

2009 4522 2294 4601 Egressus
2323 4530 2422 4601 est
2443 4531 2631 4601 autem
2667 4527 2908 4601 angelus
2945 4524 3170 4601 Domini
3203 4522 3501 4601 (ALDei),

2077 4598 2135 4654 et
2163 4599 2456 4670 percussit
2479 4598 2538 4654 in
2565 4598 2774 4654 castris
2813 4598 3182 4670 Assyriorum
3215 4600 3455 4652 centum
3497 4599 3668 4652 octo-

2149 4671 2312 4742 ginta
2345 4672 2606 4742 quinque
2641 4670 2851 4726 millia.

2007 4742 2073 4797 Et
2104 4748 2484 4797 surrexerunt
2515 4759 2705 4808 mane,

2075 4819 2131 4869 et
2159 4830 2291 4870 ecce
2322 4830 2526 4869 omnes
2547 4813 2662 4881 (Al.
2690 4813 2927 4886 omnia),
2954 4811 3237 4868 cadavera
3260 4814 3663 4867 mortuorum.

2006 4889 2074 4940 Et
2098 4902 2376 4959 egressus
2405 4893 2515 4950 est,
2544 4891 2602 4942 et
2631 4885 2798 4950 abiit,

2078 4953 2433 5013 et'reversus
2456 4963 2546 5013 est
2573 4955 2966 5012 Sennacherib
3025 4970 3125 5010 rex
3174 4953 3553 5027 Assyriorum
3599 4957 3660 5010 et

2148 5029 2433 5084 habitavit
2465 5028 2520 5083 in
2556 5029 2779 5084 Ninive.

2007 5101 2075 5155 Et
2105 5101 2321 5156 factum
2355 5106 2464 5168 est,
2499 5117 2630 5156 cum
2683 5101 2952 5156 adoraret
3009 5098 3069 5153 in
3127 5095 3348 5170 templo
3406 5095 3657 5153 Nelrach

2150 5174 2323 5228 deum
2358 5189 2551 5237 suum,

2007 5243 2388 5370 AdrarlneAecb
2421 5251 2478 5300 et
2507 5251 2748 5299 Sarasar
2780 5241 2879 5297 ﬁlii
2915 5241 3045 5312 ejus
3079 5246 3496 5314 percusserunt
3527 5255 3661 5295 eum

2150 5335 2181 5370 ρ
2211 5337 2239 5370 tl
2290 5333 2342 5370 10
2378 5335 2391 5370 ζ

2150 5318 2342 5382 gladio
2378 5335 2391 5382 ;

2082 5387 2470 5460 fugerentque
2499 5386 2556 5442 in
2587 5391 2806 5460 terram
2844 5390 3070 5460 A_rarat,

2079 5457 2425 5526 etregnavit
2454 5459 2829 5515 Assaraddon
2867 5457 3022 5512 [ilius
3055 5457 3183 5524 ejus
3218 5472 3322 5526 pro
3356 5470 3446 5510 eo.

2010 5529 2161 5602 (Cap.
2199 5524 2534 5605 XXXVIII.)
2569 5531 2630 5587 In
2655 5531 2867 5587 diebus
2896 5529 3014 5584 illis
3046 5524 3347 5601 agrot‘avit
3387 5524 3665 5583 Ezechias

319 5680 564 5753 ‘Canon
593 5672 1079 5735 Carcassonensis
1111 5669 1254 5746 legit
1281 5670 1342 5726 in
1393 5674 1665 5727 contextu
1717 5688 1881 5732 sacro
1931 5675 2169 5746 Tharsa;
2229 5679 2330 5736 sed
2388 5677 2448 5735 in
2508 5677 2772 5753 margine
2829 5673 3007 5732 habet
3064 5670 3331 5730 scholion
3387 5669 3548 5728 istud
3603 5667 3657 5723 Ii.

249 5750 568 5810 Tharacha.
601 5755 786 5806 MART.
