1969 3087
211 81 261 108 871

214 143 315 171 Exalta
330 141 359 169 in
376 142 546 170 fortitudine
561 149 659 170 vocem
677 144 769 175 tuam,

250 179 300 215 qui
318 178 371 214 (Al.
382 182 460 215 quae)
477 178 658 214 evangelizas
672 176 837 206 Jerusalem
854 185 861 204 :

215 213 324 248 Exalta,
342 213 401 241 noli
417 214 528 242 timere.

251 251 301 278 Dic
318 250 485 278 civitatibus
500 250 582 278 Judaa
599 259 606 277 ε

215 287 287 314 Ecce
301 289 380 313 Deus
395 288 490 313 vester
506 295 513 314 :

253 322 321 349 Ecce
335 322 479 349 Dominus
495 324 571 349 Deus
587 321 616 349 in
633 320 805 349 fortitudine
820 320 925 353 veniet,

251 362 279 385 et
294 357 450 385 brachium
469 358 533 393 ejus
550 357 771 385 dominabitur:

216 394 288 421 Ecce
305 401 415 429 merces
430 394 494 429 ejus
510 402 575 421 cum
591 401 637 428 eo,

248 433 276 457 et
290 437 365 465 opus
381 428 461 457 illius
478 438 576 457 coram
601 429 674 464 ipso.

215 464 299 493 Sicut
311 464 412 501 paslor
427 473 543 501 gregem
559 474 647 493 suum
665 467 763 501 pascet
780 474 787 493 :

248 500 414 564 inlbraghtio
430 500 484 529 suo
501 500 690 537 congregabit
704 510 807 538 agnos,
822 501 888 529 etin
904 500 972 529 sinu
984 508 1037 529 suo

295 545 346 564 eva
370 545 378 563 ι
396 558 402 564 .

295 539 402 571 evabit,

251 572 334 609 foetae
350 572 411 609 ipse
424 572 560 608 portabit.

211 608 280 641 Quis
297 617 417 636 mensus
433 610 478 644 est
493 608 604 644 pugillo
620 616 723 643 aquas.

245 648 274 672 et
290 646 378 672 ccelos
395 643 500 680 palmo,
509 643 681 679 ponderavit
691 645 704 672 ?

211 681 281 713 Quis
298 681 437 716 appendit
454 680 548 707 tribus
566 680 665 716 digitis
681 680 789 709 molem
806 683 900 715 terrae,

246 718 275 743 et
290 716 406 744 libravit
424 716 451 743 in
470 716 595 751 pondere
611 719 737 750 montes,

248 754 276 779 et
291 751 380 779 colles
396 752 425 779 in
442 754 551 779 statera
562 752 575 779 ἱ)

211 788 282 821 Quis
298 788 410 823 adjuvit
424 788 562 823 spiritum
583 787 722 815 Domini?

246 826 297 851 aut
313 825 379 859 quis
396 823 584 851 consiliarius
598 824 661 858 ejus
678 823 742 858 fuit,

244 863 272 888 et
285 860 415 887 ostendit
432 859 498 887 illi?

209 896 282 923 Cum
297 904 355 931 quo
370 895 436 922 iniit
451 894 618 928 consilium,
631 896 659 922 et
671 894 808 923 instruxit
822 904 901 930 cum,

243 935 272 959 et
288 930 389 959 docuit
404 939 472 959 eum
489 930 626 959 semitam
639 931 775 966 justitiaa,

245 971 273 995 el
288 968 413 995 erudivit
428 976 494 995 eum
511 967 678 1001 scientiam,

245 1008 272 1031 et
287 1004 365 1031 viam
379 1003 540 1039 prudentia
556 1003 685 1030 ostendit
700 1002 741 1029 illi
756 1005 767 1031 Ρ

210 1039 283 1068 Ecce
298 1038 400 1074 gentes
416 1039 500 1074 quasi
516 1038 596 1066 stilla
613 1039 717 1072 situlae,

247 1078 276 1102 et
292 1075 377 1116 quasi
392 1077 616 1116 monumentum
634 1076 747 1115 statera.-
767 1076 906 1110 reputataa
925 1077 1019 1109 sunt;

210 1111 281 1138 Ecce
298 1110 402 1138 insula:
416 1111 500 1146 quasi
517 1110 612 1146 pulvis
628 1111 762 1145 exiguus.

209 1147 243 1174 Et
258 1147 347 1209 Lijban
355 1155 387 1174 us
404 1145 462 1174 non
478 1145 604 1174 sufﬁciet
619 1147 671 1177 (ΑΙ.
683 1145 840 1181 sul'ﬁcit)ad
854 1147 1029 1174 succenden-

302 1191 366 1209 um.
719 1189 723 1192 '

302 1191 366 1211 um.
719 1189 723 1192 ⁷

245 1220 273 1245 et
288 1217 427 1246 animalia
444 1218 507 1253 ejus
522 1226 578 1245 non
595 1216 742 1245 sufﬁcient
757 1217 790 1244 ad
815 1216 1031 1246 holocaustum.

210 1254 317 1281 Omnes
331 1257 433 1289 gentes
450 1254 533 1289 quasi
552 1262 608 1281 non
626 1253 695 1285 sint,
711 1253 788 1280 sicut
803 1261 899 1280 coram
916 1262 960 1287 eo,

244 1292 272 1318 et
288 1290 372 1325 quasi
391 1289 514 1317 nihilum
531 1292 558 1317 et
573 1289 659 1317 inane
676 1291 814 1325 reputatae
831 1292 900 1317 sunt
914 1290 950 1317 ei.

210 1326 260 1353 Cui
277 1334 346 1361 ergo
362 1325 489 1353 similem
507 1325 618 1353 fecistis
637 1327 641 1352 l
658 1325 745 1352 cum?

242 1365 293 1389 aut
308 1359 396 1403 quam
414 1361 577 1403 im_aginein_
589 1361 699 1403 po.nc.lils
716 1359 765 1403 ei?

208 1397 347 1433 Nunquid
364 1397 488 1433 scuptile
504 1397 640 1424 conflavit
656 1397 759 1424 faber?

243 1438 292 1461 aut
308 1434 420 1461 aurifex
438 1442 507 1461 auro
525 1433 660 1468 ﬁguravit
675 1433 758 1466 illud,

244 1473 272 1497 et
287 1469 408 1497 laminis
423 1469 571 1505 argenteis
587 1468 795 1505 argentarius?

207 1490 417 1541 ροῖἱέῑῖξὲιῖὶἇι
423 1490 875 1540 ἔιδῦἐὶξῖιίῐνῖιῷἶῖἔὲᾗεέῆᾟτιῖ[εκ
892 1504 1025 1541 sapiens:

240 1540 344 1576 quaerit
359 1541 410 1571 (Al.
427 1543 455 1568 et
471 1541 590 1576 quaeret)
606 1541 751 1576 quomodo
768 1542 878 1568 statuat
908 1540 1027 1567 simula-

278 1585 372 1608 crum,
390 1578 467 1611 quod
486 1585 543 1603 non
561 1579 720 1604 moveatur.

206 1612 344 1647 Nunquid
361 1621 416 1639 non
432 1612 513 1639 scitis
528 1612 583 1646 ςΑι.
601 1612 733 1646 scietis)?

242 1647 374 1683 nunquid
393 1656 448 1675 non
467 1647 591 1676 audistis
605 1648 658 1683 (At.
674 1647 833 1680 audietis)?

242 1684 374 1719 nunquid
393 1693 449 1711 non
466 1684 671 1711 annuntiatum
688 1687 731 1711 cst
745 1684 827 1711 vobis
838 1685 874 1712 ab
891 1684 993 1712 initio?

242 1720 377 1755 nunquid
394 1728 452 1747 non
468 1720 653 1747 intellexistis
666 1720 855 1748 fundamenta
870 1721 975 1748 terris?

210 1756 264 1788 Qui
279 1756 360 1783 sedet
374 1764 462 1790 super
476 1764 579 1791 gyrum
597 1759 690 1788 terrea,

241 1793 268 1819 et
284 1790 464 1819 habitatores
480 1790 544 1826 ejus
559 1793 629 1819 sunt
644 1790 728 1826 quasi
745 1790 884 1819 locustae:

206 1827 260 1859 Qui
276 1827 405 1855 extendit
418 1827 496 1855 velut
512 1827 639 1854 nihilum
654 1827 752 1859 oculos,

241 1862 425 1926 ettexplandit
440 1873 489 1892 eos
507 1864 581 1892 sicut
597 1862 819 1891 tabernaculum
849 1863 884 1891 ad
910 1863 1027 1892 inhabi-

291 1907 326 1926 an
351 1908 411 1926 um.

278 1902 411 1927 tandum.

203 1934 255 1967 Qui
273 1934 322 1963 dat
337 1937 514 1963 secretorum
531 1936 709 1962 scrutatores
725 1934 807 1968 quasi
826 1943 883 1963 non
897 1935 967 1968 sint,

236 1971 353 2005 judices
369 1974 450 1998 terrae
467 1970 544 1998 velut
560 1970 646 1998 inane
663 1971 749 1998 fecit:

204 2007 237 2034 Et
253 2007 372 2042 quidem
389 2015 482 2042 neque
499 2006 659 2041 plantatus,
676 2014 769 2041 neque
782 2009 875 2041 salus,

242 2051 335 2077 neque
352 2043 499 2070 radicatus
515 2042 544 2069 in
561 2045 636 2069 terra
653 2045 774 2069 truncus
790 2051 910 2071 eorum:

206 2079 333 2114 ltepente
350 2078 430 2106 ﬂavit
445 2078 473 2106 in
492 2086 552 2110 eos,
568 2081 596 2106 et
611 2081 763 2111 aruerunt,

236 2118 265 2142 et
282 2115 367 2142 turbo
384 2115 468 2150 quasi
485 2114 625 2149 stipulam
638 2114 749 2142 auferet
764 2122 824 2144 eos.

205 2150 239 2178 Et
255 2151 301 2178 cui
317 2150 505 2178 assimilastis
522 2158 578 2184 me,

241 2188 270 2212 et
281 2186 442 2222 adaequatis
453 2186 467 2213 ?
484 2186 554 2214 dicit
570 2187 701 2222 sanctus.

204 2222 307 2249 Levate
321 2221 512 2250 in’exrelsum
530 2221 630 2250 oculos
645 2224 767 2253 vestros,

240 2260 269 2285 et
285 2258 380 2285 videte
396 2258 446 2293 qui
463 2258 570 2285 creavit
586 2258 670 2293 haec;

204 2293 257 2326 Qui
273 2294 371 2322 educit
385 2292 414 2321 in
431 2302 552 2322 numero
570 2292 703 2321 militiam
719 2300 831 2325 eorum,

240 2332 269 2357 et
283 2338 385 2357 omnes
401 2338 435 2357 ex
452 2330 569 2358 nomine
584 2331 688 2356 vocat:

204 2368 264 2393 Prae
281 2365 468 2394 multitudine
493 2364 675 2394 fortitudinis
698 2366 727 2392 et
752 2363 877 2399 roboris,
898 2364 1028 2393 virtutis-

276 2410 332 2437 que
348 2410 422 2437 ejus,

238 2436 331 2472 neque
348 2436 438 2465 unum
457 2437 604 2473 reliquum
623 2436 687 2473 fuit.

202 2471 295 2503 Quare
312 2473 396 2506 dicis,
412 2471 559 2505 Jacob,‘et
576 2472 715 2507 loqueris,
732 2471 820 2499 Israel
838 2480 844 2499 :

238 2509 419 2537 Abscondita
433 2512 479 2537 est
491 2509 539 2536 via
557 2517 622 2536 mea
637 2518 653 2536 ιι
670 2508 804 2542 Domino,

238 2546 266 2572 et
276 2545 362 2609 ἱριεξ
374 2545 594 2581 meojudicium
608 2553 705 2572 meum
719 2543 854 2571 transivit
864 2543 916 2579 (Al.
930 2545 1027 2571 trans-

274 2589 282 2608 ι
306 2589 313 2607 1

274 2580 329 2608 ibit

203 2616 341 2652 Nunquid
358 2616 464 2650 nescis,
481 2618 532 2644 aut
548 2625 606 2644 non
624 2615 756 2644 audisti?

238 2651 314 2680 Deus
330 2653 529 2688 sempiternus
545 2651 700 2687 Dominus,

236 2689 286 2724 qui
302 2689 411 2717 creavit
427 2688 572 2716 terminos
587 2690 680 2722 terrae,

238 2796 245 2812 ¹
271 2796 455 2831 Exemplaria
478 2795 605 2824 Canonis
627 2795 774 2823 Hebraire
798 2795 930 2823 veritatis
959 2803 1026 2823 cum

202 2829 268 2867 aliis
279 2829 490 2867 vetustioribus
501 2840 573 2860 mss.
587 2831 808 2867 Bibliorumhoc
819 2832 906 2859 modo
915 2831 1027 2867 legunt:

200 2864 233 2892 Et
246 2866 334 2894 veluti
348 2868 519 2905 consumptz'o
535 2867 656 2896 hominis
670 2866 799 2896 bellantis
814 2864 961 2896 adversari
986 2872 1026 2902 te;

738 81 766 107 Β.
788 79 990 107 HIERONYMI
1010 79 1135 106 DIVINA
1154 78 1399 105 BIBLIO’I‘HECA.
1841 82 1880 111 372

1132 147 1187 168 non
1205 138 1330 172 deﬁciet,
1348 146 1443 174 neque
1462 138 1616 173 laborabit,

1131 184 1183 205 nec
1198 178 1242 212 est
1257 175 1444 210 investigatio
1461 176 1612 211 sapientia
1630 177 1703 212 ejus.

1095 214 1147 248 Qui
1165 212 1210 248 dat
1225 211 1302 248 lasso
1318 211 1478 248 virtutem;

1131 252 1159 277 et
1170 247 1226 280 his,
1236 247 1285 282 qui
1298 255 1354 274 non
1367 249 1447 280 sunt,
1456 246 1655 275 fortitudinem
1666 250 1694 275 et
1703 248 1880 283 robur{Al.non

1166 284 1276 321 habent
1286 283 1535 321 fortitudinem,et
1543 284 1642 319 robur,
1652 284 1714 319 etc.)
1724 285 1879 321 multiplicat.

1096 319 1236 350 Deﬁcient
1252 319 1333 355 pueri
1349 321 1377 346 et
1393 318 1578 355 laborabunt,

1131 359 1160 383 et
1170 354 1294 390 juvenes
1311 354 1339 381 in
1352 354 1523 383 inﬁrmitate
1538 355 1652 383 cadent.

1097 392 1150 424 Qui
1168 394 1266 418 autem
1292 393 1412 427 sperant
1428 391 1457 418 in
1475 392 1608 425 Domino,
1629 392 1779 419 mutabunt
1792 392 1881 421 fortitu-

1095 429 1206 459 dinem,

1131 463 1283 491 assument
1296 469 1407 498 pennas
1423 461 1501 490 sicut
1517 462 1632 498 aquilas,

1130 500 1259 532 current,
1276 500 1304 524 et
1322 505 1378 524 non
1395 497 1581 530 laborabunt,

1128 533 1323 563 ambulabunt
1338 535 1366 560 et
1382 542 1438 561 non
1455 534 1602 566 deﬁcient,

1091 572 1168 608 (Cap.
1186 568 1269 605 XLI.)
1283 571 1409 597 Taceant
1424 570 1459 608 ad
1477 578 1522 608 me
1536 570 1650 608 insula),

1130 605 1158 635 et
1173 608 1278 642 gentes
1295 608 1408 632 mutent
1426 605 1627 634 fortitudinem
1647 615 1654 633 :

1091 641 1251 674 Accedant,
1262 645 1296 678 ret
1313 644 1383 678 tunc
1399 641 1569 678 loquantur,

1128 678 1218 707 simul
1235 677 1269 714 ad
1283 677 1429 714 judicium
1441 677 1688 714 propinquamus.

1093 715 1163 749 Quis
1180 713 1332 741 suscitavit
1347 716 1375 740 et
1390 713 1639 749 orionte’justum,

1128 749 1240 778 vocavit
1254 757 1320 776 eum
1337 751 1369 776 ut
1384 752 1557 784 sequeretur
1572 750 1627 778 se?

1092 787 1178 814 Dabit
1193 787 1221 812 in
1238 787 1395 822 conspectu
1412 786 1475 820 ejus
1491 789 1603 822 gentes,

1050 822 1075 855 B
1121 825 1150 850 et
1165 829 1246 857 reges
1262 821 1403 857 obtinebit
1419 830 1426 848 :

1091 857 1175 886 Dabit
1191 856 1275 893 quasi
1293 856 1440 893 pulverem
1456 856 1553 893 gladio
1569 857 1646 893 ejus,

1128 892 1207 921 sicut
1219 892 1359 928 stipulam
1374 892 1587 929 vento’raptam
1604 892 1684 921 arcui
1699 893 1769 928 cjus.

1090 930 1286 964 Pet-sequetur
1300 936 1361 963 eos,

1126 965 1264 993 transibit
1281 965 1308 991 in
1326 973 1404 1000 pace,

1126 1002 1228 1028 semita
1243 1001 1271 1027 in
1289 1001 1415 1035 pedibus
1430 1001 1493 1036 ejus
1510 1009 1568 1028 non
1584 1000 1748 1036 apparebit.

1089 1038 1160 1070 Quis
1175 1038 1232 1064 haec
1249 1040 1385 1072 operatus
1402 1039 1457 1070 est,
1473 1038 1502 1064 et
1517 1036 1596 1069 fecit,

1127 1081 1232 1101 vocans
1248 1073 1449 1108 generationes
1466 1073 1501 1100 ab
1517 1071 1661 1100 exordio?

1088 1109 1147 1145 Ego
1164 1109 1318 1141 Dominus,

1124 1145 1238 1181 primus
1254 1146 1282 1172 et
1298 1144 1477 1181 novissimus
1493 1152 1545 1179 ego
1560 1152 1641 1178 sum,

1088 1179 1230 1209 Viderunt
1245 1180 1360 1213 insulae,
1374 1182 1402 1207 et
1417 1179 1593 1214 timuerunt,

1122 1220 1253 1244 extrema
1269 1220 1351 1243 terra:
1365 1216 1591 1251 obstupuerunt.

1085 1252 1402 1289 Appropinquaverint,
1420 1254 1447 1289 et
1463 1254 1655 1289 accesserunt
1672 1260 1678 1279 :

1123 1287 1333 1323 Unusquisque
1350 1287 1480 1322 proximo
1496 1296 1549 1315 suo
1566 1288 1765 1321 auxiliabitur,

1123 1328 1151 1352 et
1167 1324 1248 1351 fratri
1264 1332 1317 1351 suo
1333 1324 1408 1350 dicet
1424 1331 1431 1351 ε
1448 1324 1624 1351 conlorlare.

1086 1360 1265 1388 Confortavit
1282 1360 1362 1387 faber
1377 1360 1496 1387 marios
1520 1359 1689 1395 percutiens
1710 1358 1807 1387 malleo
1819 1366 1879 1390 eum,

1122 1397 1171 1432 qui
1189 1396 1311 1423 cndebat
1328 1398 1398 1422 tunc
1415 1396 1566 1432 temporis,

1121 1433 1221 1460 dicens
1239 1441 1244 1459 :
1262 1432 1377 1459 Glutino
1396 1432 1505 1458 bonum
1521 1434 1576 1459 est.

1085 1468 1117 1495 Et
1133 1468 1308 1496 confortavit
1325 1476 1390 1495 eum
1409 1468 1437 1494 in
1453 1467 1555 1495 clavis.

1120 1507 1151 1531 ut
1168 1513 1223 1531 non
1243 1503 1469 1538 moveretur(Al.
1488 1504 1665 1538 moveatur).

1085 1541 1117 1566 Et
1134 1542 1175 1574 tu,
1190 1539 1287 1572 Israel,
1313 1547 1393 1567 scrve
1419 1548 1524 1573 meus;

1119 1576 1218 1608 Jacob,
1235 1583 1322 1610 quem
1338 1575 1422 1610 elegi,

1119 1620 1219 1639 semen
1235 1611 1381 1638 Abraham
1399 1610 1484 1638 amici
1502 1610 1557 1638 mei
1576 1618 1582 1637 ε

1119 1647 1148 1675 in
1165 1656 1222 1683 quo
1239 1647 1417 1682 apprehendi
1435 1650 1461 1674 te
1477 1647 1512 1674 ab
1529 1646 1669 1674 extremis
1686 1648 1776 1679 terra,

1119 1687 1147 1711 et
1163 1692 1179 1710 ιι
1195 1683 1361 1719 longinquis
1378 1684 1441 1718 ejus
1456 1683 1553 1710 vocavi
1571 1685 1608 1718 te,

1120 1722 1147 1746 et
1163 1719 1221 1746 dixi
1235 1718 1287 1746 tibi
1306 1718 1311 1746 Ξ

1083 1754 1190 1782 Servus
1207 1763 1289 1782 meus
1305 1763 1335 1782 es
1351 1757 1393 1788 tu,

1118 1791 1189 1826 elegi
1207 1793 1246 1823 te,
1262 1793 1290 1817 et
1306 1799 1361 1818 non
1379 1789 1469 1824 abjeci
1488 1794 1524 1817 te.

1082 1825 1123 1854 Ne
1139 1825 1255 1859 timeas,
1271 1827 1339 1862 quia
1355 1829 1450 1862 tecum
1468 1833 1532 1862 sum
1549 1832 1602 1860 ego
1622 1834 1629 1852 :

1119 1872 1153 1890 ne
1170 1861 1308 1895 declines,
1323 1861 1392 1897 quia
1407 1870 1459 1897 ego
1475 1861 1552 1888 Deus
1568 1864 1640 1888 tuus
1657 1869 1663 1889 :

1120 1898 1280 1927 confortavi
1297 1896 1337 1932 te,
1348 1900 1376 1924 et
1390 1896 1547 1924 auiilialus
1563 1905 1631 1924 sum
1648 1897 1702 1930 tui,

1118 1939 1145 1962 et
1161 1934 1293 1971 suscepit
1308 1938 1334 1961 te
1347 1934 1464 1960 dextera
1478 1932 1549 1971 justi
1568 1933 1640 1960 mei.
1813 1965 1818 1971 .

1082 1973 1153 2000 Ecce
1169 1970 1385 1998 confundentur
1401 1972 1428 1997 et
1445 1969 1620 1996 erubescant
1648 1976 1758 2001 omnes,
1774 1969 1817 2003 qui
1839 1972 1879 2001 pu-

1153 2008 1244 2042 gnant
1261 2006 1419 2042 adversum
1432 2007 1460 2033 te
1478 2013 1483 2032 :

1118 2040 1204 2070 erunt
1221 2041 1305 2078 quasi
1324 2050 1380 2078 non
1397 2040 1467 2078 sint,

1118 2082 1146 2107 et
1162 2075 1298 2114 peribunt
1312 2077 1374 2110 viri,
1386 2077 1435 2114 qui
1450 2076 1659 2114 contradicunt
1675 2075 1726 2114 tibi

1082 2109 1197 2149 Qum-es
1214 2122 1273 2147 eos,
1291 2116 1319 2141 et
1335 2109 1571 2145 non-inveniens,
1589 2113 1667 2140 viros
1691 2109 1808 2139 rebelles
1829 2111 1881 2136 tuos

1154 2150 1208 2186 (Al.
1224 2150 1277 2176 viri
1296 2149 1371 2186 tui):

1119 2184 1205 2213 erunt
1221 2185 1304 2221 quasi
1322 2193 1378 2212 non
1400 2184 1476 2218 sint;

1117 2224 1146 2249 et
1160 2216 1248 2249 veluti
1269 2216 1488 2257 consumptio‘,
1518 2220 1654 2248 homines
1684 2220 1819 2248 bellantes
1842 2216 1880 2244 ad-

1117 2265 1233 2285 versum
1251 2259 1286 2285 te.

1082 2294 1154 2326 Quia
1165 2302 1217 2329 ego
1229 2292 1372 2320 Dominus
1384 2294 1457 2320 Deus
1468 2294 1537 2320 tuus
1549 2291 1772 2328 apprehendens
1782 2295 1882 2318 manum

1153 2332 1245 2362 tuam,

1119 2365 1277 2400 dicensque
1292 2364 1344 2392 tibi
1363 2373 1369 2391 :

1082 2402 1123 2430 Ne
1139 2401 1253 2429 timeas.

1118 2446 1171 2472 ego
1188 2437 1234 2472 adj
1240 2435 1286 2463 uvi
1299 2437 1337 2469 te,

1082 2470 1150 2501 Noli
1163 2470 1278 2505 timere,
1295 2470 1402 2499 vermis
1417 2470 1516 2504 Jacob,

1154 2509 1204 2544 qui
1222 2507 1329 2536 mortui
1347 2506 1417 2534 estis
1433 2515 1468 2544 ea
1480 2506 1579 2544 Israel.

1082 2545 1141 2580 Ego
1159 2539 1317 2572 auxiliatus
1334 2551 1398 2570 sum
1417 2542 1470 2576 tui,
1486 2543 1557 2580 dicit
1574 2543 1714 2570 Dominus
1728 2550 1733 2568 :
1746 2543 1772 2569 et
1785 2539 1880 2567 redem-

1120 2583 1184 2615 ptor
1200 2583 1271 2608 tuus
1288 2582 1409 2606 sanctus
1423 2578 1522 2615 Israel.

1082 2613 1139 2651 Εμό
1156 2616 1240 2652 posui
1257 2617 1284 2643 te
1300 2615 1384 2651 quasi
1403 2614 1566 2652 plaustrum
1583 2613 1725 2642 triturans
1740 2618 1846 2644 novum,

1118 2651 1231 2680 habens
1247 2654 1341 2679 rostra
1356 2651 1511 2678 serrantia.

1082 2688 1248 2717 Triturabis
1266 2689 1390 2721 montes,
1407 2689 1434 2714 et
1449 2686 1630 2715 comminues
1646 2694 1653 2713 :

1084 2797 1132 2824 sed
1150 2804 1232 2823 error
1246 2797 1289 2823 est
1305 2794 1530 2830 exscriptorum,
1548 2794 1590 2822 uti
1609 2793 1791 2830 manifestum
1806 2793 1879 2830 ευρι-

1084 2835 1127 2860 ret
1142 2840 1157 2859 e
1172 2834 1250 2859 textu
1279 2824 1430 2866 Hebraico,
1446 2824 1535 2866 atque
1564 2838 1597 2858 cx
1624 2826 1787 2864 Hieronymi
1811 2824 1878 2853 Com-

1084 2868 1248 2897 mentariis.
1265 2867 1361 2895 MART.
