  <div class='ocr_page' id='page_1' title='image "/cluster/home/n/w/nwhite01/storage/ocr_20150623/28/hvd.32044052824265/491.png"; bbox 0 0 3938 6174; ppageno 0'>
   <div class='ocr_carea' id='block_1_1' title="bbox 521 244 3808 313">
    <p class='ocr_par' dir='ltr' id='par_1_1' title="bbox 521 244 3808 313">
     <span class='ocr_line' id='line_1_1' title="bbox 521 244 3808 313; baseline -0.002 -12"><span class='ocrx_word' id='word_1_1' title='bbox 521 249 630 305; x_wconf 83' lang='lat'>875</span> <span class='ocrx_word' id='word_1_2' title='bbox 860 312 863 313; x_wconf 19' lang='grc' dir='ltr'><em>ν</em></span> <span class='ocrx_word' id='word_1_3' title='bbox 1562 254 1617 304; x_wconf 71' lang='lat' dir='ltr'>S.</span> <span class='ocrx_word' id='word_1_4' title='bbox 1662 248 2069 303; x_wconf 78' lang='lat' dir='ltr'>HIERONYMI</span> <span class='ocrx_word' id='word_1_5' title='bbox 2107 248 2360 303; x_wconf 77' lang='lat' dir='ltr'>DIVINA</span> <span class='ocrx_word' id='word_1_6' title='bbox 2395 244 2893 300; x_wconf 78' lang='lat' dir='ltr'>BIBLIOTHECA.</span> <span class='ocrx_word' id='word_1_7' title='bbox 3738 251 3808 307; x_wconf 72' lang='lat'>316</span> 
     </span>
    </p>
   </div>
   <div class='ocr_carea' id='block_1_2' title="bbox 526 367 3261 445">
    <p class='ocr_par' dir='ltr' id='par_1_2' title="bbox 526 367 3261 445">
     <span class='ocr_line' id='line_1_2' title="bbox 526 367 3261 445; baseline -0.003 -13"><span class='ocrx_word' id='word_1_8' title='bbox 526 373 658 432; x_wconf 85' lang='lat' dir='ltr'>Noli</span> <span class='ocrx_word' id='word_1_9' title='bbox 687 374 919 445; x_wconf 85' lang='lat' dir='ltr'>timere,</span> <span class='ocrx_word' id='word_1_10' title='bbox 948 371 1085 445; x_wconf 84' lang='lat' dir='ltr'>quia</span> <span class='ocrx_word' id='word_1_11' title='bbox 1108 373 1337 445; x_wconf 84' lang='lat' dir='ltr'>redemi</span> <span class='ocrx_word' id='word_1_12' title='bbox 1370 377 1471 445; x_wconf 89' lang='lat' dir='ltr'>te,_</span> <span class='ocrx_word' id='word_1_13' title='bbox 2210 378 2263 445; x_wconf 81' lang='grc' dir='ltr'>Α</span> <span class='ocrx_word' id='word_1_14' title='bbox 2292 369 2580 445; x_wconf 82' lang='lat' dir='ltr'>Populum</span> <span class='ocrx_word' id='word_1_15' title='bbox 2614 370 2793 424; x_wconf 92' lang='lat' dir='ltr'>istum</span> <span class='ocrx_word' id='word_1_16' title='bbox 2828 367 3261 445; x_wconf 73' lang='lat' dir='ltr'>formavimihi,</span> 
     </span>
    </p>
   </div>
   <div class='ocr_carea' id='block_1_3' title="bbox 600 440 3140 517">
    <p class='ocr_par' dir='ltr' id='par_1_3' title="bbox 600 440 3140 517">
     <span class='ocr_line' id='line_1_3' title="bbox 600 440 3140 517; baseline -0.002 -15"><span class='ocrx_word' id='word_1_17' title='bbox 600 451 658 502; x_wconf 90' lang='lat' dir='ltr'>et</span> <span class='ocrx_word' id='word_1_18' title='bbox 686 444 882 517; x_wconf 87' lang='lat' dir='ltr'>vocavi</span> <span class='ocrx_word' id='word_1_19' title='bbox 901 440 1013 516; x_wconf 63' lang='lat' dir='ltr'>(At.</span> <span class='ocrx_word' id='word_1_20' title='bbox 1047 443 1173 500; x_wconf 86' lang='lat' dir='ltr'>add.</span> <span class='ocrx_word' id='word_1_21' title='bbox 1208 445 1284 517; x_wconf 84' lang='lat' dir='ltr'>te)</span> <span class='ocrx_word' id='word_1_22' title='bbox 1317 440 1553 500; x_wconf 80' lang='lat' dir='ltr'>nomine</span> <span class='ocrx_word' id='word_1_23' title='bbox 1583 448 1724 500; x_wconf 90' lang='lat' dir='ltr'>tuo:</span> <span class='ocrx_word' id='word_1_24' title='bbox 1775 460 1942 501; x_wconf 89' lang='lat' dir='ltr'><strong>meus</strong></span> <span class='ocrx_word' id='word_1_25' title='bbox 1974 461 2037 502; x_wconf 92' lang='lat' dir='ltr'><strong>es</strong></span> <span class='ocrx_word' id='word_1_26' title='bbox 2087 449 2173 502; x_wconf 92' lang='lat' dir='ltr'>tu.</span> <span class='ocrx_word' id='word_1_27' title='bbox 2210 440 2261 445; x_wconf 57' lang='lat'>77</span> <span class='ocrx_word' id='word_1_28' title='bbox 2290 514 2334 517; x_wconf 64' lang='lat'>77</span> <span class='ocrx_word' id='word_1_29' title='bbox 2365 440 2597 517; x_wconf 79' lang='lat' dir='ltr'>laudem</span> <span class='ocrx_word' id='word_1_30' title='bbox 2632 440 3140 517; x_wconf 69' lang='lat' dir='ltr'>meamnarrabit.</span> 
     </span>
    </p>
   </div>
   <div class='ocr_carea' id='block_1_4' title="bbox 526 511 3113 589">
    <p class='ocr_par' dir='ltr' id='par_1_4' title="bbox 526 511 3113 589">
     <span class='ocr_line' id='line_1_4' title="bbox 526 511 3113 589; baseline -0.003 -14"><span class='ocrx_word' id='word_1_31' title='bbox 526 521 669 575; x_wconf 90' lang='lat' dir='ltr'>Cum</span> <span class='ocrx_word' id='word_1_32' title='bbox 702 511 1006 571; x_wconf 82' lang='lat' dir='ltr'>transieris</span> <span class='ocrx_word' id='word_1_33' title='bbox 1036 531 1139 589; x_wconf 93' lang='lat' dir='ltr'>per</span> <span class='ocrx_word' id='word_1_34' title='bbox 1169 511 1374 589; x_wconf 85' lang='lat' dir='ltr'>aquas,</span> <span class='ocrx_word' id='word_1_35' title='bbox 1401 520 1595 572; x_wconf 85' lang='lat' dir='ltr'>tecum</span> <span class='ocrx_word' id='word_1_36' title='bbox 1627 531 1748 585; x_wconf 92' lang='lat' dir='ltr'><strong>ero,</strong></span> <span class='ocrx_word' id='word_1_37' title='bbox 2290 514 2414 569; x_wconf 85' lang='lat' dir='ltr'>Non</span> <span class='ocrx_word' id='word_1_38' title='bbox 2449 529 2543 589; x_wconf 90' lang='lat' dir='ltr'>me</span> <span class='ocrx_word' id='word_1_39' title='bbox 2560 511 2877 589; x_wconf 79' lang='lat' dir='ltr'>invocasti,</span> <span class='ocrx_word' id='word_1_40' title='bbox 2908 511 3113 589; x_wconf 74' lang='lat' dir='ltr'>Jacob,</span> 
     </span>
    </p>
   </div>
   <div class='ocr_carea' id='block_1_5' title="bbox 598 581 3249 659">
    <p class='ocr_par' dir='ltr' id='par_1_5' title="bbox 598 581 3249 659">
     <span class='ocr_line' id='line_1_5' title="bbox 598 581 3249 659; baseline -0.002 -15"><span class='ocrx_word' id='word_1_41' title='bbox 598 595 655 644; x_wconf 92' lang='lat' dir='ltr'><strong>et</strong></span> <span class='ocrx_word' id='word_1_42' title='bbox 686 588 934 659; x_wconf 73' lang='lat' dir='ltr'>flumina</span> <span class='ocrx_word' id='word_1_43' title='bbox 962 581 1077 642; x_wconf 78' lang='lat' dir='ltr'>non</span> <span class='ocrx_word' id='word_1_44' title='bbox 1108 581 1375 659; x_wconf 82' lang='lat' dir='ltr'>operient</span> <span class='ocrx_word' id='word_1_45' title='bbox 1405 591 1499 643; x_wconf 88' lang='lat' dir='ltr'>te:</span> <span class='ocrx_word' id='word_1_46' title='bbox 1734 581 1742 585; x_wconf 89' lang='lat'>7</span> <span class='ocrx_word' id='word_1_47' title='bbox 1846 657 1854 659; x_wconf 71' lang='lat'>7</span> <span class='ocrx_word' id='word_1_48' title='bbox 2290 657 2331 659; x_wconf 86' lang='lat'><em>7_</em></span> <span class='ocrx_word' id='word_1_49' title='bbox 2362 602 2468 641; x_wconf 90' lang='lat' dir='ltr'>nec</span> <span class='ocrx_word' id='word_1_50' title='bbox 2500 584 2881 659; x_wconf 31' lang='lat' dir='ltr'>laborastiin‘</span> <span class='ocrx_word' id='word_1_51' title='bbox 2904 600 3016 659; x_wconf 86' lang='lat' dir='ltr'>me,</span> <span class='ocrx_word' id='word_1_52' title='bbox 3052 581 3249 659; x_wconf 74' lang='lat' dir='ltr'>Israel.</span> 
     </span>
    </p>
   </div>
   <div class='ocr_carea' id='block_1_6' title="bbox 528 654 3592 730">
    <p class='ocr_par' dir='ltr' id='par_1_6' title="bbox 528 654 3592 730">
     <span class='ocr_line' id='line_1_6' title="bbox 528 654 3592 730; baseline -0.001 -15"><span class='ocrx_word' id='word_1_53' title='bbox 528 665 667 716; x_wconf 92' lang='lat' dir='ltr'>Cum</span> <span class='ocrx_word' id='word_1_54' title='bbox 693 658 1086 715; x_wconf 89' lang='lat' dir='ltr'>ambulaveris</span> <span class='ocrx_word' id='word_1_55' title='bbox 1115 654 1175 714; x_wconf 79' lang='lat' dir='ltr'><strong>in</strong></span> <span class='ocrx_word' id='word_1_56' title='bbox 1207 661 1361 730; x_wconf 89' lang='lat' dir='ltr'>igne,</span> <span class='ocrx_word' id='word_1_57' title='bbox 1385 676 1499 715; x_wconf 90' lang='lat' dir='ltr'>non</span> <span class='ocrx_word' id='word_1_58' title='bbox 1527 657 1914 727; x_wconf 88' lang='lat' dir='ltr'>combureris,</span> <span class='ocrx_word' id='word_1_59' title='bbox 2287 657 2412 713; x_wconf 92' lang='lat' dir='ltr'>Non</span> <span class='ocrx_word' id='word_1_60' title='bbox 2444 656 2585 730; x_wconf 84' lang='lat' dir='ltr'>mibi</span> <span class='ocrx_word' id='word_1_61' title='bbox 2618 654 2884 730; x_wconf 68' lang='lat' dir='ltr'>obtulisti</span> <span class='ocrx_word' id='word_1_62' title='bbox 2907 656 3145 730; x_wconf 79' lang='lat' dir='ltr'>arietem</span> <span class='ocrx_word' id='word_1_63' title='bbox 3168 654 3483 730; x_wconf 80' lang='lat' dir='ltr'>_bolocausti</span> <span class='ocrx_word' id='word_1_64' title='bbox 3499 657 3592 726; x_wconf 88' lang='lat' dir='ltr'>tui,</span> 
     </span>
    </p>
   </div>
   <div class='ocr_carea' id='block_1_7' title="bbox 602 725 3504 798">
    <p class='ocr_par' dir='ltr' id='par_1_7' title="bbox 602 725 3504 798">
     <span class='ocr_line' id='line_1_7' title="bbox 602 725 3504 798; baseline -0.001 -11"><span class='ocrx_word' id='word_1_65' title='bbox 602 738 660 787; x_wconf 90' lang='lat' dir='ltr'>et</span> <span class='ocrx_word' id='word_1_66' title='bbox 691 732 933 786; x_wconf 86' lang='lat' dir='ltr'><strong>ﬂamma</strong></span> <span class='ocrx_word' id='word_1_67' title='bbox 963 746 1075 785; x_wconf 92' lang='lat' dir='ltr'>non</span> <span class='ocrx_word' id='word_1_68' title='bbox 1102 725 1331 787; x_wconf 52' lang='lat' dir='ltr'>arde&#39;bit</span> <span class='ocrx_word' id='word_1_69' title='bbox 1359 730 1420 786; x_wconf 92' lang='lat' dir='ltr'>in</span> <span class='ocrx_word' id='word_1_70' title='bbox 1449 737 1506 786; x_wconf 90' lang='lat' dir='ltr'>te</span> <span class='ocrx_word' id='word_1_71' title='bbox 1533 748 1547 787; x_wconf 91' lang='lat'><strong>:</strong></span> <span class='ocrx_word' id='word_1_72' title='bbox 1901 725 1906 727; x_wconf 63' lang='lat'>7</span> <span class='ocrx_word' id='word_1_73' title='bbox 2361 732 2420 783; x_wconf 91' lang='lat' dir='ltr'><strong>et</strong></span> <span class='ocrx_word' id='word_1_74' title='bbox 2447 726 2704 782; x_wconf 81' lang='lat' dir='ltr'>victimis</span> <span class='ocrx_word' id='word_1_75' title='bbox 2736 726 2853 781; x_wconf 93' lang='lat' dir='ltr'>tuis</span> <span class='ocrx_word' id='word_1_76' title='bbox 2878 742 3000 798; x_wconf 91' lang='lat' dir='ltr'>_non</span> <span class='ocrx_word' id='word_1_77' title='bbox 3032 725 3372 798; x_wconf 82' lang='lat' dir='ltr'>gloriﬁcasti</span> <span class='ocrx_word' id='word_1_78' title='bbox 3400 744 3504 785; x_wconf 88' lang='lat' dir='ltr'>me.</span> 
     </span>
    </p>
   </div>
   <div class='ocr_carea' id='block_1_8' title="bbox 527 796 3326 875">
    <p class='ocr_par' dir='ltr' id='par_1_8' title="bbox 527 796 3326 875">
     <span class='ocr_line' id='line_1_8' title="bbox 527 796 3326 875; baseline -0.001 -18"><span class='ocrx_word' id='word_1_79' title='bbox 527 803 679 868; x_wconf 83' lang='lat' dir='ltr'>Quia</span> <span class='ocrx_word' id='word_1_80' title='bbox 708 819 815 875; x_wconf 92' lang='lat' dir='ltr'>ego</span> <span class='ocrx_word' id='word_1_81' title='bbox 844 802 1132 875; x_wconf 84' lang='lat' dir='ltr'>Dominus</span> <span class='ocrx_word' id='word_1_82' title='bbox 1167 804 1317 875; x_wconf 85' lang='lat' dir='ltr'>Deus</span> <span class='ocrx_word' id='word_1_83' title='bbox 1348 806 1488 858; x_wconf 92' lang='lat' dir='ltr'>tuus</span> <span class='ocrx_word' id='word_1_84' title='bbox 2289 798 2415 855; x_wconf 91' lang='lat' dir='ltr'>Non</span> <span class='ocrx_word' id='word_1_85' title='bbox 2448 804 2506 875; x_wconf 89' lang='lat' dir='ltr'>te</span> <span class='ocrx_word' id='word_1_86' title='bbox 2534 797 2753 875; x_wconf 77' lang='lat' dir='ltr'><strong>servire</strong></span> <span class='ocrx_word' id='word_1_87' title='bbox 2782 796 2892 875; x_wconf 78' lang='lat' dir='ltr'>feci</span> <span class='ocrx_word' id='word_1_88' title='bbox 2923 798 2981 852; x_wconf 91' lang='lat' dir='ltr'><strong>in</strong></span> <span class='ocrx_word' id='word_1_89' title='bbox 3014 796 3326 875; x_wconf 56' lang='lat' dir='ltr'>oblatione,</span> 
     </span>
    </p>
   </div>
   <div class='ocr_carea' id='block_1_9' title="bbox 604 868 3433 943">
    <p class='ocr_par' dir='ltr' id='par_1_9' title="bbox 604 868 3433 943">
     <span class='ocr_line' id='line_1_9' title="bbox 604 868 3433 943; baseline -0.001 -14"><span class='ocrx_word' id='word_1_90' title='bbox 604 868 845 929; x_wconf 67' lang='lat' dir='ltr'>sanctus</span> <span class='ocrx_word' id='word_1_91' title='bbox 876 872 1075 943; x_wconf 84' lang='lat' dir='ltr'>Israel,</span> <span class='ocrx_word' id='word_1_92' title='bbox 1098 872 1352 929; x_wconf 82' lang='lat' dir='ltr'>salvator</span> <span class='ocrx_word' id='word_1_93' title='bbox 1378 880 1519 929; x_wconf 92' lang='lat' dir='ltr'><strong>tuus</strong></span> <span class='ocrx_word' id='word_1_94' title='bbox 1543 893 1558 941; x_wconf 89' lang='lat'><strong>;</strong></span> <span class='ocrx_word' id='word_1_95' title='bbox 2294 942 2333 943; x_wconf 87' lang='lat'>77</span> <span class='ocrx_word' id='word_1_96' title='bbox 2362 885 2468 925; x_wconf 93' lang='lat' dir='ltr'>nec</span> <span class='ocrx_word' id='word_1_97' title='bbox 2493 868 2889 943; x_wconf 80' lang='lat' dir='ltr'>la7bo7rem_t_ibi</span> <span class='ocrx_word' id='word_1_98' title='bbox 2920 869 3142 939; x_wconf 66' lang='lat' dir='ltr'>praebui</span> <span class='ocrx_word' id='word_1_99' title='bbox 3172 869 3229 943; x_wconf 85' lang='lat' dir='ltr'><strong>in</strong></span> <span class='ocrx_word' id='word_1_100' title='bbox 3249 870 3433 925; x_wconf 84' lang='lat' dir='ltr'>thure.</span> 
     </span>
    </p>
   </div>
   <div class='ocr_carea' id='block_1_10' title="bbox 533 939 3426 1017">
    <p class='ocr_par' dir='ltr' id='par_1_10' title="bbox 533 939 3426 1017">
     <span class='ocr_line' id='line_1_10' title="bbox 533 939 3426 1017; baseline -0.002 -15"><span class='ocrx_word' id='word_1_101' title='bbox 533 946 674 1002; x_wconf 86' lang='lat' dir='ltr'>Dedi</span> <span class='ocrx_word' id='word_1_102' title='bbox 709 939 1179 1017; x_wconf 84' lang='lat' dir='ltr'>propitiationem</span> <span class='ocrx_word' id='word_1_103' title='bbox 1211 950 1372 1000; x_wconf 88' lang='lat' dir='ltr'>tuam</span> <span class='ocrx_word' id='word_1_104' title='bbox 1402 939 1735 1017; x_wconf 66' lang='lat' dir='ltr'>Egyptum,</span> <span class='ocrx_word' id='word_1_105' title='bbox 2289 942 2415 998; x_wconf 90' lang='lat' dir='ltr'>Non</span> <span class='ocrx_word' id='word_1_106' title='bbox 2444 940 2637 1017; x_wconf 68' lang='lat' dir='ltr'>emisti</span> <span class='ocrx_word' id='word_1_107' title='bbox 2670 939 2815 1017; x_wconf 81' lang='lat' dir='ltr'><strong>mibi</strong></span> <span class='ocrx_word' id='word_1_108' title='bbox 2843 945 3089 1011; x_wconf 90' lang='lat' dir='ltr'>argento</span> <span class='ocrx_word' id='word_1_109' title='bbox 3122 941 3426 1013; x_wconf 88' lang='lat' dir='ltr'>calamum,</span> 
     </span>
    </p>
   </div>
   <div class='ocr_carea' id='block_1_11' title="bbox 606 1010 3819 1088">
    <p class='ocr_par' dir='ltr' id='par_1_11' title="bbox 606 1010 3819 1088">
     <span class='ocr_line' id='line_1_11' title="bbox 606 1010 3819 1088; baseline -0.001 -16"><span class='ocrx_word' id='word_1_110' title='bbox 606 1010 967 1088; x_wconf 64' lang='lat' dir='ltr'>Ethiopiam</span> <span class='ocrx_word' id='word_1_111' title='bbox 989 1024 1047 1071; x_wconf 91' lang='lat' dir='ltr'>et</span> <span class='ocrx_word' id='word_1_112' title='bbox 1078 1017 1231 1071; x_wconf 90' lang='lat' dir='ltr'>Saba</span> <span class='ocrx_word' id='word_1_113' title='bbox 1252 1033 1355 1088; x_wconf 91' lang='lat' dir='ltr'>pro</span> <span class='ocrx_word' id='word_1_114' title='bbox 1388 1010 1528 1071; x_wconf 65' lang='lat' dir='ltr'>te.&quot;</span> <span class='ocrx_word' id='word_1_115' title='bbox 1547 1010 1565 1016; x_wconf 72' lang='lat'>7</span> <span class='ocrx_word' id='word_1_116' title='bbox 1722 1010 1729 1013; x_wconf 80' lang='lat'>7</span> <span class='ocrx_word' id='word_1_117' title='bbox 2003 1087 2008 1088; x_wconf 85' lang='lat'>7</span> <span class='ocrx_word' id='word_1_118' title='bbox 2290 1084 2338 1088; x_wconf 86' lang='lat'><strong>__</strong></span> <span class='ocrx_word' id='word_1_119' title='bbox 2362 1018 2420 1068; x_wconf 88' lang='lat' dir='ltr'>et</span> <span class='ocrx_word' id='word_1_120' title='bbox 2449 1010 2619 1083; x_wconf 84' lang='lat' dir='ltr'>adipe</span> <span class='ocrx_word' id='word_1_121' title='bbox 2648 1010 3022 1088; x_wconf 80' lang='lat' dir='ltr'>victimarum</span> <span class='ocrx_word' id='word_1_122' title='bbox 3056 1016 3290 1088; x_wconf 79' lang='lat' dir='ltr'>tuarum</span> <span class='ocrx_word' id='word_1_123' title='bbox 3322 1010 3431 1088; x_wconf 87' lang='lat' dir='ltr'>non</span> <span class='ocrx_word' id='word_1_124' title='bbox 3458 1012 3715 1088; x_wconf 86' lang='lat' dir='ltr'>inobriasti</span> <span class='ocrx_word' id='word_1_125' title='bbox 3750 1031 3819 1070; x_wconf 82' lang='lat' dir='ltr'>me.</span> 
     </span>
    </p>
   </div>
   <div class='ocr_carea' id='block_1_12' title="bbox 535 1082 3756 1167">
    <p class='ocr_par' dir='ltr' id='par_1_12' title="bbox 535 1082 3756 1167">
     <span class='ocr_line' id='line_1_12' title="bbox 535 1082 3756 1167; baseline -0.001 -24"><span class='ocrx_word' id='word_1_126' title='bbox 535 1088 618 1143; x_wconf 89' lang='lat' dir='ltr'>Ex</span> <span class='ocrx_word' id='word_1_127' title='bbox 666 1104 781 1167; x_wconf 83' lang='lat' dir='ltr'>quo</span> <span class='ocrx_word' id='word_1_128' title='bbox 809 1082 1192 1167; x_wconf 57' lang='lat' dir='ltr'>:honorabilis</span> <span class='ocrx_word' id='word_1_129' title='bbox 1242 1082 1429 1144; x_wconf 75' lang='lat' dir='ltr'>factus</span> <span class='ocrx_word' id='word_1_130' title='bbox 1457 1104 1520 1143; x_wconf 92' lang='lat' dir='ltr'><strong>es</strong></span> <span class='ocrx_word' id='word_1_131' title='bbox 1566 1087 1626 1143; x_wconf 92' lang='lat' dir='ltr'>in</span> <span class='ocrx_word' id='word_1_132' title='bbox 1666 1087 1853 1144; x_wconf 91' lang='lat' dir='ltr'><strong>oculis</strong></span> <span class='ocrx_word' id='word_1_133' title='bbox 1900 1087 2069 1157; x_wconf 87' lang='lat' dir='ltr'>meis,</span> <span class='ocrx_word' id='word_1_134' title='bbox 2127 1092 2185 1145; x_wconf 91' lang='lat' dir='ltr'>et</span> <span class='ocrx_word' id='word_1_135' title='bbox 2290 1082 2708 1167; x_wconf 71' lang='lat' dir='ltr'>Verumtamen</span> <span class='ocrx_word' id='word_1_136' title='bbox 2740 1082 2954 1167; x_wconf 64' lang='lat' dir='ltr'>servire}</span> <span class='ocrx_word' id='word_1_137' title='bbox 2986 1098 3079 1138; x_wconf 89' lang='lat' dir='ltr'><strong>me</strong></span> <span class='ocrx_word' id='word_1_138' title='bbox 3110 1084 3294 1167; x_wconf 76' lang='lat' dir='ltr'>fecisti</span> <span class='ocrx_word' id='word_1_139' title='bbox 3316 1085 3380 1167; x_wconf 77' lang='lat' dir='ltr'>in</span> <span class='ocrx_word' id='word_1_140' title='bbox 3411 1088 3631 1167; x_wconf 77' lang='lat' dir='ltr'>peccatis</span> <span class='ocrx_word' id='word_1_141' title='bbox 3653 1087 3756 1167; x_wconf 78' lang='lat' dir='ltr'>tuis;</span> 
     </span>
    </p>
   </div>
   <div class='ocr_carea' id='block_1_13' title="bbox 676 1154 3756 1236">
    <p class='ocr_par' dir='ltr' id='par_1_13' title="bbox 676 1154 3756 1236">
     <span class='ocr_line' id='line_1_13' title="bbox 676 1154 3756 1236; baseline -0.001 -23"><span class='ocrx_word' id='word_1_142' title='bbox 676 1154 971 1236; x_wconf 77' lang='lat' dir='ltr'><strong>gloriosus</strong></span> <span class='ocrx_word' id='word_1_143' title='bbox 998 1176 1013 1213; x_wconf 85' lang='lat'><strong>:</strong></span> <span class='ocrx_word' id='word_1_144' title='bbox 2055 1154 2062 1157; x_wconf 54' lang='lat'>7</span> <span class='ocrx_word' id='word_1_145' title='bbox 2292 1230 2332 1236; x_wconf 91' lang='lat'>_</span> <span class='ocrx_word' id='word_1_146' title='bbox 2364 1154 2665 1227; x_wconf 70' lang='lat' dir='ltr'>praebuisti</span> <span class='ocrx_word' id='word_1_147' title='bbox 2694 1154 2837 1209; x_wconf 89' lang='lat' dir='ltr'><strong>mihi</strong></span> <span class='ocrx_word' id='word_1_148' title='bbox 2867 1154 3128 1236; x_wconf 77' lang='lat' dir='ltr'><strong>laborem</strong></span> <span class='ocrx_word' id='word_1_149' title='bbox 3159 1157 3218 1210; x_wconf 93' lang='lat' dir='ltr'><strong>in</strong></span> <span class='ocrx_word' id='word_1_150' title='bbox 3250 1154 3629 1227; x_wconf 81' lang='lat' dir='ltr'>iniquitatibus</span> <span class='ocrx_word' id='word_1_151' title='bbox 3653 1158 3756 1212; x_wconf 87' lang='lat' dir='ltr'>tuis.</span> 
     </span>
    </p>
   </div>
   <div class='ocr_carea' id='block_1_14' title="bbox 494 1230 2049 1372">
    <p class='ocr_par' dir='ltr' id='par_1_14' title="bbox 494 1230 1311 1372">
     <span class='ocr_line' id='line_1_14' title="bbox 494 1230 1040 1313; baseline -0.004 -28"><span class='ocrx_word' id='word_1_152' title='bbox 494 1301 504 1311; x_wconf 84' lang='lat'><em>_</em></span> <span class='ocrx_word' id='word_1_153' title='bbox 608 1230 714 1302; x_wconf 88' lang='lat' dir='ltr'><strong>ego</strong></span> <span class='ocrx_word' id='word_1_154' title='bbox 737 1231 914 1286; x_wconf 79' lang='lat' dir='ltr'>dilexi</span> <span class='ocrx_word' id='word_1_155' title='bbox 944 1236 1000 1313; x_wconf 81' lang='lat' dir='ltr'>te</span> <span class='ocrx_word' id='word_1_156' title='bbox 1021 1247 1040 1283; x_wconf 81' lang='grc'><strong>.-</strong></span> 
     </span>
     <span class='ocr_line' id='line_1_15' title="bbox 496 1301 1311 1372; baseline -0.001 -15"><span class='ocrx_word' id='word_1_157' title='bbox 496 1327 503 1335; x_wconf 90' lang='lat'><strong><em>-</em></strong></span> <span class='ocrx_word' id='word_1_158' title='bbox 539 1302 607 1357; x_wconf 84' lang='lat' dir='ltr'>Et</span> <span class='ocrx_word' id='word_1_159' title='bbox 634 1302 782 1358; x_wconf 85' lang='lat' dir='ltr'>dabo</span> <span class='ocrx_word' id='word_1_160' title='bbox 806 1301 1075 1357; x_wconf 72' lang='lat' dir='ltr'>homines</span> <span class='ocrx_word' id='word_1_161' title='bbox 1103 1317 1205 1372; x_wconf 88' lang='lat' dir='ltr'>pro</span> <span class='ocrx_word' id='word_1_162' title='bbox 1236 1304 1311 1371; x_wconf 90' lang='lat' dir='ltr'>te,</span> 
     </span>
    </p>
   </div>
   <div class='ocr_carea' id='block_1_15' title="bbox 2043 1230 3598 1372">
    <p class='ocr_par' dir='ltr' id='par_1_15' title="bbox 2292 1230 3598 1372">
     <span class='ocr_line' id='line_1_16' title="bbox 2292 1230 3076 1299; baseline 0 -18"><span class='ocrx_word' id='word_1_163' title='bbox 2292 1230 2411 1299; x_wconf 85' lang='lat' dir='ltr'><strong>Ego</strong></span> <span class='ocrx_word' id='word_1_164' title='bbox 2440 1242 2597 1290; x_wconf 91' lang='lat' dir='ltr'>sum,</span> <span class='ocrx_word' id='word_1_165' title='bbox 2630 1241 2737 1297; x_wconf 85' lang='lat' dir='ltr'>ego</span> <span class='ocrx_word' id='word_1_166' title='bbox 2761 1241 2895 1280; x_wconf 93' lang='lat' dir='ltr'>sum</span> <span class='ocrx_word' id='word_1_167' title='bbox 2927 1230 3076 1297; x_wconf 91' lang='lat' dir='ltr'>ipse,</span> 
     </span>
     <span class='ocr_line' id='line_1_17' title="bbox 2365 1296 3598 1372; baseline 0.004 -21"><span class='ocrx_word' id='word_1_168' title='bbox 2365 1297 2466 1369; x_wconf 91' lang='lat' dir='ltr'>qui</span> <span class='ocrx_word' id='word_1_169' title='bbox 2496 1297 2658 1353; x_wconf 88' lang='lat' dir='ltr'><strong>deleo</strong></span> <span class='ocrx_word' id='word_1_170' title='bbox 2687 1296 3034 1368; x_wconf 83' lang='lat' dir='ltr'>iniquitates</span> <span class='ocrx_word' id='word_1_171' title='bbox 3064 1302 3202 1372; x_wconf 78' lang='lat' dir='ltr'>tuas</span> <span class='ocrx_word' id='word_1_172' title='bbox 3227 1303 3454 1372; x_wconf 81' lang='lat' dir='ltr'>propter</span> <span class='ocrx_word' id='word_1_173' title='bbox 3479 1314 3598 1355; x_wconf 89' lang='lat' dir='ltr'>me:</span> 
     </span>
    </p>
   </div>
   <div class='ocr_carea' id='block_1_16' title="bbox 607 1369 3372 1445">
    <p class='ocr_par' dir='ltr' id='par_1_16' title="bbox 607 1369 3372 1445">
     <span class='ocr_line' id='line_1_18' title="bbox 607 1369 3372 1445; baseline -0.001 -18"><span class='ocrx_word' id='word_1_174' title='bbox 607 1378 667 1445; x_wconf 86' lang='lat' dir='ltr'>et</span> <span class='ocrx_word' id='word_1_175' title='bbox 696 1373 943 1445; x_wconf 87' lang='lat' dir='ltr'>populos</span> <span class='ocrx_word' id='word_1_176' title='bbox 976 1389 1077 1444; x_wconf 88' lang='lat' dir='ltr'>pro</span> <span class='ocrx_word' id='word_1_177' title='bbox 1103 1369 1307 1427; x_wconf 75' lang='lat' dir='ltr'>anima</span> <span class='ocrx_word' id='word_1_178' title='bbox 1333 1375 1453 1427; x_wconf 90' lang='lat' dir='ltr'>tua.</span> <span class='ocrx_word' id='word_1_179' title='bbox 2298 1444 2305 1445; x_wconf 88' lang='lat'>7</span> <span class='ocrx_word' id='word_1_180' title='bbox 2363 1374 2422 1445; x_wconf 90' lang='lat' dir='ltr'>e_t</span> <span class='ocrx_word' id='word_1_181' title='bbox 2453 1372 2824 1445; x_wconf 79' lang='lat' dir='ltr'>peccatorum</span> <span class='ocrx_word' id='word_1_182' title='bbox 2855 1385 2979 1445; x_wconf 80' lang='lat' dir='ltr'>non</span> <span class='ocrx_word' id='word_1_183' title='bbox 3002 1369 3372 1445; x_wconf 76' lang='lat' dir='ltr'>recordabar.</span> 
     </span>
    </p>
   </div>
   <div class='ocr_carea' id='block_1_17' title="bbox 537 1439 3734 1514">
    <p class='ocr_par' dir='ltr' id='par_1_17' title="bbox 537 1439 3734 1514">
     <span class='ocr_line' id='line_1_19' title="bbox 537 1439 3734 1514; baseline -0.001 -14"><span class='ocrx_word' id='word_1_184' title='bbox 537 1442 663 1500; x_wconf 89' lang='lat' dir='ltr'><strong>Noli</strong></span> <span class='ocrx_word' id='word_1_185' title='bbox 693 1439 916 1513; x_wconf 76' lang='lat' dir='ltr'>timere,</span> <span class='ocrx_word' id='word_1_186' title='bbox 948 1439 1090 1514; x_wconf 76' lang='lat' dir='ltr'>quia</span> <span class='ocrx_word' id='word_1_187' title='bbox 1120 1451 1308 1499; x_wconf 83' lang='lat' dir='ltr'>tecum</span> <span class='ocrx_word' id='word_1_188' title='bbox 1333 1459 1438 1514; x_wconf 88' lang='lat' dir='ltr'>ego</span> <span class='ocrx_word' id='word_1_189' title='bbox 1470 1459 1625 1499; x_wconf 92' lang='lat' dir='ltr'>sum.</span> <span class='ocrx_word' id='word_1_190' title='bbox 2294 1439 2490 1497; x_wconf 83' lang='lat' dir='ltr'>Reduc</span> <span class='ocrx_word' id='word_1_191' title='bbox 2521 1456 2616 1514; x_wconf 87' lang='lat' dir='ltr'>me</span> <span class='ocrx_word' id='word_1_192' title='bbox 2643 1439 2703 1494; x_wconf 91' lang='lat' dir='ltr'><strong>in</strong></span> <span class='ocrx_word' id='word_1_193' title='bbox 2735 1440 3107 1514; x_wconf 81' lang='lat' dir='ltr'><strong>memoriam,</strong></span> <span class='ocrx_word' id='word_1_194' title='bbox 3131 1445 3189 1496; x_wconf 89' lang='lat' dir='ltr'>et</span> <span class='ocrx_word' id='word_1_195' title='bbox 3212 1441 3537 1514; x_wconf 86' lang='lat' dir='ltr'>judicemur</span> <span class='ocrx_word' id='word_1_196' title='bbox 3562 1440 3734 1510; x_wconf 86' lang='lat' dir='ltr'><strong>simul;</strong></span> 
     </span>
    </p>
   </div>
   <div class='ocr_carea' id='block_1_18' title="bbox 538 1511 3475 1583">
    <p class='ocr_par' dir='ltr' id='par_1_18' title="bbox 538 1511 3475 1583">
     <span class='ocr_line' id='line_1_20' title="bbox 538 1511 3475 1583; baseline 0 -13"><span class='ocrx_word' id='word_1_197' title='bbox 538 1516 622 1570; x_wconf 86' lang='lat' dir='ltr'>Ab</span> <span class='ocrx_word' id='word_1_198' title='bbox 654 1516 878 1572; x_wconf 88' lang='lat' dir='ltr'><strong>oriente</strong></span> <span class='ocrx_word' id='word_1_199' title='bbox 903 1511 1203 1571; x_wconf 83' lang='lat' dir='ltr'>adducam</span> <span class='ocrx_word' id='word_1_200' title='bbox 1233 1511 1431 1569; x_wconf 74' lang='lat' dir='ltr'>semen</span> <span class='ocrx_word' id='word_1_201' title='bbox 1464 1520 1656 1583; x_wconf 91' lang='lat' dir='ltr'>tuum,</span> <span class='ocrx_word' id='word_1_202' title='bbox 2364 1528 2539 1567; x_wconf 89' lang='lat' dir='ltr'>narra</span> <span class='ocrx_word' id='word_1_203' title='bbox 2568 1511 2618 1567; x_wconf 88' lang='lat' dir='ltr'><strong>si</strong></span> <span class='ocrx_word' id='word_1_204' title='bbox 2647 1512 2788 1583; x_wconf 83' lang='lat' dir='ltr'>quid</span> <span class='ocrx_word' id='word_1_205' title='bbox 2816 1511 2997 1567; x_wconf 89' lang='lat' dir='ltr'>habes</span> <span class='ocrx_word' id='word_1_206' title='bbox 3030 1515 3095 1567; x_wconf 91' lang='lat' dir='ltr'>ut</span> <span class='ocrx_word' id='word_1_207' title='bbox 3115 1511 3475 1583; x_wconf 84' lang='lat' dir='ltr'>justificeris.</span> 
     </span>
    </p>
   </div>
   <div class='ocr_carea' id='block_1_19' title="bbox 608 1582 3204 1659">
    <p class='ocr_par' dir='ltr' id='par_1_19' title="bbox 608 1582 3204 1659">
     <span class='ocr_line' id='line_1_21' title="bbox 608 1582 3204 1659; baseline -0.001 -17"><span class='ocrx_word' id='word_1_208' title='bbox 608 1591 665 1642; x_wconf 90' lang='lat' dir='ltr'>et</span> <span class='ocrx_word' id='word_1_209' title='bbox 694 1588 767 1643; x_wconf 90' lang='lat' dir='ltr'>ab</span> <span class='ocrx_word' id='word_1_210' title='bbox 797 1587 1095 1659; x_wconf 82' lang='lat' dir='ltr'>occidente</span> <span class='ocrx_word' id='word_1_211' title='bbox 1124 1586 1490 1659; x_wconf 89' lang='lat' dir='ltr'>congregabo</span> <span class='ocrx_word' id='word_1_212' title='bbox 1520 1591 1595 1641; x_wconf 91' lang='lat' dir='ltr'>te.</span> <span class='ocrx_word' id='word_1_213' title='bbox 1646 1582 1649 1583; x_wconf 56' lang='lat'>7</span> <span class='ocrx_word' id='word_1_214' title='bbox 2291 1588 2464 1659; x_wconf 80' lang='lat' dir='ltr'>Pater</span> <span class='ocrx_word' id='word_1_215' title='bbox 2493 1593 2637 1638; x_wconf 85' lang='lat' dir='ltr'>tuus</span> <span class='ocrx_word' id='word_1_216' title='bbox 2667 1582 3204 1659; x_wconf 77' lang='lat' dir='ltr'>primuspeccavit,</span> 
     </span>
    </p>
   </div>
   <div class='ocr_carea' id='block_1_20' title="bbox 536 1654 3672 1729">
    <p class='ocr_par' dir='ltr' id='par_1_20' title="bbox 536 1654 3672 1729">
     <span class='ocr_line' id='line_1_22' title="bbox 536 1654 3672 1729; baseline -0.001 -16"><span class='ocrx_word' id='word_1_217' title='bbox 536 1657 737 1713; x_wconf 88' lang='lat' dir='ltr'>Dicam</span> <span class='ocrx_word' id='word_1_218' title='bbox 771 1657 1066 1729; x_wconf 88' lang='lat' dir='ltr'>aquiloni:</span> <span class='ocrx_word' id='word_1_219' title='bbox 1099 1663 1183 1713; x_wconf 93' lang='lat' dir='ltr'>Da</span> <span class='ocrx_word' id='word_1_220' title='bbox 1208 1654 1290 1729; x_wconf 37' lang='grc' dir='ltr'>τί</span> <span class='ocrx_word' id='word_1_221' title='bbox 1342 1654 1371 1659; x_wconf 58' lang='grc'>⁷</span> <span class='ocrx_word' id='word_1_222' title='bbox 2296 1726 2334 1729; x_wconf 78' lang='lat'><em>_</em></span> <span class='ocrx_word' id='word_1_223' title='bbox 2365 1659 2422 1710; x_wconf 90' lang='lat' dir='ltr'>et</span> <span class='ocrx_word' id='word_1_224' title='bbox 2451 1654 2799 1729; x_wconf 79' lang='lat' dir='ltr'>interpretes</span> <span class='ocrx_word' id='word_1_225' title='bbox 2833 1655 2912 1729; x_wconf 88' lang='lat' dir='ltr'>tui</span> <span class='ocrx_word' id='word_1_226' title='bbox 2934 1654 3309 1729; x_wconf 73' lang='lat' dir='ltr'>7praavaricati</span> <span class='ocrx_word' id='word_1_227' title='bbox 3335 1660 3469 1713; x_wconf 87' lang='lat' dir='ltr'>sunt</span> <span class='ocrx_word' id='word_1_228' title='bbox 3496 1655 3548 1712; x_wconf 92' lang='lat' dir='ltr'>in</span> <span class='ocrx_word' id='word_1_229' title='bbox 3578 1670 3672 1711; x_wconf 85' lang='lat' dir='ltr'>me.</span> 
     </span>
    </p>
   </div>
   <div class='ocr_carea' id='block_1_21' title="bbox 609 1725 3402 1818">
    <p class='ocr_par' dir='ltr' id='par_1_21' title="bbox 609 1725 3402 1818">
     <span class='ocr_line' id='line_1_23' title="bbox 609 1725 3402 1818; baseline 0 -33"><span class='ocrx_word' id='word_1_230' title='bbox 609 1735 667 1818; x_wconf 70' lang='lat' dir='ltr'>et</span> <span class='ocrx_word' id='word_1_231' title='bbox 698 1725 899 1818; x_wconf 60' lang='lat' dir='ltr'>austro</span> <span class='ocrx_word' id='word_1_232' title='bbox 924 1747 937 1785; x_wconf 88' lang='lat'><strong>:</strong></span> <span class='ocrx_word' id='word_1_233' title='bbox 959 1729 1086 1784; x_wconf 92' lang='lat' dir='ltr'><strong>Noli</strong></span> <span class='ocrx_word' id='word_1_234' title='bbox 1109 1726 1433 1818; x_wconf 79' lang='lat' dir='ltr'>prohibere.</span> <span class='ocrx_word' id='word_1_235' title='bbox 2219 1754 2267 1818; x_wconf 77' lang='grc' dir='ltr'><strong>Β</strong></span> <span class='ocrx_word' id='word_1_236' title='bbox 2296 1725 2787 1818; x_wconf 44' lang='grc' dir='ltr'>ΕιΔοοΔῑξὶαφξοξνὶ</span> <span class='ocrx_word' id='word_1_237' title='bbox 2819 1725 3117 1809; x_wconf 75' lang='lat' dir='ltr'>principes</span> <span class='ocrx_word' id='word_1_238' title='bbox 3138 1732 3402 1818; x_wconf 72' lang='lat' dir='ltr'>1sanetos,</span> 
     </span>
    </p>
   </div>
   <div class='ocr_carea' id='block_1_22' title="bbox 544 1796 3331 1871">
    <p class='ocr_par' dir='ltr' id='par_1_22' title="bbox 544 1796 3331 1871">
     <span class='ocr_line' id='line_1_24' title="bbox 544 1796 3331 1871; baseline -0.001 -14"><span class='ocrx_word' id='word_1_239' title='bbox 544 1801 694 1857; x_wconf 81' lang='lat' dir='ltr'>Aﬂ‘er</span> <span class='ocrx_word' id='word_1_240' title='bbox 725 1802 874 1857; x_wconf 84' lang='lat' dir='ltr'><strong>ﬁlios</strong></span> <span class='ocrx_word' id='word_1_241' title='bbox 906 1817 1067 1857; x_wconf 90' lang='lat' dir='ltr'><strong>meos</strong></span> <span class='ocrx_word' id='word_1_242' title='bbox 1098 1796 1168 1857; x_wconf 90' lang='lat' dir='ltr'>de</span> <span class='ocrx_word' id='word_1_243' title='bbox 1190 1800 1533 1871; x_wconf 91' lang='lat' dir='ltr'>longinquo.</span> <span class='ocrx_word' id='word_1_244' title='bbox 2219 1796 2267 1818; x_wconf 81' lang='lat'>”</span> <span class='ocrx_word' id='word_1_245' title='bbox 2372 1796 2506 1853; x_wconf 89' lang='lat' dir='ltr'>dedi</span> <span class='ocrx_word' id='word_1_246' title='bbox 2537 1796 3097 1871; x_wconf 76' lang='lat' dir='ltr'>ad_inte7rnecionem</span> <span class='ocrx_word' id='word_1_247' title='bbox 3128 1797 3331 1867; x_wconf 86' lang='lat' dir='ltr'>Jacob,</span> 
     </span>
    </p>
   </div>
   <div class='ocr_carea' id='block_1_23' title="bbox 611 1867 3212 1940">
    <p class='ocr_par' dir='ltr' id='par_1_23' title="bbox 611 1867 3212 1940">
     <span class='ocr_line' id='line_1_25' title="bbox 611 1867 3212 1940; baseline -0.001 -12"><span class='ocrx_word' id='word_1_248' title='bbox 611 1877 668 1928; x_wconf 90' lang='lat' dir='ltr'>et</span> <span class='ocrx_word' id='word_1_249' title='bbox 696 1872 848 1928; x_wconf 80' lang='lat' dir='ltr'>filias</span> <span class='ocrx_word' id='word_1_250' title='bbox 881 1889 1041 1930; x_wconf 89' lang='lat' dir='ltr'>meas</span> <span class='ocrx_word' id='word_1_251' title='bbox 1071 1872 1142 1927; x_wconf 89' lang='lat' dir='ltr'>ab</span> <span class='ocrx_word' id='word_1_252' title='bbox 1173 1867 1447 1927; x_wconf 78' lang='lat' dir='ltr'>extremis</span> <span class='ocrx_word' id='word_1_253' title='bbox 1474 1876 1639 1927; x_wconf 75' lang='lat' dir='ltr'>terrzs</span> <span class='ocrx_word' id='word_1_254' title='bbox 1667 1890 1681 1939; x_wconf 89' lang='lat'><strong>;</strong></span> <span class='ocrx_word' id='word_1_255' title='bbox 2346 1873 2430 1940; x_wconf 86' lang='lat' dir='ltr'>7et</span> <span class='ocrx_word' id='word_1_256' title='bbox 2458 1867 2645 1940; x_wconf 79' lang='lat' dir='ltr'>Israel</span> <span class='ocrx_word' id='word_1_257' title='bbox 2666 1868 3212 1940; x_wconf 66' lang='lat' dir='ltr'>in77blaspbemiam.</span> 
     </span>
    </p>
   </div>
   <div class='ocr_carea' id='block_1_24' title="bbox 612 1938 3741 2016">
    <p class='ocr_par' dir='ltr' id='par_1_24' title="bbox 612 1938 3741 2016">
     <span class='ocr_line' id='line_1_26' title="bbox 612 1938 3741 2016; baseline -0.001 -17"><span class='ocrx_word' id='word_1_258' title='bbox 612 1952 664 1999; x_wconf 83' lang='lat' dir='ltr'>et</span> <span class='ocrx_word' id='word_1_259' title='bbox 695 1959 953 2009; x_wconf 92' lang='lat' dir='ltr'><strong>omnem,</strong></span> <span class='ocrx_word' id='word_1_260' title='bbox 986 1944 1083 2016; x_wconf 90' lang='lat' dir='ltr'><strong>qui</strong></span> <span class='ocrx_word' id='word_1_261' title='bbox 1116 1944 1347 2016; x_wconf 82' lang='lat' dir='ltr'>invocat</span> <span class='ocrx_word' id='word_1_262' title='bbox 1377 1959 1589 1999; x_wconf 90' lang='lat' dir='ltr'><strong>nomen</strong></span> <span class='ocrx_word' id='word_1_263' title='bbox 1622 1938 1841 1999; x_wconf 89' lang='lat' dir='ltr'>meum.</span> <span class='ocrx_word' id='word_1_264' title='bbox 2300 1938 2692 2016; x_wconf 69' lang='lat' dir='ltr'>(Cap._XLl\7/&#39;.)</span> <span class='ocrx_word' id='word_1_265' title='bbox 2723 1938 2794 1995; x_wconf 88' lang='lat' dir='ltr'>Et</span> <span class='ocrx_word' id='word_1_266' title='bbox 2824 1938 2980 2016; x_wconf 79' lang='lat' dir='ltr'>nu7n7c</span> <span class='ocrx_word' id='word_1_267' title='bbox 3002 1941 3160 2016; x_wconf 84' lang='lat' dir='ltr'>audi,</span> <span class='ocrx_word' id='word_1_268' title='bbox 3188 1942 3388 2010; x_wconf 86' lang='lat' dir='ltr'>Jacob,</span> <span class='ocrx_word' id='word_1_269' title='bbox 3418 1955 3567 1998; x_wconf 84' lang='lat' dir='ltr'><strong>serve</strong></span> <span class='ocrx_word' id='word_1_270' title='bbox 3592 1954 3741 2006; x_wconf 80' lang='lat' dir='ltr'><strong>meus,</strong></span> 
     </span>
    </p>
   </div>
   <div class='ocr_carea' id='block_1_25' title="bbox 538 2011 3087 2087">
    <p class='ocr_par' dir='ltr' id='par_1_25' title="bbox 538 2011 3087 2087">
     <span class='ocr_line' id='line_1_27' title="bbox 538 2011 3087 2087; baseline -0.002 -16"><span class='ocrx_word' id='word_1_271' title='bbox 538 2017 602 2071; x_wconf 93' lang='lat' dir='ltr'>In</span> <span class='ocrx_word' id='word_1_272' title='bbox 622 2015 881 2087; x_wconf 80' lang='lat' dir='ltr'><strong>gloriam</strong></span> <span class='ocrx_word' id='word_1_273' title='bbox 913 2011 1101 2071; x_wconf 76' lang='lat' dir='ltr'>meam</span> <span class='ocrx_word' id='word_1_274' title='bbox 1142 2014 1331 2087; x_wconf 89' lang='lat' dir='ltr'>creavi</span> <span class='ocrx_word' id='word_1_275' title='bbox 1362 2029 1520 2080; x_wconf 91' lang='lat' dir='ltr'>eum,</span> <span class='ocrx_word' id='word_1_276' title='bbox 2304 2086 2337 2087; x_wconf 88' lang='lat'>77</span> <span class='ocrx_word' id='word_1_277' title='bbox 2370 2017 2427 2066; x_wconf 92' lang='lat' dir='ltr'>et</span> <span class='ocrx_word' id='word_1_278' title='bbox 2458 2011 2658 2087; x_wconf 74' lang='lat' dir='ltr'>Israel,</span> <span class='ocrx_word' id='word_1_279' title='bbox 2693 2026 2866 2087; x_wconf 84' lang='lat' dir='ltr'>quem</span> <span class='ocrx_word' id='word_1_280' title='bbox 2899 2011 3087 2087; x_wconf 77' lang='lat' dir='ltr'>elegi:</span> 
     </span>
    </p>
   </div>
   <div class='ocr_carea' id='block_1_26' title="bbox 609 2082 3624 2151">
    <p class='ocr_par' dir='ltr' id='par_1_26' title="bbox 609 2082 3624 2151">
     <span class='ocr_line' id='line_1_28' title="bbox 609 2082 3624 2151; baseline -0.001 -11"><span class='ocrx_word' id='word_1_281' title='bbox 609 2082 855 2141; x_wconf 75' lang='lat' dir='ltr'>formavi</span> <span class='ocrx_word' id='word_1_282' title='bbox 887 2102 1044 2151; x_wconf 89' lang='lat' dir='ltr'>eum,</span> <span class='ocrx_word' id='word_1_283' title='bbox 1085 2090 1143 2141; x_wconf 89' lang='lat' dir='ltr'>et</span> <span class='ocrx_word' id='word_1_284' title='bbox 1170 2086 1277 2142; x_wconf 90' lang='lat' dir='ltr'>feci</span> <span class='ocrx_word' id='word_1_285' title='bbox 1311 2100 1467 2140; x_wconf 91' lang='lat' dir='ltr'>eum.</span> <span class='ocrx_word' id='word_1_286' title='bbox 2296 2086 2429 2137; x_wconf 81' lang='lat' dir='ltr'>Haec</span> <span class='ocrx_word' id='word_1_287' title='bbox 2461 2082 2604 2137; x_wconf 86' lang='lat' dir='ltr'>dicit</span> <span class='ocrx_word' id='word_1_288' title='bbox 2630 2082 2912 2138; x_wconf 89' lang='lat' dir='ltr'>Dominus</span> <span class='ocrx_word' id='word_1_289' title='bbox 2944 2082 3165 2139; x_wconf 77' lang='lat' dir='ltr'>faciens</span> <span class='ocrx_word' id='word_1_290' title='bbox 3196 2090 3259 2140; x_wconf 90' lang='lat' dir='ltr'>et</span> <span class='ocrx_word' id='word_1_291' title='bbox 3288 2084 3531 2141; x_wconf 86' lang='lat' dir='ltr'><strong>formans</strong></span> <span class='ocrx_word' id='word_1_292' title='bbox 3556 2087 3624 2150; x_wconf 85' lang='lat' dir='ltr'>te,</span> 
     </span>
    </p>
   </div>
   <div class='ocr_carea' id='block_1_27' title="bbox 540 2153 3191 2229">
    <p class='ocr_par' dir='ltr' id='par_1_27' title="bbox 540 2153 3191 2229">
     <span class='ocr_line' id='line_1_29' title="bbox 540 2153 3191 2229; baseline -0 -18"><span class='ocrx_word' id='word_1_293' title='bbox 540 2157 698 2212; x_wconf 91' lang='lat' dir='ltr'>Educ</span> <span class='ocrx_word' id='word_1_294' title='bbox 730 2157 887 2213; x_wconf 89' lang='lat' dir='ltr'>foras</span> <span class='ocrx_word' id='word_1_295' title='bbox 919 2157 1201 2229; x_wconf 90' lang='lat' dir='ltr'>populum</span> <span class='ocrx_word' id='word_1_296' title='bbox 1234 2173 1472 2229; x_wconf 63' lang='lat' dir='ltr'>caecum,</span> <span class='ocrx_word' id='word_1_297' title='bbox 1504 2160 1562 2212; x_wconf 86' lang='lat' dir='ltr'>et</span> <span class='ocrx_word' id='word_1_298' title='bbox 1617 2156 1818 2213; x_wconf 91' lang='lat' dir='ltr'>oculos</span> <span class='ocrx_word' id='word_1_299' title='bbox 1847 2156 2183 2212; x_wconf 86' lang='lat' dir='ltr'>habentem.</span> <span class='ocrx_word' id='word_1_300' title='bbox 2297 2224 2343 2229; x_wconf 45' lang='grc' dir='ltr'>η</span> <span class='ocrx_word' id='word_1_301' title='bbox 2369 2154 2441 2229; x_wconf 77' lang='lat' dir='ltr'>ab</span> <span class='ocrx_word' id='word_1_302' title='bbox 2473 2158 2638 2229; x_wconf 82' lang='lat' dir='ltr'><strong>utero</strong></span> <span class='ocrx_word' id='word_1_303' title='bbox 2670 2153 2980 2210; x_wconf 83' lang='lat' dir='ltr'>auxiliator</span> <span class='ocrx_word' id='word_1_304' title='bbox 3008 2160 3146 2209; x_wconf 90' lang='lat' dir='ltr'>tuus</span> <span class='ocrx_word' id='word_1_305' title='bbox 3171 2172 3191 2210; x_wconf 93' lang='lat'><strong><em>:</em></strong></span> 
     </span>
    </p>
   </div>
   <div class='ocr_carea' id='block_1_28' title="bbox 612 2224 3311 2297">
    <p class='ocr_par' dir='ltr' id='par_1_28' title="bbox 612 2224 3311 2297">
     <span class='ocr_line' id='line_1_30' title="bbox 612 2224 3311 2297; baseline 0 -14"><span class='ocrx_word' id='word_1_306' title='bbox 612 2229 883 2295; x_wconf 92' lang='lat' dir='ltr'>surdum,</span> <span class='ocrx_word' id='word_1_307' title='bbox 918 2224 971 2283; x_wconf 78' lang='lat' dir='ltr'>et</span> <span class='ocrx_word' id='word_1_308' title='bbox 996 2224 1172 2284; x_wconf 75' lang='lat' dir='ltr'>aures</span> <span class='ocrx_word' id='word_1_309' title='bbox 1206 2228 1259 2283; x_wconf 91' lang='lat' dir='ltr'>ei</span> <span class='ocrx_word' id='word_1_310' title='bbox 1292 2233 1452 2283; x_wconf 89' lang='lat' dir='ltr'>sunt.</span> <span class='ocrx_word' id='word_1_311' title='bbox 2297 2224 2425 2280; x_wconf 91' lang='lat' dir='ltr'>Noli</span> <span class='ocrx_word' id='word_1_312' title='bbox 2456 2225 2684 2297; x_wconf 80' lang='lat' dir='ltr'>timere,</span> <span class='ocrx_word' id='word_1_313' title='bbox 2717 2238 2877 2281; x_wconf 89' lang='lat' dir='ltr'>serve</span> <span class='ocrx_word' id='word_1_314' title='bbox 2909 2228 3311 2297; x_wconf 83' lang='lat' dir='ltr'>meusJacob,</span> 
     </span>
    </p>
   </div>
   <div class='ocr_carea' id='block_1_29' title="bbox 542 2295 3210 2372">
    <p class='ocr_par' dir='ltr' id='par_1_29' title="bbox 542 2295 3210 2372">
     <span class='ocr_line' id='line_1_31' title="bbox 542 2295 3210 2372; baseline -0 -18"><span class='ocrx_word' id='word_1_315' title='bbox 542 2298 985 2372; x_wconf 80' lang='lat' dir='ltr'>Omnesgentes</span> <span class='ocrx_word' id='word_1_316' title='bbox 1017 2305 1379 2372; x_wconf 64' lang='lat' dir='ltr'>congregata;</span> <span class='ocrx_word' id='word_1_317' title='bbox 1411 2303 1551 2355; x_wconf 89' lang='lat' dir='ltr'>sunt</span> <span class='ocrx_word' id='word_1_318' title='bbox 1582 2297 1761 2355; x_wconf 90' lang='lat' dir='ltr'>simul</span> <span class='ocrx_word' id='word_1_319' title='bbox 2297 2368 2335 2372; x_wconf 97' lang='lat'>_</span> <span class='ocrx_word' id='word_1_320' title='bbox 2351 2300 2427 2372; x_wconf 81' lang='lat' dir='ltr'>_et</span> <span class='ocrx_word' id='word_1_321' title='bbox 2457 2296 2806 2372; x_wconf 83' lang='lat' dir='ltr'>rectissime.</span> <span class='ocrx_word' id='word_1_322' title='bbox 2834 2312 3008 2368; x_wconf 87' lang='lat' dir='ltr'>quem</span> <span class='ocrx_word' id='word_1_323' title='bbox 3040 2295 3210 2370; x_wconf 86' lang='lat' dir='ltr'>elegi.</span> 
     </span>
    </p>
   </div>
   <div class='ocr_carea' id='block_1_30' title="bbox 609 2368 3557 2441">
    <p class='ocr_par' dir='ltr' id='par_1_30' title="bbox 609 2368 3557 2441">
     <span class='ocr_line' id='line_1_32' title="bbox 609 2368 3557 2441; baseline 0 -16"><span class='ocrx_word' id='word_1_324' title='bbox 609 2375 666 2425; x_wconf 93' lang='lat' dir='ltr'>et</span> <span class='ocrx_word' id='word_1_325' title='bbox 696 2368 948 2426; x_wconf 72' lang='lat' dir='ltr'>colIectaa</span> <span class='ocrx_word' id='word_1_326' title='bbox 981 2377 1120 2427; x_wconf 89' lang='lat' dir='ltr'><strong>sunt</strong></span> <span class='ocrx_word' id='word_1_327' title='bbox 1136 2368 1340 2426; x_wconf 67' lang='lat' dir='ltr'>tribus</span> <span class='ocrx_word' id='word_1_328' title='bbox 1366 2386 1380 2426; x_wconf 90' lang='lat'><strong>:</strong></span> <span class='ocrx_word' id='word_1_329' title='bbox 2296 2368 2609 2441; x_wconf 75' lang='lat' dir='ltr'>Effundam</span> <span class='ocrx_word' id='word_1_330' title='bbox 2644 2368 2801 2422; x_wconf 90' lang='lat' dir='ltr'><strong>enim</strong></span> <span class='ocrx_word' id='word_1_331' title='bbox 2834 2385 3014 2440; x_wconf 90' lang='lat' dir='ltr'>aquas</span> <span class='ocrx_word' id='word_1_332' title='bbox 3045 2368 3225 2441; x_wconf 81' lang='lat' dir='ltr'>super</span> <span class='ocrx_word' id='word_1_333' title='bbox 3257 2368 3557 2436; x_wconf 86' lang='lat' dir='ltr'>sitientem,</span> 
     </span>
    </p>
   </div>
   <div class='ocr_carea' id='block_1_31' title="bbox 542 2439 3175 2511">
    <p class='ocr_par' dir='ltr' id='par_1_31' title="bbox 542 2439 3175 2511">
     <span class='ocr_line' id='line_1_33' title="bbox 542 2439 3175 2511; baseline -0.001 -14"><span class='ocrx_word' id='word_1_334' title='bbox 542 2441 685 2506; x_wconf 91' lang='lat' dir='ltr'>Quis</span> <span class='ocrx_word' id='word_1_335' title='bbox 716 2442 775 2497; x_wconf 92' lang='lat' dir='ltr'><strong>in</strong></span> <span class='ocrx_word' id='word_1_336' title='bbox 807 2441 933 2498; x_wconf 90' lang='lat' dir='ltr'><strong>vois</strong></span> <span class='ocrx_word' id='word_1_337' title='bbox 964 2442 1317 2498; x_wconf 87' lang='lat' dir='ltr'>bannuntiet</span> <span class='ocrx_word' id='word_1_338' title='bbox 1344 2441 1526 2508; x_wconf 90' lang='lat' dir='ltr'>istud,</span> <span class='ocrx_word' id='word_1_339' title='bbox 2368 2444 2424 2511; x_wconf 91' lang='lat' dir='ltr'>et</span> <span class='ocrx_word' id='word_1_340' title='bbox 2454 2439 2673 2494; x_wconf 86' lang='lat' dir='ltr'>ﬂuenta</span> <span class='ocrx_word' id='word_1_341' title='bbox 2703 2455 2884 2511; x_wconf 88' lang='lat' dir='ltr'>super</span> <span class='ocrx_word' id='word_1_342' title='bbox 2908 2439 3137 2496; x_wconf 84' lang='lat' dir='ltr'>aridam</span> <span class='ocrx_word' id='word_1_343' title='bbox 3162 2457 3175 2495; x_wconf 88' lang='lat'><strong>:</strong></span> 
     </span>
    </p>
   </div>
   <div class='ocr_carea' id='block_1_32' title="bbox 609 2510 3753 2585">
    <p class='ocr_par' dir='ltr' id='par_1_32' title="bbox 609 2510 3753 2585">
     <span class='ocr_line' id='line_1_34' title="bbox 609 2510 3753 2585; baseline -0.001 -18"><span class='ocrx_word' id='word_1_344' title='bbox 609 2521 663 2567; x_wconf 89' lang='lat' dir='ltr'>et</span> <span class='ocrx_word' id='word_1_345' title='bbox 694 2529 819 2585; x_wconf 63' lang='lat' dir='ltr'>qua:</span> <span class='ocrx_word' id='word_1_346' title='bbox 850 2512 1040 2585; x_wconf 89' lang='lat' dir='ltr'>prima</span> <span class='ocrx_word' id='word_1_347' title='bbox 1068 2518 1227 2581; x_wconf 90' lang='lat' dir='ltr'>sunt,</span> <span class='ocrx_word' id='word_1_348' title='bbox 1263 2514 1465 2568; x_wconf 91' lang='lat' dir='ltr'>audire</span> <span class='ocrx_word' id='word_1_349' title='bbox 1498 2529 1602 2568; x_wconf 89' lang='lat' dir='ltr'>nos</span> <span class='ocrx_word' id='word_1_350' title='bbox 1636 2511 1851 2569; x_wconf 85' lang='lat' dir='ltr'>faciet?</span> <span class='ocrx_word' id='word_1_351' title='bbox 2298 2510 2604 2585; x_wconf 76' lang='lat' dir='ltr'>Effundam</span> <span class='ocrx_word' id='word_1_352' title='bbox 2626 2511 2912 2585; x_wconf 81' lang='lat' dir='ltr'>spiritum</span> <span class='ocrx_word' id='word_1_353' title='bbox 2948 2528 3145 2568; x_wconf 91' lang='lat' dir='ltr'><strong>meum</strong></span> <span class='ocrx_word' id='word_1_354' title='bbox 3179 2528 3361 2585; x_wconf 84' lang='lat' dir='ltr'>super</span> <span class='ocrx_word' id='word_1_355' title='bbox 3390 2526 3573 2585; x_wconf 86' lang='lat' dir='ltr'>semen</span> <span class='ocrx_word' id='word_1_356' title='bbox 3600 2512 3753 2575; x_wconf 89' lang='lat' dir='ltr'>tuum,</span> 
     </span>
    </p>
   </div>
   <div class='ocr_carea' id='block_1_33' title="bbox 541 2581 3768 2657">
    <p class='ocr_par' dir='ltr' id='par_1_33' title="bbox 541 2581 3768 2657">
     <span class='ocr_line' id='line_1_35' title="bbox 541 2581 3768 2657; baseline -0.002 -18"><span class='ocrx_word' id='word_1_357' title='bbox 541 2582 691 2640; x_wconf 92' lang='lat' dir='ltr'>Dent</span> <span class='ocrx_word' id='word_1_358' title='bbox 711 2581 899 2640; x_wconf 73' lang='lat' dir='ltr'>testes</span> <span class='ocrx_word' id='word_1_359' title='bbox 917 2601 1141 2651; x_wconf 91' lang='lat' dir='ltr'><strong>eorum,</strong></span> <span class='ocrx_word' id='word_1_360' title='bbox 1170 2591 1227 2641; x_wconf 90' lang='lat' dir='ltr'><strong>et</strong></span> <span class='ocrx_word' id='word_1_361' title='bbox 1251 2585 1677 2657; x_wconf 79' lang='lat' dir='ltr'>justificentur,</span> <span class='ocrx_word' id='word_1_362' title='bbox 2296 2652 2335 2657; x_wconf 89' lang='lat'>_</span> <span class='ocrx_word' id='word_1_363' title='bbox 2367 2588 2426 2637; x_wconf 90' lang='lat' dir='ltr'>et</span> <span class='ocrx_word' id='word_1_364' title='bbox 2455 2581 2917 2657; x_wconf 80' lang='lat' dir='ltr'>benedictionem</span> <span class='ocrx_word' id='word_1_365' title='bbox 2952 2600 3141 2657; x_wconf 84' lang='lat' dir='ltr'>meam</span> <span class='ocrx_word' id='word_1_366' title='bbox 3176 2581 3357 2656; x_wconf 84' lang='lat' dir='ltr'>super</span> <span class='ocrx_word' id='word_1_367' title='bbox 3382 2584 3603 2657; x_wconf 88' lang='lat' dir='ltr'>stirpem</span> <span class='ocrx_word' id='word_1_368' title='bbox 3628 2587 3768 2636; x_wconf 88' lang='lat' dir='ltr'>tuam.</span> 
     </span>
    </p>
   </div>
   <div class='ocr_carea' id='block_1_34' title="bbox 615 2652 3263 2727">
    <p class='ocr_par' dir='ltr' id='par_1_34' title="bbox 615 2652 3263 2727">
     <span class='ocr_line' id='line_1_36' title="bbox 615 2652 3263 2727; baseline 0 -17"><span class='ocrx_word' id='word_1_369' title='bbox 615 2662 672 2710; x_wconf 91' lang='lat' dir='ltr'><strong>et</strong></span> <span class='ocrx_word' id='word_1_370' title='bbox 702 2657 960 2727; x_wconf 88' lang='lat' dir='ltr'>audiant,</span> <span class='ocrx_word' id='word_1_371' title='bbox 991 2662 1048 2713; x_wconf 93' lang='lat' dir='ltr'><strong>et</strong></span> <span class='ocrx_word' id='word_1_372' title='bbox 1078 2652 1309 2712; x_wconf 76' lang='lat' dir='ltr'>dicant:</span> <span class='ocrx_word' id='word_1_373' title='bbox 1345 2655 1512 2725; x_wconf 92' lang='lat' dir='ltr'><strong>Vere,</strong></span> <span class='ocrx_word' id='word_1_374' title='bbox 1662 2652 1668 2654; x_wconf 57' lang='lat'>7</span> <span class='ocrx_word' id='word_1_375' title='bbox 2296 2652 2363 2708; x_wconf 91' lang='lat' dir='ltr'>Et</span> <span class='ocrx_word' id='word_1_376' title='bbox 2392 2652 2820 2727; x_wconf 81' lang='lat' dir='ltr'>germinabunt</span> <span class='ocrx_word' id='word_1_377' title='bbox 2840 2653 2993 2710; x_wconf 90' lang='lat' dir='ltr'>inter</span> <span class='ocrx_word' id='word_1_378' title='bbox 3020 2652 3263 2727; x_wconf 67' lang='lat' dir='ltr'>herbas.</span> 
     </span>
    </p>
   </div>
   <div class='ocr_carea' id='block_1_35' title="bbox 543 2724 3672 2808">
    <p class='ocr_par' dir='ltr' id='par_1_35' title="bbox 543 2724 3672 2808">
     <span class='ocr_line' id='line_1_37' title="bbox 543 2724 3672 2808; baseline 0 -28"><span class='ocrx_word' id='word_1_379' title='bbox 543 2726 661 2808; x_wconf 81' lang='lat' dir='ltr'>Vos</span> <span class='ocrx_word' id='word_1_380' title='bbox 689 2732 866 2784; x_wconf 89' lang='lat' dir='ltr'>testes</span> <span class='ocrx_word' id='word_1_381' title='bbox 900 2724 1034 2797; x_wconf 89' lang='lat' dir='ltr'><strong>mei,</strong></span> <span class='ocrx_word' id='word_1_382' title='bbox 1066 2728 1208 2784; x_wconf 90' lang='lat' dir='ltr'>dicit</span> <span class='ocrx_word' id='word_1_383' title='bbox 1241 2724 1543 2808; x_wconf 79' lang='lat' dir='ltr'>Dominus,</span> <span class='ocrx_word' id='word_1_384' title='bbox 2298 2795 2317 2808; x_wconf 39' lang='grc' dir='ltr'><strong>θ</strong></span> <span class='ocrx_word' id='word_1_385' title='bbox 2362 2724 2535 2808; x_wconf 75' lang='lat' dir='ltr'>quasi</span> <span class='ocrx_word' id='word_1_386' title='bbox 2567 2724 2775 2808; x_wconf 73' lang='lat' dir='ltr'>salises</span> <span class='ocrx_word' id='word_1_387' title='bbox 2798 2725 2972 2808; x_wconf 68' lang='lat' dir='ltr'>iuxta</span> <span class='ocrx_word' id='word_1_388' title='bbox 3002 2726 3462 2798; x_wconf 73' lang='lat' dir='ltr'>praeterﬂuentes</span> <span class='ocrx_word' id='word_1_389' title='bbox 3491 2741 3672 2799; x_wconf 85' lang='lat' dir='ltr'>aquas.</span> 
     </span>
    </p>
   </div>
   <div class='ocr_carea' id='block_1_36' title="bbox 610 2795 3237 2871">
    <p class='ocr_par' dir='ltr' id='par_1_36' title="bbox 610 2795 3237 2871">
     <span class='ocr_line' id='line_1_38' title="bbox 610 2795 3237 2871; baseline 0 -18"><span class='ocrx_word' id='word_1_390' title='bbox 610 2801 670 2853; x_wconf 93' lang='lat' dir='ltr'>et</span> <span class='ocrx_word' id='word_1_391' title='bbox 700 2815 903 2871; x_wconf 86' lang='lat' dir='ltr'>servus</span> <span class='ocrx_word' id='word_1_392' title='bbox 933 2795 1121 2866; x_wconf 87' lang='lat' dir='ltr'>meus,</span> <span class='ocrx_word' id='word_1_393' title='bbox 1153 2799 1542 2871; x_wconf 82' lang='lat' dir='ltr'>quamelegi:</span> <span class='ocrx_word' id='word_1_394' title='bbox 2298 2795 2413 2851; x_wconf 89' lang='lat' dir='ltr'>Iste</span> <span class='ocrx_word' id='word_1_395' title='bbox 2443 2796 2633 2871; x_wconf 80' lang='lat' dir='ltr'>dicet:</span> <span class='ocrx_word' id='word_1_396' title='bbox 2661 2795 2895 2871; x_wconf 81' lang='lat' dir='ltr'>Domini</span> <span class='ocrx_word' id='word_1_397' title='bbox 2927 2795 3193 2871; x_wconf 79' lang='lat' dir='ltr'>egosum</span> <span class='ocrx_word' id='word_1_398' title='bbox 3220 2815 3237 2866; x_wconf 88' lang='lat'>;</span> 
     </span>
    </p>
   </div>
   <div class='ocr_carea' id='block_1_37' title="bbox 541 2867 3387 2939">
    <p class='ocr_par' dir='ltr' id='par_1_37' title="bbox 541 2867 3387 2939">
     <span class='ocr_line' id='line_1_39' title="bbox 541 2867 3387 2939; baseline 0 -14"><span class='ocrx_word' id='word_1_399' title='bbox 541 2867 613 2925; x_wconf 92' lang='lat' dir='ltr'>Ut</span> <span class='ocrx_word' id='word_1_400' title='bbox 643 2870 869 2939; x_wconf 88' lang='lat' dir='ltr'>sciatis,</span> <span class='ocrx_word' id='word_1_401' title='bbox 899 2876 957 2926; x_wconf 90' lang='lat' dir='ltr'>et</span> <span class='ocrx_word' id='word_1_402' title='bbox 986 2867 1240 2927; x_wconf 79' lang='lat' dir='ltr'>credatis</span> <span class='ocrx_word' id='word_1_403' title='bbox 1271 2867 1480 2934; x_wconf 43' lang='lat' dir='ltr'>mibif</span> <span class='ocrx_word' id='word_1_404' title='bbox 2367 2872 2423 2923; x_wconf 93' lang='lat' dir='ltr'>et</span> <span class='ocrx_word' id='word_1_405' title='bbox 2442 2867 2537 2939; x_wconf 85' lang='lat' dir='ltr'><strong>ille</strong></span> <span class='ocrx_word' id='word_1_406' title='bbox 2565 2867 2875 2923; x_wconf 90' lang='lat' dir='ltr'>vocabitin</span> <span class='ocrx_word' id='word_1_407' title='bbox 2899 2867 3134 2926; x_wconf 72' lang='lat' dir='ltr'>nomine</span> <span class='ocrx_word' id='word_1_408' title='bbox 3163 2869 3387 2926; x_wconf 86' lang='lat' dir='ltr'>Jacob:</span> 
     </span>
    </p>
   </div>
   <div class='ocr_carea' id='block_1_38' title="bbox 610 2938 3494 3015">
    <p class='ocr_par' dir='ltr' id='par_1_38' title="bbox 610 2938 3494 3015">
     <span class='ocr_line' id='line_1_40' title="bbox 610 2938 3494 3015; baseline -0 -19"><span class='ocrx_word' id='word_1_409' title='bbox 610 2946 667 2996; x_wconf 94' lang='lat' dir='ltr'><strong>et</strong></span> <span class='ocrx_word' id='word_1_410' title='bbox 696 2938 1061 3011; x_wconf 76' lang='lat' dir='ltr'>intelligetis.</span> <span class='ocrx_word' id='word_1_411' title='bbox 1102 2943 1241 3012; x_wconf 89' lang='lat' dir='ltr'>quia</span> <span class='ocrx_word' id='word_1_412' title='bbox 1272 2959 1378 3015; x_wconf 85' lang='lat' dir='ltr'>ego</span> <span class='ocrx_word' id='word_1_413' title='bbox 1419 2944 1544 3015; x_wconf 74' lang='lat' dir='ltr'>ipse</span> <span class='ocrx_word' id='word_1_414' title='bbox 1575 2956 1728 2997; x_wconf 89' lang='lat' dir='ltr'>sum.</span> <span class='ocrx_word' id='word_1_415' title='bbox 2365 2943 2423 2994; x_wconf 89' lang='lat' dir='ltr'>et</span> <span class='ocrx_word' id='word_1_416' title='bbox 2452 2938 2544 3015; x_wconf 85' lang='lat' dir='ltr'>_hic</span> <span class='ocrx_word' id='word_1_417' title='bbox 2575 2940 2996 3015; x_wconf 79' lang='lat' dir='ltr'>scri7bet_manu</span> <span class='ocrx_word' id='word_1_418' title='bbox 3027 2958 3135 2997; x_wconf 90' lang='lat' dir='ltr'>sua</span> <span class='ocrx_word' id='word_1_419' title='bbox 3160 2959 3186 3015; x_wconf 67' lang='lat'><em>:7</em></span> <span class='ocrx_word' id='word_1_420' title='bbox 3211 2942 3453 3015; x_wconf 84' lang='lat' dir='ltr'>Domino</span> <span class='ocrx_word' id='word_1_421' title='bbox 3482 2957 3494 2995; x_wconf 91' lang='lat'>:</span> 
     </span>
    </p>
   </div>
   <div class='ocr_carea' id='block_1_39' title="bbox 537 3010 3528 3080">
    <p class='ocr_par' dir='ltr' id='par_1_39' title="bbox 537 3010 3528 3080">
     <span class='ocr_line' id='line_1_41' title="bbox 537 3010 3528 3080; baseline 0 -15"><span class='ocrx_word' id='word_1_422' title='bbox 537 3014 689 3068; x_wconf 81' lang='lat' dir='ltr'>Ante</span> <span class='ocrx_word' id='word_1_423' title='bbox 721 3028 813 3068; x_wconf 91' lang='lat' dir='ltr'><strong>me</strong></span> <span class='ocrx_word' id='word_1_424' title='bbox 844 3010 957 3068; x_wconf 90' lang='lat' dir='ltr'>non</span> <span class='ocrx_word' id='word_1_425' title='bbox 991 3018 1081 3069; x_wconf 93' lang='lat' dir='ltr'>est</span> <span class='ocrx_word' id='word_1_426' title='bbox 1107 3010 1395 3070; x_wconf 62' lang='lat' dir='ltr'>format&#39;us</span> <span class='ocrx_word' id='word_1_427' title='bbox 1426 3010 1603 3080; x_wconf 83' lang='lat' dir='ltr'>Deus,</span> <span class='ocrx_word' id='word_1_428' title='bbox 2365 3015 2424 3065; x_wconf 91' lang='lat' dir='ltr'>et</span> <span class='ocrx_word' id='word_1_429' title='bbox 2452 3010 2510 3064; x_wconf 93' lang='lat' dir='ltr'>in</span> <span class='ocrx_word' id='word_1_430' title='bbox 2543 3010 2779 3066; x_wconf 89' lang='lat' dir='ltr'>nomine</span> <span class='ocrx_word' id='word_1_431' title='bbox 2807 3010 2985 3067; x_wconf 89' lang='lat' dir='ltr'>Israel</span> <span class='ocrx_word' id='word_1_432' title='bbox 3017 3016 3035 3049; x_wconf 88' lang='grc'>¹</span> <span class='ocrx_word' id='word_1_433' title='bbox 3069 3012 3528 3069; x_wconf 84' lang='lat' dir='ltr'>assimilabitur:</span> 
     </span>
    </p>
   </div>
   <div class='ocr_carea' id='block_1_40' title="bbox 609 3080 3273 3154">
    <p class='ocr_par' dir='ltr' id='par_1_40' title="bbox 609 3080 3273 3154">
     <span class='ocr_line' id='line_1_42' title="bbox 609 3080 3273 3154; baseline 0 -16"><span class='ocrx_word' id='word_1_434' title='bbox 609 3089 666 3138; x_wconf 92' lang='lat' dir='ltr'>et</span> <span class='ocrx_word' id='word_1_435' title='bbox 696 3089 829 3154; x_wconf 90' lang='lat' dir='ltr'>post</span> <span class='ocrx_word' id='word_1_436' title='bbox 849 3101 943 3140; x_wconf 92' lang='lat' dir='ltr'>me</span> <span class='ocrx_word' id='word_1_437' title='bbox 970 3102 1085 3139; x_wconf 91' lang='lat' dir='ltr'>non</span> <span class='ocrx_word' id='word_1_438' title='bbox 1117 3085 1247 3140; x_wconf 88' lang='lat' dir='ltr'>erit.</span> <span class='ocrx_word' id='word_1_439' title='bbox 2213 3125 2254 3154; x_wconf 64' lang='grc' dir='ltr'>η</span> <span class='ocrx_word' id='word_1_440' title='bbox 2296 3080 2425 3137; x_wconf 63' lang='lat' dir='ltr'>Haec</span> <span class='ocrx_word' id='word_1_441' title='bbox 2454 3080 2595 3136; x_wconf 90' lang='lat' dir='ltr'>dicit</span> <span class='ocrx_word' id='word_1_442' title='bbox 2627 3081 2906 3138; x_wconf 89' lang='lat' dir='ltr'>Dominus</span> <span class='ocrx_word' id='word_1_443' title='bbox 2938 3100 3037 3139; x_wconf 87' lang='lat' dir='ltr'>rex</span> <span class='ocrx_word' id='word_1_444' title='bbox 3068 3084 3273 3153; x_wconf 88' lang='lat' dir='ltr'>Israel,</span> 
     </span>
    </p>
   </div>
   <div class='ocr_carea' id='block_1_41' title="bbox 535 3125 3678 3227">
    <p class='ocr_par' dir='ltr' id='par_1_41' title="bbox 535 3125 3678 3227">
     <span class='ocr_line' id='line_1_43' title="bbox 535 3125 3678 3227; baseline 0 -21"><span class='ocrx_word' id='word_1_445' title='bbox 535 3156 652 3225; x_wconf 88' lang='lat' dir='ltr'>Ego</span> <span class='ocrx_word' id='word_1_446' title='bbox 683 3125 835 3222; x_wconf 45' lang='lat' dir='ltr'>svum,</span> <span class='ocrx_word' id='word_1_447' title='bbox 869 3171 974 3227; x_wconf 91' lang='lat' dir='ltr'>ego</span> <span class='ocrx_word' id='word_1_448' title='bbox 1007 3172 1139 3212; x_wconf 92' lang='lat' dir='ltr'>sum</span> <span class='ocrx_word' id='word_1_449' title='bbox 1176 3156 1478 3227; x_wconf 91' lang='lat' dir='ltr'>Dominus,</span> <span class='ocrx_word' id='word_1_450' title='bbox 2212 3125 2255 3191; x_wconf 74' lang='lat' dir='ltr'><strong><em>C</em></strong></span> <span class='ocrx_word' id='word_1_451' title='bbox 2293 3223 2332 3227; x_wconf 94' lang='lat'><strong><em>_</em></strong></span> <span class='ocrx_word' id='word_1_452' title='bbox 2364 3158 2421 3208; x_wconf 91' lang='lat' dir='ltr'>et</span> <span class='ocrx_word' id='word_1_453' title='bbox 2452 3154 2782 3227; x_wconf 81' lang='lat' dir='ltr'>redemptor</span> <span class='ocrx_word' id='word_1_454' title='bbox 2800 3155 2927 3224; x_wconf 88' lang='lat' dir='ltr'>ejus</span> <span class='ocrx_word' id='word_1_455' title='bbox 2956 3127 3678 3212; x_wconf 58' lang='lat' dir='ltr'>Dominus7excercituum:</span> 
     </span>
    </p>
   </div>
   <div class='ocr_carea' id='block_1_42' title="bbox 532 3222 3325 3299">
    <p class='ocr_par' dir='ltr' id='par_1_42' title="bbox 532 3222 3325 3299">
     <span class='ocr_line' id='line_1_44' title="bbox 532 3222 3325 3299; baseline 0.001 -19"><span class='ocrx_word' id='word_1_456' title='bbox 532 3222 660 3299; x_wconf 65' lang='lat' dir='ltr'>‘_7et</span> <span class='ocrx_word' id='word_1_457' title='bbox 685 3241 799 3280; x_wconf 92' lang='lat' dir='ltr'>non</span> <span class='ocrx_word' id='word_1_458' title='bbox 833 3222 934 3299; x_wconf 68' lang='lat' dir='ltr'>est</span> <span class='ocrx_word' id='word_1_459' title='bbox 951 3229 1171 3299; x_wconf 83' lang='lat' dir='ltr'>absque</span> <span class='ocrx_word' id='word_1_460' title='bbox 1194 3244 1294 3299; x_wconf 87' lang='lat' dir='ltr'><strong>me</strong></span> <span class='ocrx_word' id='word_1_461' title='bbox 1320 3222 1594 3283; x_wconf 82' lang='lat' dir='ltr'>salvator.</span> <span class='ocrx_word' id='word_1_462' title='bbox 2292 3223 2407 3295; x_wconf 89' lang='lat' dir='ltr'><strong>Ego</strong></span> <span class='ocrx_word' id='word_1_463' title='bbox 2441 3222 2690 3299; x_wconf 80' lang='lat' dir='ltr'>primus,</span> <span class='ocrx_word' id='word_1_464' title='bbox 2723 3228 2780 3281; x_wconf 88' lang='lat' dir='ltr'>et</span> <span class='ocrx_word' id='word_1_465' title='bbox 2805 3222 2908 3296; x_wconf 79' lang='lat' dir='ltr'><strong>ego</strong></span> <span class='ocrx_word' id='word_1_466' title='bbox 2939 3228 3325 3299; x_wconf 87' lang='lat' dir='ltr'>novissimus,</span> 
     </span>
    </p>
   </div>
   <div class='ocr_carea' id='block_1_43' title="bbox 534 3295 3273 3369">
    <p class='ocr_par' dir='ltr' id='par_1_43' title="bbox 534 3295 3273 3369">
     <span class='ocr_line' id='line_1_45' title="bbox 534 3295 3273 3369; baseline 0.002 -19"><span class='ocrx_word' id='word_1_467' title='bbox 534 3295 652 3367; x_wconf 88' lang='lat' dir='ltr'>Ego</span> <span class='ocrx_word' id='word_1_468' title='bbox 685 3297 1009 3369; x_wconf 84' lang='lat' dir='ltr'>annutiavi,</span> <span class='ocrx_word' id='word_1_469' title='bbox 1032 3295 1093 3354; x_wconf 77' lang='lat' dir='ltr'>et</span> <span class='ocrx_word' id='word_1_470' title='bbox 1123 3298 1335 3355; x_wconf 89' lang='lat' dir='ltr'>salvavi</span> <span class='ocrx_word' id='word_1_471' title='bbox 1359 3316 1378 3353; x_wconf 89' lang='lat'><strong><em>:</em></strong></span> <span class='ocrx_word' id='word_1_472' title='bbox 2304 3367 2319 3369; x_wconf 67' lang='lat'>7</span> <span class='ocrx_word' id='word_1_473' title='bbox 2363 3301 2421 3369; x_wconf 93' lang='lat' dir='ltr'>et</span> <span class='ocrx_word' id='word_1_474' title='bbox 2446 3295 2675 3369; x_wconf 82' lang='lat' dir='ltr'>absque</span> <span class='ocrx_word' id='word_1_475' title='bbox 2706 3295 2937 3369; x_wconf 79' lang='lat' dir='ltr'>menon</span> <span class='ocrx_word' id='word_1_476' title='bbox 2969 3304 3059 3355; x_wconf 90' lang='lat' dir='ltr'>est</span> <span class='ocrx_word' id='word_1_477' title='bbox 3090 3300 3273 3356; x_wconf 91' lang='lat' dir='ltr'>Deus.</span> 
     </span>
    </p>
   </div>
   <div class='ocr_carea' id='block_1_44' title="bbox 603 3366 2861 3437">
    <p class='ocr_par' dir='ltr' id='par_1_44' title="bbox 603 3366 2861 3437">
     <span class='ocr_line' id='line_1_46' title="bbox 603 3366 2861 3437; baseline 0 -15"><span class='ocrx_word' id='word_1_478' title='bbox 603 3368 870 3423; x_wconf 90' lang='lat' dir='ltr'>auditum</span> <span class='ocrx_word' id='word_1_479' title='bbox 904 3366 1034 3437; x_wconf 87' lang='lat' dir='ltr'>feci,</span> <span class='ocrx_word' id='word_1_480' title='bbox 2290 3367 2431 3432; x_wconf 90' lang='lat' dir='ltr'>Quis</span> <span class='ocrx_word' id='word_1_481' title='bbox 2453 3366 2667 3422; x_wconf 81' lang='lat' dir='ltr'>similis</span> <span class='ocrx_word' id='word_1_482' title='bbox 2701 3366 2861 3422; x_wconf 82' lang='lat' dir='ltr'>mei?</span> 
     </span>
    </p>
   </div>
   <div class='ocr_carea' id='block_1_45' title="bbox 595 3439 3011 3509">
    <p class='ocr_par' dir='ltr' id='par_1_45' title="bbox 595 3439 3011 3509">
     <span class='ocr_line' id='line_1_47' title="bbox 595 3439 3011 3509; baseline 0.001 -17"><span class='ocrx_word' id='word_1_483' title='bbox 595 3444 652 3493; x_wconf 89' lang='lat' dir='ltr'>et</span> <span class='ocrx_word' id='word_1_484' title='bbox 685 3454 799 3493; x_wconf 93' lang='lat' dir='ltr'>non</span> <span class='ocrx_word' id='word_1_485' title='bbox 829 3440 940 3495; x_wconf 89' lang='lat' dir='ltr'>fuit</span> <span class='ocrx_word' id='word_1_486' title='bbox 969 3440 1027 3494; x_wconf 92' lang='lat' dir='ltr'>in</span> <span class='ocrx_word' id='word_1_487' title='bbox 1059 3440 1227 3495; x_wconf 88' lang='lat' dir='ltr'>vobis</span> <span class='ocrx_word' id='word_1_488' title='bbox 1251 3439 1479 3495; x_wconf 90' lang='lat' dir='ltr'>alienus</span> <span class='ocrx_word' id='word_1_489' title='bbox 1510 3455 1522 3494; x_wconf 90' lang='lat'><strong>:</strong></span> <span class='ocrx_word' id='word_1_490' title='bbox 2357 3442 2543 3505; x_wconf 91' lang='lat' dir='ltr'>vocet,</span> <span class='ocrx_word' id='word_1_491' title='bbox 2575 3444 2629 3494; x_wconf 82' lang='lat' dir='ltr'>et</span> <span class='ocrx_word' id='word_1_492' title='bbox 2663 3439 3011 3509; x_wconf 84' lang='lat' dir='ltr'>annuntiat;</span> 
     </span>
    </p>
   </div>
   <div class='ocr_carea' id='block_1_46' title="bbox 527 3508 3193 3582">
    <p class='ocr_par' dir='ltr' id='par_1_46' title="bbox 527 3508 3193 3582">
     <span class='ocr_line' id='line_1_48' title="bbox 527 3508 3193 3582; baseline 0.002 -21"><span class='ocrx_word' id='word_1_493' title='bbox 527 3508 641 3565; x_wconf 88' lang='lat' dir='ltr'>Vos</span> <span class='ocrx_word' id='word_1_494' title='bbox 673 3514 852 3582; x_wconf 85' lang='lat' dir='ltr'>testes</span> <span class='ocrx_word' id='word_1_495' title='bbox 886 3511 1019 3575; x_wconf 88' lang='lat' dir='ltr'><strong>mei,</strong></span> <span class='ocrx_word' id='word_1_496' title='bbox 1055 3511 1199 3566; x_wconf 89' lang='lat' dir='ltr'>dicit</span> <span class='ocrx_word' id='word_1_497' title='bbox 1228 3511 1535 3579; x_wconf 91' lang='lat' dir='ltr'>Dominus,</span> <span class='ocrx_word' id='word_1_498' title='bbox 2358 3518 2417 3565; x_wconf 88' lang='lat' dir='ltr'>et</span> <span class='ocrx_word' id='word_1_499' title='bbox 2447 3509 2713 3565; x_wconf 91' lang='lat' dir='ltr'>ordinem</span> <span class='ocrx_word' id='word_1_500' title='bbox 2737 3508 3193 3582; x_wconf 87' lang='lat' dir='ltr'>exponatmibi,</span> 
     </span>
    </p>
   </div>
   <div class='ocr_carea' id='block_1_47' title="bbox 598 3581 3570 3664">
    <p class='ocr_par' dir='ltr' id='par_1_47' title="bbox 598 3581 3570 3664">
     <span class='ocr_line' id='line_1_49' title="bbox 598 3581 3570 3664; baseline 0.001 -29"><span class='ocrx_word' id='word_1_501' title='bbox 598 3581 989 3664; x_wconf 44' lang='lat' dir='ltr'>etIegoDeus.</span> <span class='ocrx_word' id='word_1_502' title='bbox 1070 3652 1082 3664; x_wconf 65' lang='lat'>7</span> <span class='ocrx_word' id='word_1_503' title='bbox 2355 3597 2425 3636; x_wconf 86' lang='lat' dir='ltr'>ex</span> <span class='ocrx_word' id='word_1_504' title='bbox 2456 3597 2571 3664; x_wconf 88' lang='lat' dir='ltr'>quo</span> <span class='ocrx_word' id='word_1_505' title='bbox 2601 3581 2895 3664; x_wconf 67' lang='lat' dir='ltr'>constitui</span> <span class='ocrx_word' id='word_1_506' title='bbox 2914 3582 3199 3664; x_wconf 82' lang='lat' dir='ltr'>populum</span> <span class='ocrx_word' id='word_1_507' title='bbox 3222 3582 3570 3664; x_wconf 80' lang='lat' dir='ltr'>antiquum:</span> 
     </span>
    </p>
   </div>
   <div class='ocr_carea' id='block_1_48' title="bbox 528 3648 3712 3725">
    <p class='ocr_par' dir='ltr' id='par_1_48' title="bbox 528 3648 3712 3725">
     <span class='ocr_line' id='line_1_50' title="bbox 528 3648 3712 3725; baseline -0.001 -19"><span class='ocrx_word' id='word_1_508' title='bbox 528 3652 597 3706; x_wconf 87' lang='lat' dir='ltr'>Et</span> <span class='ocrx_word' id='word_1_509' title='bbox 628 3652 698 3707; x_wconf 87' lang='lat' dir='ltr'>ab</span> <span class='ocrx_word' id='word_1_510' title='bbox 717 3648 900 3708; x_wconf 76' lang='lat' dir='ltr'>initio</span> <span class='ocrx_word' id='word_1_511' title='bbox 931 3668 1037 3725; x_wconf 87' lang='lat' dir='ltr'><strong>ego</strong></span> <span class='ocrx_word' id='word_1_512' title='bbox 1067 3652 1213 3725; x_wconf 91' lang='lat' dir='ltr'>ipse,</span> <span class='ocrx_word' id='word_1_513' title='bbox 2282 3722 2326 3725; x_wconf 46' lang='grc' dir='ltr'><strong>μ</strong></span> <span class='ocrx_word' id='word_1_514' title='bbox 2352 3648 2599 3725; x_wconf 73' lang='lat' dir='ltr'>ventura</span> <span class='ocrx_word' id='word_1_515' title='bbox 2628 3658 2684 3709; x_wconf 93' lang='lat' dir='ltr'>et</span> <span class='ocrx_word' id='word_1_516' title='bbox 2709 3670 2835 3724; x_wconf 66' lang='lat' dir='ltr'>quae</span> <span class='ocrx_word' id='word_1_517' title='bbox 2871 3648 3067 3709; x_wconf 78' lang='lat' dir='ltr'>fu7tu7ra</span> <span class='ocrx_word' id='word_1_518' title='bbox 3094 3659 3239 3710; x_wconf 91' lang='lat' dir='ltr'>sunt</span> <span class='ocrx_word' id='word_1_519' title='bbox 3269 3648 3603 3710; x_wconf 76' lang='lat' dir='ltr'>ann7untient</span> <span class='ocrx_word' id='word_1_520' title='bbox 3626 3648 3712 3705; x_wconf 90' lang='lat' dir='ltr'>eis.</span> 
     </span>
    </p>
   </div>
   <div class='ocr_carea' id='block_1_49' title="bbox 594 3670 3450 3796">
    <p class='ocr_par' dir='ltr' id='par_1_49' title="bbox 594 3670 3450 3796">
     <span class='ocr_line' id='line_1_51' title="bbox 594 3670 3450 3725; baseline 0.002 -22"><span class='ocrx_word' id='word_1_521' title='bbox 594 3691 597 3703; x_wconf 94' lang='lat'>.</span> <span class='ocrx_word' id='word_1_522' title='bbox 628 3670 698 3707; x_wconf 84' lang='lat' dir='ltr'><strong>ao</strong></span> <span class='ocrx_word' id='word_1_523' title='bbox 731 3670 900 3708; x_wconf 76' lang='lat' dir='ltr'>initio</span> <span class='ocrx_word' id='word_1_524' title='bbox 931 3670 1037 3725; x_wconf 87' lang='lat' dir='ltr'><strong>ego</strong></span> <span class='ocrx_word' id='word_1_525' title='bbox 1067 3670 1081 3706; x_wconf 76' lang='grc' dir='ltr'><strong>ι</strong></span> <span class='ocrx_word' id='word_1_526' title='bbox 1132 3670 1213 3720; x_wconf 90' lang='lat' dir='ltr'>se,</span> <span class='ocrx_word' id='word_1_527' title='bbox 2352 3670 2599 3708; x_wconf 73' lang='lat' dir='ltr'>ventura</span> <span class='ocrx_word' id='word_1_528' title='bbox 2628 3670 2684 3709; x_wconf 80' lang='lat' dir='ltr'>et</span> <span class='ocrx_word' id='word_1_529' title='bbox 2709 3670 2835 3724; x_wconf 67' lang='lat' dir='ltr'>quae</span> <span class='ocrx_word' id='word_1_530' title='bbox 2871 3670 3067 3709; x_wconf 77' lang='lat' dir='ltr'>rutura</span> <span class='ocrx_word' id='word_1_531' title='bbox 3094 3670 3239 3710; x_wconf 79' lang='lat' dir='ltr'>sunt</span> <span class='ocrx_word' id='word_1_532' title='bbox 3269 3672 3450 3710; x_wconf 87' lang='lat' dir='ltr'>annur</span> 
     </span>
     <span class='ocr_line' id='line_1_52' title="bbox 594 3670 3450 3796; baseline 0.001 -18"><span class='ocrx_word' id='word_1_533' title='bbox 594 3728 649 3779; x_wconf 87' lang='lat' dir='ltr'>et</span> <span class='ocrx_word' id='word_1_534' title='bbox 679 3740 795 3778; x_wconf 91' lang='lat' dir='ltr'>non</span> <span class='ocrx_word' id='word_1_535' title='bbox 826 3729 916 3780; x_wconf 90' lang='lat' dir='ltr'>est</span> <span class='ocrx_word' id='word_1_536' title='bbox 947 3725 1043 3795; x_wconf 93' lang='lat' dir='ltr'>qui</span> <span class='ocrx_word' id='word_1_537' title='bbox 1083 3670 1155 3779; x_wconf 60' lang='lat' dir='ltr'>de</span> <span class='ocrx_word' id='word_1_538' title='bbox 1187 3740 1364 3780; x_wconf 91' lang='lat' dir='ltr'>manu</span> <span class='ocrx_word' id='word_1_539' title='bbox 1390 3738 1520 3779; x_wconf 90' lang='lat' dir='ltr'><strong>mea</strong></span> <span class='ocrx_word' id='word_1_540' title='bbox 1544 3726 1742 3780; x_wconf 91' lang='lat' dir='ltr'>eruat:</span> <span class='ocrx_word' id='word_1_541' title='bbox 2281 3722 2473 3779; x_wconf 90' lang='lat' dir='ltr'>Nolite</span> <span class='ocrx_word' id='word_1_542' title='bbox 2492 3724 2720 3789; x_wconf 88' lang='lat' dir='ltr'>timere,</span> <span class='ocrx_word' id='word_1_543' title='bbox 2754 3740 2943 3796; x_wconf 89' lang='lat' dir='ltr'>nsque</span> <span class='ocrx_word' id='word_1_544' title='bbox 2972 3726 3411 3782; x_wconf 89' lang='lat' dir='ltr'>conturbemini</span> <span class='ocrx_word' id='word_1_545' title='bbox 3436 3740 3450 3781; x_wconf 92' lang='lat'><strong>:</strong></span> 
     </span>
    </p>
   </div>
   <div class='ocr_carea' id='block_1_50' title="bbox 522 3793 3557 3868">
    <p class='ocr_par' dir='ltr' id='par_1_50' title="bbox 522 3793 3557 3868">
     <span class='ocr_line' id='line_1_53' title="bbox 522 3793 3557 3868; baseline 0 -19"><span class='ocrx_word' id='word_1_546' title='bbox 522 3793 835 3868; x_wconf 84' lang='lat' dir='ltr'>Operabor,</span> <span class='ocrx_word' id='word_1_547' title='bbox 966 3793 977 3795; x_wconf 78' lang='lat'>7</span> <span class='ocrx_word' id='word_1_548' title='bbox 1217 3866 1226 3868; x_wconf 75' lang='lat'>7</span> <span class='ocrx_word' id='word_1_549' title='bbox 1259 3866 1274 3868; x_wconf 89' lang='lat'>_</span> <span class='ocrx_word' id='word_1_550' title='bbox 2279 3865 2324 3868; x_wconf 95' lang='lat'>__</span> <span class='ocrx_word' id='word_1_551' title='bbox 2351 3811 2419 3850; x_wconf 83' lang='lat' dir='ltr'>ex</span> <span class='ocrx_word' id='word_1_552' title='bbox 2441 3799 2581 3868; x_wconf 89' lang='lat' dir='ltr'>tunc</span> <span class='ocrx_word' id='word_1_553' title='bbox 2612 3796 2816 3851; x_wconf 88' lang='lat' dir='ltr'>audire</span> <span class='ocrx_word' id='word_1_554' title='bbox 2844 3793 2904 3868; x_wconf 75' lang='lat' dir='ltr'>te</span> <span class='ocrx_word' id='word_1_555' title='bbox 2933 3796 3065 3868; x_wconf 89' lang='lat' dir='ltr'>feci,</span> <span class='ocrx_word' id='word_1_556' title='bbox 3096 3801 3155 3853; x_wconf 90' lang='lat' dir='ltr'>et</span> <span class='ocrx_word' id='word_1_557' title='bbox 3184 3795 3557 3865; x_wconf 88' lang='lat' dir='ltr'>annuntiavi;</span> 
     </span>
    </p>
   </div>
   <div class='ocr_carea' id='block_1_51' title="bbox 590 3865 2945 3923">
    <p class='ocr_par' dir='ltr' id='par_1_51' title="bbox 590 3865 2945 3923">
     <span class='ocr_line' id='line_1_54' title="bbox 590 3865 2945 3923; baseline 0.001 -2"><span class='ocrx_word' id='word_1_558' title='bbox 590 3870 648 3921; x_wconf 90' lang='lat' dir='ltr'>et</span> <span class='ocrx_word' id='word_1_559' title='bbox 674 3866 808 3923; x_wconf 85' lang='lat' dir='ltr'>auis</span> <span class='ocrx_word' id='word_1_560' title='bbox 839 3869 1057 3922; x_wconf 88' lang='lat' dir='ltr'>avertet</span> <span class='ocrx_word' id='word_1_561' title='bbox 1087 3865 1231 3921; x_wconf 91' lang='lat' dir='ltr'>illud</span> <span class='ocrx_word' id='word_1_562' title='bbox 1253 3866 1282 3921; x_wconf 80' lang='lat' dir='ltr'>‘I</span> <span class='ocrx_word' id='word_1_563' title='bbox 2278 3865 2393 3921; x_wconf 87' lang='lat' dir='ltr'>Vos</span> <span class='ocrx_word' id='word_1_564' title='bbox 2424 3867 2565 3921; x_wconf 90' lang='lat' dir='ltr'><strong>estis</strong></span> <span class='ocrx_word' id='word_1_565' title='bbox 2589 3871 2771 3923; x_wconf 90' lang='lat' dir='ltr'>testes</span> <span class='ocrx_word' id='word_1_566' title='bbox 2793 3866 2907 3923; x_wconf 85' lang='lat' dir='ltr'><strong>mei</strong></span> <span class='ocrx_word' id='word_1_567' title='bbox 2931 3882 2945 3923; x_wconf 87' lang='lat'><strong>:</strong></span> 
     </span>
    </p>
   </div>
   <div class='ocr_carea' id='block_1_52' title="bbox 520 3936 3319 4011">
    <p class='ocr_par' dir='ltr' id='par_1_52' title="bbox 520 3936 3319 4011">
     <span class='ocr_line' id='line_1_55' title="bbox 520 3936 3319 4011; baseline 0.001 -19"><span class='ocrx_word' id='word_1_568' title='bbox 520 3938 646 3993; x_wconf 83' lang='lat' dir='ltr'>Haec</span> <span class='ocrx_word' id='word_1_569' title='bbox 673 3936 814 3993; x_wconf 90' lang='lat' dir='ltr'>dicit</span> <span class='ocrx_word' id='word_1_570' title='bbox 843 3937 1130 4011; x_wconf 88' lang='lat' dir='ltr'>Dominus</span> <span class='ocrx_word' id='word_1_571' title='bbox 1160 3937 1492 4009; x_wconf 90' lang='lat' dir='ltr'>redemptor</span> <span class='ocrx_word' id='word_1_572' title='bbox 1520 3941 1729 4004; x_wconf 85' lang='lat' dir='ltr'>vester,</span> <span class='ocrx_word' id='word_1_573' title='bbox 2347 3939 2613 4011; x_wconf 85' lang='lat' dir='ltr'>nunquid</span> <span class='ocrx_word' id='word_1_574' title='bbox 2645 3944 2734 3993; x_wconf 92' lang='lat' dir='ltr'>est</span> <span class='ocrx_word' id='word_1_575' title='bbox 2764 3943 2916 3994; x_wconf 91' lang='lat' dir='ltr'>Deus</span> <span class='ocrx_word' id='word_1_576' title='bbox 2947 3940 3173 4011; x_wconf 90' lang='lat' dir='ltr'>absque</span> <span class='ocrx_word' id='word_1_577' title='bbox 3203 3956 3319 4011; x_wconf 91' lang='lat' dir='ltr'><strong>me,</strong></span> 
     </span>
    </p>
   </div>
   <div class='ocr_carea' id='block_1_53' title="bbox 587 4007 3528 4082">
    <p class='ocr_par' dir='ltr' id='par_1_53' title="bbox 587 4007 3528 4082">
     <span class='ocr_line' id='line_1_56' title="bbox 587 4007 3528 4082; baseline 0 -19"><span class='ocrx_word' id='word_1_578' title='bbox 587 4013 827 4065; x_wconf 90' lang='lat' dir='ltr'>sanctus</span> <span class='ocrx_word' id='word_1_579' title='bbox 858 4010 1075 4082; x_wconf 86' lang='lat' dir='ltr'>Israel;</span> <span class='ocrx_word' id='word_1_580' title='bbox 1185 4081 1197 4082; x_wconf 90' lang='lat'>7</span> <span class='ocrx_word' id='word_1_581' title='bbox 1262 4081 1271 4082; x_wconf 88' lang='lat'>7</span> <span class='ocrx_word' id='word_1_582' title='bbox 1340 4007 1379 4082; x_wconf 62' lang='lat'>77</span> <span class='ocrx_word' id='word_1_583' title='bbox 1710 4080 1721 4082; x_wconf 95' lang='lat'><em>_</em></span> <span class='ocrx_word' id='word_1_584' title='bbox 1899 4079 1909 4082; x_wconf 90' lang='lat'>_</span> <span class='ocrx_word' id='word_1_585' title='bbox 2318 4014 2401 4082; x_wconf 92' lang='lat' dir='ltr'>_et</span> <span class='ocrx_word' id='word_1_586' title='bbox 2431 4007 2714 4082; x_wconf 75' lang='lat' dir='ltr'>formator</span> <span class='ocrx_word' id='word_1_587' title='bbox 2743 4026 2915 4082; x_wconf 88' lang='lat' dir='ltr'>quem</span> <span class='ocrx_word' id='word_1_588' title='bbox 2946 4026 3048 4082; x_wconf 80' lang='lat' dir='ltr'>ego</span> <span class='ocrx_word' id='word_1_589' title='bbox 3074 4007 3195 4066; x_wconf 78' lang='lat' dir='ltr'><strong>non</strong></span> <span class='ocrx_word' id='word_1_590' title='bbox 3229 4007 3528 4067; x_wconf 79' lang='lat' dir='ltr'><strong>noverim?</strong></span> 
     </span>
    </p>
   </div>
   <div class='ocr_carea' id='block_1_54' title="bbox 513 4077 3631 4158">
    <p class='ocr_par' dir='ltr' id='par_1_54' title="bbox 513 4077 3631 4158">
     <span class='ocr_line' id='line_1_57' title="bbox 513 4077 3631 4158; baseline 0.001 -24"><span class='ocrx_word' id='word_1_591' title='bbox 513 4079 756 4158; x_wconf 81' lang='lat' dir='ltr'>Propter</span> <span class='ocrx_word' id='word_1_592' title='bbox 782 4096 886 4136; x_wconf 86' lang='lat' dir='ltr'>vos</span> <span class='ocrx_word' id='word_1_593' title='bbox 919 4081 1054 4137; x_wconf 90' lang='lat' dir='ltr'><strong>misi</strong></span> <span class='ocrx_word' id='word_1_594' title='bbox 1086 4081 1143 4135; x_wconf 90' lang='lat' dir='ltr'><strong>in</strong></span> <span class='ocrx_word' id='word_1_595' title='bbox 1180 4078 1553 4153; x_wconf 81' lang='lat' dir='ltr'>Babylonem,</span> <span class='ocrx_word' id='word_1_596' title='bbox 1586 4084 1643 4135; x_wconf 91' lang='lat' dir='ltr'>et</span> <span class='ocrx_word' id='word_1_597' title='bbox 1692 4079 1913 4135; x_wconf 83' lang='lat' dir='ltr'>detraxi</span> <span class='ocrx_word' id='word_1_598' title='bbox 1973 4084 2163 4135; x_wconf 83' lang='lat' dir='ltr'>vectes</span> <span class='ocrx_word' id='word_1_599' title='bbox 2271 4077 2481 4135; x_wconf 69' lang='lat' dir='ltr'>Plastze</span> <span class='ocrx_word' id='word_1_600' title='bbox 2510 4080 2647 4158; x_wconf 80' lang='lat' dir='ltr'>idoli</span> <span class='ocrx_word' id='word_1_601' title='bbox 2672 4077 2875 4158; x_wconf 75' lang='lat' dir='ltr'>omnes:</span> <span class='ocrx_word' id='word_1_602' title='bbox 2908 4077 3056 4137; x_wconf 84' lang='lat' dir='ltr'>nihil</span> <span class='ocrx_word' id='word_1_603' title='bbox 3085 4088 3249 4153; x_wconf 91' lang='lat' dir='ltr'>sunt,</span> <span class='ocrx_word' id='word_1_604' title='bbox 3369 4153 3384 4158; x_wconf 91' lang='lat'>_</span> <span class='ocrx_word' id='word_1_605' title='bbox 3538 4153 3547 4158; x_wconf 91' lang='lat'>_</span> <span class='ocrx_word' id='word_1_606' title='bbox 3621 4146 3631 4158; x_wconf 43' lang='lat'><em>.</em></span> 
     </span>
    </p>
   </div>
   <div class='ocr_carea' id='block_1_55' title="bbox 659 4152 3677 4227">
    <p class='ocr_par' dir='ltr' id='par_1_55' title="bbox 659 4152 3677 4227">
     <span class='ocr_line' id='line_1_58' title="bbox 659 4152 3677 4227; baseline -0.002 -21"><span class='ocrx_word' id='word_1_607' title='bbox 659 4153 1016 4227; x_wconf 76' lang='lat' dir='ltr'>universos,_</span> <span class='ocrx_word' id='word_1_608' title='bbox 1210 4222 1243 4227; x_wconf 82' lang='lat'>__</span> <span class='ocrx_word' id='word_1_609' title='bbox 1308 4152 1315 4153; x_wconf 88' lang='lat'>7</span> <span class='ocrx_word' id='word_1_610' title='bbox 1448 4222 1459 4227; x_wconf 77' lang='lat'>7</span> <span class='ocrx_word' id='word_1_611' title='bbox 1569 4222 1578 4227; x_wconf 89' lang='lat'>_</span> <span class='ocrx_word' id='word_1_612' title='bbox 1658 4221 1670 4227; x_wconf 87' lang='lat'><strong>_</strong></span> <span class='ocrx_word' id='word_1_613' title='bbox 1764 4226 1767 4227; x_wconf 85' lang='lat'>7</span> <span class='ocrx_word' id='word_1_614' title='bbox 2272 4222 2292 4227; x_wconf 96' lang='lat'>_</span> <span class='ocrx_word' id='word_1_615' title='bbox 2342 4158 2399 4227; x_wconf 88' lang='lat' dir='ltr'><strong>et</strong></span> <span class='ocrx_word' id='word_1_616' title='bbox 2423 4152 2833 4208; x_wconf 84' lang='lat' dir='ltr'>amantissima</span> <span class='ocrx_word' id='word_1_617' title='bbox 2861 4169 3064 4209; x_wconf 88' lang='lat' dir='ltr'>eorum</span> <span class='ocrx_word' id='word_1_618' title='bbox 3095 4170 3212 4227; x_wconf 90' lang='lat' dir='ltr'>non</span> <span class='ocrx_word' id='word_1_619' title='bbox 3236 4152 3555 4227; x_wconf 83' lang='lat' dir='ltr'>proderunt</span> <span class='ocrx_word' id='word_1_620' title='bbox 3588 4152 3677 4205; x_wconf 87' lang='lat' dir='ltr'>eis.</span> 
     </span>
    </p>
   </div>
   <div class='ocr_carea' id='block_1_56' title="bbox 583 4221 3580 4297">
    <p class='ocr_par' dir='ltr' id='par_1_56' title="bbox 583 4221 3580 4297">
     <span class='ocr_line' id='line_1_59' title="bbox 583 4221 3580 4297; baseline -0.001 -18"><span class='ocrx_word' id='word_1_621' title='bbox 583 4228 641 4279; x_wconf 91' lang='lat' dir='ltr'>et</span> <span class='ocrx_word' id='word_1_622' title='bbox 657 4224 972 4297; x_wconf 62' lang='lat' dir='ltr'>phaldazos</span> <span class='ocrx_word' id='word_1_623' title='bbox 1002 4223 1061 4277; x_wconf 93' lang='lat' dir='ltr'><strong>in</strong></span> <span class='ocrx_word' id='word_1_624' title='bbox 1093 4222 1339 4278; x_wconf 91' lang='lat' dir='ltr'>navibus</span> <span class='ocrx_word' id='word_1_625' title='bbox 1370 4222 1494 4278; x_wconf 88' lang='lat' dir='ltr'>suis</span> <span class='ocrx_word' id='word_1_626' title='bbox 1524 4221 1863 4295; x_wconf 83' lang='lat' dir='ltr'><strong>gloriantes.</strong></span> <span class='ocrx_word' id='word_1_627' title='bbox 2272 4222 2383 4293; x_wconf 85' lang='lat' dir='ltr'>Ipsi</span> <span class='ocrx_word' id='word_1_628' title='bbox 2418 4228 2567 4297; x_wconf 88' lang='lat' dir='ltr'>sunt</span> <span class='ocrx_word' id='word_1_629' title='bbox 2585 4228 2767 4297; x_wconf 82' lang='lat' dir='ltr'>testes</span> <span class='ocrx_word' id='word_1_630' title='bbox 2798 4239 3024 4291; x_wconf 92' lang='lat' dir='ltr'>eorum,</span> <span class='ocrx_word' id='word_1_631' title='bbox 3053 4226 3197 4297; x_wconf 92' lang='lat' dir='ltr'>quia</span> <span class='ocrx_word' id='word_1_632' title='bbox 3228 4221 3345 4281; x_wconf 80' lang='lat' dir='ltr'>non</span> <span class='ocrx_word' id='word_1_633' title='bbox 3376 4225 3580 4291; x_wconf 89' lang='lat' dir='ltr'>vident,</span> 
     </span>
    </p>
   </div>
   <div class='ocr_carea' id='block_1_57' title="bbox 513 4294 3501 4368">
    <p class='ocr_par' dir='ltr' id='par_1_57' title="bbox 513 4294 3501 4368">
     <span class='ocr_line' id='line_1_60' title="bbox 513 4294 3501 4368; baseline 0 -19"><span class='ocrx_word' id='word_1_634' title='bbox 513 4298 629 4367; x_wconf 83' lang='lat' dir='ltr'><strong>Ego</strong></span> <span class='ocrx_word' id='word_1_635' title='bbox 657 4294 941 4368; x_wconf 80' lang='lat' dir='ltr'>Dominus</span> <span class='ocrx_word' id='word_1_636' title='bbox 970 4299 1209 4368; x_wconf 81' lang='lat' dir='ltr'>sanctus</span> <span class='ocrx_word' id='word_1_637' title='bbox 1240 4299 1447 4361; x_wconf 90' lang='lat' dir='ltr'>vester,</span> <span class='ocrx_word' id='word_1_638' title='bbox 1538 4294 1549 4295; x_wconf 90' lang='lat'>7</span> <span class='ocrx_word' id='word_1_639' title='bbox 2280 4364 2299 4368; x_wconf 33' lang='grc' dir='ltr'><strong>Α</strong></span> <span class='ocrx_word' id='word_1_640' title='bbox 2342 4311 2530 4368; x_wconf 85' lang='lat' dir='ltr'>neque</span> <span class='ocrx_word' id='word_1_641' title='bbox 2559 4295 2916 4368; x_wconf 89' lang='lat' dir='ltr'>intelligunt,</span> <span class='ocrx_word' id='word_1_642' title='bbox 2953 4300 3017 4352; x_wconf 92' lang='lat' dir='ltr'>ut</span> <span class='ocrx_word' id='word_1_643' title='bbox 3046 4294 3501 4353; x_wconf 74' lang='lat' dir='ltr'>confundantur.</span> 
     </span>
    </p>
   </div>
   <div class='ocr_carea' id='block_1_58' title="bbox 584 4364 2946 4435">
    <p class='ocr_par' dir='ltr' id='par_1_58' title="bbox 584 4364 2946 4435">
     <span class='ocr_line' id='line_1_61' title="bbox 584 4364 2946 4435; baseline 0.001 -15"><span class='ocrx_word' id='word_1_644' title='bbox 584 4382 789 4422; x_wconf 90' lang='lat' dir='ltr'>creans</span> <span class='ocrx_word' id='word_1_645' title='bbox 822 4366 999 4422; x_wconf 89' lang='lat' dir='ltr'>Israel</span> <span class='ocrx_word' id='word_1_646' title='bbox 1028 4382 1126 4421; x_wconf 85' lang='lat' dir='ltr'><strong>rex</strong></span> <span class='ocrx_word' id='word_1_647' title='bbox 1146 4370 1356 4422; x_wconf 88' lang='lat' dir='ltr'>vester.</span> <span class='ocrx_word' id='word_1_648' title='bbox 2269 4364 2407 4429; x_wconf 89' lang='lat' dir='ltr'><strong>Quis</strong></span> <span class='ocrx_word' id='word_1_649' title='bbox 2437 4364 2711 4422; x_wconf 74' lang='lat' dir='ltr'>formavit</span> <span class='ocrx_word' id='word_1_650' title='bbox 2742 4364 2946 4435; x_wconf 87' lang='lat' dir='ltr'>Deum,</span> 
     </span>
    </p>
   </div>
   <div class='ocr_carea' id='block_1_59' title="bbox 513 4434 3507 4509">
    <p class='ocr_par' dir='ltr' id='par_1_59' title="bbox 513 4434 3507 4509">
     <span class='ocr_line' id='line_1_62' title="bbox 513 4434 3507 4509; baseline -0.001 -16"><span class='ocrx_word' id='word_1_651' title='bbox 513 4436 642 4493; x_wconf 57' lang='lat' dir='ltr'>Haec</span> <span class='ocrx_word' id='word_1_652' title='bbox 671 4437 813 4509; x_wconf 88' lang='lat' dir='ltr'>dicit</span> <span class='ocrx_word' id='word_1_653' title='bbox 841 4437 1147 4505; x_wconf 88' lang='lat' dir='ltr'>Dominus,</span> <span class='ocrx_word' id='word_1_654' title='bbox 1182 4436 1475 4509; x_wconf 84' lang='lat' dir='ltr'>quidedit</span> <span class='ocrx_word' id='word_1_655' title='bbox 1503 4434 1562 4491; x_wconf 90' lang='lat' dir='ltr'><strong>in</strong></span> <span class='ocrx_word' id='word_1_656' title='bbox 1596 4435 1744 4492; x_wconf 91' lang='lat' dir='ltr'><strong>mari</strong></span> <span class='ocrx_word' id='word_1_657' title='bbox 1774 4435 1951 4507; x_wconf 87' lang='lat' dir='ltr'>viam,</span> <span class='ocrx_word' id='word_1_658' title='bbox 2002 4440 2060 4493; x_wconf 88' lang='lat' dir='ltr'>et</span> <span class='ocrx_word' id='word_1_659' title='bbox 2099 4438 2156 4493; x_wconf 90' lang='lat' dir='ltr'>in</span> <span class='ocrx_word' id='word_1_660' title='bbox 2192 4497 2232 4509; x_wconf 78' lang='lat'><em>_</em></span> <span class='ocrx_word' id='word_1_661' title='bbox 2272 4507 2281 4509; x_wconf 72' lang='lat'>7</span> <span class='ocrx_word' id='word_1_662' title='bbox 2339 4443 2395 4492; x_wconf 88' lang='lat' dir='ltr'>et</span> <span class='ocrx_word' id='word_1_663' title='bbox 2426 4437 2702 4509; x_wconf 89' lang='lat' dir='ltr'>sculptile</span> <span class='ocrx_word' id='word_1_664' title='bbox 2733 4438 3005 4495; x_wconf 76' lang='lat' dir='ltr'>conflavit</span> <span class='ocrx_word' id='word_1_665' title='bbox 3035 4438 3107 4493; x_wconf 92' lang='lat' dir='ltr'>ad</span> <span class='ocrx_word' id='word_1_666' title='bbox 3142 4437 3291 4494; x_wconf 86' lang='lat' dir='ltr'><strong>nihil</strong></span> <span class='ocrx_word' id='word_1_667' title='bbox 3324 4436 3507 4494; x_wconf 80' lang='lat' dir='ltr'>utile?</span> 
     </span>
    </p>
   </div>
   <div class='ocr_carea' id='block_1_60' title="bbox 583 4497 3613 4581">
    <p class='ocr_par' dir='ltr' id='par_1_60' title="bbox 583 4497 3613 4581">
     <span class='ocr_line' id='line_1_63' title="bbox 583 4497 3613 4581; baseline -0.002 -17"><span class='ocrx_word' id='word_1_668' title='bbox 583 4508 748 4579; x_wconf 89' lang='lat' dir='ltr'>aquis</span> <span class='ocrx_word' id='word_1_669' title='bbox 778 4497 1452 4565; x_wconf 76' lang='lat' dir='ltr'>torrentibussémitam.</span> <span class='ocrx_word' id='word_1_670' title='bbox 1938 4497 1949 4507; x_wconf 80' lang='grc'><em>’</em></span> <span class='ocrx_word' id='word_1_671' title='bbox 2190 4497 2239 4561; x_wconf 86' lang='lat' dir='ltr'>D</span> <span class='ocrx_word' id='word_1_672' title='bbox 2269 4507 2409 4564; x_wconf 87' lang='lat' dir='ltr'>Ecce</span> <span class='ocrx_word' id='word_1_673' title='bbox 2438 4497 2642 4581; x_wconf 71' lang='lat' dir='ltr'><strong>omries</strong></span> <span class='ocrx_word' id='word_1_674' title='bbox 2674 4510 2985 4581; x_wconf 89' lang='lat' dir='ltr'>participes</span> <span class='ocrx_word' id='word_1_675' title='bbox 3015 4513 3145 4580; x_wconf 89' lang='lat' dir='ltr'>ejus</span> <span class='ocrx_word' id='word_1_676' title='bbox 3175 4510 3613 4565; x_wconf 79' lang='lat' dir='ltr'>confundantur.</span> 
     </span>
    </p>
   </div>
   <div class='ocr_carea' id='block_1_61' title="bbox 511 4580 3358 4652">
    <p class='ocr_par' dir='ltr' id='par_1_61' title="bbox 511 4580 3358 4652">
     <span class='ocr_line' id='line_1_64' title="bbox 511 4580 3358 4652; baseline 0.001 -18"><span class='ocrx_word' id='word_1_677' title='bbox 511 4581 616 4644; x_wconf 88' lang='lat' dir='ltr'>Qui</span> <span class='ocrx_word' id='word_1_678' title='bbox 649 4582 849 4636; x_wconf 89' lang='lat' dir='ltr'>eduxit</span> <span class='ocrx_word' id='word_1_679' title='bbox 877 4581 1226 4652; x_wconf 87' lang='lat' dir='ltr'>quadrigam</span> <span class='ocrx_word' id='word_1_680' title='bbox 1258 4586 1315 4636; x_wconf 92' lang='lat' dir='ltr'><strong>et</strong></span> <span class='ocrx_word' id='word_1_681' title='bbox 1343 4596 1583 4652; x_wconf 91' lang='lat' dir='ltr'>equum,</span> <span class='ocrx_word' id='word_1_682' title='bbox 2338 4580 2487 4636; x_wconf 81' lang='lat' dir='ltr'><strong>fabri</strong></span> <span class='ocrx_word' id='word_1_683' title='bbox 2519 4580 2685 4636; x_wconf 89' lang='lat' dir='ltr'>enim</span> <span class='ocrx_word' id='word_1_684' title='bbox 2709 4586 2846 4636; x_wconf 90' lang='lat' dir='ltr'>sunt</span> <span class='ocrx_word' id='word_1_685' title='bbox 2877 4580 2944 4637; x_wconf 87' lang='lat' dir='ltr'>ex</span> <span class='ocrx_word' id='word_1_686' title='bbox 2975 4582 3358 4637; x_wconf 86' lang='lat' dir='ltr'>hominibus:</span> 
     </span>
    </p>
   </div>
   <div class='ocr_carea' id='block_1_62' title="bbox 582 4651 3626 4735">
    <p class='ocr_par' dir='ltr' id='par_1_62' title="bbox 582 4651 3626 4735">
     <span class='ocr_line' id='line_1_65' title="bbox 582 4651 3626 4735; baseline -0.002 -29"><span class='ocrx_word' id='word_1_687' title='bbox 582 4668 785 4735; x_wconf 81' lang='lat' dir='ltr'>agmen</span> <span class='ocrx_word' id='word_1_688' title='bbox 815 4656 884 4735; x_wconf 79' lang='lat' dir='ltr'>et7</span> <span class='ocrx_word' id='word_1_689' title='bbox 900 4651 1209 4735; x_wconf 75' lang='lat' dir='ltr'>robustum</span> <span class='ocrx_word' id='word_1_690' title='bbox 1240 4669 1252 4706; x_wconf 88' lang='lat'><strong>:</strong></span> <span class='ocrx_word' id='word_1_691' title='bbox 1400 4651 1409 4652; x_wconf 88' lang='lat'>7</span> <span class='ocrx_word' id='word_1_692' title='bbox 1700 4725 1711 4735; x_wconf 38' lang='grc' dir='ltr'><strong><em>ι</em></strong></span> <span class='ocrx_word' id='word_1_693' title='bbox 2336 4653 2683 4735; x_wconf 69' lang='lat' dir='ltr'>convenient</span> <span class='ocrx_word' id='word_1_694' title='bbox 2711 4669 2936 4735; x_wconf 69' lang='lat' dir='ltr'><strong>omnes,</strong></span> <span class='ocrx_word' id='word_1_695' title='bbox 2968 4654 3213 4735; x_wconf 76' lang='lat' dir='ltr'>stabunt</span> <span class='ocrx_word' id='word_1_696' title='bbox 3239 4659 3298 4709; x_wconf 92' lang='lat' dir='ltr'>et</span> <span class='ocrx_word' id='word_1_697' title='bbox 3328 4651 3626 4725; x_wconf 88' lang='lat' dir='ltr'>pavebunt,</span> 
     </span>
    </p>
   </div>
   <div class='ocr_carea' id='block_1_63' title="bbox 578 4723 3084 4794">
    <p class='ocr_par' dir='ltr' id='par_1_63' title="bbox 578 4723 3084 4794">
     <span class='ocr_line' id='line_1_66' title="bbox 578 4723 3084 4794; baseline -0.001 -15"><span class='ocrx_word' id='word_1_698' title='bbox 578 4723 754 4779; x_wconf 90' lang='lat' dir='ltr'><strong>simul</strong></span> <span class='ocrx_word' id='word_1_699' title='bbox 777 4724 1237 4788; x_wconf 88' lang='lat' dir='ltr'>obdormierunt,</span> <span class='ocrx_word' id='word_1_700' title='bbox 1273 4738 1378 4778; x_wconf 90' lang='lat' dir='ltr'>nec</span> <span class='ocrx_word' id='word_1_701' title='bbox 1409 4725 1721 4794; x_wconf 84' lang='lat' dir='ltr'>resurgant</span> <span class='ocrx_word' id='word_1_702' title='bbox 1744 4765 1758 4789; x_wconf 90' lang='lat'>,</span> <span class='ocrx_word' id='word_1_703' title='bbox 1789 4792 1796 4794; x_wconf 95' lang='lat'>_</span> <span class='ocrx_word' id='word_1_704' title='bbox 2335 4729 2390 4779; x_wconf 93' lang='lat' dir='ltr'>et</span> <span class='ocrx_word' id='word_1_705' title='bbox 2422 4725 2858 4780; x_wconf 91' lang='lat' dir='ltr'>confundentur</span> <span class='ocrx_word' id='word_1_706' title='bbox 2886 4724 3084 4780; x_wconf 91' lang='lat' dir='ltr'><strong>simul.</strong></span> 
     </span>
    </p>
   </div>
   <div class='ocr_carea' id='block_1_64' title="bbox 578 4792 3379 4866">
    <p class='ocr_par' dir='ltr' id='par_1_64' title="bbox 578 4792 3379 4866">
     <span class='ocr_line' id='line_1_67' title="bbox 578 4792 3379 4866; baseline -0 -17"><span class='ocrx_word' id='word_1_707' title='bbox 578 4795 814 4850; x_wconf 90' lang='lat' dir='ltr'>contriti</span> <span class='ocrx_word' id='word_1_708' title='bbox 841 4800 981 4850; x_wconf 91' lang='lat' dir='ltr'>sunt</span> <span class='ocrx_word' id='word_1_709' title='bbox 1009 4794 1178 4865; x_wconf 90' lang='lat' dir='ltr'>quasi</span> <span class='ocrx_word' id='word_1_710' title='bbox 1208 4794 1417 4866; x_wconf 89' lang='lat' dir='ltr'>linum,</span> <span class='ocrx_word' id='word_1_711' title='bbox 1449 4802 1503 4850; x_wconf 90' lang='lat' dir='ltr'>et</span> <span class='ocrx_word' id='word_1_712' title='bbox 1531 4792 1801 4850; x_wconf 71' lang='lat' dir='ltr'>exstincti</span> <span class='ocrx_word' id='word_1_713' title='bbox 1833 4797 1989 4849; x_wconf 90' lang='lat' dir='ltr'>sunt.</span> <span class='ocrx_word' id='word_1_714' title='bbox 2264 4794 2447 4850; x_wconf 83' lang='lat' dir='ltr'>Faber</span> <span class='ocrx_word' id='word_1_715' title='bbox 2473 4796 2751 4851; x_wconf 84' lang='lat' dir='ltr'>ferrarius</span> <span class='ocrx_word' id='word_1_716' title='bbox 2783 4795 2925 4851; x_wconf 91' lang='lat' dir='ltr'>lima</span> <span class='ocrx_word' id='word_1_717' title='bbox 2949 4800 3222 4865; x_wconf 87' lang='lat' dir='ltr'>cperatus</span> <span class='ocrx_word' id='word_1_718' title='bbox 3254 4800 3379 4851; x_wconf 90' lang='lat' dir='ltr'>est:</span> 
     </span>
    </p>
   </div>
   <div class='ocr_carea' id='block_1_65' title="bbox 504 4862 3568 4950">
    <p class='ocr_par' dir='ltr' id='par_1_65' title="bbox 504 4862 3568 4950">
     <span class='ocr_line' id='line_1_68' title="bbox 504 4862 3568 4950; baseline -0.002 -29"><span class='ocrx_word' id='word_1_719' title='bbox 504 4865 586 4921; x_wconf 93' lang='lat' dir='ltr'>Ne</span> <span class='ocrx_word' id='word_1_720' title='bbox 613 4866 999 4950; x_wconf 76' lang='lat' dir='ltr'>memineritis</span> <span class='ocrx_word' id='word_1_721' title='bbox 1025 4862 1312 4950; x_wconf 72' lang='lat' dir='ltr'>priorum,</span> <span class='ocrx_word' id='word_1_722' title='bbox 1364 4936 1375 4949; x_wconf 70' lang='lat'>7</span> <span class='ocrx_word' id='word_1_723' title='bbox 1402 4862 1411 4866; x_wconf 81' lang='lat'>7</span> <span class='ocrx_word' id='word_1_724' title='bbox 2330 4866 2390 4950; x_wconf 83' lang='lat' dir='ltr'>in</span> <span class='ocrx_word' id='word_1_725' title='bbox 2423 4868 2649 4950; x_wconf 88' lang='lat' dir='ltr'>prunis,</span> <span class='ocrx_word' id='word_1_726' title='bbox 2675 4872 2731 4922; x_wconf 92' lang='lat' dir='ltr'>et</span> <span class='ocrx_word' id='word_1_727' title='bbox 2763 4867 2820 4950; x_wconf 84' lang='lat' dir='ltr'><strong>in</strong></span> <span class='ocrx_word' id='word_1_728' title='bbox 2842 4862 3082 4950; x_wconf 73' lang='lat' dir='ltr'>malleis</span> <span class='ocrx_word' id='word_1_729' title='bbox 3110 4867 3385 4950; x_wconf 69' lang='lat' dir='ltr'>formavit</span> <span class='ocrx_word' id='word_1_730' title='bbox 3414 4862 3568 4950; x_wconf 68' lang='lat' dir='ltr'>illud.</span> 
     </span>
    </p>
   </div>
   <div class='ocr_carea' id='block_1_66' title="bbox 574 4934 3709 5010">
    <p class='ocr_par' dir='ltr' id='par_1_66' title="bbox 574 4934 3709 5010">
     <span class='ocr_line' id='line_1_69' title="bbox 574 4934 3709 5010; baseline -0.003 -17"><span class='ocrx_word' id='word_1_731' title='bbox 574 4943 632 4993; x_wconf 89' lang='lat' dir='ltr'>et</span> <span class='ocrx_word' id='word_1_732' title='bbox 658 4938 1000 5010; x_wconf 86' lang='lat' dir='ltr'>antiquane</span> <span class='ocrx_word' id='word_1_733' title='bbox 1025 4934 1399 4994; x_wconf 86' lang='lat' dir='ltr'>intueamini.</span> <span class='ocrx_word' id='word_1_734' title='bbox 2263 5009 2293 5010; x_wconf 75' lang='lat'>77</span> <span class='ocrx_word' id='word_1_735' title='bbox 2329 4943 2386 4993; x_wconf 92' lang='lat' dir='ltr'>et</span> <span class='ocrx_word' id='word_1_736' title='bbox 2415 4934 2700 5010; x_wconf 81' lang='lat' dir='ltr'>operatus</span> <span class='ocrx_word' id='word_1_737' title='bbox 2718 4944 2809 4993; x_wconf 87' lang='lat' dir='ltr'>est</span> <span class='ocrx_word' id='word_1_738' title='bbox 2839 4939 2899 4994; x_wconf 91' lang='lat' dir='ltr'>in</span> <span class='ocrx_word' id='word_1_739' title='bbox 2927 4938 3165 4995; x_wconf 89' lang='lat' dir='ltr'>brachio</span> <span class='ocrx_word' id='word_1_740' title='bbox 3197 4934 3557 4994; x_wconf 87' lang='lat' dir='ltr'>fortitudinis</span> <span class='ocrx_word' id='word_1_741' title='bbox 3576 4941 3709 4987; x_wconf 72' lang='lat' dir='ltr'><strong>suis:</strong></span> 
     </span>
    </p>
   </div>
   <div class='ocr_carea' id='block_1_67' title="bbox 505 5008 2850 5082">
    <p class='ocr_par' dir='ltr' id='par_1_67' title="bbox 505 5008 2850 5082">
     <span class='ocr_line' id='line_1_70' title="bbox 505 5008 2850 5082; baseline 0.001 -19"><span class='ocrx_word' id='word_1_742' title='bbox 505 5008 645 5065; x_wconf 89' lang='lat' dir='ltr'>Ecce</span> <span class='ocrx_word' id='word_1_743' title='bbox 675 5025 781 5082; x_wconf 88' lang='lat' dir='ltr'>ego</span> <span class='ocrx_word' id='word_1_744' title='bbox 800 5008 959 5082; x_wconf 76' lang='lat' dir='ltr'>7faci7o</span> <span class='ocrx_word' id='word_1_745' title='bbox 991 5026 1158 5076; x_wconf 88' lang='lat' dir='ltr'>nova,</span> <span class='ocrx_word' id='word_1_746' title='bbox 2260 5008 2489 5066; x_wconf 79' lang='lat' dir='ltr'><strong>Esuriet</strong></span> <span class='ocrx_word' id='word_1_747' title='bbox 2517 5014 2575 5082; x_wconf 90' lang='lat' dir='ltr'><strong>et</strong></span> <span class='ocrx_word' id='word_1_748' title='bbox 2602 5008 2850 5078; x_wconf 83' lang='lat' dir='ltr'>deﬁciet,</span> 
     </span>
    </p>
   </div>
   <div class='ocr_carea' id='block_1_68' title="bbox 572 5079 3329 5151">
    <p class='ocr_par' dir='ltr' id='par_1_68' title="bbox 572 5079 3329 5151">
     <span class='ocr_line' id='line_1_71' title="bbox 572 5079 3329 5151; baseline -0.001 -15"><span class='ocrx_word' id='word_1_749' title='bbox 572 5085 630 5136; x_wconf 93' lang='lat' dir='ltr'><strong>et</strong></span> <span class='ocrx_word' id='word_1_750' title='bbox 660 5079 816 5136; x_wconf 71' lang='lat' dir='ltr'>mine</span> <span class='ocrx_word' id='word_1_751' title='bbox 849 5079 1131 5148; x_wconf 89' lang='lat' dir='ltr'>orientur,</span> <span class='ocrx_word' id='word_1_752' title='bbox 2331 5098 2446 5136; x_wconf 91' lang='lat' dir='ltr'>non</span> <span class='ocrx_word' id='word_1_753' title='bbox 2480 5081 2639 5136; x_wconf 86' lang='lat' dir='ltr'>bibet</span> <span class='ocrx_word' id='word_1_754' title='bbox 2670 5097 2912 5151; x_wconf 89' lang='lat' dir='ltr'>aquam,</span> <span class='ocrx_word' id='word_1_755' title='bbox 2943 5083 3000 5136; x_wconf 90' lang='lat' dir='ltr'>et</span> <span class='ocrx_word' id='word_1_756' title='bbox 3030 5079 3329 5136; x_wconf 90' lang='lat' dir='ltr'>lassescet.</span> 
     </span>
    </p>
   </div>
   <div class='ocr_carea' id='block_1_69' title="bbox 573 5151 3391 5235">
    <p class='ocr_par' dir='ltr' id='par_1_69' title="bbox 573 5151 3391 5235">
     <span class='ocr_line' id='line_1_72' title="bbox 573 5151 3391 5235; baseline -0.001 -27"><span class='ocrx_word' id='word_1_757' title='bbox 573 5153 773 5235; x_wconf 83' lang='lat' dir='ltr'>utique</span> <span class='ocrx_word' id='word_1_758' title='bbox 801 5151 1167 5235; x_wconf 79' lang='lat' dir='ltr'>cognoscetis</span> <span class='ocrx_word' id='word_1_759' title='bbox 1199 5167 1299 5207; x_wconf 90' lang='lat' dir='ltr'><strong>ea:</strong></span> <span class='ocrx_word' id='word_1_760' title='bbox 2257 5152 2477 5235; x_wconf 69' lang='lat' dir='ltr'>Artifex</span> <span class='ocrx_word' id='word_1_761' title='bbox 2506 5152 3079 5235; x_wconf 66' lang='lat' dir='ltr'>lignei-iusextendit</span> <span class='ocrx_word' id='word_1_762' title='bbox 3100 5168 3391 5216; x_wconf 91' lang='lat' dir='ltr'>normam,</span> 
     </span>
    </p>
   </div>
   <div class='ocr_carea' id='block_1_70' title="bbox 501 5223 3147 5291">
    <p class='ocr_par' dir='ltr' id='par_1_70' title="bbox 501 5223 3147 5291">
     <span class='ocr_line' id='line_1_73' title="bbox 501 5223 3147 5291; baseline -0.001 -11"><span class='ocrx_word' id='word_1_763' title='bbox 501 5223 712 5281; x_wconf 83' lang='lat' dir='ltr'>Ponam</span> <span class='ocrx_word' id='word_1_764' title='bbox 754 5224 813 5279; x_wconf 92' lang='lat' dir='ltr'>in</span> <span class='ocrx_word' id='word_1_765' title='bbox 847 5223 1078 5281; x_wconf 78' lang='lat' dir='ltr'>deserto</span> <span class='ocrx_word' id='word_1_766' title='bbox 1107 5226 1283 5291; x_wconf 86' lang='lat' dir='ltr'>viam,</span> <span class='ocrx_word' id='word_1_767' title='bbox 2328 5223 2597 5279; x_wconf 86' lang='lat' dir='ltr'>formavit</span> <span class='ocrx_word' id='word_1_768' title='bbox 2627 5223 2774 5279; x_wconf 93' lang='lat' dir='ltr'>illud</span> <span class='ocrx_word' id='word_1_769' title='bbox 2805 5224 2864 5280; x_wconf 92' lang='lat' dir='ltr'>in</span> <span class='ocrx_word' id='word_1_770' title='bbox 2898 5224 3147 5278; x_wconf 91' lang='lat' dir='ltr'>runcina</span> 
     </span>
    </p>
   </div>
   <div class='ocr_carea' id='block_1_71' title="bbox 568 5294 3169 5368">
    <p class='ocr_par' dir='ltr' id='par_1_71' title="bbox 568 5294 3169 5368">
     <span class='ocr_line' id='line_1_74' title="bbox 568 5294 3169 5368; baseline -0.001 -16"><span class='ocrx_word' id='word_1_771' title='bbox 568 5302 625 5352; x_wconf 92' lang='lat' dir='ltr'>et</span> <span class='ocrx_word' id='word_1_772' title='bbox 653 5300 711 5351; x_wconf 91' lang='lat' dir='ltr'><strong>in</strong></span> <span class='ocrx_word' id='word_1_773' title='bbox 745 5296 898 5352; x_wconf 90' lang='lat' dir='ltr'><strong>invio</strong></span> <span class='ocrx_word' id='word_1_774' title='bbox 924 5295 1184 5352; x_wconf 82' lang='lat' dir='ltr'>flumina.</span> <span class='ocrx_word' id='word_1_775' title='bbox 1341 5364 1353 5368; x_wconf 92' lang='lat'>_</span> <span class='ocrx_word' id='word_1_776' title='bbox 2328 5296 2463 5351; x_wconf 81' lang='lat' dir='ltr'>fecit</span> <span class='ocrx_word' id='word_1_777' title='bbox 2493 5295 2635 5368; x_wconf 85' lang='lat' dir='ltr'>illud</span> <span class='ocrx_word' id='word_1_778' title='bbox 2668 5294 2726 5351; x_wconf 91' lang='lat' dir='ltr'>in</span> <span class='ocrx_word' id='word_1_779' title='bbox 2762 5296 3169 5368; x_wconf 85' lang='lat' dir='ltr'>angularibus,</span> 
     </span>
    </p>
   </div>
   <div class='ocr_carea' id='block_1_72' title="bbox 496 5364 3731 5435">
    <p class='ocr_par' dir='ltr' id='par_1_72' title="bbox 496 5364 3731 5435">
     <span class='ocr_line' id='line_1_75' title="bbox 496 5364 3731 5435; baseline -0.002 -12"><span class='ocrx_word' id='word_1_780' title='bbox 496 5368 857 5423; x_wconf 81' lang='lat' dir='ltr'>Glorificabit</span> <span class='ocrx_word' id='word_1_781' title='bbox 889 5384 983 5424; x_wconf 92' lang='lat' dir='ltr'>me</span> <span class='ocrx_word' id='word_1_782' title='bbox 1012 5369 1201 5423; x_wconf 87' lang='lat' dir='ltr'>bestia</span> <span class='ocrx_word' id='word_1_783' title='bbox 1232 5364 1382 5435; x_wconf 86' lang='lat' dir='ltr'>agri,</span> <span class='ocrx_word' id='word_1_784' title='bbox 2325 5374 2382 5422; x_wconf 92' lang='lat' dir='ltr'>et</span> <span class='ocrx_word' id='word_1_785' title='bbox 2412 5368 2469 5421; x_wconf 92' lang='lat' dir='ltr'><strong>in</strong></span> <span class='ocrx_word' id='word_1_786' title='bbox 2503 5367 2719 5422; x_wconf 91' lang='lat' dir='ltr'>circino</span> <span class='ocrx_word' id='word_1_787' title='bbox 2748 5364 3003 5423; x_wconf 76' lang='lat' dir='ltr'>tornavit</span> <span class='ocrx_word' id='word_1_788' title='bbox 3035 5366 3215 5421; x_wconf 91' lang='lat' dir='ltr'>illud:</span> <span class='ocrx_word' id='word_1_789' title='bbox 3399 5434 3407 5435; x_wconf 86' lang='lat'>7</span> <span class='ocrx_word' id='word_1_790' title='bbox 3602 5425 3615 5435; x_wconf 88' lang='lat'><em>_</em></span> <span class='ocrx_word' id='word_1_791' title='bbox 3720 5418 3731 5431; x_wconf 83' lang='lat'><em>_</em></span> 
     </span>
    </p>
   </div>
   <div class='ocr_carea' id='block_1_73' title="bbox 566 5424 3828 5517">
    <p class='ocr_par' dir='ltr' id='par_1_73' title="bbox 566 5424 3828 5517">
     <span class='ocr_line' id='line_1_76' title="bbox 566 5424 3828 5517; baseline -0.007 -20"><span class='ocrx_word' id='word_1_792' title='bbox 566 5442 937 5517; x_wconf 76' lang='lat' dir='ltr'>draconeset</span> <span class='ocrx_word' id='word_1_793' title='bbox 968 5424 1381 5517; x_wconf 57' lang='lat' dir='ltr'>struthiones!</span> <span class='ocrx_word' id='word_1_794' title='bbox 1494 5504 1522 5517; x_wconf 47' lang='grc' dir='ltr'><em>η</em></span> <span class='ocrx_word' id='word_1_795' title='bbox 1638 5503 1652 5517; x_wconf 38' lang='grc' dir='ltr'><strong>θ</strong></span> <span class='ocrx_word' id='word_1_796' title='bbox 1768 5504 1780 5517; x_wconf 48' lang='lat'><strong>.</strong></span> <span class='ocrx_word' id='word_1_797' title='bbox 1858 5504 1871 5517; x_wconf 47' lang='lat'><strong><em>.</em></strong></span> <span class='ocrx_word' id='word_1_798' title='bbox 1961 5505 1972 5517; x_wconf 64' lang='lat'>7</span> <span class='ocrx_word' id='word_1_799' title='bbox 2326 5437 3029 5517; x_wconf 54' lang='lat' dir='ltr'>et_teeit7imaginem_viri</span> <span class='ocrx_word' id='word_1_800' title='bbox 3061 5435 3228 5510; x_wconf 89' lang='lat' dir='ltr'>quasi</span> <span class='ocrx_word' id='word_1_801' title='bbox 3253 5434 3573 5508; x_wconf 89' lang='lat' dir='ltr'>speciosum</span> <span class='ocrx_word' id='word_1_802' title='bbox 3602 5424 3828 5481; x_wconf 77' lang='lat' dir='ltr'><strong>hominem</strong></span> 
     </span>
    </p>
   </div>
   <div class='ocr_carea' id='block_1_74' title="bbox 564 5504 3089 5582">
    <p class='ocr_par' dir='ltr' id='par_1_74' title="bbox 564 5504 3089 5582">
     <span class='ocr_line' id='line_1_77' title="bbox 564 5504 3089 5582; baseline 0 -16"><span class='ocrx_word' id='word_1_803' title='bbox 564 5512 705 5582; x_wconf 90' lang='lat' dir='ltr'>quia</span> <span class='ocrx_word' id='word_1_804' title='bbox 737 5512 868 5566; x_wconf 90' lang='lat' dir='ltr'>dedi</span> <span class='ocrx_word' id='word_1_805' title='bbox 902 5512 963 5566; x_wconf 89' lang='lat' dir='ltr'>in</span> <span class='ocrx_word' id='word_1_806' title='bbox 994 5512 1225 5567; x_wconf 91' lang='lat' dir='ltr'>deserto</span> <span class='ocrx_word' id='word_1_807' title='bbox 1251 5522 1455 5582; x_wconf 88' lang='lat' dir='ltr'>aquas,</span> <span class='ocrx_word' id='word_1_808' title='bbox 1488 5504 1737 5582; x_wconf 86' lang='lat' dir='ltr'>ﬂumina</span> <span class='ocrx_word' id='word_1_809' title='bbox 1766 5504 1824 5560; x_wconf 93' lang='lat' dir='ltr'>in</span> <span class='ocrx_word' id='word_1_810' title='bbox 1856 5504 2034 5576; x_wconf 85' lang='lat' dir='ltr'><strong>invio,</strong></span> <span class='ocrx_word' id='word_1_811' title='bbox 2400 5504 2766 5565; x_wconf 65' lang='lat' dir='ltr'>habitantem</span> <span class='ocrx_word' id='word_1_812' title='bbox 2800 5510 2859 5565; x_wconf 92' lang='lat' dir='ltr'>in</span> <span class='ocrx_word' id='word_1_813' title='bbox 2892 5504 3089 5567; x_wconf 62' lang='lat' dir='ltr'>domo.</span> 
     </span>
    </p>
   </div>
   <div class='ocr_carea' id='block_1_75' title="bbox 566 5577 2780 5655">
    <p class='ocr_par' dir='ltr' id='par_1_75' title="bbox 566 5577 2780 5655">
     <span class='ocr_line' id='line_1_78' title="bbox 566 5577 2780 5655; baseline 0 -18"><span class='ocrx_word' id='word_1_814' title='bbox 566 5577 632 5638; x_wconf 79' lang='lat' dir='ltr'>ut</span> <span class='ocrx_word' id='word_1_815' title='bbox 661 5584 861 5639; x_wconf 90' lang='lat' dir='ltr'>darem</span> <span class='ocrx_word' id='word_1_816' title='bbox 896 5587 1098 5655; x_wconf 91' lang='lat' dir='ltr'>potum</span> <span class='ocrx_word' id='word_1_817' title='bbox 1127 5577 1343 5654; x_wconf 90' lang='lat' dir='ltr'>populo</span> <span class='ocrx_word' id='word_1_818' title='bbox 1376 5593 1524 5641; x_wconf 89' lang='lat' dir='ltr'>meo,</span> <span class='ocrx_word' id='word_1_819' title='bbox 1558 5577 1741 5633; x_wconf 90' lang='lat' dir='ltr'>electo</span> <span class='ocrx_word' id='word_1_820' title='bbox 1786 5592 1910 5633; x_wconf 90' lang='lat' dir='ltr'>meo</span> <span class='ocrx_word' id='word_1_821' title='bbox 2255 5581 2518 5637; x_wconf 91' lang='lat' dir='ltr'>Succidit</span> <span class='ocrx_word' id='word_1_822' title='bbox 2553 5582 2780 5638; x_wconf 87' lang='lat' dir='ltr'>cedros.</span> 
     </span>
    </p>
   </div>
   <div class='ocr_carea' id='block_1_76' title="bbox 564 5696 3823 5796">
    <p class='ocr_par' dir='ltr' id='par_1_76' title="bbox 564 5696 3823 5796">
     <span class='ocr_line' id='line_1_79' title="bbox 564 5696 3823 5796; baseline -0.003 -22"><span class='ocrx_word' id='word_1_823' title='bbox 564 5722 581 5755; x_wconf 82' lang='grc'>¹</span> <span class='ocrx_word' id='word_1_824' title='bbox 609 5722 849 5777; x_wconf 81' lang='lat' dir='ltr'>Addunt</span> <span class='ocrx_word' id='word_1_825' title='bbox 874 5724 971 5796; x_wconf 84' lang='lat' dir='ltr'>hic</span> <span class='ocrx_word' id='word_1_826' title='bbox 1001 5740 1146 5780; x_wconf 87' lang='lat' dir='ltr'>mss.</span> <span class='ocrx_word' id='word_1_827' title='bbox 1182 5720 1409 5796; x_wconf 81' lang='lat' dir='ltr'>codices</span> <span class='ocrx_word' id='word_1_828' title='bbox 1439 5723 1499 5796; x_wconf 74' lang='lat' dir='ltr'>et</span> <span class='ocrx_word' id='word_1_829' title='bbox 1521 5720 1775 5777; x_wconf 89' lang='lat' dir='ltr'><strong>Canonis</strong></span> <span class='ocrx_word' id='word_1_830' title='bbox 1807 5720 2165 5794; x_wconf 87' lang='lat' dir='ltr'>exemplaria</span> <span class='ocrx_word' id='word_1_831' title='bbox 2196 5738 2409 5781; x_wconf 90' lang='lat' dir='ltr'><strong>nomen</strong></span> <span class='ocrx_word' id='word_1_832' title='bbox 2439 5723 2691 5795; x_wconf 81' lang='lat' dir='ltr'>Domini,</span> <span class='ocrx_word' id='word_1_833' title='bbox 2724 5724 2882 5796; x_wconf 89' lang='lat' dir='ltr'>quod</span> <span class='ocrx_word' id='word_1_834' title='bbox 2941 5739 3058 5780; x_wconf 90' lang='lat' dir='ltr'>non</span> <span class='ocrx_word' id='word_1_835' title='bbox 3123 5723 3213 5778; x_wconf 86' lang='lat' dir='ltr'>est</span> <span class='ocrx_word' id='word_1_836' title='bbox 3245 5720 3307 5775; x_wconf 91' lang='lat' dir='ltr'>in</span> <span class='ocrx_word' id='word_1_837' title='bbox 3355 5715 3580 5774; x_wconf 66' lang='lat' dir='ltr'>Hebraeo</span> <span class='ocrx_word' id='word_1_838' title='bbox 3610 5715 3761 5777; x_wconf 78' lang='lat' dir='ltr'>neque</span> <span class='ocrx_word' id='word_1_839' title='bbox 3784 5696 3823 5750; x_wconf 68' lang='lat' dir='ltr'>in</span> 
     </span>
    </p>
   </div>
   <div class='ocr_carea' id='block_1_77' title="bbox 494 5790 1631 5867">
    <p class='ocr_par' dir='ltr' id='par_1_77' title="bbox 494 5790 1631 5867">
     <span class='ocr_line' id='line_1_80' title="bbox 494 5790 1631 5867; baseline 0.003 -22"><span class='ocrx_word' id='word_1_840' title='bbox 494 5790 944 5852; x_wconf 85' lang='lat' dir='ltr'>Commentariis</span> <span class='ocrx_word' id='word_1_841' title='bbox 970 5796 1027 5851; x_wconf 89' lang='lat' dir='ltr'>S.</span> <span class='ocrx_word' id='word_1_842' title='bbox 1053 5793 1415 5867; x_wconf 83' lang='lat' dir='ltr'><strong>Hieronymi.</strong></span> <span class='ocrx_word' id='word_1_843' title='bbox 1444 5791 1631 5849; x_wconf 76' lang='lat' dir='ltr'>MART.</span> 
     </span>
    </p>
   </div>
  </div>
