3938 6174
179 179 264 235 881
1388 179 1601 233 LIBER
1639 180 1848 234 ISAIE
1887 179 2288 233 PBOPHETE

237 301 447 360 nescies
472 302 664 356 ortum
696 300 823 370 ejus
859 317 871 356 :

241 382 292 431 et
321 375 491 429 irruet
520 388 700 439 super
728 378 783 428 te
813 371 1144 442 calamitas,

177 462 335 518 quam
364 461 474 500 non
506 445 722 514 poteris
753 444 1024 515 expiare:

177 517 361 572 Veniet
388 532 561 588 super
591 522 646 569 te
677 521 913 587 repente
945 517 1206 582 miseria,
1240 533 1416 589 quam
1451 517 1697 572 nescies.

177 592 266 647 Sta
291 605 416 644 cum
447 589 910 643 incantatoribus
943 591 1083 656 tuis,

237 665 286 716 et
312 676 444 731 cum,
465 659 844 713 multitudine
869 659 1290 714 maleficiorum
1316 661 1640 730 tuorum,in
1671 659 1795 731 qui-

302 734 407 786 bus
436 730 711 786 laborasti
742 731 814 786 ab
844 731 1234 786 adolescentia
1263 737 1384 800 tua,

236 803 278 860 si
311 805 447 859 forte
471 803 610 872 quid
645 803 831 873 prosit
861 803 990 868 tibi,

235 882 337 956 aut.
355 875 412 956 si.
434 875 624 956 possis
638 873 1032 956 .fieri‘fortior.

171 947 415 1002 Defecisti
437 944 494 999 in
529 945 908 1000 multitudine
939 944 1327 1000 consiliorum
1374 951 1649 1001 tuorum:

229 1024 394 1090 stent,
426 1021 483 1071 et
511 1017 741 1090 salvent
772 1022 826 1070 te
859 1033 1113 1090 augures
1144 1017 1294 1082 ccsli,

227 1089 317 1160 qui
372 1088 966 1160 contemplabantur'
999 1088 1214 1154 sidera,
1277 1093 1334 1144 et
1389 1089 1796 1162 supputabant

294 1175 541 1229 menses,

228 1237 287 1286 ut
312 1249 377 1287 ex
401 1233 483 1286 eis
514 1231 938 1286 annuntiarent
966 1235 1214 1286 ventura
1241 1231 1370 1287 tibi.

169 1305 294 1359 Ecce
321 1303 452 1359 facti
487 1308 629 1358 sunt
658 1303 830 1374 quasi
861 1302 1103 1374 stipula,

228 1375 370 1446 ignis
400 1375 726 1430 combussit
754 1391 853 1429 eos
879 1391 891 1428 :

167 1445 274 1502 Non
306 1447 637 1502 liberabant
667 1446 926 1500 animam
977 1461 1147 1500 suam
1181 1445 1250 1501 de
1285 1461 1460 1501 manu
1495 1446 1747 1502 flammas
1775 1463 1789 1502 :

227 1535 329 1573 non
357 1525 496 1573 sunt
525 1535 750 1588 prunis,
787 1517 1003 1588 quibus
1033 1517 1341 1585 calefiant;

225 1606 319 1644 nec
345 1591 528 1652 focus.
568 1595 633 1644 ut
663 1590 906 1644 sedeant
938 1590 1006 1644 ad
1041 1606 1197 1645 eum.

3448 181 3556 234 882

1823 303 1876 369 Α
1911 302 2193 358 Dominus
2222 301 2426 357 dilexit
2455 317 2613 366 eum,

1980 374 2148 448 faciet
2176 373 2535 448 voluntatem
2567 374 2833 448 suam_in_
2862 374 3177 448 Babylone,

1975 452 2033 500 et
2064 445 2366 500 brachium
2401 463 2574 500 suum
2609 450 2666 501 in
2698 445 3005 502 Chaldaeis:

1904 518 2043 588 Ego.
2075 533 2182 588 ego
2215 517 2444 572 locutus
2473 534 2629 582 sum,
2661 524 2717 574 et
2745 519 2944 574 vocavi
2975 535 3111 574 eum
3143 535 3155 573 :

1973 589 2185 642 adduxi
2220 605 2378 651 eum,
2409 594 2466 643 et
2491 591 2710 645 directa
2742 595 2831 644 est
2861 590 2951 644 via
2981 594 3129 660 ejus.

1900 660 2170 715 Accedite
2200 661 2270 714 ad
2305 676 2418 728 me,
2451 663 2728 732 etiaudite
2762 663 2866 716 hoc
2900 663 3007 728 (Al.
3042 661 3224 732 haec):

1976 747 2089 786 non
2123 748 2156 786 a
2187 731 2477 802 principio
2507 731 2566 786 in
2599 733 2944 788 abscondito
2975 731 3204 787 locutus
3235 749 3365 788 sum
3395 751 3409 788 :

1902 807 1980 858 Ex
2014 809 2273 873 tempore
2305 811 2619 873 antequam
2653 806 2836 870 ﬁeret,
2866 805 2942 858 ibi
2978 821 3138 860 eram
3166 821 3178 859 :

1974 882 2032 928 et
2063 891 2218 947 nunc
2242 876 2531 947 Dominus
2557 881 2704 929 Deus
2731 876 2895 930 misit
2919 893 3030 941 me,
3054 882 3110 931 et
3131 875 3375 947 spiritus
3398 877 3548 947 ejus.

1902 950 2035 1019 giae
2056 946 2209 1019 dicit
2237 945 2517 1000 Dominus
2544 947 2878 1019 redemptor
2917 952 3054 1003 tuus
3084 945 3326 1003 sanctus
3349 945 3547 1004 Israel.

1901 1017 2021 1090 Ego
2053 1017 2332 1090 Dominus
2366 1022 2516 1073 Deus
2546 1023 2683 1073 tuus
2716 1017 2929 1073 docens
2962 1026 3016 1073 te
3047 1019 3233 1086 utilia,

1973 1089 2313 1173 gubernans
2342 1091 2487 1173 tein
2521 1089 2632 1154 via,
2666 1107 2782 1173 qua
2813 1090 3104 1173 ambulas.

1902 1160 2137 1216 Utinam
2193 1160 2547 1216 attendisses
2603 1164 2875 1216 mandata
2933 1177 3099 1217 mea:
3165 1162 3316 1218 facta
3343 1161 3551 1218 fuisset

2045 1233 2197 1288 sicut
2228 1233 2443 1287 flumen
2481 1249 2590 1305 pax
2620 1239 2738 1302 tua,

1972 1305 2277 1375 etjustitia
2307 1311 2408 1359 tua
2438 1305 2591 1359 sicut
2620 1305 2881 1376 gurgites
2914 1305 3114 1360 maris.

1904 1381 1974 1432 Et
2003 1375 2209 1430 fuisset
2236 1376 2402 1447 quasi
2437 1375 2842 1432 arena’semen
2879 1382 3067 1446 tuum,

1973 1452 2030 1502 et
2061 1447 2239 1518 stirps
2271 1449 2422 1502 uteri
2455 1448 2540 1503 tui
2574 1451 2639 1503 ut
2667 1447 2853 1520 lapilli
2883 1449 3050 1519 ejus:

1901 1519 2024 1575 Non
2057 1521 2372 1586 interisset,

1972 1596 2029 1647 et
2060 1609 2173 1646 non
2208 1591 2413 1645 fuisset
2444 1591 2710 1646 attritum
2746 1607 2959 1646 nomen
2991 1592 3120 1662 ejus
3152 1607 3186 1645 a
3218 1590 3362 1646 facie
3395 1605 3543 1645 mea.

167 1662 246 1718 Sic
272 1662 416 1742 facta
445 1669 589 1742 sunt
637 1662 737 1742 tibi
790 1661 847 1742 in
901 1661 1347 1742 quibuscunqus
1378 1659 1786 1730 laboraveras;
1821 1677 1865 1742 Β
1902 1662 2704 1742 Egrediminindeﬁabylone,

226 1734 605 1803 negotiatores
635 1733 719 1787 tui
753 1733 824 1787 ab
851 1732 1242 1788 adolescentia
1273 1737 1394 1802 tua,

222 1805 616 1876 unusquisque
644 1805 704 1858 in
736 1805 828 1858 via
857 1821 965 1859 sua
993 1809 1366 1860 erraverunt:

225 1893 327 1931 non
355 1883 442 1932 est
472 1878 575 1946 qui
609 1877 793 1932 salvet
821 1882 896 1930 te.

165 1947 296 2020 (Cap.
316 1947 840 2022 XLVIII.)_Audite
862 1947 1226 2022 basc,domus
1254 1947 1454 2018 Jacob,
1489 1951 1590 2022 qui
1615 1970 1787 2010 voca-

284 2020 419 2074 mini
454 2019 696 2074 nomine
729 2019 924 2084 Israel,

219 2093 361 2147 etde
391 2092 567 2162 aquis
594 2090 748 2145 Juda
777 2091 1002 2153 existis.

161 2161 514 2234 Quisjuratis
544 2164 653 2234 (Al.
679 2163 952 2232 jurastis)
981 2163 1036 2217 in
1075 2163 1309 2220 nomine
1349 2165 1604 2234 Domini,

222 2235 392 2312 et_Dei
424 2234 608 2312 Israel
639 2234 1050 2298 recordamini,
1084 2251 1197 2290 non
1222 2236 1281 2292 in
1309 2238 1572 2311 veritate,
1597 2255 1785 2312 neque

283 2308 336 2362 in
361 2307 625 2377 justitia,

164 2379 228 2431 De
252 2379 471 2434 civitate
502 2379 667 2432 enim
701 2381 904 2432 sancta
933 2377 1118 2433 vocati
1152 2384 1311 2445 sunt,

221 2454 271 2502 et
292 2467 464 2522 super
499 2452 682 2505 Deum
718 2447 894 2504 Israel
927 2451 1286 2506 constabiliti
1318 2458 1496 2508 sunt:

162 2521 420 2578 Dominus
450 2523 816 2576 exercituum
851 2537 1064 2592 nomen
1093 2525 1244 2592 ejus.

162 2594 331 2648 Priora
357 2611 422 2648 ex
449 2600 596 2648 tunc
627 2591 990 2659 annuntiavi,

220 2670 270 2719 et
295 2681 357 2720 ex
383 2682 480 2721 ore
518 2681 648 2719 meo
675 2664 962 2727 exierunt,
993 2671 1050 2718 et
1089 2665 1290 2720 audita
1321 2666 1426 2722 feci
1459 2685 1527 2723 ea
1554 2685 1567 2723 :

219 2747 433 2820 repente
462 2742 749 2820 operatus
777 2751 932 2798 sum,
964 2740 1022 2820 et
1052 2743 1353 2792 venerunt.

161 2805 290 2862 Scivi
317 2810 466 2863 enim
503 2805 648 2879 {quia
677 2808 862 2862 durus
893 2824 955 2862 es
984 2813 1074 2875 tu,

220 2887 268 2934 et
296 2897 499 2936 nervus
541 2880 762 2934 ferreus
793 2879 983 2934 cervix
1011 2884 1135 2945 tua,

221 2956 272 3005 et
297 2951 448 3007 frons
480 2957 591 3006 tua
619 2967 786 3006 aerea.

161 3023 379 3078 Praedixi
407 3023 518 3078 tibi
553 3039 621 3078 ex
649 3028 791 3078 tunc
815 3037 829 3077 :

219 3100 541 3166 antequam,
561 3095 845 3154 venirent,
877 3092 1128 3166 iudicavi
1163 3095 1294 3157 tibi,

219 3182 282 3220 ne
312 3165 450 3222 forte
479 3165 713 3222 diceres
743 3183 754 3219 :
792 3165 952 3220 Idola
982 3182 1114 3220 mea
1144 3167 1405 3222 fecerunt
1434 3167 1580 3234 haec,

218 3243 269 3312 et
318 3237 625 3312 sculptilis
678 3253 808 3292 mea
864 3243 921 3292 et
976 3237 1296 3293 conflatilis.
1363 3241 1790 3297 mandaverunt

221 3309 342 3367 ista.

161 3381 280 3446 Quae
307 3381 551 3448 audisti,
581 3379 714 3436 vide
744 3379 978 3435 omnia:

219 3470 310 3509 vos
339 3459 540 3509 autem
575 3469 716 3507 num
747 3453 854 3519 (Al.
887 3452 1026 3523 non)
1057 3452 1454 3510 annuntiastis
1477 3454 1506 3510 ?

162 3525 349 3581 Audita
379 3526 481 3581 feci
517 3523 625 3579 tibi
657 3541 807 3580 nova
839 3540 906 3579 ex
936 3528 1099 3593 tunc,

221 3602 271 3651 et
298 3600 642 3652 conservata
671 3600 812 3651 sunt
840 3612 966 3666 quae
998 3595 1187 3651 nescis
1211 3611 1224 3650 :

160 3667 306 3724 Nunc
338 3674 537 3724 creata
562 3672 727 3732 sunt,

221 3745 273 3794 et
299 3757 410 3796 non
440 3758 514 3796 ex
544 3746 717 3794 tunc:

222 3817 273 3866 et
299 3819 428 3868 ante
459 3812 639 3878 diem,
673 3815 731 3866 et
763 3826 874 3865 non
907 3809 1125 3866 audisti
1155 3826 1245 3878 ea,

222 3899 286 3938 ne
315 3885 456 3940 forte
487 3884 654 3939 dicas
678 3898 691 3936 :

163 3956 284 4028 Ecce
313 3972 410 4026 ego
441 3955 687 4028 cognovi
715 3970 801 4009 ea.

161 4023 614 4098 Neque‘audisti,
647 4041 836 4097 neque
867 4023 1216 4098 cognovisti,

224 4096 400 4169 neque
428 4116 497 4154 ex
527 4104 670 4153 tunc
700 4096 901 4169 aperta
931 4101 1020 4151 est
1050 4096 1213 4150 auris
1242 4098 1380 4151 tua:

163 4166 277 4224 Scio
300 4166 451 4225 enim
483 4171 628 4241 quia
657 4166 1042 4238 praevaricans
1083 4168 1573 4241 przevaricaberis,

223 4247 273 4294 et
298 4247 789 4306 transgressorem
822 4255 892 4294 ex
924 4245 1088 4293 utero
1118 4241 1313 4294 vocavi
1352 4245 1426 4294 te.

163 4309 380 4382 Propter
397 4329 609 4368 nomen
635 4327 830 4366 meum
854 4309 1025 4382 longe
1047 4311 1254 4365 faciam
1273 4313 1524 4367 furorem
1548 4328 1742 4368 meum
1769 4329 1782 4368 :

225 4389 276 4439 et
300 4384 468 4440 laude
499 4400 632 4439 mea
662 4383 964 4438 infrenabo
997 4387 1072 4452 te,
1106 4398 1178 4437 ne
1209 4382 1486 4439 intereas.

165 4456 290 4510 Ecce
315 4458 507 4512 excoxi
541 4462 619 4521 te,

226 4527 314 4580 sed
347 4545 458 4583 non
491 4525 662 4596 quasi
697 4528 1030 4596 argentum,

226 4597 360 4669 elegi
391 4604 448 4655 te
477 4599 538 4654 in
571 4597 804 4653 camino
836 4597 1218 4667 paupertatis.

166 4666 386 4740 Propter
415 4687 529 4740 me,
583 4666 970 4742 propter’me’
991 4669 1221 4734 faciam,
1275 4671 1340 4722 ut
1373 4685 1486 4724 non
1522 4669 1791 4742 blasphe-

293 4757 413 4797 mer
439 4759 452 4798 ἶ

228 4812 548 4885 etgloriam
581 4827 770 4866 meam
805 4808 974 4865 alteri
1006 4825 1121 4865 non
1152 4809 1324 4866 dabo.

165 4881 441 4950 Audi'me,
475 4885 674 4949 Iacob,

224 4959 276 5026 et
305 4955 501 5025 Israel,
536 4970 710 5026 quem
744 4969 850 5026 ego
881 4967 1020 5007 voco
1046 4967 1060 5007 :

227 5023 569 5104 Egoipse'f
674 5100 683 5104 ,
785 5023 805 5026 ⁷
975 5093 1073 5104 ..

227 5095 324 5167 ego
354 5095 602 5169 primus,
635 5100 693 5152 et
722 5111 829 5169 ego
856 5095 1238 5169 novissimus.

165 5163 616 5240 Manus-quoque
647 5163 782 5222 mea
808 5167 1076 5221 fundavit
1106 5171 1344 5240 terram,

225 5244 278 5293 et
305 5237 538 5297 dextera
567 5256 698 5295 mea
729 5254 935 5294 mensa
965 5243 1057 5294 est
1087 5237 1260 5295 caelos
1289 5257 1302 5296 :

165 5304 266 5380 Ego
292 5313 504 5368 vocabo
536 5312 638 5380 (Αι.
671 5309 892 5381 vocavi)
922 5326 1042 5376 eos,

230 5386 281 5436 et
310 5384 551 5438 stabunt
581 5382 778 5439 simul.

165 5447 588 5525 Gongrsgamini
619 5469 980 5525 omnes‘vos,
1005 5457 1069 5525 et
1095 5453 1291 5510 audite
1316 5471 1328 5510 :

227 5523 352 5596 quis
374 5523 453 5583 de
481 5527 567 5582 eis
599 5523 974 5582 annuntiavit
1003 5523 1124 5580 hec
1145 5525 1174 5579 ‘I

1969 1732 2152 1806 fugite
2185 1751 2218 1790 a
2248 1732 2554 1806 Chaldaeis,

1969 1804 2198 1861 in_voce
2228 1805 2638 1861 exsultationis
2669 1804 3034 1873 annuntiate,

1971 1878 2190 1943 audite,
2225 1878 2397 1933 facite
2427 1877 2556 1944 hoc,

1970 1955 2026 2004 et
2055 1950 2248 2004 eﬂerte
2279 1949 2422 2004 illud
2458 1963 2646 2019 usque
2674 1949 2744 2002 ad
2777 1950 3034 2003 extrema
3065 1951 3256 2003 terrae.

1894 2022 2079 2079 Dicite
2103 2037 2116 2075 :

1967 2090 2234 2148 Redemit
2270 2090 2547 2146 Dominus
2578 2107 2810 2146 servum
2845 2107 3020 2146 suum
3049 2091 3253 2147 Jacob.

1892 2166 2019 2221 Non
2050 2163 2325 2220 sitierunt
2357 2163 2414 2216 in
2448 2164 2697 2224 deserto.
2732 2178 2863 2216 cum
2898 2164 3168 2217 educeret
3199 2179 3298 2218 eos
3328 2179 3340 2218 :

1967 2252 2178 2307 aquam
2214 2237 2284 2290 de
2317 2240 2478 2305 petra
2511 2233 2783 2307 produxit
2811 2234 2920 2294 eis.

1966 2306 2036 2363 et,
2055 2308 2228 2362 scidit
2260 2313 2506 2378 petram,
2539 2306 2921 2378 etpfluxerunt
2951 2321 3134 2374 aqua.

1893 2381 2016 2436 Non
2051 2385 2140 2434 est
2171 2376 2279 2449 pax
2311 2378 2533 2448 impiis,
2561 2376 2703 2432 dicit
2740 2377 3045 2432 Dominus.

1894 2454 2049 2524 (Cap.
2082 2449 2306 2524 XLIX.)
2334 2449 2828 2524 Audite,_in_sul_as,

1965 2520 2024 2578 et
2053 2521 2354 2590 attendite,
2388 2520 2612 2592 populi,
2644 2522 2715 2575 de
2749 2522 2919 2592 longe
2950 2536 2964 2573 :

1893 2594 2180 2652 Dominus
2212 2593 2284 2647 ab
2319 2598 2480 2648 utero
2512 2592 2735 2647 vocavit
2767 2609 2878 2655 me,

1965 2669 2036 2722 de
2053 2670 2251 2719 ventre
2266 2665 2472 2718 matris
2496 2680 2634 2717 mea;
2661 2663 2999 2717 recordatus
3017 2664 3106 2716 est
3128 2661 3385 2716 nominis
3409 2659 3544 2715 mei.

1895 2740 1965 2795 Et
1994 2737 2195 2808 posuit
2219 2753 2285 2790 os
2315 2751 2510 2790 meum
2543 2735 2708 2804 quasi
2742 2735 3005 2808 gladium
3038 2737 3314 2788 acutum:

1967 2805 2023 2863 in
2059 2811 2268 2862 umbra
2302 2823 2514 2862 manus
2546 2822 2663 2861 sua:
2694 2805 2945 2875 protexit
2975 2821 3088 2871 me,

1966 2887 2024 2936 et
2053 2880 2250 2950 posuit
2281 2895 2374 2934 me
2404 2879 2558 2933 sicut
2589 2877 2866 2950 sagittam
2901 2875 3144 2930 electam
3175 2890 3188 2929 :

1967 2953 2026 3008 in
2060 2949 2330 3022 pharetra
2362 2967 2470 3006 sua
2502 2949 2812 3005 abscondit
2844 2964 2956 3004 me.

1810 3033 1853 3101 ί]
1900 3025 1972 3101 Et
2001 3023 2146 3079 dixit
2176 3022 2322 3078 mihi
2354 3039 2365 3076 :

1900 3098 2114 3154 Servus
2146 3111 2312 3149 meus
2344 3109 2405 3148 es
2434 3097 2522 3156 tu,
2557 3090 2761 3161 Israel,

1973 3167 2112 3240 quia
2141 3167 2198 3240 in
2233 3173 2288 3240 te
2319 3165 2631 3236 gloriabor.

1898 3242 1966 3297 Et
1984 3239 2100 3312 ego
2130 3239 2245 3292 dixi
2273 3254 2286 3293 :

1971 3307 2316 3366 In'vacuum
2348 3307 2604 3362 laboravi
2629 3326 2643 3367 :

1970 3383 2097 3438 sine
2127 3397 2327 3450 causa,
2361 3385 2418 3436 et
2446 3393 2589 3434 vane
2623 3376 3033 3432 fortitudinem
3065 3390 3258 3430 meam
3281 3389 3552 3430 consum-

2085 3471 2176 3509 SI:

2085 3472 2130 3509 sn
2163 3472 2176 3507 :

1898 3472 2366 3597 Ergopjudicium
2402 3537 2596 3577 meum
2631 3536 2766 3575 cum
2800 3519 3063 3588 Domino,

1971 3604 2026 3654 et
2055 3614 2211 3670 opus
2236 3611 2429 3670 meum
2461 3609 2593 3670 cum
2628 3598 2751 3670 Deo_
2776 3609 2926 3648 meo.

1898 3671 1967 3726 Et
1996 3664 2152 3724 nunc
2183 3668 2325 3722 dicit
2371 3666 2671 3732 Dominus,
2726 3665 2986 3718 formans
3018 3677 3111 3717 me
3141 3677 3208 3716 ex
3234 3664 3398 3717 utero
3425 3677 3546 3716 ser-

1968 3756 2105 3797 vum
2137 3739 2275 3806 sibi,

1969 3818 2034 3867 ut
2063 3812 2338 3866 reducam
2372 3808 2552 3864 Jacob
2579 3808 2650 3860 ad
2683 3820 2842 3874 eum,

1969 3885 2037 3940 Et
2067 3881 2242 3938 Israel
2276 3897 2392 3935 non
2423 3877 2908 3949 congregabitur:

1898 3957 1966 4012 Et
1996 3953 2357 4027 glorificatus
2389 3946 2616 4027 sumin
2645 3946 2830 4027 oculis
2864 3946 3114 4027 Domini,

1969 4019 2029 4082 et
2057 4033 2211 4081 Deus
2241 4039 2409 4078 meus
2441 4023 2628 4077 factus
2657 4023 2746 4075 est
2778 4019 3055 4074 fortitudo
3086 4033 3236 4072 mea.

1898 4099 1966 4153 Et
1995 4098 2138 4153 dixit
2174 4113 2187 4150 :

1899 4170 2109 4227 Parum
2142 4172 2252 4234 est,
2288 4169 2351 4220 ut
2373 4165 2456 4220 sis
2480 4164 2620 4218 mihi
2647 4179 2844 4217 servus
2868 4163 2936 4217 ad
2965 4159 3334 4216 suscitandas
3355 4157 3547 4213 tribus

2039 4240 2242 4306 Jacob,

1969 4317 2028 4368 et
2058 4315 2224 4366 faeces
2258 4307 2437 4363 Israel
2470 4307 2910 4361 convertendae.

1827 4410 1869 4474 ί)
1899 4384 2040 4474 Dedi
2075 4390 2130 4467 te
2160 4383 2218 4436 in
2253 4379 2443 4474 lucem
2475 4377 2737 4474 gen-tium
2767 4381 2807 4474 *A,

1972 4462 2037 4510 ut
2069 4455 2150 4510 sis
2182 4451 2344 4508 salus
2379 4467 2507 4504 mea
2529 4465 2718 4520 usque
2750 4451 2819 4503 ad
2852 4453 3180 4520 extremum
3213 4448 3400 4500 terras.

1897 4528 2028 4583 Haec
2061 4526 2205 4582 dicit
2236 4524 2524 4579 Dominus
2551 4515 2884 4592 redemptor
2907 4517 3108 4592 Israel,
3131 4522 3372 4592 sanctus
3395 4515 3544 4585 ejus,

1970 4600 2040 4654 ad
2097 4593 2595 4666 contemptibilem
2655 4589 2938 4658 animam,
3007 4591 3079 4646 ad
3148 4589 3546 4644 abominatam

2083 4674 2296 4736 entem,

2043 4687 2296 4742 gentem,

1971 4742 2044 4797 ad
2078 4756 2310 4797 servum
2343 4735 2715 4792 dominorum
2746 4750 2758 4788 :

1899 4817 2085 4885 Reges
2115 4812 2417 4869 videbunt,
2449 4814 2505 4862 et
2535 4807 2891 4885 consurgent
2919 4803 3238 4885 principes,

1972 4873 2029 4940 at
2057 4885 2385 4940 adorabunt
2416 4886 2652 4952 propter
2679 4873 3020 4952 Dominum,
3052 4873 3192 4948 quia
3222 4873 3410 4931 fidelis
3435 4878 3546 4944 est,
3653 4885 3658 4889 ‘

1972 4897 2029 4940 et
2057 4897 2385 4940 adorabunt
2416 4897 2517 4952 pro
2563 4897 2652 4934 ter
2679 4897 3012 4943 Dominum,

1971 4963 2030 5011 et
2060 4960 2331 5010 sanctum
2363 4897 2564 5016 Israel),
2597 4951 2696 5022 qui
2731 4947 2906 5020 elegit
2934 4952 3012 5003 te.

1901 5028 2030 5084 Hasc
2063 5028 2207 5082 dicit
2245 5022 2528 5080 Dominus
2565 5037 2576 5074 :

1973 5101 2034 5180 In
2063 5093 2570 5180 tempore‘placito
2602 5089 2881 5180 expedivi
2896 5095 2978 5180 te,

1971 5176 2030 5226 et
2060 5172 2118 5225 in
2149 5160 2241 5223 die
2271 5160 2480 5222 salutis
2511 5163 2830 5219 auxiliatus
2861 5177 2994 5216 sum
3021 5160 3108 5215 tui
3142 5177 3154 5216 :

1899 5243 1970 5298 Et
1997 5240 2227 5299 servavi
2259 5245 2334 5304 te,

1973 5319 2031 5370 et
2060 5314 2193 5369 dedi
2227 5317 2282 5367 te
2313 5311 2373 5364 in
2409 5307 2596 5363 foedus
2629 5305 2853 5378 populi,
2876 5309 2942 5361 ut
2967 5304 3286 5360 suscitares
3311 5306 3553 5366 terram,

1975 5389 2032 5441 et
2059 5384 2392 5456 possideres
2421 5379 2787 5456 hereditates
2821 5378 3137 5456 dissipa-tas
3163 5392 3176 5430 :

1904 5456 1978 5512 Ut
2011 5447 2233 5512 diceres
2265 5455 2359 5509 bis
2389 5451 2490 5521 qui
2518 5451 2697 5504 vincti
2730 5453 2870 5504 sunt
2893 5447 3132 5521 :_Exite_;

1977 5535 2035 5584 et
2061 5528 2155 5584 bis
2187 5525 2288 5599 qui
2320 5525 2380 5580 in
2409 5517 2672 5578 tenebris
2705 5537 2719 5576 :
2754 5517 3128 5576 Revelamini.

236 5669 392 5750 ‘_IIoc
417 5675 578 5750 modo
608 5675 810 5750 legunt
836 5676 1192 5750 exemplaria
1219 5672 1472 5730 Canonis
1496 5669 1785 5728 Hebraicae
1823 5671 2106 5739 veritatis,
2149 5676 2205 5727 et
2237 5671 2568 5744 Hieronymi
2592 5665 3025 5726 Commentaria
3047 5681 3060 5720 :
3085 5663 3183 5721 alii
3227 5678 3373 5720 mss.
3412 5660 3548 5717 libri

177 5738 401 5811 addunt,
432 5748 586 5804 Ecce.
619 5738 806 5806 Μλιιτ.
