3938 6174
245 119 353 178 883

325 250 511 333 super
538 250 797 333 viasn(Al.
831 250 890 333 in
921 250 1054 333 viis)
1089 257 1428 324 pascentur,

333 322 477 379 etin
511 322 790 402 omnibus
821 322 1022 402 planis
1040 322 1262 402 pascua
1293 341 1519 383 eorum.

263 394 389 454 Non
419 395 705 463 esurient,
739 394 924 465 neque
955 394 1177 464 sitient,

336 473 393 522 et
420 483 537 548 non
570 467 856 548 percutiet
885 481 984 521 eos
1014 473 1194 523 aestus
1219 471 1280 548 et
1310 467 1398 524 sol
1427 488 1440 538 ;

335 545 484 612 quia
507 545 811 612 miserator
836 554 1038 593 eorum
1074 545 1234 612 reget
1265 557 1385 607 eos,

334 614 390 665 et
418 609 489 664 ad
523 610 712 666 fontes
741 626 1030 680 aquarum
1064 609 1326 682 potabit1
1359 629 1479 668 eos.

261 681 332 738 Et
363 697 575 752 ponam
607 698 811 737 omnes
841 681 1079 737 montes
1107 699 1264 737 meos
1295 683 1352 739 in
1379 685 1554 750 viam,

335 759 392 808 et
421 753 646 808 semitae
679 769 822 808 mea:
851 753 1285 811 exaltabuntur.

264 826 404 880 Ecce
433 822 530 879 isti
562 824 839 897 delonge
871 826 1122 897 venient,

335 905 386 950 et
417 911 546 968 ecce
579 895 662 951 illi
696 895 1077 968 ab'aquilone
1107 901 1164 953 et
1194 897 1342 954 mari

335 972 392 1022 et
419 967 518 1023 isti
547 968 619 1023 de
650 971 804 1024 terra
835 968 1103 1025 australi.

269 1039 541 1110 Laudate,
574 1039 722 1110 coeli,
756 1045 811 1095 et
840 1040 1087 1108 exsulta,
1121 1044 1295 1110 terra,

330 1109 606 1184 jubilate,
639 1109 890 1184 mentes,
923 1110 1157 1167 laudem
1188 1129 1200 1166 :

339 1181 478 1253 quia
510 1181 848 1238 consolatus
880 1187 970 1237 est
1001 1183 1279 1256 Dominus
1313 1183 1595 1256 populum
1629 1201 1826 1251 suum,

341 1261 398 1310 et
427 1271 750 1325 pauperum
782 1271 1026 1311 suorum
1061 1255 1451 1314 miserebitur.

269 1325 342 1381 Et
371 1325 520 1382 dixit
548 1327 684 1382 Sion
713 1344 725 1382 :

345 1397 666 1470 Dereliquit
695 1414 787 1453 me
816 1397 1124 1470 Dominus,

345 1474 404 1524 et
437 1468 718 1525 Dominus
751 1469 969 1526 oblitus
992 1474 1080 1525 est
1106 1468 1240 1526 mei.

275 1540 558 1614 Nunquid
581 1541 843 1598 oblivisci
877 1547 1063 1614 potest
1094 1542 1303 1597 mulier
1332 1541 1615 1598 infantem
1649 1559 1844 1608 suum,

346 1619 411 1668 ut
436 1612 554 1668 non
589 1614 937 1669 misereatur
969 1612 1086 1669 filio
1119 1615 1267 1669 uteri
1300 1613 1440 1671 sui?

346 1691 404 1740 et
432 1686 495 1766 si.
514 1685 612 1741 illa
643 1685 823 1741 oblita
854 1685 1046 1766 fuerit,

347 1773 453 1828 ego
485 1761 680 1813 tamen
713 1772 829 1812 non
860 1755 1172 1812 obliviscar
1200 1758 1314 1812 tui.

274 1827 419 1885 Ecce
447 1829 506 1911 in
538 1829 814 1912 manibus
847 1828 1306 1912 meisﬂdescripsi
1340 1833 1430 1884 te:

350 1902 501 1957 muri
534 1902 617 1956 tui
648 1917 840 1956 coram
873 1902 1059 1956 oculis
1092 1902 1235 1956 meis
1267 1917 1516 1973 semper.

277 1971 578 2029 Venerunt
607 1978 928 2029 structores
959 1973 1044 2026 tui
1080 1988 1093 2027 :

353 2045 722 2101 destruentes
751 2050 807 2098 te
859 2048 917 2098 et
967 2043 1327 2114 dissipantes
1378 2043 1484 2115 (Al.
1516 2047 1574 2099 et
1605 2044 1704 2114 qui
1735 2047 1790 2098 te
1822 2043 1922 2097 de-

424 2120 770 2173 struxerunt
798 2118 857 2171 et
887 2114 1364 2186 dissipaverunt),
1388 2114 1428 2170 a
1458 2126 1510 2169 te
1539 2115 1800 2171 exibunt.

282 2188 433 2245 Leva
462 2188 522 2243 in
553 2187 798 2243 circuitu
832 2185 1218 2254 oculostuos,
1249 2185 1494 2254 et'vide,

351 2276 559 2316 omnes
588 2260 682 2340 is_t_i
712 2257 1044 2340 congregati
1077 2262 1237 2325 sunt,
1267 2262 1551 2314 venerunt
1582 2257 1688 2313 tibi
1716 2273 1729 2312 :

278 2330 422 2388 Vivo
452 2347 578 2403 ego,
612 2330 1090 2403 dicit_Dominus,
1355 2355 1358 2362 -

278 2403 420 2475 quia
451 2400 848 2475 omnibushis
879 2401 1038 2475 velut
1067 2406 1408 2475 ornamento
1433 2400 1724 2471 vestieris,

348 2479 406 2532 et
435 2472 827 2530 circumdabis
862 2471 962 2526 tibi
986 2489 1084 2528 eos
1115 2474 1283 2545 quasi
1315 2490 1551 2545 sponsa.

277 2547 424 2612 Quia
453 2547 686 2602 deserta
713 2551 834 2612 tua,
867 2547 924 2599 et
953 2543 1300 2602 solitudines
1323 2543 1459 2614 tum,
1487 2552 1543 2601 et
1565 2548 1720 2601 terra
1742 2543 1921 2600 ruinae

422 2622 539 2674 tum

349 2663 792 2762 nun-{angusta
819 2691 992 2742 erunt
1021 2705 1135 2762 prae
1167 2687 1619 2762 habitatoribus,

347 2767 407 2844 et
435 2759 1002 2844 longe'fugabuntur
1026 2759 1133 2844 qui
1159 2761 1662 2844 absorbebant‘te.

275 2833 483 2890 Adhuc
513 2830 792 2889 dicent—in
818 2830 1065 2888 auribus
1087 2832 1206 2888 tuis
1230 2833 1365 2890 filiis
1383 2833 1404 2868 ³
1422 2830 1746 2888 sterilitatis
1773 2835 1920 2886 tum:

278 2908 583 3032 Anglis-tus
610 2910 700 2962 est
729 2901 876 2962 mihi
904 2901 1089 2976 locus,
1141 2907 1230 2961 fac
1262 2905 1513 2977 spatium
1547 2904 1693 2959 mihi
1728 2908 1789 2958 ut
1821 2905 1921 2958 ha-

463 2994 480 3032 ι
509 2993 624 3032 em.

463 2977 624 3033 item.

279 3049 350 3105 Et
377 3049 536 3104 dices
564 3048 626 3104 in
656 3049 831 3105 corde
861 3055 962 3106 tuo
992 3063 1003 3102 :

349 3119 492 3184 Quis
521 3119 725 3192 genuit
757 3123 904 3178 mihi
933 3122 1078 3192 istos
1099 3119 1126 3174 ‘?

277 3192 396 3265 Ego
428 3191 670 3260 sterilis,
699 3195 754 3248 et
786 3210 900 3250 non
935 3191 1190 3265 pariens,

348 3265 791 3337 transmigrata,
820 3270 878 3322 et
907 3264 1170 3337 captiva:

347 3339 406 3390 et
435 3335 578 3390 istos
611 3335 743 3407 quis
773 3335 1096 3392 enutrivit?

276 3410 393 3480 Ego
423 3407 706 3480 destituta
735 3413 792 3480 et
821 3408 947 3463 sola
971 3425 984 3462 :

348 3482 406 3534 et
431 3479 529 3533 isti
561 3478 660 3533 ubi
691 3477 825 3535 hic3
851 3479 1068 3536 erant?

279 3550 408 3606 Hac
439 3549 580 3606 dicit
607 3551 894 3608 Dominus
929 3556 1078 3604 Deus
1107 3565 1119 3602 :

350 3622 495 3678 Ecce
519 3622 719 3677 levabo
741 3623 846 3691 (Αι.
900 3621 1047 3692 levo)
1080 3619 1159 3692 ad,
1198 3621 1400 3690 gentes
1433 3633 1673 3672 manum
1709 3632 1921 3683 meam,

351 3694 507 3766 etad
542 3693 790 3766 populos
821 3691 1086 3766 exaltabo
1117 3691 1350 3766 signum
1382 3706 1600 3746 meum.

278 3765 349 3821 Et
377 3763 803 3822 atl‘erent'ﬁlios
834 3772 968 3822 tuos
996 3765 1055 3820 in
1089 3763 1266 3828 ulnis,

351 3841 409 3892 et
438 3835 590 3892 ﬁlias
621 3841 752 3893 tuas
781 3855 959 3910 super
978 3837 1268 3910 humeros
1297 3834 1636 3906 portabunt.

279 3910 348 3965 Et
375 3914 555 3982 erunt
579 3925 744 3982 reges
775 3908 1012 3966 nutritii
1045 3908 1152 3975 tui,

351 3986 409 4036 et
438 3981 663 4053 reginae
687 3982 943 4037 nutrices
974 3985 1085 4035 tuae
1111 3998 1124 4035 :

279 4053 454 4110 Vultu
489 4050 548 4108 in
581 4057 796 4108 terram
826 4053 1103 4118 demisso,
1137 4050 1464 4107 adorabunt
1491 4053 1568 4118 te,

349 4130 406 4180 et
436 4124 732 4196 pulverem
772 4126 982 4196 pedum
1015 4129 1252 4180 tuorum
1286 4121 1550 4194 lingent..

279 4198 347 4254 Et
379 4198 526 4252 scies
557 4197 694 4268 quia
720 4213 826 4269 ego
854 4197 1162 4260 Dominus,

349 4285 528 4352 super
552 4265 668 4340 quo
695 4265 808 4324 no'n
834 4270 1270 4352 confundantur
1286 4265 1385 4393 qui
1405 4267 1744 4337 exspectant
1768 4279 1924 4320 eum.

349 4343 551 4393 inquid
583 4339 821 4393 tolletur
850 4357 882 4393 a
913 4341 1043 4393 forti
1078 4340 1270 4393 praeda

277 4339 551 4413 Nunquid
574 4339 821 4397 tolletur
850 4357 882 4396 a
913 4340 1043 4397 forti
1078 4340 1270 4411 praeda

350 4407 451 4469 aut
481 4413 646 4540 qtuodt
668 4417 904 4540 czaptum
955 4407 1131 4467 fuerit
1163 4428 1196 4466 a
1245 4410 1507 4476 robusto,
1543 4407 1770 4464 salvum
1800 4421 1931 4463 esse

432 4502 503 4540 no
533 4501 613 4540 eri

432 4484 646 4557 poterit

283 4555 582 4624 Quia—haec
612 4557 756 4612 dicit
785 4555 1112 4613 Dominus:

356 4629 665 4701 Equidem,
697 4633 753 4684 et
782 4627 1088 4700 captivitas
1120 4643 1153 4682 a
1184 4624 1317 4680 forti
1348 4623 1585 4680 tolletur
1615 4640 1627 4678 :

360 4832 376 4866 ¹
413 4827 833 4899 Reponendum
865 4825 1105 4899 omnino
1131 4829 1240 4891 est,
1271 4824 1536 4899 portabit,
1558 4823 1935 4899 quemadmo-

287 4901 427 4958 dum
458 4894 580 4956 a'S.
616 4899 938 4971 Interprete
981 4894 1282 4969 scriptum
1314 4896 1496 4951 fuisse
1526 4894 1725 4950 nullus
1756 4895 1933 4971 ferme

284 4990 510 5047 dubito.
542 4988 763 5060 Nempe
781 4969 874 5042 ita
903 4990 1071 5060 sonat
1100 4991 1156 5042 et
1214 4986 1486 5060 Hebraeus
1508 4969 1932 5060 _teatus_:;5_mi

284 5069 343 5120 et
361 5063 596 5119 Grmcus
626 5056 776 5129 ἄξέις
811 5057 1062 5128 denique
1091 5063 1148 5113 et
1171 5059 1482 5128 praeferunt
1507 5057 1692 5129 Latini
1720 5056 1932 5111 Biblio-

283 5151 416 5191 rum
450 5128 680 5190 codices
715 5148 858 5187 mss.
895 5130 1088 5198 multi,
1122 5147 1269 5200 quos
1300 5129 1502 5184 laudat
1533 5128 1826 5183 Victorius
1860 5129 1930 5182 ad

283 5206 441 5263 hunc
466 5206 658 5262 locum
692 5203 751 5258 in
784 5200 1740 5273 Commentariis,portabitgﬂujus
1765 5216 1934 5273 porro

282 5278 612 5337 similitudo
644 5275 806 5332 verbi
853 5291 987 5330 cum
1039 5271 1325 5345 impresso
1371 5271 1604 5344 potabit,
1647 5272 1936 5345 tum_ipsa

285 5353 606 5424 praesertim
655 5351 984 5424 contentus,
1014 5346 1092 5424 _ad_
1116 5343 1295 5416 fontes
1336 5343 1631 5424 aquarumz
1664 5343 1932 5424 analogia

283 5415 503 5478 criticis
538 5421 728 5477 fraudi
785 5419 914 5491 fuit,
965 5422 1029 5474 ut
1079 5415 1296 5474 temere
1341 5415 1408 5472 ex
1440 5415 1672 5487 ingenio
1705 5415 1934 5473 mutare

286 5495 590 5552 auderent.

356 5567 379 5600 ²
409 5567 511 5622 Hic
543 5579 778 5621 rursum
809 5562 924 5632 legi
950 5561 1233 5632 jubemus
1262 5559 1532 5632 infrecto,
1565 5560 1694 5629 ﬁlii,
1724 5575 1930 5632 quem-

287 5639 608 5694 admodum
629 5636 757 5709 ipse
786 5635 845 5692 in
871 5631 1305 5709 Commentario
1335 5631 1568 5709 liieron.
1594 5631 1841 5702 praefert,
1874 5637 1932 5689 et

287 5704 965 5779 Hebraicum'exemplar
993 5704 1167 5761 habet
1193 5714 1276 5764 in:
1305 5721 1319 5773 ;
1343 5707 1538 5759 Graeca
1555 5718 1788 5774 quoque
1808 5719 1932 5759 ver-

1276 132 1335 184 S.
1376 130 1787 188 HIERONYMI
1822 131 2077 186 DIVINA
2113 130 2610 187 BIBLIOTHECA.

3555 130 3672 187 884

1937 256 1991 322 Α
2093 257 2152 309 et
2182 255 2334 325 quod
2369 253 2630 311 ablatum
2655 255 2828 312 fuerit
2857 273 2890 311 a
2921 257 3186 324 robusto,
3219 256 3562 316 salvabitur.

2021 328 2134 382 Eos
2163 343 2316 401 vero,
2350 327 2448 397 qui
2474 327 2888 401 judicaverunt
2919 335 2995 400 te,
3029 345 3136 401 ego
3159 331 3465 401 judicabo,

2090 405 2148 453 et
2178 397 2328 453 ﬁlios
2360 397 2492 452 tuos
2519 399 2776 455 salvabo.

2020 475 2090 525 Et
2119 469 2326 524 cibabo
2361 470 2556 526 hostes
2587 477 2720 527 tuos
2751 471 3029 527 carnibus
3061 471 3205 541 suis,

2092 547 2148 596 et
2181 541 2350 626 quasi
2383 547 2600 624 musto,
2637 544 2923 626 sanguine
2954 560 3060 626 sup
3111 543 3604 626 inebriabuntur:

2021 617 2090 668 Et
2119 613 2263 668 sciet
2292 615 2486 687 omnis
2517 630 2671 680 caro,
2705 613 2838 686 quia
2873 631 2978 687 ego
3010 615 3296 672 Dominus
3329 616 3572 674 salvans
3602 621 3683 686 te,

2162 690 2219 739 et
2251 685 2586 756 redemptor
2616 691 2755 741 tuus
2785 685 2989 742 Jacob.

2022 755 2179 826 (Cap.
2210 756 2298 825 L.)
2332 755 2631 812 Haec’dicit
2663 758 2991 815 Dominus:

2095 827 2236 904 Quis
2285 833 2375 904 est
2424 829 2519 884 hic
2547 829 2716 904 ‘liber
2764 830 2994 902 repudii
3043 829 3250 886 matris
3297 834 3533 901 vestrae,
3568 848 3689 904 quo

2168 898 2368 954 dimisi
2399 915 2525 955 eam
2545 898 2573 954 ?

2096 974 2199 1025 aut
2228 971 2361 1041 quis
2392 976 2481 1026 est
2512 971 2768 1028 creditor
2798 989 2987 1041 meus,
3019 973 3112 1029 cui
3150 973 3382 1030 vendidi
3418 990 3524 1029 vos
3554 973 3576 1028 ἲ

2025 1044 2166 1097 Ecce
2186 1041 2256 1116 in
2288 1041 2704 1116 iniquitatibus
2734 1044 2944 1100 vestris
2974 1045 3194 1100 venditi
3228 1045 3393 1116 estis,

2095 1118 2152 1167 et
2182 1114 2238 1168 in
2274 1114 2596 1170 sceleribus
2625 1117 2839 1172 vestris
2885 1116 3087 1172 dimisi
3119 1114 3694 1174 matrem'vestram.

2025 1185 2174 1251 Quia
2205 1185 2380 1251 venit,
2415 1192 2471 1242 et
2502 1203 2616 1242 non
2648 1193 2774 1243 erat
2805 1189 2928 1243 vir:

2096 1257 2319 1331 vocavi,
2347 1262 2402 1313 et
2433 1274 2549 1331 non
2576 1268 2704 1331 erat
2733 1260 2836 1331 qui
2875 1259 3125 1315 audiret.

2026 1327 2304 1399 Nunquid
2354 1330 2691 1386 abbreviata
2739 1327 2796 1386 et
2846 1331 3087 1402 parvula
3135 1331 3285 1387 facta
3332 1337 3426 1387 est
3471 1349 3698 1388 manus

2173 1417 2323 1467 mea,
2358 1406 2424 1456 ut
2457 1418 2571 1475 non
2606 1403 2826 1474 possim
2855 1403 2962 1474 (Al.
2997 1404 3208 1475 possit)
3241 1404 3534 1459 redimere
3556 1405 3584 1459 ?

2099 1477 2200 1526 aut
2230 1489 2344 1528 non
2377 1479 2466 1527 est
2495 1474 2556 1528 in
2589 1491 2683 1530 me
2712 1476 2898 1530 virtus
2931 1474 3400 1530 ad’lihcrandum
3424 1476 3452 1530 ‘?

2029 1543 2170 1627 Ecce
2199 1543 2259 1598 in
2293 1545 2693 1627 increpatione
2743 1563 2872 1627 mea
2903 1548 3200 1602 desertum
3253 1547 3463 1603 faciam
3500 1564 3692 1616 mare,

1951 1633 1997 1698 B
2100 1614 2598 1698 Ponam-ﬂumin‘a
2629 1618 2685 1698 in
2719 1617 2943 1698 siccum
2978 1635 2992 1673 :

2103 1692 2576 1762 computrescent
2607 1689 2797 1762 pisces
2829 1689 2954 1746 sine
2987 1706 3160 1761 aqua,

2102 1763 2161 1812 et
2190 1757 2518 1815 morientur
2545 1757 2757 1816 in'siti.

2033 1831 2279 1885 Induam
2313 1831 2487 1888 caelos
2517 1833 2793 1900 tenebris,

2105 1910 2159 1956 et
2187 1919 2421 1976 saccum
2457 1920 2679 1976 ponam
2702 1903 3134 1976 operimentum
3168 1920 3394 1976 eorum,

2035 1973 2320 2048 Dominus
2351 1976 2512 2030 dedit
2542 1975 2686 2030 mihi
2717 1973 2981 2048 linguam
3015 1977 3330 2048 eruditam,

2107 2050 2183 2119 ut
2200 2045 2377 2101 sciam
2409 2052 2741 2103 sustentare
2771 2045 2932 2119 eum,
2982 2047 3082 2119 qui
3109 2047 3303 2104 lassus
3334 2051 3424 2104 est
3453 2047 3658 2104 verbo.

2034 2117 2214 2188 Erigit
2248 2134 2439 2186 mane,

2106 2204 2276 2243 mane
2308 2189 2479 2260 erigit
2509 2189 2654 2244 mihi
2685 2206 2912 2255 aurem,

2107 2261 2436 2333 utaudiam
2472 2263 2639 2333 quasi
2675 2261 3045 2332 magistrum.

2033 2332 2324 2387 Dominus
2356 2332 2508 2388 Deus
2539 2333 2766 2404 aperuit
2798 2334 2941 2388 mihi
2974 2349 3175 2389 aurem
3211 2353 3226 2401 ;

2105 2419 2211 2474 ego
2243 2410 2436 2459 autem
2471 2422 2582 2459 non
2619 2405 2954 2461 contradico
2988 2422 3001 2461 :

2104 2481 2423 2531 retrorsum
2458 2493 2569 2531 non
2603 2477 2740 2533 abii.

2032 2547 2257 2618 Corpus
2289 2563 2485 2604 meum
2517 2547 2651 2602 dedi
2685 2547 3170 2616 percutientibus,

2104 2625 2162 2674 et
2190 2636 2367 2689 genas
2399 2637 2561 2675 meas
2594 2618 2984 2675 vellentibus:

2031 2691 2256 2746 Faciem
2292 2707 2481 2746 meam
2519 2708 2635 2748 non
2665 2692 2841 2748 averti
2875 2691 2946 2747 ab
2977 2690 3441 2763 increpantibus,
3465 2694 3523 2744 et
3553 2706 3700 2746 con-

2176 2765 2545 2833 spuentihus.

2101 2835 2388 2890 Dominus
2418 2835 2573 2890 Deus
2602 2833 2915 2890 auxiliator
2945 2851 3134 2905 meus,

2108 2906 2239 2961 Ideo
2271 2923 2387 2962 non
2419 2923 2550 2961 sum
2579 2907 2896 2961 confusus:

2104 2978 2237 3032 Ideo
2271 2979 2435 3049 posui
2463 2979 2668 3033 faciem
2694 2994 2908 3047 meam,
2933 2981 2996 3032 ut
3022 2981 3250 3049 petram
3275 2975 3701 3044 durissimam,

2103 3054 2160 3104 et
2189 3049 2309 3104 scio
2340 3052 2620 3121 quoniam
2656 3066 2770 3105 non
2803 3051 3154 3106 confundar.

2028 3120 2203 3176 Juxta
2233 3127 2324 3177 est
2355 3119 2455 3193 qui
2489 3121 2775 3193 iustificat
2805 3138 2920 3189 me,
2957 3122 3090 3193 quis
3115 3119 3468 3177 contradicit
3494 3119 3648 3174 mihi
3673 3119 3705 3172 ‘P

2101 3198 2325 3248 stemus
2357 3193 2557 3263 simul,

2103 3265 2234 3336 quis
2265 3270 2353 3320 est
2386 3264 2757 3321 adversarius
2790 3265 3005 3320 meus?

2101 3337 2340 3392 accedat
2367 3338 2436 3392 ad
2474 3353 2584 3393 me.

2030 3409 2174 3464 Ecce
2205 3408 2491 3465 Dominus
2526 3410 2675 3464 Deus
2708 3406 3020 3463 auxiliator
3050 3423 3257 3463 meus:

2102 3481 2236 3552 quis
2265 3486 2354 3536 est
2383 3481 2484 3553 qui
2515 3480 2867 3553 condemnet
2896 3494 2989 3534 me
3009 3479 3037 3534 ?

2030 3551 2174 3608 EcCe
2204 3551 2415 3608 omnes
2439 3552 2606 3624 quasi
2637 3551 3050 3608 vestimentum
3084 3555 3483 3618 conterentur,

2100 3625 2259 3679 tinea
2287 3626 2553 3680 comedet
2581 3639 2704 3679 eos.

2031 3695 2172 3760 Quis
2203 3712 2272 3750 ex
2302 3695 2467 3752 vobis
2498 3695 2715 3750 timens
2749 3692 3073 3763 Dominum,

2103 3769 2347 3823 audiens
2377 3784 2573 3823 vocem
2606 3767 2756 3822 servi
2789 3765 2928 3821 sui?

2033 3840 2138 3904 Qui
2201 3839 2523 3894 ambulavit
2578 3839 2636 3893 in
2668 3837 2949 3905 tenebris,
3009 3839 3066 3893 et
3116 3853 3231 3892 non
3265 3840 3354 3894 est
3383 3836 3584 3893 lumen
3612 3836 3692 3904 ei,

2103 3915 2296 3980 speret
2326 3911 2383 3964 in
2416 3910 2654 3966 nomine
2690 3909 2937 3978 Domini,

2103 3988 2160 4037 et
2188 3983 2477 4038 innitatur
2506 3998 2683 4053 super
2713 3981 2900 4036 Deum
2931 3997 3131 4036 suum.

2037 4055 2178 4110 Ecce
2207 4071 2414 4110 omnes
2444 4071 2546 4110 vos
2577 4054 2965 4109 accendentes
2997 4053 3218 4124 ignem,

2106 4125 2349 4181 accincti
2384 4126 2663 4191 flammis,

2107 4197 2407 4252 ambulate
2440 4199 2496 4252 in
2529 4197 2753 4252 lumine
2785 4194 2938 4266 ignis
2969 4194 3170 4264 vestri,

2107 4274 2164 4325 et
2195 4269 2252 4324 in
2291 4268 2548 4325 ﬂammis
2579 4285 2728 4340 quas
2757 4267 3186 4340 succendistis:

1961 4375 2010 4437 Β
2041 4340 2125 4425 De
2153 4358 2332 4437 msn‘u
2366 4358 2496 4437 mea
2525 4337 2868 4437 factumh‘est
2897 4338 3006 4394 hoc
3037 4337 3223 4408 vobis,

2110 4413 2170 4466 in
2205 4412 2505 4468 doloribus
2537 4411 2862 4467 dormietis.

2045 4484 2194 4555 (Cap.
2213 4485 2534 4555 LI.)Audite
2558 4499 2649 4538 me
2669 4483 2766 4554 qui
2793 4480 3110 4554 sequimini
3143 4481 3298 4552 quod
3319 4481 3558 4553 justum
3584 4484 3696 4546 est,

2113 4561 2169 4611 et
2199 4555 2459 4627 quaeritis
2492 4555 2807 4611 Dominum
2829 4571 2851 4627 7:

2040 4623 2330 4684 Attendite
2362 4629 2432 4684 ad
2466 4633 2692 4700 petram
2725 4626 2878 4681 unde
2908 4624 3084 4680 excisi
3116 4623 3259 4680 estis

2043 4823 2129 4880 sio
2161 4824 2212 4877 οἱ
2244 4823 2352 4878 υἱοὶ
2392 4825 2518 4895 ﬁlii.
2555 4824 2671 4880 Nec
2700 4827 2895 4879 tamen
2947 4822 3273 4895 diffitemur
3300 4838 3434 4879 esse
3457 4824 3696 4881 Latinos

2041 4895 2272 5038 qunices
2331 4894 2544 4969 magno
2603 4911 2871 4963 numero,
2932 4894 3033 4967 qui
3093 4894 3351 4950 retinent
3400 4906 3697 4970 corrupte,

2076 5012 2079 5014 .
2116 4985 2176 5023 ιι.

2076 4985 2176 5023 ιιι.

2117 5060 2136 5093 ³
2172 5057 2231 5111 In
2266 5057 2503 5113 Hebraeo
2535 5057 2818 5128 scriptum
2853 5055 3071 5126 legitur
3099 5065 3276 5123 nam,
3308 5057 3482 5126 epho;
3535 5058 3693 5128 quod

2044 5129 2220 5183 simul
2256 5133 2560 5195 sumptum
2594 5127 2890 5200 significat
2937 5127 3036 5183 ubi
3060 5145 3078 5181 :
3118 5129 3464 5200 distinctum
3499 5127 3693 5185 autem

2042 5201 2100 5256 in
2135 5202 2249 5256 duo
2279 5201 2476 5263 verba,
2541 5199 2728 5271 neque
2787 5201 2844 5254 in
2877 5210 3018 5271 itte,
3053 5204 3110 5253 et
3167 5199 3226 5254 in
3255 5210 3337 5262 ΠΣ)
3367 5201 3501 5270 pho,
3537 5203 3692 5257 idem

2043 5279 2215 5328 sonat
2247 5273 2399 5344 quod
2433 5273 2530 5327 ubi
2562 5270 2672 5328 hic.
2707 5271 2894 5341 Igitur
2925 5270 3043 5344 sive
3066 5273 3452 5343 compositam
3479 5273 3694 5330 dixeris

2041 5360 2240 5400 vocem
2266 5343 2422 5408 nam
2445 5345 2566 5400 sive
2598 5344 2910 5413 separatim
2944 5343 3270 5415 legendam,
3321 5351 3384 5399 ut
3405 5346 3533 5415 jam
3569 5363 3692 5402 mo-

2043 5416 2306 5482 nuimus,
2339 5416 2700 5488 optimarerit
2721 5415 3123 5486 interpretatio
3147 5414 3688 5488 Hieronymi,quam

2044 5491 2114 5544 ad
2151 5489 2324 5545 fidem
2359 5487 2846 5557 exemplariorum
2878 5487 3130 5542 Canonis
3172 5487 3312 5542 ch.
3345 5487 3606 5544 veritatis
3634 5492 3689 5544 et

2041 5570 2298 5688 vetem“?
2331 5560 2595 5616 omnium
2657 5576 2801 5616 mss.
2836 5561 3091 5614 codicum
3135 5558 3243 5615 hoc
3274 5559 3400 5616 loco
3432 5560 3683 5616 restitui-

2043 5649 2199 5688 mus.
2292 5649 2423 5688 ΑΜ.

2043 5649 2199 5689 mus.
2237 5649 2423 5688 MART.
