3938 6174
401 209 510 266 887
1439 215 1498 268 S.
1541 215 1948 271 ΗΙΕΒΟΝῪΜΙ
1984 217 2038 269 Ῑ)ζ

2210 217 2242 268 i
2276 213 2773 270 BIBLIOTHECA.
3657 215 3736 270 εδδ

477 333 722 390 redemit
749 332 1100 390 Jerusalem.

413 406 638 464 Paravit
666 405 951 460 Dominus
965 404 1268 461 brachium
1291 413 1560 464 sanctum
1587 409 1834 464 suumin
1857 407 2044 465 oculis

552 478 815 534 omnium
847 480 1150 549 gentium:

483 552 540 604 et
569 549 846 603 videbunt
863 565 1066 604 omnes
1092 549 1237 606 ﬁnes
1250 553 1412 606 terras
1437 552 1690 608 salutare
1715 553 1814 608 Dei
1838 551 2043 608 nostri.

413 620 706 689 Recedite,
739 620 1015 688 recedite,
1048 621 1202 676 exite
1236 622 1393 689 inde,

481 691 771 763 pollutum
805 692 982 747 nolite
1032 697 1287 763 tangere,

482 763 631 819 exite
651 762 734 834 Vde
758 763 949 834 medio
973 764 1123 834 ejus,

483 833 853 906 mundamini
884 835 986 906 qui
1006 833 1180 891 tertia
1212 851 1348 890 vasa
1381 837 1632 892 Domini.

414 905 698 973 Quoniam
725 923 839 962 non
875 905 931 960 in
967 906 1226 962 tumultu
1260 909 1512 976 exibitis,

487 993 592 1033 nec
613 977 673 1050 in
699 977 836 1050 fuga
869 979 1294 1049 properabitis:

415 1049 704 1105 Praecedet
735 1049 890 1122 enim
915 1067 1014 1106 vos
1048 1051 1352 1122 Dominus,

487 1127 546 1177 et
576 1121 954 1192 congregabit
983 1138 1081 1177 vos
1106 1122 1258 1177 Deus
1285 1121 1485 1180 Israel.

417 1197 565 1250 Ecce
593 1192 890 1264 inteiliget
922 1210 1126 1248 servus
1161 1211 1349 1264 meus,

491 1264 844 1337 exaltabitur
873 1270 930 1320 et
958 1264 1301 1337 elevabitur,

491 1340 550 1392 et
580 1335 856 1391 sublimis
888 1337 1000 1392 erit
1030 1337 1222 1393 valde.

423 1408 588 1489 Sicut
609 1407 1050 1489 .obstupuerunt
1068 1425 1252 1489 super
1273 1413 1330 1489 te
1353 1409 1543 1476 multi,

491 1478 892 1554 sic_inglorius
924 1481 1034 1554 erit
1067 1478 1220 1554 inter,
1246 1481 1402 1536 viros
1425 1485 1703 1553 aspectus
1753 1483 1902 1554 ejus,

497 1555 556 1607 et
582 1550 769 1606 forma
799 1551 927 1622 ejus
959 1551 1111 1607 inter
1142 1551 1294 1608 ﬁlios
1330 1550 1658 1609 hominum.

427 1626 539 1679 Iste
570 1628 843 1696 asperget
871 1629 1076 1696 gentes
1113 1625 1355 1693 multas,

495 1710 672 1768 super
693 1694 898 1768 ipsum'
931 1695 1315 1752 continebunt
1347 1713 1512 1768 reges
1544 1712 1609 1752 os
1641 1713 1812 1752 suum
1839 1712 1853 1750 :

431 1765 592 1890 Quiad
607 1766 823 1890 quibps
857 1783 968 1822 non
997 1771 1086 1823 est
1117 1768 1222 1839 (At.
1257 1772 1403 1836 erat)
1417 1765 1739 1824 'narratum
1771 1769 1842 1824 de
1873 1784 1961 1836 eo,

496 1854 552 1890 νι
601 1853 744 1890 ΘΓΠΠ
801 1857 815 1890 2

496 1837 814 1893 viderunt:

497 1881 831 1980 éiﬁ'ﬁi'iibé
864 1908 1191 1982 audierant,
1225 1910 1597 1982 contemplati
1625 1918 1782 1968 sunt.

444 1981 605 2062 (Cap:
631 1981 798 2062 LIIl.)
831 1980 972 2062 Quis
1001 1981 1251 2062 credidit
1275 1980 1788 2062 auditui_nostro_?_

503 2051 563 2108 et
592 2051 898 2108 brachium
929 2053 1165 2107 Domini
1197 2053 1289 2108 cui
1324 2053 1637 2109 revelatum
1671 2055 1802 2111 est?

431 2124 503 2180 Et
536 2125 815 2196 ascendet
845 2125 996 2179 sicut
1028 2123 1322 2195 virgulum
1359 2142 1554 2180 coram
1588 2143 1676 2196 eo,

504 2195 657 2251 sicut
682 2193 843 2250 radix
874 2196 946 2250 de
979 2193 1147 2250 terra
1161 2196 1377 2250 sitienti
1406 2214 1418 2251 :

429 2266 556 2323 Non
587 2270 679 2338 est
696 2266 926 2338 species
955 2266 1029 2333 ei,
1063 2283 1248 2337 neque
1271 2269 1460 2324 decor:

501 2343 561 2394 et
592 2337 849 2392 vidimus
880 2354 1036 2394 eum.

505 2414 564 2466 et
596 2424 710 2464 non
743 2414 866 2464 erat
895 2413 1190 2480 aspectus,

504 2485 561 2536 et
591 2481 1055 2536 desideravimus
1086 2497 1243 2536 eum.

432 2557 805 2626 Despectam,
833 2557 889 2607 et
921 2552 1307 2626 novissimum
1341 2552 1624 2626 virorum,

431 2623 633 2681 Virum
665 2623 956 2694 dolorum,
989 2629 1046 2680 et
1070 2623 1350 2679 scientem
1386 2624 1788 2682 inﬁrmitatem
1825 2645 1837 2682 :

505 2695 678 2771 quasi
711 2695 1092 2771 absconditus
1122 2695 1315 2752 vultus
1347 2697 1475 2765 ejus
1505 2698 1926 2771 etOdespectus,

507 2769 665 2840 unde
695 2783 799 2822 nec
831 2768 1233 2840 reputavimus
1264 2785 1420 2822 eum.

434 2839 582 2897 Vere
613 2838 929 2912 languores
960 2845 1194 2895 nostros
1227 2839 1536 2912 ipse_tulit,

511 2916 568 2968 et
600 2909 832 2967 dolores
855 2917 1088 2985 nostros
1120 2909 1389 2982 ipse—(AI.
1417 2916 1560 2985 tacet
1597 2911 1740 2983 ipse)
1789 2911 2068 2985 portavit:

509 2988 566 3040 et
599 3000 705 3038 nos
738 2984 1073 3055 putavimus
1102 2999 1234 3038 eum
1269 2983 1440 3055 quasi
1468 2983 1788 3054 leprosum,

511 3059 569 3112 et
598 3053 943 3126 percussum
975 3072 1007 3110 a
1036 3061 1154 3110 Deo
1186 3060 1243 3109 et
1276 3053 1679 3126 humiliatum,

434 3125 567 3198 Ipse
596 3125 795 3181 autem
822 3126 1164 3182 vulneratus
1195 3130 1284 3181 est
1315 3133 1554 3198 propter
1585 3125 1922 3198 iniquitates
1973 3142 2074 3180 no-

578 3201 732 3252 stras
761 3215 774 3253 :

506 3267 748 3351 attritus
773 3272 864 3324 est
893 3271 1134 3351 propter
1164 3266 1384 3323 scelera
1415 3273 1615 3324 nostra
1639 3285 1651 3322 :

441 3339 760 3412 Disciplina
792 3339 952 3412 pacis
985 3344 1196 3394 nostra;
1229 3356 1408 3411 super
1436 3356 1593 3408 eum,

507 3417 568 3468 et
595 3411 772 3466 livore
796 3411 932 3482 ejus
966 3411 1153 3465 sanati
1186 3427 1418 3466 sumus.

508 3482 722 3539 Omnes
754 3499 861 3554 nos
893 3483 1062 3554 quasi
1093 3497 1226 3537 oves
1255 3482 1596 3549 erravimus,

509 3553 922 3626 unusquisque
951 3553 1009 3608 in
1041 3553 1191 3626 viam
1223 3571 1392 3626 suam
1426 3553 1778 3609 declinavit:

509 3624 864 3682 etDominus
891 3625 1086 3698 posuit
1109 3624 1166 3678 in
1195 3641 1260 3681 eo
1285 3625 1659 3698 iniquitatem
1683 3626 1947 3681 omnium
1974 3643 2078 3682 no-

585 3704 794 3754 strum.

440 3767 687 3824 Ohlatus
717 3773 827 3836 est,
861 3767 1001 3840 quia
1021 3768 1146 3838 ipse
1176 3765 1378 3833 voluit,

509 3845 568 3896 et
599 3857 712 3912 non
747 3839 976 3912 aperuit
999 3855 1073 3912 gos
1103 3854 1324 3912 suum‘;

433 3911 594 3968 Sicut
625 3911 748 3968 ovis
780 3909 850 3966 ad
886 3910 1239 3967 occisionem
1275 3909 1540 3976 ducetur,

506 3989 564 4040 et
591 3984 762 4055 quasi
794 3999 986 4055 agnus
1018 3998 1212 4037 coram
1247 3983 1526 4037 tondente
1565 3981 1952 4054 obmutescet,

505 4060 562 4111 et
592 4054 706 4110 non
742 4054 962 4125 aperiet
989 4071 1054 4109 os
1087 4070 1287 4108 suum.

430 4127 512 4182 De
539 4123 830 4198 angustia,
865 4131 922 4181 et
953 4127 1024 4181 de
1051 4125 1272 4194 judicio
1304 4123 1575 4198 sublatus
1607 4127 1731 4180 est:

502 4196 937 4269 generationem
970 4199 1098 4268 ejus
1131 4198 1264 4268 quis
1297 4196 1628 4269 enarrabit:

372 4303 374 4306 ν
433 4267 580 4334 Οιῐὶιι
612 4270 879 4326 abscisus
901 4267 1084 4324 estde
1116 4267 1269 4322 terra
1300 4267 1659 4322 viventium?

500 4348 736 4415 propter
766 4340 962 4415 scelus
993 4339 1192 4412 populi
1233 4340 1343 4415 mei
1397 4339 1689 4410 percussit
1734 4355 1868 4395 eum
1924 4341 1968 4397 ⁸.
2006 4341 2074 4396 Et

571 4411 732 4469 dabit
761 4413 975 4485 impios
998 4411 1108 4484 pro
1141 4411 1464 4484 sepultura,

499 4625 514 4658 ¹
546 4628 663 4680 [Ioc
696 4625 868 4680 modo
899 4623 1104 4695 legunt
1127 4623 1484 4695 exemplaria
1505 4623 1754 4679 Canonis
1775 4624 2068 4682 Hebraicaa

424 4697 704 4752 veritatis:
723 4696 926 4751 Iicetin
944 4694 2070 4767 Carcassoncnsiemendatorimperitus

429 4768 672 4824 eraserit
729 4767 995 4823 ultimam
1027 4766 1278 4821 litteram
1307 4766 1460 4821 vocis
1485 4768 1769 4836 percussit.
1795 4766 2068 4825 Eamdem

429 4855 667 4911 quoque
698 4841 908 4894 retinet
941 4837 1440 4911 lectionemliber
1469 4841 1848 4908 perantiquus
1874 4841 2068 4897 dictus

428 4909 620 4967 Comes
649 4912 828 4966 sancti
855 4912 1196 4982 Hieronymt,
1230 4910 1348 4965 sive
1380 4909 1757 4966 lcctionarius
1792 4930 1924 4976 ms.,

426 4985 595 5055 cujus
619 4988 827 5055 auctor
859 4997 1062 5055 omnes
1096 4986 1288 5055 partes
1318 4982 1699 5055 Instrumenti
1721 4983 1946 5039 Veteris
1967 4985 2067 5038 de-

425 5053 678 5127 sumpsit
709 5071 777 5110 ex
835 5053 1572 5127 editionellieronymiana
1624 5055 1694 5108 ad
1751 5055 2067 5110 Hebraicos

424 5125 656 5194 codipes
715 5125 1084 5191 concinnata,
1138 5130 1199 5179 ut
1257 5125 1424 5180 testis
1475 5130 1561 5179 est
1619 5127 2064 5196 pra-futiuncula

421 5199 684 5270 ejusdem
714 5198 863 5252 libri.
895 5196 1021 5251 Alia
1044 5213 1184 5251 mss.
1211 5197 1526 5270 liibliorum
1553 5214 1852 5252 sacrorum
1878 5216 2067 5253 exem-

427 5268 617 5342 plaria
646 5270 1171 5342 concordantcum
1234 5268 1480 5342 Vulgata
1541 5279 1760 5342 nostra,
1821 5288 1948 5340 quae
2005 5271 2063 5325 in

426 5340 615 5410 prima
648 5358 895 5412 persona
927 5341 1080 5410 legit,
1107 5340 1352 5412 percussi
1381 5357 1527 5394 eum.
1572 5340 1898 5395 Notandum
1933 5357 2064 5397 vero

425 5413 487 5468 in
521 5411 1027 5478 ms.’Corbeiensi,
1063 5411 1224 5466 num.
1260 5414 1346 5477 12,
1383 5412 1669 5482 scriptum
1706 5429 1834 5484 esse
1876 5416 2066 5484 prima

425 5500 626 5556 manu,
655 5487 902 5557 percussi
929 5500 1034 5557 eos,
1065 5492 1121 5557 et
1154 5488 1446 5557 mutatum
1482 5485 1692 5557 deinde
1720 5483 1775 5536 in
1799 5483 2064 5556 percussit

426 5573 570 5624 eum;
599 5555 838 5612 econtra
867 5556 1047 5612 codex
1081 5555 1295 5626 Regius
1328 5571 1491 5610 num.
1521 5555 1662 5609 3563
1709 5555 2059 5612 emendatus

423 5626 567 5698 legit
588 5631 853 5698 percussit
881 5643 990 5693 eos;
1017 5643 1149 5680 cum
1172 5625 1339 5680 antea
1357 5625 1626 5680 habuerit
1648 5630 1894 5694 percussi
1917 5644 2062 5683 cum.

428 5702 604 5752 Porro
640 5699 698 5752 in
728 5699 900 5754 editis
925 5699 1090 5754 libris
1113 5698 1680 5753 Commentariorum
1716 5699 1904 5754 sancti
1928 5701 2061 5755 Hie-

428 5768 672 5838 ronymi,
707 5786 770 5823 ac
802 5769 858 5823 in
895 5786 1037 5824 mss.
1077 5769 1512 5841 antiquioribus
1534 5788 1599 5827 ac
1623 5771 1880 5828 melioris
1912 5776 2063 5828 notae

2098 1715 2145 1780 B

2103 4463 2150 4527 D

2241 341 2296 392 et
2325 335 2383 390 in
2415 335 2654 391 divitem
2688 348 2793 404 pro
2825 335 3012 387 morte
3036 347 3182 387 sua:

2171 409 2247 464 Eo
2271 408 2420 478 quod
2457 407 2832 478 iniquitatem
2868 420 2982 478 non
3017 404 3238 478 fecerit,

2242 476 2425 549 neque
2455 476 2626 533 dolus
2661 476 2835 531 fuerit
2864 476 2922 530 in
2955 492 3053 530 ore
3083 477 3231 546 ejus.

2172 553 2234 607 Et
2269 546 2545 606 Dominus
2576 549 2759 603 voluit
2789 553 3086 603 conterere
3112 564 3242 603 eum
3278 546 3333 602 in
3369 547 3698 606 inﬁrmitate:

2168 625 2224 679 Si
2261 622 2522 695 posuerit
2552 637 2654 692 pro
2688 626 2923 695 peccato
2957 620 3212 674 animam
3247 635 3437 689 suam,

2242 693 2463 749 videbit
2485 709 2681 748 semen
2716 693 3066 763 longaevum,

2243 771 2300 822 et
2328 766 2596 821 voluntas
2629 761 2853 818 Domini
2885 763 2942 817 in
2977 779 3155 817 manu
3187 761 3315 831 ejus
3336 761 3619 833 dirigetur.

2173 846 2282 896 Pro
2313 853 2379 892 eo
2412 838 2566 908 quod
2595 835 2879 908 laboravit
2909 834 3015 905 (At.
3051 834 3614 907 laboraverit)anima
3632 836 3745 906 ejus,

2245 907 2466 964 videbit
2499 913 2555 962 et
2583 907 2985 962 saturabitur:

2177 984 2240 1038 In
2274 980 2519 1036 scientia
2538 978 3010 1050 suajustificabit
3034 975 3159 1048 ipse
3181 977 3384 1047 justus
3414 993 3599 1032 servus
3628 993 3749 1034 meus

2248 1054 2354 1124 (At.
2389 1069 2584 1107 servos
2615 1048 2797 1122 meus)
2827 1048 3048 1124 multos
3081 1049 3123 1117 9,

2250 1119 2306 1179 et
2336 1124 2675 1202 iuiquitates
2705 1119 2906 1202 eorum
2941 1121 3066 1202 ipse
3098 1119 3369 1191 portabit.

2180 1198 2314 1254 Ideo
2345 1193 2684 1266 dispertiam
2709 1194 2768 1266 ei
2802 1193 3090 1266 plurimos
3116 1211 3131 1247 :

2253 1272 2310 1322 et
2334 1264 2569 1322 fortium
2602 1264 2822 1320 dividet
2853 1264 3060 1334 spolia,

2183 1347 2297 1396 Pro
2329 1355 2394 1394 eo
2427 1338 2583 1409 quod
2607 1336 2848 1392 tradidit
2881 1333 2936 1390 in
2973 1338 3218 1389 mortem
3253 1333 3506 1389 animam
3537 1350 3696 1400 suam,

2255 1417 2308 1466 et
2339 1427 2472 1465 cum
2505 1409 2799 1464 sceleratis
2835 1411 3138 1479 reputatus
3169 1411 3300 1479 est:

2183 1483 2253 1538 Et
2282 1483 2407 1553 ipse
2441 1486 2742 1554 peccatqu
2778 1476 3095 1554 multorum
3131 1476 3289 1554 tulit,

2255 1547 2323 1609 δι’
2344 1547 2456 1625 ριεό
2476 1552 3014 1625 transgressoribus
3038 1552 3264 1620 rogavit
3293 1547 3334 1602 ³.

2187 1618 2784 1698 (Cap.'LIV.)_Lauda,
2819 1621 3056 1690 sterilis,
3090 1618 3219 1693 qua:
3257 1635 3368 1673 non
3403 1618 3580 1691 paris:

2261 1695 2507 1752 decanta
2536 1695 2794 1760 laudem,

2260 1774 2316 1824 et
2348 1768 2512 1823 hinni
2545 1784 2671 1838 qua:
2704 1782 2817 1838 nou
2851 1763 3158 1836 pariebas:

2188 1840 2475 1905 Quoniam
2509 1837 2676 1894 multi
2707 1837 2815 1893 filii
2847 1839 3110 1899 desertae,

2261 1911 2449 1994 magis
2481 1926 2658 1981 quam
2691 1911 2820 1981 ejus
2852 1926 2976 1980 quis
3008 1907 3268 1963 habebat
3297 1903 3505 1972 virum,
3535 1903 3656 1959 dicit
3679 1908 3765 1958 Do-

2333 1999 2550 2038 mlDUS.

2192 2054 2380 2110 Dilata
2407 2055 2600 2110 locum
2633 2051 2868 2108 tentorii
2892 2051 2999 2119 tui,

2258 2132 2316 2182 et
2350 2125 2532 2197 pelles
2564 2117 3077 2180 tabernaculorum
3136 2124 3380 2176 tuorum
3437 2117 3673 2188 extende,
3718 2131 3768 2171 ne

2332 2214 2535 2270 parcas
2559 2213 2571 2250 :

2189 2265 2416 2342 Longos
2449 2270 2536 2323 fac
2572 2265 2866 2322 funiculos
2896 2269 3050 2342 tuos,

2261 2337 2535 2396 et'clavos
2567 2337 3050 2404 tuos,consolida.

2191 2414 2275 2468 Ad
2312 2414 2605 2468 dexteram
2639 2403 2795 2466 enim
2828 2415 2885 2464 et
2914 2410 2984 2464 ad
3019 2409 3222 2462 laevam
3255 2403 3575 2478 penetrabis
3603 2420 3615 2458 :

2261 2491 2318 2540 et
2350 2500 2550 2540 semen
2585 2487 2751 2537 tuum
2785 2485 2987 2553 gentes
3020 2479 3411 2553 haereditabit,

2263 2562 2319 2611 et
2348 2555 2612 2611 civitates
2642 2551 2906 2608 desertas
2937 2551 3314 2606 inhabitabit.

2189 2627 2317 2684 Noli
2350 2627 2577 2690 timere,
2613 2625 2752 2696 quia
2787 2642 2896 2680 non
2931 2623 3334 2690 contenderis,
3387 2634 3566 2692 neque
3587 2616 3774 2673 erubes-

2262 2717 2394 2756 ces:
2430 2716 2542 2754 non
2575 2698 2730 2752 enim
2763 2704 2819 2751 te
2851 2696 3115 2768 pudebit,
3184 2765 3194 2768 _
3486 2762 3557 2768 ,η
3598 2761 3608 2768 ,
3721 2758 3730 2766 .

2263 2773 2398 2844 quia
2430 2761 3249 2844 conifusiouisadolescentiae
3293 2769 3406 2820 tum
3453 2761 3771 2844 obliviscaris,

2261 2835 2318 2899 et
2339 2841 2637 2967 opprobrii
2670 2838 2970 2895 viduitatis
3002 2845 3114 2894 tuae
3148 2855 3263 2894 non
3297 2835 3666 2893 recordaberis
3683 2845 3774 2886 am-

2338 2933 2368 2967 υ
2402 2931 2512 2967 ius.

2338 2914 2512 2986 plius.

2193 2980 2349 3051 Quia'
2371 2983 2774 3040 dominabitur
2804 2981 2890 3036 tui
2917 2981 3017 3052 qui
3052 2980 3184 3035 fecit
3227 2985 3308 3044 te,

2267 3057 2553 3113 Dominus
2578 3055 2936 3110 exercituum
2972 3069 3181 3108 nomen
3209 3053 3338 3122 ejus
3369 3067 3381 3106 :

2268 3137 2322 3183 et
2354 3129 2683 3197 redemptor
2714 3131 2851 3181 tuus
2879 3131 3118 3180 sanctus
3147 3125 3352 3190 Israel,

2267 3207 2422 3257 Deus
2454 3199 2646 3255 omnis
2676 3205 2842 3253 terrae
2872 3197 3198 3270 vocabitur.
3467 3268 3473 3270 _
3658 3259 3667 3270 ο
3700 3257 3709 3267 .

2195 3273 2342 3337 Quia
2375 3277 2437 3326 ut
2468 3270 2770 3326 mulierem
2796 3268 3134 3324 derelictam
3157 3271 3217 3323 et
3238 3268 3569 3322 maerentem
3593 3262 3778 3332 spiritu.

2337 3342 2988 3416 vocavitteADominus,
3092 3410 3103 3416 _
3217 3410 3276 3416 __
3358 3414 3364 3416 _

2267 3419 2324 3471 et
2355 3431 2588 3470 uxorem
2625 3414 2695 3470 ab
2751 3402 3145 3469 adolescentia
3179 3410 3491 3482 abjectsm,
3519 3403 3645 3462 dixit
3666 3402 3776 3458 Deus

2337 3491 2497 3544 tuus.

2195 3558 2282 3612 Ad
2316 3562 2597 3630 punctum
2629 3556 2689 3630 in
2716 3555 2940 3630 modico
2962 3553 3249 3630 dereliqui
3278 3557 3358 3622 te,

2265 3621 2400 3685 et'in
2435 3627 2913 3684 miserationibus
2931 3621 3552 3698 magnis—congregatio
3581 3623 3646 3674 te.

2196 3704 2258 3756 In
2287 3705 2582 3758 momento
2614 3694 3346 3770 indignationis‘abscond'i
3407 3694 3599 3750 faciem
3628 3699 3774 3744 meum

2338 3789 2649 3844 parumper
2675 3789 2706 3826 a
2739 3777 2812 3844 te.
3035 3841 3046 3844 _
3325 3839 3336 3844 _
3446 3841 3453 3844 Α
3696 3833 3705 3844 _
3746 3825 3755 3844 ,

2265 3848 2319 3898 et
2341 3833 2410 3900 'in
2446 3833 3225 3912 misericordiasempiterna
3256 3839 3533 3896 misertus
3562 3833 3772 3889 sumtuit

2265 3915 2411 3970 dixit
2444 3917 2770 3986 redemptor
2797 3919 2935 3986 tuus
2968 3913 3280 3986 Dominus.

2193 3987 2355 4043 Sicut
2389 3989 2442 4040 in
2476 3984 2680 4042 diebus
2717 3986 2833 4042 Noe
2862 3985 3016 4040 istud
3052 3984 3194 4039 mihi
3225 3987 3335 4047 est,

2265 4058 2358 4114 cui
2384 4059 2573 4126 juravi
2607 4076 2678 4114 ne
2710 4059 3045 4114 inducerem
3079 4072 3267 4127 aquas
3298 4055 3416 4110 Noe
3463 4049 3606 4106 ultra
3643 4055 3779 4116 super

2335 4135 2550 4185 terram
2579 4147 2590 4184 :

2263 4201 2555 4272 sicjuravi
2590 4205 2653 4256 ut
2687 4218 2798 4255 non
2824 4200 3043 4255 irascar
3065 4198 3192 4268 tibi,
3218 4201 3276 4254 et
3297 4213 3411 4272 non
3439 4195 3703 4272 increpem
3720 4189 3778 4272 tt}-

2190 4268 2414 4330 Montés
2448 4275 2602 4328 enim
2636 4273 3178 4341 commovebuntur,
3211 4275 3269 4326 et
3300 4268 3475 4326 colles
3516 4269 3779 4320 contreml-

2333 4351 2534 4400 scent:

2263 4416 2666 4473 misericordia
2694 4419 2886 4472 autem
2920 4431 3050 4470 mea
3081 4430 3195 4470 non
3219 4411 3450 4470 recedet
3476 4427 3508 4466 a
3535 4411 3604 4474 te,

2187 4629 2441 4699 legimus
2470 4628 2738 4704 percussit
2768 4643 2856 4682 eos
2889 4627 3214 4704 secundum
3246 4625 3486 4704 Hebraea
3520 4617 3678 4704 verba

2186 4695 2296 4762 πγέή
2336 4695 2496 4769 maga
2531 4701 2672 4756 tumo
2701 4720 2714 4768 ;
2747 4717 2873 4769 qua:
2904 4700 2976 4754 ab
3007 4699 3232 4770 aliquot
3260 4695 3502 4770 eruditis
3548 4695 3622 4770 ita
3661 4698 3778 4770 ερειέ

2190 4758 2453 4844 ρἷὴωιζ
2485 4789 2549 4827 ac
2582 4773 2631 4827 si
2663 4758 2820 4844 esset
2843 4781 2900 4832 ἾἾ
2940 4781 3060 4837 31:3,
3102 4758 3238 4841 uaga
3302 4769 3378 4844 to,
3420 4767 3473 4822 id
3522 4767 3603 4844 est
3649 4758 3779 4844 ιζιααίξ

2186 4831 2260 4908 ci,
2297 4845 2415 4898 sive
2439 4831 2715 4914 percussit
2745 4831 2899 4907 cum,
2942 4831 3374 4917 vpropefcussit'
3413 4854 3516 4917 eqs.
3547 4831 3779 4917 ρει-[αἏο

2188 4905 2290 4988 pro
2307 4918 2356 4972 to
2382 4905 2506 4971 vide
2523 4917 2756 4971 criticos
2775 4905 2976 4970 sacros
3000 4916 3055 4968 in
3073 4905 3229 4968 hunc
3245 4913 3436 4968 locum
3454 4905 3776 4964 lsaiaaMsn‘t-

2259 5016 2279 5048 ²
2311 5015 2550 5086 Aliquot
2581 5013 2810 5086 codices
2836 5029 2945 5067 ms.
2968 5029 3101 5068 cum
3128 5003 3780 5086 exemplaribus_Canorti§

2190 5084 2390 5156 legunt
2411 5063 2476 5139 in
2515 5085 2850 5140 accusativo
2876 5100 3039 5152 casu,
3061 5099 3244 5138 servos
3265 5063 3408 5137 piens
3427 5078 3630 5156 multos.
3652 5063 3774 5156 ριξοᾴ

2185 5146 2515 5212 θχνῃρὺτωο
2549 5167 2690 5221 νην
2754 5156 3000 5226 intelligi
3027 5146 3232 5225 'pOtest
3269 5171 3282 5219 ;
3315 5171 3448 5208 nam
3493 5150 3538 5205 si
3563 5146 3778 5228 degit”!

2183 5233 2325 5283 audi
2349 5230 2431 5282 vel
2475 5228 2622 5290 abdi,
2654 5219 3081 5297 interpretatur
3109 5241 3291 5281 servus
3321 5238 3496 5279 meus:
3531 5220 3574 5274 si
3619 5219 3774 5271 autem

2183 5301 2391 5355 avadai
2423 5299 2658 5364 abadaz',
2692 5315 2871 5354 servos
2904 5315 3044 5356 meos
3070 5298 3382 5363 signiﬁcat.
3414 5299 3588 5350 MART-

2257 5400 2278 5431 ³
2313 5398 2480 5452 Addit
2518 5397 2626 5451 hoc
2661 5395 2786 5451 loco
2825 5397 3021 5451 Canou
3081 5390 3568 5450 Carcassonensis,
3596 5392 3648 5438 ut
3691 5393 3777 5433 που

2181 5471 2454 5541 perirent,
2479 5469 2630 5540 quod
2667 5468 3033 5539 superﬂuum
3066 5473 3176 5534 est,
3202 5482 3299 5521 nec
3333 5463 3482 5541 apud
3507 5457 3673 5541 ullum

2186 5533 2244 5595 tu
2257 5558 2282 5593 r
2302 5541 2356 5594 in
2369 5533 2700 5614 terpretem;
2713 5533 2828 5614 sed
2845 5541 3050 5614 desum
3063 5541 3335 5614 ptumest
3357 5533 3423 5614 ex
3440 5533 3773 5614 lectionarl‘lf.

2185 5629 2318 5667 nam
2355 5597 2539 5667 Comes
2569 5614 2621 5666 S.
2655 5610 2989 5681 Hieronymi
3024 5597 3199 5665 habet
3229 5607 3377 5663 istud
3394 5597 3771 5681 additamenta.

2187 5685 2248 5741 Ut
2281 5700 2386 5738 non
2414 5684 2660 5756 perirent
2692 5701 2710 5739 :
2743 5685 2826 5740 ait
2857 5676 3121 5738 Dominus
3150 5683 3506 5752 omnipotens.
3545 5676 3705 5728 MART-
