3938 6174
183 244 282 300 889

243 375 295 426 et
323 366 504 423 fmdus
534 364 692 438 pacis
726 380 867 438 mets
895 381 1012 438 non
1040 368 1370 424 movebitur
1401 385 1414 424 :

183 441 318 499 Dixit
347 437 645 494 miserator
669 441 808 493 tuus
839 437 1126 494 Dominus
1163 455 1175 493 :

246 509 609 584 Paupercula,
644 514 990 584 tempestate
1048 510 1349 584 convulsa,
1403 513 1627 584 absque
1688 513 1809 568 ulla

307 579 408 654 (At.
441 587 575 636 tacet
611 579 750 652 ulla)
770 579 1208 637 consolatione.

183 658 309 713 Ecce
336 669 438 724 ego
468 658 724 707 sternam
759 669 858 723 per
888 655 1152 708 ordinem
1178 654 1403 722 lapides
1435 660 1589 722 tuos,

243 733 294 782 et
324 725 572 780 t'undabo
597 730 653 778 te
686 725 742 779 in
774 724 1091 796 sapphiris,

180 800 240 856 Et
269 813 471 868 ponam
499 796 1270 869 jaspideiurpropugnacula
1294 801 1396 854 tua
1425 816 1438 853 :

240 877 292 924 et
321 874 512 940 portas
545 874 672 924 tuas
705 869 762 922 in
797 868 1336 940 lapides’sculptos,

238 946 508 996 etomnes
541 940 821 996 terminos
854 946 988 996 tuos
1015 941 1071 995 in
1107 941 1332 1011 lapides
1363 941 1802 998 desiderabiles:

176 1013 470 1069 Universos
501 1011 652 1068 ﬁlios
685 1018 818 1067 tuos
849 1012 1051 1067 doctos
1076 1029 1109 1067 a
1143 1013 1386 1069 Domino
1413 1033 1428 1082 ;

237 1089 289 1156 et
319 1082 752 1138 multitudinem
791 1085 950 1156 pacis
987 1084 1123 1140 filiis
1152 1085 1308 1153 tuis;

175 1156 235 1211 Et
260 1155 314 1209 in
339 1156 573 1226 justitia
607 1157 947 1211 fundaberis
982 1172 994 1211 :

175 1227 376 1283 Recede
405 1227 609 1298 procul
640 1246 672 1283 a
704 1227 1021 1292 calumnia,
1054 1227 1192 1298 quia
1223 1243 1336 1282 non
1368 1226 1642 1298 timebis;

235 1307 284 1354 et
313 1315 344 1352 a
371 1314 603 1372 pavore,
636 1299 777 1371 quia
808 1317 920 1372 non
956 1298 1449 1372 appropinquabit
1479 1301 1605 1357 tibi.

175 1371 298 1426 Ecce
327 1369 518 1425 accola
547 1369 759 1437 veniet,
791 1371 887 1442 qui
918 1369 1189 1426 nouerat
1217 1369 1467 1437 mecum,

234 1443 444 1498 advena
474 1445 772 1513 quondam
805 1451 940 1498 tuus
973 1444 1328 1513 adiungetur
1353 1443 1479 1499 tibi.

174 1513 298 1569 Ecce
327 1515 643 1588 egocreavi
675 1515 908 1588 fabrum
940 1515 1275 1570 sulﬂantem
1308 1515 1364 1570 in
1399 1516 1532 1588 igne
1563 1533 1801 1587 prunas,

233 1591 280 1640 et
311 1585 696 1656 proferentem
730 1604 829 1642 vas
864 1586 922 1641 in
950 1603 1097 1657 opus
1129 1604 1326 1650 suum,

232 1662 285 1712 et
311 1672 412 1729 ego
444 1660 633 1713 creavi
673 1659 1099 1714 interfectorem
1132 1660 1201 1714 ad
1237 1659 1718 1730 disperdendum.

177 1728 486 1812 Omne’vas,
521 1737 578 1786 et
607 1730 761 1802 quod
792 1731 994 1786 ﬁctum
1036 1733 1123 1785 est
1173 1728 1374 1786 contra
1405 1738 1476 1798 te,
1509 1747 1623 1787 non
1652 1730 1802 1787 diri-
1833 1747 1878 1812 Β

299 1806 464 1872 getur
496 1816 508 1854 :

233 1874 285 1927 et
311 1888 539 1946 omnem
575 1872 842 1944 linguam
875 1873 1237 1929 resistentem
1274 1873 1801 1946 tibiinjudicio,ju-

296 1943 533 2000 dicabis.

171 2015 283 2070 Haec
311 2015 621 2071 hereditas
651 2031 954 2071 servorum
992 2015 1240 2082 Domini,

233 2087 534 2156 etjustitia
561 2104 767 2143 eorum
801 2088 956 2158 apud
990 2103 1100 2155 me,
1134 2087 1272 2143 dicit
1300 2087 1605 2144 Dominus.

168 2157 307 2229 (Cap.
338 2159 474 2230 LV.)
507 2160 731 2233 omnes
761 2157 1048 2233 sitientes,
1081 2160 1272 2233 venite
1303 2161 1373 2216 ad
1408 2177 1592 2233 aquas
1627 2176 1639 2214 :

229 2237 280 2284 et
308 2232 406 2301 qui
436 2248 549 2287 non
581 2231 813 2286 habetis
843 2239 1152 2303 argentum
1187 2231 1796 2304 (Al.pecuniam),pro-

297 2308 506 2373 perate,

231 2374 410 2442 emite,
439 2381 496 2430 et
524 2373 822 2430 comedite
857 2390 870 2428 :

172 2443 374 2514 Venite,
414 2447 599 2502 emite
640 2447 862 2516 absque
893 2449 1154 2516 argento,

228 2521 277 2572 et
299 2519 515 2588 absque
549 2517 675 2573 ulla
705 2522 1160 2573 commutatione
1191 2517 1389 2572 vinum
1424 2521 1479 2572 et
1510 2516 1616 2573 lac.

169 2589 332 2671 Quare
361 2589 1052 2671 appenditis‘argentum.
1072 2607 1185 2644 non
1205 2589 1273 2671 in
1305 2589 1580 2671 panibus,

230 2666 281 2715 et
308 2660 560 2717 laborem
601 2660 858 2717 vestrum
894 2679 1006 2717 non
1041 2662 1099 2715 in
1132 2660 1442 2716 saturitate
1467 2660 1494 2715 ‘2

171 2733 379 2803 Audite,
411 2735 724 2790 audientes
749 2751 860 2801 me,
892 2739 948 2787 et
978 2732 1263 2788 comedite
1295 2734 1535 2803 bonum,

232 2810 281 2858 et
308 2805 697 2862 delectabitur
721 2807 780 2861 in
809 2805 1202 2861 crassitudine
1231 2806 1430 2861 anima
1458 2810 1671 2862 vestra.

170 2875 427 2932 lnclinate
458 2895 667 2933 aurem
702 2883 976 2944 vestram,
1010 2883 1068 2932 et
1093 2877 1282 2932 venite
1311 2880 1381 2932 ad
1417 2894 1505 2933 me
1539 2895 1552 2934 :

232 2949 430 3015 audite,
463 2956 516 3005 et
552 2951 708 3004 vivet
740 2950 936 3005 anima
967 2953 1180 3016 vestra,

172 3017 427 3093 Etl’eriam
443 3022 616 3077 vobis
630 3022 734 3091 (Αἱ.
750 3022 1076 3093 vobiscum)
1097 3024 1331 3092 pactum
1350 3020 1796 3093 sempiternum,

230 3091 657 3149 misericordias
689 3093 863 3148 David
902 3091 1109 3148 ﬁdeles
1136 3096 1177 3148 ¹.

171 3161 298 3236 Ecce
326 3168 526 3219 testem
563 3165 802 3236 populis
827 3164 962 3219 dedi
992 3181 1148 3233 eum,

235 3235 429 3291 ducem
461 3254 527 3292 ac
563 3234 980 3309 praeceptorem
1013 3234 1308 3308 gentibus.

171 3305 296 3361 Ecce
328 3305 586 3378 gentem;
620 3305 796 3379 quam
826 3305 1148 3375 nesciebas,
1181 3306 1416 3362 vocabis
1445 3324 1459 3362 :

226 3383 276 3433 et
302 3385 520 3448 gentes,
545 3397 680 3452 quis
713 3399 828 3437 non
860 3384 1257 3452 cognoverunt
1280 3380 1439 3448 te,ad
1465 3382 1519 3435 te
1540 3383 1795 3448 current,

227 3456 452 3522 pmpter
480 3452 804 3508 Dominum
843 3457 1019 3508 Deum
1054 3457 1241 3520 tuum,

230 3527 280 3576 et
307 3521 578 3596 sanctum
614 3524 813 3590 Israel,
845 3523 983 3596 quia
1008 3521 1358 3596 gloriﬁcavit
1386 3526 1464 3578 te.

170 3590 357 3654 Quaerit
387 3595 733 3666 Dominum,
766 3590 908 3652 dum
957 3590 1203 3652 inveniri
1254 3599 1480 3664 potest;
1530 3593 1796 3650 invocata

290 3682 440 3739 eum,
475 3670 620 3723 dum
655 3684 832 3739 prepe
863 3672 972 3723 est.

170 3731 521 3810 Derelinquat
553 3731 779 3811 impius
810 3740 958 3794 viam
990 3755 1182 3807 suam,

227 3812 278 3862 et
305 3811 386 3864 vir
413 3811 660 3884 iniquus
689 3811 1070 3884 cogitationes
1100 3827 1260 3884 suas,

170 3875 227 3932 Et
252 3875 569 3938 revertatur
602 3883 706 3952 (At.
740 3875 1132 3952 convertatur)
1158 3875 1661 3948 ad’Dominum,et
1691 3881 1793 3935 mi-

287 3955 577 4010 serebitur
604 3955 754 4025 ejus,

223 4025 364 4106 etad
395 4022 880 4106 Deumﬁostrum
916 4044 930 4082 :
991 4025 1270 4098 quoniam
1305 4022 1530 4080 multus
1579 4030 1669 4080 est
1719 4025 1790 4080 ad

288 4098 733 4166 ignoscendum.

167 4157 273 4217 Non
310 4157 464 4224 Enim
500 4169 890 4241 cogitationes
938 4186 1100 4236 meae,
1133 4167 1508 4241 cogitationes
1536 4172 1740 4224 vestrae
1774 4183 1787 4223 :

229 4251 404 4317 neque
433 4242 540 4297 vim
573 4240 797 4317 vestrae,
824 4241 1122 4317 vimineas,
1153 4241 1296 4296 dicit
1316 4240 1620 4296 Dominus.

168 4303 293 4388 Quia
315 4303 472 4388 sicut
495 4303 828 4369 exaltantur
858 4312 983 4388 cceli
1017 4330 1050 4368 a
1079 4303 1256 4388 terra,

229 4383 301 4434 sic
353 4384 615 4440 exaltatae
673 4389 812 4440 sunt
841 4386 944 4440 via:
975 4402 1114 4440 mem
1147 4401 1181 4439 a
1209 4385 1317 4440 viis
1344 4383 1574 4448 vestris,
1607 4389 1664 4441 et
1694 4401 1790 4440 co-

288 4453 594 4524 gitationes
627 4473 768 4512 meae
798 4473 832 4511 a
862 4456 1313 4528 cogitationibus
1342 4456 1574 4528 vestris.

165 4517 224 4574 Et
252 4517 865 4606 quomodogdescendit
896 4517 1106 4606 imber,
1138 4535 1190 4606 st
1224 4530 1322 4584 nix
1351 4529 1423 4584 de
1454 4527 1615 4596 caelo,

225 4600 277 4647 et
302 4598 438 4670 illuc
470 4600 626 4655 ultra
657 4617 770 4655 non
806 4601 1111 4656 revertitur
1139 4601 1180 4670 ²,

225 4668 316 4742 sed
348 4669 595 4726 inebriat
627 4675 862 4736 terram,
895 4677 951 4726 et
983 4668 1237 4728 infundit
1266 4688 1417 4742 eam,

225 4741 275 4790 et
292 4742 616 4810 germinare
645 4759 772 4798 eam
810 4744 966 4808 facit,

225 4814 278 4862 et
304 4812 397 4867 dat
427 4831 625 4870 semen
658 4813 894 4881 serenti,

205 4886 277 4957 “et
305 4899 510 4953 panem
543 4886 868 4942 comedenti
898 4903 910 4940 :

167 4945 246 5004 Sic
291 4945 396 5011 erit
443 4959 684 5014 verbum
743 4974 969 5024 meum,
1015 4957 1171 5028 quod
1229 4957 1556 5029 egredietur
1586 4957 1657 5012 de
1689 4972 1785 5012 ore

227 5039 389 5081 IDBOZ

225 5109 330 5170 non
357 5103 674 5170 revertetur
702 5101 774 5156 ad
811 5116 902 5155 me
925 5117 1200 5170 vacuum,

225 5169 318 5243 sed
351 5168 518 5226 faciet
549 5188 908 5243 quaecunque
939 5172 1112 5239 volui,

225 5242 277 5317 et
302 5240 735 5317 prospera—bitur
765 5240 830 5317 in
851 5243 964 5317 his,
999 5245 1066 5298 ad
1107 5260 1234 5317 quae
1269 5240 1603 5317 misi_illud.

164 5304 373 5367 Qnia'in
400 5304 594 5369 laetitia
624 5304 1100 5386 egrediemini,et
1126 5304 1187 5369 in
1222 5331 1360 5382 pace
1391 5313 1783 5386 deducemini,

225 5389 441 5439 montes
471 5391 527 5440 et
556 5389 731 5442 colles
760 5387 1084 5442 cantabunt
1113 5402 1306 5441 coram
1331 5386 1496 5440 vobis
1527 5385 1782 5451 laudem,

225 5456 275 5504 et
301 5457 493 5511 omnia
525 5456 682 5530 ligna
712 5458 969 5530 regionis
999 5458 1281 5532 plaudent
1310 5474 1509 5513 manu.

230 5663 858 5743 ‘_Vitio_exscriptorum
919 5671 1138 5743 legitur
1183 5671 1244 5727 in
1294 5688 1439 5727 mss.
1470 5675 1527 5727 et
1549 5671 1784 5728 Canone

169 5728 292 5814 lleb.
323 5728 677 5814 verit:_pavid
703 5741 892 5814 ﬁdeli:
921 5785 936 5799 .
977 5728 1126 5800 bum
1177 5745 1236 5800 in
1281 5748 1439 5801 textu
1473 5744 1781 5812 Hebraico,

168 5806 217 5856 ct
241 5809 383 5876 apud
414 5808 555 5867 LXX
585 5806 926 5887 interpretes
960 5815 1204 5888 pluralis
1252 5817 1330 5873 sit
1386 5832 1689 5886 numerus,
1723 5806 1781 5874 id

1401 244 1614 299 LIBER
1651 246 1860 301 IBAIB
1899 245 2318 300 PROPHETE.

3461 246 3569 302 890

1830 374 1883 440 Α
1914 377 2023 427 Pro
2054 367 2384 426 saliuncula
2415 368 2689 424 ascendet
2718 368 2904 435 abies,

1992 446 2047 498 et
2077 459 2179 514 pro
2212 442 2400 514 urtica
2430 445 2652 496 crescet
2676 445 2909 514 myrtus
2943 457 2956 497 :

1918 515 1986 569 Et
2043 513 2152 568 erit
2211 513 2496 586 Dominus
2531 513 2866 569 nominatus
2902 513 2959 569 in
2992 513 3228 586 signum
3260 520 3566 586 aeternum,

1988 586 2289 656 quodnon
2323 584 2637 640 auferetur.

1918 655 2073 728 (Cap.
2107 655 2433 722 LVI.)ch
2459 657 2604 711 dicit
2636 656 2915 712 Dominus
2952 672 2963 710 ε

1915 727 2212 785 Custodite
2234 728 2551 797 judicium,
2582 733 2638 784 et
2672 727 3203 799 facitejustitiam:

1987 802 2125 871 quia
2148 801 2318 869 juxta
2349 806 2437 854 est
2468 799 2628 855 salus
2664 816 2812 865 mea,
2847 805 2910 854 ut
2939 800 3154 865 veniat,

1987 878 2044 926 et
2069 872 2300 943 justitia
2335 887 2484 939 mea,
2518 878 2580 926 ut
2613 872 2918 927 reveletur.

1916 944 2129 1000 Beatur
2158 943 2261 1008 vir,
2296 943 2394 1014 qui
2431 944 2568 999 facit
2602 943 2728 1012 hoc,

1987 1022 2042 1071 et
2075 1015 2229 1069 iilius
2261 1012 2536 1076 hominis,
2568 1015 2664 1086 qui
2698 1013 3096 1086 apprehendat
3125 1012 3282 1086 istud
3315 1030 3328 1068 :

1913 1089 2259 1144 Custodiens
2294 1087 2630 1154 sabbatum,
2665 1085 2747 1142 ne,
2769 1085 2998 1157 polluat
3019 1085 3189 1153 illud,

1985 1159 2324 1216 custodiens
2355 1175 2566 1213 manus
2597 1155 2863 1224 suam—ne
2894 1156 3069 1213 faciat
3097 1172 3270 1212 omne
3312 1155 3558 1212 malum.

1913 1231 1985 1288 Et
2015 1248 2126 1356 agn
2161 1231 2316 1286 dicat
2346 1230 2499 1286 {ilius
2528 1231 2784 1298 advenae,
2834 1229 2936 1300 qui
2987 1228 3242 1284 adhaeret
3289 1227 3557 1294 Domino,

2097 1319 2256 1356 icens
2287 1319 2299 1356 :

2097 1319 2299 1357 ICBDSI

1913 1373 2291 1445 Separatione
2320 1371 2661 1445 dividet_me
2693 1370 2977 1427 Dominus
3008 1388 3041 1427 a
3070 1370 3284 1443 populo
3307 1387 3436 1437 suo,

1913 1443 2126 1501 Et’non
2162 1446 2312 1500 dicat
2345 1443 2653 1500 eunuchus
2688 1460 2700 1497 :

1985 1521 2126 1598 Ecce
2158 1515 2521 1598 egonlignum
2555 1515 2808 1598 aridum.

1911 1590 2059 1655 Quia
2089 1584 2220 1644 haec
2243 1584 2387 1642 dicit
2416 1587 2700 1643 Dominus
2731 1584 3020 1641 eunuchis
3054 1602 3067 1640 :

1982 1662 2084 1726 Qui
2117 1660 2506 1715 custodierint
2549 1658 2802 1712 Sabhata
2851 1673 3000 1721 mea,
3033 1660 3090 1712 et
3118 1655 3396 1729 elegerint
3435 1674 3562 1729 quas

2053 1731 2228 1799 volui,
2262 1737 2317 1787 et
2350 1731 2642 1804 tenuerint
2673 1731 2856 1804 fcsdus
2890 1745 3083 1804 meum
3118 1744 3130 1782 :

1909 1804 2069 1860 Dabo
2101 1804 2186 1859 eis
2218 1806 2273 1858 in
2306 1799 2477 1859 domo
2511 1819 2661 1866 mea,
2692 1807 2749 1858 et
2785 1801 2846 1855 in
2896 1801 3082 1855 muris
3138 1800 3285 1856 meis
3342 1799 3560 1868 locum,

1978 1881 2037 1932 et
2070 1892 2281 1931 nomen
2317 1875 2526 1930 melius
2557 1892 2590 1929 a
2622 1873 2759 1928 ﬁliis
2789 1877 2845 1928 et
2877 1871 3113 1928 ﬁliabus
3142 1889 3165 1926 .·

1908 1952 2134 2004 Nomen
2167 1946 2586 2019 sempiternum
2622 1946 2771 2001 dabo
2802 1943 2910 2011 eis,

1978 2021 2133 2092 quod
2169 2035 2280 2092 non
2297 2018 2545 2089 peribit.

1907 2092 1974 2147 Et
1997 2085 2157 2147 Illius
2187 2085 2444 2159 advenas,
2473 2089 2574 2160 qui
2605 2087 2904 2143 adhaarent
2952 2085 3223 2158 Domino,
3255 2089 3321 2141 ut
3362 2086 3557 2142 colant

2047 2180 2204 2232 eum,
2370 2200 2372 2203 τ

1977 2239 2034 2291 et
2066 2228 2315 2306 diligant
2347 2249 2561 2306 nomen
2593 2231 2843 2306 ejus,_ut
2874 2231 2994 2285 sint
3020 2229 3071 2283 ei
3103 2228 3436 2306 in_servo‘s_:

1903 2307 2148 2364 Omnem
2176 2299 2958 2361 custodientem'sabbatum
2995 2317 3064 2357 ne
3096 2299 3321 2372 polluat
3350 2299 3518 2368 illud,

1975 2385 2031 2434 et
2061 2382 2358 2434 tenentem
2394 2377 2582 2430 fmdus
2617 2391 2808 2430 meum
2840 2389 2852 2427 :

1904 2451 2212 2506 Adducam
2240 2465 2338 2504 eos
2370 2448 2426 2502 in
2457 2453 2714 2503 montem
2748 2449 3017 2501 sanctum
3053 2459 3269 2507 meum,

1976 2528 2034 2578 et
2064 2521 2369 2576 laetificabo
2401 2535 2500 2575 eos
2533 2520 2591 2574 in
2623 2520 2795 2572 domo
2828 2517 3112 2572 orationis
3145 2532 3320 2583 meae;

1905 2594 2254 2650 IIolocausta
2307 2607 2532 2657 eorum,
2564 2595 2620 2645 et
2660 2590 2905 2644 victima:
2965 2604 3190 2656 eorum,
3243 2585 3559 2660 placebunt

2047 2665 2192 2720 mihi
2217 2681 2394 2734 super
2425 2661 2593 2717 altari
2626 2678 2754 2716 meo
2789 2677 2802 2715 :

1974 2738 2113 2809 quia
2142 2729 2355 2809 domus
2373 2751 2524 2809 mea,
2549 2735 2758 2789 domus
2785 2729 3068 2786 orationis
3092 2729 3396 2784 vocabitur
3419 2745 3556 2784 cun-

2046 2809 2154 2864 ctis
2185 2806 2439 2864 Donulis.

1901 2881 1994 2938 Ait
2023 2825 2518 2942 633181033333,
2542 2874 2640 2946 qui
2674 2876 2987 2946 congregat
3016 2870 3316 2946 dispersos
3349 2869 3550 2926 Israel:

1905 2953 2109 3012 Adhuc
2140 2949 2506 3022 congregabo
2540 2943 2610 3002 ad
2642 2943 3192 3022 eum'congregatos
3221 2943 3369 3013 ejus.

1909 3026 2124 3082 Omnes
2156 3015 2526 3092 bes‘t'isivagri,
2558 3020 2746 3092 venite
2778 3018 2846 3073 ad
2883 3015 3300 3080 devorandum,

1984 3095 2262 3152 universae
2295 3091 2495 3149 bestiae
2527 3091 2734 3146 saltus.

1908 3167 2314 3237 Speculatores
2344 3167 2471 3236 ejus
2503 3165 2660 3230 oeci,

1979 3239 2194 3295 Omnes
2227 3237 2561 3294 nescierunt
2594 3252 2607 3290 :

1906 3311 2170 3369 Universi
2198 3326 2372 3364 canes
2405 3306 2552 3364 muti
2586 3323 2700 3362 non
2731 3301 2992 3360 valentes
3024 3300 3258 3371 latrare,

1975 3384 2241 3456 videntes
2269 3397 2435 3450 vana,
2474 3380 2480 3388 ’
2659 3453 2666 3456 _
2949 3446 2959 3456 ι

1977 3455 2357 3522 dormientes,
2389 3456 2446 3507 et
2475 3453 2740 3506 amantes
2771 3453 3022 3504 somnia.

1905 3529 1976 3584 Et
2001 3543 2174 3583 canes
2205 3521 2706 3596 impudentissimi

1976 3600 2314 3654 nescierunt
2344 3596 2736 3652 saturitatem.

1907 3672 2021 3743 Ipsi
2056 3675 2318 3743 pastores
2333 3668 2756 3743 _ignoraveru_nt
2777 3659 3237 3743 intelligentiam
3273 3678 3287 3717 :

1976 3733 2183 3797 omnes
2208 3733 2261 3795 in
2299 3733 2448 3794 viam
2473 3755 2640 3793 suam
2670 3733 3134 3801 declinaverunt,

1978 3812 2392 3884 unusquisque
2423 3811 2493 3864 ad
2527 3809 2834 3884 avaritiam
2860 3820 3052 3872 suam,

1975 3903 2009 3941 a
2038 3877 2269 3940 sum-mo
2295 3877 2489 3953 usque
2518 3882 2587 3953 ed
2623 3877 3025 3934 novissimum.

1902 3955 2126 4021 Venite,
2159 3952 2468 4010 sumamus
2496 3952 2718 4017 vinum,

1971 4034 2028 4085 et
2050 4030 2125 4082 im
2137 4027 2402 4099 pleamrur
2421 4024 2708 4099 ebrietate
2741 4037 2754 4075 :

1901 4101 1971 4156 Et
2001 4101 2110 4156 erit
2137 4094 2294 4154 sicut
2322 4097 2514 4162 hodie,
2545 4094 2628 4151 sic
2659 4098 2716 4149 et
2741 4109 2892 4162 cras,

1973 4179 2027 4227 et
2059 4171 2242 4226 multo
2273 4167 2550 4240 amplius.

1903 4244 2058 4317 (Cap.
2097 4243 2278 4314 LVII.)
2306 4236 2514 4317 Justus
2548 4236 2716 4317 perit,

1972 4304 2030 4370 et
2063 4332 2231 4368 nemo
2262 4304 2369 4377 est,
2405 4311 2504 4380 qui
2537 4304 2815 4376 recogitet
2845 4306 2900 4360 in
2934 4304 3104 4360 corde
3135 4318 3264 4358 suo.

1899 4388 1970 4442 Et
1990 4386 2096 4461 viri
2127 4383 2554 4461 misericordifs
2570 4380 2942 4461 colliguntur,

1973 4459 2113 4530 quia
2145 4476 2257 4513 non
2289 4460 2376 4530 est
2410 4451 2832 4530 quiintelligat
2857 4465 2876 4530 7:

1975 4519 2008 4586 εἰ
2038 4530 2185 4586 facie
2215 4528 2371 4585 enim
2404 4519 2637 4582 malitiae
2669 4519 2946 4579 collectus
2977 4524 3068 4575 est
3090 4519 3312 4590 justus.

1891 4602 2102 4659 Veniat
2134 4618 2263 4672 pax,
2343 4671 2348 4672 ί
2876 4663 2888 4672 ,
3025 4662 3035 4672 .
3104 4660 3119 4672 .
3202 4660 3214 4672 .

1967 4659 2295 4744 requiescat
2340 4671 2398 4744 in
2440 4666 2619 4744 cubili
2651 4683 2758 4721 suo
2789 4663 2891 4736 qui
2923 4660 3246 4719 ambulavit
3273 4659 3380 4732 (Αι.
3414 4675 3542 4714 am-

2039 4739 2222 4806 bulat)
2256 4739 2820 4817 ingdirectionesua.
3001 4810 3010 4817 _
3058 4805 3070 4817 υ
3115 4804 3125 4816 ,

1896 4821 2014 4872 Vos
2044 4822 2146 4872 aut
2177 4815 2431 4870 accedite
2463 4813 2596 4870 huc,
2632 4809 2733 4864 ﬁlii
2768 4809 3185 4879 auguratricis,

1968 4904 2169 4944 semen
2204 4886 2473 4954 adulteri,
2505 4890 2561 4938 et
2591 4881 2936 4938 fornicarias.

1896 4961 2082 5031 Super
2115 4975 2290 5031 quem
2330 4955 2561 5031 lusistis
2580 4954 2608 5008 Ἰ

1967 5016 2149 5102 ἐυρθὲ
2174 5046 2347 5100 quem
2381 5025 2672 5102 dilatastis
2703 5041 2790 5102 os,
2819 5025 2880 5102 et
2908 5018 3168 5090 ejecistis
3200 5017 3468 5102 linguam
3489 5016 3518 5070 ?

1895 5087 2322 5174 Nunquid'non
2357 5087 2878 5174 vos_iiiii_sceles_ti_,
2913 5087 3113 5148 semen
3138 5087 3442 5174 ‘mendax’?

1965 5160 2065 5248 qui
2097 5170 2483 5228 consolamini
2510 5172 2565 5224 in
2590 5169 2703 5224 diis
2733 5162 3362 5233 subtcromnelignum
3385 5160 3547 5214 fron-

1966 5247 2341 5373 imdncizllauiites
2374 5311 2649 5384 parvulos
2681 5311 2742 5365 in
2777 5305 3152 5376 torrentibus,
3184 5302 3389 5360 subter
3425 5300 3538 5356 im-

2040 5390 2329 5444 minentes
2361 5383 2555 5456 petras
2576 5383 2604 5438 ?

1895 5461 1961 5516 l‘n
1996 5461 2262 5534 partibus
2292 5455 2568 5515 torrentis
2598 5469 2732 5527 pars
2765 5456 2889 5519 tua,

1892 5677 2002 5736 est.
2033 5672 2243 5741 ﬁdelia,
2276 5669 2366 5727 vel
2393 5669 2601 5741 ﬁdeles,
2634 5670 2692 5723 et
2726 5681 2838 5721 non
2871 5661 3068 5741 ﬁdelis.
3103 5660 3290 5741 Maaz.

1963 5731 2241 5801 ’Vli‘erme'
2274 5731 2489 5799 rectius
2521 5731 3040 5796 in'Commentario
3101 5733 3171 5790 ad
3229 5731 3539 5788 Hebreum

1891 5825 2057 5884 31W,
2086 5816 2226 5888 legit
2253 5821 2310 5871 S.
2343 5813 2636 5886 Interpres
2669 5811 2726 5867 in
2762 5810 2977 5873 futuro,
3010 5809 3330 5870 revertetur.
