3938 6174
365 197 467 253 891

438 322 564 379 haec
595 319 686 374 est
715 330 847 373 sors
876 319 979 373 tua
1010 332 1025 372 :

443 400 502 449 et
529 386 965 462 ipsiseffudisti
996 388 1277 457 libamen,

442 460 705 521 obtulisti
739 461 1115 515 sacrificium.

371 534 647 606 Nunquid
681 548 857 603 super
887 531 1123 606 his_non
1154 530 1558 606 indignabor?

374 602 561 683 Super
576 602 828 660 montem
842 603 1071 659 excelse
1084 620 1133 658 m
1157 609 1212 658 et
1234 604 1544 660 sublimem
1567 603 1813 676 posuisti
1834 602 2024 659 cubile

515 684 709 741 tuum,

446 757 503 806 et
537 749 675 804 illuc
707 746 1047 814 ascendisti,
1081 750 1146 801 ut
1176 746 1513 803 immolares
1544 747 1789 803 hostias.

374 825 442 881 Et
472 826 605 895 post
650 818 892 885 ostium,
923 822 980 873 et
1029 824 1179 874 retro
1236 825 1462 889 postem
1496 819 1745 891 posuisti
1803 834 2025 874 memo-

514 892 658 946 riale
688 895 856 944 tuum
895 907 908 945 :

514 906 658 948 rlale
688 906 856 944 tuum
895 907 908 945 ἶ

446 968 582 1037 quia
604 964 772 1034 juxta
796 976 890 1017 me
913 960 1385 1034 discooperuisti,
1404 966 1458 1018 et
1476 961 1783 1035 suscepisti
1805 960 2028 1018 adulte-

511 1052 643 1091 rum
677 1052 689 1090 Ξ

367 1107 637 1167 Dilatasti
672 1104 862 1161 cubile
900 1108 1093 1175 tuum,
1120 1108 1177 1159 et
1198 1105 1471 1177 pepigisti
1494 1122 1624 1161 cum
1650 1105 1733 1162 eis
1752 1106 1981 1162 foedus‘
2010 1122 2024 1161 :

443 1178 701 1236 dilexisti
733 1180 983 1250 stratum
1017 1192 1219 1232 eorum
1251 1193 1428 1233 manu
1463 1183 1682 1250 aperta.

377 1255 444 1311 Et
472 1249 697 1307 ornasti
729 1254 785 1303 te
816 1248 972 1320 regio
1004 1252 1327 1319 unguento,

449 1329 506 1379 et
536 1318 941 1391 multiplicas'ti
971 1318 1271 1391 pigmenta
1300 1325 1419 1378 tua.

372 1394 585 1475 Misisti
624 1394 841 1475 legatos
873 1396 1007 1447 tuos
1039 1392 1263 1475 procul,

453 1473 510 1523 et
539 1463 850 1521 humiliata
880 1480 941 1519 es
970 1480 1156 1534 usque
1188 1464 1259 1518 ad
1291 1464 1530 1519 inferos.

380 1541 447 1597 In
480 1534 862 1593 multitudine
892 1535 993 1588 via:
1026 1540 1139 1590 tuae
1174 1535 1451 1592 laborasti
1482 1551 1496 1590 :

451 1626 565 1665 non
599 1606 796 1664 dixisti
834 1623 845 1660 :
876 1606 1184 1672 Quiescam
1219 1622 1233 1662 :

378 1681 570 1739 Vitam
605 1695 815 1735 manus
838 1684 949 1733 tuae
984 1680 1278 1747 invenisti,

446 1758 763 1826 propterea
785 1767 896 1826 non
932 1750 1151 1826 rogasti
1180 1751 1285 1826 (Αἰ.
1317 1749 1445 1826 add.
1481 1751 1617 1826 mel,

374 1821 481 1883 Pro
514 1821 913 1897 quosollicita
942 1821 1215 1897 timuisti,
1246 1822 1387 1894 quia
1416 1821 1664 1878 mentita
1692 1836 1775 1889 es,

446 1902 503 1955 et
532 1895 647 1953 mei
684 1911 798 1950 non
821 1910 883 1949 es
916 1895 1239 1963 recordata,

452 1984 643 2040 neque
675 1967 944 2038 cogitasti
973 1967 1031 2021 in
1062 1967 1231 2040 corde
1262 1969 1385 2020 tuo.

380 2036 661 2111 Quia—ego
690 2036 913 2111 tacens,
940 2046 993 2093 et
1022 2038 1187 2109 quasi
1217 2054 1333 2093 non
1363 2036 1590 2105 videns,

452 2120 510 2169 et
542 2109 660 2167 mei
691 2109 872 2166 oblita
901 2126 983 2165 es.

380 2189 500 2257 Ego
532 2181 897 2240 annuntiabo
918 2180 1217 2257 justitiam
1248 2183 1435 2257 tuam,

454 2250 511 2312 et
540 2271 717 2324 opera
748 2258 847 2309 tua
880 2250 992 2309 non
1028 2253 1347 2324 proderunt
1376 2250 1507 2306 tibi.

383 2332 525 2385 Cum
558 2320 922 2392 clamaveris,
955 2320 1205 2379 lib—arent
1234 2328 1289 2379 te
1315 2320 1650 2396 congregati
1676 2320 1783 2388 tui,

456 2405 514 2455 et
543 2414 747 2454 omnes
780 2413 877 2453 eos
908 2397 1131 2451 auferet
1158 2401 1367 2451 ventus
1401 2411 1414 2451 :

453 2470 619 2527 tollet
645 2485 790 2524 aura
822 2485 836 2523 :

381 2544 489 2609 Qui
522 2547 717 2599 autem
750 2539 1030 2595 ﬁduciam
1062 2538 1237 2594 habet
1260 2535 1773 2608 mei,baereditabit
1794 2540 2033 2605 terram,

526 2619 585 2669 et
613 2612 938 2685 possidebit
968 2615 1226 2667 montem
1258 2615 1529 2667 sanctum
1563 2624 1783 2666 meum.

381 2690 455 2743 Et
484 2686 681 2742 dicam
715 2701 731 2739 :

455 2756 621 2814 Viam
656 2755 847 2821 facite,

458 2831 711 2902 praebete
726 2826 858 2902 iter,

456 2896 740 2958 declinata
772 2896 847 2954 de
875 2896 1104 2964 semita,

456 2973 680 3030 auferte
709 2968 1058 3027 offendicula
1086 2970 1159 3024 de
1187 2968 1279 3025 via
1310 2966 1510 3039 populi
1541 2966 1677 3023 mei.

388 3046 537 3113 Quia
566 3044 688 3099 haec
714 3042 857 3098 dicit
882 3040 1246 3109 Excelsus,et
1276 3037 1552 3096 sublimis
1580 3037 1855 3095 habitans
1876 3041 2038 3093 aeter-

534 3115 777 3171 nitatem
813 3130 826 3168 :

459 3190 517 3244 et
534 3192 840 3313 hsinptum
893 3199 1108 3240 nomen
1156 3183 1287 3255 ejus
1313 3182 1373 3239 in
1402 3181 1629 3240 excelso
1660 3185 1717 3239 et
1745 3182 1804 3238 in
1838 3185 2041 3237 sancto

577 3276 608 3312 a
655 3274 667 3312 ι
701 3273 829 3313 ans.

577 3259 829 3323 abitans,

391 3331 459 3387 Et
488 3347 621 3385 cum
655 3328 902 3386 contrito
933 3330 990 3383 et
1020 3325 1226 3381 humili
1260 3325 1469 3398 spiritu
1504 3342 1521 3383 :

462 3407 527 3457 ut
554 3402 803 3457 vivificet
832 3398 1106 3471 spiritum
1126 3398 1481 3471 humilium,

461 3478 519 3529 et
542 3473 790 3528 vivificet
820 3469 922 3527 cor
949 3469 1367 3526 contritorum.

393 3545 520 3602 Non
547 3544 704 3601 enim
733 3544 795 3599 in
826 3542 1250 3613 sempiternum
1283 3540 1504 3613 ligabo,

465 3633 658 3688 neque
688 3630 878 3688 usque
909 3614 979 3688 ad
1004 3615 1185 3688 tinem
1219 3614 1440 3688 irascar
1472 3629 1486 3667 :

394 3690 540 3755 Quia
564 3684 813 3759 spiritus
845 3704 879 3743 a
910 3684 1054 3740 facie
1086 3701 1217 3741 mea
1247 3684 1599 3755 egredietur,

466 3767 523 3817 et
553 3763 729 3816 flatus
758 3775 864 3833 ego
888 3759 1119 3813 faciam.

396 3838 641 3905 Propter
667 3825 1036 3903 iniquitatem
1073 3827 1327 3885 avaritiae
1356 3829 1484 3900 ejus
1514 3825 1703 3883 iratus
1734 3840 1889 3892 sum,

466 3904 527 3960 et
554 3904 821 3976 percussi
854 3918 986 3976 eum
1022 3919 1036 3958 :

402 3972 692 4033 Abscondi
724 3994 759 4032 a
786 3980 842 4031 te
875 3974 1081 4030 faciem
1111 3988 1303 4029 meam
1332 3972 1377 4043 ’,

473 4054 530 4104 et
561 4048 905 4119 indignatus
937 4062 1068 4119 sum
1104 4060 1117 4099 :

398 4120 468 4176 Et
496 4120 641 4204 abiit
659 4108 844 4192 vagus
876 4118 983 4191 (Al.
1016 4114 1339 4173 ambulavit
1368 4115 1641 4186 moerens)
1664 4113 1725 4168 in
1747 4111 1836 4169 via
1857 4108 2050 4166 cordis

542 4209 657 4248 sm.

398 4262 539 4319 Viae
567 4264 694 4335 ejus
724 4262 864 4334 vidi,
897 4264 955 4317 et
983 4258 1185 4317 sanavi
1213 4274 1372 4328 eum,

479 4482 495 4517 ¹
527 4477 775 4551 Propius
806 4477 1066 4551 Hebraeo,
1098 4478 1254 4532 tacet
1282 4475 1340 4530 in
1396 4471 2052 4551 Commentario_S.Pa-

1407 196 1468 250 Β.
1509 194 1917 252 HIERONYMI
1953 198 2212 253 DIVINA
2245 197 2743 255 BIBLIOTHBCA.

2047 322 2101 387 A

3645 197 3732 252 892

2204 323 2259 375 et
2288 319 2493 391 reduxi
2519 337 2675 391 eum,
2709 322 2768 375 et
2793 318 3021 375 reddidi
3056 316 3485 375 consolationes
3510 316 3632 391 ipsi,

2203 395 2262 447 et
2292 390 2634 464 lugentibus
2663 390 2813 463 ejus.

2131 462 2331 519 Creavi
2361 462 2948 543 fructum-labiorum‘
2975 476 3198 543 pacem,

2203 552 2403 619 pacem
2436 537 2507 605 ei,
2540 538 2639 609 qui
2666 537 2839 608 longe
2868 532 2991 601 est,
3008 539 3064 589 et
3093 532 3197 606 qui
3242 547 3440 604 prope,
3471 532 3608 588 dixit
3646 534 3738 590 Dc-

2276 624 2500 673 minus,

2203 682 2262 733 et
2292 679 2491 734 sanavi
2525 695 2680 734 eum.

2135 748 2305 822 Impii
2340 759 2536 806 autem
2573 748 2743 821 quasi
2774 762 2938 805 mare
2987 748 3237 815 fervens,
3270 746 3421 818 quod
3480 744 3741 818 quiescere

2276 839 2393 879 non
2428 827 2639 894 potest,

2205 895 2627 1021 etlrlptcllltgdant
2656 892 2872 949 ﬂuctus
2914 891 3043 962 ejus
3093 889 3155 945 in
3202 886 3676 946 conculcationem
3698 894 3743 945 et

2301 981 2488 1022 utum.

2135 1036 2260 1093 Non
2292 1048 2377 1094 est
2408 1054 2541 1105 pax,
2564 1035 2709 1092 dixit
2723 1035 2877 1091 Deus
2900 1049 3066 1090 meus
3087 1032 3334 1099 (Auach
3352 1031 3538 1102 mens)
3555 1030 3738 1105 impiis.

2137 1108 2290 1180 (Cap.
2323 1108 2541 1181 LVIII.)
2571 1108 2790 1181 Clama,
2828 1122 2898 1162 ne
2929 1122 3146 1175 cesses,

2206 1181 2375 1252 quasi
2406 1179 2550 1236 tuba
2578 1179 2778 1252 exalta
2794 1194 2991 1234 vocem
3022 1184 3210 1252 tuam,

2206 1248 2266 1308 et
2296 1253 2583 1308 annuntia
2609 1250 2821 1324 populo
2850 1266 2978 1305 meo
3010 1248 3231 1305 scelera
3256 1261 3479 1319 eorum,

2208 1329 2264 1379 et
2293 1325 2495 1405 domui
2523 1323 2704 1405 .lacob
2739 1326 2976 1405 peccata
3004 1337 3231 1378 eorum.

2139 1396 2238 1453 Me
2268 1398 2485 1452 etenim
2517 1397 2589 1451 de
2620 1396 2712 1451 die
2742 1393 2803 1449 in
2836 1393 2988 1449 diem
3022 1394 3313 1464 quaerunt,

2210 1471 2267 1523 et
2298 1469 2448 1524 scire
2477 1467 2601 1523 vias
2634 1483 2795 1522 meas
2823 1464 3030 1521 volunt
3062 1482 3075 1519 :

2139 1540 2316 1607 Quasi
2347 1556 2513 1612 gens,
2546 1556 2673 1612 qua:
2697 1538 2993 1612 justitiam
3022 1535 3240 1612 fecerit,

2207 1616 2265 1667 et
2285 1604 2580 1682 ju'dicium
2608 1604 2713 1666 Dei
2738 1608 2830 1666 sui
2864 1626 2977 1682 non
3010 1604 3391 1680 dereliquerit
3423 1619 3437 1662 :

2057 1701 2102 1766 Β
2136 1680 2363 1755 Roga—nt
2390 1699 2481 1766 me
2501 1680 2998 1766 judicia‘justit‘iae
3028 1696 3045 1766 ξ

2204 1752 2680 1827 δ’ρρνορὶοῐιυατθ
2706 1752 2822 1810 Deo
2844 1752 3068 1808 volunt.

2134 1820 2322 1896 Quare
2344 1820 2769 1897 jejunavimus,
2800 1829 2857 1880 et
2888 1840 3001 1880 non
3034 1820 3359 1894 aspexisti:

2206 1890 2650 1954 bumiliavimus
2679 1897 2939 1953 animam
2973 1890 3257 1961 nostram,
3291 1897 3352 1948 et
3383 1890 3649 1947 nescisti?

2134 1972 2278 2027 Ecce
2301 1970 2360 2025 in
2383 1968 2700 2041 diejejunii
2726 1966 3228 2036 vestri,invenitur
3247 1964 3519 2041 voluntas
3532 1966 3740 2041 vestra},

2205 2047 2263 2097 et
2292 2031 2509 2181 otmpes"
2526 2031 2819 2099 debitores
2848 2031 3072 2096 vestros
3094 2036 3364 2111 repetitis
3411 2035 3517 2109 (Αι.
3560 2031 3743 2106 repeti-

2283 2131 2311 2170 s
2344 2131 2392 2168 IS
2421 2155 2435 2169 .

2283 2131 2435 2170 ειιει.

2137 2187 2283 2243 Ecce
2313 2179 2548 2241 adlites
2578 2187 2635 2240 et
2667 2181 3073 2254 contentiones
3098 2179 3414 2254 jejunatis,

2210 2261 2267 2330 et
2298 2255 2601 2330 percutitis
2634 2271 2829 2328 pugno
2859 2253 3061 2326 impie.

2138 2321 2326 2386 Nolite
2348 2329 2621 2399 jejunare
2637 2321 2796 2383 sicut
2821 2321 3008 2399 usque
3040 2325 3109 2380 ad
3143 2323 3299 2380 hanc
3333 2321 3509 2390 diem,

2214 2408 2280 2456 ut
2305 2396 2582 2456 audiatur
2612 2400 2667 2454 in
2703 2397 2929 2454 excelso
2960 2396 3186 2453 clamor
3214 2401 3429 2451 vester.

2141 2473 2441 2544 Numquid
2476 2471 2590 2528 tale
2619 2478 2706 2527 est
2728 2470 3051 2544 jejunium,
3083 2470 3241 2544 quod
3271 2465 3446 2538 elegi,

2217 2530 2335 2617 per‘
2347 2544 2500 2617 diem
2534 2530 2809 2615 affligere
2827 2530 3127 2617 hominem
3148 2530 3413 2617 animam
3433 2530 3595 2617 suam
3617 2530 3642 2587 ?

2141 2611 2438 2687 Numquid
2464 2611 2848 2686 contorquere
2879 2612 3049 2686 quasi
3080 2611 3373 2687 circulum
3403 2613 3748 2681 caputsuutn,

2217 2697 2267 2743 et
2300 2684 2534 2743 saccum
2560 2692 2617 2743 et
2645 2684 2911 2742 cinerem
2933 2691 3194 2740 sternere
3215 2684 3243 2739 ?

2143 2760 2423 2831 Nunquid
2454 2759 2614 2815 istud
2647 2758 2881 2831 vocabis
2904 2755 3227 2831 jejunium,

2216 2836 2274 2887 et
2303 2827 2456 2887 diem
2490 2827 2921 2902 acceptabilemf
2942 2827 3179 2884 Domino
3208 2830 3231 2902 if

2144 2906 2349 2984 Nonne
2380 2903 2486 2984 hoc
2519 2894 2707 2984 magis
2722 2899 3233 2984 jejuniumnquo‘d
3264 2894 3464 2970 elegi?

2218 2975 2472 3031 dissolve
2503 2970 2905 3045 colligationes
2931 2970 3273 3043 impietatis,

2222 3047 2380 3102 solve
2411 3044 2721 3102 fasciculus
2749 3044 3141 3102 denrimentes
3173 3059 3187 3098 :

2151 3118 2389 3176 Dimitte
2417 3134 2537 3183 eos,
2570 3118 2668 3189 qui
2703 3112 2981 3172 confracti
3012 3119 3173 3183 sunt,
3200 3112 3422 3168 liberos
3449 3127 3463 3167 :

2223 3194 2281 3247 et
2310 3206 2485 3246 omne
2509 3189 3015 3261 onusidisrumpe.

2153 3264 2376 3333 Frange
2404 3260 2684 3317 esurienti
2716 3277 2924 3333 panem
2955 3264 3149 3333 tuum,

2150 3336 2217 3392 Et
2246 3328 2458 3407 egenos
2487 3328 2783 3407 vagosque
2812 3330 3081 3407 inducin
3114 3330 3364 3384 domum
3396 3328 3436 3381 ⁸.

2149 3404 2307 3463 Cum
2326 3406 2541 3461 videris
2567 3404 2819 3471 nudum,
2853 3404 3009 3474 operi
3041 3418 3204 3474 eum,

2222 3486 2275 3533 et
2297 3494 2529 3533 carnem
2561 3481 2724 3532 tuam
2757 3491 2829 3531 ne
2858 3472 3192 3547 despexeris
3222 3472 3261 3523 ⁸.

2150 3554 2311 3605 Tunc
2342 3552 2611 3621 erumpet
2640 3546 2809 3621 quasi
2842 3544 3013 3621 mane
3040 3544 3241 3621 lumen
3272 3546 3470 3621 tuum,

2224 3626 2281 3699 et
2312 3613 2675 3699 sanitestua
2692 3619 2872 3699 citius
2902 3619 3009 3689 (Αι.
3033 3613 3451 3699 city-orietur,

2224 3696 2282 3749 et
2310 3692 2567 3749 anterbit
2596 3691 2803 3747 faciem
2833 3688 2997 3747 tuam
3021 3688 3259 3759 justitia
3291 3692 3417 3755 tua,

2226 3770 2283 3821 et
2311 3764 2497 3845 gloria
2525 3762 2759 3845 Domini
2791 3761 3023 3845 colliget
3051 3764 3127 3817 te.

2154 3826 2674 3902 Tuncvinvocabis,
2707 3839 2766 3890 et
2797 3826 3078 3890 Dominus
3108 3830 3385 3887 exaudiet
3413 3826 3542 3891 te“;

2228 3908 2531 3973 clamabis,
2564 3912 2622 3963 et
2651 3907 2799 3963 dicet
2833 3922 2847 3962 :
2881 3907 3024 3961 Ecce
3053 3904 3287 3959 adsum.

2154 3980 2213 4036 Si
2246 3980 2556 4036 abstuleris
2581 3983 2652 4034 de
2682 3977 2874 4034 medio
2903 3977 2987 4033 tui
3020 3980 3312 4040 catenam,

2228 4057 2285 4108 et
2314 4050 2560 4108 desieris
2591 4051 2840 4122 digitum
2872 4049 3203 4116 extendere,

2228 4128 2287 4180 et
2315 4124 2468 4192 loqui
2502 4123 2655 4194 quod
2686 4138 2800 4178 non
2832 4122 3091 4194 prodest.

2157 4198 2298 4252 Cum
2331 4191 2605 4251 effuderis
2638 4191 2920 4250 esurienti
2952 4191 3213 4248 animam
3244 4192 3434 4259 tuam,

2229 4272 2289 4325 et
2316 4267 2577 4325 animam
2608 4265 2890 4321 afﬂictam
2920 4261 3254 4337 repleveris,

2232 4481 2253 4516 ‘
2277 4479 2680 4551 Expunximus
2708 4479 2779 4535 ad
2828 4494 2973 4534 mss.
3006 4478 3219 4551 fidem__
3240 4486 3574 4551 proneptem
3614 4470 3756 4551 tua?!

407 4556 494 4609 ter
519 4536 724 4624 laedas.
758 4550 991 4607 Rectius
1023 4536 1257 4621 quoque
1306 4562 1441 4602 cum
1491 4545 1693 4624 eodem
1741 4544 2053 4624 archetypo
2083 4550 2130 4617 ι)
2162 4553 2318 4624 quod
2351 4536 2539 4623 neque
2570 4568 2676 4623 par
2705 4551 2940 4624 credere
2968 4555 3059 4606 est
3088 4536 3353 4624 additum
3388 4536 3759 4624 hicfuisse‘abs

405 4618 546 4715 legit
576 4641 749 4711 paulo
781 4644 914 4713 post
937 4618 1075 4709 regi,
1109 4618 1212 4710 pro
1243 4638 1397 4706 regio
1429 4635 1600 4692 Ilebr.
1631 4618 1814 4723 157:5.

477 4750 498 4784 ²
527 4749 657 4804 Haec
685 4746 883 4809 verba,
914 4747 952 4801 A
986 4749 1038 4801 te
1066 4743 1269 4811 faciem
1298 4758 1500 4810 meam,
1533 4758 1739 4814 parum
1773 4745 1862 4798 est
1888 4757 2051 4796 vero-

405 4820 620 4887 simile,
654 4836 723 4874 ex
752 4817 1088 4890 Hieronymi
1148 4817 1573 4890 profectaesse
1598 4830 1801 4890 manu,
1835 4814 2050 4890 nedum

404 4893 561 4974 enim
609 4885 722 4974 illa
778 4885 1012 4974 penitus
1071 4885 1620 4974 praetermittunubi
1651 4885 1811 4969 hunc
1858 4886 2052 4974 locum

404 4964 668 5049 praetegit
696 4962 758 5045 in
782 4958 1221 5017 Commentario
1256 4977 1269 5027 ;
1320 4960 1422 5015 sed
1452 4958 1629 5015 etiam
1680 4958 1737 5012 in
1791 4958 2055 5014 subnexa

402 5039 481 5093 Ibi
515 5039 874 5106 expositione
893 5030 1363 5106 luculentissima
1389 5032 1813 5106 docet3tantum
1835 5029 2054 5106 subau:

404 5108 512 5164 diri
547 5100 613 5163 ex
645 5109 941 5162 contextu.
976 5104 1143 5160 Certe
1190 5119 1380 5172 neque
1428 5102 1487 5157 in
1533 5102 1707 5159 Hebr.
1759 5106 1922 5169 sunt,
1955 5100 2056 5172 qui

406 5184 663 5257 tantum
695 5177 873 5257 habet
904 5187 1110 5257 “wn-gn,
1142 5173 1299 5257 quod
1359 5173 1757 5257 est,_a§scondi
1786 5192 1803 5257 ι
1842 5177 1901 5257 et
1927 5189 2055 5256 quas

406 5253 506 5308 illa
532 5250 837 5308 sufficiunt
867 5246 990 5319 alia;
1011 5244 1334 5319 ‘Vers'iones
1365 5251 1498 5319 post
1527 5244 2058 5319 Septuaginta,“-

406 5326 617 5380 dentur
645 5339 716 5396 ex
740 5316 1094 5396 παραλλήλῳ
1117 5319 1244 5375 loco
1272 5316 1441 5375 Deut.
1464 5316 1618 5387 xxxr,
1646 5318 1731 5386 17,
1757 5316 1857 5373 aut
1878 5333 2055 5383 xxxu,

402 5398 497 5463 20,
526 5394 842 5468 accepisse.

479 5485 501 5519 ³
530 5488 654 5538 Non
686 5491 771 5539 est
804 5482 861 5537 in
896 5481 1138 5537 Bebra'o
1189 5478 1453 5535 additum
1498 5481 1695 5545 vestra,
1729 5478 1884 5549 quod
1934 5494 2058 5533 ver-

411 5556 550 5627 bum
575 5571 765 5627 neque
789 5553 950 5627 novit
969 5552 1535 5627 cod.Ambro_s.q_uos
1558 5551 1615 5627 in
1643 5566 2062 5627 recognoscen-

411 5627 504 5680 dis
527 5622 977 5682 Commentariis
1002 5622 1466 5695 Hieronymianis
1486 5622 2060 5695 usisumus.Bectius

413 5712 648 5766 quoque
674 5696 862 5768 legere
893 5701 982 5752 est
1009 5696 1063 5750 in
1098 5692 1307 5768 iisdem
1340 5692 1786 5749 Commentariis
1817 5693 2067 5750 invenie—

416 5765 509 5821 tur
540 5783 642 5837 pro
673 5765 971 5823 inuenitur.
1006 5768 1067 5824 In
1105 5765 1338 5822 Hebraeo
1368 5770 1458 5821 est
1485 5774 1883 5857 Van-15:37:11.

2214 4614 2534 4696 ieronymo,
2567 4614 2666 4696 qui
2700 4623 2970 4696 inhujus
3002 4620 3361 4696 expositione
3392 4614 3497 4696 loci
3533 4614 3759 4696 testatur!

2163 4686 2423 4757 ἆπλῶςῦι
2453 4686 2718 4752 Hebr-uico
2766 4686 2980 4757 hab-eri.
3012 4686 3088 4749 ἐπ’
3103 4692 3326 4748 domum
3354 4707 3373 4746 :
3428 4686 3760 4759 observatque

2163 4786 2229 4826 eo
2260 4769 2375 4825 dici
2403 4767 2673 4840 penitinri
2693 4783 2906 4840 sensu,
2941 4769 3003 4840 ut
3037 4766 3088 4819 si
3112 4769 3270 4840 tuam
3327 4777 3435 4840 nan
3492 4758 3666 4840 Italia,
3688 4758 3760 4840 t7:-

2162 4841 2326 4897 ducas
2355 4828 2418 4895 ἰτί
2446 4839 2820 4911 hospitiolum,
2852 4828 3008 4911 quod
3038 4838 3121 4892 vel
3172 4834 3420 4911 mercede
3456 4828 3756 4911 ςρτιέαειιφξ

2161 4913 2245 4970 vel
2275 4900 2552 4982 ὁεηεβοίό
2566 4900 2831 4983 possides.
2854 4900 3078 4983 Addita
3105 4924 3214 4983 vox
3243 4924 3310 4964 ea
3337 4910 3425 4961 est
3455 4900 3592 4958 LXX
3613 4905 3755 4969 quam

2163 4988 2319 5041 certe
2348 4980 2684 5055 Hieronymi
2716 4981 2905 5039 versio
2937 4980 3183 5053 respuit.

2235 5072 2256 5105 ⁸
2287 5073 2373 5127 Ab
2401 5071 2511 5128 hoc
2542 5053 2668 5127 loco
2700 5087 2891 5143 usque
2922 5070 2992 5125 ad
3025 5068 3224 5138 verba,
3255 5067 3305 5123 si
3340 5058 3631 5123 abstuleris,
3654 5053 3761 5143 ξμς

2164 5144 2437 5216 culum_8.
2472 5130 2809 5216 Augustini.
2847 5145 3010 5216 notat
3068 5130 3318 5216 quatuor
3351 5148 3557 5216 versus
3586 5145 3599 5184 :
3645 5130 3760 5216 still

2168 5232 2289 5271 ms.
2348 5207 2684 5272 CorbeiEnsi
2743 5229 2845 5271 sex
2903 5207 3199 5270 haben—tur
3250 5207 3763 5272 distinctionesgpﬂ'

2169 5270 2443 5343 membra
2463 5270 2658 5342 divisae
2692 5307 2706 5352 ;
2738 5270 2919 5357 idque
2949 5282 3248 5357 postulare
3275 5270 3760 5357 videntursentfﬁ‘

2167 5360 2260 5414 tiae
2292 5359 2557 5423 totidem,
2590 5343 2719 5428 quae
2782 5343 3016 5413 duobus
3075 5355 3169 5411 bis
3227 5351 3369 5428 colis
3413 5343 3757 5428 contiqenﬂlf-

2168 5410 2343 5488 Forte
2360 5410 2715 5488 attendebat
2752 5410 3390 5500 sanctuﬁs'Augustinus
3418 5420 3485 5477 ad
3516 5412 3628 5473 cola
3650 5410 3759 5500 ριξρχ

2170 5520 2307 5574 qua:
2339 5503 2557 5575 saepius
2586 5482 2853 5573 quatuor
2868 5482 3350 5563 tantum‘versus,
3380 5508 3477 5549 seu
3519 5482 3762 5543 commata

2168 5576 2227 5631 in
2262 5592 2324 5630 se
2348 5575 2837 5648 complectuntur.

2241 5664 2263 5699 ⁵
2295 5662 2444 5718 Illud
2480 5667 2529 5719 te
2578 5678 2767 5733 neque
2825 5661 3102 5733 Hebraeus
3160 5660 3348 5714 textus
3405 5648 3553 5708 novit
3603 5649 3753 5710 neque

2172 5734 2233 5790 8.
2270 5738 2562 5808 Interpres
2588 5734 2647 5791 in
2670 5732 3125 5792 Commentario.
