3938 6174
150 191 242 248 893
1359 192 1574 247 LIBER
1611 193 1760 249 ISAI.

1944 189 2280 246 .OPHETE.
3417 183 3525 240 804

140 320 233 392 (At.
263 314 381 372 add.
405 314 578 392 fl‘unc)
609 311 884 392 Orientur
912 311 971 392 in
1002 312 1272 392 tenebris
1292 313 1393 371 lux
1423 321 1543 387 tua,
1785 320 1840 387 Α
1873 314 2192 392 Rugiemus
2223 312 2392 392 quasi
2425 311 2543 392 ursi
2568 327 2795 392 omnes.

200 394 251 444 et
279 388 526 458 tenebrae
551 393 654 458 tuis
684 390 858 458 erunt
888 385 1032 458 sicut
1070 386 1362 443 meridies.
1530 385 1536 387 ⁷
1822 385 1837 387 ⁷
1940 385 1996 441 et
2023 386 2190 458 quasi
2223 385 2508 458 columba:
2528 385 2879 458 meditantes
2911 398 3241 458 gememus.

140 463 198 518 Et
218 459 459 531 requiem
492 457 591 531 tibi
624 456 788 531 dabit
824 457 1103 531 Dominus
1135 474 1398 530 semper,
1870 453 2678 531 Exspectavimusjudicium,
2711 461 2768 512 et
2797 453 3161 531 noniest(Al.
3185 453 3313 527 erit)
3341 471 3357 525 ;

203 538 254 588 et
281 527 536 601 implebit
563 527 974 601 splendoribus
996 527 1472 597 animam—tuam,
1940 527 2212 598 salutem,
2245 533 2302 584 et
2327 528 2594 598 elongata
2622 533 2712 601 est
2741 545 2776 584 a
2799 527 2973 601 nobis
3003 543 3018 582 :

202 609 255 659 et
281 599 408 658 ossa
440 606 536 673 tua
563 599 855 673 liberabit.
889 672 894 673 7
1868 602 2264 673 Multiplicatae
2288 607 2430 655 sunt
2447 601 2603 655 enim
2622 599 2965 673 iniquitates
2988 602 3199 673 nostra)
3221 613 3414 654 coram
3435 601 3517 663 te,

143 681 200 731 Et
225 675 332 730 eris
364 672 526 742 quasi
561 672 765 726 bortus
797 671 1078 742 irriguus,
1435 744 1442 745 7
1939 679 1996 729 et
2029 670 2265 745 peccata
2295 677 2492 745 nostra
2517 670 2950 744 responderunt
2980 670 3169 726 nobis.

201 751 252 802 et
278 745 583 824 sicutlons
613 759 926 824 aquarum,
952 745 1122 824 cujus
1141 761 1253 798 non
1274 744 1553 824 deficient
1572 762 1756 818 aqua.
1869 744 2261 824 Quiescelera
2285 744 2617 824 nobiscum,

142 820 200 875 Et
226 815 650 871 adiﬁcabuntur
674 813 733 868 in
767 818 823 868 te
855 816 1085 870 deserta
1117 815 1506 874 saeculorum:
1624 813 1643 818 ⁷
1939 821 1997 872 et
2026 815 2368 886 iniquitates
2401 819 2632 886 nostras
2663 813 3062 886 cagnovimus,

199 889 562 962 fundamenta
586 887 978 957 generationis
996 894 1053 942 et
1082 888 1477 959 generationis
1507 889 1757 945 suscita-
1870 960 1905 962 ξ
1940 885 2179 962 peccare
2207 893 2264 942 et
2296 885 2527 942 mentiri
2546 885 2759 962 contra
2789 887 3139 941 Dominum:

271 961 380 1014 bis.
413 1029 421 1030 7
517 1028 526 1030 7
594 955 607 957 ⁷
1087 955 1112 959 ⁷
1869 955 2153 1017 Ει’θ.νθι·εἰ
2183 975 2414 1025 sumus,
2448 974 2521 1030 ne
2543 959 2762 1015 iremus
2803 963 2934 1030 post
2965 962 3193 1030 tergum
3233 955 3344 1014 (Dei
3403 956 3513 1030 (Αἱ.

197 1035 249 1088 et
276 1028 599 1102 vocaberis‘
637 1028 951 1084 aedificator
974 1030 1226 1100 sepium,
2016 1030 2264 1102 Domini)
2297 1029 2503 1096 nostri,

197 1108 448 1176 avertens
475 1101 578 1170 (Al.
611 1102 977 1176 convertens)
1010 1099 1246 1158 semitas
1278 1102 1336 1158 in
1369 1103 1648 1176 quietem.
1938 1111 2002 1159 ut
2033 1099 2410 1176 loqueremur
2455 1101 2834 1170 calumniam,
2869 1103 2927 1156 et
2983 1099 3515 1173 transgressionem

135 1175 183 1230 Si
214 1173 479 1246 averteris
510 1189 544 1226 a
575 1173 822 1227 sabbato
855 1173 1063 1246 pedem
1090 1178 1286 1246 tuum,
1387 1173 1403 1176 ⁷
2010 1173 2407 1246 concepimus,

149 1247 366 1302 ‘facere
389 1243 750 1299 voluntatem
781 1241 945 1299 tuam
981 1245 1038 1301 in
1071 1245 1162 1300 die
1193 1241 1396 1303 sancto
1429 1262 1579 1302 meo.
1939 1251 1997 1302 et
2021 1241 2210 1303 locuti'
2232 1263 2440 1302 sumus
2469 1245 2540 1301 de
2566 1243 2739 1300 corde
2767 1243 2946 1300 verba
2975 1241 3284 1300 mendacii.

138 1319 194 1374 Et
219 1317 499 1372 vocaveris
527 1315 847 1388 Sabbatum
868 1315 1209 1388 delicatum,
1868 1321 1936 1373 Et
1963 1335 2310 1375 conversum
2337 1322 2428 1373 est
2458 1321 2780 1388 retrorsum
2801 1315 3122 1388 judicium,

194 1393 537 1462 et7sa_n_ctum
570 1387 805 1443 Domini
835 1387 1196 1462 gloriosum;
1264 1460 1270 1462 _
1381 1460 1389 1462 7
1938 1394 1996 1462 et
2017 1391 2313 1462 justitiam
2345 1390 2516 1462 longe
2547 1387 2744 1444 stetit:

137 1466 190 1516 Et
216 1460 618 1534 glorificaveris
649 1476 817 1534 eum,
841 1460 982 1534 dum
1015 1477 1130 1517 non
1167 1460 1310 1534 facis
1341 1460 1464 1517 vias
1497 1465 1648 1531 tuas,
1869 1460 2264 1528 Quia'corruit
2294 1463 2351 1516 in
2385 1460 2583 1534 platea
2604 1463 2836 1534 veritas,

196 1529 381 1606 etnon
411 1531 836 1606 in7venitur(Al.
871 1531 1217 1604 invenietur)
1251 1534 1521 1590 voluntas
1553 1529 1671 1604 tua,
1699 1537 1762 1590 ut
1896 1605 1905 1606 7
1939 1541 1992 1606 et
2022 1537 2266 1606 aequitas
2286 1529 2402 1589 non
2426 1531 2616 1606 potuit
2635 1529 2892 1606 ingredi.

261 1603 512 1674 loquaris
545 1619 878 1658 sermonem
908 1620 922 1658 :
1199 1601 1206 1604 ⁷
1660 1601 1665 1604 ⁷
1871 1605 1935 1661 Et
1961 1601 2112 1662 facta
2141 1611 2230 1662 est
2257 1601 2470 1662 veritas
2504 1604 2564 1659 in
2595 1601 2947 1660 oblivionem

138 1674 688 1769 Tu7nc7deiectaberi7s
703 1691 895 1769 super
927 1674 1242 1769 Domitio,“
1276 1751 1392 1769 μ’*
1792 1704 1840 1769 Β
1873 1676 2394 1769 metqui'recessit
2415 1693 2448 1732 a
2469 1675 2645 1744 malo,
2674 1675 2879 1748 praedas
2908 1673 3134 1747 patuit:

198 1753 247 1802 et
274 1747 581 1802 sustollam
616 1750 671 1801 te
701 1762 878 1814 super
903 1747 1244 1802 altitudines
1276 1751 1462 1816 terrae,
1792 1746 1840 1769 "
1871 1746 1937 1804 Et
1962 1746 2104 1804 vidit
2134 1749 2442 1814 Dominus,

197 1823 248 1892 et
274 1819 470 1892 cibabo
501 1823 557 1873 te
585 1817 921 1892 haereditate
947 1819 1126 1874 Jacob
1160 1819 1342 1890 patris
1372 1819 1478 1874 tui.
1940 1827 1998 1876 et
2028 1823 2249 1876 malum
2281 1818 2552 1892 apparuit
2576 1819 2634 1874 in
2667 1817 2854 1874 oculis
2885 1817 3036 1889 ejus,

198 1891 267 1945 Os
296 1891 458 1964 enim
480 1890 714 1944 Domini
750 1889 1014 1964 locutum
1047 1889 1171 1964 est.
1665 1962 1671 1964 7
1728 1963 1736 1964 7
1940 1892 2076 1964 quia
2102 1910 2212 1949 non
2241 1889 2670 1964 estjudicium,

142 1961 271 2034 (Cap.
307 1962 466 2032 LIX.)
498 1967 652 2018 Ecce
673 1978 785 2016 non
809 1967 899 2018 est
921 1961 1253 2018 abbreviata
1276 1979 1487 2019 manus
1507 1962 1762 2033 Domini,
1869 1964 1939 2020 Et
1959 1961 2113 2019 'vidit
2142 1965 2280 2035 quia
2312 1961 2426 2020 non
2460 1968 2550 2020 est
2579 1963 2667 2018 vir
2698 1976 2714 2018 :

265 2042 323 2088 ut
350 2036 578 2090 salvare
611 2040 879 2104 nequeat,
977 2105 988 2109 _
1093 2107 1103 2109 _
1634 2106 1671 2109 77
1939 2042 1996 2091 et
2023 2037 2321 2109 aperiatus
2350 2041 2477 2109 est;

199 2122 369 2180 neque
399 2111 715 2180 aggravata
745 2111 836 2160 est
865 2105 1024 2180 auris
1055 2107 1215 2180 ejus,
1239 2110 1434 2162 utnon
1465 2106 1760 2162 exaudiat:
1874 2179 1905 2180 7
1940 2105 2080 2180 quia
2113 2125 2224 2162 non
2259 2113 2348 2164 est
2377 2107 2478 2180 qui
2511 2107 2816 2160 occurrat:

139 2176 223 2232 Sed
253 2176 588 2248 iniquitates
618 2181 819 2232 vestra:
852 2176 1178 2233 diviserunt
1203 2177 1354 2233 inter
1400 2195 1500 2234 vos
1532 2184 1589 2234 et
1615 2182 1767 2234 inter
1870 2179 1938 2234 Et
1958 2176 2217 2236 'salvabit
2247 2176 2553 2235 brachium
2582 2192 2781 2244 suum,

261 2245 426 2304 Deum
460 2254 750 2313 vestrum,
853 2319 863 2323 7
1053 2321 1064 2323 _
1315 2321 1325 2323 7
1404 2321 1411 2323 7
1607 2321 1614 2323 7
1938 2257 1998 2306 et
2026 2251 2254 2323 iustitia
2283 2252 2412 2322 ejus
2440 2250 2566 2322 ipsa
2595 2245 2963 2323 conﬁrmavit
2991 2261 3148 2303 eum.

197 2323 246 2374 et
289 2326 517 2392 peccata
570 2327 765 2375 vestra
815 2319 1250 2377 absconderant
1307 2321 1515 2378 faciem
1567 2321 1694 2393 ejus
1731 2337 1766 2378 a
1869 2319 2118 2380 Indutus
2149 2319 2498 2391 estjtistitia
2519 2319 2806 2393 utlorica,

257 2388 434 2459 vobis,
469 2410 539 2448 ne
577 2393 896 2466 exaudiret.
1411 2465 1418 2466 7
1594 2388 1614 2393 ⁷
1938 2401 1997 2450 et
2027 2395 2195 2466 galea
2225 2388 2331 2466 (Ᾰι.
2367 2391 2617 2466 galeam)
2648 2389 2858 2466 salutis
2889 2389 2950 2446 in
2981 2388 3171 2462 capite
3201 2388 3370 2460 ejus;

144 2461 323 2537 Manus
351 2466 503 2520 enim
536 2471 752 2537 vestrae
785 2464 1020 2537 pollutae
1050 2469 1191 2521 sunt
1212 2465 1522 2537 sanguine,
1869 2461 2114 2522 Indutvus
2145 2461 2241 2522 est
2260 2461 2627 2537 vestimentis
2649 2462 2913 2537 ultionis,

201 2535 260 2610 Et
286 2537 441 2608 digiti
467 2537 652 2610 vestri
674 2533 1016 2607 iniquitate;
1089 2607 1100 2610 7
1187 2607 1196 2610 7
1328 2533 1353 2537 ⁷
1508 2533 1514 2534 ⁷
1882 2609 1885 2610 7
1918 2544 1996 2610 et
2024 2546 2263 2610 opertus
2291 2543 2382 2594 est
2410 2536 2577 2609 quasi
2610 2534 2786 2610 pallio
2816 2533 2942 2610 zeli.

144 2602 502 2682 LabiavEstra
532 2607 737 2682 locuta
765 2602 903 2682 sunt
936 2602 1328 2682 mendacium,
1869 2609 2032 2666 Sicut
2063 2602 2134 2666 ad
2154 2602 2470 2665 vindictam
2494 2602 2665 2682 quasi
2686 2607 2759 2663 ad
2783 2603 3226 2682 retributionem
3253 2602 3522 2682 indigna-

201 2683 251 2732 et
273 2678 689 2753 linguavestra
719 2679 1085 2753 iniquitatem
1118 2680 1292 2736 fatur.
1316 2673 1321 2674 ⁷
2010 2682 2189 2738 tionis
2217 2682 2488 2738 hostibus
2513 2673 2657 2736 'suis
2686 2683 2744 2735 et
2766 2677 3230 2734 vicissitudinem
3264 2673 3522 2732 inimicis

144 2747 248 2804 Non
275 2747 478 2824 est'qui
504 2753 749 2824 invocet
764 2747 1084 2822 justitiam,
2012 2754 2161 2820 suis,

203 2837 366 2895 neque
397 2823 483 2879 est
514 2823 624 2895 qui
648 2823 887 2895 judicet
906 2839 1073 2879 vere:
1941 2824 2155 2882 insulis
2183 2824 2368 2880 vicem
2403 2823 2628 2880 reddet.

203 2888 293 2968 sed
321 2888 628 2950 conﬁdunt
648 2888 713 2948 in
736 2893 955 2968 nihilo,
1869 2901 1935 2952 Et
1961 2897 2253 2953 timebunt
2281 2897 2383 2968 qui
2415 2893 2816 2968 ab7occi_dente
2846 2905 3059 2968 nomen
3093 2888 3343 2956 Domini,

200 2970 249 3018 et
275 2965 943 3041 loquunturvanitates;

1944 2973 1998 3025 et
2027 2969 2125 3041 qui
2157 2969 2241 3041 ab
2261 2963 2392 3023 ortu
2425 2967 2568 3041 solis
2598 2965 2847 3041 gloriam
2875 2963 3044 3041 ejus:

137 3035 506 3108 Conceperunt
538 3039 824 3104 laborem,

195 3114 243 3144 of
272 3116 621 3144 naua-samum}
653 3109 1024 3144 ininnilnham

1944 3057 2020 3096 tm
2043 3035 2274 3096 venerit
2303 3039 2475 3144 quasi
2503 3037 2712 3094 ﬂuvius
2737 3035 3050 3144 violentus,

1949 3129 2120 3144 nosam
2156 3110 2398 3144 ρης-ειυς,
2481 3109 2658 3144 nmini
2694 3112 2818 3144 Μηνὶ
2867 3125 2880 3137 ο

195 3114 245 3163 et
272 3116 625 3182 pepererunt
653 3109 1050 3180 iniquitatem.
1796 3109 1839 3144 υ
1948 3129 2122 3184 quem
2155 3109 2401 3183 spirit—us
2430 3109 2662 3184 Domini
2694 3111 2880 3180 cogit:

141 3176 238 3233 Ova
265 3176 526 3254 ἀερίάυω
573 3176 881 3254 ruperunt,
1870 3185 1942 3240 Et
1965 3176 2205 3240 'venerit'
2224 3183 2362 3240 Sion
2395 3182 2749 3254 redemptor,

195 3257 246 3334 et
271 3246 678 3338 telusaraneaa
709 3246 1022 3338 teauerunt
1055 3267 1069 3306 :
1240 3323 1251 3334 ,
1297 3326 1306 3338 7
1943 3263 2000 3312 et
2014 3255 2116 3338 eis
2145 3255 2246 3338 qui
2278 3255 2524 3312 redeunt
2552 3246 2626 3310 ab
2656 3249 2964 3324 iniquitate
2999 3247 3060 3306 in
3113 3247 3317 3318 Jacob,
3377 3246 3522 3304 dicit

139 3324 225 3388 Qui
253 3329 568 3383 comederit.
600 3326 671 3382 de
701 3325 823 3381 ovis
849 3340 1072 3392 eorum,
1107 3324 1390 3398 morietur
1413 3339 1453 3398 :7
2014 3324 2320 3398 Dominus,

194 3399 408 3468 etquod
441 3401 746 3455 cont‘ntum
772 3402 880 3462 est,
908 3391 1175 3466 erumpet
1206 3395 1264 3449 in
1296 3393 1586 3466 regulum,
1941 3403 2061 3454 Hoc
2094 3400 2282 3455 fcedus
2305 3391 2512 3453 'meum
2545 3411 2673 3468 cum
2705 3393 2811 3452 eis.
2845 3391 2988 3449 dicit
3017 3391 3338 3449 Dominus:

143 3464 488 3525 Tela—eorum
522 3486 646 3543 non
679 3477 845 3524 erunt
876 3469 944 3543 in
962 3464 1398 3543 vestimentum,
1869 3470 2126 3542 Spiritus
2153 3487 2342 3538 meus,
2377 3470 2477 3543 qui
2507 3473 2597 3526 est
2625 3467 2686 3523 in
2717 3474 2794 3543 7te7,

201 3554 368 3612 neque
397 3541 741 3614 operientur
769 3539 1047 3614 operibus
1078 3539 1237 3595 suis:
1913 3538 1997 3598 'et
2023 3543 2201 3599 verba
2227 3559 2371 3604 mea,
2395 3538 2532 3613 'quaa
2565 3539 2734 3613 posui
2761 3538 2820 3594 in
2843 3553 2941 3594 ore
2969 3540 3090 3603 tuo,

141 3607 300 3680 Opera
325 3607 520 3669 eorum
557 3628 736 3683 opera
766 3607 1017 3677 inutilia,
1056 3682 1082 3683 77
1945 3631 2056 3670 non
2086 3616 2359 3671 recedent
2386 3607 2458 3669 de
2487 3607 2584 3670 ore
2614 3617 2738 3678 tuo,

197 3687 248 3756 et
274 3701 411 3754 opus
442 3679 783 3756 iniquitatis
814 3685 873 3739 in
908 3682 1185 3738 manibus
1214 3697 1438 3737 eorum.
1945 3695 2002 3742 et
2031 3687 2101 3742 de
2131 3703 2231 3743 ore
2259 3685 2504 3743 seminis
2534 3683 2642 3752 tui,
2672 3681 2815 3756 dicit
2848 3679 3149 3748 Dominus,

143 3749 293 3810 Pedes
309 3749 506 3813 eorum
528 3749 607 3812 id
653 3755 874 3811 malum
908 3759 1202 3828 currunt,7
1372 3823 1382 3828 _
1630 3827 1634 3828 7
1943 3759 2152 3814 amodo
2181 3763 2238 3813 et
2269 3774 2456 3828 usque
2484 3756 2543 3828 in
2573 3749 3019 3828 sempiternum.

196 3828 546 3901 etrestinant,
585 3831 651 3882 ut
671 3828 973 3901 elfundant
996 3823 1758 3901 sanguineminnocentem.
1869 3828 2021 3901 (Cap.
2058 3829 2192 3901 LX.)
2219 3819 2425 3901 Surge,
2470 3819 2810 3883 illuminare
2829 3825 2872 3894 ³,
2921 3823 3062 3893 quia
3106 3821 3264 3877 venit
3317 3819 3518 3876 lumen

137 3893 496 3972 Cogitationes
527 3893 738 3958 eorum
771 3893 1156 3972 cogitationes
1188 3895 1465 3952 inutiles:
1875 3893 1885 3901 ’
1966 3893 1976 3900 ⁷
2008 3893 2203 3972 tuum,

195 3971 418 4028 vastitas
449 3980 506 4028 et
537 3971 818 4044 contritio
845 3968 907 4026 in
939 3971 1047 4026 viis
1077 3985 1298 4025 eorum.
1937 3975 1993 4044 et
2021 3971 2207 4044 gloria
2237 3969 2463 4044 Domini
2495 3983 2674 4044 super
2702 3971 2760 4024 te
2788 3968 2916 4022 orta
2945 3968 3055 4021 est.

139 4035 276 4125 Viam
309 4043 860 4125 pacisnescierunt,
1095 4112 1127 4125 η
1533 4089 1541 4098 .
1865 4035 2172 4125 Quia‘ecce
2202 4042 2452 4125 tenebrae
2482 4035 2748 4113 operient
2775 4044 3014 4108 terram,

193 4117 241 4165 et
257 4112 373 4188 non
404 4121 493 4172 est
513 4115 810 4188 judicium
841 4112 900 4168 in
922 4112 1224 4188 gressibus
1252 4126 1474 4167 eorum.
1878 4187 1885 4188 7
1936 4120 1993 4171 et
2017 4115 2204 4188 caligo
2237 4113 2523 4188 populos;

138 4179 342 4240 Semita
371 4179 571 4243 eorum
605 4179 1206 4258 incurvatafsunteis
1231 4200 1262 4258 :7
1867 4187 2053 4258 Super
2083 4179 2360 4242 tevau'tem
2392 4179 2612 4258 orietur
2638 4181 2948 4258 Dominus,

193 4258 367 4312 omnis
397 4262 494 4329 qui
527 4260 713 4315 calcat
743 4259 799 4313 in
833 4275 902 4314 ea
931 4256 1038 4326 (Αι.
1073 4256 1202 4330 eis),
1249 4254 1758 4330 ignorat7pacem.
1936 4253 1993 4313 et
2013 4258 2199 4330 gloria
2228 4259 2357 4328 ejus
2388 4257 2444 4310 in
2478 4260 2532 4311 te
2562 4253 2877 4330 videbitur.

136 4325 350 4397 Pr0pter
378 4325 484 4386 hoc
513 4331 854 4402 elongatum
887 4325 979 4402 est
1000 4325 1292 4402 judicium
1320 4344 1352 4381 a
1383 4325 1572 4393 nobis,
1865 4331 1934 4386 Et
1964 4325 2356 4386 ambulabunt
2385 4333 2589 4402 gentes
2617 4327 2676 4382 in
2702 4325 2926 4402 lumine
2959 4328 3082 4390 tuo,

195 4395 367 4456 etnon
397 4395 800 4475 apprehendat
829 4417 936 4457 nos
959 4395 1193 4470 justitia
1217 4415 1257 4475 :7
1793 4452 1832 4475 η
1938 4407 1996 4457 et
2027 4417 2192 4475 reges
2222 4402 2278 4455 in
2306 4395 2626 4475 splendore
2651 4399 2770 4454 oris
2793 4395 2900 4475 tui.

135 4452 933 4540 Εκερὲἐὲὲιεῖίῖίιῖιῖλῖιὲἷῆ,⁷⁷ἑῐ
951 4452 1359 4528 aestatem
1385 4485 1398 4525 ε
1791 4452 1834 4514 D
1872 4452 2619 4530 ιοῖιὲίίὶιοὲῖιιξὶιίὶῖίὸὲιῖιόεξ
2643 4452 2880 4537 {saga
2902 4466 3072 4523 vide:

195 4536 571 4610 splendorem,
606 4551 665 4600 et
697 4547 753 4600 in
789 4536 1045 4600 tenebris
1076 4541 1532 4598 ambulavimus.

137 4606 480 4672 Palnavimns
512 4618 670 4672 sicut
698 4617 829 4672 caci
861 4617 1162 4672 parietem.

1944 4561 2149 4672 omnest
2176 4545 2282 4672 isti
2305 4543 2641 4616 congregati
2672 4545 2814 4598 sunt
2841 4541 2948 4613 (At.
2973 4540 3115 4596 tacet
3143 4536 3325 4610 sunt),
3352 4550 3522 4593 vens-

2010 4634 2120 4672 run
2207 4633 2222 4671 1
2270 4633 2286 4671 ι
2317 4632 2329 4672 :

175 4628 480 4680 atpavxmus
512 4628 670 4673 διουῐ
698 4633 829 4672 οωοι
861 4628 1162 4680 parietem,
2010 4628 2149 4674 runt
2179 4628 2286 4672 ῐιῠι
2317 4632 2329 4672 ἒ

195 4629 480 4682 upavxmns
512 4629 670 4673 sicut
698 4633 829 4672 cecn
861 4629 1162 4688 parietem,
2010 4629 2149 4674 runt
2179 4629 2286 4672 tim
2317 4632 2329 4672 :

195 4690 244 4736 el.
271 4688 431 4760 quasi
462 4689 688 4760 absque
717 4687 903 4744 oculis
935 4685 1377 4760 attrectavimus
1405 4701 1417 4740 :
1869 4685 1995 4742 Filii
2024 4688 2116 4745 sui
2147 4689 2218 4744 de
2249 4687 2427 4760 longe
2448 4685 2706 4750 venient,

138 4747 468 4833 Impegimus
500 4747 747 4816 meridie
774 4760 943 4833 quasi
977 4760 1035 4833 in
1066 4757 1345 4833 tenebris,
1450 4832 1454 4833 7
1515 4829 1524 4833 _
1872 4831 1912 4833 β
1939 4764 1997 4814 et
2027 4760 2156 4833 ﬁlias
2184 4764 2295 4833 tute
2326 4747 2385 4814 in
2414 4758 2594 4833 latere
2624 4747 2836 4829 su'gent
2861 4753 2904 4809 ³.

194 4829 243 4880 in
273 4829 607 4903 caliginosis
639 4834 748 4905 (Al.
780 4830 1075 4904 caligosis)
1109 4829 1276 4902 quasi
1313 4829 1550 4884 mortui.
1869 4831 2033 4888 Tunc
2065 4831 2287 4888 videbis
2315 4834 2372 4887 et
2402 4830 2630 4898 afllues,

201 5038 214 5071 ¹
247 5041 1052 5121 ln7Com7mentario_praelegit
1077 5045 1134 5099 S.
1170 5048 1373 5100 Pater:
1417 5045 1480 5099 Et
1535 5041 1760 5099 vocabz-
1871 5045 2040 5101 latere
2062 5049 2282 5121 Δδιιῃεηι,
2317 5043 2424 5121 hic
2442 5042 2756 5121 scribatur,
2789 5039 2852 5096 in
2879 5040 3051 5121 latera
3087 5043 3354 5121 surgant:
3415 5033 3518 5091 sed

140 5110 218 5161 tur
237 5113 289 5165 in
315 5117 365 5168 te
387 5117 708 5186 aediﬁcator.
743 5107 910 5172 Hebr.
949 5107 1007 5206 ᾗ
1040 5127 1214 5176 mni.

203 5215 299 5243 21..
335 5222 492 5243 ,ΔΒΔῨΑ
568 5229 720 5243 ιᾼκκ-
793 5225 890 5243 ora
931 5229 1005 5243 ,_L
1041 5223 1458 5243 _A__‘12__3L_--
1499 5222 1752 5243 -jjsaum-

1944 5107 2278 5172 lendatvores
2309 5115 2475 5188 periti
2511 5107 2898 5186 reposuerunt
2926 5111 2986 5166 in
3021 5107 3324 5166 nonnullis
3371 5122 3517 5162 mss.

1951 5189 2328 5243 tiuuioribus.
2362 5188 2517 5243 quod
2554 5186 2742 5243 prima
2797 5199 2975 5239 manu
3027 5181 3311 5243 scriptum
3370 5182 3516 5242 erat,

1872 5195 2328 5261 antiquioribus,
2362 5195 2517 5258 quod
2594 5195 2742 5241 rima
2797 5199 2975 5239 manu
3027 5195 3311 5252 scriptum
3370 5195 3516 5260 erat,

1873 5277 2080 5332 nempe
2108 5269 2323 5332 augent,
2353 5204 2601 5315 Consule
2635 5254 2969 5328 Hieronymi
3000 5249 3431 5310 Commentaria
3463 5265 3518 5304 in

1872 5331 2032 5388 hunc
2063 5332 2276 5386 locum.
2309 5331 2493 5387 MART.

1944 5435 2013 5445 —
2040 5403 2202 5468 Tres,
2236 5419 2384 5474 quos
2414 5401 2708 5474 Victorius
2739 5398 2958 5455 laudat.
3005 5410 3146 5474 mss.
3196 5390 3520 5474 Dibliorum

203 5215 303 5295 7’ln
331 5222 500 5280 editis
531 5229 587 5278 et
608 5241 751 5280 mss.
785 5225 1007 5295 aliquot
1041 5223 1462 5278 recentioribus
1495 5222 1760 5295 additum

145 5291 468 5369 estnomem
509 5296 838 5369 Jerusalem:
873 5291 972 5352 sed
1025 5295 1192 5350 abest
1217 5311 1276 5369 e7
1303 5296 1534 5350 Canone
1591 5294 1760 5369 Hebr.

146 5362 305 5438 verit:
329 5362 396 5419 Et
440 5367 508 5420 de
557 5367 664 5424 hoc
696 5369 870 5423 verbo
922 5373 1165 5423 sanctus
1217 5365 1602 5438 llieronymus
1658 5365 1760 5422 lib.

147 5443 245 5484 xvu
272 5433 583 5493 Comment.
611 5459 623 5495 :
659 5464 686 5489 ‹‹
717 5444 912 5502 Porro,
946 5440 1001 5492 in
1057 5439 1161 5502 uit,
1195 5454 1407 5493 nomen
1433 5433 1760 5494 Ilerusslem

151 5503 198 5550 el-
223 5506 490 5582 ge_ntium.
527 5513 676 5580 quod
711 5511 870 5582 bic7a
902 5455 1045 5566 LX)?l
1071 5510 1326 5582 ponitur,
1367 5510 1426 5565 in
1485 5510 1760 5567 Hebraico

1944 5435 2013 5445 _
2053 5433 2202 5468 ιι-σδ,
2236 5433 2384 5474 ηυυο
2427 5433 2708 5458 νιυιυινιυῠ
2739 5433 2958 5455 Ιαυυιιιο
3005 5433 3146 5452 ωουο
3196 5433 3520 5474 υιυιῖνιυι-δι

1945 5476 2102 5530 dices
2135 5476 2222 5530 lac
2251 5474 2654 5546 babentproin
2670 5464 3521 5582 lateraquamipselectionem

1973 5546 2230 5582 ἶηΓοιιῖΛνί
2267 5551 2535 5582 nnnlnvln
2562 5547 2627 5582 nd
2660 5559 2846 5582 unrnln
2924 5541 2960 5582 Α
3002 5553 3156 5582 1111123
3174 5537 3260 5582 Im:
3277 5545 3521 5582 omnum

156 5537 198 5550 υ·
223 5537 490 5570 δῦυιιυιυ.
527 5537 676 5580 ιιυυιι
713 5537 805 5566 υΙυ
836 5537 870 5565 ξι
902 5537 1037 5566 υΛΛ
1071 5537 1326 5582 μυιιιιυΓ,
1370 5537 1426 5565 lu
1485 5537 1760 5567 Πῠυηιιυυ

156 5575 541 5700 πὺοληῆξδὺεωτ,
595 5587 648 5639 et
702 5581 871 5638 obelo
925 5583 1368 5654 praenotandum
1427 5587 1536 5653 est,
1569 5606 1588 5631 ιι
1651 5588 1760 5638 etc.

1973 5546 2234 5601 inferiori
2267 5537 2537 5602 contextu
2561 5547 2628 5601 ad
2660 5543 2867 5600 versic.
2890 5537 2978 5606 l6,
3000 5537 3156 5610 auges
3174 5537 3260 5592 lac
3276 5537 3524 5608 gentium

1957 5619 2210 5673 mamilla
2241 5633 2430 5688 regum
2473 5617 2765 5674 laetaberis
2812 5619 2983 5684 atque
3031 5611 3159 5683 ipso
3204 5613 3262 5666 8.
3314 5610 3524 5663 Docto-

1944 5707 1960 5739 3
1997 5690 2426 5739 Commentario
2475 5689 2662 5739 manis
2710 5687 2936 5739 nrobat.
2987 5682 3338 5739 Refrazatur
3383 5694 3520 5735 vero

500 5756 512 5768 .
652 5760 664 5772 ,
911 5760 922 5771 ,
959 5760 970 5771 ,
1132 5760 1142 5770 _
1325 5757 1337 5770 ο
1877 5689 1960 5745 ris
1997 5687 2426 5747 Commentario
2475 5706 2570 5746 ma
2611 5689 2662 5772 is
2710 5687 2936 5772 probat.
2988 5687 3338 5754 Refragatur
3383 5694 3520 5735 vero

265 5751 456 5812 Errare
475 5755 840 5818 librariorum
871 5764 1078 5816 Vitium
1130 5759 1367 5816 inolevit
1425 5763 1490 5816 ut
1546 5778 1648 5834 pro
1708 5762 1767 5817 in
1878 5761 2152 5818 Hebraeus
2181 5765 2396 5834 textus,
2429 5777 2494 5818 ac
2522 5707 2731 5833 reliqm
2776 5757 2909 5813 libri
2957 5770 3183 5813 omnes.
3233 5752 3518 5811 Ceterum
