3938 6174
208 196 313 251 897

215 325 277 377 Et
309 320 596 392 gaudebit
628 336 882 392 sponsus
914 338 1094 393 super
1123 335 1420 393 sponsam,

284 399 342 448 et
371 393 663 460 gaudebit
695 409 871 463 super
900 399 958 447 te
984 393 1138 448 Deus
1169 400 1329 447 tuus.

216 467 405 535 Super
436 480 647 519 muros
678 471 831 535 tuos,
863 465 1216 533 Jerusalem,
1250 465 1525 519 constitui
1575 465 1870 529 custodes,

280 542 406 617 tota
426 536 523 617 die
544 544 604 618 et
629 543 744 618 tota
769 544 933 620 nocte
958 537 1017 617 in
1044 542 1531 620 perpetuumnon
1559 540 1868 591 tacebunt:

212 608 315 674 Qui
350 607 809 663 reminisciuiini
843 607 1094 679 Domini,
1128 607 1199 663 ne
1230 610 1511 664 taceatis:

281 684 341 733 et
370 679 529 733 detis
567 679 873 735 silentium
908 681 982 747 ei,

285 751 472 805 donec
510 752 801 819 stabiliat,

278 826 336 877 et
366 826 555 893 donec
592 830 774 893 ponat
801 821 1128 877 Jerusalem
1162 822 1400 879 laudem
1432 822 1492 877 in
1525 826 1697 879 terra.

208 894 438 949 Juravit
468 892 762 949 Dominus
794 894 853 948 in
885 896 1128 949 dextera
1159 912 1288 960 sua,

280 971 338 1020 et
366 966 427 1019 iu
463 966 711 1021 brachio
747 966 1108 1021 fortitudinis
1139 982 1297 1021 suae:

208 1036 265 1094 Si
296 1036 515 1091 dedero
546 1037 812 1092 triticum
835 1044 999 1092 tuum
1031 1038 1183 1092 ultra
1205 1039 1401 1093 cibum
1426 1035 1685 1092 inimicis
1726 1037 1867 1108 tuis,

274 1112 334 1234 ﬁt
364 1108 414 1162 si
448 1108 715 1234 biberint
744 1109 845 1164 ﬁlii
881 1109 1056 1165 alieni
1093 1110 1293 1165 vinum
1325 1115 1517 1179 tuum,
1549 1109 1609 1163 in
1642 1125 1758 1180 quo
1788 1109 1869 1165 la-

316 1196 449 1234 oras
483 1197 523 1234 ι.

316 1180 523 1235 orasti.

209 1251 352 1317 Quia
383 1252 499 1323 qui,
522 1255 887 1323 congregant
915 1250 1083 1320 illud,
1116 1253 1442 1323 comedent,

276 1326 333 1379 et
364 1322 711 1378 laudabunt
744 1322 1059 1379 Dominum
1086 1341 1099 1378 :

284 1398 344 1466 et
368 1394 472 1465 qui
504 1398 884 1466 comportant
920 1395 1090 1463 illud,

274 1465 480 1521 bibent
511 1466 576 1521 in
613 1465 778 1522 atriis
813 1467 1038 1523 sanctis
1072 1467 1241 1524 meis.

207 1537 495 1604 Transite,
531 1538 789 1593 transite
822 1554 924 1611 per
956 1543 1174 1609 portas,

279 1614 612 1683 praeparate
644 1611 797 1683 viam
832 1611 1045 1683 pupulo
1070 1628 1083 1667 :

210 1678 453 1736 Planum
490 1681 677 1736 facite
705 1678 834 1751 iter,

277 1752 471 1824 eligite
504 1752 762 1823 lapides.

278 1829 333 1878 et
358 1822 598 1896 elevate
635 1823 870 1895 signum
902 1825 973 1879 ad
1006 1822 1274 1896 populos.

214 1895 351 1950 Ecce
381 1895 679 1951 Dominus
709 1894 977 1951 auditum
1011 1894 1148 1952 iecit
1178 1896 1237 1951 in
1269 1894 1543 1951 extremis
1575 1900 1741 1951 terrae
1761 1912 1782 1957 ,·

216 1967 395 2022 Dicite
426 1967 563 2021 tiliae
602 1967 782 2022 Sion:

217 2043 357 2093 Ecce
388 2038 670 2093 Salvator
699 2044 837 2093 tuus
867 2038 1059 2093 venit:

282 2126 411 2165 ecce
442 2126 680 2165 merces
710 2112 837 2179 ejus
868 2126 1001 2164 cum
1035 2127 1122 2173 eo,

285 2186 338 2236 et
375 2198 526 2252 opus
558 2182 699 2251 ejus
729 2197 920 2237 coram
956 2180 1075 2236 illo.

213 2252 282 2306 Et
327 2254 653 2327 vocabunt,
680 2269 801 2327 eos,
837 2252 1092 2327 Populus
1141 2256 1405 2320 sanctus,
1440 2253 1726 2327 redempti
1761 2254 1866 2326 (Al.

283 2324 660 2394 redemptus)
692 2340 725 2378 a
756 2323 1023 2379 Domino.

216 2394 296 2448 Tu
328 2401 524 2450 autem
558 2395 889 2461 vocaberis,
922 2396 1174 2461 Quaasita
1203 2395 1407 2452 civitas

280 2471 335 2521 et
366 2483 481 2522 non
516 2466 827 2522 derelicta.

229 2537 369 2620 (Cap.
404 2537 807 2620 bXIlI.)JQuis
834 2537 1083 2620 estjste,

284 2610 487 2665 tinctis
516 2611 794 2666 vestibus
825 2610 896 2664 de
930 2610 1111 2665 Bosra

226 2679 330 2735 Iste
359 2680 667 2737 formosus
698 2682 755 2735 in
791 2679 940 2736 stola
968 2698 1097 2747 sua,

281 2754 551 2822 gradiens
595 2754 654 2808 in
690 2753 1064 2808 multitudine
1095 2753 1459 2810 fortitudinis
1491 2771 1630 2812 sua.

218 2821 320 2893 Ego
350 2825 449 2895 qui
481 2824 704 2895 loquor
728 2824 1047 2894 justitiam.

283 2900 339 2949 et
369 2900 781 2967 propugnatur
812 2912 943 2952 sum
977 2897 1045 2949 ad
1076 2895 1447 2951 salvandum.

223 2964 395 3028 Quare
426 2964 851 3039 ergo—rubrum
885 2972 974 3021 est
1005 2968 1414 3039 indumentum
1446 2974 1642 3032 tuum,

288 3042 341 3092 et
366 3041 725 3094 vestimenta
757 3045 857 3094 tua
889 3039 1043 3093 sicut
1074 3038 1428 3096 calcantium
1453 3041 1512 3095 in
1544 3039 1863 3096 torculari?

284 3109 561 3165 Torcular
602 3109 820 3166 calcavi
852 3110 1035 3177 solus,

282 3185 335 3254 et
366 3183 437 3237 de
467 3183 754 3254 gentibus
788 3199 903 3237 non
936 3188 1024 3237 est
1051 3181 1140 3237 vir
1171 3197 1401 3238 mecum
1428 3200 1442 3239 :

219 3251 431 3307 Calcavi
465 3251 573 3309 eos
606 3254 663 3307 in
699 3256 893 3309 furore
925 3270 1073 3322 meo,

282 3330 335 3378 et
364 3326 710 3380 conculcavi
744 3343 843 3381 eos
874 3325 933 3379 in
967 3327 1052 3380 ira
1086 3340 1256 3379 mea:

216 3396 282 3448 Et
310 3411 598 3467 aspersus
627 3402 718 3454 est
746 3397 991 3469 sanguis
1054 3412 1255 3452 eorum
1289 3413 1467 3467 super
1512 3399 1864 3454 vestimenta

315 3483 462 3534 mea,

281 3542 335 3591 et
363 3538 574 3594 omnia
606 3538 953 3595 indumenta
983 3555 1113 3593 mea
1142 3538 1466 3609 inquinavi.

218 3606 341 3663 Dies
373 3611 529 3665 enim
575 3610 814 3667 ultionis
847 3613 906 3666 in
938 3611 1108 3666 corde
1140 3606 1288 3677 meo,

284 3696 468 3737 annus
501 3682 936 3753 redemptionis
969 3698 1109 3737 mea:
1139 3681 1320 3737 venit.

219 3748 639 3825 Circumspexi,
672 3748 731 3810 et
761 3771 877 3810 non
908 3759 1032 3808 erat
1063 3753 1412 3809 auxiliator:

286 3826 543 3896 quaasivi.
582 3832 639 3881 et
670 3843 785 3882 non
819 3826 929 3880 fuit
958 3826 1058 3896 qui
1090 3825 1395 3895 adjuvaret
1422 3842 1435 3879 :

223 3891 287 3947 Et
303 3891 558 3953 salvavit
588 3898 731 3952 mihi
766 3891 1071 3953 brachium
1105 3891 1323 3966 meum,

290 3971 343 4020 et
370 3967 697 4040 indignatio
729 3985 859 4024 mea
890 3970 1017 4040 ipsa
1046 3967 1325 4023 auxiliata
1356 3972 1446 4023 est
1477 3968 1642 4025 mihi.

223 4033 284 4089 Et
312 4033 649 4113 corncul'cavi
682 4033 928 4113 populos
960 4041 1032 4113 in,
1053 4042 1245 4095 furore
1279 4057 1427 4107 meo,

288 4113 342 4162 et
368 4112 654 4183 inebriavi
689 4112 789 4168 eos
825 4114 881 4169 in
915 4112 1319 4183 indignatione
1351 4128 1500 4181 mea,

283 4185 340 4258 et
368 4182 585 4258 detraxi
621 4184 681 4239 in
715 4191 927 4258 terram
958 4182 1231 4258 virtutem
1267 4200 1489 4238 eorum.

226 4251 655 4322 miserationum
696 4256 920 4311 Domini
952 4256 1321 4322 recordabor,

290 4320 517 4449 Iasiden)
534 4327 771 4383 Domini
785 4344 963 4400 super
974 4327 1249 4383 omnibus
1268 4320 1396 4397 qua:
1410 4324 1664 4382 reddidit
1685 4327 1855 4383 nobis

370 4412 628 4449 ominus-

370 4412 629 4469 ominus,

1115 2537 1214 2665 qui
1242 2538 1397 2595 venit
1426 2539 1497 2595 de
1536 2540 1741 2610 Edom,

290 4469 342 4519 et
381 4484 559 4542 super
610 4456 1051 4526 multitudinem
1095 4469 1384 4525 bonorum
1422 4468 1623 4542 domui
1656 4469 1854 4542 Israel,
1887 4456 1934 4521 D

320 4552 442 4607 qua
473 4540 726 4613 largitus
778 4546 869 4598 est
915 4543 999 4600 eis
1051 4542 1377 4598 secundum
1425 4540 1857 4613 indulgentiam

322 4624 483 4667 suam

289 4684 340 4733 et
359 4654 679 4740 secundum
706 4684 1147 4740 multitudinem
1172 4683 1707 4741 misericordiarum
1727 4702 1859 4741 sua-

328 4767 475 4809 rum.

226 4818 290 4874 Et
319 4822 501 4879 dixit:

228 4893 629 4981 Verumtamen
654 4899 909 4981 populus
943 4914 1106 4981 meus
1128 4902 1234 4965 est,
1260 4898 1362 4953 filii
1395 4915 1509 4954 non
1534 4904 1812 4972 negantes
1836 4915 1850 4955 :

292 4970 342 5017 et
372 4967 554 5023 factus
584 4967 672 5025 est
703 4967 788 5025 eis
820 4971 1093 5026 salvator.

228 5030 281 5086 In
311 5039 462 5113 omni
496 5041 870 5097 tribulatione
898 5059 1103 5097 eorum
1139 5058 1251 5095 non
1285 5046 1374 5096 est
1402 5041 1741 5113 tribulatus,

290 5110 609 5183 et__angelus
642 5113 806 5168 faciei
838 5115 969 5183 ejus
1000 5114 1248 5167 salvavit
1278 5130 1377 5167 eos
1406 5130 1419 5167 :

229 5172 286 5229 In
316 5172 612 5305 dilectione
645 5202 774 5251 sua,
805 5172 951 5241 et'in
986 5184 1352 5256 indulgentia
1385 5201 1489 5239 sua
1522 5185 1646 5256 ipse
1678 5186 1847 5241 rede-

322 5264 397 5305 mi
451 5270 568 5305 COS-

322 5264 421 5305 mu
451 5270 547 5309 eos

290 5324 341 5374 et
390 5298 634 5450 poptavit
691 5344 811 5398 eos,
844 5334 898 5383 et
953 5326 1162 5383 levavit
1218 5343 1317 5382 eos
1367 5327 1595 5383 cunctis
1637 5328 1847 5385 diebus

321 5408 459 5449 seca
490 5412 527 5450 ι.

321 5408 527 5451 saeculi.

227 5454 331 5541 ῙΡΒῘ
358 5474 539 5541 autem
574 5470 641 5525 ad
676 5468 1044 5525 iracundiam
1080 5475 1557 5541 provocaverunt,

289 5536 340 5588 et
366 5536 685 5598 afﬂixerunt
713 5540 987 5614 spiritum
1022 5536 1211 5598 sa'ncti
1244 5543 1373 5611 ejus
1401 5558 1414 5597 :

1468 198 1681 251 LIBER
1718 200 1925 253 ISAIE
1964 198 2383 254 PROPHETE.

1896 332 1949 397 Α
1984 321 2051 375 Et
2082 336 2397 397 conversus
2428 332 2518 397 est
2548 324 2632 397 eis
2666 324 2723 379 in
2757 325 3091 396 inimicum,

3528 208 3635 264 898

2054 399 2111 447 et
2140 392 2264 462 ipse
2296 394 2603 449 debellavit
2634 412 2770 463 eos;

1982 465 2050 518 Et
2080 464 2417 541 recordatus
2448 475 2538 522 est
2569 469 2799 523 dierum
2831 469 3028 524 saeculi
3063 472 3235 541 Mosi,

2054 536 2253 606 populi
2286 538 2421 591 sui:

1982 605 2088 662 Ubi
2119 605 2205 661 est
2236 610 2336 688 qui
2388 609 2587 717 eduxit
2636 627 2732 666 eos
2783 612 2853 667 de
2909 612 3055 668 mari
3109 631 3239 671 cum
3294 617 3631 688 pastoribus

2090 694 2281 717 O‘I‘DO‘IQ
2315 696 2404 717 αιιι

2132 694 2282 734 [⁸8218
2314 696 2407 734 8111
2439 700 2448 733 Ξ

1985 695 2527 830 gbigelsftgqlzispudsuit
2547 753 2604 806 in
2630 753 2819 809 medio
2846 756 2973 826 ejus
2994 756 3262 827 spiritum
3291 761 3476 815 sancti
3498 762 3631 816 sui?

1982 820 2085 883 Qui
2120 820 2420 877 eduxit—ad
2455 825 2748 880 dexteram
2785 820 2977 882 Mosen
3011 820 3250 886 brachio
3305 835 3631 903 majestatis

2086 909 2223 961 suae,

2049 981 2147 1035 qui
2179 964 2353 1020 scidit
2384 982 2566 1036 aquas
2596 973 2728 1023 ante
2762 984 2883 1035 eos,
2914 976 2977 1025 ut
3009 971 3221 1029 faceret
3257 975 3369 1029 sibi
3416 992 3629 1032 nomen

2087 1040 2547 1108 sempiternum:

1978 1106 2086 1171 Qui
2145 1106 2348 1190 eduxit
2406 1110 2513 1192 (ᾼι.
2575 1110 2761 1192 duxit)
2820 1128 2919 1192 eos
2977 1131 3078 1185 per
3141 1117 3409 1188 abyssos,
3460 1121 3629 1192 quasi

2087 1194 2301 1257 equum
2334 1180 2393 1257 in
2416 1180 2655 1257 deserto
2688 1199 2800 1237 non
2838 1180 3263 1257 ifmpi'ngentem
3291 1206 3303 1245 :

2051 1252 2220 1332 quasi
2255 1251 2562 1332 animalia
2596 1269 2814 1332 campo
2836 1251 3216 1332 descendens.

1978 1321 2232 1395 Spiritus
2270 1324 2497 1378 Domini
2526 1321 2748 1380 ductor'
2765 1328 2894 1395 ejus
2926 1328 3072 1384 fuit:

2050 1393 2135 1471 sic
2151 1395 2462 1471 _adduxist_i
2482 1393 3006 1471 populumwtuum,

2051 1470 2117 1520 ut
2146 1466 2361 1541 faceres
2390 1466 2744 1541 tihi’nomen
2777 1468 2993 1541 gloriae.

1977 1538 2223 1622 Attende
2254 1540 2323 1619 de
2355 1538 2518 1622 coelo,
2551 1546 2609 1595 et
2638 1541 2766 1595 vide
2782 1538 2869 1598 'de
2902 1544 3235 1600 habitacula
3270 1553 3473 1605 sancto
3503 1553 3626 1622 tuo,

2049 1614 2106 1662 et
2136 1609 2334 1679 gloriae
2365 1614 2477 1664 tua:
2504 1626 2515 1663 :

1899 1711 1946 1775 Β
1979 1677 2081 1733 Ubi
2116 1677 2393 1775 estuzeljus
2426 1689 2562 1762 tuus
2594 1686 2649 1736 et
2681 1683 2961 1775 fortitudo
2991 1687 3137 1775 tua?

1982 1786 2019 1821 Ε
2057 1752 2370 1807 multitudo
2419 1754 2709 1807 viscerum
2766 1761 3023 1825 tuorum,
3070 1764 3127 1813 et
3175 1762 3625 1821 miserationum

2090 1828 2321 1877 tuarum
2358 1840 2535 1894 super
2568 1842 2678 1895 me,

2055 1898 2473 1949 continuerunt
2505 1912 2585 1949 se.

1983 1966 2068 2020 Tu
2101 1966 2255 2020 enim
2288 1973 2449 2033 pater
2481 1975 2700 2033 noster,

2053 2042 2110 2091 et
2137 2038 2429 2092 Abraham
2465 2038 2706 2093 nescivit
2736 2056 2864 2107 nos,

2052 2113 2109 2162 et
2141 2109 2316 2163 Israel
2346 2109 2635 2180 ignoravit
2667 2127 2807 2165 nos:

1980 2180 2090 2246 Tu,
2128 2182 2386 2247 Domine,
2421 2188 2582 2251 pater
2613 2189 2828 2250 noster,

2053 2252 2387 2323 redemptor
2417 2258 2632 2317 noster,
2668 2270 2701 2308 a
2730 2253 2943 2309 saeculo
2975 2272 3187 2313 nomen
3218 2262 3408 2316 tuum.

1979 2324 2169 2405 Quare
2210 2340 2403 2379 errare
2455 2341 2561 2380 nos
2615 2325 2830 2396 fecisti,
2866 2329 3128 2398 Domine,
3161 2330 3233 2386 de
3262 2332 3369 2403 (Al.
3404 2333 3486 2405 in)
3516 2334 3625 2391 viis

2088 2400 2244 2449 tuis:

2049 2465 2344 2521 indurasti
2376 2483 2473 2521 cor
2503 2471 2768 2522 nostrum
2805 2484 2877 2524 ne
2909 2469 3253 2530 timeremus
3282 2478 3337 2530 te
3358 2475 3387 2529 ?

1977 2540 2323 2613 Convertere
2356 2545 2591 2613 propter
2621 2556 2818 2595 servos
2851 2546 3002 2613 tuos,

2049 2609 2236 2663 tribus
2268 2609 2625 2664 hereditatis
2653 2616 2788 2666 tuae.

1977 2681 2155 2755 Quasi
2171 2680 2424 2735 nihilum
2444 2682 2828 2755 possederunt
2841 2684 3125 2755 populum
3140 2694 3409 2743 sanctum
3426 2694 3620 2748 tuum:

2047 2751 2247 2806 hostes
2299 2753 2483 2807 nostri
2546 2751 3040 2811 conculcaverunt
3096 2761 3621 2819 sanctificationem

2087 2830 2270 2878 tuam.

1975 2893 2129 2949 Facti
2163 2911 2372 2969 sumus
2404 2895 2573 2969 quasi
2612 2895 2671 2950 in
2707 2895 3017 2969 principio,
3046 2916 3179 2955 cum
3212 2919 3322 2956 non
3354 2904 3621 2961 domina-

2119 2967 2263 3021 reris
2296 2967 2501 3032 nostri,

2046 3038 2630 3114 nequeinivqcaretur
2661 3055 2871 3114 nomen
2905 3044 3070 3095 tuum
3099 3060 3275 3114 super
3306 3062 3432 3104 nos.

1972 3107 2125 3180 (Cap.
2145 3107 2618 3183 iLXIVqUtinam
2652 3110 3052 3183 disrumperes
3084 3107 3256 3172 oculos

2044 3186 2101 3235 et
2133 3182 2550 3235 descenderes:

2045 3269 2077 3307 a
2109 3253 2255 3307 facie
2286 3259 2389 3307 tua
2422 3256 2649 3307 montes
2681 3254 3020 3310 deﬂuerent.

1972 3324 2136 3379 Sicut
2165 3324 2390 3379 exustio
2421 3324 2575 3395 ignis
2606 3326 2991 3395 tabescerent,

2042 3413 2208 3465 aquae
2240 3398 2504 3451 arderent
2542 3396 2685 3466 igni,

2044 3476 2106 3521 ut
2138 3473 2340 3522 notum
2376 3468 2535 3523 ﬁeret
2567 3484 2777 3522 nomen
2811 3472 2976 3525 tuum
3013 3470 3271 3530 inimicis
3301 3475 3457 3532 tuis:

2041 3555 2075 3592 a
2106 3540 2250 3594 facie
2279 3545 2380 3594 tua
2410 3545 2612 3608 gentes
2646 3540 3044 3600 turbarentur.

1969 3613 2111 3665 Cum
2146 3612 2349 3666 feceris
2389 3610 2705 3679 mirabilia,
2738 3629 2852 3666 non
2884 3614 3311 3672 sustinebimus
3343 3636 3354 3671 :

2024 3683 2415 3748 descendisti,
2449 3688 2505 3735 et
2535 3700 2568 3737 a
2601 3683 2745 3737 facie
2794 3691 2897 3739 tua
2946 3693 3174 3742 montes
3227 3689 3614 3746 deﬂuxerunt.

1968 3757 2012 3805 Δ
2046 3753 2261 3808 saeculo
2295 3770 2409 3807 non
2443 3754 2779 3817 audierunt,

2040 3841 2228 3894 neque
2254 3825 2497 3879 auribus
2532 3831 2954 3895 perceperunt:

1968 3895 2186 3952 Oculus
2219 3913 2333 3950 non
2364 3896 2531 3960 vidit,
2566 3901 2739 3963 Deus,
2774 3897 2990 3967 absque
3018 3902 3092 3966 te,

2040 3984 2165 4038 quae
2200 3967 2535 4038 praeparasti
2568 3969 3044 4037 exspectantibus
3074 3975 3148 4024 te.

1967 4039 2282 4094 Occurristi
2317 4039 2559 4103 laetanti,
2593 4044 2649 4092 et
2680 4039 2911 4094 facienti
2946 4042 3273 4110 justitiam:

2040 4111 2098 4165 in
2130 4111 2241 4166 viis
2274 4111 2740 4165 recordabuntur
2766 4111 2889 4166 tui:

1967 4182 2110 4237 Ecce
2143 4189 2204 4237 tu
2236 4183 2425 4237 iratus
2458 4198 2544 4248 es,
2578 4184 2947 4253 peccavimus
2974 4200 2986 4236 :

2039 4255 2095 4309 in
2128 4254 2275 4325 ipsis
2307 4255 2528 4308 fuimus
2560 4270 2814 4325 semper,
2846 4260 2901 4308 et
2932 4254 3313 4312 salvabimur.

1964 4325 2033 4380 Et
2068 4324 2204 4380 facti
2236 4342 2443 4381 sumus
2479 4329 2542 4381 ut
2571 4324 2919 4381 immundus
2951 4343 3154 4382 omnes
3187 4346 3315 4395 nos,

2037 4398 2203 4469 quasi
2240 4413 2469 4468 pannus
2500 4402 2881 4453 menstruam:
2914 4399 3194 4456 universae
3219 4400 3473 4472 justitiaa
3504 4420 3610 4459 no-

2110 4475 2241 4525 stris
2272 4486 2285 4523 :

1966 4544 2040 4596 Et
2069 4541 2391 4613 cecidimus
2424 4540 2592 4613 quasi
2625 4540 2828 4595 folium
2865 4541 3145 4612 universi,

2037 4618 2093 4668 et
2123 4612 2462 4683 iniquitates
2498 4617 2709 4669 nostra:
2760 4614 2927 4684 quasi
2982 4620 3191 4670 ventus
3241 4616 3614 4674 abstulerunt

2109 4701 2215 4739 1108
2240 4701 2252 4737 Σ

1963 4755 2088 4810 Non
2119 4762 2207 4811 est
2238 4755 2338 4826 qui
2370 4755 2598 4810 invocet
2628 4772 2841 4811 nomen
2871 4760 3080 4815 tuum:

2036 4828 2135 4898 qui
2166 4832 2503 4897 consurgat,
2536 4832 2593 4882 et
2621 4832 2815 4882 teneat
2844 4831 2935 4883 te:

1961 4899 2335 4954 Abscondisti
2370 4900 2575 4952 faciem
2611 4907 2768 4953 luam
2803 4917 2833 4953 a
2862 4900 3053 4966 nobis,

2032 4976 2090 5025 et
2120 4970 2352 5024 allisisti
2387 4986 2493 5024 nos
2525 4971 2583 5024 in
2618 4988 2795 5024 manu
2829 4971 3160 5041 iniquitatis
3192 4978 3462 5032 nostraa‘.

1963 5043 2029 5096 Et
2059 5059 2234 5107 nunc,
2270 5042 2535 5107 Domine,
2570 5048 2735 5112 pater
2766 5051 2966 5098 noster
2998 5061 3061 5099 es
3093 5050 3176 5111 tu,

2032 5130 2136 5167 nos
2168 5130 2301 5167 vero
2335 5112 2527 5166 lutum
2556 5128 2568 5167 :

2029 5191 2085 5238 et
2118 5186 2280 5239 lictor
2310 5193 2511 5239 noster
2540 5190 2627 5250 tu,

2029 5263 2085 5310 et
2114 5273 2287 5327 opera
2320 5272 2599 5309 manuum
2636 5259 2871 5311 tuarum
2906 5272 3109 5312 omnes
3144 5275 3273 5327 nos,

1954 5327 2036 5383 Ne
2068 5327 2362 5392 irascaris,
2397 5327 2664 5395 Domine,
2697 5327 2862 5396 satis,

2028 5404 2085 5454 et
2118 5416 2188 5454 ne
2223 5399 2375 5453 ultra
2405 5400 2743 5454 memineris
2776 5399 3109 5470 iniquitatis
3142 5404 3374 5458 nostrae.

1956 5475 2097 5526 Ecce
2128 5472 2376 5541 respice,

2029 5543 2280 5615 populus
2313 5548 2453 5599 tuus
2484 5558 2689 5598 omnes
2723 5559 2850 5597 nos.

295 5745 309 5781 ¹
337 5752 647 5817 Prononem
674 5763 899 5830 nostras,
929 5774 1117 5831 neque
1145 5758 1207 5818 in
1237 5758 1475 5818 Hebraeo
1507 5759 1766 5833 additur,
1798 5776 1988 5835 neque
2017 5760 2079 5820 in
2107 5760 2537 5821 Commentario
2562 5761 2617 5818 S.
2649 5760 2776 5835 ipse
2806 5761 2975 5821 Pater
3002 5761 3283 5836 praelegit.
