3938 6174
251 230 354 284 913

1423 237 1638 291 LIBER
1675 237 2002 291 JEREMIE
2042 235 2441 290 ΡΒΟΡΗΒΤΕ
2462 264 2465 269 ·

3545 237 3654 293 914

320 359 374 431 et
402 357 634 431 peccata
660 356 851 431 vestra
882 353 1585 431 prohibueruntbonum
1620 376 1654 415 a
1678 359 1841 414 vobis
1877 376 1890 415 :
1924 360 1974 426 Α
2024 429 2034 431 ᾼ
2079 357 2200 430 agri
2233 361 2290 413 et
2321 374 2529 416 uxores
2562 358 2781 431 pariter
2808 378 2821 416 :

257 425 393 490 Quia
421 425 630 503 inventi
665 429 805 480 sunt
835 426 894 480 in
928 427 1144 499 populo
1174 445 1303 486 meo
1334 429 1499 503 impii
1542 431 1894 488 insidiantes

390 496 553 567 quasi
587 513 863 568 aucupes,

324 568 556 638 laqueos
605 574 888 641 ponentes
938 573 997 624 et
1046 570 1277 640 pedicas
1328 572 1399 627 ad
1443 574 1758 646 capiendos
1810 573 1893 631 vi-

392 657 499 695 I‘OS.

254 711 407 766 Sicut
436 710 700 781 decipula
732 708 906 782 plena
938 712 1167 781 avibus,

320 783 400 855 sic
432 784 873 855 domuseorum
910 783 1092 855 plenas
1127 784 1256 839 dolo
1293 802 1305 841 :

314 854 437 910 ideo
470 854 827 926 magniﬁcati
861 854 1002 910 sunt
1030 861 1085 909 et
1115 856 1305 913 ditati.

253 924 554 981 Incrassati
580 924 724 999 sunt
754 929 811 980 et
841 926 1195 999 impinguati
1228 945 1242 985 :

313 1001 367 1053 et
394 996 796 1073 praeterierunt
826 996 1127 1073 sermones
1160 1015 1317 1056 meos
1348 1000 1621 1073 pessime.

248 1068 482 1125 Causam
517 1085 632 1124 non
659 1068 1077 1141 judicaverunt
1109 1071 1147 1137 ¹,

314 1140 785 1213 εαυειψιᾉρορὶὶὶὶ
817 1158 930 1197 non
960 1142 1317 1211 direxerunt,

311 1217 365 1267 et
387 1211 679 1284 judicium
712 1229 1037 1284 pauperum
1070 1231 1185 1269 non
1210 1214 1644 1284 judicaverunt.

247 1282 515 1356 Nunquid
546 1282 723 1355 super
750 1282 849 1339 his
874 1301 990 1340 non
1020 1282 1311 1341 visitabo?
1339 1286 1481 1342 dicit
1512 1288 1813 1355 Dominus,

310 1362 407 1412 aut
439 1371 615 1424 super
646 1360 878 1428 gentem
936 1356 1347 1428 hujuscemodi
1400 1376 1515 1415 non
1568 1359 1888 1417 ulciscetur

380 1428 577 1483 anima
608 1427 777 1482 mea?

243 1500 533 1570 Stuporet
564 1498 861 1554 mirabilia
892 1499 1045 1555 facta
1078 1504 1215 1554 sunt
1244 1500 1300 1554 in
1336 1506 1490 1557 terra
1522 1520 1536 1558 :

308 1569 603 1641 Prophetas
634 1570 1064 1641 prophetabant
1094 1572 1491 1639 mendacium,

305 1648 358 1698 et
387 1643 727 1714 sacerdotes
760 1643 1194 1714 applaudebant
1224 1645 1501 1701 manibus
1532 1647 1677 1702 suis.

305 1659 358 1698 et
387 1659 727 1698 saceroores
760 1659 828 1714 ap
879 1659 1194 1698 Iauoenant
1224 1662 1232 1698 1

240 1712 303 1768 Et
331 1712 581 1785 populus
618 1729 785 1785 meus
817 1659 1016 1770 (lilexit
1045 1715 1188 1770 talia
1219 1731 1232 1770 ε

297 1784 429 1856 quid
469 1784 655 1857 igitur
684 1784 781 1841 ﬁet
810 1785 869 1840 in
902 1786 1219 1842 novissimo
1253 1787 1424 1857 ejus?

297 1800 429 1856 quia
469 1801 482 1836 ι
529 1800 655 1840 itur
684 1800 781 1841 net
810 1802 869 1840 in
902 1802 1219 1842 DOVISSIIIIO
1253 1800 1424 1857 ejus?

240 1855 392 1984 (Cap;I
412 1800 528 1927 νιῇ
557 1856 1008 1983 (ξοηῑοινῐθωίηἱ,
1044 1858 1150 1913 ﬁlii
1204 1859 1536 1930 Benjamin,
1579 1859 1639 1914 in
1688 1861 1882 1917 medio

399 1944 573 1982 erusa
608 1946 721 1984 em.

399 1944 721 1993 erusaiem,

292 2004 345 2054 et
374 2000 440 2054 in
470 1999 709 2055 'l‘hecua
741 1999 994 2071 clangite
1026 1999 1296 2065 buccina,

292 2076 346 2125 et
372 2087 546 2141 super
584 2071 1007 2127 Betbacharem
1042 2072 1226 2128 levate
1256 2071 1533 2129 vexillum
1569 2090 1582 2129 :

229 2142 359 2209 Quia
388 2143 615 2216 malum
644 2142 836 2197 visum
872 2149 959 2198 est
991 2145 1062 2199 ab
1096 2143 1391 2216 aquilone,

285 2218 338 2269 et
364 2215 654 2286 contritio
679 2230 911 2286 magna.

228 2285 495 2354 Speciosaz
527 2291 595 2342 et
625 2285 883 2341 delicatae
915 2285 1232 2341 assimilavi
1270 2285 1449 2341 ﬁliam
1482 2287 1635 2343 Sion.

228 2358 302 2413 Ad
338 2374 462 2413 eam
495 2360 741 2414 venient
771 2362 1055 2428 pastores,
1088 2362 1145 2413 et
1171 2373 1375 2429 greges
1402 2375 1603 2415 eorum
1642 2377 1653 2416 :

186 2474 194 2481 .
288 2430 531 2485 ﬁxerunt
561 2430 629 2484 in
660 2447 728 2485 ea
760 2430 1010 2485 tentoria
1041 2430 1097 2484 in
1132 2430 1380 2485 circuitu
1415 2447 1429 2485 :

2006 429 2152 495 Quia
2181 431 2491 486 extendam
2542 429 2783 488 manum
2834 447 3026 488 meam
3087 449 3264 505 super
3320 433 3659 492 habitantes

2148 506 2386 571 terram,

2076 573 2218 628 dicit
2249 574 2556 629 Dominus.

2002 646 2043 700 A
2064 646 2284 771 ωἰηὶπὲ
2315 646 2531 771 quippe
2559 661 2744 718 usque
2768 646 2841 702 ad
2861 648 3142 719 majorem
3175 664 3378 706 omnes
3399 649 3659 706 avaritia:

2147 733 2174 771 s
2208 735 2237 771 υ
2291 733 2359 771 en
2418 734 2430 771 :

2147 722 2389 772 student
2418 734 2430 772 :

2074 792 2129 843 et
2161 805 2192 860 a
2225 788 2509 860 propheta
2539 803 2727 860 usque
2779 788 2849 845 ad
2904 790 3269 848 sacerdotem
3320 794 3516 849 cuncti
3566 793 3654 848 fa-

2144 859 2311 914 ciunt
2334 859 2567 915 idolum.

2000 931 2069 985 Et
2108 931 2855 1007 curabantcontritionem
2902 930 3034 987 ﬁliae
3083 933 3287 1007 pepuli
3346 934 3463 990 mei
3516 950 3651 990 cum

2142 1002 2489 1073 ignominia,
2523 1003 2784 1059 dicentes
2814 1019 2829 1059 :

2070 1073 2207 1144 Pax,
2243 1091 2349 1145 pax
2374 1093 2388 1136 :

2068 1150 2124 1199 et
2156 1162 2271 1201 non
2302 1150 2423 1201 erat
2450 1162 2581 1217 pax.

1998 1215 2237 1273 Confuei
2270 1222 2430 1284 sunt,

2069 1290 2207 1370 quia
2239 1287 2741 1370 abominatiouem
2776 1292 3084 1370 tecerunt_:

1997 1358 2145 1424 Quin
2180 1360 2374 1432 potius
2408 1358 2751 1416 confusione
2777 1375 2893 1414 non
2925 1363 3067 1415 sunt
3096 1360 3349 1431 confusi,

2065 1436 2121 1487 et
2150 1433 2496 1488 erubescere
2524 1432 2860 1486 nescierunt

1995 1504 2179 1569 Quam
2214 1505 2286 1559 ob
2319 1521 2439 1560 rem
2472 1504 2685 1558 cadent
2716 1503 2870 1557 inter
2899 1506 3137 1558 ruentes
3170 1518 3183 1556 :

2066 1576 2123 1630 in
2157 1579 2417 1658 tempore
2446 1574 2806 1630 visitationis
2856 1591 2975 1629 suas
3024 1577 3317 1643 corruent,
3352 1573 3495 1630 dicit
3534 1574 3645 1632 Do-

2137 1663 2353 1701 minus.

1917 1737 1964 1802 Β
1993 1715 2123 1802 Huic
2154 1718 2297 1802 dicit
2324 1716 2609 1797 Dominus
2645 1732 2661 1772 :

2066 1789 2226 1845 State
2256 1805 2434 1861 super
2461 1789 2609 1861 vias,
2642 1792 2698 1843 et
2726 1786 2937 1861 videte,

2062 1864 2121 1916 et
2150 1858 2506 1932 interrogate
2528 1860 2617 1932 de
2637 1858 2863 1914 semitis
2919 1858 3208 1931 antiquis,
3241 1875 3368 1932 qua:
3423 1859 3501 1915 sit
3551 1860 3645 1915 via

2132 1933 2305 1999 bona,
2338 1929 2402 1988 et
2425 1929 2720 1988 ambulate
2753 1932 2810 1986 in
2844 1947 2912 1985 ea
2943 1947 2956 1984 :

1989 2003 2058 2057 Et
2089 2003 2398 2059 invenietis
2430 2001 2796 2074 refrigerium
2829 2000 3145 2057 animabus
3176 2002 3411 2059 vestris.

1988 2074 2051 2129 Et
2082 2075 2357 2131 dixerunt
2388 2092 2401 2130 :
2436 2073 3056 2130 Non’ambulabimus.

1983 2146 2053 2202 Et
2083 2147 2363 2203 constitui
2397 2162 2574 2218 super
2602 2162 2704 2200 vos
2735 2144 3152 2218 speculatores.

2057 2218 2267 2273 Audite
2298 2234 2496 2274 vocem
2531 2218 2707 2272 tuba.

2053 2293 2123 2346 Et
2155 2290 2431 2346 dixerunt
2466 2306 2478 2346 :
2512 2289 2637 2344 Non
2670 2288 3001 2343 audiemus.

1982 2361 2117 2418 Ideo
2149 2363 2370 2429 audite,
2403 2366 2629 2433 gentes,
2662 2364 2727 2433 et
2748 2374 3056 2432 cognosce,
3089 2358 3487 2431 congregatio,

2052 2438 2276 2504 quanta
2301 2431 2648 2505 ego—faciam
2680 2431 2786 2488 eis.

286 2505 472 2574 pascet
540 2501 962 2573 unusquisque
1030 2518 1129 2557 eos
1197 2502 1298 2573 qui
1353 2502 1464 2558 sub
1522 2520 1703 2560 manu
1763 2522 1871 2561 sua
1978 2501 2145 2572 Audi,
2187 2501 2388 2560 terra?

357 2576 513 2628 sunt.

226 2642 582 2700 Sanctiﬁcata
611 2660 789 2715 super
818 2660 945 2698 eam
978 2642 1195 2699 bellum
1232 2659 1244 2699 :

288 2715 646 2787 consurgite,
680 2720 736 2771 et
764 2716 1153 2787 ascendamus
1184 2715 1243 2770 in
1276 2717 1519 2774 meridie
1552 2736 1569 2773 :

230 2784 315 2840 Va:
343 2784 527 2859 nobis,
562 2784 707 2859 quia
737 2785 1049 2842 declinavit
1079 2786 1225 2853 dies,

293 2858 422 2933 quia
449 2858 753 2931 longiores
782 2859 941 2933 factae
973 2864 1112 2933 sunt
1142 2859 1363 2915 umbras
1392 2861 1641 2933 vesperi.

228 2930 458 3003 Surgite,
492 2930 979 3003 et’ascendamus
1008 2932 1065 2985 in
1094 2936 1281 3000 nocte,

292 3002 345 3074 et
371 3002 737 3074 dissipemus
766 3003 974 3058 domos
1005 3003 1154 3074 ejus.

227 3072 359 3139 Quia
386 3072 689 3130 hazc‘dicit
722 3074 1002 3130 Dominus
1027 3072 1387 3131 exercituum
1423 3092 1437 3133 :

291 3147 496 3218 Caedite
528 3146 768 3218 lignum
802 3145 954 3218 ejus,

289 3220 341 3271 et
368 3216 613 3290 fundite?
633 3218 786 3290 circa
812 3216 1142 3290 Jerusalem
1176 3233 1448 3290 aggerem
1484 3235 1497 3275 :

230 3290 350 3343 Haec
377 3293 464 3345 est
490 3288 703 3347 civitas
732 3288 1104 3357 visitationis,

298 3360 478 3416 omnis
508 3360 817 3417 calumnia
849 3362 908 3415 in
937 3360 1128 3416 medio
1169 3360 1319 3431 ejus.

230 3428 377 3505 Sicut
404 3432 684 3505 frigidam
720 3432 859 3505 facit
890 3432 1147 3505 cisterna
1176 3428 1389 3503 aquam
1430 3449 1623 3504 suam,

294 3503 371 3577 _sic
392 3503 683 3577 frigidam
718 3503 851 3577 fecit
883 3504 1167 3577 malitiam
1201 3520 1367 3577 suam
1402 3520 1415 3559 :

230 3571 507 3646 Iniquitas
532 3580 598 3632 et
626 3575 869 3631 vastitas
901 3576 1173 3632 audietur
1201 3576 1261 3631 in
1294 3593 1384 3643 ea,

360 3663 562 3721 coram
587 3664 680 3703 me
711 3664 944 3721 semper
973 3647 1284 3704 inﬁrmitas
1316 3652 1373 3704 et
1403 3647 1595 3721 plaga.

230 3717 478 3787 Erudire,
509 3717 868 3784 Jerusalem,

292 3805 360 3844 ne
390 3790 535 3862 forte
575 3792 808 3847 recedat
832 3790 1032 3846 anima
1062 3805 1192 3846 mea
1221 3806 1254 3846 a
1280 3794 1358 3862 te,

295 3877 362 3916 ne
393 3861 535 3919 forte
574 3879 792 3934 ponam
820 3867 877 3918 te
908 3863 1221 3930 desertam,

290 3935 499 3989 terram
530 3934 1015 3991 inbabitabilem.

230 3999 346 4059 Haec
377 4005 515 4061 dicit
538 4006 835 4063 Dominus
861 4004 1225 4063 exercituum
1261 4024 1274 4062 :

296 4080 479 4146 Usque
510 4078 580 4133 ad
618 4094 919 4134 racemum
947 4076 1223 4149 colligent
1251 4076 1423 4149 quasi
1455 4077 1513 4133 in
1545 4077 1713 4135 vinea
1744 4078 1875 4135 reli-

365 4149 536 4219 quias
568 4150 748 4206 Israel
787 4166 799 4205 :

239 4215 503 4293 Converte
562 4238 809 4278 manum
840 4224 1004 4278 tuam
1030 4220 1196 4293 quasi
1227 4220 1617 4277 vindemiator
1645 4221 1715 4279 ad
1749 4238 1876 4279 cars

367 4291 598 4348 tallum.

236 4356 330 4414 Cui
359 4360 568 4435 loquar
588 4364 619 4419 ?

300 4435 353 4486 et
377 4433 549 4505 quem
584 4433 978 4503 contestabor,
1012 4437 1077 4491 ut
1105 4434 1355 4491 audiat?

238 4503 373 4559 Ecce
394 4503 831 4564 ‘incircumcisae
861 4524 1031 4563 aures
1062 4523 1287 4573 eorum,

304 4579 357 4631 et
386 4580 592 4636 audire
626 4596 741 4635 non
771 4582 1068 4651 possunt:

238 4646 382 4723 Ecce
422 4651 668 4723 verbum
723 4646 955 4707 Domini
1013 4650 1233 4706 factum
1294 4654 1383 4707 est
1430 4650 1515 4706 eis
1559 4650 1619 4705 in
1668 4667 1882 4723 oppro-

369 4720 560 4779 brium
573 4764 587 4789 ,

311 4795 365 4865 et
393 4810 509 4850 non
543 4792 872 4865 suscipient
899 4791 1069 4865 illud.

246 4859 456 4938 Idcirco
489 4866 683 4922 furore
707 4859 944 4938 Domini
976 4864 1186 4938 plenus
1218 4882 1371 4934 sum,

310 4931 562 4993 laboravi
596 4937 896 4994 sustinens
930 4953 943 4993 :

242 5004 477 5083 Eﬁ‘unde
509 5026 688 5083 super
717 5007 1030 5083 parvulum
1064 5007 1226 5076 foris,

297 5082 361 5158 .et
389 5095 566 5158 super
586 5078 906 5158 consilium
934 5081 1218 5158 juvenum
1249 5078 1427 5135 simul
1460 5096 1474 5135 :

248 5143 343 5204 Vir
365 5143 521 5208 enim
553 5170 683 5210 cum
710 5143 959 5209 muliere
986 5152 1267 5223 capietur,

313 5236 485 5297 senex
503 5241 645 5297 cum
674 5224 846 5297 pleno
877 5224 1123 5281 dierum.

244 5291 306 5347 Et
334 5291 912 5355 transibunt'domus
944 5312 1147 5353 eorum
1182 5293 1252 5350 ad
1281 5292 1523 5365 alteros,

313 5510 329 5543 ¹
359 5512 579 5584 Nomen
606 5509 1116 5584 viduwhquodhic
1148 5508 1207 5564 in
1239 5508 1675 5584 exemplaribus
1696 5509 1884 5584 _Cano-

243 5575 353 5648 nis,
380 5580 557 5654 inque
586 5575 884 5641 nonnullis
916 5582 1049 5639 aliis
1085 5597 1228 5654 mss.
1263 5575 1563 5638 codicibus
1595 5582 1880 5654 scriptum

246 5652 546 5722 reperitur,
578 5658 744 5714 abest
773 5657 835 5711 in
864 5658 1023 5712 textu
1054 5653 1339 5710 Hebraico
1369 5669 1383 5709 :
1438 5669 1544 5709 nec
1593 5652 1735 5710 illud
1789 5670 1880 5711 re-

246 5729 601 5801 praesentavit
629 5726 949 5801 Speculum
982 5725 1171 5801 sancti
1205 5724 1543 5801 Augustini,
1576 5742 1683 5783 nec
1704 5726 1882 5801 _Com-

250 5795 529 5855 mentaria
556 5793 741 5859 sancti
771 5796 1114 5872 Hieronymi
1139 5793 1508 5869 vocis'hujue
1528 5793 1880 5858 meminere.

2047 2571 2191 2632 EcCe
2230 2593 2335 2648 ego
2385 2575 2675 2648 adducam
2713 2571 2869 2648 male.
2900 2588 3078 2644 super
3108 2571 3392 2645 populum
3428 2573 3630 2643 istum,

2051 2645 2308 2703 fructum
2341 2646 2777 2718 cogitationum
2794 2645 2964 2718 ejus;

1979 2720 2131 2786 Quia
2156 2720 2337 2775 verba
2366 2716 2496 2773 mea
2526 2734 2640 2774 non
2673 2716 3003 2783 audierunt,

2047 2796 2104 2847 et
2124 2791 2309 2862 legem
2343 2806 2534 2862 meam
2568 2789 2961 2862 projecerunt.

1974 2866 2049 2918 Ut
2073 2858 2211 2934 quid
2246 2861 2391 2917 mihi
2420 2858 2661 2917 thus—de
2688 2859 2840 2934 Saba
2866 2858 3007 2934 affer
3033 2858 3131 2927 tis,

2044 2928 2107 2989 et
2132 2933 2425 2990 calamum
2476 2947 2650 2988 suave
2676 2929 2934 2986 olentem
2966 2930 3038 2985 de
3070 2934 3221 2985 terra
3252 2928 3625 3002 longinqua?

1972 3005 2462 3061 Holocautomata
2489 3011 2682 3059 vestra
2716 3005 3005 3073 nonisunt
3034 3006 3293 3073 accepta,

2055 3083 2113 3133 et
2140 3077 2392 3157 victima:
2427 3080 2624 3157 vestras
2656 3091 2772 3157 non
2805 3072 3155 3157 placuerunt
3177 3072 3355 3129 mihi.

1903 3111 1945 3178 C
2055 3111 2113 3133 συ
2147 3111 2392 3133 νιιωωω
2432 3111 2624 3159 νυῦξιιξιιι
2658 3111 2772 3129 υυμ
2805 3111 2989 3157 ,μιαυυι

1990 3150 2301 3221 Propterea
2331 3148 2450 3221 haec
2482 3149 2623 3221 dicit
2654 3150 2989 3221 Dominus;

2051 3216 2194 3276 Ecce
2223 3237 2327 3293 ego
2358 3219 2508 3293 dabo
2540 3218 2600 3272 in
2635 3216 2918 3293 populum
2954 3216 3136 3293 istum
3165 3216 3391 3283 ruinas,

1983 3293 2052 3348 Et
2082 3288 2340 3348 ruent’in
2374 3291 2459 3347 eis
2490 3288 2685 3362 patres
2715 3288 2773 3345 et
2804 3288 2909 3362 ﬁlii
2944 3288 3146 3357 simul,

2053 3364 2284 3420 vicinus
2314 3366 2372 3419 et
2403 3360 2705 3434 proximus
2737 3360 3036 3434 peribunt.

1983 3441 2116 3491 Haec
2147 3436 2289 3492 dicit
2316 3434 2627 3501 Dominus,

2055 3509 2195 3564 Ecce
2227 3505 2480 3580 populus
2511 3505 2668 3562 venit
2699 3504 2769 3560 de
2800 3506 2954 3559 terra
2976 3502 3316 3580 aquilonis;

2054 3585 2110 3635 et
2139 3576 2284 3651 gens
2307 3576 2531 3650 magna
2560 3582 2870 3651 consurget
2901 3593 2934 3630 a
2964 3576 3182 3632 ﬁnibus
3206 3581 3395 3630 terras.

1983 3647 2274 3729 Sagittam
2297 3654 2355 3705 et
2387 3647 2623 3729 scutum
2655 3647 2896 3729 arripiet
2928 3663 2942 3729 ξ

2055 3718 2310 3779 crudelis
2341 3727 2449 3787 est,
2483 3725 2539 3776 et
2569 3736 2685 3776 non
2717 3718 3115 3774 miserebitur.

1984 3795 2107 3851 Vox
2136 3797 2264 3863 ejus
2296 3792 2467 3863 quasi
2501 3808 2662 3846 mare
2692 3790 2929 3863 sonabit
2960 3806 2972 3844 :

2055 3870 2113 3921 et
2143 3862 2327 3936 super
2350 3880 2533 3935 equos
2552 3862 2904 3936 _ascendent,

2057 3931 2363 4010 praeparati
2396 3931 2566 4006 quasi
2595 3933 2680 3988 vir
2712 3933 2783 3988 ad
2818 3931 3109 4004 praelium,

2057 4009 2366 4064 adversum
2398 4011 2476 4064 te.
2509 4005 2631 4061 ﬁlia
2659 4004 2823 4060 Sion.

2055 4026 2366 4065 adversum
2398 4026 2476 4073 te,
2509 4026 2631 4061 nua
2660 4026 2823 4060 D1011.

1985 4080 2338 4139 Audivimus
2370 4078 2588 4134 famam
2621 4077 2773 4147 ejus,

2059 4152 2359 4209 dissoluta:
2391 4153 2531 4207 sunt
2555 4164 2766 4203 manus
2796 4150 3010 4203 nostrai
3044 4162 3056 4201 :

2056 4223 2359 4280 tribulatio
2391 4219 2777 4294 apprehendit
2807 4237 2936 4290 nos,

2060 4296 2289 4352 dolores
2322 4298 2386 4349 ut
2416 4291 2863 4364 parturientem,

1986 4367 2177 4425 Nolite
2201 4366 2352 4424 exire
2382 4367 2454 4421 ad
2490 4381 2683 4436 agros,

2061 4445 2118 4496 et
2149 4440 2208 4495 in
2240 4438 2334 4493 via
2363 4453 2434 4493 ne
2465 4434 2785 4491 ambuletis

1907 4490 1955 4554 ἶ)
2059 4490 2606 4594 quoniamgladius
2638 4503 2887 4589 inimici,
2921 4520 3097 4594 pavcr
3126 4502 3185 4559 in
3218 4502 3489 4560 circuitu.

1990 4574 2138 4639 Filia
2162 4574 2527 4655 populi'mei,
2561 4578 2865 4655 accingere
2895 4574 3111 4643 cilicio,

2062 4660 2121 4710 et
2149 4650 2535 4725 conspergere
2549 4650 2805 4725 cinere:

1991 4727 2242 4783 Luctum
2274 4719 2565 4795 unigeniti
2597 4723 2686 4778 fac
2716 4719 2847 4787 tibi,

2063 4798 2363 4870 planctum
2396 4811 2526 4850 ama
2537 4810 2687 4870 rum.

2063 4865 2203 4942 quia
2233 4872 2472 4942 repente
2493 4865 2693 4942 veniet
2715 4866 2971 4942 vastator
3001 4878 3179 4934 super
3210 4877 3335 4942 nos.

1991 4934 2373 4998 Probatorém
2402 4938 2533 4994 dedi
2566 4943 2621 4993 te
2648 4939 2707 4991 in
2738 4934 2954 5008 populo
2985 4950 3114 4989 meo
3146 4934 3477 5003 robustum,

2064 5019 2120 5069 et
2149 5013 2333 5094 scies,
2353 5015 2410 5067 et
2440 5010 2727 5094 probabis
2746 5008 2899 5094 viam
2932 5022 3157 5094 eurum.

1992 5086 2208 5141 Omnes
2239 5083 2336 5138 isti
2368 5079 2664 5154 principes
2682 5079 3081 5154 declinantes,

2064 5151 2438 5213 ambulantes
2468 5151 2866 5209 fraudulenter
2890 5167 2904 5218 ;

1990 5229 2088 5285 1E3
2111 5233 2167 5285 et
2197 5228 2415 5283 ferrum
2451 5242 2464 5280 :

2065 5300 2322 5358 universi
2351 5296 2605 5369 corrupti
2638 5298 2797 5353 sunt.

2327 5508 2634 5582 puto,sive
2665 5506 2933 5582 additum
2990 5502 3365 5582 librariorum
3399 5518 3637 5582 errcre:

2674 5580 2923 5650 probant
2969 5576 3233 5650 quaedam
3287 5574 3642 5647 exemplaria

1990 5512 2293 5567 Adscitum

1995 5584 2100 5638 hoc
2131 5583 2285 5638 enim
2316 5581 2625 5638 manifeste

1993 5670 2294 5711 sacrorum
2326 5645 2804 5715 Bibliorumfubi
2843 5645 3148 5720 recentiori
3201 5663 3381 5720 manu
3433 5645 3639 5720 super-

1992 5727 2261 5783 additum
2336 5721 2830 5798 deprehendimus
2886 5719 3127 5775 verbum
3199 5719 3322 5790 jam
3385 5719 3631 5777 dictum.

1990 5800 2180 5856 MART.
