3938 6174
395 192 506 250 915

397 316 622 375 Defecit
653 314 1069 382 sufﬂatorium,

468 389 528 444 in
560 389 693 461 igne
723 391 1138 461 consumptum
1171 389 1259 443 est
1289 388 1624 461 plumbum,

396 458 639 516 Frustra
664 458 937 515 conﬂavit
968 458 1252 515 conﬂator
1282 458 1296 516 ἐ

470 530 708 587 malitia:
738 530 894 607 enim
922 547 1126 587 eorum
1160 548 1276 587 non
1307 537 1445 589 sunt
1477 538 1863 607 consumptae.

395 607 721 675 Argentum
754 601 1049 675 replorum
1082 609 1279 659 vocate
1311 620 1430 674 eos,

469 674 612 747 quia
641 674 926 747 Dominus
956 675 1201 745 projecit
1231 675 1386 732 illos.

397 744 558 818 (Cdp.
590 744 1231 819 YII.)_Verb_um,quod
1264 748 1483 805 factum
1514 751 1603 805 est
1631 749 1704 806 ad
1733 748 2043 807 Jeremiam

310 834 313 837 ν
499 815 514 818 “
536 834 569 872 a
598 815 843 873 Domino
872 815 1119 873 dicens}

465 888 563 945 Sta
592 888 651 944 iu
684 893 852 961 porta
884 889 1095 945 domus
1125 889 1371 961 Domini,

470 964 528 1015 et
562 959 813 1031 pradica
845 960 924 1016 ibi
957 962 1200 1016 verbum
1232 959 1412 1029 istud,
1436 966 1494 1017 et
1522 961 1653 1020 dic:

396 1031 611 1105 Audite
633 1033 874 1105 verbum
897 1032 1159 1105 Domini,
1193 1033 1385 1089 omnis
1415 1034 1585 1105 Juda,

470 1104 569 1174 qui
596 1102 975 1176 ingredimini
999 1120 1110 1176 per
1141 1110 1336 1176 portas
1367 1105 1496 1172 has,

472 1181 537 1230 ut
567 1174 820 1231 adoretis
847 1174 1182 1231 Dominum.

397 1250 529 1301 Hmc
555 1247 696 1303 dicit
730 1246 1010 1303 Dominus
1039 1248 1400 1304 exercituum
1432 1250 1581 1304 Deus
1612 1249 1791 1305 Israel
1826 1266 1838 1304 :

400 1323 593 1374 Bonas
626 1318 796 1374 facite
825 1318 948 1374 vias
980 1323 1202 1375 vestras
1233 1325 1289 1375 et
1318 1320 1513 1376 studia
1544 1326 1738 1377 vestra
1770 1338 1783 1375 :

473 1394 530 1445 et
563 1390 835 1446 habitabo
866 1390 1171 1447 vobiscum
1205 1391 1263 1446 in
1293 1391 1420 1449 loco
1452 1392 1585 1448 isto.

404 1460 594 1519 Nolite
624 1462 915 1518 conﬁdere
956 1462 1015 1518 in
1062 1462 1253 1519 verbis
1288 1464 1576 1520 mendacii
1607 1464 1713 1533 (Al.
1748 1464 2047 1520 mendaci-

546 1533 702 1605 bus),
733 1534 996 1590 dicentes
1030 1550 1042 1589 :

400 1604 711 1676 Templum
742 1605 997 1674 Domini,

473 1675 756 1747 templum
789 1677 1041 1744 Domini,

473 1747 765 1820 templum
794 1749 1047 1811 Domini,
1080 1752 1190 1804 est.

401 1818 688 1884 Quoniam
720 1820 770 1876 si
801 1821 947 1878 bene
1002 1819 1328 1877 direxeritis
1359 1820 1480 1877 vias
1511 1823 1735 1877 vestras
1769 1822 1825 1876 et
1856 1819 2053 1876 studia

544 1896 737 1949 vestra
770 1906 784 1946 :

473 1962 523 2019 si
556 1962 810 2020 feceritis
834 1961 1127 2034 judicium
1182 1962 1334 2035 inter
1379 1964 1569 2019 virum
1620 1968 1677 2020 et
1723 1963 2051 2035 proximum

470 2035 628 2108 ejus,
658 2036 912 2108 advenae,
944 2040 1001 2091 et
1031 2034 1277 2108 pupillo,
1310 2040 1369 2092 et
1396 2036 1586 2091 viduaa
1631 2034 1745 2091 non
1798 2035 2052 2091 feceritis

548 2105 935 2170 calumniam,

473 2193 578 2250 nec
609 2178 958 2250 sanguinem
1020 2177 1387 2250 innocentem
1445 2177 1771 2250 eti'uderitis
1818 2176 2051 2250 inloco

474 2248 609 2321 hoc,
641 2255 697 2304 et
726 2248 860 2321 post
891 2249 1029 2303 deos
1062 2248 1284 2305 alienos
1333 2266 1448 2305 non
1496 2249 1942 2305 ambulaveritis
1991 2249 2049 2303 in

480 2319 702 2404 malum
731 2319 1170 2404 vobismetipsis
1200 2337 1213 2375 :

405 2391 689 2447 ilabitabo
720 2391 1019 2447 vobiscum
1053 2391 1113 2447 in
1143 2392 1268 2448 loco
1301 2392 1433 2461 isto,

472 2464 531 2518 in
567 2467 718 2519 terra
748 2480 926 2546 quam
974 2463 1108 2546 dedi
1152 2464 1421 2535 patribus
1449 2463 1656 2519 vestris
1686 2480 1716 2519 a
1743 2462 1957 2519 saeculo
1988 2467 2045 2519 et

553 2551 739 2606 usque
770 2534 828 2589 in
863 2534 1075 2590 saecqu
1090 2534 1163 2590 m.

398 2605 542 2661 Ecce
574 2605 674 2662 vos
705 2606 1000 2662 confiditis
1032 2608 1193 2664 vobis
1225 2606 1283 2661 in
1317 2606 1688 2664 sermonibus
1732 2606 2049 2677 mendacii,

471 2676 571 2747 qui
595 2694 719 2752 non
753 2679 1076 2752 proderunt
1106 2679 1270 2736 vobis

406 2747 631 2817 Furari,

477 2821 759 2888 occidere,

474 2892 816 2959 adulterari,

466 2964 669 3036 jurare
698 2963 1079 3036 mendaciter,

478 3035 664 3091 libare
694 3034 941 3102 Baalim,

477 3112 530 3162 et
561 3106 645 3162 ire
673 3111 801 3176 post
830 3108 969 3163 deos
1002 3106 1244 3176 alienos,
1277 3122 1419 3177 quos
1449 3104 1755 3177 ignoratis.

404 3177 474 3233 Et
505 3175 768 3245 venistis,
803 3183 859 3233 et
889 3179 1137 3234 stetistis
1168 3175 1364 3234 coram
1399 3175 1495 3232 me
1519 3177 1578 3231 in
1612 3177 1785 3233 domo
1833 3175 1964 3242 hac,
1998 3175 2057 3231 in

477 3264 591 3320 qua
620 3248 954 3305 invocatum
987 3254 1076 3307 est
1108 3267 1319 3307 nomen
1354 3266 1573 3317 meum,
1608 3253 1665 3304 et
1694 3248 1928 3304 dixistis
1963 3263 1978 3303 :

409 3320 660 3377 Liberati
691 3338 921 3387 sumus,

479 3407 545 3447 eo
568 3393 722 3462 quod
758 3392 1069 3449 fecerimus
1100 3409 1302 3448 omnes
1335 3390 1803 3447 abominationes
1836 3391 2002 3447 istas.

406 3467 560 3535 Ergo
594 3463 877 3535 spelunca
908 3464 1201 3519 latronum
1237 3464 1390 3519 facta
1421 3468 1511 3519 est
1540 3464 1751 3518 domus
1781 3462 1913 3529 ista,

479 3532 538 3590 in
592 3532 724 3607 qua,
758 3536 1088 3607 invocatum
1124 3539 1213 3592 est
1245 3551 1457 3592 nomen
1514 3551 1711 3590 meum
1763 3535 1821 3589 in
1873 3532 2059 3589 oculis

551 3605 761 3662 vestris
787 3605 810 3661 Ρ

407 3677 549 3750 Ego,
583 3694 709 3750 ego,
744 3693 875 3750 sum
912 3696 924 3735 :

478 3762 584 3821 ego
613 3749 753 3818 vidi,
790 3749 931 3805 dicit
962 3749 1271 3806 Dominus.

405 3820 485 3875 Ite
509 3820 578 3876 ad
613 3821 803 3878 locum
840 3838 1035 3878 meum
1071 3823 1127 3877 in
1154 3821 1293 3887 Silo,

477 3892 895 3975 ubibabitavit
921 3911 1134 3975 nomen
1168 3908 1363 3975 meum
1396 3909 1431 3975 a_
1460 3889 1770 3975 principio,

476 3964 735 4021 etvidete
759 3981 885 4037 quae
918 3966 1151 4023 fecerim
1185 3965 1236 4021 ei
1268 3963 1507 4037 propter
1536 3963 1819 4019 malitiam
1854 3963 2054 4037 populi

546 4037 661 4091 mei
701 4037 867 4092 lsrael
903 4054 917 4093 :

406 4110 472 4164 Et
500 4124 678 4190 nunc,
712 4109 850 4179 quia
907 4107 1127 4165 fecistis
1159 4107 1359 4164 omnia
1391 4123 1567 4180 opera
1597 4106 1738 4175 haec,
1772 4105 1916 4162 dicit
1948 4107 2054 4162 Do-

549 4195 768 4250 minus,

480 4254 535 4307 et
584 4250 814 4307 locutus
864 4267 996 4306 sum
1029 4252 1100 4306 ad
1131 4267 1233 4307 vos
1264 4266 1435 4307 mane
1472 4265 1855 4323 consurgens,
1884 4253 1941 4306 et
1972 4249 2053 4306 lo-
2100 4256 2109 4263 '

549 4339 761 4393 quens,
791 4326 845 4379 et
877 4340 989 4379 non
1025 4324 1276 4380 audistis
1311 4339 1324 4380 :

405 4392 475 4447 Et
504 4392 699 4449 vocavi
732 4411 855 4463 vos,

475 4470 533 4537 et
564 4482 675 4522 non
709 4465 1120 4537 respondistis,
1766 4510 1787 4532 ,

407 4535 637 4592 Faciam
671 4535 869 4594 domui
901 4536 1059 4603 huic,
1093 4538 1151 4592 in
1184 4554 1302 4609 qua
1332 4537 1798 4609 invocatumrst
1837 4552 2048 4591 nomen

550 4623 765 4680 meum,
800 4613 855 4665 et
887 4608 945 4664 in
978 4624 1095 4680 qua
1124 4607 1225 4665 vos
1258 4608 1488 4664 habetis
1519 4607 1819 4680 ﬁduciam,

460 4674 526 4760 “et
552 4677 701 4763 loco,
733 4674 907 4763 quem
939 4674 1070 4736 dedi
1102 4680 1265 4738 vobis
1295 4685 1351 4737 et
1382 4679 1650 4752 patribus
1680 4679 1907 4748 vestris,

473 4748 628 4807 sicut
661 4748 767 4808 feci
797 4751 936 4809 Silo.

402 4824 469 4876 Et
497 4823 805 4904 projiciam
836 4840 937 4904 vos
969 4839 1003 4878 a
1033 4823 1174 4904 facie
1205 4838 1355 4904 mea,

472 4896 628 4967 sicut
656 4896 871 4967 projeci
902 4910 1106 4951 omnes
1140 4896 1347 4951 fratres
1375 4898 1624 4965 vestros,

472 4966 808 5025 universum
843 4984 1044 5025 semen
1076 4967 1373 5040 Ephraim.

400 5037 487 5092 Tu
521 5054 657 5112 ergo
689 5041 807 5097 noli
840 5057 1006 5097 orare
1036 5037 1385 5112 progpopulo
1413 5038 1544 5107 hoc,

475 5108 876 5169 nec'assumas
908 5108 1120 5184 procis
1152 5108 1388 5167 laudem
1415 5114 1472 5166 et
1502 5108 1846 5180 orationem,

400 5184 468 5236 Et
499 5199 615 5239 non
647 5182 1075 5242 obsistas'mihi
1110 5200 1123 5237 :

471 5253 611 5324 quia
642 5273 754 5311 non
786 5255 1093 5314 exaudiam
1123 5258 1199 5310 te.

399 5322 605 5382 Nonne
629 5328 789 5385 vides
820 5327 959 5399 quid
991 5326 1101 5399 isti
1122 5325 1339 5399 faciant
1368 5325 1426 5381 in
1459 5322 1797 5381 civitatibus
1816 5322 2054 5393 Juda,et

544 5399 604 5453 in
640 5397 851 5457 plateis
874 5397 1203 5455 Jerusalem
1226 5398 1253 5452 ?

404 5466 531 5545 Filii
563 5466 853 5545 colligunt
884 5471 1064 5545 ligni}.

471 5544 527 5595 et
558 5540 753 5613 patre's
782 5540 1149 5601 succendunt
1176 5540 1397 5613 ignem,

474 5615 531 5688 et
563 5616 839 5688 mulieres
871 5617 1270 5688 conspergunt
1299 5613 1554 5688 adipem.

475 5686 542 5769 ult
558 5682 1111 5769 faciantplacentas
1127 5682 1351 5759 "reginae
1380 5682 1531 5753 cceli,

474 5756 531 5806 et
558 5751 746 5812 libent
773 5751 887 5815 diis
916 5757 1146 5831 alienis,

1432 198 1493 250 s.
1534 195 1944 279 Hmaonmr
1978 197 2232 255 DIVINA
2267 194 2761 253 BIBLIOTHECA.
3674 203 3759 258 916

2070 322 2123 389 Α

2224 322 2281 376 et
2308 320 2502 400 mead
2538 317 3272 400 iracundiam‘provocent.

2154 391 2432 474 Nunquid
2466 407 2558 447 me
2589 392 2658 447 ad
2691 390 3057 447 iracundiam
3090 392 3459 463 provocant?
3505 394 3634 450 dicit
3675 397 3764 454 Do-

2301 480 2520 519 mlnus.

2229 551 2420 590 nonne
2451 532 2807 605 semetipsos
2832 532 2888 586 in
2919 533 3325 591 confusionem
3357 535 3556 593 vultus
3585 539 3704 594 sui?

2159 606 2291 661 Ideo
2322 606 2444 661 haec
2476 606 2617 660 dicit
2651 604 2931 660 Dominus
2963 605 3137 673 Deus,

2160 677 2301 734 Ecce
2334 678 2494 753 furor
2519 693 2710 753 meus,
2740 681 2797 732 et
2825 675 3176 753 indignatio
3204 694 3334 732 mea
3382 680 3655 736 conflatur
3682 683 3761 753 (At.

2301 749 2555 805 conﬂata
2584 749 2692 820 est)
2726 764 2902 819 super
2930 746 3129 804 16cum
3163 749 3371 817 istum,

2230 835 2408 892 super
2436 821 2590 892 viros
2623 825 2680 875 et
2709 820 3203 892 superjumenta,

2230 900 2287 946 et
2308 891 2494 963 super
2522 891 2748 963 lignum
2784 891 3062 964 regionis,

2231 968 2288 1018 et
2317 981 2493 1036 super
2525 966 2719 1034 fruges
2750 966 2935 1028 terrae,

2233 1039 2289 1090 et
2318 1034 2725 1101 succendetur,
2757 1038 2814 1089 et
2846 1051 2959 1090 non
2990 1034 3421 1105 exstinguetur.

2160 1111 2292 1161 Haec
2322 1107 2465 1163 dicit
2494 1106 2779 1162 Dominus
2810 1107 3170 1162 exercituum
3204 1111 3360 1162 Deus
3390 1107 3563 1162 Israel
3588 1125 3601 1161 :

2162 1177 2640 1234 Holocautomata
2667 1182 2863 1233 vestra
2892 1178 3088 1234 addite
3118 1178 3374 1235 victimis
3404 1181 3628 1251 vestris,

2232 1254 2289 1305 et
2317 1251 2604 1306 comedite
2633 1265 2858 1305 carnes.

2162 1322 2310 1386 Quia
2342 1339 2455 1377 non
2491 1338 2622 1376 sum
2658 1321 2897 1393 locutus,
2918 1336 3050 1375 cum
3086 1321 3357 1392 patribus
3389 1320 3613 1393 vestris,

2232 1398 2290 1448 et
2321 1411 2435 1448 non
2467 1393 2711 1464 praecepi
2745 1393 2863 1464 eis,
2885 1391 2944 1447 in
2976 1391 3218 1464 dieiqua
3246 1392 3426 1449 eduxi

2234 1480 2331 1520 eos
2364 1465 2434 1521 de
2463 1463 2869 1536 terra/Egypti
2897 1482 2911 1532 ;

2236 1537 2305 1591 de
2333 1536 2508 1591 verbo
2539 1534 3075 1591 holocautomatum
3110 1538 3167 1589 et
3195 1534 3586 1591 victimarum.

2163 1606 2270 1662 Sed
2299 1607 2407 1663 hoc
2435 1608 2679 1663 verbum
2713 1605 2960 1680 praecepi
2989 1606 3092 1677 eis,
3125 1607 3330 1680 dicens
3367 1623 3381 1661 :

2080 1669 2127 1734 B
2228 1679 2441 1734 Audite
2472 1695 2667 1735 vocem
2700 1669 2920 1746 meam,
2948 1683 3004 1734 et
3034 1669 3130 1733 ero
3159 1678 3331 1734 vobis
3361 1684 3550 1747 Deus;

2230 1760 2282 1806 et
2314 1768 2413 1834 vos
2436 1750 2604 1834 eritis
2639 1750 2785 1806 mihi
2818 1749 3070 1834 populus
3103 1766 3116 1804 :

2160 1822 2230 1877 Et
2255 1820 2550 1878 ambulate
2583 1823 2639 1877 in
2670 1820 2831 1877 omni
2863 1820 2954 1878 via
2983 1838 3159 1893 quam
3195 1820 3471 1877 mandavi
3501 1821 3670 1890 vobis,

2231 1897 2296 1950 ut
2324 1895 2472 1950 bene
2500 1894 2576 1948 sit
2606 1894 2791 1950 vobis.

2161 1965 2227 2019 Et
2261 1983 2376 2021 non
2408 1965 2743 2036 audierunt,
2778 1980 2882 2020 nec
2912 1963 3351 2036 inclinaverunt
3382 1979 3575 2020 aurem
3605 1979 3763 2020 suam:

2232 2038 2341 2093 Sed
2376 2037 2647 2092 abierunt
2679 2035 2737 2092 in
2768 2035 3189 2093 voluntatibus.

2231 2114 2288 2164 et
2314 2110 2596 2179 pravitate
2626 2109 2819 2163 cordis
2852 2107 2944 2164 sui
2973 2106 3113 2163 mali
3150 2124 3163 2162 :

2163 2178 2439 2251 Facti’que
2469 2184 2610 2236 sunt
2641 2186 2961 2236 retrorsum
2995 2184 3052 2234 et
3084 2195 3196 2233 non
3227 2178 3292 2232 in
3327 2182 3481 2248 ante,

2234 2249 2385 2308 adi'e
2415 2268 2531 2324 qua
2581 2252 2802 2324 egressi
2851 2255 2994 2307 sunt
3044 2256 3240 2324 patres
3293 2266 3495 2305 eorum
3543 2249 3607 2304 de
3649 2252 3768 2303 terra

2302 2323 2550 2395 zEgypti,
2585 2322 2775 2396 usque
2806 2324 2875 2378 ad
2912 2323 3066 2378 diem
3101 2322 3281 2376 hanc.

2164 2399 2230 2449 Et
2280 2392 2426 2475 misi
2447 2392 2515 2450 ad
2550 2411 2648 2450 vos
2680 2392 3115 2475 omnes_s_erv0s
3148 2408 3315 2475 meos
3351 2392 3667 2475 prophetas,
3694 2406 3769 2463 per

2304 2466 2457 2521 diem
2485 2483 2849 2539 consurgens
2880 2465 3161 2539 diluculo,
3195 2469 3256 2519 et
3291 2465 3547 2520 mittens.

2162 2541 2231 2592 Et
2250 2554 2361 2593 non
2382 2538 2623 2593 audieru
2636 2543 2697 2593 nt
2711 2537 2933 2607 me,nec
2948 2537 3309 2592 inclinaveru
3322 2542 3383 2591 nt
3398 2551 3587 2591 aurem
3602 2548 3763 2589 suam:

2160 2609 2268 2663 Sed
2300 2610 2725 2665 induraverunt
2756 2611 3037 2667 cervicem
3072 2609 3179 2680 (Al.
3215 2608 3351 2664 add.
3386 2609 3608 2678 suam):

2233 2685 2290 2754 et
2322 2682 2488 2752 pejus
2513 2682 2733 2753 operati
2760 2686 2901 2738 sunt
2929 2696 3105 2754 quam
3139 2684 3339 2754 patres
3370 2695 3583 2736 eorum.

2161 2752 2232 2807 Et
2262 2752 2517 2879 lodquert‘ils
2552 2751 2648 2809 “ad
2699 2771 2798 2811 eos
2847 2751 3047 2809 omnia
3077 2751 3259 2809 verba
3310 2751 3455 2819 haec,
3481 2756 3536 2807 et
3562 2765 3661 2805 non
3687 2762 3763 2802 au-

2346 2841 2436 2879 ten
2512 2840 2541 2879 e
2574 2841 2587 2879 :

2346 2833 2461 2880 ient
2492 2833 2541 2879 le
2574 2841 2587 2879 :

2232 2898 2294 2968 et,
2316 2895 2553 2968 vocabis
2581 2912 2700 2966 eos,
2736 2900 2793 2953 et
2826 2913 2939 2953 non
2974 2894 3422 2968 respondebunt
3450 2892 3585 2950 tibi:

2164 2967 2236 3022 Et
2267 2967 2428 3023 dices
2459 2968 2528 3022 ad
2557 2983 2655 3023 eos
2690 2987 2703 3025 :

2086 3038 2129 3105 C
2241 3037 2369 3121 Haec
2396 3043 2489 3121 est
2520 3054 2678 3121 .gens
2729 3055 2856 3110 quae
2906 3055 3022 3095 non
3074 3037 3309 3094 audivit
3335 3052 3526 3093 vocem
3575 3029 3761 3091 Domini

2310 3109 2409 3165 Dei
2445 3109 2559 3176 sui,

2238 3196 2344 3253 nec
2374 3182 2592 3253 recepit
2622 3179 2989 3253 disciplinam

2167 3252 2347 3308 Periit
2375 3252 2541 3324 ﬁdes,

2239 3329 2297 3379 et
2327 3324 2521 3379 ablata
2552 3326 2642 3379 est
2673 3324 2743 3378 de
2773 3338 2871 3379 ore
2900 3339 3121 3379 eorum.

2166 3395 2363 3451 Tonde
2396 3394 2669 3468 capillum
2705 3400 2897 3463 tuum,
2930 3399 2987 3468 et
3014 3394 3255 3466 projice,

2237 3471 2295 3522 et
2326 3465 2571 3523 sumein
2601 3467 2885 3539 directum
2922 3465 3221 3539 planctum
3264 3482 3277 3521 :

2166 3539 2334 3665 Quiaf
2364 3538 2607 3624 proiecit
2634 3532 2957 3621 Dominus,
2996 3542 3053 3594 et
3091 3536 3334 3610 reliquit
3382 3532 3757 3609 generationem

2335 3627 2524 3665 UI‘OPIS
2555 3627 2647 3665 sui
2683 3628 2696 3665 :

2335 3628 2365 3666 υ
2378 3627 2524 3666 ΓΟΓΙΞ
2555 3627 2647 3665 8111
2683 3628 2696 3666 ἶ

2238 3683 2375 3754 quia
2410 3683 2669 3739 fecerunt
2700 3680 2805 3736 filii
2846 3680 3002 3737 Juda
3051 3679 3280 3736 malum
3311 3680 3370 3735 in
3404 3678 3577 3735 oculis
3628 3672 3753 3739 meis,

2306 3754 2449 3809 dicit
2468 3754 2773 3810 Dominus-

2165 3825 2492 3881 Posuerunt
2521 3822 2872 3880 offendicula
2901 3840 3005 3878 sua
3049 3823 3108 3878 in
3158 3823 3335 3880 domo
3380 3822 3438 3878 in
3487 3836 3593 3893 qua
3630 3817 3754 3872 invo-

2306 3902 2500 3953 catum
2533 3901 2852 3953 estnomen
2878 3911 3097 3965 meum,

2238 3972 2300 4022 ut
2332 3969 2662 4024 nolluerent
2691 3984 2818 4024 eam
2854 3983 2868 4021 :

2162 4038 2233 4094 Et
2262 4026 2697 4097 aediﬁcaverunt
2724 4038 2950 4095 excelsa
2975 4036 3309 4110 Thopbetb,
3329 4053 3451 4107 quae
3474 4039 3555 4090 est
3574 4033 3625 4087 in
3642 4026 3754 4085 valle

2307 4111 2413 4167 filii
2445 4113 2671 4168 Ennom
2707 4126 2721 4166 :

2327 4126 2413 4167 llll
2448 4126 2671 4167 Ennom
2707 4126 2721 4166 ἶ

2234 4186 2299 4237 ut
2328 4182 2707 4239 incenderent
2744 4178 2896 4237 filios
2948 4196 3086 4236 suos
3134 4184 3192 4234 et
3240 4179 3392 4235 ﬁlias
3449 4192 3575 4233 suas
3626 4170 3751 4244 igni:

2305 4272 2432 4327 qua:
2463 4273 2577 4327 non
2612 4253 2883 4327 praecepi,
2918 4268 3043 4327 n_ec_
3085 4252 3335 4327 (:_ogitavi
3366 4251 3421 4305 in
3455 4248 3610 4305 corde
3639 4257 3750 4299 meo.

2162 4323 2296 4380 Ideo
2320 4322 2459 4383 ecce
2489 4322 2627 4383 dies'
2644 4325 2901 4393 venient,
2933 4322 3075 4380 dicit
3104 4323 3392 4393 Dominis,

2085 4413 2131 4479 ι)
2233 4380 2694 4479 ειέόὲίάίἑιέὶυιε
2722 4380 2998 4469 amplius,
3030 4380 3451 4468 Thopheth,'et
3479 4388 3631 4449 vallis
3673 4380 3750 4439 ﬁlii

2306 4469 2529 4526 Ennom
2555 4486 2570 4527 :

2235 4541 2335 4595 sed
2368 4542 2538 4598 vallis
2570 4535 2993 4597 Interfectionis
3027 4553 3039 4591 :

2162 4611 2228 4667 Et
2258 4613 2543 4685 sepelient
2573 4610 3090 4685 (Alasepelientur)
3121 4608 3182 4665 in
3211 4605 3531 4681 Thopheth,

2232 4700 2299 4738 eo
2326 4682 2480 4756 quod
2512 4682 2625 4756 non
2660 4682 2737 4737 sit
2766 4684 2928 4738 locus
2962 4697 3005 4756 :__
3042 4751 3054 4756 _
3133 4752 3145 4756 Α
3254 4753 3264 4756 _
3375 4750 3408 4756 υ
3612 4741 3625 4756 ι
3714 4735 3726 4756 ε

2161 4754 2231 4809 Et
2260 4741 2370 4811 erit
2401 4755 2779 4813 morticinum
2811 4751 3007 4825 populi
3042 4751 3220 4825 hujus
3250 4753 3309 4808 in
3341 4750 3525 4808 cibum
3546 4741 3749 4801 volucri-

2304 4828 2415 4884 bus
2447 4828 2595 4897 coali,
2630 4831 2687 4883 et
2714 4824 2923 4897 bestiis
2953 4824 3143 4880 terra).

2232 4901 2291 4952 et
2320 4916 2434 4956 non
2469 4896 2588 4956 erit
2609 4898 2710 4970 qui
2742 4896 2961 4970 abigat.
3215 4965 3238 4970 _
3301 4966 3315 4970 _
3442 4966 3450 4970 _
3500 4960 3514 4970 ,
3615 4956 3624 4970 ,
3663 4949 3717 4970 ,ηε

2163 4972 2229 5023 Et
2255 4971 2557 5042 quiescere
2588 4956 2795 5025 faciam
2828 4956 2899 5023 de
2930 4966 3179 5042 urbibus
3207 4965 3377 5032 Juda,
3404 4966 3459 5017 et
3486 4956 3744 5042 ἀθπβξέξῗξθ

2303 5043 2667 5125 Jerusalem,
2706 5054 2905 5125 vocem
2963 5038 3185 5108 gaudii,
3227 5042 3284 5092 et
3327 5028 3510 5092 vocem
3557 5028 3746 5084 laetitia.

2232 5130 2431 5169 vocem
2467 5116 2691 5187 sponsi,
2726 5116 2783 5168 et
2811 5126 3007 5166 vocem
3042 5126 3305 5182 sponsae:

2232 5184 2295 5240 In
2327 5187 2745 5261 desolationem
2778 5182 2934 5261 enim
2967 5183 3078 5237 erit
3107 5186 3280 5261 tergi,
3358 5250 3369 5261 η

2163 5256 2316 5330 (Οιξρ.
2347 5258 2473 5315 VIII
2502 5262 2522 5330 )
2556 5259 2619 5313 In
2652 5255 2752 5311 illo
2782 5255 3180 5330 tempore,_ait
3207 5254 3482 5310 Dominus
3512 5260 3542 5326 ε⁸
3593 5309 3626 5330 Α,

2233 5318 2671 5413 Eiicient'ossa
2728 5318 2930 5413 regum
2987 5318 3160 5397 Juda,
3195 5330 3248 5381 et
3282 5339 3412 5381 ossa
3464 5318 3738 5391 prinClpum

2234 5399 2384 5470 ejus,
2416 5406 2474 5458 et
2504 5418 2638 5458 ossa
2663 5399 3056 5468 sacerdotum,

2234 5476 2290 5527 et
2320 5489 2456 5530 ossa
2484 5472 2923 5545 prophetarum,

2235 5524 2293 5600 et
2322 5524 2457 5670 631;;
2474 5524 2798 5629 dordm'qui
2812 5524 3234 5599 babitaverunt
3257 5530 3579 5597 Jerusalem,
3600 5524 3658 5578 de
3674 5531 3739 5572 sc-

2307 5634 2382 5670 nu
2413 5634 2526 5670 eris
2554 5634 2678 5670 suis
2711 5631 2724 5670 :
3556 5668 3565 5670 _

2350 5631 2526 5672 UICI‘lS
2554 5634 2678 5673 81118
2711 5631 2724 5670 ἶ

2307 5634 2526 5689 ρυιειιιε
2554 5634 2678 5673 suis
2711 5634 2724 5670 :

2165 5688 2231 5740 Et
2260 5690 2521 5765 pandant
2551 5683 3038 5765 (Al,_e§pandent)
3069 5699 3132 5738 ea
3164 5682 3229 5738 ad
3244 5675 3530 5765 .solemft
3555 5668 3731 5723 lunam,

2235 5748 2292 5814 et
2321 5748 2565 5817 omnem‘
2587 5748 2856 5817 militiam
2889 5748 3038 5825 caeli,
3073 5771 3198 5827 qua:
3228 5748 3550 5811 dilexerunt,
