3938 6174
214 230 308 283 917
364 200 367 201 ⁷
1370 225 1582 278 LIBER
1616 198 1954 280 manune
1992 221 2411 278 ΡΒΟΡΗΕΤΛΕ.
3496 234 3607 288 918

276 358 329 409 et
354 351 553 422 quibus
584 348 951 422 servierunt;
1869 351 1913 414 Α
1951 419 1992 422 _
2021 350 2077 400 et
2111 363 2225 402 non
2260 350 2386 422 erat
2415 348 2675 422 bonum;

278 432 331 480 et
359 419 481 494 post
511 438 633 494 quae
662 421 1113 494 ambuaverunt,
1950 419 2207 488 Tempus
2241 420 2503 494 medelae,

275 503 327 551 et
355 492 473 565 qua:
503 492 872 564 quaesierunt,
908 498 963 547 et
993 492 1402 565 adoraverunt.
1964 563 1969 565 7
2019 495 2075 545 et
2104 506 2235 544 ecce
2268 493 2539 565 formido.

214 568 323 641 Non
355 562 714 641 colligantur,
742 571 798 618 et
824 580 937 617 non
972 562 1364 641 sepelientur:
1621 638 1629 641 7
1945 563 1989 615 A
2016 567 2139 616 Dan
2175 563 2423 641 auditus
2446 570 2534 619 est
2566 565 2839 622 fremitus
2870 584 3153 640 equorum
3186 573 3336 641 ejus,

274 634 779 713 in__sterquilini7um
813 651 990 705 super
1020 635 1224 689 faciem
1254 638 1419 713 terrae
1465 638 1657 690 erunt.
2017 650 2050 688 a
2076 649 2217 687 voce
2233 634 2576 713 7binnituum
2604 634 3039 710 pugnatoruum
3059 634 3497 713 ejuscommota
3518 649 3608 701 est

211 710 268 764 Et
294 704 501 779 eligent
525 708 711 779 magis
744 704 991 762 mortem
1024 722 1201 779 quam
1226 706 1407 761 vitam
1472 777 1481 779 _
1633 777 1642 779 7
1944 774 1982 779 _
2087 704 2280 758 omnis
2312 711 2530 773 terras;

272 774 501 859 omnesi
536 774 652 850 qui'
668 779 886 834 residui
912 774 1130 833 fuerint
1157 778 1228 832 de
1255 777 1600 849 cognatione
1633 777 1740 833 hac
1944 774 2012 830 Et
2042 782 2430 859 ve7nerunt,7et
2487 780 2909 838 devoraverunt
2960 788 3172 841 terram
3234 790 3291 843 et
3346 785 3601 859 plenitu-

334 848 577 922 pessima
662 920 673 922 _
758 920 765 922 7
1068 921 1075 922 7
1188 919 1201 922 7
1340 848 1349 849 ⁷
1629 920 1639 922 _
2085 848 2282 922 dinem
2315 848 2484 922 ejus;

266 918 631 977 in'universis
661 920 821 987 locis,
868 936 995 993 qua“:
1049 919 1324 974 derelicta
1355 924 1516 987 sunt,
1575 920 1646 975 ad
1704 936 1831 991 quas
1949 989 1971 993 _
2014 918 2217 993 urbem
2250 923 2309 973 et
2340 919 2695 993 habitatores
2726 923 2876 993 ejus.

330 994 465 1073 ejeci
488 1009 607 1073 eos,
637 993 780 1047 dicit
815 989 1091 1046 Dominus
1121 996 1504 1047 exercituum.
1722 989 1737 991 ⁷
1939 989 2245 1073 Quia7ecce
2276 1006 2380 1062 ego
2416 992 2640 1073 mittam
2674 989 2837 1073 vobis
2869 1002 3174 1069 serpentes
3209 1000 3443 1073 regulos
3475 1000 3599 1072 qui.

204 1066 262 1120 Et
290 1062 435 1120 dices
465 1065 534 1118 ad
567 1080 704 1118 eos:
2084 1062 2192 1115 bus
2226 1079 2338 1116 non
2373 1068 2461 1119 est
2490 1064 2810 1120 incantatio
2832 1084 2852 1121 :

262 1140 381 1191 Haec
410 1136 549 1191 dicit
581 1135 906 1190 Dominus:
2009 1136 2067 1186 et
2090 1136 2443 1189 mordebant
2472 1152 2595 1200 vos,
2630 1136 2708 1191 ait
2743 1138 3046 1196 Dominus.

199 1208 450 1278 Nunquid
485 1207 586 1277 qui
618 1208 777 1262 cadit
809 1207 913 1275 (Al.
949 1206 1161 1275 cadet),
1197 1221 1311 1259 non
1339 1204 1650 1278 resurget?
1940 1202 2109 1278 Dolor
2141 1221 2307 1260 meus
2338 1222 2517 1277 super
2547 1206 2832 1277 dolorem,

260 1285 310 1333 et
333 1276 429 1349 qui
463 1276 701 1333 aversus
733 1282 842 1347 est,
876 1294 989 1332 non
1024 1276 1390 1332 revertetur?
1510 1346 1530 1349 7
1711 1346 1723 1349 7
1936 1346 1974 1349 _
2009 1276 2068 1329 in
2097 1292 2189 1330 me
2221 1294 2320 1349 cor
2351 1276 2547 1333 meum
2585 1296 2855 1336 mcerens.

199 1346 367 1415 Quare
393 1366 526 1427 ergo
540 1350 803 1427 "aversus
830 1346 921 1427 est
952 1349 1202 1427 pOpulus
1235 1349 1344 1403 iste
1386 1349 1441 1401 in
1500 1346 1823 1402 Jerusalem
1935 1346 2079 1402 Ecce
2110 1364 2219 1402 vox
2250 1348 2523 1404 clamoris
2554 1349 2687 1406 filim
2719 1352 2918 1425 populi
2952 1352 3065 1409 mei
3096 1354 3167 1410 de
3194 1357 3349 1411 terra
3372 1353 3598 1427 longin-

321 1422 615 1476 aversione
646 1421 1011 1476 contentiosa
1030 1421 1057 1473 ?
1974 1488 1977 1489 7
2077 1434 2193 1489 qua
2222 1435 2236 1473 :

195 1493 701 1566 Apprebenderunt
731 1492 1127 1566 mendacium.
1933 1488 2210 1559 Nunquid
2244 1491 2527 1566 Dominus
2556 1509 2670 1547 non
2690 1500 2792 1566 est
2822 1494 2881 1566 in
2913 1496 3069 1566 Sion,

256 1569 307 1617 et
337 1563 647 1618 noluerunt
677 1564 915 1618 reverti:
1946 1632 1957 1633 7
2005 1566 2107 1615 aut
2136 1577 2234 1615 rex
2264 1564 2391 1633 ejus
2424 1580 2537 1618 non
2570 1570 2657 1619 est
2683 1565 2739 1619 iu
2775 1565 2889 1621 ea?

194 1635 425 1700 Attendi,
456 1640 511 1690 et
541 1634 899 1690 auscultavi:
1011 1704 1015 1705 7
1156 1704 1159 1705 7
1932 1632 2119 1696 Quare
2149 1632 2309 1705 ergo
2331 1650 2424 1688 me
2481 1635 2552 1689 ad
2611 1635 2978 1694 iracundiam
3034 1639 3475 1698 concitaverunt
3530 1641 3591 1697 in

253 1721 411 1789 nemo
444 1708 855 1789 q7uod7bonum
888 1710 975 1789 est
1006 1704 1304 1789 loquitur;
1610 1779 1619 1789 7
1854 1724 1899 1789 Β
2042 1704 2453 1789 7s_culpti7libu7s
2486 1706 2633 1789 suis,

192 1776 379 1850 Nullus
408 1775 493 1833 est
519 1779 624 1849 qui
648 1782 785 1850 agat
802 1776 1202 1850 paenitentiam
1227 1788 1403 1844 super
1430 1779 1664 1845 peccato
1686 1790 1817 1842 suo,
1854 1775 1898 1789 ”
2004 1779 2059 1829 et
2088 1775 2150 1850 in
2181 1776 2538 1850 vanitatibus
2564 1777 2772 1835 alienis
2798 1779 2825 1834 ?

314 1849 507 1904 dicens
532 1846 555 1904 Ξ
687 1846 715 1850 ⁷
803 1846 819 1850 ⁷
1927 1846 2183 1901 Transiit
2213 1848 2446 1914 messis,

252 1920 385 1981 Quid
417 1921 518 1975 feci
543 1920 573 1975 ?
1999 1918 2167 1972 finita
2196 1924 2285 1974 est
2310 1923 2505 1985 aestas,

188 1994 378 2047 Omnes
406 1991 670 2047 conversi
703 1995 840 2046 sunt
870 1990 939 2045 ad
974 2004 1212 2044 cursum
1247 2004 1444 2055 suum,
1997 1994 2055 2044 et
2085 2005 2191 2044 nos
2221 1989 2429 2045 salvati
2463 2006 2574 2045 non
2611 2007 2841 2049 sumus.

249 2064 413 2137 quasi
432 2078 626 2137 equus
656 2064 875 2134 impetu
899 2063 1125 2137 vadens
1156 2061 1214 2114 in
1240 2059 1452 2131 praelio.
1926 2060 2113 2131 Super
2142 2061 2489 2137 contritione
2519 2062 2649 2117 filiae
2683 2064 2881 2137 pepuli
2916 2063 3029 2120 mei
3051 2065 3339 2122 contritus
3368 2081 3497 2122 sum
3523 2070 3581 2121 et

188 2134 372 2188 Milvus
401 2135 458 2189 in
484 2132 638 2190 caelo
671 2132 940 2207 cognovit
970 2139 1205 2204 tempus
1237 2147 1412 2187 suum
1441 2148 1455 2197 ;
1640 2138 1646 2143 '
2066 2132 2469 2207 contristatae,

242 2210 441 2272 turtur,
745 2204 768 2207 ⁷
1924 2274 1963 2275 77
1996 2209 2200 2275 stupor
2230 2204 2481 2260 obtinuit
2509 2220 2619 2259 me.

241 2281 291 2331 et
316 2276 590 2346 hirundo,
1920 2274 2198 2346 Nunquid
2233 2276 2425 2332 resina
2456 2292 2569 2331 non
2602 2280 2690 2331 est
2720 2276 2778 2331 in
2812 2276 3076 2334 Galaad?

242 2351 292 2402 et
321 2349 565 2417 ciconia,
1994 2351 2095 2401 aut
2125 2348 2388 2401 medicus
2416 2364 2529 2403 non
2564 2353 2653 2403 est
2683 2348 2811 2403 ibi?

236 2421 629 2495 custodierunt
661 2424 896 2490 tempus
928 2420 1216 2475 adventus
1248 2417 1337 2470 sui
1367 2433 1380 2471 :
1922 2419 2109 2483 Quare
2141 2418 2315 2495 igitur
2345 2435 2459 2474 non
2492 2423 2581 2475 est
2609 2419 2861 2476 obducta
2890 2419 3131 2477 cicatrix
3188 2421 3318 2478 filim
3378 2422 3580 2495 populi

176 2488 405 2561 P0pulus
434 2497 636 2545 autem
670 2488 859 2554 meus,
1968 2559 1981 2561 7
2066 2490 2177 2543 mei
2208 2493 2230 2543 Ρ

236 2559 339 2618 non
369 2564 644 2643 cognovit
668 2563 955 2643 judicinm
978 2561 1250 2643 Domini.
1923 2559 2080 2643 (Cap.
2117 2561 2233 2643 1X7.)
2264 2560 2404 2643 Quis
2438 2561 2598 2643 dabit
2628 2561 2803 2643 capiti
2839 2578 2965 2617 meo
2997 2578 3234 2643 aquaam,

174 2631 718 2706 Quomodo—dicitis;
754 2635 1059 2706 Sapientes
1092 2650 1197 2706 nos
1234 2647 1463 2697 sumus,
1922 2703 1961 2706 _
1992 2631 2261 2706 et7ocu7lis
2292 2631 2405 2706 mei
2439 2633 2658 2687 fontem
2688 2631 3081 2706 lacrymarum
3103 2635 3131 2690 ?

234 2710 283 2759 et
310 2704 393 2759 lex
422 2705 660 2779 Domini
692 2703 996 2761 nobiscum
1032 2705 1166 2759 est?
1246 2775 1258 2779 _
1525 2774 1540 2779 _
1751 2772 1761 2779 _
1922 2703 1990 2758 Et
2012 2703 2252 2779 plorabo
2297 2704 2389 2758 die
2445 2720 2511 2758 ac
2569 2708 2735 2760 nocte
2794 2703 3130 2763 interfectos
3190 2706 3320 2762 filiae
3379 2706 3582 2779 populi

171 2773 699 2850 Veremendacium
727 2782 1003 2850 operatus
1032 2783 1122 2832 est
1151 2775 1338 2847 stylus
1372 2774 1621 2829 mendax
1650 2772 1803 2830 scri-
1931 2845 1957 2850 Α
2013 2772 2029 2850 ⁷
2066 2776 2202 2850 mei.

304 2847 525 2916 barum,
766 2844 784 2850 ⁷
1211 2844 1227 2847 ⁷
1923 2844 2064 2909 Quis
2086 2844 2250 2900 dabit
2282 2860 2375 2900 me
2407 2844 2464 2899 in
2490 2844 2809 2901 solitudine
2840 2846 3225 2905 diversorium
3269 2848 3577 2915 viatorum,

178 2920 394 2976 Confusi
425 2924 574 2992 sunt
604 2919 922 2992 sapientes,
1994 2921 2051 2973 et
2080 2916 2486 2992 derelinquam
2519 2916 2804 2989 populum
2838 2935 3056 2988 meum,
3094 2924 3150 2977 et
3205 2921 3471 2976 recedam
3505 2921 3577 2976 ab

240 2991 515 3060 perterriti
552 2994 613 3045 et
642 2988 794 3062 capti
827 2994 1010 3062 sunt:
1943 3061 1954 3062 7
2019 3059 2028 3062 7
2066 2988 2150 3043 eis
2174 2988 2202 3042 ?

178 3057 599 3155 Ve‘rbum7eni7r7n
634 3057 860 3155 Domini
892 3061 1283 3155 projecerunt,
1843 3088 1886 3155 Ο
1924 3059 2305 3155 Ουὶαιοσιῐιθε
2338 3058 2585 3155 adniteri
2617 3064 2776 3127 sunt,

239 3137 287 3188 et
316 3134 609 3205 sapientia
642 3133 804 3188 nulla
835 3131 923 3189 est
948 3131 1007 3187 in
1039 3132 1143 3188 eis.
1376 3201 1386 3205 _
1844 3131 1886 3155 υ
1924 3202 1961 3205 _
1995 3134 2179 3186 coetus
2209 3131 2741 3205 praavaricatorum,

181 3201 459 3273 Propterea
479 3206 639 3261 dabo
670 3205 943 3260 mulieres
975 3220 1178 3260 eorum
1211 3201 1444 3271 exteris,
1923 3202 1993 3258 Et
2022 3201 2408 3258 extenderunt
2436 3202 2699 3274 linguam
2732 3218 2901 3259 suam
2920 3203 3090 3275 quasi
3110 3218 3311 3261 arcum
3336 3205 3581 3262 menda-

239 3292 398 3347 agros
427 3293 637 3333 eorum
671 3277 1001 3333 heredibus
1030 3291 1043 3329 :
1148 3344 1158 3347 7
1768 3341 1779 3347 _
1996 3275 2068 3347 cii
2102 3279 2160 3329 et
2190 3290 2305 3347 non
2336 3274 2599 3347 veritatis
2625 3291 2637 3329 :

178 3341 307 3411 Quia
335 3366 366 3402 a
399 3350 656 3404 minimo
687 3365 875 3420 usque
905 3349 973 3403 ad
1009 3344 1329 3420 maximum
1363 3358 1565 3420 omnes
1625 3341 1817 3398 avari-
1924 3345 2240 3420 Confertati
2267 3349 2409 3420 sunt
2436 3346 2705 3420 interra,

302 3421 437 3475 tiam
472 3415 814 3492 sequuntur
844 3420 951 3492 (Al.
985 3416 1236 3492 avaritia:
1268 3415 1566 3492 student)_:
1601 3486 1621 3492 _
1692 3484 1703 3492 7
1802 3489 1811 3492 _
1999 3417 2135 3488 quia
2167 3418 2237 3471 de
2267 3417 2423 3472 malo
2454 3418 2525 3473 ad
2560 3416 2783 3472 malum
2814 3415 3039 3492 egressi
3069 3421 3231 3492 sunt,

237 3507 266 3545 a
294 3484 583 3564 propheta
614 3507 799 3565 usque
831 3484 900 3548 ad
934 3490 1297 3547 sacerdotem
1350 3484 1545 3543 cuncti
1595 3484 1821 3541 faciunt
1925 3559 1970 3565 __
1997 3484 2052 3545 et
2084 3503 2323 3565 menon
2348 3492 2765 3565 cognoverunt,
2798 3484 2941 3543 dicit
2962 3489 3268 3565 Dominus.

301 3558 756 3639 mendacium.'7
791 3633 803 3639 _
1026 3632 1096 3639 Α..
1339 3630 1377 3639 __
1498 3628 1511 3639 _
1607 3628 1623 3639 7
1654 3629 1664 3639 7
1925 3558 2342 3639 Unusquisque
2373 3558 2503 3639 sea
2534 3561 2797 3633 proximo
2829 3561 3279 3639 suo_custo_d7iat,

177 3630 235 3688 Et
260 3636 545 3691 sanabant
572 3633 981 3691 contritionem
1020 3632 1147 3687 ﬁliae
1178 3630 1379 3704 populi
1402 3628 1515 3685 mei
1555 3628 1628 3685 ad
1652 3629 1819 3700 igno-
1943 3703 1950 3704 7
1998 3637 2054 3687 et
2083 3628 2143 3686 in
2175 3628 2551 3704 omnifratre
2578 3649 2694 3704 suo
2716 3649 2832 3686 non
2865 3632 3080 3688 habeat
3110 3628 3411 3689 ﬁduciam.

302 3706 572 3773 miniam,
607 3707 906 3763 dicentes:
1180 3702 1197 3703 ⁷
1262 3702 1273 3704 ⁷
1926 3703 2072 3768 Quia
2103 3703 2295 3777 omnis
2326 3702 2508 3777 frater
2527 3703 2920 3777 supplantans
2943 3704 3051 3765 (Αἱ.
3085 3703 3582 3776 supplantatione)

179 3776 302 3844 Pax,
333 3794 457 3850 pax,
2042 3849 2045 3850 7
2068 3774 2493 3850 supplantabit,

242 3844 365 3921 cum
397 3844 513 3906 nOn
550 3852 710 3904 esset
742 3864 871 3921 pax.
1930 3919 1968 3921 _
2001 3844 2277 3921 etornnis
2309 3846 2536 3900 amicus
2568 3845 2973 3921 fraudulenter
3003 3844 3250 3902 incedet.

177 3919 394 3976 Confusi
427 3926 592 3985 sunt,
743 3916 760 3921 ⁷
1929 3919 1997 3973 Et
2026 3917 2116 3971 vir
2146 3916 2384 3971 fratrem
2409 3933 2583 3972 suum
2618 3916 2926 3985 deridebit,

242 3992 366 4057 quia
396 3991 904 4049 abominationem
937 3988 1237 4045 fecerunt:
2000 3993 2057 4043 et
2084 3987 2387 4043 veritatem
2423 4006 2537 4044 non
2571 3987 2922 4058 loquentur:

181 4060 433 4125 Quinimo
465 4063 813 4120 confusione
844 4078 959 4116 non
994 4065 1136 4116 sunt
1165 4060 1415 4128 confusi,
1928 4060 2263 4132 Docuerunt
2294 4059 2449 4114 enim
2476 4057 2742 4132 linguam
2776 4076 2946 4115 suam
2966 4057 3127 4129 loqui
3164 4057 3534 4114 mendacium
3563 4073 3579 4114 :

240 4137 290 4188 et
317 4136 668 4192 erubescere
698 4133 1034 4189 nescierunt
1058 4149 1070 4187 :
2000 4135 2069 4203 ut
2095 4131 2296 4201 inique
2327 4131 2590 4203 agerent.
2614 4132 3043 4187 laboraverunt.

180 4200 376 4261 ldcirco
402 4208 615 4263 cadent
646 4206 798 4260 inter
828 4209 1187 4270 corruentes,
1717 4269 1724 4270 7
1928 4200 2223 4259 Habitatio
2252 4200 2442 4257 tua'in
2476 4205 2670 4258 medio
2704 4203 2843 4259 idoli
2874 4219 2885 4256 :

242 4275 294 4331 in
324 4282 591 4350 tempore
616 4277 975 4333 visitationis
1008 4294 1127 4333 sua
1174 4269 1475 4339 corruent,
1536 4270 1677 4327 dicit
1707 4269 1822 4325 Do-
2002 4275 2060 4328 in
2093 4273 2226 4329 dolo
2260 4279 2581 4350 renuerunt
2612 4274 2761 4350 scire
2796 4290 2907 4344 me,
2941 4272 3089 4350 dicit
3116 4270 3421 4329 Dominus.

308 4345 525 4406 minus.
1931 4350 2243 4416 Propterea
2272 4346 2392 4400 haec
2424 4346 2564 4401 dicit
2596 4346 2879 4402 Dominus
2908 4345 3264 4401 exercituum
3292 4361 3307 4399 :

180 4418 537 4504 Eongregans
568 4419 934 4504 congregabo
966 4436 1085 4488 eos,
1122 4418 1202 4474 ait
1230 4416 1552 4473 Dominus:
1855 4467 1897 4504 η
1931 4419 2209 4504 Ecee7e7go
2242 4417 2527 4504 conﬂabq,
2554 4422 2617 4504 et
2646 4419 2905 4504 probabo
2929 4434 3065 4504 eos":

183 4467 542 4549 Nonoestouva
571 4493 632 4547 in
664 4467 905 4559 vritibaus,
968 4467 994 4477 ⁷
1072 4467 1085 4488 ⁷
1850 4467 1897 4532 Ῑ)
2002 4467 2323 4561 quidnenim
2360 4467 2759 4561 aliud,7faciam
2785 4507 2817 4544 a
2849 4488 2992 4544 facie
3023 4488 3153 4543 filia:
3186 4485 3388 4559 populi
3430 4485 3592 4542 mei?

243 4566 295 4633 et
320 4579 435 4619 non
470 4568 613 4620 sunt
644 4564 791 4621 ficus
822 4564 878 4618 in
912 4561 1201 4631 ﬁculnea;
1933 4560 2159 4633 Sagitta
2187 4561 2506 4633 vulnerans
2539 4560 2741 4633 lingua
2771 4577 2997 4627 eorum,

185 4630 393 4690 Folium
428 4635 705 4692 deﬂuxit:
2005 4632 2206 4687 dolum
2231 4632 2424 4687 locuta
2455 4636 2582 4688 est:

248 4707 302 4759 et
330 4706 582 4780 dedieis
612 4722 739 4780 quae
772 4710 1186 4780 prmtergressa
1216 4708 1375 4760 sunt.
1934 4702 1995 4757 1n
2029 4720 2127 4759 ore
2158 4720 2264 4780 suo
2298 4720 2499 4780 pacem
2532 4719 2665 4780 cum
2700 4702 2888 4780 amico
2921 4719 3027 4759 suo
3057 4700 3341 4773 loquitur,

187 4773 361 4838 Quare
391 4773 668 4835 sedemus
688 4778 717 4833 ?
773 4773 791 4780 ⁷
985 4773 1013 4779 ⁷
1220 4846 1223 4847 7
1590 4843 1602 4847 _
1942 4845 1983 4847 77
2007 4779 2064 4830 et
2093 4773 2318 4847 occulte
2348 4776 2509 4847 ponit
2540 4775 2591 4831 ei
2621 4774 2887 4831 insidias.

249 4851 565 4920 convenite,
596 4855 654 4905 et
684 4850 1086 4919 ingrediamur
1120 4846 1412 4903 civitatem
1443 4843 1752 4911 munitam,
1938 4845 2213 4917 Nunquid
2240 4843 2435 4920 {super
2484 4847 2578 4901 bis
2630 4864 2743 4920 non
2790 4845 3089 4920 visitabo?
3138 4843 3592 4920 dicitDominus.

250 4923 304 4973 et
335 4915 617 4977 sileamus
650 4915 775 4977 ibi?
1140 4988 1145 4989 7
1514 4987 1524 4989 7
2010 4915 2111 4973 aut
2140 4915 2372 4989 gentem
2392 4915 3409 4989 hujusmodinonulcisceturanima
3429 4915 3596 4971 mea?

187 4988 321 5053 Quia
348 4991 637 5049 Dominus
665 4998 821 5048 Deus
854 4996 1054 5048 noster
1083 4988 1255 5046 silere
1284 5005 1392 5045 nos
1424 4987 1576 5055 fecit,
1936 4993 2124 5061 Super
2147 4987 2384 5049 montes
2414 4987 2714 5045 assumam
2746 4990 2945 5045 ﬂetum
2968 4992 3025 5045 et
3046 4989 3393 5053 lamentum,

250 5066 303 5117 et
328 5069 533 5134 potum
567 5064 727 5120 dedit
749 5064 918 5119 nobis
950 5077 1163 5135 aquam
1195 5061 1348 5117 fellis
1379 5076 1392 5115 :
1949 5133 1969 5135 _
2012 5065 2068 5116 et
2098 5077 2276 5135 super
2307 5061 2573 5133 speciosa
2604 5062 2816 5118 deserti
2846 5061 3146 5135 planctum
3183 5077 3194 5114 :

185 5127 546 5205 Beccavimus
577 5137 731 5193 enim
763 5127 1027 5192 Domino:
1939 5127 2224 5205 Quoniam
2254 5127 2497 5189 incensa
2525 5138 2685 5201 sunt,
2719 5150 2785 5189 eo
2817 5127 2974 5205 q'uod
3033 5148 3147 5188 non
3197 5130 3276 5187 sit
3319 5127 3411 5183 vir
3464 5141 3595 5198 per-

186 5201 652 5278 Exspectavimus
683 5223 907 5281 pacem,
2010 5204 2305 5261 transiens
2329 5220 2343 5259 :

254 5417 269 5451 ¹
300 5418 522 5494 Novem
556 5427 866 5494 sequentes
894 5437 1098 5478 versus
1130 5416 1505 5494 agnqscjtS.
1559 5413 1833 5494 Augusti:
1940 5417 2143 5494 buisse
2173 5416 2505 5494 continuas.
2539 5417 2911 5494 Contrarium
2943 5431 3098 5494 nune
3135 5413 3409 5494 evincunt
3433 5482 3442 5492 7
3465 5426 3596 5494 pro-

192 5503 295 5564 nus
323 5491 383 5545 in
416 5482 688 5564 Speculo,
721 5512 785 5550 ac
816 5495 1060 5550 totidem
1093 5482 1222 5549 esse
1252 5488 1524 5564 deﬁnivit
1544 5482 1727 5558 usque
1759 5486 1827 5541 ad
1941 5489 2128 5564 pheta
2159 5489 2425 5564 versibus
2454 5489 2892 5564 descripti,7se_d_
2918 5494 2973 5544 et
3004 5487 3313 5564 infraidem
3328 5482 3595 5564 “eviden-

193 5556 306 5635 limo
334 5554 551 5619 verba:
584 5554 851 5635 Quomodo
877 5567 1082 5631 dicitis,
1115 5568 1225 5620 etc.
1258 5562 1410 5635 Hinc
1432 5554 1832 5630 videas-quam
1940 5554 2172 5635 tissime
2203 5554 2740 5635 demonstratur'ex
2765 5560 2919 5627 Jobi,
2946 5559 3206 5635 Davidis,
3239 5562 3295 5612 et
3318 5554 3593 5635 Salomo-

196 5627 359 5710 longe
388 5637 507 5710 sint
540 5626 729 5694 a'vero
762 5638 968 5710 nuperi
1001 5626 1241 5710 quidam
1301 5632 1645 5710 scriptores,
1670 5626 1830 5710 'c_um
1943 5632 2033 5710 nis
2064 5633 2364 5710 operibus,
2399 5650 2536 5710 quis
2559 5636 2843 5710 antlnpt'bc
2866 5626 3248 5710 reperiuntur
3303 5626 3597 5710 descripta

199 5650 359 5703 longe
388 5650 507 5690 sint
540 5652 572 5691 a
597 5654 729 5694 vero
762 5655 968 5710 nuperi
1001 5650 1241 5710 quidam
1301 5650 1637 5705 scriptores,
1699 5650 1830 5685 cum
1943 5650 2033 5687 nis
2064 5650 2364 5705 operious,
2399 5650 2525 5704 quis
2559 5653 2641 5686 στι
2693 5652 2843 5706 ηρως
2875 5650 3248 5705 reperiuntur
3303 5650 3594 5707 descripta

199 5702 407 5782 ἲεωθεθ
438 5708 649 5765 docent
695 5710 959 5782 singulos
1015 5724 1243 5782 versus,
1302 5721 1471 5782 quos7
1509 5702 1835 5782 saepissime
1941 5703 2006 5782 in
2035 5708 2282 5776 utroque
2312 5705 2631 5779 exemplari
2650 5650 2912 5761 Eanonis
2962 5701 3255 5760 Hebraica:
3311 5698 3594 5766 veritatis,

201 5775 491 5845 appellant
520 5772 1237 5847 auctoresvecclesiastici,
1266 5772 1366 5834 se'x
1416 5772 1700 5832 dictiones
1730 5772 1836 5830 ba-
1946 5773 2141 5831 Mam.
