3938 6174
226 245 311 299 921
1369 243 1585 297 LIBER
1621 245 1955 301 JEREMIE
1994 246 2413 305 PROPHETB.

1863 377 1914 442 A

220 374 306 427 Vis
335 365 466 441 mihi
495 381 665 441 super
695 365 1046 426 contritione
1072 385 1225 441 mea,

286 439 519 512 pessima
547 438 720 512 plaga
751 455 902 496 mea.

221 510 335 586 Ego
354 515 534 586 autem
568 510 725 586 dixi_:

283 585 442 638 Plane
471 583 584 637 haec
615 581 931 640 inﬁrmitas
963 599 1093 640 mea
1125 589 1234 651 est,

280 661 330 711 et
360 655 588 726 portabo
619 653 803 708 illam.

217 725 651 784 Tabernaculum
686 741 883 781 meum
915 731 1208 783 vastatum
1237 733 1347 794 est,

278 813 464 872 omnes
495 796 736 872 funiculi
797 797 910 852 mei
941 798 1191 872 disrupti
1225 804 1386 867 sunt,

278 869 374 924 ﬁlii
405 869 514 924 mei
549 867 814 925 exierunt
846 885 879 924 a
911 886 1024 939 me,
1057 867 1259 926 et-non
1285 870 1632 926 subsistunt
1666 886 1678 922 :

216 946 322 997 Non
353 945 436 996 est
464 941 576 1011 qui,
620 941 894 996 extendat
948 941 1101 998 ultra
1149 943 1464 999 tentorium
1525 957 1745 1008 meum,
1780 943 1836 995 et

274 1013 446 1084 erigat
468 1010 653 1084 pelles
683 1027 864 1067 meas.

213 1085 341 1148 Quia
359 1083 540 1154 stulte
569 1089 818 1154 egerunt
850 1088 1141 1154 pastores,

275 1164 319 1210 et
351 1153 656 1210 Dominum
691 1171 802 1210 non
830 1153 1190 1226 quasierunt
1221 1172 1234 1211 :

208 1232 499 1298 Pr0pterea
533 1242 650 1281 non
679 1226 1110 1298 intellexerunt,

267 1305 319 1352 et
345 1297 532 1372 omnis
565 1313 703 1372 grex
732 1313 934 1353 eorum
963 1297 1270 1372 dispersus
1303 1303 1410 1356 est.

206 1374 316 1425 Vox
345 1369 661 1426 auditionis
690 1385 821 1425 ecce
851 1369 1026 1441 venit,

265 1447 316 1497 et
343 1441 658 1514 commotio
691 1457 906 1514 magna
940 1442 1009 1497 de
1040 1445 1195 1514 terra
1227 1441 1524 1514 aquilonis
1560 1457 1573 1496 :

265 1457 316 1497 et
343 1457 658 1497 commouo
691 1457 906 1568 magna
940 1457 1009 1497 ae
1040 1457 1195 1496 terra
1227 1457 1524 1514 aquilonis
1560 1457 1573 1496 :

205 1512 269 1568 Ut
294 1517 474 1585 ponat
495 1513 768 1585 civitates
839 1514 951 1568 uda
983 1513 1090 1583 (AL
1124 1515 1248 1569 add.
1275 1515 1358 1585 in)
1392 1512 1795 1584 solitudinem,

267 1583 319 1639 et
348 1583 754 1640 habitaculum
784 1585 1125 1640 draconum.

205 1656 339 1724 Scio,
366 1657 634 1720 Domine,
669 1656 806 1726 quia
840 1673 954 1712 non
983 1661 1074 1712 est
1103 1656 1363 1712 hominis
1389 1657 1481 1711 via
1512 1657 1640 1727 ejus
1673 1673 1687 1710 :

265 1727 495 1818 negcgviri
517 1729 1029 1818 est‘utambulet,
1062 1732 1120 1784 et
1149 1728 1364 1802 dirigat
1394 1743 1634 1800 gressus
1666 1743 1829 1784 suos.
1866 1753 1912 1818 Β

204 1799 416 1871 Corripe
445 1815 562 1867 me,
596 1799 864 1862 Domine.

265 1870 637 1926 veruntamen
673 1872 728 1925 in
764 1871 1003 1938 iudicio,
1037 1875 1094 1926 et
1125 1887 1237 1926 non
1270 1870 1330 1926 in
1367 1872 1559 1928 furore
1603 1874 1724 1938 tuo,

267 1959 332 2016 ne
363 1942 504 2016 forte
527 1942 603 2016 ad
637 1942 891 2016 nihilum
924 1942 1157 2016 redigas
1185 1959 1295 1998 me.

205 2014 426 2070 Eﬂ'unde
454 2014 926 2086 indignationem
955 2014 1121 2070 tuam
1151 2031 1327 2087 super
1343 2019 1547 2085 gentes
1567 2030 1694 2086 quas
1718 2029 1833 2068 non

337 2091 740 2158 cognoverunt
770 2091 848 2154 te,

264 2161 315 2212 et
339 2157 510 2228 super
543 2157 880 2230 provincias
911 2173 1038 2230 quae
1070 2173 1284 2213 nomen
1309 2162 1478 2212 tuum
1513 2172 1628 2212 non
1670 2157 1838 2212 invo-

335 2233 617 2285 caverunt
649 2246 663 2296 ;

204 2299 334 2364 Quia
361 2302 745 2356 comederunt
775 2299 979 2366 Jacob,
1013 2302 1071 2353 et
1111 2299 1535 2355 devoraverunt
1563 2315 1721 2367 eum,

265 2378 314 2456 et
342 2371 1040 2456 consumpseruntjllum
1070 2370 1178 2456 (At.
1211 2371 1452 2443 locum).

265 2447 317 2498 et
344 2445 517 2500 decus
556 2442 688 2515 ejus
718 2442 1176 2515 dissipaverunt.

205 2513 346 2587 (Cap.
380 2517 498 2584 XI.)
527 2513 791 2571 Vérbum
823 2513 976 2586 quod
1009 2513 1230 2569 factum
1264 2517 1354 2570 est
1385 2530 1419 2569 a
1462 2513 1707 2570 Domino
1765 2513 1836 2570 ad

325 2587 644 2643 Jeremiam
675 2587 879 2643 dicens
911 2604 925 2642 :

209 2656 398 2742 Audite
425 2659 610 2741 verba
641 2659 791 2742 pacti
827 2659 1029 2742 hujus2

265 2733 316 2784 et
341 2727 658 2802 loquimini
689 2732 760 2786 ad
793 2727 947 2788 viros
1002 2727 1178 2802 Juda,
1239 2733 1295 2785 et
1354 2729 1424 2784 ad
1479 2727 1840 2784 habitatores

331 2801 658 2858 Jerusalem
671 2843 684 2870 ,

271 2875 322 2926 et
347 2873 500 2929 dices
533 2874 614 2929 ad
645 2889 743 2929 eos
768 2889 782 2927 :

215 2941 330 2997 "me
358 2945 498 3000 dicit
529 2945 826 3001 Dominus
857 2949 1009 3000 Deus
1038 2943 1215 3000 Israel
1251 2960 1264 2999 :

214 3011 541 3088 Maledictus
577 3016 686 3082 vir,
718 3016 814 3088 qui
847 3033 962 3071 non
991 3015 1245 3082 audierit
1265 3013 1444 3088 verba
1462 3012 1612 3086 pacti
1635 3013 1839 3088 hujus,

272 3087 416 3158 quod
445 3088 698 3160 praecepi
733 3086 998 3156 patribus
1028 3088 1258 3152 vestris,
1296 3087 1354 3140 in
1387 3086 1480 3142 die
1512 3102 1631 3158 qua
1667 3086 1837 3140 eduxi

334 3175 429 3232 eos
459 3161 530 3216 de
569 3165 726 3215 terra
755 3159 1004 3232 IEgypti.

269 3229 333 3284 de
367 3231 606 3287 fornace
639 3229 849 3296 ferrea,
865 3229 1077 3287 dicens
1114 3247 1127 3286 :

204 3300 399 3356 Audite
429 3318 638 3358 vocem
664 3319 879 3373 meam,
911 3309 968 3358 et
991 3305 1162 3358 facite
1192 3301 1393 3357 omnia
1421 3317 1549 3372 quae
1577 3299 1848 3372 praecipio

337 3374 498 3430 vobis

269 3417 521 3518 eteritis
553 3443 699 3500 mihi
732 3443 793 3500 in
825 3444 1130 3518 populum,
1162 3449 1218 3500 et
1249 3461 1354 3517 ego
1409 3459 1506 3499 ero
1564 3441 1730 3498 vobis
1788 3442 1844 3496 in

211 3584 279 3642 Ut
305 3516 586 3714 83ἒοῖξῶ
615 3588 1042 3660 juramentum,
1114 3588 1268 3660 quod
1328 3585 1519 3658 juravi
1579 3584 1848 3658 patribus

337 3675 433 3714 νθε
467 3679 575 3714 PlS.

337 3675 547 3716 vestris
558 3703 575 3727 ,

276 3730 550 3788 daturum
589 3745 682 3785 me
718 3729 803 3785 eis
834 3734 1048 3786 terram
1075 3731 1348 3786 fluentem
1383 3728 1536 3785 lacte
1565 3731 1623 3784 ct
1654 3727 1848 3800 melle,

271 3801 416 3858 sicut
455 3808 549 3859 est
583 3802 709 3857 dies
741 3801 884 3857 haec.

210 3872 267 3928 Et
293 3873 598 3947 respondi,
634 3879 692 3947 et
723 3873 839 3928 dixi
876 3890 891 3929 :

269 3945 474 4010 Amen,
513 3945 782 4002 Domine.

209 4013 268 4069 Et
297 4016 444 4073 Dixit
475 4019 764 4073 Dominus
796 4016 865 4070 ad
901 4032 994 4071 me
1029 4032 1041 4071 :

205 4087 522 4146 Vociferare
556 4087 756 4144 omnia
785 4088 961 4144 verba
990 4087 1114 4142 haec
1143 4086 1203 4142 in
1235 4085 1571 4143 civitatibus
1600 4084 1777 4154 Juda,

271 4163 323 4214 et
354 4161 494 4217 foris
523 4158 885 4226 Jerusalem,
919 4159 1118 4214 dicens
1146 4175 1160 4213 :

207 4231 398 4289 Audite
427 4233 610 4288 verba
640 4231 789 4301 pacti
825 4231 1027 4300 hujus,
1060 4235 1116 4285 et
1149 4229 1319 4284 facite
1350 4228 1451 4283 illa
1482 4247 1496 4296 ;

269 4303 401 4373 quia
435 4307 782 4360 contestans
813 4306 1176 4358 contestatus
1210 4317 1338 4355 sum
1373 4305 1570 4373 patres
1600 4303 1848 4373 vestros,

269 4372 325 4430 in
357 4375 449 4431 die
481 4392 604 4448 qua
635 4374 808 4429 eduxi
839 4391 938 4430 eos
969 4375 1039 4430 de
1071 4380 1223 4429 terra
1249 4372 1500 4446 1Egypti,
1535 4387 1725 4443 usque
1773 4372 1844 4427 ad

270 4445 421 4502 diem
451 4447 630 4502 hanc.

309 4463 421 4502 lem
451 4463 630 4502 08.00.

205 4515 647 4644 Maqedsurgens
679 4519 1041 4574 contestatus
1071 4532 1226 4584 sum,

270 4604 298 4643 e
393 4607 470 4644 ιιι
510 4606 523 4644 ἒ

270 4594 324 4644 et
352 4590 470 4645 dixi
510 4606 523 4645 :

204 4661 406 4716 Audite
441 4677 643 4716 vocem
677 4676 868 4716 meam
905 4675 919 4714 :

268 4737 321 4786 et
345 4749 460 4788 non
493 4733 830 4798 audierunt,
859 4747 963 4786 nec
994 4729 1426 4785 inclinaverunt
1447 4744 1649 4784 aurem
1674 4743 1843 4783 suam

202 4800 304 4859 Sed
337 4804 616 4930 abilerunt
644 4803 1059 4876 unusquisque
1091 4803 1148 4857 in
1181 4802 1465 4874 pravitate
1507 4799 1701 4857 cordis
1750 4799 1843 4854 sui

337 4892 436 4930 ma
464 4891 483 4930 ι
510 4893 524 4929 :

337 4891 524 4932 man:

202 4941 266 4998 Et
292 4944 497 5003 induxi
525 4960 705 5016 super
729 4961 828 5001 eos
859 4945 1058 5001 omnia
1076 4945 1254 5002 verba
1283 4943 1435 5016 pacti
1458 4942 1659 5014 hujus,
1687 4940 1843 5013 quod

334 5017 579 5090 praecipi
612 5021 672 5072 ut
702 5016 986 5084 facerent,

267 5091 322 5142 et
350 5106 466 5145 non
501 5090 784 5144 iecerunt.

201 5157 259 5214 Et
284 5159 431 5216 dixit
457 5160 747 5217 Dominus
779 5159 850 5214 ad
886 5174 980 5214 me
1012 5173 1026 5213 :

266 5233 507 5288 Inventa
539 5236 627 5288 est
655 5231 987 5302 conjuratio
1015 5229 1075 5302 in
1107 5229 1248 5286 viris
1277 5229 1451 5300 Juda,

265 5307 322 5358 et
349 5303 408 5358 in
443 5300 802 5360 habitatores
830 5300 1176 5359 Jerusalem.

199 5375 426 5432 Reversi
449 5379 594 5430 sunt
614 5376 682 5430 ad
709 5374 1053 5446 iniquitates
1079 5377 1309 5446 patrum
1331 5387 1571 5429 suorum
1594 5371 1841 5444 priores,

307 5447 362 5502 ui
394 5447 717 5503 noluerunt
747 5447 952 5501 audire
981 5447 1158 5500 verba
1191 5461 1338 5500 mea.

199 5515 261 5572 Et
280 5515 348 5574 bi
378 5534 522 5592 ergo
558 5519 826 5576 abierunt
850 5521 986 5590 post
1020 5517 1157 5573 deos
1189 5515 1432 5587 alienos,

267 5731 515 5789 'Minus
575 5732 720 5788 bene
776 5715 995 5802 lectum
1052 5729 1110 5786 in
1171 5729 1566 5786 Commentar.
1623 5733 1706 5786 Tu
1736 5745 1839 5802 pro

201 5802 353 5872 Tunc,
387 5803 550 5876 quod
580 5808 668 5861 est
695 5804 758 5861 in
787 5801 1043 5860 Hebraeo.
1073 5814 1143 5862 τις
1167 5840 1181 5856 .

3488 233 3596 293 928

2093 377 2157 428 ut
2188 374 2474 432 servirent
2503 375 2607 432 eis.

1949 444 2181 501 Irritum
2201 446 2460 505 fecerunt
2473 448 2684 504 domus
2701 441 2881 500 Israel
2897 446 2952 498 et
2965 442 3176 499 domus
3192 439 3595 511 Judapactum

2087 533 2311 585 meum,

2011 591 2162 658 quod
2197 587 2392 715 ἕθρὶςί
2425 587 2859 715 ουαιίξδεῑτὶὺιιε
2890 601 3114 640 eorum.

2011 677 2124 714 1am
2159 676 2190 714 0
2267 677 2386 715 rem
2423 660 2542 715 haec
2619 660 2720 714 icit
2759 657 3088 713 Dominus:

1943 657 2124 724 Quam
2159 657 2230 715 ob
2267 657 2386 716 rem
2423 660 2542 715 haec
2576 657 2720 716 dicit
2759 657 3088 713 Dominus:

1941 722 2084 787 Ecce
2116 747 2220 802 ego
2273 732 2552 788 inducam
2589 731 2694 803 (Al.
2728 729 2930 800 induo)
2963 744 3139 798 super
3169 743 3268 782 eos
3303 722 3482 790 mala,
3525 723 3597 778 dc

2085 804 2302 874 quibus
2336 804 2488 859 exire
2523 821 2635 859 non
2669 807 2988 873 poterunt;

2015 870 2358 930 clamabunt
2389 875 2458 929 ad
2495 891 2608 945 me,
2643 870 2699 930 et
2729 890 2858 945 non,
2877 870 3188 945 exaudiam
3225 884 3362 945 e_os.'

1944 945 2011 1000 Et
2061 945 2228 1001 ibunt
2259 946 2523 1002 civitates
2551 937 2726 1014 Juda,
2759 950 2816 1001 et
2847 943 3206 1014 habitatores
3237 937 3595 1004 Jerusalem,

2015 1022 2071 1096 et
2101 1017 2443 1096 clamabunt
2475 1018 2544 1096 ad
2581 1013 2718 1096 deos
2747 1015 2964 1096 quibus
2995 1013 3219 1096 libant...
3309 1082 3320 1093 ο

2013 1094 2071 1144 et
2093 1106 2208 1145 non
2228 1089 2652 1146 salvabunteos
2668 1089 2724 1143 in
2749 1084 3593 1158 temporeafﬂictioniseorum.

1942 1160 2280 1216 Secundum
2306 1177 2620 1216 numerum
2644 1163 2800 1217 enim
2826 1155 3128 1214 civitatum
3145 1161 3408 1222 tuarum,
3431 1155 3599 1208 erant

2085 1233 2165 1286 dii
2202 1233 2308 1308 tui,
2341 1233 2525 1290 Juda:
2783 1301 2796 1308 _
2992 1301 3014 1308 _
3195 1297 3210 1308 ,
3497 1293 3508 1305 .
3553 1292 3593 1308 ..

2013 1307 2070 1358 et
2084 1297 2408 1359 secundum
2426 1297 3594 1370 numerumviarumJerusalem,posuisti

2085 1392 2216 1430 aras
2249 1375 2635 1442 confusionis,

2014 1462 2145 1502 aras
2177 1447 2248 1500 ad
2283 1447 2590 1502 libandum
2627 1443 2865 1501 Baalim.

1942 1517 2026 1572 Tu
2061 1533 2199 1589 ergo
2232 1519 2348 1574 noli
2381 1535 2545 1574 orare
2581 1534 2686 1594 pro
2714 1515 2930 1594 populo
2965 1515 3095 1594 hoc,
3243 1583 3278 1594 η

2013 1593 2072 1662 et
2103 1587 2175 1645 ne
2209 1606 2478 1645 assumas
2504 1587 2606 1662 pro
2637 1587 2730 1662 eis
2756 1587 3010 1653 laudem,
3045 1592 3103 1662 et
3135 1587 3478 1662 orationem.

1943 1661 2089 1726 Quia
2146 1677 2261 1716 non
2293 1656 2600 1718 exaudiam
2631 1661 2690 1716 in
2747 1669 3006 1732 tempore
3055 1656 3332 1713 clamoris
3392 1667 3595 1709 eorum

2087 1733 2156 1786 ad
2193 1748 2304 1787 me.

2014 1801 2728 1876 intemporeafﬂictionis
2760 1817 2990 1876 eorum.
3086 1872 3100 1876 Α
3468 1866 3490 1876 _
3558 1865 3568 1876 .

1943 1875 2092 1942 Quid
2142 1866 2250 1942 est,
2294 1876 2448 1946 quod
2484 1875 2736 1946 dilectus
2778 1890 2946 1929 meus
2977 1872 3036 1927 in
3070 1872 3244 1927 domo
3290 1883 3422 1924 mea
3464 1866 3602 1922 fecit

2085 1945 2524 2020 scelerba’mulla
2545 1945 2572 2000 ?
2943 2015 2961 2020 Α
3110 2018 3116 2020 _
3257 2016 3266 2020 _

2015 2018 2282 2089 nunquid
2341 2035 2550 2074 carnes
2610 2015 3126 2089 sanctzeaut‘erent
3165 2030 3199 2070 a
3253 2016 3308 2069 te
3343 2008 3598 2067 malitias

1944 2093 2099 2162 tuas,
2135 2086 2192 2144 in
2227 2089 2444 2162 quibus
2474 2089 2726 2162 gloriata
2752 2103 2814 2143 es
2836 2086 2863 2142 ‘?

1943 2159 2166 2218 Olivam
2203 2159 2468 2230 uberem,

2130 2230 2419 2299 ulchram,

2113 2303 2453 2359 ructiferam

2097 2375 2452 2446 speciosam,

2087 2445 2313 2502 vecavit
2342 2445 2629 2502 Dominus
2663 2459 2880 2499 nomen
2916 2447 3124 2498 tuum:

1945 2517 2027 2573 Ad
2086 2534 2286 2574 vocem
2347 2517 2613 2589 loquelae,
2647 2515 2890 2589 grandis
2927 2512 3144 2569 exarsit
3203 2510 3361 2584 ignis
3392 2509 3450 2564 in
3511 2524 3602 2580 ca,

2017 2591 2075 2644 et
2099 2589 2409 2645 combusta
2427 2587 2575 2644 sunt
2606 2589 2819 2642 fruteta
2843 2587 3018 2658 ejus:

1947 2664 2015 2716 Et
2057 2660 2343 2716 Dominus
2375 2661 2760 2725 exercituum,
2795 2652 2897 2730 qui
2927 2655 3212 2728 plantavit
3242 2659 3318 2721 te,
3370 2652 3602 2708 locutus

2089 2737 2181 2788 est
2207 2749 2392 2812 super
2417 2738 2474 2787 te
2505 2730 2749 2812 malum,

2021 2820 2124 2875 pro
2159 2796 2328 2858 malis
2361 2804 2572 2876 domus
2603 2800 2782 2876 Israel
2810 2804 2866 2876 et
2897 2800 3108 2876 domus
3137 2796 3315 2861 Juda,
3341 2864 3378 2876 η

2020 2864 2146 3000 qui?
2206 2876 2472 3000 iecerunt
2502 2874 2616 2930 sibi
2649 2873 2720 2929 ad
2751 2871 3104 2928 irritandam
3165 2883 3283 2935 me,
3341 2864 3597 2921 libantes

2140 2963 2206 3000 aa
2233 2963 2333 3000 im.

2093 2945 2333 3001 Baalim.

1947 3018 2030 3072 Tu
2062 3025 2280 3084 autem,
2313 3016 2580 3082 Domine,
2605 3012 3024 3070 demonstrasti
3050 3009 3217 3079 mihi,
3241 3012 3300 3065 et
3329 3007 3596 3080 cognovi.

1951 3090 2115 3144 Tunc
2147 3090 2163 3123 ¹
2200 3088 2512 3144 ostendisti
2551 3087 2692 3142 mihi
2728 3085 2923 3142 studia
2953 3100 3155 3141 eorum

1964 3125 2115 3144 ιυμυ
2200 3125 2512 3144 omanem.
2551 3125 2692 3142 nu...
2728 3125 2923 3142 sum...
2953 3125 3155 3141 νων...

1871 3125 1914 3192 C
1953 3166 2027 3217 Et
2057 3177 2164 3243 egp
2219 3160 2388 3241 quasi
2423 3176 2612 3230 agnus
2641 3166 3008 3224 mansuetus,
3049 3155 3149 3228 qui
3209 3154 3481 3225 portatur
3531 3150 3601 3206 ad

2097 3232 2396 3287 victimam
2423 3249 2436 3287 :

2028 3307 2084 3359 et
2114 3320 2229 3376 non
2261 3301 2503 3376 cognovi
2537 3301 2677 3376 quia
2707 3299 3109 3373 cogitaverunt
3138 3312 3316 3368 super
3346 3311 3439 3351 me
3469 3308 3610 3348 con-

2101 3374 2260 3440 silia,
2293 3374 2551 3430 dicentes
2572 3374 2632 3427 9:

1958 3445 2260 3519 Mittamus
2293 3445 2612 3519 lignumin
2647 3458 2857 3514 panem
2891 3443 3041 3519 ejus,
3232 3511 3248 3519 -
3322 3512 3332 3519 _
3557 3507 3568 3517 ,

2027 3523 2085 3575 et
2112 3511 2430 3575 eradam'us
2460 3517 2567 3588 (Αι.
2601 3511 2997 3586 conteremus)
3028 3529 3162 3569 eum
3216 3511 3288 3567 de
3320 3512 3476 3565 terra
3518 3511 3608 3563 vi-

2100 3589 2382 3659 ventium,
2402 3661 2414 3666 _
2943 3661 2951 3666 ι
3209 3652 3244 3666 η

2029 3665 2083 3715 et
2119 3677 2329 3716 nomen
2365 3652 2639 3737 ejusnon
2674 3661 3041 3737 memoretur.
3066 3652 3352 3737 amplius:

1955 3735 2036 3786 Tu
2071 3736 2291 3798 autem,
2351 3726 2594 3787 Domine
2625 3730 2893 3799 sabaoth,
2945 3727 3044 3800 qui
3068 3726 3304 3798 judicas
3327 3726 3515 3796 juste,
3546 3726 3603 3776 et

2142 3804 2314 3858 robas
2347 3821 2515 3860 renes
2547 3807 2603 3858 et
2633 3802 2830 3867 corda,

2025 3869 2255 3930 videam
2289 3875 2574 3930 ultionem
2605 3879 2769 3928 tuam
2803 3888 2872 3926 ex
2903 3869 2988 3926 eis
3018 3886 3031 3924 :

2027 3945 2134 4000 tibi
2167 3945 2322 4001 enim
2355 3945 2598 4001 revelavi
2632 3960 2872 4000 causam
2909 3956 3118 3997 meam.

1957 4019 2270 4087 Propterea
2294 4017 2418 4073 haec
2449 4016 2613 4087 dicit,
2646 4013 2930 4072 Dominus
2972 4013 3041 4069 ad
3065 4011 3242 4087 viros,
3287 4004 3605 4073 Anatboth,

2028 4083 2126 4160 qui
2161 4093 2432 4161 quaerunt
2462 4083 2719 4161 animam
2753 4091 2938 4161 tuam,
2962 4083 3284 4161 et_dicunt:

1957 4156 2081 4238 Non
2115 4156 2495 4238 prophetabis
2525 4159 2580 4238 in
2615 4159 2854 4238 nomine
2878 4156 3138 4238 Domini,

2028 4235 2085 4288 et
2115 4229 2242 4287 non
2264 4231 2532 4308 morieris
2553 4229 2928 4308 in‘manibus
2955 4229 3194 4308 nostris.

1957 4307 2270 4375 Propterea
2299 4304 2421 4359 haec
2454 4303 2594 4360 dicit
2629 4303 2910 4359 Dominus
2942 4303 3302 4357 exercituum
3337 4309 3352 4350 :

1956 4376 2100 4431 Ecce
2132 4392 2236 4448 ego
2264 4375 2513 4448 visitabo
2545 4391 2723 4448 super
2751 4391 2872 4448 eos.

2019 4443 2265 4517 juvenes
2299 4443 2712 4503 morientur'in
2745 4443 2960 4515 gladio,

1876 4496 1925 4558 ί)
2019 4496 2132 4574 Ῠίιίἰ
2163 4535 2366 4574 eorum
2398 4523 2456 4574 et
2487 4517 2621 4574 filiae
2650 4496 2852 4574 eor‘pm
2882 4496 3208 4571 morientur
3236 4509 3292 4566 in
3326 4509 3478 4564 fame
3504 4523 3517 4563 :

2028 4598 2081 4645 et
2112 4590 2369 4662 reliquiae.
2403 4607 2517 4646 non
2549 4595 2813 4646 eruntex
2841 4588 2946 4644 eis.

1954 4652 2423 4719 Inducam-enim
2457 4661 2680 4717 malum
2713 4678 2892 4732 super
2918 4657 3075 4714 viros
3115 4652 3438 4720 Anathoth,

2025 4750 2246 4810 annum
2275 4733 2886 4810 visitationiseprum.
3046 4805 3077 4810 _
3195 4798 3207 4810 .

1953 4808 2108 4878 (Cap.
2143 4805 2290 4878 XII.)
2317 4809 2528 4862 Justus
2561 4804 2797 4878 quidem
2828 4809 2891 4860 tu
2925 4818 3010 4873 es,
3045 4804 3311 4864 Domine,

2023 4878 2073 4930 si
2107 4877 2669 4949 disputemtecum:

1952 4937 2371 5004 Verumtamen
2408 4948 2514 5019 (Al.
2563 4947 2692 5004 add.
2718 4945 2964 5017 judicia)
2991 4944 3158 5014 justa
3183 4940 3394 5014 loquar
3423 4937 3492 4994 ad
3527 4940 3601 4992 te.

1953 5019 2141 5094 Quare
2171 5021 2265 5075 via
2292 5019 2614 5094 impiorum
2647 5021 3066 5094 prosperatun:
3172 5087 3183 5094 Δ
3334 5087 3344 5094 _
3400 5080 3412 5094 ο
3465 5079 3478 5093 ⁸

2024 5091 2172 5147 bene
2203 5095 2294 5147 est
2318 5087 2620 5161 omnibus,
2648 5087 2772 5162 'qui
2791 5087 3265 5162 praevaricantur
3294 5087 3352 5140 et
3398 5087 3603 5154 inique

1952 5165 2357 5316 Planttlaéslltilqd‘e
2388 5249 2509 5316 eos,
2541 5236 2600 5315 et
2623 5231 2881 5316 radicem
2915 5229 3228 5297 miserunt,

2024 5277 2360 5388 proﬁcidnt,
2387 5311 2446 5388 et
2477 5277 2699 5361 f’aciunt
2731 5305 3025 5361 fructum:

1952 5380 2137 5448 Prope
2167 5394 2229 5433 es
2258 5381 2319 5432 tu
2348 5380 2432 5433 ori
2460 5393 2687 5447 eorum,

2023 5453 2079 5504 et
2107 5448 2277 5521 longe
2307 5466 2342 5504 a
2371 5449 2617 5521 renibus,
2646 5464 2870 5504 eorum.

1949 5519 2021 5575 Et
2050 5525 2137 5587 tu,
2171 5519 2436 5592 Domine,
2470 5519 2625 5578 nosti
2657 5536 2772 5589 me,

2025 5735 2046 5770 ³
2074 5735 2274 5808 Neque
2303 5735 2580 5808 Hebraeus
2611 5737 2808 5808 textus
2836 5731 3018 5808 addit,
3056 5732 3322 5808 dicentes,
3341 5730 3608 5804 nequein

1950 5801 2345 5866 Comme'ntar.
2375 5801 2432 5863 Β.
2463 5809 2639 5865 Pater
2668 5805 2916 5863 verbum
2948 5801 3060 5862 hec
3092 5805 3314 5878 posuit.
