3938 6174
450 199 563 255 923
1503 208 1562 259 8.
1604 206 2008 261 HIERONYMI
2044 205 2300 259 DIVINA
2335 205 2831 259 BIBLIOTHECA.
3677 213 3754 268 924

523 324 717 380 vidisti
750 340 861 390 me,
895 329 951 379 et
983 324 1243 396 probasti
1276 342 1375 381 cor
1405 343 1601 382 meum
1634 334 1826 385 tecum
1856 345 1868 383 :
2125 332 2178 397 Α
2350 331 2405 399 et
2431 326 2725 382 absconde
2757 325 2901 382 illud
2936 326 3013 383 ibi
3046 327 3103 381 in
3138 327 3413 384 foramine
3440 331 3603 399 petra).

451 397 753 469 Congrega
786 400 809 470 ‘7
830 414 926 451 eos
956 400 1122 467 quasi
1154 412 1390 470 gregem
1427 400 1497 454 ad
1530 399 1853 468 victimam,
2213 400 2280 454 Et
2310 398 2448 465 abii,
2480 404 2537 453 et
2565 399 2814 454 abcondi
2846 398 2991 453 illud
3025 400 3083 454 in
3116 399 3420 470 Euphrate,

535 468 592 526 et
625 468 929 541 sanctilica
958 485 1056 523 eos
1089 468 1281 525 indie
1303 471 1635 527 occisionis.
2280 470 2440 524 Sicut
2469 476 2825 541 praeceperat
2858 471 3003 525 mihi
3034 468 3337 527 Dominus.

454 547 773 614 Usquequo
803 538 1032 614 lugebit
1062 546 1261 614 terra,
2212 542 2279 596 Et
2309 538 2527 614 factujn
2561 538 2815 613 est—post
2844 544 2969 597 dies
2997 543 3304 613 plurimos,

526 612 583 669 et
607 613 786 666 herba
815 612 1008 665 omnis
1041 613 1300 682 regionis
1334 614 1669 682 siccabitur,
2278 613 2425 667 dixit
2458 612 2743 667 Dominus
2777 615 2847 668 ad
2879 612 3011 669 me:

524 689 761 757 propter
792 682 1077 737 malitiam
1104 682 1507 757 habitantium
1540 687 1597 740 in
1633 685 1744 741 ea?
2207 684 2589 757 Surge,7vade
2621 686 3082 757 adb‘upbratem
3109 705 3123 752 ;

450 755 989 829 Consumpturnest
1024 755 1263 821 animal,
1294 763 1350 811 et
1379 757 1632 827 volucre,
2279 763 2335 811 et
2365 756 2502 829 tolle
2531 755 2989 829 inde7l7umbare,
3021 758 3178 829 quod
3210 757 3446 828 praecepi
3475 758 3567 813 tibi
3595 769 3644 814 ut
3665 762 3753 815 abs-

565 827 803 882 uoniam
837 826 1143 881 dixerunt:
1620 826 1625 827 ⁷
2348 828 2628 883 conderes
2659 827 2804 883 illud
2838 828 2937 883 ibi.

574 915 645 953 on
678 896 896 951 videbit
926 899 1243 953 novissima
1277 908 1473 954 nostra
2206 902 2271 952 Et
2301 898 2415 953 abii
2448 900 2519 953 ad
2546 899 2919 969 Euphratem,
2948 904 3006 955 et
3038 899 3178 965 fodi,

453 972 511 1028 Si
546 986 678 1026 cum
713 968 1009 1039 peditibus
1041 985 1282 1024 currens
1316 971 1615 1036 laborasti,
2276 974 2332 1024 et
2360 969 2467 1023 tuli
2510 968 2776 1025 lumbare
2806 974 2877 1025 de
2908 972 3034 1027 loco
3066 971 3165 1026 ubi
3201 972 3591 1028 absconderem
3619 972 3757 1039 illud;

525 1041 820 1114 quomodo
852 1042 1200 1114 contendere
1233 1043 1451 1112 poteris
1484 1058 1611 1097 cum
1646 1042 1813 1113 equis
1836 1044 1862 1097 ‘I
2205 1040 2431 1114 Et_ecce
2461 1047 2901 1113 computruerat
2932 1042 3212 1109 lumbare,

452 1111 597 1172 Cum
632 1117 826 1166 autem
856 1112 913 1186 in
944 1118 1113 1186 terra7
1129 1111 1289 1183 pacis
1320 1130 1564 1168 securus
1595 1111 1776 1170 fueris
1808 1116 1915 1186 (Al.
1952 1116 2008 1169 Si
2035 1117 2094 1171 in
2274 1111 2357 1186 ita
2385 1119 2451 1186 ut
2478 1111 2637 1168 nullo
2666 1116 2796 1168 usui
2831 1120 3033 1185 aptum
3067 1121 3246 1169 esset.

594 1190 750 1256 terra
781 1184 941 1252 pacis
970 1183 1191 1238 confisa
1223 1186 1330 1256 es),
1815 1183 1822 1186 ⁷
2276 1184 2344 1237 Et
2378 1183 2591 1256 factum
2624 1191 2713 1239 est
2736 1183 2980 1241 verbum
3009 1186 3238 1240 Domini
3270 1185 3339 1240 ad
3373 1201 3479 1248 me,
3510 1185 3703 1241 dicens:

525 1257 665 1326 quid
702 1255 879 1308 facies
912 1256 968 1308 in
1002 1257 1276 1325 superbia
1305 1256 1628 1311 Jordanis?
2206 1258 2335 1309 Haec
2365 1256 2505 1310 dicit
2535 1255 2850 1311 Dominus:

454 1329 601 1385 Nam
634 1331 688 1380 et
720 1329 927 1399 fratres
959 1329 1065 1393 tui,
1099 1329 1381 1382 etdomus
1411 1328 1594 1398 patris
1625 1329 1731 1399 tui,
2276 1328 2366 1381 Sic
2398 1335 2729 1397 putrescere
2758 1328 2963 1383 faciam
2997 1327 3331 1398 superbiam
3352 1327 3515 1384 Juda.

524 1399 702 1453 etiam
736 1398 847 1467 ipsi
881 1405 1287 1470 pugnaverunt
1319 1401 1628 1453 adversum
1662 1408 1735 1466 te,
2213 1469 2218 1470 7
2276 1404 2333 1453 et
2362 1400 2699 1469 superbiam
2731 1399 3332 1454 Jerusalemmultam.

514 1476 571 1524 et
597 1469 998 1542 clamaverunt
1038 1476 1168 1542 post
1198 1476 1253 1524 te
1288 1470 1459 1541 plena
1489 1488 1627 1526 voce
1652 1488 1664 1527 :
2210 1469 2488 1539 Populum
2513 1472 2694 1526 istum
2718 1471 3067 1542 pessimum,
3092 1472 3193 1541 qui
3226 1470 3616 1525 noluntaudire
3638 1470 3762 1525 verba

451 1536 533 1597 Ne
556 1540 759 1595 credas
791 1540 895 1609 eis,
929 1536 1061 1595 cum
1094 1541 1271 1596 locuti
1289 1536 1519 1598 'i'uerint
1539 1543 1642 1597 tibi
1676 1544 1844 1599 bona.
2288 1536 2303 1539 ⁷
2350 1556 2498 1608 mea,

454 1609 685 1682 Reliqui
709 1613 967 1685 domum
987 1628 1196 1678 meam,
2278 1616 2335 1667 et
2363 1613 2672 1685 ambulant
2701 1612 2759 1667 in
2785 1612 3066 1685 pravitate
3097 1612 3292 1668 cordis
3315 1613 3404 1667 sui
3449 1612 3528 1683 (Αι
3548 1610 3650 1665 add.
3672 1626 3762 1682 pes.

521 1682 1156 1771 dim7is7i77hzereditatem
1190 1700 1402 1753 meam,
1446 1756 1456 1765 7
1722 1756 1731 1767 7
1786 1756 1796 1767 7
1871 1756 1883 1767 7
2128 1706 2173 1771 Β
2350 1684 2548 1771 simi):

521 1753 941 1812 dedidilectam
963 1756 1221 1811 animam
1240 1756 1501 1811 meamin
1518 1772 1694 1812 manu
1719 1756 2093 1813 inimicorum
2130 1753 2173 1771 ”
2203 1753 2609 1826 Abieruntque
2642 1758 2775 1826 post
2804 1755 2943 1810 deos
2974 1753 3219 1823 alienos,

595 1828 739 1895 ejus.
2273 1832 2337 1880 ut
2364 1825 2653 1881 servirent
2677 1826 2783 1892 eis,
2819 1833 2875 1881 et
2903 1827 3221 1883 adorarent
3250 1842 3348 1882 eos
3376 1842 3388 1881 :

448 1899 618 1953 Facta
647 1903 733 1953 est
765 1896 904 1951 mihi
939 1897 1245 1953 haereditas
1270 1915 1399 1955 mea
1420 1899 1589 1970 quasi
1623 1898 1711 1954 leo
1744 1899 1801 1953 in
1834 1900 2019 1955 silva:
2204 1895 2265 1950 Et
2294 1902 2467 1952 erunt
2498 1896 2651 1970 sicut
2680 1896 2947 1970 lumbare
2976 1899 3162 1965 istud,

521 1970 680 2025 dedit
738 1973 941 2023 contra
972 1985 1063 2024 me
1096 1986 1317 2037 vocem,
1437 1968 1453 1970 ⁷
2272 1970 2426 2038 quod
2462 1968 2621 2023 nullo
2653 1968 2786 2023 usui
2820 1975 3023 2038 aptum
3054 1975 3164 2025 est.

521 2041 652 2096 ideo
684 2040 835 2094 odivi
866 2056 1017 2095 eam.
1304 2036 1307 2037 ⁷
2196 2036 2360 2097 Sicut
2388 2040 2547 2095 enim
2578 2039 2834 2096 adhaeret
2859 2036 3128 2096 lumbare
3157 2041 3231 2097 ad
3262 2039 3486 2095 lumbos
3513 2036 3604 2090 viri

447 2112 727 2183 Nunquid
760 2112 883 2183 avis
915 2111 1169 2166 discolor
1197 2111 1507 2166 haereditas
1540 2128 1667 2167 mea
1692 2113 1833 2167 mihi
1863 2113 1890 2167 ?
2271 2113 2356 2167 sic
2399 2111 2759 2183 agglutinavi
2793 2112 2936 2167 mihi
2968 2129 3205 2167 omnem
3260 2114 3489 2183 domum
3519 2106 3683 2173 Israel,
3721 2110 3759 2161 et

521 2181 810 2253 numquid
846 2184 969 2236 avis
1002 2184 1185 2237 tincta
1219 2199 1319 2253 per
1347 2188 1531 2238 totum
1559 2183 1586 2236 ?
2341 2181 2574 2238 omnem
2605 2183 2848 2238 domum
2878 2184 3050 2250 Juda,
3084 2183 3231 2240 dicit
3260 2181 3562 2240 Dominus:

446 2248 1150 2322 Venitefcongregamini,
1184 2248 1389 2310 omnes
1424 2254 1622 2309 bestiae
1654 2260 1839 2321 terrae,
2274 2258 2352 2327 ut
2393 2258 2591 2309 essent
2638 2254 2779 2327 mihi
2812 2256 2869 2327 in
2905 2248 3217 2327 populum,
3279 2255 3339 2311 in
3372 2268 3585 2320 nomen,
3634 2252 3679 2303 et
3718 2248 3756 2302 in

520 2331 829 2398 properate
850 2327 926 2398 ad
961 2328 1380 2398 devorandum.
1442 2396 1449 2398 7
2340 2325 2675 2398 laudem,7et
2704 2326 2765 2381 in
2797 2325 3044 2398 gloriam
3072 2343 3085 2381 :

445 2396 715 2453 Pastores
748 2396 912 2451 multi
944 2396 1204 2451 demoliti
1238 2402 1378 2452 sunt
1402 2396 1628 2452 vineam
1663 2412 1876 2464 meam,
2270 2400 2327 2451 et
2358 2413 2471 2451 non
2508 2396 2848 2453 audierunt.

513 2468 1003 2550 conculcaverunt
1034 2473 1255 2540 partem
1286 2484 1474 2550 meam
1499 2485 1550 2550 :_
1662 2540 1674 2550 7
1706 2538 1739 2550 77
1902 2542 1910 2550 7
2004 2541 2018 2550 _
2198 2466 2535 2550 Dicesergo
2567 2468 2637 2522 ad
2669 2485 2768 2550 eos
2796 2485 3127 2550 sermonem
3161 2468 3380 2550 istum:

513 2541 797 2595 dederunt
828 2538 1149 2609 portionem
1173 2556 1364 2595 meam
1388 2538 1864 2611 desiderabilem,
1897 2542 1955 2595 in
1987 2541 2089 2595 de-
2199 2544 2333 2611 Haec
2365 2538 2519 2611 dicit
2538 2541 2824 2596 Dominus
2856 2546 3008 2597 Deus
3043 2539 3223 2595 Israel
3250 2558 3263 2595 :

515 2616 741 2666 sertum
769 2612 1128 2666 solitudinis.
1186 2682 1189 2683 7
1852 2609 1856 2611 ⁷
2200 2682 2223 2683 7
2267 2610 2473 2683 omnis
2510 2609 2823 2683 laguncula
2854 2612 3199 2683 implebitur
3227 2611 3380 2665 vino.

442 2684 767 2738 Posuerunt
800 2698 928 2737 eam
961 2683 1017 2737 in
1051 2682 1519 2753 dissipationem,
2198 2682 2267 2737 Et
2298 2682 2494 2737 dicent
2524 2682 2595 2736 ad
2630 2688 2721 2738 te:

514 2755 785 2826 luxitque
815 2770 993 2826 super
1025 2770 1155 2809 me:
1202 2743 1217 2753 ⁷
1395 2824 1401 2826 7
1506 2743 1516 2751 ’
2194 2753 2467 2826 Nunquid
2507 2753 3237 2826 ignoramus,quiaomnis
3283 2749 3579 2825 laguncula
3611 2743 3761 2817 imple-

441 2824 809 2881 Desolatione
840 2825 1101 2881 desolata
1130 2829 1220 2880 est
1247 2824 1440 2880 omnis
1470 2830 1648 2891 terra,
2337 2825 2496 2879 bitur
2521 2827 2629 2896 (Al.
2662 2824 2995 2895 impleatur)
3025 2824 3158 2881 vino
3178 2824 3208 2879 ?

513 2898 652 2969 quia
680 2896 881 2952 nullus
910 2902 1000 2953 est
1029 2897 1128 2969 qui
1162 2898 1439 2968 recogitet
1468 2898 1662 2952 corde.
2266 2896 2336 2951 Et
2365 2896 2626 2969 d7ic7es7ad
2660 2912 2796 2969 eos:

441 2967 629 3040 Super
658 2984 863 3025 omnes
892 2970 1015 3024 vias
1047 2967 1274 3024 deserti
1306 2967 1592 3023 venerunt
1619 2973 1965 3025 vastatores.
2195 2971 2322 3022 Haec
2353 2968 2497 3023 dicit
2526 2967 2813 3040 Dominus
2842 2984 2853 3023 :
3054 3038 3063 3040 7
3178 3038 3187 3040 7
3614 3031 3623 3040 _
3682 3030 3691 3040 ,

515 3031 669 3125 quia
698 3040 930 3125 gladius
964 3040 1196 3095 Domini
1227 3040 1527 3125 devorabit
1556 3041 1663 3109 (Al.
1698 3042 1989 3125 devoravit
2014 3040 2086 3097 ab
2120 3056 2163 3125 α
2202 3044 2342 3125 Ecce
2372 3055 2479 3111 ego
2512 3038 3005 3125 implebo7omnes
3053 3031 3761 3125 h7abita_tores7terra73_h(1le§.

585 3101 842 3167 extremo
869 3116 893 3165 t
913 3128 1041 3166 errae
1070 3127 1253 3183 usque
1283 3112 1351 3166 ad
1386 3101 1707 3168 extremum
1742 3114 1907 3183 ejus:
2120 3101 2163 3125 υ
2274 3116 2333 3166 et
2364 3101 2527 3183 revges
2558 3101 2658 3181 qui
2687 3113 2894 3167 sedent
2925 3112 2996 3167 de
3026 3110 3211 3183 stirpe
3241 3111 3418 3168 David
3460 3122 3615 3179 super
3647 3101 3763 3156 thro-

518 3198 632 3256 non
664 3189 755 3236 est
785 3199 895 3253 pax
925 3183 1207 3256 universae
1233 3183 1412 3237 carni.
2341 3199 2483 3236 num
2517 3184 2666 3256 ejus,
2999 3252 3011 3256 7
3533 3248 3545 3256 ι
3600 3243 3643 3256 ι,

442 3246 892 3326 seminaverunt
922 3254 1178 3309 triticum
1207 3260 1264 3310 et
1293 3255 1496 3326 spinas
1528 3259 1925 3321 messuerunt,
2268 3258 2327 3309 et
2351 3246 2709 3326 sacerdotes,
2760 3252 3189 3326 etprophetas,
3224 3258 3283 3309 et
3310 3266 3503 3309 omnes
3533 3246 3761 3303 habitores

514 3324 913 3398 haereditatem
936 3331 1307 3398 acceperunt,
1328 3324 1396 3381 et
1426 3342 1540 3381 non
1574 3328 1656 3383 eis
1686 3328 1942 3398 proderit
1967 3342 1980 3380 :
2325 3324 2689 3398 Jerusalem,
2722 3325 3000 3398 ebrietate
3025 3340 3038 3379 :

444 3396 893 3452 Confundemini
928 3414 959 3451 a
992 3396 1280 3452 fructibus
1311 3398 1541 3467 vestris,
1687 3396 1703 3398 ⁷
2198 3400 2265 3450 Et
2303 3397 2635 3468 dispergam
2669 3412 2789 3468 eos,
2822 3396 3011 3450 virum
3046 3412 3079 3450 a
3105 3396 3285 3468 fratre
3315 3412 3439 3459 suo,

518 3473 758 3539 propter
788 3468 935 3523 iram
971 3469 1185 3524 iuraris
1210 3468 1462 3523 Domini.
2200 3538 2239 3539 77
2268 3472 2326 3523 et
2357 3467 2549 3539 patres
2580 3474 2637 3523 et
2666 3467 2819 3523 filios
2851 3468 3090 3539 pariter,
3124 3467 3206 3521 ait
3235 3468 3544 3524 Dominus:

442 3538 573 3594 Haec
600 3539 743 3611 dicit
772 3541 1059 3595 Dominus
1096 3541 1405 3595 adversum
1438 3556 1643 3596 omnes
1673 3539 1896 3595 vicinos
1929 3556 2090 3596 meos
2196 3538 2322 3594 Non
2354 3538 2612 3611 parcam,
2645 3544 2703 3593 et
2733 3538 3185 3594 non’concedam
3216 3555 3230 3594 :

588 3610 900 3681 pessimos.
924 3682 931 3683 7
1623 3682 1629 3683 7
1840 3682 1845 3683 7
2034 3681 2042 3683 7
2270 3610 2459 3682 neque
2491 3610 2816 3683 miserebor
2844 3616 2906 3664 ut
2935 3626 3051 3683 non
3074 3611 3413 3683 disperdam
3442 3621 3551 3663 eos.

516 3683 614 3753 qui
648 3682 1342 3755 tangunthzereditatem,
1366 3697 1542 3754 quam
1578 3681 2088 3755 distribuilpopulo
2196 3683 2431 3755 Audite,
2464 3687 2531 3755 et
2552 3681 2793 3755 auribus
2826 3682 3142 3755 percipite:

586 3770 716 3809 meo
744 3750 916 3809 Israel
944 3771 957 3809 :
1329 3750 1335 3754 ⁷
1383 3750 1400 3754 ⁷
1856 3750 1890 3754 ⁷⁷
1953 3750 1969 3755 ⁷
2267 3753 2456 3809 Nolite
2485 3753 2720 3821 elevari,
2753 3750 2892 3825 quia
2926 3750 3209 3825 Dominus
3241 3752 3467 3808 locutus
3495 3750 3607 3803 est:

512 3830 659 3881 Ecce
688 3842 796 3898 ego
827 3825 1067 3898 evellam
1102 3842 1201 3882 eos
1234 3827 1303 3882 de
1334 3832 1492 3883 terra
1522 3842 1749 3895 eorum,
2200 3826 2339 3881 Date
2360 3825 2605 3898 Domino
2653 3813 2988 3881 Deo'vestro
3019 3824 3270 3897 gloriam
3298 3828 3590 3894 antequam
3618 3813 3763 3869 conic-

516 3904 572 3953 et
602 3897 838 3953 domum
869 3897 1023 3953 Juda
1052 3898 1293 3953 evellam
1326 3900 1399 3953 de
1425 3898 1617 3953 medio
1648 3915 1873 3955 eorum.
2339 3897 2665 3964 nebrescat,

442 3969 513 4024 Et
570 3986 704 4025 cum
766 3970 1031 4025 evulsero
1088 3986 1209 4038 eos,
1269 3975 1593 4037 convertar,
1652 3976 1709 4026 et
1766 3968 2089 4026 miserebor
2265 3972 2322 4023 et
2351 3956 2669 4093 aqtequam
2720 3968 3018 4023 oﬂ‘endant
3045 3968 3223 4040 pedes
3260 3964 3430 4023 vestri
3484 3961 3548 4018 ad
3590 3956 3764 4013 montes

586 4056 787 4093 eorum
816 4056 830 4093 :
2334 4055 2401 4093 ca
2428 4054 2723 4093 iginosos:

622 4057 787 4096 orum
816 4056 830 4097 ἶ
2334 4054 2688 4097 08112100808
2711 4054 2723 4093 ἒ

586 4056 830 4097 eorum:
2334 4056 2443 4095 can
2490 4056 2723 4095 inosos:

516 4114 906 4189 et7r_ed_ucam
942 4128 1062 4189 eos,
1118 4112 1313 4189 virum
1343 4115 1413 4168 ad
1473 4112 1868 4169 hereditatem
1915 4129 2083 4168 suam
2193 4056 2621 4189 Exspectgbitis
2652 4110 2903 4189 lu_cem,7
3218 4181 3252 4189 __
3379 4178 3436 4189 7_
3562 4169 3645 4189 7.;

589 4182 694 4253 (AI.
728 4183 787 4238 in
822 4173 1158 4239 haereditate
1190 4187 1320 4254 sua)
2266 4173 2333 4237 Et
2355 4185 2531 4254 ponet
2551 4198 2677 4238 eam
2701 4181 2760 4235 in
2785 4173 3309 4254 umbrammortis,
3342 4183 3397 4236 et
3424 4178 3479 4233 in
3500 4173 3765 4243 caliginem.

517 4257 573 4307 et
600 4252 791 4310 Virum
824 4255 881 4309 in
916 4260 1129 4309 terram
1165 4252 1355 4310 suam.
2193 4252 2469 4318 Quod’sic
2502 4253 2609 4309 hoc
2643 4270 2757 4308 non
2792 4252 3125 4315 audieritis,

445 4328 512 4380 Et
539 4307 1021 4399 eritvz—s—i—eruditi
1044 4307 1364 4382 didicerint
1392 4327 1515 4399 vias
1544 4327 1741 4399 populi
1776 4328 1912 4393 mei,
2202 4307 2321 4399 ‘17s
2345 4307 2703 4399 abscondito
2751 4324 3003 4395 plorabit
3034 4307 3231 4380 anima
3262 4339 3385 4380 mea
3416 4318 3520 4384 (Al.
3553 4307 3724 4377 vestra)
3745 4320 3768 4357 a

519 4400 584 4480 ut
628 4399 832 4495 j‘urent
861 4398 918 4452 in
953 4399 1190 4495 npmine
1217 4414 1368 4495 lmeo,
1400 4395 1560 4453 Vivit
1583 4395 1887 4484 Dominus,
1909 4471 1948 4495 Β
2027 4469 2040 4495 1
2115 4428 2165 4495 D
2198 4468 2251 4495 Μ
2267 4396 2412 4452 facie
2444 4395 2771 4495 superbiae:

518 4450 1887 4542 sesesaeuamsessitavisse3.13933};
1909 4469 2081 4527 Baal:
2115 4450 2165 4495 υ
2198 4450 2737 4542 ΡΙόἶέάεξρῘόι-εὼὶι
2762 4450 2854 4542 (Al
2889 4467 3021 4523 add.
3073 4465 3441 4536 Jerusalem),
3489 4465 3540 4517 et
3577 4450 3769 4512 deducet

516 4540 965 4614 aedificabuntur
994 4536 1065 4596 in'
1086 4536 1278 4598 medio
1309 4542 1507 4614 populi
1538 4536 1671 4598 mei.
2337 4536 2543 4614 oculus
2574 4555 2741 4595 meus
2773 4536 3116 4614 lacrymam.

444 4610 689 4684 Quodsi
722 4628 837 4669 non
869 4614 1186 4683 audierint,
1309 4610 1327 4614 ⁷
1386 4610 1404 4614 ⁷
2198 4683 2210 4684 7
2251 4612 2407 4684 quia
2436 4614 2643 4684 captus
2674 4614 2764 4684 est
2794 4610 2929 4684 grex
2954 4610 3216 4684 Domini.

516 4682 758 4766 evellam
792 4689 1024 4766 gentem
1056 4682 1218 4741 illam
1270 4684 1571 4741 evulsione
1626 4690 1685 4741 et
1738 4684 2083 4758 perditione,
2193 4682 2300 4766 Dic
2328 4683 2475 4766 regi,
2506 4682 3005 4766 etdominatrici:

590 4754 675 4808 ait
704 4754 1011 4812 Dominus.
1738 4754 1757 4758 ⁷
2194 4754 2623 4819 Humiliamini,
2652 4755 2885 4809 sedete:
3653 4809 3663 4819 ,
3722 4803 3731 4813 ,

444 4824 600 4898 (Cap.
640 4809 827 4898 VIII.)
845 4809 986 4884 Pisae
1008 4827 1150 4883 dicit
1178 4826 1464 4883 Dominus
1494 4828 1563 4883 ad
1598 4842 1729 4885 me:
2196 4809 2482 4892 Quoniam
2519 4809 2819 4881 descendit
2846 4826 2919 4880 de
2944 4825 3139 4897 capite
3167 4827 3354 4879 vestro
3388 4831 3580 4877 corona
3619 4809 3769 4881 gloria

444 4897 618 4965 Vade,
651 4902 708 4953 et
738 4899 973 4969 posside
1003 4900 1107 4954 tibi
1135 4899 1401 4955 lumbare
1431 4899 1676 4970 lineum,
2243 4969 2248 4970 7
2299 4968 2308 4970 _
2336 4903 2566 4952 vestrae.

518 4972 576 5051 et
606 4965 789 5051 pones
816 4969 963 5028 illud
996 4988 1181 5051 super
1206 4971 1441 5051 lumbos
1462 4976 1623 5051 _tuos,
1664 4965 1672 4970 ⁷
2195 4968 2468 5051 Civitates
2500 4965 3135 5051 Austri7clausaa7sunt,

512 5044 571 5095 et
601 5039 659 5096 in
696 5059 906 5120 aquam
940 5039 1305 5120 non’inferes
1334 5042 1502 5120 illud.
1573 5115 1608 5120 _
1726 5114 1738 5120 _
1794 5115 1803 5120 _
2197 5114 2241 5120 _
2266 5046 2323 5096 et
2356 5057 2468 5120 non
2502 5040 2721 5120 estqui
2755 5039 3014 5120 aperiat:
3067 5111 3077 5120 7
3109 5112 3149 5120 77
3211 5112 3233 5120 ν
3295 5108 3307 5120 _
3402 5108 3415 5120 ‘
3451 5092 3659 5120 ,ΠΛ-,ζ

442 5112 511 5168 Et
541 5101 778 5183 possed'i
811 5114 1077 5171 lumbare
1098 5118 1271 5186 juxta
1299 5116 1540 5171 verbum
1573 5114 1829 5181 Domini,
2196 5112 2503 5186 Translata
2534 5101 2850 5186 est'omnis
2876 5110 3031 5165 Juda
3062 5111 3167 5183 (Αἱ.
3200 5108 3420 5174 αῐυᾶτεδ)
3448 5101 3767 5162 transmign'

510 5182 567 5239 et
599 5186 767 5255 posui
802 5186 956 5242 circa
990 5182 1219 5243 lum—bos
1252 5202 1435 5242 meos.
2338 5184 2501 5239 tione
2532 5182 2807 5255 perfecta.

437 5256 507 5311 Et
529 5254 719 5313 factus
746 5263 837 5314 est
866 5275 1060 5315 sermo
1092 5259 1322 5315 Domini
1376 5258 1446 5313 ad
1479 5272 1593 5327 me,
1655 5258 1936 5325 secundo,
1998 5256 2084 5313 di-
2196 5256 2406 5311 Levate
2437 5254 2637 5309 oculos
2660 5258 2917 5327 vestros,

511 5344 648 5383 cens
676 5345 689 5382 :
1580 5323 1587 5327 ⁷
1923 5323 1929 5325 ⁷
2266 5332 2323 5383 et
2350 5327 2541 5382 videte
2571 5324 2671 5397 qui
2707 5324 2921 5397 venitis
2952 5325 3024 5379 ab
3056 5323 3363 5397 aquilone:

434 5398 595 5473 Tolle
627 5399 917 5466 lumbare,
966 5402 1120 5472 quod
1183 5399 1517 5473 possedisti,
1581 5402 1736 5472 quod
1787 5405 1874 5457 est
1933 5400 2086 5457 circa
2194 5398 2303 5455 Ubi
2334 5403 2424 5454 est
2454 5395 2720 5473 gres—qui
2751 5397 2925 5473 datus
2956 5401 3045 5451 est
3072 5395 3200 5465 tibi,

578 5470 814 5527 lumbos
845 5469 1000 5528 tuos:
1184 5469 1203 5473 ⁷
1506 5469 1511 5470 ⁷
1598 5469 1615 5472 ⁷
2206 5540 2220 5542 7
2266 5486 2445 5542 pecus
2478 5469 2963 5542 inclytumtuum
2993 5484 3006 5522 :

505 5545 561 5597 et
592 5558 845 5616 surgens
875 5546 1022 5601 vade
1053 5545 1124 5600 ad
1158 5544 1537 5617 Euphratem,
2192 5538 2339 5607 Quid
2375 5542 2533 5597 dices
2564 5538 2693 5596 cum
2726 5538 3049 5594 visitaverit
3076 5540 3172 5595 te?

504 5763 521 5796 ¹
557 5763 620 5817 In
651 5764 1069 5830 Commentan,
1100 5764 1437 5835 congregabo
1466 5776 1590 5819 eos:
1622 5759 1899 5819 Hebraice
1932 5769 2106 5849 :3an
2139 5760 2293 5834 quod
2328 5762 2418 5818 est
2448 5756 2633 5817 avelle
2655 5773 2766 5829 eos,
2796 5762 2906 5815 etc.
