3938 6174
458 235 577 292 931

1501 238 1559 293 s.
1599 240 2005 296 HIERONYMI
2043 238 2299 293 omna
2334 216 2831 292 BIBLIOTHECA.
3705 243 3787 299 932

469 361 529 418 Si
564 357 964 435 paenitentiam
1003 356 1185 435 egerit
1215 372 1359 428 gens
1389 356 1493 414 illa
1541 376 1572 415 a
1617 362 1771 417 malo
1800 379 1929 433 suo,
1962 362 2118 435 quod
2148 363 2202 431 Α
2232 357 2717 435 Auditeverbum
2744 354 2997 435 Domini,
3030 372 3194 435 reges
3224 357 3393 427 Juda,

614 430 846 485 locutus
878 445 1009 483 sum
1044 429 1322 485 adversus
1354 446 1479 486 eam
1516 448 1528 485 :

538 518 708 576 agam
740 507 796 576 et
824 516 936 576 ego
964 501 1364 576 paenitentiam
1398 518 1575 575 super
1610 504 1785 571 malo,
1825 505 1977 576 quod
2014 522 2109 561 co-

610 574 801 644 gitavi
822 576 885 626 ut
915 571 1163 627 facerem
1190 573 1261 627 ei.

470 648 534 702 Et
567 642 765 717 subito
792 642 997 714 loquar
1027 645 1098 699 de
1128 648 1387 717 ganteiet
1417 646 1486 701 de
1517 662 1719 717 regno,

538 725 597 772 ut
628 716 907 788 aediﬁcem
938 720 994 771 et
1028 717 1133 788 (At.
1161 721 1241 785 ut)
1277 716 1532 787 plantam
1564 716 1732 773 illud.

465 792 520 844 Si
551 788 745 845 fecerit
776 786 995 842 malum
1029 786 1087 842 in
1122 786 1308 843 oculis
1341 789 1509 857 meis,
1546 794 1610 845 ut
1640 808 1755 846 non
1788 791 1988 846 audiat
2018 808 2112 847 vo-

608 876 730 915 cem
766 875 954 914 meam
992 876 1004 913 ε

538 930 938 1006 pmnitantiam
964 946 1133 1006 agam
1166 948 1344 1003 super
1364 932 1517 988 bono
1544 934 1696 1004 quod
1720 932 1952 989 locutus
1975 951 2107 990 sum

613 1008 678 1057 ut
710 1003 956 1058 facerem
991 1004 1064 1056 ei.

469 1076 629 1132 Nunc
661 1091 797 1149 ergo
829 1074 922 1149 dic
950 1075 1075 1149 viro
1095 1074 1267 1149 Juda,
1291 1079 1348 1129 et
1376 1073 1802 1132 habitatoribus
1824 1077 2110 1149 (ALhabi-

608 1145 800 1215 tatori)
832 1145 1181 1213 Jerusalem,
1213 1146 1412 1202 dicens
1447 1164 1460 1203 :

464 1224 597 1274 Haec
631 1218 771 1273 dicit
799 1216 1084 1272 Dominus
1115 1234 1128 1273 :

466 1292 607 1348 Ecce
634 1305 747 1361 ego
772 1290 927 1361 ﬁngo
959 1294 1162 1345 contra
1190 1305 1290 1344 vos
1324 1288 1569 1357 malum,

539 1366 597 1417 et
627 1360 817 1431 cogito
848 1360 1047 1416 eontra
1078 1377 1179 1433 vos
1208 1362 1615 1433 cogitationem
1649 1379 1662 1416 :

468 1436 815 1490 Revertatur
848 1432 1253 1504 unusquisque
1285 1432 1317 1487 a
1344 1432 1436 1487 via
1468 1450 1576 1488 sua
1608 1432 1781 1502 mala,

538 1512 596 1561 et
624 1504 859 1576 dirigite
887 1505 1010 1558 vias
1041 1510 1267 1559 vestras
1300 1509 1355 1558 et
1376 1506 1577 1560 studia
1602 1511 1817 1560 vestra.

468 1578 574 1643 Qui
606 1576 877 1631 dixerunt
908 1593 921 1631 :
958 1576 1409 1647 Desperavimus
1444 1593 1456 1630 :

537 1653 669 1721 post
696 1648 1073 1719 cogitationes
1095 1648 1252 1721 enim
1280 1652 1508 1703 nostras
1540 1647 1780 1721 ibimus.

537 1718 592 1778 at
623 1718 1028 1791 unusquisque
1060 1720 1402 1791 pravitatem
1427 1720 1618 1775 cordis
1646 1719 1737 1775 sui
1761 1718 1899 1774 mali
1935 1719 2104 1775 facia-

610 1808 787 1846 IDUS:

465 1865 598 1919 Ideo
631 1863 752 1917 hac
782 1862 923 1917 dicit
951 1861 1237 1918 Dominus
1271 1879 1284 1919 ε

467 1938 823 2005 Interrogata
854 1944 1055 2005 gentes
1087 1950 1100 1989 :

465 2004 1019 2130 QuisIaudii/ittalia
1053 2004 1376 2071 horribilia,
1410 2022 1537 2076 quae
1570 2004 1707 2060 fecit
1736 2004 1916 2059 nimis
1946 2004 2107 2075 virgo

639 2094 768 2130 srae

611 2080 768 2132 Israe

462 2149 739 2219 Nunquid
772 2147 1000 2203 deficiet
1033 2146 1102 2201 de
1134 2151 1297 2217 petra
1327 2146 1450 2219 agri
1484 2146 1582 2201 nix
1611 2146 1860 2219 Libani?

536 2218 637 2275 aut
667 2219 834 2274 evelli
866 2223 1114 2290 possunt
1161 2236 1323 2290 aqum
1355 2224 1726 2289 erumpentes
1776 2218 2016 2289 frigidae,
2050 2222 2108 2274 at

606 2290 978 2346 detinentes?

465 2361 614 2430 Quia
643 2362 860 2417 oblitus
892 2367 981 2417 est
1014 2360 1125 2415 mei
1158 2359 1403 2431 populus
1437 2376 1622 2417 meus.

538 2434 755 2489 frustra
787 2433 1057 2501 libantes,
1091 2436 1148 2487 et
1179 2432 1567 2504 impingentes
1613 2432 1674 2488 in
1720 2432 1831 2487 viis
1871 2433 2016 2501 suis,
2049 2436 2107 2488 et

606 2507 666 2559 in
688 2504 917 2560 semitis
946 2504 1168 2566 seculi.

536 2581 600 2630 ut
629 2577 1003 2631 ambularent
1032 2591 1133 2646 per
1162 2591 1259 2629 eas
1291 2576 1348 2629 in
1384 2574 1589 2629 itinera
1620 2592 1735 2631 non
1767 2576 1942 2631 trito:

465 2647 538 2703 Ut
571 2648 738 2703 fieret
767 2653 920 2703 terra
945 2664 1147 2703 eorum
1182 2647 1239 2700 in
1272 2646 1713 2713 desolationem,

534 2724 591 2774 et
622 2720 679 2774 in
710 2719 946 2775 sibilum
990 2718 1414 2790 sempiternum
1449 2734 1461 2771 :

467 2791 675 2847 Omnis
731 2792 829 2862 qui
878 2789 1221 2863 praeterierit
1250 2789 1363 2861 (At.
1406 2790 1683 2861 prasterit)
1714 2806 1815 2863 per
1847 2805 1971 2845 eam
2006 2791 2110 2846 ob-

606 2866 925 2934 stupescat,

540 2939 597 2988 et
628 2936 883 2991 movebit
911 2937 1088 3004 caput
1118 2950 1316 2988 suum.

463 3006 625 3061 Sicut
654 3012 862 3062 ventus
894 3003 1068 3061 urens
1091 3006 1425 3076 dispergam
1460 3020 1558 3060 eos
1590 3021 1783 3059 coram
1817 3003 2056 3059 inimico
2090 3022 2103 3059 :

534 3078 798 3145 dorsum,
825 3083 881 3133 et
913 3094 1025 3132 non
1052 3077 1252 3132 faciem
1277 3076 1580 3132 ostendam
1604 3077 1688 3132 eis
1715 3076 1773 3131 in
1799 3076 1890 3131 die
1913 3077 2103 3147 perdi—

608 3148 783 3204 tionis
812 3165 1034 3205 eorum.

462 3220 533 3274 Et
563 3219 835 3276 dixerunt
869 3237 882 3275 :

462 3291 1090 3364 Yenite,etcogitemus
1113 3293 1315 3345 contra
1336 3289 1650 3364 Jeremiam
1684 3289 2062 3364 cogitationes
2087 3306 2100 3344 :

464 3362 589 3418 Non
623 3364 779 3419 enim
815 3360 1028 3435 p'eribit
1055 3361 1146 3417 lex
1178 3378 1210 3415 a
1236 3362 1556 3435 sacerdote,

531 3451 720 3505 neque
750 3433 1061 3490 consilium
1094 3451 1128 3489 a
1153 3433 1438 3504 sapiente,

537 3522 641 3561 nec
674 3522 867 3562 sermo
897 3524 929 3560 a
962 3505 1244 3576 propheta
1277 3521 1289 3558 :

468 3579 689 3647 Venite,
732 3584 787 3633 et
836 3574 1251 3650 percutiamusg
1280 3591 1415 3650 eum
1457 3574 1566 3647 (ΑΙ.
1599 3574 1725 3630 add.
1766 3575 1849 3643 in)
1878 3575 2100 3647 lingua,

533 3654 590 3704 et
620 3666 734 3705 non
766 3647 1141 3705 attendamus
1185 3647 1255 3701 ad
1292 3647 1595 3702 universos
1617 3662 1918 3703 sermones
1951 3650 2099 3720 ejus.

461 3722 729 3790 Attende,
767 3721 1027 3789 Domine,
1059 3720 1125 3774 ad
1164 3735 1276 3774 me.

537 3798 595 3849 at
625 3793 762 3849 audi
793 3809 987 3848 vocem
1019 3790 1487 3848 adversariorum
1530 3806 1815 3846 meorum.

464 3864 751 3947 Nunquid
775 3865 1055 3947 redditur.
1069 3880 1172 3935 pro
1205 3861 1632 3944 bonqmalum,

535 3933 674 4008 quia
724 3937 999 3991 foderunt
1030 3933 1252 4008 foveam
1281 3934 1489 4008 animae
1523 3933 1712 3989 meae?

460 4006 785 4063 Recordare
825 4009 979 4079 quod
1005 4006 1266 4079 steterim
1298 4006 1355 4060 in
1389 4010 1705 4077 conspectu
1730 4009 1853 4071 tuo,

537 4078 894 4151 utloquerer
925 4096 1027 4151 pro
1059 4079 1144 4134 eis
1174 4078 1418 4151 bonum,

533 4157 592 4207 et
623 4148 940 4207 averterem
974 4149 1446 4222 indignationem
1466 4151 1631 4202 tuam
1662 4149 1734 4203 ab
1767 4148 1871 4205 eis.

469 4222 780 4293 Propterea
810 4224 884 4277 da
917 4222 1067 4278 ﬁlios
1099 4220 1299 4277 eorum
1332 4221 1390 4293 in
1426 4220 1641 4293 famen,

534 4291 595 4349 et
619 4295 807 4350 deduc
838 4311 937 4349 eos
968 4295 1024 4349 in
1060 4310 1271 4347 manus
1302 4291 1515 4363 gladii;

466 4366 631 4421 Fiant
660 4382 869 4421 uxores
900 4382 1099 4421 eorum
1135 4362 1357 4435 absque
1383 4362 1601 4426 liberis,
1637 4366 1693 4417 et
1724 4364 1914 4419 vidua:
1947 4382 1960 4420 :

534 4441 592 4493 at
622 4438 728 4491 viri
763 4454 963 4492 earu'n
999 4437 1433 4491 interficiantur
1461 4442 1647 4489 morte
1679 4452 1691 4489 :

526 4511 774 4580 juvenes
797 4525 997 4564 eorum
1029 4510 1440 4563 confodiantur
1470 4506 1663 4578 gladio
1696 4507 1751 4561 in
1787 4506 1999 4579 praelio.

460 4582 750 4635 Audiatur
778 4581 1001 4636 clamor
1030 4581 1101 4635 de
1126 4580 1402 4635 domibus
1432 4595 1628 4633 eorum
1664 4594 1676 4631 :

466 4652 731 4708 Reducas
769 4652 921 4707 enim
958 4669 1135 4721 super
1162 4667 1260 4706 eos
1290 4651 1572 4706 latronem
1609 4654 1847 4721 repente
1880 4667 1892 4706 :

538 4724 680 4795 quia
714 4724 987 4779 foderunt
1018 4726 1262 4792 foveam,
1297 4728 1359 4776 ut
1388 4725 1663 4795 caperent
1694 4738 1802 4795 me,

535 4793 591 4851 at
622 4794 865 4865 laqueos
889 4795 1326 4851 absconderunt
1357 4793 1805 4865 pedibusmeis.

465 4868 549 4923 Tu
581 4864 802 4935 autem,
835 4866 1102 4933 Domine,
1135 4866 1249 4922 scis
1271 4882 1443 4921 omna
1463 4864 1774 4920 consilium
1798 4883 1997 4922 eorum
2015 4868 2112 4923 ad-

610 4955 844 4995 versum
880 4956 971 4995 me
1003 4939 1059 4993 in
1094 4944 1343 4994 mortem
1374 4953 1388 4991 :

535 5028 609 5067 na
644 5010 976 5083 propitieris
1002 5009 1297 5083 iniquitati
1329 5022 1550 5083 eorum,

538 5088 593 5138 at
627 5080 927 5155 peccatum
962 5098 1161 5139 eorum
1195 5099 1229 5137 a
1260 5080 1403 5135 facie
1436 5084 1537 5134 tua
1567 5096 1681 5135 non
1714 5080 1977 5138 deleatur
2010 5099 2024 5138 :

470 5154 641 5211 Fiant
665 5160 1005 5211 corruentes
1038 5157 1094 5211 in
1128 5156 1442 5224 conspectu
1475 5156 1598 5219 tuo,

536 5227 595 5282 in
630 5233 893 5295 tempore
922 5226 1136 5282 furoris
1168 5227 1254 5281 tui
1286 5226 1528 5281 abutere
1560 5224 1664 5279 eis.

466 5300 635 5368 (Cap.
668 5298 847 5369 XIX.)
874 5302 1007 5353 Haec
1038 5298 1179 5354 dicit
1200 5297 1485 5369 Dominus
1519 5310 1531 5349 :

466 5365 645 5435 Vade.
677 5379 731 5427 at
761 5365 957 5441 accipe
990 5369 1328 5441 [ALsume]
1372 5365 1748 5441 lagunculam
1808 5368 1970 5438 figuli
2030 5374 2113 5425 te-

615 5448 796 5498 steum
832 5437 1248 5496 a'senioribus
1307 5437 1531 5510 populi,
1590 5442 1647 5493 et
1702 5456 1735 5493 a
1782 5437 2115 5498 senioribus

606 5514 977 5568 sacerdotum
1015 5529 1027 5566 :

536 5586 592 5636 et
620 5586 895 5653 egredere
927 5584 997 5638 ad
1031 5580 1240 5636 vallem
1272 5580 1377 5653 (iiii
1412 5582 1661 5647 Ennom,
1689 5598 1813 5652 qua:
1836 5587 1920 5638 est
1946 5586 2117 5653 juxta

609 5651 917 5737 introitum
950 5657 1132 5737 portas
1162 5651 1361 5737 fictilis
1395 5668 1406 5705 :

471 5724 915 5847 Iitdiiié'aedicabis
946 5721 1025 5781 ibi
1058 5724 1237 5779 verba
1268 5740 1397 5796 quas
1428 5737 1534 5792 ego
1561 5721 1772 5793 loquar
1800 5725 1871 5781 ad
1926 5730 2012 5793 te;
2062 5732 2118 5784 et

635 5809 697 5848 cs
728 5811 741 5849 :

2374 434 2430 486 at
2460 430 2821 485 habitatores
2852 428 3173 485 Jerusalem
3214 447 3227 485 :

2222 503 2351 558 Haec
2378 501 2520 557 dicit
2550 501 2834 557 Dominus
2866 502 3229 558 exercituum
3263 500 3412 558 Deus
3439 503 3598 559 Israel
3627 522 3638 561 :

2222 576 2365 647 Ecce
2399 589 2504 645 ego
2537 573 2809 647 inducam
2844 573 3221 647 alfflictiognem
3246 590 3419 647 super
3438 574 3611 631 locum
3633 577 3781 646 istum,

2294 644 2779 721 it'automnis_qui
2796 644 3240 721 audieritillam,
3262 644 3781 721 tinniantaurasejus.

2220 719 2298 775 Eo
2325 717 2480 789 quod
2512 716 3073 789 dereliquerintme,

2291 786 2634 845 et'alienum
2670 786 2913 843 fecerint
2935 786 3126 843 locum
3162 788 3337 843 istum
3370 806 3383 851 ;

2220 862 2286 917 Et
2318 862 2648 916 libavarunt
2676 861 2779 924 (Αι.
2811 859 3145 921 libaverint)
3186 859 3246 915 in
3277 876 3343 916 eo
3373 859 3483 915 diis
3514 860 3709 929 alienis,

2359 948 2507 1059 qugs
2540 931 2875 987 nescierunt
2905 931 3038 1003 ipsi,
3068 938 3124 987 et
3144 937 3338 1003 patres
3369 947 3582 1002 eorum,
3602 941 3650 989 et
3670 950 3788 1005 reges

2402 1022 2433 1057 u
2483 1020 2515 1057 a
2548 1021 2560 1059 :

2402 1020 2515 1057 una
2548 1021 2560 1059 Σ

2289 1085 2343 1133 at
2374 1073 2966 1147 repleveruntﬁlocum
3000 1074 3181 1130 istum
3242 1074 3520 1147 sanguine
3570 1076 3787 1133 innocen-

2360 1148 2533 1202 tium.

2218 1221 2287 1276 Et
2315 1220 2748 1275 mdiﬁcaverunt
2782 1215 3008 1271 excelse
3041 1215 3281 1287 Baalim,
3312 1218 3381 1272 ad
3428 1217 3788 1276 comburendos

2361 1290 2514 1345 filios
2545 1304 2684 1345 suos
2716 1288 2834 1360 igni
2867 1289 2927 1342 in
2952 1287 3357 1345 holocaustem

2217 1362 2439 1421 Baalim
2476 1377 2489 1416 :

2291 1451 2418 1507 qum
2453 1448 2566 1486 non
2601 1430 2872 1507 praecepi,
2905 1446 3018 1485 non
3057 1429 3291 1486 locutus
3322 1448 3474 1499 sum,

2288 1503 2394 1561 nec
2427 1503 2813 1559 ascenderunt
2841 1503 2901 1555 in
2926 1518 3023 1557 cor
3053 1517 3269 1557 meum.

2216 1579 2523 1650 PrOpterea
2548 1590 2678 1650 ecca
2697 1573 2847 1650 _dies_
2864 1572 3123 1650 veniunt,
3158 1574 3602 1650 dicit__Dorqi_nus_
3626 1590 3638 1629 :

2287 1644 2345 1706 et
2373 1665 2486 1703 non
2513 1645 2814 1701 vocabitur
2837 1648 2997 1699 locus
3018 1645 3127 1701 iste
3151 1644 3409 1717 amplius
3436 1645 3725 1717 Thopbetb,
3749 1650 3789 1699 et

2356 1718 2526 1775 vallis
2557 1717 2663 1771 filii
2690 1717 2939 1783 Ennom,

2288 1793 2385 1848 sed
2420 1788 2586 1845 vallis
2616 1788 2960 1843 Occisionis.

2215 1861 2596 1921 Etdissinabo
2610 1858 3477 1915 consiliumJudaetJerusalem
3497 1859 3549 1914 in
3570 1858 3674 1914 loco
3689 1858 3785 1913 isto:

2286 1940 2343 1992 at
2370 1930 2705 1991 subvertam
2738 1947 2837 1986 eos
2855 1930 3448 2003 gladioineonspectu
3480 1931 3785 1986 inimicorum

2360 2020 2626 2072 suorum,

2288 2080 2421 2133 etin
2456 2092 2631 2131 manu
2666 2072 3051 2145 quaerentium
3085 2072 3316 2128 animas
3348 2089 3542 2145 eorum
3574 2090 3584 2126 :

2215 2152 2282 2207 Et
2313 2151 2461 2205 dabo
2483 2142 2763 2203 cadavera
2783 2161 3007 2214 eorum,
3039 2160 3233 2199 escam
3270 2144 3587 2200 volatilibus
3626 2142 3725 2199 cwli
3746 2148 3785 2199 et

2358 2219 2562 2277 bestiis
2580 2222 2750 2273 terrae
2784 2232 2796 2271 :

2284 2300 2343 2350 et
2374 2308 2585 2365 ponam
2615 2289 2908 2344 civitatem
2942 2285 3094 2341 hanc
3125 2285 3183 2341 in
3217 2290 3605 2360 stuporem,et
3642 2285 3689 2340 in
3729 2283 3785 2337 si-

2359 2365 2542 2420 bilum
2580 2378 2593 2417 :

2215 2438 2418 2495 Omnis
2450 2433 2549 2506 qui
2607 2428 2951 2503 praeterierit
2990 2429 3093 2499 (ΑΙ.
3132 2430 3414 2501 prmterit)
3444 2446 3538 2501 per
3563 2444 3690 2494 eam,
3714 2426 3787 2481 ob-

2360 2509 2678 2577 stupescat,

2288 2587 2345 2637 et
2376 2570 2636 2633 sib'ilabit
2664 2570 2847 2645 super
2869 2570 3139 2645 universa
3169 2571 3347 2645 plaga
3376 2573 3497 2643 ejus
3527 2588 3539 2627 :

2217 2656 2283 2711 Et
2314 2650 2521 2709 cibabo
2548 2663 2647 2702 eos
2670 2640 2947 2700 carnibus
2964 2640 3213 2698 filiorum
3238 2640 3559 2712 suorumet
3576 2640 3787 2697 carnibus

2360 2722 2613 2776 ﬁliarum
2648 2731 2913 2782 suarum,

2287 2800 2345 2852 et
2375 2789 2785 2862 unusquisque
2811 2781 3018 2840 carnes
3038 2786 3223 2862 amici
3251 2786 3345 2842 sui
3371 2786 3611 2842 comedet
3641 2784 3685 2837 in
3711 2781 3787 2835 ob-

2358 2857 2603 2931 sidione,
2633 2857 2778 2931 etin
2815 2857 3109 2931 angustia,

2288 2940 2345 2993 in
2378 2954 2494 3009 qua
2519 2926 2873 3009 concludant
2889 2926 2987 2983 eos
3006 2928 3227 2983 inimici
3254 2945 3481 2994 eorum,
3501 2932 3552 2982 et
3574 2926 3657 2998 qui
3674 2939 3786 2996 que-

2358 3006 2497 3064 runt
2526 3006 2758 3060 animas
2788 3016 3009 3057 eorum.

2217 3088 2285 3138 Et
2318 3086 2581 3137 conteres
2602 3073 2976 3147 lagunculam
3000 3070 3060 3125 in
3082 3070 3271 3127 oculis
3286 3068 3643 3141 virorum,qui
3663 3067 3788 3121 ibunt

2360 3160 2574 3214 tecum,
2600 3143 2846 3202 et'dices
2877 3143 2946 3197 ad
2976 3159 3075 3197 eos
3111 3159 3123 3197 :

2212 3227 2344 3281 Haec
2376 3223 2521 3279 dicit
2552 3217 2837 3275 Dominus
2867 3214 3227 3270 exercituum
3264 3231 3280 3269 :

2282 3298 2374 3353 Sic
2408 3297 2705 3350 conteram
2726 3289 3006 3359 populum
3030 3286 3235 3359 istum,
3257 3290 3321 3341 et
3343 3284 3618 3341 civitatem
3636 3280 3786 3359 istam,

2284 3351 2438 3425 sicut
2468 3351 2792 3441 conteritur
2809 3351 2913 3414 vas
2940 3356 3127 3430 figuli,
3170 3359 3328 3429 quod
3350 3374 3460 3413 non
3492 3358 3656 3429 potest
3675 3351 3787 3407 ultra

2355 3442 2675 3495 instaurari
2714 3450 2727 3486 :

2212 3514 2278 3568 Et
2308 3512 2367 3567 in
2399 3504 2711 3579 Thopbetb
2743 3499 3125 3579 sepeliantur,

2283 3600 2350 3639 eo
2373 3568 2675 3653 quodnon
2708 3568 2972 3653 _sit_aliu.s_
3002 3570 3169 3653 locus
3204 3571 3279 3625 ad
3313 3568 3697 3653 sepeliendum:

2212 3633 2689 3713 Sic'fajciamloco
2712 3643 2868 3712 huic,
2893 3642 2976 3698 ait
3001 3642 3309 3709 Dominus,
3338 3633 3397 3697 et
3418 3633 3786 3697 habitatoribus

2356 3739 2505 3781 elUB.

2283 3742 2585 3867 eterigiiam
2618 3787 2911 3867 civitatem
2943 3783 3119 3867 istam
3155 3784 3315 3867 sicut
3341 3779 3647 3855 Tb0pbetb,

2212 3845 2729 3929 Etverhn—twdomus
2758 3855 3111 3929 Jerusalem,
3134 3862 3192 3911 et
3220 3858 3435 3912 domus
3457 3845 3637 3927 regum
3654 3845 3784 3907 Juda,

2283 3943 2436 3998 sicut
2461 3939 2623 3991 locus
2653 3927 2985 3999 Thopbetb,
3013 3929 3342 3984 immunda,
3380 3945 3392 3983 ε

2214 3988 2732 4070 Οῶἰῖξέᾶὸὶήαεὶη
2767 3988 3013 4072 quarum
3029 4000 3365 4061 domatibus
3384 3988 3787 4055 sacriﬁcaverunt

2358 4081 2521 4139 omni
2556 4069 2956 4138 militiae-caeli,

2288 4162 2347 4212 et
2376 4151 2706 4210 libaverunt
2737 4143 3019 4199 libamina
3050 4141 3162 4214 diis
3190 4141 3420 4214 alienis.
3659 4203 3668 4214 .

2217 4202 2609 4283 VeBit"£Jtérh
2643 4216 2921 4273 Ieremias
2966 4215 3036 4268 de
3084 4213 3419 4285 Thopbetb,
3466 4225 3569 4283 quo
3602 4202 3790 4262 miserat

2357 4312 2490 4355 eum
2524 4289 2815 4349 Dominus
2846 4285 2915 4339 ad
2953 4284 3450 4357 pr0phetandum,

2287 4381 2343 4425 et
2373 4366 2537 4426 stetit
2568 4365 2625 4417 in
2658 4360 2808 4416 atrio
2838 4358 3051 4413 domus
3082 4357 3336 4423 Domini,

2288 4448 2346 4497 et
2374 4439 2520 4496 dixit
2550 4435 2618 4491 ad
2655 4446 2888 4487 omnem
2927 4428 3206 4499 p0pulum
3235 4446 3248 4483 :

2143 4495 2188 4559 Ῐ)
2220 4489 2349 4569 Ηέᾶ
2554 4489 2839 4563 Dominus
2871 4489 3231 4559 exercituum
3270 4501 3416 4554 Deus
3452 4489 3652 4569 lsraai:

2220 4564 2362 4641 Ecce
2386 4564 2499 4655 ego
2520 4579 2797 4655 inducam
2830 4588 3009 4655 super
3050 4572 3347 4627 civitatem
3382 4570 3543 4635 hanc,
3583 4564 3633 4618 et
3657 4566 3791 4627 super

2363 4645 2567 4712 omnes
2600 4648 2775 4704 urbes
2807 4645 2960 4718 ejus,
3404 4711 3419 4718 _
3673 4706 3788 4718 μμ,

2293 4710 2563 4783 universa
2590 4719 2744 4775 mala
2784 4710 2911 4786 quae
2942 4714 3175 4770 locutus
3198 4729 3327 4769 sum
3351 4711 3636 4766 adversum
3664 4710 3788 4755 eam:

2221 4799 2506 4866 Quoniam
2539 4792 2963 4866 induraverunt
2991 4787 3275 4841 cervicem
3309 4797 3492 4849 suam,

2294 4877 2358 4927 ut
2383 4886 2496 4925 non
2523 4863 2795 4920 audirent
2827 4874 3127 4914 sermones
3161 4874 3338 4913 meos.

2220 4922 2562 5016 (σᾶγᾷξΧΧ.)
2593 4940 2666 5016 Et
2696 4931 2915 5016 audivit
2947 4927 3397 5016 Rhassur‘ﬁlriufs

2365 4985 2663 5078 έίὧξιῖῖιδί⁷
2700 4985 3061 5061 constitutus
3108 5004 3234 5056 erat
3279 4998 3541 5070 princeps
3568 4990 3616 5044 in
3659 4985 3789 5038 domo

2364 5079 2619 5146 Domini,
2779 5144 2793 5149 _
2863 5148 2868 5149 γ
2968 5148 2974 5149 γ
3431 5136 3445 5149 ,

2293 5139 2617 5213 Ιθὲθωίδῐιί
2634 5144 3077 5219 prophetantem
3106 5139 3583 5219 sermones_istos.

2223 5210 2312 5285 Et—
2324 5210 2613 5301 percussit
2636 5210 2902 5275 'Phassur
2924 5210 3607 5339 Jeremiamfrophetam,

2294 5307 2345 5339 ni
2382 5296 2545 5339 minii,
2576 5306 2709 5339 ριπη
2739 5289 2797 5339 in
2831 5303 3090 5339 nervum.
3124 5302 3237 5339 ouo
3301 5286 3419 5338 erat
3449 5294 3504 5333 in
3534 5289 3607 5339 ρο]

2294 5269 2720 5357 εῗνάίῖξῖῐνξυδ
2734 5269 3090 5365 itiner-vum,
3124 5269 3277 5365 quod
3301 5269 3504 5365 eratin
3534 5269 3791 5348 portaBen-

2270 5423 2281 5435 ,
2360 5360 2892 5441 jaminsuperiori,
2923 5358 3188 5441 indomo
3216 5358 3465 5412 Domini.

2224 5430 2487 5515 cum'que
2517 5430 3181 5515 iliuxisset'crastinum,

2295 5502 2494 5570 eduxit
2522 5509 2781 5565 Phassur
2810 5503 3124 5559 Jeremiam
3161 5502 3230 5557 de
3263 5509 3469 5560 nervo;

2225 5588 2294 5642 Et
2324 5587 2474 5641 dixit
2503 5582 2573 5637 ad
2605 5592 2738 5633 eum
2770 5573 3090 5631 Jeremias:

2225 5634 2647 5714 ﬁon'ﬁb-assur
2676 5647 2898 5702 vocavit
2928 5645 3213 5702 Dominus
3260 5652 3465 5695 nomen
3512 5634 3677 5689 tuum»

2371 5718 2955 5801 pavoraIPP'Ldiq‘EO-

2228 5789 2387 5869 Quia'
2408 5800 2528 5855 haec
2558 5789 2701 5850 dicit
2730 5789 3016 5847 Dominus
3039 5806 3056 5855 ;

3713 5609 3786 5671 sed
