3938 6174
176 208 282 265 933

174 338 314 393 Ecce
340 348 447 402 ego
470 331 622 386 dabo
651 333 707 386 te
737 331 795 386 in
824 346 1118 402 pavorem,

242 350 314 390 ace
340 349 372 388 e
414 348 447 387 o
470 348 622 386 nano
651 348 707 386 te
737 348 795 386 in
824 348 1118 402 pavorem,

242 412 296 461 te
321 348 425 474 (Αῗ.
460 411 598 458 tacet
627 407 702 470 te)
733 407 789 457 et
817 419 1025 458 omnes
1057 402 1280 459 amicos
1308 407 1442 458 tuos
1476 420 1489 456 :

171 481 241 536 Et
271 473 544 533 cerruent
572 474 776 546 gladio,
796 473 1174 530 inimicorum
1205 492 1469 542 suorum,

243 554 299 604 et
328 546 482 602 oculi
515 545 602 599 tui
631 545 935 600 videbunt:

173 627 238 677 Et
267 634 499 675 omnem
521 618 735 672 Judam
767 619 916 672 dabo
949 618 1005 670 in
1041 633 1279 672 manum
1307 618 1461 688 regis
1485 615 1818 688 Babylonis:

243 698 299 747 et
329 690 591 744 traducet
617 705 716 744 eos
747 689 807 743 in
838 689 1217 760 Babylonem,

244 768 301 818 et
329 760 616 833 percutiet
640 777 738 816 eos
769 761 985 833 gladio.

172 839 239 890 Et
255 830 408 890 dabo
430 833 760 888 universam
779 830 1194 888 substantiam
1227 832 1483 888 civitatis
1521 830 1722 900 hujus,
1768 831 1825 884 et

311 920 548 959 omnem
582 902 842 958 laborem
875 904 1027 974 ejus,

241 991 538 1046 omneque
568 975 843 1046 pretium,
878 987 934 1030 et
973 977 1213 1031 cunctos
1257 975 1568 1031 thesauros
1618 989 1822 1045 regum

320 1048 478 1103 Juda
504 1047 655 1102 dabo
688 1046 746 1101 in
771 1062 947 1101 manu
981 1046 1354 1102 inimicorum
1386 1061 1588 1102 eorum
1620 1046 1662 1098 ¹;

247 1126 306 1176 et
330 1118 610 1190 diripient
639 1134 759 1184 eos,
791 1124 848 1174 et
868 1117 1094 1185 tollent,
1124 1124 1182 1173 et
1225 1120 1440 1174 ducent
1485 1117 1545 1172 in
1576 1114 1825 1188 Babylo-

310 1206 470 1246 nem.

167 1264 250 1320 Tu
283 1267 513 1326 autem,
544 1259 823 1328 Phassur,
857 1265 914 1315 et
951 1277 1157 1316 omnes
1210 1261 1567 1317 habitatores
1612 1260 1824 1315 domus

312 1341 452 1399 tuas,
488 1331 646 1404 ibitis
680 1332 737 1386 in
771 1333 1194 1404 captivitatem:

239 1411 298 1461 et
330 1406 392 1460 in
423 1403 774 1474 Babylonem
807 1403 1024 1473 venies,
1058 1409 1115 1459 et
1144 1404 1224 1458 ibi
1248 1403 1538 1468 morieris,

239 1478 448 1548 ibique
477 1474 781 1548 sepelieris
812 1481 896 1541 tu,
938 1482 995 1531 et
1024 1491 1230 1548 omnes
1260 1476 1432 1532 amici
1464 1476 1572 1544 tui,

237 1549 461 1620 quibus
493 1547 856 1620 prophetasti
888 1547 1281 1602 mendacium.

164 1617 468 1678 Seduxisti
494 1617 585 1672 me
619 1617 886 1682 Domine,
919 1625 977 1674 et
1006 1620 1288 1674 seductus
1317 1636 1449 1674 sum
1476 1635 1489 1674 :

236 1691 451 1748 fortior
482 1705 574 1744 me
606 1689 791 1757 fuisti,
823 1695 880 1745 et
913 1690 1209 1745 invalutsti
1241 1706 1253 1742 :

165 1764 388 1820 Factus
417 1778 552 1817 sum
583 1759 642 1815 in
675 1761 938 1816 derisum
972 1766 1092 1817 tota
1121 1762 1238 1830 die,

235 1850 452 1890 omnes
485 1832 846 1888 sabsannant
879 1849 994 1888 me.

169 1907 319 1974 Quia
343 1907 472 1977 jam
504 1904 642 1959 olim
678 1906 905 1977 loquor,
937 1904 1262 1960 vociferans
1293 1903 1687 1975 iniquitatem,

238 1985 298 2034 et
326 1975 661 2032 vastitatem
692 1975 950 2031 clamito:

173 2051 242 2106 Et
272 2052 474 2104 factus
503 2055 593 2102 est
623 2048 769 2103 mihi
799 2064 991 2102 sermo
1021 2046 1256 2103 Domini
1305 2045 1364 2101 in
1423 2046 1827 2118 opprobrium,

248 2128 312 2176 et
347 2119 408 2174 in
437 2119 692 2174 derisum
727 2125 846 2175 tota
873 2119 986 2174 die.

171 2197 239 2247 Et
266 2191 401 2247 dixi
435 2206 448 2243 :

171 2265 297 2320 Non
340 2259 691 2332 recordabar
721 2261 872 2332 ejus,

243 2348 452 2400 neque
484 2331 686 2400 loquar
718 2331 870 2388 ultra
899 2333 958 2387 in
991 2333 1226 2389 nomine
1258 2331 1416 2386 illius
1448 2347 1460 2385 :

243 2351 324 2390 ne
379 2351 452 2388 ue
484 2351 686 2400 ioquar
718 2351 870 2388 ultra
899 2351 958 2387 in
991 2351 1226 2389 nomine
1258 2351 1416 2386 unus
1448 2351 1460 2385 :

172 2408 239 2463 Et
266 2351 390 2479 (ΑἽ.
423 2403 592 2474 Quia)
624 2404 814 2460 factus
844 2410 933 2460 est
961 2407 1020 2460 in
1052 2406 1226 2460 corde
1282 2419 1411 2459 meo
1461 2401 1632 2473 quasi
1680 2400 1834 2474 ignis

322 2482 681 2541 exaestuans,
784 2504 788 2508 »

242 2548 616 2618 claususque
643 2547 703 2600 in
736 2546 971 2602 ossibus
1004 2547 1147 2602 meis
1179 2563 1192 2601 :

241 2627 302 2675 et
341 2619 552 2684 defeci,
586 2618 734 2673 ferre
765 2635 880 2672 non
913 2619 1236 2675 sustinens.

172 2691 395 2747 Audivi
427 2689 582 2744 enim
613 2689 1005 2745 contumelias
1037 2689 1384 2756 multorum,

248 2771 312 2818 et
349 2769 630 2818 terrorem
663 2761 722 2816 in
753 2762 1003 2816 circuitu
1038 2777 1052 2816 :

177 2832 644 2914 Persequimini,
677 2839 733 2914 et
761 2849 1190 2914 persequamur
1214 2848 1347 2914 eum
1385 2849 1398 2886 :

247 2909 331 2962 ab
368 2901 643 2960 omnibus
668 2901 806 2959 viris
830 2901 1162 2965 (ALomnes
1192 2905 1342 2973 viri),
1384 2901 1483 2970 qui
1522 2908 1690 2956 erant
1738 2917 1838 2973 pa-

327 2976 484 3031 ciﬁci
516 2975 652 3040 mei,
685 2981 742 3030 et
770 2977 1167 3031 custodientes
1197 2977 1354 3030 latus
1387 2990 1582 3028 meum
1621 2990 1633 3027 :

1351 206 1565 263 mssa
1600 207 1932 263 manus
1970 179 2390 264 psorssm.

3468 222 3539 276 93
3547 223 3574 276 4

1841 333 1895 399 Α
2002 333 2058 385 et
2087 346 2578 391 consumerentur
2608 337 2666 393 in
2701 340 3048 398 confusione
3075 343 3199 400 dies
3231 345 3386 400 mei?

1929 402 2083 471 (Cap.
2107 403 2585 480 XXI.)_Verbum,
2618 414 2772 480 quod
2805 413 3024 469 factum
3057 421 3147 470 est
3167 417 3238 470 ad
3258 417 3577 474 Jeremiam

2073 491 2107 527 a
2138 475 2403 542 Domino,

2002 546 2432 687 qubalgiicohgisit
2462 551 2530 605 ad
2555 567 2688 608 eum
2712 571 2811 610 rex
2831 556 3097 613 Sedecias
3116 557 3580 617 Phassurﬁlium

2003 693 2061 768 et
2090 688 2444 758 Sophoniam
2478 690 2664 768 ﬁlium
2698 695 2928 752 Maasiaa
2961 701 3577 768 sacerdotem,dicens:

1931 758 2378 838 Interrogapro
2403 764 2572 838 nobis
2602 766 2938 838 Dominum,

2002 829 2142 901 quia
2157 829 2696 892 Nabuchodonosor
2719 856 2813 895 rex
2837 829 3148 913 Babylonis
3167 841 3466 915 praeliatur
3484 846 3585 900 ad-

2076 919 2307 958 versum
2340 921 2446 960 nos
2479 921 2493 960 :

2005 972 2054 1029 si
2071 974 2215 1029 forte
2230 975 2703 1036 faciatDominus
2717 982 3024 1039 nobiscum
3041 987 3368 1043 secundum
3383 987 3584 1043 omnia

2079 1046 2375 1102 mirabilia
2404 1065 2530 1117 sua,

2004 1119 2060 1171 et
2089 1118 2320 1172 recedat
2348 1135 2382 1174 a
2409 1121 2600 1176 nobis.

1935 1187 2002 1242 Et
2031 1187 2174 1243 dixit
2201 1189 2488 1246 Jeremias
2519 1193 2592 1247 ad
2625 1209 2725 1251 eos
2758 1212 2771 1250 :

2006 1258 2098 1315 Sic
2128 1259 2334 1317 dicetis
2364 1263 2615 1319 Sedeciaa
2650 1283 2664 1320 :

1932 1335 2066 1386 Haec
2092 1330 2234 1387 dicit
2267 1333 2546 1391 Dominus
2578 1336 2732 1392 Deus
2763 1339 2936 1394 Israel
2973 1358 2986 1396 :

1934 1402 2077 1458 Ecce
2105 1419 2211 1484 ego
2242 1411 2572 1484 convertam
2605 1425 2742 1465 vasa
2771 1410 2904 1465 belli
2939 1429 3066 1484 quas
3094 1412 3150 1467 in
3185 1414 3460 1470 manibus
3491 1432 3586 1471 ve-

2079 1474 2216 1529 stris
2246 1482 2407 1542 sunt,

2006 1550 2064 1601 et
2084 1546 2300 1630 quibus
2321 1565 2422 1630 vos
2446 1551 2723 1622 pugnatis
2742 1553 3021 1610 adversus
3044 1571 3234 1626 regem
3251 1556 3585 1630 Babylonis,

2077 1624 2134 1672 et
2157 1617 2480 1684 Chaldaeos,

1857 1696 1903 1762 Β
1936 1760 1970 1762 _
2005 1689 2104 1758 qui
2135 1690 2407 1746 obsident
2439 1708 2538 1747 vos
2571 1692 2627 1747 in
2659 1693 2909 1751 circuitu
2942 1713 3245 1754 murorum
3282 1716 3295 1755 :

1934 1760 2001 1817 Et
2024 1763 2392 1843 congregabo
2413 1779 2480 1818 ea
2513 1763 2570 1818 in
2594 1766 2797 1843 _medio
2847 1768 3104 1824 civitatis
3150 1770 3351 1843 hujus.
3388 1775 3454 1826 Et
3483 1771 3583 1828 de-

2077 1833 2308 1958 ?(eliiabo
2336 1850 2439 1904 ego
2470 1851 2570 1890 vos
2592 1835 2652 1891 in
2677 1853 2854 1894 manu
2886 1845 3140 1910 extenta,
3172 1833 3314 1898 et'in
3345 1843 3584 1900 brachio

2008 1977 2065 2028 et
2093 1974 2151 2029 in
2186 1976 2404 2055 furore,
2427 1980 2484 2055 et
2513 1977 2569 2055 in
2604 1977 3029 2055 indignatione,
3051 1987 3107 2055 et
3135 1982 3194 2038 in
3236 1984 3323 2040 ira
3353 1985 3585 2055 grandi.

1939 2047 2359 2124 Et_percutiam
2393 2047 3029 2124 habitatorescivitatis
3062 2054 3204 2124 huju
3219 2073 3269 2118 s,

2011 2116 2278 2198 homines
2306 2123 2365 2173 et
2392 2119 2593 2198 bestiae
2619 2120 2961 2198 pestilentia
2991 2116 3206 2198 magna
3239 2116 3586 2183 morientur.

1942 2191 2007 2242 Et
2037 2195 2168 2258 post
2200 2189 2321 2244 haec
2352 2189 2436 2244 ait
2463 2189 2747 2249 Dominus
2780 2211 2794 2249 :

2013 2260 2163 2315 dabo
2195 2261 2497 2341 sedeciam
2546 2280 2739 2336 regem
2787 2265 2962 2337 Juda,
2995 2271 3054 2324 et
3101 2269 3299 2325 servos
3347 2270 3501 2341 ejus,
3533 2273 3597 2325 ut

2086 2332 2377 2404 populum,
2401 2335 2550 2404 ejus,

2014 2407 2070 2458 et
2099 2402 2488 2483 quiderelicti
2537 2402 2688 2462 sunt
2735 2407 2794 2464 in
2845 2409 3078 2466 civitate
3119 2410 3227 2466 hac
3259 2429 3293 2467 a
3325 2417 3507 2483 peste,
3539 2416 3597 2468 et

2084 2473 2300 2547 gladio,
2331 2480 2389 2530 et
2418 2477 2591 2544 fame,

2021 2544 2291 2628 injmanu
2324 2547 2860 2628 Nabuchodonosor
2890 2551 3042 2625 regis
3076 2553 3413 2626 Babylonis,

2015 2621 2072 2671 et
2102 2620 2160 2671 in
2193 2633 2371 2674 manu
2400 2620 2767 2676 inimicorum
2801 2620 3024 2688 eorum,

2018 2691 2074 2742 et
2102 2688 2162 2742 in
2196 2705 2376 2765 manu
2409 2692 2796 2765 querentium
2829 2695 3089 2750 animam
3115 2713 3344 2765 eorum,

1947 2763 2016 2814 Et
2047 2759 2334 2835 percutiet
2361 2759 2460 2817 eos
2485 2763 2544 2816 in
2579 2780 2676 2818 ore
2704 2765 2903 2835 gladii,

2020 2837 2077 2884 et
2104 2847 2224 2906 non
2257 2830 2520 2906 ﬂectetur
2540 2835 2582 2903 ³,
2607 2830 2795 2906 ηερύθ
2818 2830 3033 2906 parcet,
3064 2854 3165 2894 nec
3198 2839 3595 2897 miserebitur.

1948 2901 2018 2956 Et
2048 2903 2117 2956 ad
2151 2903 2434 2973 populum
2467 2901 2621 2961 hunc
2651 2901 2859 2962 dices:

1949 2973 2081 3028 Haec
2110 2974 2254 3029 dicit
2282 2975 2570 3032 Dominus
2603 2994 2616 3032 :

258 3049 313 3105 si
343 3048 640 3119 quomodo
670 3047 1014 3119 decipiatur,
1039 3052 1097 3103 et
1121 3048 1532 3118 praevaleamus
1563 3045 1841 3101 adversus
1877 3064 1919 3130 ρ
1956 3044 2112 3130 Εθειεδ¹
2129 3061 2235 3126 ego
2267 3048 2339 3102 do
2365 3064 2560 3104 coram
2589 3049 2752 3105 vobis
2779 3049 2928 3105 viam
2963 3049 3111 3118 vita,
3143 3056 3200 3106 et
3229 3053 3381 3110 viam
3436 3071 3598 3110 mor-

334 3136 496 3188 eum,

257 3197 326 3246 et
352 3187 786 3260 consequamur
816 3187 1094 3245 ultionem
1127 3207 1195 3245 ex
1225 3205 1312 3245 eo.

185 3262 488 3318 Dominus
546 3259 741 3316 autem
775 3278 1002 3316 mecum
1034 3267 1124 3317 est
1151 3261 1319 3332 quasi
1355 3259 1602 3316 bellator
1631 3259 1798 3315 fortis
1831 3275 1845 3314 :

254 3335 487 3390 idcirco
517 3335 618 3404 qui
649 3341 1086 3404 persequuntur
1115 3349 1231 3397 me,
1264 3333 1504 3397 cadent,

255 3412 322 3462 et
355 3404 578 3460 infirmi
610 3410 782 3459 erunt
817 3422 830 3460 :

181 3477 644 3534 Confundentur
671 3474 786 3600 SAL
819 3475 1276 3546 confundantur)
1309 3475 1704 3538 vehementer,

258 3567 292 3600 ο
307 3550 413 3600 uia
427 3564 542 3600 non
558 3548 677 3600 inte
706 3547 974 3600 lexeruut
994 3548 1376 3600 onnrobrium
1397 3545 1704 3600 sempitern

258 3567 292 3620 q
307 3550 413 3604 uia
427 3564 542 3620 non
558 3545 974 3620 intellexerunt
994 3545 1376 3620 opprobrium
1397 3545 1845 3617 sempiternum,

344 3619 502 3691 quod
535 3635 836 3689 nunquam
870 3617 1175 3674 delebttur.

183 3693 256 3748 Et
287 3687 384 3758 tu,
417 3687 1078 3758 Domine'exercituum,
1111 3687 1571 3761 probatorjusti,

303 3765 372 3818 ui
396 3761 560 3818 vides
585 3778 754 3816 renes
783 3767 842 3833 et
871 3778 970 3816 cor
1002 3778 1035 3833 τι

303 3780 372 3818 ui
396 3780 560 3818 vmes
585 3780 754 3816 renes
783 3780 842 3816 et
871 3780 970 3816 cor
1002 3780 1035 3833 ιι

181 3780 462 3899 Videam,
489 3849 704 3903 quaeso,
739 3831 1022 3888 ultionem
1049 3838 1211 3887 tuam
1242 3848 1310 3887 ex
1341 3829 1424 3886 eis
1457 3847 1472 3886 :

254 3905 374 3960 tibi
405 3905 562 3959 enim
595 3903 842 3959 revelavi
869 3920 1107 3960 causam
1138 3920 1346 3959 meam.

185 3979 446 4034 Caritate
475 3975 744 4042 Domino,

259 4048 512 4104 laudate
541 4047 858 4102 Dominum
893 4062 906 4102 :

260 4120 416 4192 quia
447 4118 713 4192 liberavit
741 4118 1000 4192 animam
1033 4115 1308 4192 pauperis
1339 4117 1410 4172 de
1440 4132 1618 4171 manu
1669 4114 1851 4171 malo-

343 4207 477 4245 rum
509 4191 615 4261 (Al.
650 4191 1090 4261 pessimorum).

183 4263 513 4318 Maledicta
543 4262 690 4326 dies,
723 4261 782 4316 in
813 4278 930 4332 qua
959 4266 1133 4316 natus
1163 4275 1334 4325 sum;

183 4334 457 4460 Diesain
489 4349 607 4404 qua
637 4331 861 4405 peperit
894 4349 985 4387 me
1018 4339 1202 4387 mater
1232 4348 1385 4399 mea,
1419 4348 1533 4386 non
1565 4332 1644 4387 sit
1672 4331 1850 4387 bene-

386 4405 525 4459 icta.

1886 4430 1933 4494 D

2100 3116 2197 3172 tis.

1958 3187 2066 3252 Qui
2097 3187 2449 3268 habitaverit
2502 3190 2560 3245 in
2623 3192 2764 3248 urbe
2821 3193 2950 3263 hac,
2984 3195 3268 3250 morietur
3297 3194 3511 3268 gladio,
3547 3204 3606 3254 et

2101 3261 2274 3332 fame,
2309 3266 2366 3316 et
2401 3268 2559 3332 peste
2591 3279 2604 3316 :

2030 3331 2155 3411 qui.
2188 3331 2407 3411 autem
2441 3349 2738 3411 egressus
2775 3335 2970 3402 fuerit,
3003 3342 3061 3392 et
3119 3339 3502 3411 transfugerit
3532 3342 3602 3396 ad

2099 3402 2542 3480 Chaldaeos,_qui
2574 3407 2846 3461 obsident
2872 3423 2999 3480 vos,
3031 3410 3200 3480 vivet,

2029 3477 2086 3527 et
2116 3475 2226 3550 erit
2243 3475 2304 3550 _ei
2337 3477 2536 3532 anima
2565 3494 2694 3548 sua,
2728 3479 2897 3549 quasi
2931 3475 3206 3550 spolium.

1960 3544 2132 3600 Posui
2163 3545 2319 3620 enim
2355 3550 2556 3603 faciem
2592 3544 2780 3604 meam
2815 3544 2992 3620 super
3023 3552 3312 3607 civitatem
3363 3552 3514 3610 hanc
3546 3554 3604 3610 in

2030 3686 2043 3700 υ
2102 3616 2346 3686 malum,
2380 3616 2955 3700 (δι’ιιριιριχὺοξιυῐξὶ,Δ
2979 3623 3060 3700 ait
3085 3623 3369 3679 Dominus
3399 3642 3411 3678 :

2028 3691 2300 3769 inomanu
2330 3691 2485 3762 regis
2516 3691 2828 3764 Babylonis
2867 3694 3122 3762 dabitur,
3155 3702 3211 3750 et
3246 3705 3446 3751 exuret
3475 3713 3602 3752 eam

2102 3774 2246 3825 igni.

1960 3831 2029 3885 Et
2054 3831 2251 3884 domui
2284 3831 2440 3901 regis
2459 3832 2615 3886 Juda
2648 3849 2660 3888 :

1956 3902 2166 3974 Audite
2196 3901 2436 3974 verbum
2471 3902 2727 3967 Domini.
2759 3910 2965 3962 domus
2995 3905 3200 3974 David,

2031 3973 2153 4028 haec
2184 3972 2328 4028 dixit
2358 3973 2644 4029 Dominus
2680 3993 2692 4029 :

1958 4046 2226 4101 Judicate
2261 4061 2430 4100 mane
2452 4046 2769 4116 judicium,

2031 4122 2089 4172 et
2120 4118 2303 4173 eruite
2331 4116 2387 4169 vi
2417 4134 2766 4189 oppressum
2811 4118 2883 4173 de
2933 4135 3107 4174 manu
3141 4119 3558 4176 calumniantis
3592 4139 3605 4176 :

1960 4188 2044 4243 Ne
2075 4189 2583 4313 fortedegrediatur
2604 4193 2670 4244 ut
2693 4189 3188 4263 ignisindignatio
3221 4209 3369 4261 mea,
3392 4198 3449 4248 et
3479 4210 3613 4249 suc-

2104 4276 2208 4313 cen
2255 4275 2288 4312 a
2322 4276 2408 4313 ur.

2104 4267 2408 4328 cendatur,

2034 4336 2093 4385 et
2125 4347 2237 4404 non
2271 4330 2349 4384 sit
2378 4330 2477 4400 qui
2508 4332 2866 4403 exstinguat,
2903 4337 3137 4404 propter
3167 4335 3450 4391 malitiam
3485 4338 3612 4391 stu-

2108 4402 2339 4456 diorum
2375 4402 2719 4458 vestrorum;

184 4476 549 4551 Maiedictus
572 4474 802 4551 vir,_qui
833 4473 1218 4551 annuntiavit
1239 4473 1386 4545 patri
1417 4489 1568 4551 meo,
1601 4474 1804 4529 dicens
1839 4489 1851 4527 :
1886 4473 1932 4494 "
1966 4476 2106 4528 Ecce
2145 4490 2251 4545 ego
2301 4474 2370 4551 ad
2408 4478 2474 4551 _te
2523 4473 2928 4551 hiabitatricem
2963 4473 3130 4531 vallis
3187 4476 3386 4532 solidae
3439 4482 3615 4551 atque

260 4549 459 4604 Natus
489 4553 579 4602 est
609 4545 886 4617 tibi’puer
912 4547 1012 4610 ιΑι.
1050 4545 1224 4615 filius)
1259 4545 1560 4600 masculus

260 4626 324 4675 et
355 4617 531 4689 quasi
560 4618 774 4688 gaudio
809 4617 1122 4672 laatiﬁcavit
1149 4633 1302 4671 eum.

182 4692 277 4747 Sit
311 4687 494 4745 homo
525 4687 621 4745 ille
653 4695 717 4744 ut
749 4695 888 4745 sunt
919 4689 1206 4756 civitates,
1241 4706 1391 4760 quas
1423 4687 1711 4745 subvertit
1739 4687 1853 4743 Do-

346 4761 570 4822 minus.

265 4839 332 4888 et
363 4849 482 4886 non
516 4830 788 4901 paenituit
812 4847 943 4885 eum
984 4847 998 4885 :

186 4903 422 4960 Audiat
449 4902 767 4958 clamorem
797 4919 992 4968 mane,

265 4981 329 5031 et
361 4975 653 5029 ululatum
693 4975 750 5028 in
782 4980 1042 5045 tempore
1075 4973 1397 5045 meridiano
1433 4991 1447 5029 :

188 5046 311 5112 Qui
349 5063 467 5101 non
501 5062 592 5100 me
620 5044 920 5101 interfecit
944 5063 977 5101 a
1000 5044 1192 5110 vulva,

268 5122 341 5173 ut
371 5119 536 5172 fieret
564 5117 712 5172 mihi
746 5123 932 5172 mater
962 5134 1091 5173 mea
1117 5115 1478 5187 sepulcrum.

265 5195 333 5244 et
359 5188 532 5244 vulva
561 5192 691 5260 ejus
721 5195 1037 5260 conceptus
1070 5193 1344 5244 aeternus.

186 5263 395 5327 Quare
420 5261 490 5387 die
511 5259 684 5386 Fulva
711 5259 984 5333 egressus
1015 5277 1169 5330 sum,
1203 5265 1267 5315 ut
1304 5260 1562 5316 viderem
1595 5259 1852 5315 laborem

349 5338 407 5387 et
473 5349 507 5387 ο
534 5348 712 5387 orem.

349 5338 407 5387 et
433 5338 712 5400 dolorem,

273 5547 290 5580 ¹
328 5542 538 5600 Vitiosa
566 5543 780 5601 lectum
805 5560 838 5598 a
860 5543 1218 5612 Martianaso,
1241 5559 1487 5600 meorum
1511 5560 1614 5614 pro
1635 5560 1853 5609 eorum,

187 5615 639 5685 refragantibus
671 5615 800 5670 aliis
823 5615 1012 5680 libris,
1046 5633 1177 5670 cum
1213 5616 1422 5687 primis
1453 5615 1852 5676 Hebrnnum

270 5687 297 5720 ³
332 5687 521 5743 Canon
554 5687 1115 5744 San-Germanensis
1167 5686 1230 5743 et
1271 5686 1371 5742 alii
1423 5703 1566 5742 mss.
1601 5687 1853 5758 codices,

187 5761 242 5812 et
277 5771 393 5812 non
416 5758 742 5830 movebitur,
773 5774 950 5832 neque
973 5773 1187 5830 parces,
1219 5766 1329 5814 etc.
1361 5761 1544 5814 MART.
1576 5788 1646 5800 —
1687 5759 1855 5816 Pala-

2107 4543 2478 4615 campestris,
2511 4545 2592 4599 ait
2623 4546 2929 4616 Dominus,

2035 4617 2137 4686 qui
2173 4617 2367 4672 dicitis
2402 4632 2414 4671 :

1964 4686 2105 4750 Quis
2139 4687 2420 4758 percutiet
2452 4685 2604 4741 nos?

2038 4760 2101 4814 Et
2127 4759 2258 4831 quis
2289 4758 2652 4830 ingredietur
2679 4759 2887 4814 domos
2915 4765 3143 4815 nostras
3162 4761 3190 4814 ‘2

1964 4831 2035 4886 Et
2061 4831 2308 4887 visitabo
2339 4847 2516 4901 super
2544 4846 2648 4884 vos
2669 4831 2838 4900 juxta
2876 4831 3128 4886 fructum
3163 4833 3491 4889 studiorum
3521 4851 3618 4891 ve-

2108 4907 2389 4967 strorum,
2423 4901 2567 4956 dicit
2595 4901 2882 4957 Dominus
2911 4919 2924 4956 :

2037 4978 2092 5027 et
2121 4975 2475 5030 succendam
2510 4973 2704 5043 ignem
2737 4973 2794 5027 in
2827 4973 2981 5028 saltu
3012 4976 3142 5042 ejus
3176 4991 3190 5029 :

2036 5049 2095 5099 et
2125 5045 2422 5100 devorabit
2450 5044 2650 5100 omnia
2677 5045 2734 5098 in
2767 5044 3014 5099 circuitu
3045 5047 3196 5115 ejus.

1967 5115 2124 5187 (Cap.
2157 5117 2370 5185 XXII,)
2407 5117 2533 5171 llaec
2560 5115 2701 5170 dicit
2728 5115 3016 5187 Dominus
3051 5133 3064 5171 :

2037 5187 2336 5243 Descende
2370 5188 2428 5242 in
2459 5189 2700 5242 domum
2734 5186 2886 5258 regis
2916 5187 3093 5251 Juda,

2037 5258 2384 5331 etloqueris
2416 5259 2497 5314 ibi
2529 5260 2764 5331 verbum
2799 5259 2930 5331 hoc,
2963 5263 3021 5313 et
3052 5258 3232 5331 dices,

1963 5330 2116 5386 Audi
2146 5329 2389 5387 verbum
2409 5330 2669 5397 Domini,
2691 5329 3095 5402 rexJuda,qui
3129 5329 3297 5386 sedes
3328 5347 3506 5402 super
3522 5349 3616 5388 so-

1966 5545 2076 5611 tin,
2109 5543 2325 5614 aliique
2355 5541 2620 5598 Martian.
2657 5558 2803 5597 mss.
2837 5557 2946 5598 non
3001 5541 3328 5608 movebitur,
3360 5560 3464 5615 pro
3508 5563 3619 5602 non

1965 5635 2237 5704 ﬂectetur.
2270 5634 2552 5688 Hebraeus
2594 5631 2724 5703 plus
2784 5631 2962 5686 habet
3021 5617 3212 5696 nn‘by
3248 5641 3378 5694 sum
3417 5618 3515 5706 is"),
3549 5636 3621 5691 ad

1964 5722 2232 5791 verbum,
2263 5735 2373 5776 non
2405 5719 2694 5777 indolescet
2722 5737 2886 5794 super
2908 5736 3018 5777 eos.
