3938 6174
160 262 253 318 937
1341 259 1554 314 LIBER
1588 257 1923 314 JEBEMUE
1962 257 2381 314 PROPHETE.
3421 261 3527 318 938

217 390 270 441 et
291 381 457 440 Israel
488 379 778 436 habitabit
807 380 1170 453 conﬁdenter
1202 396 1215 435 :
1799 383 1854 449 Α
1885 385 2008 438 Non
2042 381 2324 453 loquebar
2355 382 2423 437 ad
2456 398 2576 451 eos,

157 460 214 516 Et
240 458 338 512 hoc
367 459 450 509 est
481 469 710 520 nomen,
742 452 898 523 quod
931 453 1225 508 vocabunt
1253 469 1411 519 eum,
1924 459 2012 526 et
2044 452 2153 525 ipéi
2189 453 2640 526 prophetabant.

226 526 483 598 Dominus
509 526 974 598 justus7noster._
1320 595 1349 598 _
1471 595 1480 598 _
1875 525 1934 581 Si
1968 525 2390 598 stetissent’in
2452 525 2695 582 consilio
2754 542 2906 598 meo,
2939 532 2998 584 et
3056 533 3192 585 nota
3251 529 3530 588 fecissent

155 603 366 672 Pmpter
397 594 658 672 hoc'ecce
692 595 818 672 dies
848 596 1114 661 veniunt,
1147 594 1288 651 dicit
1319 595 1628 665 Dominus,
2019 597 2190 672 verba
2222 614 2352 652 mea
2382 599 2597 672 papulo
2630 615 2775 665 meo,

213 667 397 726 etnon
431 669 622 742 dicent
654 667 849 742 ultra;
943 739 952 742 7
1048 737 1117 742 777
1415 739 1426 742 7
1513 741 1518 742 7
1949 671 2288 742 avertissem
2326 667 2527 742 utique
2551 686 2650 726 eos
2677 688 2710 725 a
2738 669 2831 724 via
2862 686 2970 726 sua
3003 671 3175 741 mala,

153 740 602 812 VivitDominus,
632 740 732 811 qui
783 739 986 794 eduxit
1039 737 1191 794 ﬁlios
1251 739 1430 795 Israel
1489 741 1562 796 de
1613 743 1769 795 terra
1877 741 2297 812 etapessimis
2329 737 2785 812 cogitationibus
2817 742 2961 798 suis.

278 811 538 888 Ᾰ-ξεγριίέ
645 881 658 888 7
923 881 934 888 7
1019 882 1033 888 _
1125 881 1160 888 _7
1239 885 1246 888 7
1340 883 1394 888 77
1487 882 1498 888 _
1878 811 2154 888 Putasne,
2186 813 2294 879 (Al.
2332 811 2619 888 nunquid)
2671 813 2828 869 Deus
2875 830 2905 869 e
2953 813 3144 870 vicino
3198 830 3305 888 ego
3363 831 3520 887 sum,

155 887 248 943 Sed
281 902 293 939 :
324 881 468 938 Vivit
497 881 802 948 Dominus,
837 881 936 952 qui
968 881 1169 936 eduxit
1199 885 1256 937 et
1286 882 1530 937 adduxit
1564 898 1765 938 semen
2021 883 2165 938 dicit
2195 881 2497 952 Dominus,

279 957 476 1012 domus
507 953 684 1028 Israel
717 955 787 1028 de
817 957 974 1028 terra
1007 953 1322 1028 aquilonis,
1886 1025 1902 1028 Α
1923 959 2004 1028 _et
2036 971 2150 1028 non
2185 959 2334 1010 Deus
2359 956 2430 1028 de
2457 955 2676 1028 longe?

215 1032 267 1084 et
291 1029 356 1084 de
383 1026 604 1083 cunctis
641 1025 838 1093 terris,
869 1025 941 1081 ad
982 1041 1129 1096 quas
1161 1026 1443 1096 ejeceram
1477 1041 1577 1081 eos
1609 1024 1766 1081 illuc.
1878 1025 1938 1081 Si
1969 1026 2464 1111 occultabiturvir
2491 1024 3034 1110 in.'absconditis,et
3053 1043 3157 1100 ego
3181 1045 3294 1084 non
3323 1029 3528 1086 videbo

312 1241 344 1251 77
551 1243 561 1251 7
663 1141 759 1196 ΑῙ)
798 1140 1234 1251 ΡΗΟῙΤΗΕΤΑὲο
1374 1239 1385 1250 .
1878 1113 2157 1251 Nunaiiilci
2173 1097 2897 1251 ῖυὲἓιοὲωῐῗιῗέζέῗείθηαω
2931 1186 3036 1243 ego
3067 1171 3332 1245 impleo?
3383 1172 3528 1228 dicit

154 1241 447 1298 Contritum
480 1243 570 1295 est
599 1254 696 1294 cor
726 1255 924 1294 meum
960 1240 1018 1293 in
1052 1240 1246 1294 medio
1275 1240 1410 1308 mei,
2028 1241 2332 1297 Dominus.

213 1319 671 1369 contremuerunt
695 1311 904 1386 omnia
934 1327 1070 1386 ossa
1101 1328 1230 1367 mea
1255 1327 1268 1366 :
1878 1312 2242 1386 Audiviquae
2276 1314 2551 1368 dixerunt
2581 1313 2902 1386 prophetas,

156 1387 346 1467 Factus
375 1400 508 1467 sum
540 1382 712 1454 quasi
737 1383 1071 1467 vir7ebrius,
1947 1382 2368 1467 prqphetantes
2400 1386 2454 1440 in
2487 1382 2724 1442 nomine
2755 1401 2883 1442 meo
2927 1385 3320 1456 mendacium,
3353 1389 3530 1458 atque

210 1462 261 1513 et
287 1454 447 1526 quasi
477 1454 959 1526 homomadidus
987 1454 1143 1520 vino,
1170 1525 1173 1526 7
1949 1454 1965 1456 “
2019 1454 2301 1526 dicentes,

211 1547 239 1584 a
265 1525 398 1582 facie
450 1525 703 1593 Domini,
736 1531 793 1582 et
826 1543 860 1582 a
890 1526 1034 1582 facie
1064 1525 1374 1582 verborum
1425 1529 1766 1583 sanctorum
1876 1527 2196 1594 Somniavi,

273 1601 426 1671 ejus.
531 1669 542 1671 _
716 1669 726 1671 7
1947 1599 2260 1656 somniavi.

153 1669 580 1754 Quia7adul_teris
610 1669 828 1754 repleta
854 1673 948 1754 est
978 1673 1193 1754 terra,“
1238 1744 1247 1754 7
1876 1671 2188 1754 Usquequo
2234 1670 2389 1725 istud
2423 1670 2490 1754 in.
2514 1669 2688 1752 corde
2736 1673 2826 1726 est
2873 1671 3289 1744 prophetarum
3324 1669 3525 1726 vatici-

210 1743 332 1813 quia
361 1759 392 1796 a
423 1741 567 1796 facie
598 1741 1026 1796 maledictionis
1057 1741 1203 1796 luxit
1233 1744 1408 1811 terra,

211 1816 440 1869 arefacta
470 1817 611 1867 sunt
643 1829 778 1866 arva
807 1813 1023 1867 deserti
1058 1830 1070 1886 ς

1802 1761 1846 1824 Β
1974 1741 1991 1744 ⁷
2019 1741 2286 1798 nantium
2319 1742 2714 1811 mendacium,
2874 1741 2889 1743 “
2981 1741 2997 1744 ἡ

1947 1819 2003 1870 et
2035 1813 2511 1886 prophetantium
2543 1813 2920 1886 seductiones
2951 1813 3144 1870 cordis
3176 1814 3312 1870 sui?

152 1887 332 1959 Factus
359 1890 444 1959 est
477 1900 692 1959 cursus
724 1900 925 1959 eorum
959 1883 1175 1959 malus,
1877 1886 1982 1950 Qui
2035 1883 2245 1959 volunt
2300 1887 2490 1959 facere
2521 1889 2585 1940 ut
2610 1885 2991 1942 obliviscatur
3046 1886 3302 1959 populus
3358 1901 3526 1943 meus

210 1962 259 2011 et
285 1956 555 2012 fortitudo
590 1971 792 2010 eorum
825 1955 1160 2010 dissimilis.
2021 1956 2278 2012 nominis
2304 1957 2441 2023 mei,

155 2028 406 2102 Propheta
436 2042 696 2098 namque
726 2033 782 2102 et
809 2028 1081 2102 sacerdos
1113 2025 1319 2102 polluti
1351 2030 1534 2102 sunt:
1948 2035 2184 2102 propter
2231 2028 2463 2102 somnia
2492 2044 2693 2084 eorum
2725 2045 2853 2100 qua:
2884 2034 3086 2086 narrat
3116 2029 3528 2102 unusquisque

211 2097 335 2172 etin
367 2100 539 2172 domo
575 2097 704 2153 mea
732 2099 928 2154 inveni
963 2097 1183 2154 malum
1210 2097 1517 2170 (ALmala)
1540 2115 1765 2165 eorum,
1948 2097 1968 2101 “
2021 2097 2089 2154 ad
2124 2100 2453 2172 proximum
2487 2116 2664 2154 suum
2698 2117 2711 2156 :

273 2171 347 2226 ait
373 2171 681 2244 Dominus.
799 2241 809 2244 _
1023 2241 1032 2244 _
1070 2241 1083 2244 7
1139 2243 1147 2244 7
1211 2241 1220 2244 7
1400 2240 1411 2244 _
1623 2241 1633 2244 _
1697 2240 1707 2244 _
1949 2172 2101 2228 sicut
2125 2170 2463 2244 oblitisunt
2491 2177 2687 2242 patres
2717 2187 2920 2227 eorum
2954 2172 3212 2228 nominis
3242 2172 3355 2229 mei
3388 2189 3526 2244 pro-

155 2243 344 2298 Idcirco
375 2243 463 2298 via
492 2258 697 2314 eorum
731 2241 842 2296 erit
867 2241 1036 2314 quasi
1070 2241 1364 2297 lubricum
1397 2240 1456 2296 in
1486 2240 1767 2312 tenebris,
2021 2249 2149 2314 pter
2180 2241 2337 2314 Baal.

209 2313 781 2387 impellenturenim,
887 2312 899 2314 ἡ
1880 2312 2188 2387 Propheta,
2218 2313 2318 2386 qui
2352 2313 2526 2387 habet
2555 2312 2879 2385 somnium,

209 2391 257 2440 et
281 2384 552 2441 corruent
584 2385 643 2439 in
674 2400 742 2439 ea
774 2401 786 2438 :
1951 2384 2148 2442 narret
2177 2384 2474 2441 somnium
2500 2403 2515 2452 ;

153 2457 368 2512 Aderam
396 2457 554 2530 enim
590 2472 768 2530 super
792 2470 892 2511 eos
923 2453 1100 2522 mala,
1128 2527 1137 2530 7
1346 2526 1358 2530 7
1877 2457 2076 2530 thui
2112 2458 2285 2512 habet
2316 2471 2646 2512 sermonem
2680 2472 2899 2526 meum,

210 2545 407 2583 annum
438 2526 797 2583 visitatihnis
828 2543 1054 2600 eorum,
1087 2527 1168 2582 ait
1201 2526 1500 2583 Dominus.
1947 2526 2224 2600 loquatur
2251 2543 2386 2583 vere
2416 2543 2980 2600 sermonemmeum
3015 2545 3030 2583 :

151 2600 208 2654 Et
230 2600 282 2655 in
312 2601 609 2672 prophetis
639 2599 919 2672 Samaria:
947 2599 1066 2654 vidi
1096 2600 1422 2654 fatuitatem
1459 2617 1472 2655 :
1879 2599 2039 2668 Quid
2062 2599 2247 2671 paleis
2278 2601 2346 2654 ad
2380 2599 2685 2672 triticum?
2716 2599 2860 2655 dicit
2886 2599 3193 2672 Dominus.

215 2669 628 2743 prophetabant
658 2672 717 2726 in
752 2669 911 2737 Baal,
1384 2741 1393 2743 _
1881 2669 2156 2743 Nunquid
2191 2688 2306 2726 non
2338 2671 2514 2726 verba
2546 2687 2676 2726 mea
2705 2681 2841 2726 sunt
2873 2671 3042 2742 quasi
3072 2671 3244 2742 ignis,
3279 2672 3362 2728 ait
3415 2671 3531 2727 Do-

209 2741 257 2799 et
281 2741 959 2816 decipiebant7p0pulum
994 2758 1188 2816 meum
1222 2741 1439 2816 Is7rael7._
1658 2813 1668 2816 7
1724 2812 1735 2816 _
2021 2741 2239 2807 minus,

153 2814 206 2870 Et
234 2817 284 2870 in
315 2812 613 2888 prophetis
641 2812 967 2888 Jerusalem
986 2813 1102 2888 vidi
1132 2813 1582 2887 similitudinem
1604 2812 1773 2868 adul-
1949 2820 2008 2870 et
2037 2816 2205 2886 quasi
2241 2812 2485 2868 malleus
2515 2817 2823 2888 conterens
2852 2818 3075 2885 petram
3103 2817 3125 2868 Ρ

283 2885 593 2943 terantium
625 2888 732 2957 (Al.
765 2885 1166 2956 adulterium),
1340 2885 1347 2887 “
1881 2885 2188 2959 Pr0pterea
2217 2901 2349 2942 ecce
2379 2900 2483 2956 ego
2503 2885 2585 2959 _ad
2611 2885 2946 2957 pr0phetas,
2981 2890 3061 2959 ait
3089 2885 3393 2951 Dominus,

210 2963 259 3014 et
285 2960 386 3014 iter
412 2956 710 3015 mendacii
743 2973 757 3012 :
1117 3029 1123 3030 7
1952 2956 2052 3030 qui
2101 2957 2374 3014 furantur
2403 2956 2577 3012 verba
2605 2956 2736 3012 mea
2768 2957 3178 3030 unusquisque
3207 2974 3241 3014 a
3265 2957 3530 3030 proximo

155 3029 208 3082 Et
235 3031 698 3086 confortaverunt
731 3045 941 3084 manus
973 3029 1388 3100 pessimorum,
1518 3099 1521 3100 7
1566 3099 1571 3100 7
1969 3029 1986 3030 ί
2027 3046 2155 3084 sun.

211 3107 397 3197 utnon
429 3106 871 3197 convfrteretur
899 3098 1313 3197 gnpsquisque
1335 3117 1366 3156 a
1391 3099 1616 3155 malitia
1637 3116 1766 3155 sua:
1801 3129 1844 3197 α
1883 3102 2162 3184 Ecce7ego
2193 3101 2263 3156 ad
2298 3098 2634 3197 prophetas,
2667 3099 2750 3155 ait
2777 3099 3085 3197 Dominus,

156 3174 286 3227 Facti
320 3180 446 3230 sunt
480 3173 632 3229 mihi
664 3189 867 3228 omnes
899 3170 1149 3245 Sodoma
1182 3170 1233 3237 ¹,“
1287 3243 1297 3245 _
1802 3170 1844 3197 "‘
1953 3172 2051 3245 qui
2085 3170 2661 3244 assumuntlinguas
2692 3177 2916 3239 suas,et
2944 3170 3308 3228 aiuntzDicit
3330 3172 3532 3228 Domi-

215 3250 263 3298 et
288 3245 800 3314 habitatoresejus
833 3243 1003 3314 quasi
1035 3243 1381 3300 Gomorrha.
1971 3243 1987 3245 Ὗ
2028 3261 2162 3300 nus.

156 3317 432 3442 Proptgreta
462 3319 590 3373 haec
620 3313 763 3372 dicit
789 3313 1077 3371 Dominus
1107 3315 1467 3371 exercituum
1517 3315 1590 3370 ad
1636 3331 1770 3386 pro-
1883 3321 2024 3372 Ecce
2065 3332 2187 3442 fg]?
2245 3314 2316 3399 ad
2371 3313 2685 3386 prophetas
2725 3314 3090 3371 somniantes
3135 3315 3529 3386 mendacium,

277 3405 307 3442 n
351 3406 379 3442 e
409 3407 472 3442 as
507 3407 521 3442 :
2025 3405 2076 3441 ai
2188 3402 2446 3442 ominus.

312 3389 472 3445 betas
507 3407 521 3446 :
2025 3387 2107 3443 ait
2137 3387 2446 3454 Dominus,

277 3405 472 3459 pnetas
507 3407 521 3446 :
2025 3405 2107 3443 ait
2137 3405 2446 3454 uominus,

156 3456 273 3512 Ecce
300 3475 397 3532 ego
428 3461 643 3516 cibabo
669 3474 773 3532 eos
803 3458 1124 3526 absinthio,
1955 3459 2054 3531 qui
2087 3461 2474 3532 narraverunt
2495 3455 2615 3532 7(7Al.
2648 3459 2911 3532 narrant)
2943 3474 3093 3532 eam,

210 3534 258 3584 et
289 3529 487 3602 potabo
519 3548 628 3588 eos
662 3529 791 3585 felle
820 3546 833 3584 :
942 3599 956 3602 _
1260 3568 1269 3574 -
1957 3529 2014 3586 et
2046 3531 2406 3586 seduxerunt
2444 3529 2550 3602 (Al.
2585 3529 2897 3602 seducunt)
2933 3529 3209 3602 populum
3246 3546 3440 3586 meum
3475 3530 3534 3584 in

160 3605 198 3654 Δ
225 3599 503 3673 prophetis
535 3602 698 3674 enim
729 3599 1080 3666 Jerusalem,
1958 3603 2262 3658 mendacio
2296 3617 2403 3657 suo
2425 3601 2531 3672 (Al.
2557 3599 2887 3657 mendaciis
2902 3599 3071 3674 suis),
3103 3608 3162 3658 et
3192 3601 3251 3656 in
3285 3605 3538 3658 miracu-

217 3687 430 3743 egressa
459 3680 551 3730 est
589 3673 832 3743 pollutio
863 3689 1042 3742 super
1071 3687 1305 3727 omnem
1339 3675 1576 3728 terram.
1958 3675 2032 3730 lis
2063 3674 2188 3730 suis
2223 3690 2235 3728 :

159 3741 270 3817 Ilaec
301 3745 436 3801 dicit
467 3741 763 3802 Dominus
793 3741 1158 3817 exercituum
1195 3759 1208 3797 ε
1887 3747 2030 3802 Cum
2064 3762 2169 3817 ego
2201 3761 2316 3817 non
2349 3741 2641 3817 misissem
2695 3758 2819 3817 eos,
2852 3760 2954 3817 nec
2985 3745 3387 3817 mandassem
3429 3743 3534 3809 eis.

161 3813 324 3902 Nolite
353 3819 564 3902 audire
590 3818 766 3902 verba
786 3815 1270 3902 prophetarum;
1297 3890 1307 3902 7
1888 3817 2074 3902 mqui
2095 3813 2627 3902 nih7il7profu7erunt7
2650 3815 2862 3902 populo
2895 3814 3210 3902 huic,d7ic7it
3233 3815 3532 3902 Dominus.

218 3888 303 3961 qui
329 3890 683 3961 prophetant
711 3885 983 3961 vobis,'et
1014 3887 1315 3958 decipiunt
1345 3904 1446 3944 vos
1479 3904 1492 3943 :
1888 3888 1947 3944 Si
1977 3885 2159 3961 igitur
2187 3885 2634 3961 interrogaverit
2679 3885 3039 3961 te__populus
3096 3888 3226 3957 iste,
3255 3886 3344 3942 vel
3404 3903 3536 3958 pro-

159 3955 652 4016 Visionem'cordis
681 3959 772 4032 sui
799 3955 1163 4032 loquuntur;
2002 3955 2226 4032 'pheta,
2260 3961 2361 4012 aut
2391 3956 2687 4032 sacerdos,
2721 3955 2923 4032 dicens
2953 3974 2970 4032 _:

218 4045 316 4084 non
346 4033 413 4086 de
443 4049 541 4088 ore
577 4030 833 4087 Domini.
881 4027 898 4031 ”
1963 4027 2124 4098 Qdod
2158 4035 2248 4084 est
2277 4045 2426 4083 onus
2459 4028 2689 4084 Domini
2723 4029 2833 4100 (Αἱ.
2871 4027 3034 4098 Dei)?

160 4097 345 4176 Dicunt
372 4104 483 4168 his,
517 4103 631 4176 qui
661 4102 1076 4176 blasphemant
1107 4117 1199 4176 me
1231 4119 1244 4156 ε
1315 4172 1329 4176 _
1358 4171 1370 4176 7
1964 4097 2125 4176 dices
2156 4101 2226 4176 ad
2261 4115 2408 4176 eos:

219 4172 447 4256 Locutus
473 4169 565 4256 est
603 4169 888 4256 Dominus
915 4192 927 4228 :
964 4173 1077 4229 Pax
1104 4175 1218 4256 7e7ri7t
1241 4171 1453 4256 vobis:
1568 4243 1578 4254 7
1647 4243 1685 4256 ν
1893 4247 1930 4256 ﬁ
1964 4175 2043 4256 U7t_
2070 4173 2209 4256 quid
2243 4170 2408 4254 vobis
2439 4185 2590 4225 onus

161 4240 214 4296 Et
239 4246 404 4310 omni,
431 4249 528 4318 qui
565 4246 836 4301 ambulat
867 4246 924 4299 in
959 4245 1242 4315 pravitate
1263 4245 1457 4301 cordis
1489 4243 1604 4312 sui,
1631 4243 1785 4299 dixc-
1893 4240 2201 4319 Projiciam
2234 4243 2448 4316 quippe
2478 4258 2607 4319 vos,
2632 4241 2774 4297 dicit
2803 4241 3107 4319 Dominus.

285 4323 414 4373 runt
446 4313 478 4391 f7
960 4313 971 4315 “
1026 4389 1033 4391 _
1186 4388 1192 4391 _
1226 4388 1263 4391 _7
1419 4386 1430 4391 _
1479 4388 1485 4391 _
1893 4320 1962 4374 Et
1991 4313 2293 4391 propheta,
2323 4314 2702 4391 etsacerdos,
2737 4319 2793 4370 et
2850 4313 3128 4387 populus,
3189 4316 3290 4386 qui
3347 4315 3488 4371 dicit
3521 4331 3534 4370 :

221 4385 329 4460 Non
357 4390 549 4444 veniet
583 4405 761 4460 super
789 4404 890 4444 vos
923 4389 1144 4460 malum
1176 4388 1282 4457 (At.
1320 4386 1493 4458 male)
1527 4404 1541 4454 ;
1991 4384 2008 4391 ’
2036 4384 2198 4445 Ozius
2228 4384 2462 4442 Domini
2479 4401 2508 4460 _:

161 4455 278 4542 Quis
305 4461 454 4542 enim
487 4455 749 4515 affuit'in
781 4459 1028 4515 concilio
1060 4455 1308 4526 Domini,
1477 4455 1484 4458 ⁷
1817 4502 1861 4542 η
1896 4533 1935 4542 __
1962 4461 2224 4542 visitahq
2242 4473 2420 4528 super
2440 4457 2629 4538 virum
2654 4455 2908 4542 illum,et
2933 4473 3112 4542 super
3129 4458 3367 4542 domum
3389 4458 3541 4542 ejus.

220 4537 269 4583 et
295 4531 450 4598 vidit,
1293 4502 1308 4526 ’
1815 4502 1861 4566 D
1895 4502 2024 4590 Haec
2056 4532 2262 4587 dicetis
2294 4502 2701 4598 uruusquisque
2725 4529 2795 4583 ad
2821 4502 3150 4599 proximum
3172 4502 3541 4601 (ALamic'um

221 4607 267 4674 et
294 4603 506 4657 audivit
535 4617 867 4658 sermonem
902 4601 1081 4674 ejus?
2037 4604 2258 4674 suum),
2286 4605 2343 4656 et
2371 4601 2443 4674 ad
2477 4600 2716 4674 fratrem
2749 4616 2923 4674 suum
2959 4618 2973 4657 :

163 4672 282 4736 Quis
309 4674 698 4731 consideravit
725 4675 968 4729 verbum
1003 4672 1165 4728 illius
1967 4676 2116 4741 Quid
2148 4671 2450 4744 respondit
2481 4671 2803 4744 Dominus?

222 4748 271 4797 et
298 4747 570 4801 audivit?
669 4816 676 4818 _
734 4817 740 4818 7
866 4816 873 4818 _
943 4815 978 4818 77
1137 4816 1144 4818 _
1237 4815 1247 4818 _
1468 4814 1506 4818 __
1969 4753 2026 4803 et
2056 4746 2194 4818 quid
2231 4743 2581 4818 locutusest
2613 4743 2950 4798 Dominus?

165 4815 284 4870 Ecce
315 4818 479 4873 turbo
515 4816 828 4872 Dominicze
861 4815 1284 4888 indignationis
1313 4814 1664 4889 egredietur,
1898 4824 1967 4874 Et
1997 4814 2147 4875 onus
2173 4814 2404 4889 Demini
2437 4814 2590 4869 ultra
2621 4830 2735 4869 non
2768 4815 3217 4871 memorabitur:
3241 4817 3378 4889 quia
3399 4832 3548 4871 onus

222 4891 272 4940 et
296 4893 617 4961 tempestas
649 4904 967 4960 erumpens
1011 4904 1190 4960 super
1239 4893 1417 4960 caput
1471 4887 1788 4958 impiorum
2043 4890 2152 4946 erit
2181 4888 2495 4961 unicuique
2525 4902 2718 4942 sermo
2750 4903 2894 4961 suus
2921 4902 2934 4939 :

288 4957 497 5016 veniet.
824 4957 840 4960 ⁷
1067 4957 1105 5031 7'
1311 4957 1329 5021 ἶ
1566 4957 1573 4958 ί
1903 4965 1971 5019 Et
1998 4960 2360 5031 pervertistis
2393 4957 2498 5031 (Al.
2532 4958 2884 5031 pervertitis)
2912 4958 3088 5031 verba
3120 4958 3215 5015 Dei
3244 4957 3514 5026 viventis,

169 5024 276 5083 Non
307 5036 627 5088 revertetur
660 5031 822 5085 furor
853 5029 1103 5099 Domini,
1975 5024 2204 5089 Domini
2239 5024 2597 5087 exercituum
2632 5030 2730 5084 Dei
2763 5024 2970 5086 nostri.

230 5116 404 5172 υεψιο
434 5104 578 5158 dum
605 5103 800 5169 (θείειν
1578 5171 1607 5172 77
1760 5171 1765 5172 7
1907 5105 2037 5162 Hec
2068 5104 2228 5159 dices
2253 5103 2322 5158 ad
2358 5100 2701 5172 prophetam
2737 5117 2750 5154 :

229 5175 279 5226 et
302 5171 486 5246 usque
516 5176 657 5229 dum
692 5172 985 5245 compleat
1014 5171 1427 5246 cogitationem
1455 5171 1649 5228 cordis
1680 5171 1792 5226 sui.
1979 5176 2128 5244 Quid
2162 5171 2597 5246 respondit’tibi
2624 5171 2963 5246 Dominus}

174 5239 583 5318 1".“0Yi53imi3
613 5239 847 5318 diebus
981 5317 987 5318 ,
1086 5239 1116 5246 ν
1956 5239 2034 5318 7th
2063 5247 2204 5318 quid
2237 5239 2469 5318 locutgs
2497 5248 2587 5318 est
2621 5241 2951 5318 Dominus?

233 5313 564 5388 intelligetis
596 5316 908 5388 consilium
940 5317 1088 5387 ejus.
1907 5317 1965 5375 Si
1998 5313 2190 5374 autem
2220 5333 2371 5374 onus
2401 5315 2641 5388 Domini
2667 5314 2932 5388 dixeritis
2966 5329 2980 5368 :

174 5380 278 5441 Non
309 5380 987 5462 mittebamprophetas;
1930 5461 1933 5462 7
1983 5395 2222 5462 pr0pter
2241 5389 2352 5462 hoc
2384 5388 2505 5442 hinc
2531 5387 2674 5443 dicit
2706 5387 3022 5462 Dominus:

235 5463 286 5512 et
311 5460 418 5532 ipsi
451 5455 773 5516 currebant
801 5478 814 5516 :
971 5455 976 5456 ί
1913 5455 2061 5526 Quia
2090 5455 2322 5518 dixistis
2353 5475 2686 5516 sermonem
2718 5459 2899 5515 istum
2926 5473 2940 5512 :
2974 5461 3134 5513 Onus
3161 5455 3391 5514 Domini
3420 5473 3434 5512 :

240 5670 256 5702 ¹
284 5669 496 5745 supple
523 5676 589 5745 με
618 5673 906 5742 voculam,
942 5676 1044 5745 aut
1095 5672 1278 5744 quasi,
1311 5671 1808 5745 quemadmodum
1990 5677 2012 5710 ²
2043 5674 2274 5745 Vulgati
2307 5674 2464 5742 libri,
2500 5676 2594 5730 Vos
2641 5675 2772 5730 estis
2819 5689 2974 5728 onus.
3007 5671 3284 5728 Hebraaus
3331 5671 3402 5728 ad
3434 5685 3564 5728 ver-

181 5737 289 5879 ἒρέἓ
519 5743 576 5798 in
603 5737 1037 5802 Commentario
1058 5737 1118 5800 SI
1141 5737 1345 5802 Pater:
1364 5743 1637 5800 Hebraeus
1664 5761 1808 5818 quo-
1921 5748 2063 5805 bum
2090 5767 2104 5818 ;
2140 5737 2290 5817 Q’uod
2320 5737 2460 5804 onus
2481 5749 2507 5802 .9
2535 5755 2962 5808 actamnis-nn.

289 5856 304 5884 ,
335 5854 375 5874 ι-
402 5854 514 5876 νυ-νο

485 5932 756 5997 Panos.
801 5934 1080 6000 XXVIII.
3171 5932 3251 5995 30
