3938 6174
483 265 592 320 939

621 477 768 518 mini
803 477 816 515 Ζ

478 537 953 604 Proptereaecce
980 543 1093 604 ego
1116 529 1448 604 tollamst
1481 534 1742 604 portans,

551 600 609 661 et
636 602 1044 672 derelinquam
1076 600 1181 672 (Al.
1217 600 1545 672 projiciam)
1578 618 1700 672 vos,
1737 605 1795 656 et
1843 601 2134 657 civitatem

628 689 806 747 quam
857 671 990 727 dedi
1034 671 1303 727 vobis’et
1350 671 1620 744 patribus
1667 671 1898 739 Vestris,
1931 690 1965 729 a
1994 673 2140 729 facie

621 762 773 802 mea.

479 824 546 875 Et
576 819 730 874 dabo
755 829 860 871 vos
891 813 950 868 in
983 813 1360 885 opprobrium
1392 815 1844 886 sempiternum,

555 894 614 948 et
680 889 741 943 in
809 885 1199 958 ignominiam
1273 885 1569 953 aeternam,
1637 902 1768 958 quae
1834 902 2139 958 nunquam

630 956 920 1015 oblivione
950 956 1260 1012 delebitur.

490 1033 649 1106 (Cap.
682 1028 910 1106 XXIV.)
943 1027 1209 1106 Ostendit
1237 1028 1384 1106 mihi
1415 1027 1749 1106 Dominus-7:.

558 1099 616 1160 et
636 1118 768 1159 ecce
801 1102 916 1156 duo
948 1099 1160 1154 calathi
1192 1099 1348 1171 pleni
1407 1100 1556 1167 ﬁcis,
1589 1099 1763 1172 positi
1814 1104 1946 1155 ante
1990 1105 2142 1156 tern-

630 1174 797 1246 plum
835 1171 1108 1246 Domini_:_

485 1241 805 1314 Postquam
839 1241 1146 1297 transtulit
1169 1241 1703 1314 Nabuchodonosor
1721 1258 1818 1298 rex
1839 1241 2141 1314 Babylonis

663 1314 966 1398 echoniam
995 1314 1181 1368 filium
1205 1313 1448 1380 Joacim,
1473 1329 1668 1385 regem
1690 1313 1866 1381 Juda,
1890 1313 2140 1385 et’prin-

630 1402 790 1457 crpes
827 1402 974 1455 ejus,

558 1465 615 1515 et
663 1454 918 1522 fabrum,
950 1459 1006 1510 et
1052 1454 1436 1521 inclusorem,
1468 1456 1538 1512 de
1567 1454 1921 1524 Jerusalem,
1953 1460 2011 1512 et
2041 1455 2141 1510 ad-

629 1530 794 1584 duxit
827 1545 925 1584 eos
956 1527 1018 1581 in
1053 1525 1428 1598 Babylonem.

485 1601 764 1658 Calathus
788 1616 940 1655 unus
973 1599 1118 1653 ficus
1150 1596 1332 1654 bonas
1364 1597 1616 1652 habebat
1648 1598 1915 1669 nimis,ut
1949 1596 2140 1654 solent

557 1673 705 1729 ﬁcus
737 1688 866 1727 esse
898 1669 1430 1742 primiAtemporis;

485 1750 551 1801 Et
584 1743 853 1800 calathus
886 1740 1040 1797 unus
1074 1740 1220 1795 ﬁcus
1255 1741 1505 1796 habebat
1543 1740 1728 1795 malas
1777 1740 1978 1807 nimis,
2014 1757 2142 1812 quae

635 1815 864 1871 comedi
895 1830 1009 1868 non
1043 1816 1330 1883 poterant,
1362 1828 1428 1868 eo
1486 1813 1640 1884 quod
1697 1817 1894 1868 essent
1954 1812 2140 1869 malae.

491 1887 558 1944 Et
585 1888 730 1942 dixit
761 1885 1045 1942 Dominus
1075 1884 1146 1939 ad
1183 1901 1274 1939 me
1309 1899 1322 1939 :

561 1960 709 2025 Quid
742 1964 804 2014 tu
837 1957 1024 2022 vides,
1053 1955 1350 2012 Jeremia?

493 2031 560 2085 Et
587 2031 708 2085 dixi
742 2045 755 2084 :

541 2031 755 2086 tdixi:

491 2103 684 2167 Ficus,
718 2100 862 2154 ficus
894 2098 1001 2169 (Al.
1033 2097 1198 2169 semel
1225 2098 1387 2152 habet
1418 2096 1610 2166 ﬁcus),

561 2173 674 2227 bon
686 2187 770 2236 as,
803 2168 984 2224 bonas
1015 2168 1185 2223 valde
1211 2185 1224 2234 ;

558 2248 620 2299 et
653 2241 861 2309 malas,
897 2239 1081 2294 malas
1112 2239 1300 2304 valde,

561 2331 693 2386 quae
729 2312 956 2368 comedi
990 2327 1104 2386 non
1137 2312 1409 2386 possunt,
1439 2325 1504 2386 eo
1531 2310 1686 2386 quod
1716 2309 1837 2386 sint
1867 2310 2057 2367 malae.

407 2417 412 2421 ι
496 2381 814 2440 Εῑΐδεῐυω
847 2387 938 2438 est
964 2383 1207 2436 verbum
1242 2381 1473 2436 Domini
1506 2382 1576 2436 ad
1607 2397 1720 2448 me,
1754 2383 1954 2438 dicens
1989 2398 2001 2436 :

493 2463 625 2513 Haec
658 2456 795 2510 dicit
821 2454 1105 2509 Dominus
1137 2453 1291 2508 Deus
1322 2450 1502 2508 Israel
1536 2468 1549 2506 :

494 2529 658 2584 Sicut
690 2528 836 2582 ﬁcus
872 2527 958 2580 hie
978 2523 1146 2580 bonae
1179 2540 1191 2579 :

570 2601 655 2656 sic
713 2613 1060 2682 cognoscam
1095 2593 1695 2682 transmigrationelm
1738 2595 1921 2682 ludze,
1974 2611 2144 2664 quam

639 2667 810 2723 emisi
835 2669 906 2723 de
935 2667 1060 2723 loco
1092 2667 1199 2722 isto
1253 2667 1308 2720 in
1364 2673 1575 2721 terram
1629 2668 2055 2736 Chaldzrorurn,
2089 2685 2146 2722 in

595 2761 599 2764 ·
643 2743 862 2798 bonum

499 2819 571 2871 Et
602 2828 815 2886 ponam
855 2809 1054 2886 oculos
1097 2825 1265 2886 meos
1308 2823 1487 2880 super
1531 2824 1629 2864 eos
1674 2809 1745 2864 ad
1796 2808 2147 2881 placandum

643 2885 750 2957 (At.
777 2882 835 2938 in
869 2881 1134 2957 bonum).

576 2959 632 3011 et
649 2950 933 3010 reducam
965 2970 1064 3008 eos
1095 2953 1153 3007 in
1182 2955 1396 3007 terram
1429 2950 1580 3006 hanc
1609 2968 1621 3005 :

504 3028 575 3083 Et
605 3026 904 3081 mditicabo
927 3041 1048 3092 eos,
1072 3029 1128 3079 et
1158 3041 1271 3079 non
1305 3023 1606 3077 destruam
1644 3039 1656 3077 :

567 3104 622 3152 et
653 3097 928 3170 plant_abo
960 3112 1079 3158 eos,
1111 3102 1305 3170 etnon
1335 3093 1598 3170 evellam.

499 3170 569 3224 Et
597 3165 747 3225 dabo
779 3168 862 3223 eis
893 3183 990 3222 cor
1011 3171 1076 3222 ut
1099 3167 1288 3221 sciant
1332 3181 1441 3232 me,
1475 3166 1612 3235 quia
1642 3181 1748 3235 ego
1779 3181 1910 3220 sum
1945 3165 2141 3220 Domi-

570 3257 720 3296 nus:
755 3244 813 3294 et
841 3244 1014 3294 erunt
1044 3237 1187 3292 mihi
1219 3237 1278 3292 in
1311 3236 1617 3308 populum,
1651 3243 1709 3292 et
1757 3252 1861 3308 ego
1915 3253 2011 3292 ero
2061 3237 2146 3292 eis

644 3312 701 3366 in
731 3317 918 3366 Deum
954 3327 966 3364 :

498 3381 644 3448 Quia
674 3386 1036 3438 revertentur
1066 3380 1136 3434 ad
1168 3395 1261 3434 me
1292 3379 1351 3433 in
1384 3382 1504 3434 toto
1527 3379 1698 3433 corde
1729 3395 1857 3434 suo.

499 3457 566 3510 Et
596 3453 751 3508 sicut
781 3454 928 3507 ﬁcus
960 3451 1251 3522 pessimae,
1284 3466 1410 3521 quae
1441 3449 1666 3504 comedi
1711 3466 1822 3505 non
1874 3454 2143 3521 possunt,

564 3541 630 3580 eo
663 3523 818 3596 quod
854 3521 977 3578 sint
1003 3521 1169 3596 malas
1205 3538 1217 3576 :

563 3591 698 3651 Haec
743 3595 886 3650 dicit
935 3592 1237 3659 Dominus,
1273 3591 1356 3646 sic
1386 3591 1536 3647 dabo
1590 3591 1888 3646 Sedeciam
1948 3606 2144 3664 regem

631 3668 785 3724 Juda
818 3671 875 3722 et
903 3665 1201 3737 principes
1233 3665 1383 3737 ejus,

567 3746 626 3796 et
656 3734 921 3865 τθὲίψέοέ
962 3738 1032 3792 de
1079 3734 1431 3797 Jerusalem,
1465 3734 1564 3805 qui
1618 3737 2032 3790 remanserunt
2082 3734 2143 3790 in

638 3828 708 3865 ur
753 3827 783 3865 e
859 3825 945 3865 ac.

638 3825 783 3866 urbe
816 3825 945 3876 nac,

566 3887 623 3938 et
651 3882 753 3954 qui
785 3880 1056 3937 habitant
1083 3877 1143 3954 in
1173 3881 1328 3934 terra
1358 3877 1608 3954 [ﬁgyptt

495 3955 564 4010 Et
592 3948 742 4009 dabo
758 3969 855 4010 eos
876 3954 935 4006 in
956 3948 1847 4019 vexationem,afﬂiCtionemque
1867 3948 2143 4004 omnibus

639 4025 834 4090 regnis
863 4029 1048 4090 terrae,

639 4041 697 4080 re
745 4042 834 4080 ms
863 4041 1027 4078 terrae

563 4097 624 4153 in
647 4041 1195 4169 0pgprobrium:e_tin
1211 4091 1566 4169 parabolarn,
1591 4091 2140 4169 et_in_proverbium,

633 4162 775 4223 δι’ἱή
809 4162 1284 4222 maledictionem
1320 4163 1378 4218 in
1412 4163 1704 4218 universis
1734 4162 1982 4231 locis,ad
2015 4179 2143 4234 quas

633 4255 773 4295 61601
806 4255 927 4294 808.

491 4311 558 4368 Et
591 4242 936 4366 mGijt‘zglmeoi’n
990 4307 1076 4363 eis
1116 4305 1396 4376 gladium,
1425 4309 1483 4360 et
1515 4305 1747 4369 famem,
1780 4309 1838 4360 et
1868 4308 2089 4375 pestem
2124 4323 2142 4360 :

561 4385 743 4438 donec
788 4384 1215 4438 consumantur
1244 4379 1314 4432 de
1347 4384 1501 4432 terra
1551 4394 1723 4447 quam
1769 4377 1904 4432 dedi
1956 4377 2041 4432 eis
2087 4382 2144 4432 et

632 4453 916 4527 patribus
927 4468 1064 4527 eoru
1077 4467 1154 4504 m.

489 4505 1337 4597 (ΟαρῗῗῶζῖῘν-θ-ινὺίυῃω,Ηυρεῖ
1373 4520 1589 4575 factum
1615 4523 1703 4574 est
1726 4519 1795 4574 ad
1819 4519 2137 4575 Jeremiam
2173 4505 2216 4569 D

631 4597 703 4651 de
733 4593 888 4652 omni
925 4593 1136 4666 populo
1165 4593 1352 4666 Juolre,

562 4669 618 4724 in
652 4685 806 4724 anno
829 4661 1036 4740 quarto
1058 4665 1282 4721 Joacim
1306 4661 1409 4716 filii
1429 4661 1598 4717 JOSitB
1623 4661 1775 4732 regis
1802 4661 1956 4716 Juda
1987 4661 2024 4731 (i
2075 4678 2136 4718 se

628 4745 717 4789 est
735 4757 926 4789 annus
952 4737 1177 4789 nrimus
1199 4734 1740 4789 Nabuchodonosor
1759 4733 1922 4789 regis
1953 4680 2136 4789 Bagv-

628 4745 717 4866 pst
735 4733 926 4866 minus
951 4737 1177 4811 primus
1199 4734 1740 4791 Nabuchodonosor
1759 4733 1922 4805 regis
1953 4733 2136 4806 Baby-

653 4829 782 4866 oms
813 4853 828 4866 .

653 4829 782 4868 oms

486 4813 934 4952 Quodmlidzhtus
962 4885 1068 4952 est
1114 4877 1399 4934 Jeremias
1450 4875 1735 4950 propheta
1783 4876 1854 4932 ad
1901 4892 2133 4933 omnem

630 4954 915 5028 populum
945 4951 1120 5028 Juda,

553 5031 612 5082 et
632 5017 724 5082 'ad‘
747 5026 1055 5080 universos
1107 5021 1468 5077 habitatores
1494 5017 1847 5088 Jerusalem,
1881 5019 2084 5075 dicens
2116 5036 2128 5074 :

553 5101 598 5154 A
628 5099 798 5154 tertio
829 5095 1055 5152 decimo
1102 5110 1255 5150 anno
1303 5093 1476 5148 Josiaa
1529 5090 1631 5146 filii
1678 5093 1930 5147 Ammon
1981 5090 2134 5164 regis

621 5171 778 5226 Juda
808 5185 993 5237 usque
1023 5167 1093 5223 ad
1127 5164 1462 5237 diemhanc
1496 5180 1508 5218 :

552 5243 661 5298 iste
691 5249 776 5298 est
807 5236 1015 5296 tertius
1047 5243 1105 5295 et
1134 5236 1450 5293 vicesimus
1477 5250 1672 5289 annus
1704 5251 1716 5290 :

552 5315 769 5370 factum
801 5318 892 5368 est
917 5311 1160 5367 verbum
1191 5307 1428 5365 Domini
1455 5306 1526 5362 ad
1561 5322 1675 5374 me,

550 5393 607 5443 et
629 5387 860 5442 locutus
891 5401 1020 5441 sum
1067 5383 1139 5438 ad
1172 5397 1273 5437 vos
1319 5381 1390 5435 de
1437 5383 1605 5434 nocte
1657 5392 2042 5450 consurgens,
2075 5381 2133 5434 et

553 5582 569 5614 ¹
602 5581 796 5635 Canon
829 5574 1392 5634 San-Germanensis
1423 5588 1559 5627 cum
1594 5587 1706 5625 ms.
1740 5571 1938 5626 codice
1985 5577 2129 5628 Cor-

482 5650 702 5704 beiensi
762 5667 926 5705 num.
976 5651 1043 5703 12
1099 5648 1178 5701 ad
1233 5644 1755 5708 Nabuchodonosor,
1797 5643 1969 5713 juxta
2019 5646 2129 5699 He-

484 5736 724 5802 braeum,
749 5737 844 5807 qui
876 5737 1016 5809 legit
1047 5733 1511 5809 praepositionem
1563 5715 1639 5792 5N
1688 5731 1758 5809 et,
1794 5731 1859 5809 id_
1901 5735 1992 5809 est
2035 5733 2125 5799 ad,

484 5821 658 5875 quam
673 5802 867 5864 tamen
881 5802 1186 5864 lectionem
1201 5806 1444 5862 minime
1456 5804 1810 5874 sequendam
1827 5802 2125 5874 duximus,

1523 263 1581 316 Β.
1625 261 2036 318 HIERONYMI
2071 263 2326 316 DlVlNA
2363 259 2866 316 BIBLIOTHECA.
3732 261 3810 318 9ιο

552 395 610 448 et
639 388 774 446 misi
805 388 875 444 ad
906 403 1030 453 vos,
1054 385 1255 443 dicens
1281 402 1293 441 :
1327 385 1516 442 Nolite
1547 386 1778 444 dicere:
1825 387 1991 444 Onus
2025 387 2136 444 Do-
2167 391 2220 456 Α

2393 385 2690 458 loquens;

2319 463 2378 513 et
2408 454 2523 513 non
2559 454 2833 512 audistis.

2247 533 2320 585 Et
2344 528 2508 602 misit
2530 528 2818 584 Dominus
2851 527 2922 582 ad
2955 540 3292 602 vosomnes
3323 541 3511 602 servos
3557 545 3674 584 suos
3713 547 3810 602 pro-

2391 600 2620 673 phetas,
2652 613 3016 673 consurgens
3048 597 3332 666 diluculo,
3365 599 3684 672 mittensque
3711 597 3722 656 Ξ

2320 676 2377 726 et
2396 671 2522 728 non
2554 671 2835 737 audistis,

2321 759 2510 815 neque
2539 742 3068 815 inclinastisaures
3099 746 3320 815 vestras
3350 745 3412 795 ut
3436 741 3685 815 audiretis
3711 760 3721 797 :

2249 817 2394 871 Cum
2415 811 2657 872 'diceret
2697 814 2804 886 (At.
2838 811 3117 886 dicerem)
3149 827 3163 867 :
3189 883 3199 886 _
3225 812 3580 868 Revertimini
3609 814 3694 883 (At.
3721 814 3806 868 add.

2393 887 2464 941 ad
2499 889 2614 954 me)
2648 883 3060 956 unusquisque
3092 900 3125 938 a
3150 883 3376 956 viasua
3405 885 3566 950 mala,
3596 892 3644 940 et
3666 903 3691 938 a
3717 901 3807 955 pes-

2393 955 3052 1040 simiscog‘itationibus
3084 955 3328 1040 vestris‘;

2321 1034 2378 1084 et
2426 1027 2770 1084 habitabitis
2800 1027 2859 1082 in
2893 1032 3050 1082 terra
3079 1043 3256 1097 quam
3289 1027 3448 1082 dedit
3478 1027 3721 1083 Dominus
3743 1043 3810 1080 vo-

2393 1101 2484 1155 bis
2515 1105 2573 1173 et
2605 1101 2876 1173 patribus
2907 1099 3144 1169 vestris,

2322 1188 2354 1225 a
2386 1168 2688 1227 saeculo'et
2719 1186 2908 1242 usque
2943 1172 2996 1225 in
3019 1168 3333 1242 saeculum.

2251 1243 2321 1296 Et
2355 1244 2535 1298 nolite
2563 1247 2645 1298 ire
2667 1238 2961 1314 post—deos
2981 1241 3298 1310 alienos,ut
3319 1238 3568 1295 servistis
3587 1239 3658 1294 eis
3680 1257 3689 1293 :
3715 1240 3811 1294 ado-

2394 1316 2656 1386 retisque
2691 1331 2790 1370 eos
2821 1330 2834 1369 :

2323 1403 2513 1457 neque
2545 1380 2639 1441 {ne
2670 1387 2741 1440 ad
2775 1384 3140 1440 iracundiam
3183 1382 3500 1457 provocetis
3531 1383 3581 1436 in
3609 1380 3812 1450 operibus

2395 1454 2678 1512 manuum
2714 1461 3066 1520 vestrarum,
3101 1459 3160 1510 et
3193 1471 3306 1526 non
3340 1454 3581 1526 afﬂigam
3609 1469 3707 1508 vos.

2251 1529 2319 1584 Et
2348 1546 2460 1585 non
2497 1529 2750 1584 audistis
2783 1544 2896 1595 me,
2928 1527 3070 1582 dicit
3099 1525 3402 1591 Dominus,

2326 1605 2389 1656 ut
2419 1617 2512 1656 me
2541 1601 2610 1654 ad
2644 1599 3014 1654 iracundiam
3060 1598 3448 1671 provocaretis
3503 1598 3554 1651 in
3605 1595 3809 1666 operibus

2395 1688 2681 1726 manuum
2713 1669 3154 1739 vestrarum,'in
3189 1669 3409 1724 malum
3440 1672 3682 1723 vestrum.

2253 1743 2563 1814 Propterea
2595 1743 2712 1797 hac
2743 1743 2885 1797 dicit
2913 1742 3202 1814 Dominus
3224 1740 3563 1795 exercituum
3595 1755 3606 1792 :

2328 1813 2431 1870 Pro
2465 1831 2530 1869 co
2563 1815 2717 1884 quod
2751 1831 2862 1869 non
2899 1813 3151 1868 audistis
3185 1813 3360 1868 verba
3392 1828 3512 1866 mea
3541 1827 3552 1865 :

2253 1887 2397 1942 Ecce
2426 1901 2531 1958 ego
2564 1879 2811 1958 mittam,
2846 1891 3238 1958 etpassumam
3272 1883 3561 1938 universas
3586 1879 3808 1952 cognatio-

2396 1956 2499 2012 nes
2531 1956 2847 2027 aquilonis,
2879 1957 2958 2011 ait
2992 1956 3298 2024 Dominus,

2326 2033 2383 2083 et
2425 2025 2963 2085 Nabuchodonosor
2995 2032 3010 2064 ί
3048 2043 3246 2100 regem
3305 2025 3596 2098 Babylonis
3643 2036 3808 2078 servum

2399 2115 2592 2154 meum
2627 2116 2641 2154 2

2254 2172 2325 2226 Ει
2355 2171 2642 2243 adducam
2674 2186 2773 2226 eos
2805 2187 2983 2243 super
3013 2177 3234 2226 terram
3268 2169 3461 2233 istam,
3491 2171 3543 2222 et
3576 2180 3718 2237 super
3739 2162 3806 2217 hac

2396 2242 2680 2298 bitatores
2711 2243 2860 2313 ejus,

2326 2319 2384 2369 et
2414 2331 2594 2385 super
2622 2304 2823 2370 omnes
2850 2304 3142 2380 nationes,
3177 2328 3307 2383 quae
3349 2311 3404 2366 in
3452 2307 3666 2365 circuitu
3698 2304 3807 2359 illius

2399 2390 2588 2440 sunt:

2257 2457 2326 2512 Et
2349 2456 2696 2511 interﬁciam
2720 2472 2841 2523 eos,
2869 2461 2925 2512 et
2955 2471 3168 2526 ponam
3204 2471 3304 2510 eos
3335 2453 3392 2509 in
3423 2458 3682 2524 stuporem
3708 2451 3748 2502 et
3771 2445 3806 2497 in

2398 2527 2662 2590 sibilum,

2331 2603 2387 2651 et
2420 2601 2474 2652 in
2510 2598 2858 2654 solitudines
2887 2597 3304 2667 sempiternas.

2260 2671 2623 2741 Pcrdamque
2657 2687 2721 2724 ex
2750 2687 2833 2724 CIS
2867 2660 3060 2723 vocem
3093 2667 3319 2740 gaudii,
3353 2671 3408 2722 et
3431 2679 3605 2722 vocem
3640 2660 3806 2719 latitia,

2330 2758 2524 2798 vocem
2559 2743 2781 2814 sponsi,
2815 2748 2868 2795 et
2897 2757 3091 2796 vocem
3121 2757 3378 2813 sponsas,

2329 2829 2527 2868 vocem
2563 2812 2752 2879 molae,

2331 2891 2388 2940 et
2419 2884 2616 2939 lumen
2639 2884 2908 2939 lucernae.

2259 2957 2327 3011 Et
2355 2957 2466 3012 erit
2495 2957 2766 3010 universa
2795 2961 2950 3010 terra
2980 2954 3101 3009 haec
3115 2955 3230 3024 (Αι.
3250 2953 3398 3026 ejus)
3414 2953 3469 3008 in
3499 2946 3804 3007 solitudinem.
3905 2995 3907 3026 Ι

2401 3034 2459 3083 et
2489 3027 2545 3081 in
2580 3033 2879 3097 stuporem
2915 3043 2928 3081 :

2177 3132 2220 3198 Ο
2329 3103 2388 3154 et
2413 3087 2900 3198 sprvient‘omnes
2932 3101 3133 3170 gentes
3166 3097 3295 3154 ista:
3327 3095 3442 3168 regi
3471 3087 3727 3164 Babylonis
3748 3099 3804 3138 se-

2403 3171 2710 3242 ptuaginta
2734 3169 2927 3242 annis.

2258 3234 2519 3314 Cumque
2546 3234 2777 3312 impleti
2811 3240 3026 3296 fuerint
3055 3238 3428 3314 septuaginta
3455 3234 3598 3301 anni,

2330 3311 3025 3386 visitabosuperﬁregem
3076 3311 3412 3386 Babylonis,
3439 3315 3491 3386 et
3528 3319 3679 3386 super
3711 3313 3803 3386 geg-

2401 3390 2518 3438 tem
2556 3381 2738 3451 illam,
2772 3381 2921 3440 dicit
2944 3381 3619 3453 Dominus,iniquitatem
3646 3382 3800 3428 eorum.
3895 3407 3899 3453 Ι

2399 3461 2455 3510 et
2485 3471 2664 3526 super
2692 3461 2907 3511 terram
2937 3453 3340 3510 Chaldaeorum
3375 3470 3388 3509 :

2329 3531 2386 3581 et
2417 3523 2628 3597 ponam
2665 3526 2823 3582 illam
2852 3527 2908 3582 in
2937 3526 3294 3582 solitudines
3324 3523 3683 3597 sempiternas.

2259 3600 2327 3652 Et
2355 3590 2646 3654 adducam
2679 3616 2857 3669 super
2888 3605 3098 3653 terram
3135 3597 3299 3653 illam
3333 3590 3516 3651 omnia
3541 3590 3680 3646 verba
3705 3594 3800 3636 ωειο

2400 3686 2525 3741 qua:
2561 3669 2790 3725 locutus
2821 3685 2950 3725 sum
2984 3674 3193 3725 contra
3224 3684 3376 3741 eam,

2327 3737 2498 3796 omne
2529 3744 2679 3812 quod
2712 3742 2997 3813 scriptum
3031 3741 3209 3813 estin
3243 3740 3388 3813 libro
3418 3737 3540 3813 isto,

2327 3807 2685 3884 quaecunque
2717 3807 3083 3885 prophetavit
3112 3811 3401 3869 Jeremias
3431 3809 3692 3865 adversum
3719 3807 3799 3850 0m-

2399 3900 2504 3939 nes
2535 3889 2735 3954 gentes
2763 3902 2781 3939 :

2253 3955 2399 4020 Quia
2431 3955 2756 4011 servierunt
2787 3955 2893 4024 eis,
3643 4013 3652 4024 ,

2324 4042 2459 4082 cum
2492 4033 2690 4099 essent
2717 4033 2922 4099 gentes
2943 4024 3175 4099 multae,
3210 4029 3266 4080 et
3299 4039 3459 4096 reges
3488 4032 3654 4089 magni
3681 4028 3691 4066 :

2253 4097 2323 4152 Et
2353 4099 2590 4153 reddam
2623 4098 2708 4154 eis
2726 4097 3060 4154 secundum
3093 4115 3273 4168 opera
3297 4111 3509 4160 eorum,

2323 4175 2381 4225 et
2409 4170 2731 4224 secundum
2768 4170 2916 4225 facta
2947 4186 3234 4224 manuum
3268 4181 3519 4223 suarum.

2253 4240 2399 4305 Quia
2427 4241 2511 4296 sic
2538 4241 2680 4296 dicit
2707 4242 2992 4297 Dominus
3023 4242 3388 4296 exercituum
3419 4236 3528 4304 (ΑΙ.
3555 4235 3668 4286 tacet
3690 4233 3795 4280 exe"

2396 4313 2640 4377 cituum)
2679 4314 2826 4368 Deus
2859 4313 3033 4369 Israel
3063 4314 3172 4383 (Al.
3207 4312 3332 4367 add.
3365 4311 3431 4365 ad
3464 4306 3600 4374 me):

2254 4384 2702 4440 Sumecalioem
2739 4385 2854 4439 vini
2886 4378 3098 4439 furoris
3129 4384 3311 4451 hujus
3341 4383 3409 4438 de
3441 4390 3594 4435 manu
3623 4378 3751 4451 mellf

2322 4460 2379 4511 et
2406 4455 2743 4526 propinabis
2787 4459 2856 4511 de
2905 4455 3008 4511 illo
3041 4441 3272 4511 cunctis
3319 4452 3593 4527 gentibus,
3622 4441 3676 4498 ad
3701 4444 3796 4505 qu“

2390 4542 2496 4598 ego
2531 4528 2757 4583 mittam
2787 4534 2866 4582 te.

2245 4597 2315 4653 Et
2347 4573 3097 4654 higevntue'tmtur'bvabuntur
3147 4597 3260 4668 (Al.
3307 4581 3733 4651 inebriabunturii
3764 4573 3798 4624 εί

2388 4669 2686 4725 insanient
2717 4687 2750 4725 a
2777 4670 2922 4725 facie
2953 4669 3155 4740 gladii,

2317 4756 2493 4810 quem
2526 4757 2631 4812 ego
2661 4743 2891 4796 mittam
2925 4740 3078 4796 inter
3107 4757 3226 4812 eos.

2246 4811 2314 4867 Et
2336 4809 2540 4884 accepi
2564 4809 2814 4868 calicem
2847 4814 2917 4868 de
2952 4829 3125 4868 manu
3157 4809 3412 4884 Domini,
3618 4869 3627 4879 ,
3659 4865 3670 4884 ε

2315 4888 2372 5009 gl
2402 4869 2701 4966 Prflpinavi
2741 4884 2969 4940 cunctis
3001 4883 3276 4956 gentibus
3306 4882 3375 4937 ad
3400 4869 3538 4950 quas
3564 4869 3693 4927 misit
3730 4869 3789 4911 me

2367 4971 2602 5009 ominus
2639 4973 2651 5009 :

2367 4971 2602 5012 ominus
2639 4973 2651 5010 ἒ

2239 5026 2589 5095 Jerusalem,
2623 5031 2680 5083 et
2705 5027 3041 5082 civitatibus
3069 5026 3244 5096 Juda,

2315 5103 2370 5152 et
2397 5093 2633 5170 regibus
2665 5100 2814 5169 ejus,
2845 5103 2901 5153 et
2932 5093 3296 5170 principibus
3326 5093 3449 5170 ejus
3480 5107 3492 5170 ξ

2314 5173 2378 5224 ut
2407 5163 2605 5226 da'rem
2639 5163 2736 5226 eos
2768 5163 2826 5224 in
2859 5163 3262 5232 solitudinem,
3285 5171 3339 5221 et
3369 5167 3423 5218 in
3450 5163 3714 5229 stuporemv

2314 5245 2372 5296 et
2401 5241 2457 5296 in
2487 5241 2751 5310 sibilum,
2783 5245 2840 5297 et
2869 5241 2927 5297 in
2963 5239 3452 5299 maledictionem,

2314 5312 2469 5368 sicut
2498 5318 2589 5369 est
2619 5313 2743 5368 dies
2773 5311 2887 5369 ista
2921 5330 2933 5367 :

2240 5355 2942 5458 Ph"a'F£6ni"€e§i‘}aé}Bii',
2976 5389 3034 5440 et
3058 5383 3239 5440 servis
3262 5381 3409 5452 ejus,
3432 5382 3482 5431 et
3508 5355 3786 5444 principibus

2238 5596 2550 5669 t_um_quod
2588 5597 2844 5652 secunda
2875 5613 3054 5652 manu
3090 5575 3684 5669 positareperiatur‘in‘

2239 5646 2430 5722 dictis1
2449 5685 2591 5723 mss.
2628 5646 3117 5736 codicibusftum-
3137 5646 3391 5721 maxime
3420 5654 3558 5736 (μιοᾷ
3587 5646 3780 5736 θέφξξζη

2236 5719 3779 5813 ρεοίσέρξῖέεηξςῑιῖέτεῑείδηῑιῖυέξδέοοωὼεηιπίίεςυιε.

2239 5808 2426 5868 MART.
