4028 6178
495 188 602 245 947

497 318 557 372 et
586 328 799 387 ponam
832 327 931 368 eos
962 312 1128 384 quasi
1161 312 1309 369 ﬁcus
1344 312 1552 385 malas,
1584 330 1710 387 quae
1751 316 1979 373 comedi
2026 332 2141 372 non
2171 314 2225 382 Α

640 389 909 457 possunt,

569 455 821 527 eo‘quod
854 455 1121 527 pessimae
1153 455 1291 527 sint.

502 529 568 584 Et
596 544 943 654 persequare
975 544 1074 583 eos
1105 528 1164 582 in
1199 526 1479 600 gladio,et
1511 527 1569 584 in
1602 529 1775 601 fame,
1797 535 1853 587 et
1883 531 1942 587 in
1960 530 2143 603 pesti-

667 616 733 653 en
768 614 858 653 ia:

667 614 823 653 θοῑιξι
845 614 858 652 ἒ

574 675 630 748 et
659 672 809 748 dabo
833 686 934 748 eos
952 670 1015 748 _in
1038 670 1400 748 vexationem
1427 671 1716 729 universis
1744 677 1940 748 regnis
1958 681 2143 743 terrae;

576 743 634 797 in
671 741 1165 809 maledictionem,
1194 746 1251 797 et
1280 743 1337 796 in
1371 747 1663 813 stuporem
1683 763 1703 800 :

577 819 634 870 et
664 814 724 891 in
748 813 1010 891 sibilum,
1036 814 1180 891 etin
1197 816 1576 891 opprobrium
1600 817 1825 874 cunctis
1849 819 2148 891 gentibus,

652 888 721 940 ad
751 902 898 956 quas
924 885 1064 955 ejeci
1092 885 1199 956 (Al.
1234 886 1488 958 ejiciam)
1519 904 1615 943 eos
1645 906 1657 943 :

508 957 589 1013 Eo
620 958 774 1028 quod
807 973 924 1012 non
956 957 1251 1011 audierint
1281 958 1456 1013 verba
1489 975 1634 1025 mea,
1670 960 1813 1016 dicit
1844 962 2147 1017 Dominus:

584 1042 711 1100 quae
746 1028 880 1105 misi
914 1028 985 1083 ad
1018 1044 1116 1084 eos
1148 1045 1248 1099 per
1277 1045 1471 1105 servos
1505 1047 1665 1086 meos
1716 1034 2051 1105 prophetas,
2084 1034 2153 1089 de

657 1104 826 1155 nocte
857 1116 1241 1171 consurgens,
1274 1106 1330 1155 et
1362 1100 1638 1158 mittens:

587 1176 643 1227 et
674 1188 788 1227 non
822 1170 1103 1239 audistis,
1129 1172 1271 1227 dicit
1305 1172 1611 1229 Dominus.

515 1242 633 1299 Vos
662 1259 808 1325 ergo.
831 1244 1029 1299 audite
1052 1244 1295 1299 verbum
1342 1244 1597 1315 Domini,
1631 1245 1822 1301 omnis
1876 1246 2158 1303 transmi-

706 1320 870 1384 ratio,

706 1331 849 1370 ratio

592 1331 969 1460 qugamlerbisi
991 1385 1072 1460 de
1097 1385 1425 1460 Jerusalem
1459 1387 1904 1460 inﬁBabylonem
1931 1408 1943 1446 :

519 1457 652 1514 Haec
679 1458 819 1513 dicit
836 1457 1122 1512 Dominus
1144 1458 1504 1514 exercituum
1527 1457 1689 1515 Deus
1706 1461 1880 1517 Israel
1905 1463 1977 1517 ad
1998 1461 2161 1517 Ahab

669 1529 855 1584 {ilium
887 1527 1061 1583 Colia.

595 1606 651 1657 et
679 1601 751 1657 ad
784 1600 1083 1656 Sedeciam
1116 1598 1301 1655 ﬁlium
1333 1601 1584 1670 Mnasias,

599 1673 699 1745 qui
724 1672 1076 1753 prophetant
1095 1672 1260 1753 vobis
1288 1671 1347 1727 in
1371 1674 1607 1753 nomine
1630 1675 2163 1753 meomendaciter:
2196 1687 2244 1753 Β

529 1745 670 1801 Ecce
700 1744 805 1819 ego
832 1744 1064 1819 tradam
1083 1744 1250 1799 eosin
1268 1759 1446 1799 manu
1461 1745 2001 1804 Nabuchodonosor
2014 1748 2167 1819 regis

673 1815 985 1887 Babylonis
1006 1832 1018 1870 :

601 1893 660 1944 et
688 1886 972 1959 pereutiet
1001 1903 1098 1943 eos
1130 1887 1190 1942 in
1222 1886 1408 1959 oculis
1439 1888 1669 1945 vestris.

531 1962 600 2016 Et
628 1957 969 2035 assumatur
996 1975 1066 2014 ex
1094 1959 1179 2015 eis
1212 1957 1733 2035 maledictioomni
1779 1963 2169 2035 transmigra-

675 2032 823 2088 tioni
852 2031 1025 2104 Juda,
1060 2046 1196 2104 quae
1218 2036 1307 2085 est
1354 2030 1414 2085 in
1449 2032 1773 2104 Babylone,
1808 2030 2167 2090 dicentium:

532 2108 719 2161 Ponat
747 2108 803 2158 te
835 2102 1119 2157 Dominus
1151 2101 1308 2157 sicut
1352 2101 1673 2171 Sedeciam,
1705 2113 1759 2160 et
1802 2106 1955 2161 sicut
2009 2105 2172 2161 Ahab

678 2190 827 2246 quos
857 2174 1145 2256 frixitnrex
1177 2171 1574 2256 Babyloniam
1608 2176 1779 2256 igne:

605 2244 711 2317 pro
741 2260 807 2300 eo
836 2245 991 2317 quod
1024 2244 1267 2300 fecerint
1292 2244 1601 2300 stultitiam
1635 2244 1694 2301 in
1726 2246 1927 2317 Israel,

606 2316 981 2389 etmcechati
1036 2320 1184 2389 sunt
1222 2331 1431 2389 uxores
1508 2317 1829 2374 amicorum
1908 2316 2175 2389 suorum,

608 2394 665 2444 et
692 2387 870 2444 locuti
903 2392 1043 2443 sunt
1073 2387 1313 2443 verbum
1346 2388 1401 2441 in
1438 2388 1675 2446 nomine
1707 2408 1835 2447 meo
1880 2387 2175 2448 mendaci;

686 2464 790 2529 ter,
824 2460 979 2530 quod
1013 2475 1130 2515 non
1164 2460 1439 2515 mandavi
1470 2460 1594 2515 eis:

539 2531 659 2603 Ego
688 2547 821 2587 sum
846 2531 1030 2602 judex
1059 2535 1116 2586 et
1146 2532 1329 2603 testis,
1362 2531 1506 2586 dicit
1537 2533 1841 2591 Dominus.

543 2602 611 2658 Et
641 2604 710 2658 ad
742 2603 1031 2658 Semeiam
1064 2602 1445 2657 Neelamitem
1476 2603 1673 2659 dices:

541 2679 673 2731 Haec
704 2674 845 2730 dicit
874 2674 1161 2729 Dominus
1190 2676 1574 2740 exercituum,
1606 2675 1762 2732 Deus
1789 2676 1965 2734 Israel
1990 2718 2003 2732 .

540 2747 649 2803 Pro
681 2760 747 2801 eo
779 2746 931 2806 quod
961 2745 1175 2801 misisti
1197 2747 1255 2800 in
1278 2746 1517 2802 nomine
1532 2751 1632 2803 tuo
1654 2747 1834 2806 libros
1858 2749 1929 2806 ad
1952 2764 2185 2806 omnem

685 2817 951 2890 poulum,
984 2818 1083 2889 qui
1115 2817 1295 2890 estin
1325 2817 1677 2890 Jerusalem.

614 2895 671 2945 et
686 2888 772 2945 'ad
805 2888 1161 2961 Sophoniam
1195 2888 1380 2944 filium
1413 2889 1642 2947 Maesia;
1672 2894 2061 2958 sacerdotem,

543 2965 611 3016 ut
639 2962 709 3016 ad
745 2962 1051 3017 universos
1083 2962 1437 3027 sacerdotes,
1471 2962 1715 3018 dicens:

540 3033 829 3118 Dominus
853 3033 1022 3118 dedit
1044 3036 1099 3087 te
1129 3034 1489 3118 sacerdotem
1512 3051 1615 3104 pro
1634 3034 1840 3091 Joiade
1865 3036 2182 3118 sacerdote,
2218 3051 2261 3118 ρ

540 3110 608 3159 ut
636 3121 720 3159 eis
752 3104 870 3159 dux
890 3104 956 3176 lin
991 3104 1165 3159 domo
1214 3105 1441 3159 Domini
1489 3122 1666 3176 super
1714 3123 1947 3163 omnem
1996 3106 2184 3163 virum

687 3175 1056 3247 arreptitium
1090 3180 1147 3247 et
1177 3175 1647 3247 prophetantem,

618 3249 684 3300 ut
714 3245 916 3302 mittas
947 3262 1080 3302 eum
1112 3245 1171 3301 in
1204 3245 1445 3303 nervum
1477 3253 1533 3303 et
1564 3245 1981 3306 incarcerem:

538 3318 610 3373 Et
639 3334 796 3373 nunc
827 3334 1009 3391 quare
1039 3334 1153 3391 non
1179 3317 1493 3391 increpasti
1514 3320 1827 3376 Jeremiam
1850 3320 2198 3377 Anathothi-

690 3394 807 3451 ten,
845 3389 946 3461 qui
979 3389 1287 3461 prophetat
1314 3389 1479 3445 vobis
1504 3393 1526 3444 Ρ

690 3407 807 3451 ten,
845 3407 946 3461 qui
1020 3407 1287 3459 ropneiat
1314 3407 1479 3445 vonis
1504 3407 1526 3444 :-

553 3533 588 3589 ι
618 3461 761 3525 Quia
780 3478 958 3588 super
979 3407 1085 3515 Eoc
1104 3459 1266 3515 misit
1286 3462 1357 3516 ad
1382 3461 1578 3529 nos,in
1592 3462 2196 3534 Babylonem,dicens:

592 3549 811 3589 oneum
842 3549 905 3589 es
956 3548 971 3587 :

592 3549 811 3590 ODEUID
842 3548 931 3589 esr
956 3548 971 3587 ἶ

622 3550 811 3605 Iugum
842 3550 931 3589 esr
956 3550 971 3587 :

622 3606 904 3662 aediﬁcata
934 3604 1160 3672 domos,
1194 3607 1250 3658 et
1280 3603 1539 3659 habitata
1565 3620 1577 3659 :

622 3682 681 3734 et
712 3677 975 3749 plantate
1005 3674 1229 3749 hortos,

623 3754 680 3806 et
709 3747 997 3805 comedite
1030 3747 1287 3801 fructum
1320 3761 1545 3802 eorum.

553 3821 886 3895 Legitlergo
909 3818 1238 3895 Sophenias
1259 3819 1532 3895 sacerdos
1555 3818 1769 3875 librum
1791 3817 1972 3873 istum
2004 3816 2065 3873 in
2096 3834 2197 3874 au-

692 3890 858 3949 ribu's
886 3890 1151 3947 Jeremiaa
1181 3890 1496 3961 prophetae.

692 3908 858 3949 riuus
886 3908 1151 3947 .Jeremiee
1181 3908 1284 3961 pro
1331 3908 1496 3946 neue.

546 3965 616 4019 Et
646 3965 857 4020 factum
892 3967 981 4019 est
1009 3963 1251 4018 verbum
1283 3908 1515 4017 Bomini
1539 3961 1610 4016 ad
1633 3960 2195 4029 Jeremiam,dicens:

544 4037 705 4092 Mitte
733 4037 802 4092 ad
838 4051 1067 4091 omnem
1101 4033 1704 4101 transmigrationem,
1739 4034 1940 4088 dicens

621 4109 751 4165 Haec
780 4106 922 4163 dicit
950 4104 1233 4162 Dominus
1262 4107 1333 4160 ad
1367 4104 1656 4160 Semeiam
1689 4104 2072 4160 Neelamitem
2102 4119 2115 4157 :

550 4185 656 4237 Pro
687 4179 940 4264 ecquod
972 4176 1343 4251 prephetavit
1363 4176 1526 4233 vobis
1555 4177 1837 4246 Semeias,
1861 4180 1919 4231 et
1942 4192 2048 4248 ego
2082 4192 2197 4230 non

696 4267 831 4307 [11181
862 4265 1034 4307 eum:

618 4328 674 4379 et
706 4323 840 4380 fecit
868 4339 970 4377 vos
1000 4319 1291 4376 confidere
1324 4318 1381 4373 in
1417 4318 1721 4375 mendacio
1748 4334 1760 4372 :

618 4395 834 4451 idcirco
865 4394 987 4448 haec
1016 4392 1157 4446 dicit
1190 4390 1469 4445 Dominus
1497 4406 1508 4445 :

545 4467 688 4523 Ecce
719 4483 824 4539 ego
855 4464 1105 4521 visitabo
1136 4479 1315 4539 super
1342 4461 1630 4518 Semeiam
1660 4459 2064 4528 Neelamitem,

617 4543 675 4595 et
704 4534 893 4620 super.
912 4534 1310 4620 semen‘ejus;

547 4609 673 4666 Non
705 4603 816 4665 erit
844 4609 897 4665 ei
924 4608 1011 4663 vir
1035 4603 1247 4663 sedens
1281 4604 1338 4660 in
1371 4603 1560 4660 medio
1594 4603 1793 4677 populi
1816 4604 2033 4677 hujus,

613 4686 670 4737 et
695 4698 812 4738 non
842 4679 1057 4736 videbit
1086 4679 1306 4733 bonum
1356 4677 1514 4747 quod
1561 4672 1691 4748 ego'
1717 4672 1922 4731 faciam
1976 4672 2191 4747 populo

728 4769 877 4821 meo,
911 4752 993 4807 ait
1027 4748 1328 4817 Dominus,

614 4825 755 4897 quia
782 4816 1319 4896 praevaricationem
1346 4818 1581 4875 locutus
1629 4821 1719 4873 est
1765 4818 2045 4874 adversus
2075 4816 2191 4873 Do-

688 4913 942 4952 miunm.

541 4968 696 5041 (Cap.
729 4969 932 5041 XXX.)
965 4967 1083 5041 Ho_c
1112 4961 1540 5041 verbum__quod
1584 4964 1780 5019 actum
1835 4963 1925 5016 est
1974 4960 2045 5015 ad
2094 4958 2191 5016 Je-

687 5033 933 5097 remiam
965 5056 999 5095 a
1030 5035 1297 5101 Domino,
1330 5033 1568 5090 dicens:

542 5112 671 5169 Haec
704 5111 847 5168 dicit
877 5110 1160 5166 Dominus
1190 5106 1344 5162 Deus
1380 5104 1583 5171 Israel,
1616 5105 1814 5160 dicens
1845 5121 1859 5161 :

541 5185 743 5242 Scribe
776 5183 881 5241 tibi
910 5182 1112 5241 omnia
1141 5179 1316 5236 verba
1347 5194 1475 5251 quas
1507 5176 1740 5233 locutus
1770 5191 1901 5233 sum
1931 5174 2002 5230 ad
2036 5173 2189 5245 te,in

688 5256 860 5313 libro.

538 5332 685 5386 Ecce
715 5329 873 5384 enim
907 5327 1032 5383 dies
1061 5322 1326 5387 veniunt,
1354 5320 1497 5377 dicit
1525 5320 1812 5376 Dominus
1840 5335 1852 5375 :

611 5407 669 5460 et
711 5404 1044 5457 convertam
1094 5393 1535 5455 conversionem
1588 5392 1789 5463 populi
1840 5388 1955 5447 mei
1986 5390 2093 5461 (Al.
2128 5388 2187 5443 in

680 5472 859 5545 terra)
889 5469 1067 5528 Israel
1098 5474 1156 5525 et
1182 5467 1356 5545 Juda,
1391 5464 1473 5519 ait
1502 5464 1791 5545 Dominus
1814 5478 1875 5545 ευ
2001 5536 2011 5545 _
2058 5532 2068 5543 ι

611 5549 667 5601 et
697 5531 1030 5601 convertam
1061 5557 1160 5598 eos
1187 5539 1258 5595 ad
1292 5531 1501 5593 terrain
1539 5550 1715 5607 quam
1748 5534 1878 5589 dedi
1919 5531 2187 5605 patribus

687 5632 890 5673 eorum
913 5634 925 5671 :
1254 5659 1259 5663 _

613 5691 671 5759 et
698 5687 1086 5759 possidebunt
1115 5697 1265 5759 eam.

540 5757 613 5813 Et
640 5743 762 5814 héc
790 5757 968 5815 verba
995 5772 1124 5829 quae
1154 5753 1386 5812 locutus
1415 5752 1506 5808 est
1551 5747 1832 5806 Dominus
1886 5747 1957 5804 ad
2006 5743 2184 5803 Israel

1525 193 1582 246 Β.
1624 190 2039 246 HIERONYMI
2073 190 2328 244 DIVINA
2363 189 2862 247 BIBLIOTHECA.
3734 191 3813 245 948

2397 316 2453 369 et
2481 314 2553 370 ad
2584 314 2833 370 Judsm:

2255 384 2541 448 Quoniam
2574 386 2695 440 haec
2729 384 2870 440 dicit
2898 383 3220 443 Dominus:

2250 456 2463 511 Vocem
2496 456 2737 512 terroris
2768 455 3137 511 audivimus:

2324 529 2599 597 formido,
2632 534 2688 584 et
2719 544 2831 582 non
2866 532 2953 583 est
2988 544 3115 597 pax.

2252 603 2635 672 Interrogata,
2663 604 2720 655 et
2748 600 2938 672 videte
2971 600 3019 653 si
3065 602 3303 670 generat
3351 598 3658 672 masculus:
3685 615 3815 670 quare

2327 687 2462 744 ergo
2482 670 2596 727 vidi
2615 670 3090 744 omnisviriman
3103 687 3197 725 um
3216 686 3388 744 super
3410 670 3655 725 lumbum
3670 687 3817 741 suum,

2400 742 2571 813 quasi
2603 742 3118 814 parturientis(AL
3153 742 3471 814 parientis),

2327 818 2385 869 et
2416 811 2706 870 conversa:
2736 818 2876 869 sunt
2904 811 3188 869 universas
3220 814 3391 869 facies
3419 813 3474 868 in
3501 811 3821 885 auruginemi

2260 885 2391 939 Vas!
2426 886 2567 968 quia
2597 901 2812 968 magna
2841 885 2967 968 dies
3000 885 3123 955 illa,

2334 973 2440 1013 nec
2466 964 2554 1012 est
2584 958 2797 1013 similis
2828 958 2956 1027 ejus
2984 974 2997 1010 :

2264 1028 2641 1100 Tempusque
2670 1026 3071 1085 tribulationis
3102 1030 3190 1082 est
3206 1027 3407 1095 Jacob,

2336 1104 2394 1155 et
2421 1117 2487 1156 ex
2517 1101 2645 1172 ipso
2676 1100 3019 1172 salvabitur.

2337 1172 2407 1227 Et
2434 1169 2636 1227 erit'in
2668 1172 2761 1227 die
2790 1170 2912 1239 illa,
2942 1172 3024 1226 ait
3052 1169 3337 1226 Dominus
3366 1169 3710 1225 exercituum.

2340 1248 2636 1299 conteram
2664 1244 2873 1315 jugum
2895 1244 3024 1315 ejus
3048 1243 3120 1297 de
3140 1241 3283 1297 collo
3302 1247 3423 1311 tuo,
3445 1245 3499 1296 et
3515 1241 3718 1296 vincula
3734 1240 3827 1308 ejus

2413 1316 2807 1386 disrumpam,

2342 1391 2401 1442 et
2431 1403 2545 1442 non
2578 1382 3041 1442 dominabuntur
3068 1384 3118 1440 ei
3152 1384 3402 1455 amplius
3430 1382 3626 1440 alieni:

2272 1459 2383 1514 Sed
2417 1458 2671 1513 servient
2704 1459 2943 1514 Domino
2974 1457 3111 1524 Deo,
3146 1473 3275 1525 suo,

2344 1534 2402 1585 et
2430 1529 2609 1585 David
2643 1529 2764 1602 regi
2794 1545 2923 1597 suo,
2956 1544 3131 1599 quem
3165 1526 3458 1602 suscitabo
3486 1525 3582 1602 eis.

2276 1601 2359 1655 Tu
2380 1617 2517 1673 ergo
2538 1616 2607 1656 ne
2627 1594 2858 1668 timeas,
2890 1594 3251 1673 servejmeus
3280 1599 3471 1669 Jacob,
3505 1598 3580 1653 ait
3595 1594 3830 1661 Dominus,

2418 1670 2609 1744 n'eque
2640 1689 2871 1744 paveas,
2906 1670 3078 1727 Israel
3101 1688 3113 1726 :

2276 1741 2423 1810 Quia
2450 1740 2579 1799 ecce
2607 1740 2712 1816 ego
2743 1740 2980 1799 salvabo
3014 1748 3068 1798 te
3102 1744 3172 1797 de
3204 1748 3360 1816 terra
3386 1740 3698 1816 longinqua.

2346 1821 2405 1871 et
2435 1813 2835 1871 semen'tuum
2868 1816 2939 1871 de
2968 1820 3123 1870 terra
3153 1813 3500 1885 captivitatis
3529 1825 3735 1867 eorum:

2277 1891 2345 1943 Et
2373 1888 2681 1943 revertitur
2707 1887 2908 1956 Jacob,
2940 1891 2997 1941 et
3027 1886 3309 1958 quiescet,

2351 1967 2403 2014 el
2436 1959 2663 2015 cunctis
2694 1958 2894 2014 afﬂ'uet
2923 1958 3113 2023 bonis,

2352 2035 2409 2085 et
2439 2047 2553 2085 non
2582 2031 2691 2085 erit
2718 2047 2891 2101 quem
2925 2030 3244 2101 formidet:

2283 2103 2567 2175 Quoniam
2586 2093 2775 2175 tecum
2796 2118 2900 2174 ego
2915 2118 3071 2169 sum,
3094 2101 3175 2175 ait
3194 2098 3496 2175 Dominus,
3520 2100 3577 2175 ut
3596 2093 3772 2175 salven}
3789 2094 3840 2155 ὶει

2283 2163 2513 2230 Faciam
2532 2174 2688 2229 enim
2716 2163 3287 2229 consummationem
3306 2171 3365 2226 in
3384 2163 3597 2226 cunctis
3617 2163 3839 2238 gentibus:

2429 2246 2487 2299 in
2520 2245 2735 2315 quibus
2765 2244 3017 2317 dispersi
3047 2250 3140 2317 te:

2358 2320 2413 2372 te
2446 2310 2640 2371 autem
2674 2332 2790 2372 non
2824 2310 3031 2372 faciam
3067 2316 3123 2371 in
3158 2310 3731 2376 consummationem,

2290 2388 2402 2443 Sed
2434 2388 2733 2460 castigabo
2765 2394 2820 2460 te
2851 2389 2909 2442 in
2934 2387 3182 2460 judicio,

2362 2462 2422 2514 ut
2454 2476 2571 2515 non
2590 2458 2854 2515 _videaris
2887 2458 2991 2514 tibi
3027 2458 3327 2515 innoxius.

2291 2531 2440 2597 Quia
2470 2531 2592 2586 haec
2622 2531 2766 2586 dicit
2795 2530 3121 2587 Dominus:

2366 2601 2717 2658 Insanabilis
2748 2602 3006 2658 fractura
3036 2610 3159 2673 tua,

2365 2675 2624 2746 pessima
2654 2674 2997 2747 plagartua.
3070 2744 3105 2747 Α
3150 2744 3162 2747 _
3299 2746 3303 2747 ί
3519 2739 3533 2747 _

2365 2690 2624 2746 pessima
2654 2690 2745 2745 pia
2793 2691 2826 2730 a
2855 2690 2976 2729 tua.

2294 2745 2420 2801 Non
2436 2750 2624 2818 estest
2642 2690 2975 2818 quifudicet
2981 2746 3002 2816 j
3012 2744 3273 2800 udicium
3290 2746 3453 2818 tuum
3470 2739 3536 2796 ad
3550 2731 3849 2808 alligandum:

2368 2814 2731 2873 curationem
2751 2814 2994 2874 utilitas
3022 2834 3135 2871 non
3167 2823 3260 2872 est
3292 2814 3418 2870 tibi.

2296 2887 2512 2944 Omnes
2544 2894 2835 2944 amatores
2866 2889 2966 2960 qui
2997 2888 3162 2945 obliti
3194 2892 3341 2943 sunt
3370 2884 3477 2949 tui,

2368 2966 2540 3030 teque
2572 2977 2684 3032 non
2718 2965 3018 3032 quaerent:
3173 3030 3179 3032 _
3434 3025 3446 3032 _
3525 3024 3557 3032 __
3769 3010 3833 3032 ,4η

2299 3011 2477 3103 Plaga
2498 3030 2652 3114 enim
2676 3011 3193 3114 inimicipercussi.
3208 3024 3658 3114 teneastigatione
3675 3011 3849 3114 crudeli:

2376 3088 2613 3175 propter
2641 3088 3083 3159 multitudinem
3116 3088 3577 3173 iniquitatis'tuaa
3603 3093 3725 3148 dura
3747 3088 3851 3143 facta

2448 3180 2586 3229 sunt
2613 3180 2850 3245 peccata
2880 3180 2999 3230 tua.

2302 3245 2451 3319 Quid
2484 3243 2703 3319 clamas
2733 3263 2911 3319 super
2940 3244 3295 3319 contritione
3327 3243 3470 3299 tua?

2376 3317 2719 3372 insanabilis
2749 3317 2837 3374 est
2867 3318 3032 3373 dolor
3060 3324 3233 3372 tuus:

2304 3390 2544 3460 Propter
2574 3389 3012 3445 multitudinem
3047 3387 3379 3462 iniquitatis
3408 3390 3538 3462 tum,

2376 3450 2436 3515 et
2462 3464 2699 3532 propter
2732 3464 2879 3517 dura
2909 3450 3285 3533 peccata‘tua
3314 3458 3418 3515 feci
3452 3458 3563 3533 haec
3589 3450 3694 3533 tibi:

2303 3516 2590 3604 I‘opterea
2617 3516 2822 3588 omnes
2870 3516 2970 3604 qbi
2998 3516 3340 3604 comedunt
3383 3535 3457 3604 te,
3489 3516 3853 3604 devorabuqll‘fg

2375 3589 2431 3659 et
2464 3602 2715 3658 universi
2750 3589 2948 3659 hostes
2979 3602 3064 3658 tui
3099 3605 3155 3658 in
3188 3589 3576 3674 captivitatem
3606 3589 3850 3649 ducentur:

2302 3676 2373 3732 Et
2402 3676 2504 3746 qui
2535 3680 2590 3729 te
2618 3679 2869 3740 vastant,
2900 3675 3315 3742 vastabuntur,

2375 3732 2736 3817 cunctosque
2766 3732 3120 3819 praedatores
3148 3732 3462 3819 tuos'dabo
3492 3741 3547 3795 in
3577 3732 3801 3810 predum-

2303 3817 2601 3874 Obducam
2635 3816 2791 3873 enim
2824 3819 3154 3874 cicatricem
3186 3816 3316 3884 tibi,
3494 3884 3502 3886 Α
3690 3874 3701 3886 ,

2373 3894 2429 3943 et
2460 3906 2493 3943 a
2522 3887 2857 3945 vulneribus
2887 3890 3004 3946 tuis
3032 3888 3255 3944 sanabo
3287 3893 3364 3953 te,
3397 3884 3533 3941 dicit
3558 3884 3806 3937 Dominus.

2374 3960 2503 4015 Haec
2533 3965 2643 4027 est,
2677 3978 2824 4032 quae,
2858 3979 2970 4017 non
3002 3960 3216 4016 habeat
3248 3959 3621 4029 requirentem

2303 4032 2448 4094 Quia
2479 4033 2723 4102 ejectam
2752 4038 3104 4089 vocaverunt
3134 4038 3210 4101 te,
3242 4032 3416 4086 Sion:

2302 4103 2430 4158 Haec
2460 4103 2600 4158 dicit
2634 4104 2910 4160 Dominus
2934 4122 2952 4159 :

2301 4178 2944 4300 EcceJegobcoDvertam
2964 4172 3405 4231 conversionem
3429 4155 3855 4225 tabernaculorum

2479 4262 2579 4300 aco
2629 4287 2642 4300 .

2479 4262 2642 4312 acon,

2372 4320 2430 4372 et
2459 4319 2627 4372 tectis
2658 4319 2788 4388 ejus
2822 4318 2924 4388 (Al.
2959 4316 3186 4387 eorum)
3221 4314 3541 4388 miserebor
3567 4326 3585 4361 :

2374 4393 2431 4443 et
2460 4387 2846 4445 editicabitur
2875 4390 3081 4445 civitas
3110 4389 3169 4443 in
3202 4387 3551 4447 excelsosuo,
3589 4449 3602 4455 _
3646 4443 3691 4455 η

2374 4463 2429 4515 et
2459 4459 2743 4542 templum
2769 4462 2939 4542 juxta
2970 4460 3236 4542 erdinem
3268 4472 3441 4542 suum
3475 4446 3784 4542 fundam-tur.

2303 4535 2369 4586 Et
2398 4526 2732 4603 egredietur
2762 4526 2832 4587 de
2863 4533 2947 4588 eis
2977 4531 3127 4599 laus,
3160 4545 3387 4603 voxque
3421 4526 3719 4603 ludentium
3744 4526 3754 4563 :

2372 4600 2865 4675 etﬁmultiplicabo
2895 4620 3015 4668 eos,
3047 4608 3103 4658 et
3134 4619 3248 4657 non
3285 4600 3643 4675 minuentur;

2373 4679 2428 4729 et
2457 4669 2796 4746 gloriﬁ‘cabo
2828 4692 2952 4739 eos,
2981 4680 3037 4730 et
3068 4690 3180 4729 non
3215 4669 3671 4746 attenuabuntur.

2301 4748 2369 4801 Et
2399 4742 2571 4801 erunt
2603 4745 2723 4821 ﬁlii
2741 4747 2869 4817 ejus
2900 4747 3053 4801 sicut
3081 4763 3114 4801 a
3148 4742 3474 4821 pri'ncipio,_
3504 4809 3513 4821 .

2371 4822 2429 4872 et
2459 4823 2644 4891 castus
2674 4811 2803 4891 ejus
2832 4834 3028 4873 coram
3060 4811 3157 4873 me
3187 4811 3575 4891 permanebit:

2370 4893 2427 4943 et
2456 4872 2722 4944 visitabo"
2739 4872 3048 4946 adversum
3081 4872 3286 4945 omnes
3322 4884 3421 4958 qui
3467 4872 3720 4936 tribulant
3742 4872 3852 4920 eum-

2299 4963 2367 5015 Et
2397 4961 2509 5015 erit
2538 4962 2655 5016 dux
2685 4962 2813 5031 ejus
2845 4979 2913 5018 ex
2944 4977 3049 5017 eo:

2372 5037 2428 5086 et
2460 5025 2732 5103 princeps
2764 5033 2834 5088 de
2866 5032 3058 5088 medio
3093 5031 3223 5103 ejus
3254 5025 3623 5103 producetur:

2370 5110 2427 5177 et
2456 5100 2763 5177 applicabo
2794 5120 2926 5160 eum
2962 5110 3018 5160 et
3044 5100 3277 5177 accedet
3304 5100 3376 5155 ad
3401 5112 3508 5152 me.
3701 5157 3853 5177 nm.

2299 5157 2439 5241 Qnis
2464 5157 2758 5231 ﬁe‘nrimviste
2780 5157 3015 5248 enim
3045 5157 3301 5248 applicet
3322 5186 3422 5226 cor
3442 5178 3600 5223 suum
3622 5159 3679 5213 ut
3700 5157 3835 5222 ερρτο

2470 5192 2625 5231 enim
2650 5192 2758 5231 iste
2782 5192 2889 5243 est,
2915 5194 3013 5248 qui
3045 5192 3301 5301 aBpucet
3322 5192 3404 5226 co:

2441 5248 2693 5319 pinquct
2722 5247 2794 5302 ad
2826 5264 2940 5317 me,
2970 5248 3051 5304 ait
3130 5246 3365 5302 ominus
3391 5257 3404 5295 :

2297 5319 2368 5374 Et
2393 5318 2733 5375 eritis’mihi
2762 5319 2821 5391 in
2855 5318 3157 5391 populum,

2368 5397 2426 5446 et
2456 5407 2573 5463 ego
2594 5407 2690 5463 ero
2721 5390 2886 5446 vobis
2920 5391 2980 5446 in
3013 5391 3219 5447 Deum.

2297 5439 2440 5517 Ecce
2459 5439 3443 5530 13inbdriﬁhifufoi'eﬁediens,
3462 5439 3690 5524 procella
3704 5439 3848 5490 ruens,

2366 5532 2425 5588 in
2454 5530 3408 5622 capitenifnpiotuu},conﬂuiqscft'
3466 5594 3583 5622 ιη...
3625 5565 3847 5622 sanentu-

2293 5603 2417 5661 Non
2451 5583 2670 5679 avartet
2694 5583 2856 5679 iram
2874 5583 3299 5679 indignationis
3323 5583 3607 5679 Dominus.
3624 5583 3773 5679 (19:11.”

2437 5677 2640 5759 σίαιρι
2661 5660 2974 5761 posset"
2991 5660 3396 5761 saeuum
3425 5660 3603 5761 ςεπαίε

2363 5747 2425 5804 in
2458 5748 2773 5807 novissimo
2804 5747 3398 5818 dierum‘intelligetis
3423 5753 3504 5795 ea.
