4028 6178
235 203 350 257 953

239 327 390 383 Ecce
421 340 528 396 ego
558 323 844 396 Dominus
874 322 1030 396 Deus
1063 323 1346 379 universae
1377 324 1571 380 carnis
1607 341 1618 378 :

325 395 593 467 nunquid
626 395 770 450 mihi
803 395 1040 450 difficile
1071 396 1183 451 erit
1214 413 1384 453 omne
1416 397 1651 452 verbum
1675 397 1703 452 ‘I

321 470 634 540 Propterea
667 467 788 540 haec
820 467 963 540 dicit
993 467 1279 523 Dominus
1313 485 1326 523 :

244 543 394 598 Ecce
416 539 532 614 ego
564 539 786 594 tradam
839 539 1131 595 civitatem
1163 539 1337 596 istam
1389 539 1448 595 in
1482 539 1898 614 manus'ﬁhal-

396 613 684 677 daeorum,

320 689 378 739 et
409 684 468 738 in
502 699 714 737 manus
745 682 1258 753 regisBabylonis,

319 762 378 812 et
407 755 600 826 capiet
631 771 780 826 eam,

244 823 584 882 Et‘venient
599 825 850 880 Chaldaei
869 823 1197 897 praeliantes
1212 825 1493 880 adversus
1508 825 1709 881 urbem
1725 826 1898 891 hanc,

240 901 315 954 Et
348 899 709 955 succendent
736 914 862 953 eam
900 898 1041 968 igni,
1073 903 1128 952 et
1157 899 1505 952 comburent
1535 914 1684 959 eam,

316 978 376 1026 et
394 971 635 1095 1ξοῑιίοε,
670 969 730 1024 in
783 986 1070 1040 aquarum
1105 969 1440 1025 domatibus
1491 969 1902 1024 sacrificabant

440 1059 510 1095 aa
559 1058 572 1095 :

394 1043 530 1097 Baal
559 1058 572 1107 ;

318 1111 782 1168 etlibabantdiis
800 1111 1307 1166 alienislibamina
1327 1112 1397 1166 ad
1425 1111 1897 1167 irritandummc.

241 1187 428 1240 Erant
457 1183 613 1238 enim
645 1183 747 1237 filii
780 1185 982 1249 Israel,
1018 1190 1074 1238 et
1104 1183 1207 1237 filii
1239 1183 1415 1250 Juda,

313 1256 542 1326 jugiter
572 1255 850 1310 facientes
887 1255 1108 1310 malum
1139 1255 1196 1310 in
1248 1255 1431 1310 oculis
1464 1256 1610 1310 meis
1653 1256 1725 1310 ab
1757 1254 1900 1311 ado-

418 1328 676 1382 escentia
705 1344 834 1382 sua.

243 1399 386 1454 Filii
424 1399 624 1462 Israel,

317 1470 424 1542 qui
460 1487 646 1542 usque
678 1486 832 1542 nunc
849 1470 1196 1542 exacerbant
1213 1486 1304 1525 me
1329 1469 1385 1524 in
1419 1486 1592 1542 opere
1616 1485 1898 1524 manuum

393 1541 660 1608 suarum,
693 1541 834 1596 dicit
865 1541 1168 1595 Dominus.

238 1612 397 1676 Quia
439 1613 498 1668 in
549 1615 742 1668 furore
790 1612 935 1667 etin
982 1613 1386 1685 indignatione
1434 1629 1565 1669 mea
1612 1613 1766 1668 facta
1813 1616 1903 1668 est

398 1685 544 1740 mihi
576 1686 781 1740 civitas
813 1685 954 1748 haec,

1428 203 1640 256 LIBER
1675 204 2009 259 JEREMIE
2046 203 2475 259 PROPHETE.

1928 329 1982 394 A

3555 202 3663 256 954

2083 327 2152 382 de
2183 344 2300 398 qua
2329 343 2430 383 vos
2461 327 2676 395 dicitis,
2705 327 2859 398 quod
2892 327 3122 382 deserta
3155 327 3253 388 sit.

2084 414 2150 454 eo
2181 399 2332 468 quod
2365 417 2477 455 non
2513 398 2858 454 remanserit
2889 399 3063 454 homo
3095 403 3152 454 et
3175 399 3540 469 jumentum.

2078 476 2136 525 et
2165 471 2302 525 data
2331 471 2402 524 sit
2439 472 2495 524 in
2532 488 2706 525 manu
2736 471 3164 528 Chaldaeorum.

2009 542 2146 613 Agri
2175 548 2444 597 ementur
2475 544 2742 612 pecunia,
2775 550 2830 596 et
2861 545 3194 597 scribentur
3227 543 3282 595 in
3318 541 3486 595 libro.

2080 611 2137 669 et
2169 611 2540 686 imprimetur
2571 617 2806 686 signum
2839 615 2944 685 (Al.
2981 613 3460 685 signaculum),et
3492 611 3660 667 testis

2152 685 2570 752 adhibebitur;

2081 755 2136 810 in
2173 763 2322 811 terra
2354 758 2678 826 Benjamin,
2715 760 2771 812 et
2801 756 2860 811 in
2915 756 3163 813 circuitu
3212 755 3562 824 Jerusalem,
3600 755 3655 808 in

2009 828 2346 882 civitatibus
2374 831 2549 893 Juda,

2081 906 2138 954 et
2170 902 2225 954 in
2261 897 2594 955 civitatibus
2619 899 2940 969 montanis,

2083 973 2138 1025 in
2172 972 2506 1026 civitatibus
2534 972 2988 1042 campestribus,

2081 1049 2138 1097 et
2166 1043 2223 1096 in
2257 1043 2592 1098 civitatibus
2623 1060 2750 1113 qum
2783 1044 2852 1097 ad
2886 1047 3154 1098 austrum
3185 1045 3325 1096 sunt
3357 1057 3370 1096 :

2010 1115 2154 1180 Quia
2185 1123 2515 1170 convertam
2548 1112 2945 1186 captivitatem
2980 1130 3204 1186 eorum,
3231 1114 3324 1186 ait_
3347 1112 3656 1186 Dominus.

2009 1192 2175 1258 (Cap.
2197 1186 2482 1257 XXXIII).
2516 1187 2579 1241 Et
2608 1184 2828 1242 factum
2874 1193 2962 1242 est
3005 1185 3243 1242 verbum
3295 1184 3526 1239 Domini
3578 1185 3649 1238 ad

2150 1257 2460 1314 Jcremiam
2494 1261 2771 1325 secundo,

2081 1346 2212 1385 cum
2245 1330 2435 1385 adhuc
2466 1330 2704 1386 clausus
2753 1333 2908 1386 esset
2939 1329 2996 1383 in
3050 1327 3202 1384 atrio
3255 1326 3529 1395 carceris,
3563 1325 3653 1380 di-

2150 1418 2334 1456 06032

2011 1473 2139 1528 Hmc
2170 1473 2311 1528 dicit
2334 1473 2619 1528 Dominus

2082 1545 2179 1616 qui
2215 1545 2474 1602 facturus
2507 1551 2616 1611 est,
2645 1549 2701 1600 et
2732 1544 3095 1599 formaturus
3127 1541 3298 1608 illud,
3329 1547 3387 1597 et
3417 1544 3656 1612 paratu-

2154 1633 2273 1677 Ρυε,

1935 1699 1982 1764 Β
2021 1689 2367 1764 MDominus
2399 1704 2607 1744 nomen
2641 1689 2790 1764 ejus.

320 1773 358 1812 a
389 1756 1063 1828 diequaaadificaverunt
1087 1772 1432 1827 eam,usque
1454 1757 1524 1811 ad
1553 1755 1900 1811 diemistam
1935 1755 1978 1764 ”
2013 1759 2212 1816 Clama
2244 1760 2314 1813 ad
2349 1776 2460 1824 me,
2493 1766 2548 1814 et
2579 1755 2886 1815 exaudiam
2919 1763 2975 1813 te
3011 1774 3023 1811 :

319 1845 444 1900 qua
527 1829 822 1884 auferetur

398 1916 547 1955 meo.

233 1969 490 2041 Propter
524 1969 808 2026 malitiam
836 1969 1091 2025 liliorum
1127 1971 1326 2038 Israel,
1361 1975 1418 2027 et
1451 1971 1702 2026 ﬁliorum
1725 1970 1899 2039 Juda,

311 2059 500 2114 quam
536 2044 799 2099 fecerunt
842 2042 913 2097 ad
949 2042 1317 2098 iracundiam
1352 2059 1446 2098 me
1496 2048 1900 2114 provocantes,

313 2114 432 2185 ipsi
465 2120 521 2168 et
551 2130 716 2186 reges
749 2131 973 2181 eorum,

317 2184 901 2258 principes'eorum,
961 2190 1018 2240 et
1075 2186 1432 2252 sacerdotes,
1492 2191 1550 2242 et
1607 2184 1898 2258 prophetis

393 2275 620 2322 eorum,

310 2329 423 2384 viri
456 2329 613 2385 Juda
643 2332 698 2384 et
727 2327 1088 2383 habitatores
1120 2329 1470 2397 Jerusalem,

231 2401 306 2456 Et
344 2404 646 2456 verterunt
675 2401 745 2454 ad
780 2416 874 2455 me
905 2405 1068 2472 terga
1099 2408 1155 2456 et
1187 2418 1299 2456 non
1336 2402 1509 2456 facies
1551 2417 1564 2455 :

314 2489 456 2528 cum
489 2474 759 2528 docerem
791 2489 888 2527 eos
919 2472 1200 2542 diluculo,
1226 2478 1282 2528 et
1313 2473 1629 2537 erudirem,

310 2549 375 2600 et
404 2543 630 2600 nollent
660 2545 882 2613 audire,
918 2549 983 2598 ut
1014 2545 1346 2615 acciperent
1379 2543 1774 2615 disciplinam.

230 2617 308 2671 Et
345 2622 673 2689 posuerunt
702 2615 858 2670 idola
887 2632 996 2670 sua
1024 2615 1083 2671 in
1119 2617 1290 2672 domo
1317 2617 1376 2671 in
1409 2633 1526 2688 qua
1564 2617 1895 2672 invocatum

397 2693 485 2744 est
516 2705 728 2744 nomen
764 2703 982 2756 meum,

313 2763 384 2814 ut
416 2759 743 2816 polluerent
771 2775 922 2814 eam.

229 2833 311 2887 Et
347 2828 784 2958 regificaverunt
799 2828 1025 2886 excelsa
1043 2829 1336 2903 Baal,qua3
1367 2835 1507 2887 sunt
1538 2830 1596 2886 in
1620 2829 1768 2887 valle
1791 2829 1895 2885 filii

441 2920 639 2958 nnom.

441 2920 639 2970 nnom,

317 2979 384 3028 ut
417 2975 717 3030 initiarent
749 2973 900 3029 filios
930 2990 1070 3028 suos
1099 2976 1158 3027 et
1191 2972 1510 3028 ﬁlias'Suas
1541 2973 1769 3029 Moloch
1806 2990 1818 3028 :

226 3045 404 3114 Quod
436 3063 550 3101 non
585 3045 851 3102 mandavi
885 3045 991 3108 eis,
1015 3061 1119 3099 nec
1152 3044 1415 3100 ascendit
1444 3045 1504 3100 in
1537 3062 1635 3102 cor
1666 3062 1886 3115 meum,

385 3123 452 3172 ut
483 3119 738 3174 facerent
765 3116 1262 3172 abominationem
1300 3117 1472 3187 hanc,

307 3194 372 3244 et
401 3189 460 3244 in
496 3195 807 3262 peccatum,
829 3189 1183 3262 deducerent
1213 3189 1448 3262 Judam.

229 3266 303 3316 Et
339 3260 511 3316 nunc'
535 3265 766 3332 propter
800 3261 933 3324 ista,
968 3260 1086 3332 haec
1119 3261 1262 3316 dicit
1291 3261 1571 3316 Dominus
1603 3261 1751 3316 Deus

387 3331 565 3388 Israel
601 3334 670 3388 ad
705 3333 997 3387 civitatem
1033 3331 1203 3386 hanc.

902 1829 1007 1898 (Al.
1069 1828 1352 1900 aufertur)
1427 1829 1498 1884 de
1581 1832 1901 1899 conspectu

385 3405 459 3460 de
491 3421 608 3476 qua
638 3421 740 3460 vos
770 3404 964 3458 dicitis
994 3404 1150 3476 quod
1173 3403 1895 3476 tradeturr(Al.tradatur)

383 3476 444 3531 in
479 3474 690 3531 manus
719 3476 872 3548 regis
905 3474 1216 3547 Babylonis
1245 3476 1301 3529 in
1319 3474 1601 3548 gladio,et
1624 3476 1682 3530 in
1717 3474 1890 3543 fame,

309 3550 370 3601 et
404 3548 461 3602 in
499 3553 657 3603 ueste
692 3565 704 3602 :

309 3565 370 3601 ei.
404 3565 461 3602 in
537 3565 657 3603 este
692 3565 704 3602 :

231 3622 384 3674 Ecce
433 3565 537 3691 egi):
586 3619 945 3701 congregabo
983 3633 1092 3701 _eos
1136 3617 1205 3673 de
1256 3618 1548 3701 universis
1595 3619 1790 3701 terris,
1821 3619 1894 3672 ad

393 3690 543 3762 quas
571 3690 716 3762 ejeci
761 3707 858 3746 eos
889 3691 944 3744 in
980 3690 1172 3745 furore
1200 3707 1370 3762 meo,
1404 3695 1461 3746 et
1513 3690 1571 3746 in
1626 3692 1713 3746 ira
1744 3707 1894 3756 mea,

389 3761 448 3818 et
478 3764 535 3818 in
567 3761 970 3834 indignatione
1000 3761 1232 3832 grandi.

318 3836 377 3888 et
409 3835 684 3890 reducam
704 3833 815 3890 ’eos
847 3835 917 3889 ad
951 3833 1142 3888 locum
1175 3834 1378 3897 istum,

396 3910 449 3960 et
482 3906 746 3962 habitare
775 3923 871 3962 eos
902 3905 1111 3961 faciam
1150 3907 1527 3962 confidenter.

239 3977 314 4032 Et
340 3983 516 4032 erunt
546 3977 690 4033 mihi
723 3979 781 4032 in
815 3976 1121 4050 populum,

320 4054 380 4122 et
409 4065 515 4122 ego
547 4065 644 4107 ero
673 4049 758 4104 eis
782 4049 837 4104 in
875 4054 1076 4104 Deum.

241 4119 318 4174 Et
352 4119 502 4176 dabo
533 4122 616 4176 eis
647 4137 747 4177 cor
778 4138 984 4188 unum,
1017 4125 1074 4176 et
1104 4120 1258 4175 viam
1291 4137 1493 4188 unam,

322 4196 389 4247 ut
419 4193 662 4248 timeant
693 4210 784 4248 me
816 4193 1108 4248 universis
1141 4192 1347 4247 diebus
1382 4208 1395 4245 :

319 4268 378 4320 et
412 4264 558 4320 bene
587 4266 665 4320 sit
694 4265 778 4320 eis
810 4269 867 4319 et
898 4264 1036 4320 filiis
1066 4281 1266 4319 eorum
1302 4268 1431 4335 post
1462 4278 1582 4330 eos,

241 4339 312 4390 Et
344 4337 554 4392 feriam
582 4338 666 4392 eis
698 4341 931 4408 pactum
964 4337 1412 4407 sempiternum,

315 4413 376 4463 et
411 4425 525 4464 non
555 4409 820 4464 desinam
853 4408 937 4464 eis
968 4408 1302 4463 benefacere
1335 4424 1348 4462 :

242 4479 312 4533 Et
344 4480 620 4536 timorem
655 4497 852 4535 meum
883 4481 1032 4535 dabo
1065 4480 1124 4534 in
1157 4479 1330 4535 corde
1359 4495 1561 4534 eorum

316 4556 386 4607 ut
417 4568 529 4606 non
562 4554 836 4608 recedant
865 4568 897 4606 a
931 4568 1038 4607 me.

241 4623 590 4696 Etwlaztabor
617 4641 795 4696 super
823 4640 942 4690 eos,
977 4639 1109 4679 cum
1137 4623 1290 4696 bene
1319 4621 1402 4676 eis
1436 4622 1642 4696 fecero,

310 4695 384 4750 Et
424 4694 709 4766 plantabo'
727 4712 826 4751 eos
858 4696 914 4750 in
949 4701 1096 4751 terra
1135 4695 1248 4750 ista
1278 4694 1337 4766 in
1365 4694 1626 4759 veritate,

321 4767 380 4821 in
417 4765 536 4822 toto
560 4768 731 4823 corde
767 4783 891 4822 meo
921 4772 978 4822 et
1007 4767 1064 4822 in
1097 4772 1221 4822 tota
1249 4765 1444 4822 anima
1476 4782 1624 4820 mea.

243 4837 394 4901 Quia
426 4838 549 4894 haec
578 4839 721 4894 dicit
754 4837 1034 4894 Dominus
1068 4856 1081 4893 :

244 4907 654 5037 Sicuthadduxi
691 4927 880 5037 Super
909 4911 1192 4982 populum
1243 4907 1425 4964 istum
1466 4923 1638 4963 omne
1669 4905 1891 4962 malum

442 4999 508 5037 oc
541 5000 682 5037 gran
731 4999 758 5037 θ
794 5000 806 5036 :

442 4999 508 5038 oc
541 4984 758 5039 grande
794 5000 806 5036 :

399 5000 508 5038 noc
581 5000 723 5038 rana
794 5000 806 5036 :

319 5053 406 5126 sic
436 5000 758 5110 addgucame
774 5069 952 5126 super
980 5069 1078 5110 eos
1123 5068 1295 5108 omne
1332 5052 1572 5121 bonum,
1602 5051 1756 5122 quod
1788 5064 1895 5122 ego

390 5125 598 5197 loquar
627 5128 697 5182 ad
730 5143 848 5182 eos.

245 5196 316 5252 Et
346 5195 807 5270 possidebuntur
833 5196 956 5269 agri
990 5196 1047 5252 in
1080 5200 1236 5252 terra
1264 5195 1398 5263 ista,

326 5347 339 5379 ¹
375 5345 574 5414 Ipsum
631 5345 868 5414 praestat
914 5342 1116 5397 audire
1144 5343 1204 5397 S.
1241 5342 1631 5414 Interpretemr
1667 5341 1737 5396 de
1785 5341 1893 5397 hac

254 5413 643 5471 disserentem
673 5414 920 5471 lectione
947 5415 1007 5478 in
1059 5413 1430 5470 Commentf:
1465 5436 1493 5462 ‹‹
1529 5413 1758 5482 Melius,
1793 5414 1894 5484 ait,

252 5488 462 5558 Aquila
481 5488 582 5558 qui
608 5504 709 5558 pro
733 5503 798 5542 eo
822 5486 976 5558 quod
998 5487 1284 5557 scriptum
1309 5489 1663 5551 est,vemcnt,
1697 5493 1892 5542 trans-

252 5505 296 5543 Δ
343 5505 462 5543 uua
481 5505 582 5558 qm
608 5505 709 5558 pro
733 5505 798 5542 eo
822 5505 976 5558 quoa
998 5505 1284 5557 scriptum
1309 5505 1663 5551 eet,vemcnr,
1697 5505 1892 5542 trans-

252 5505 384 5614 tu(lit
431 5556 852 5622 εἰσελεύσονται,
886 5558 994 5613 hoc
1025 5563 1134 5622 est,
1167 5558 1548 5630 ingredientur
1589 5561 1892 5613 civitatem.

253 5630 447 5702 Neque
465 5631 619 5687 enim
644 5631 915 5702 absentes
936 5635 1104 5702 erant
1129 5634 1192 5685 ut
1229 5631 1515 5694 venirent,
1549 5631 1763 5700 quippe
1794 5631 1894 5702 qui

259 5701 759 5760 circumdederant
805 5701 1180 5758 Jerusalem:
1233 5703 1376 5758 Tunc
1423 5704 1573 5758 enim
1624 5701 1897 5758 exercitus

256 5779 398 5847 regis
453 5775 752 5850 Babyloni:
797 5772 1076 5831 obsidebat
1128 5773 1457 5832 Jerusalem.
1500 5777 1579 5831 Ac
1635 5773 1893 5830 deinde:

2083 1837 2137 1886 et
2170 1832 2532 1903 annuntiabo
2562 1832 2667 1886 tibi
2701 1830 2967 1903 grandia,
2995 1834 3053 1885 et
3084 1830 3252 1903 firma
3279 1844 3413 1903 qum
3443 1826 3657 1903 nescis.

2011 1905 2154 1969 Quia
2186 1902 2306 1957 haec
2336 1903 2478 1957 dicit
2500 1899 2784 1958 Domin'us
2805 1903 2956 1957 Deus
2987 1901 3158 1956 Israel
3182 1902 3238 1955 in
3262 1901 3468 1955 domos
3495 1899 3657 1954 urbis

2152 1973 2354 2044 hujus,
2390 1980 2445 2029 et
2476 1975 2542 2029 ad
2581 1977 2788 2030 domos
2825 1973 2972 2042 regis
3002 1974 3176 2043 Juda,
3203 1989 3326 2044 quae
3345 1973 3655 2027 destructa:

2153 2054 2315 2111 sunt,

2007 2120 2063 2172 et
2094 2117 2162 2172 ad
2199 2116 2646 2178 munitiones,et
2677 2117 2746 2171 ad
2779 2115 3042 2186 gladium
3073 2113 3535 2181 venientium,ut
3567 2113 3661 2168 di-

2153 2188 2371 2244 micent
2401 2204 2532 2242 cum
2565 2187 2871 2251 Chaldaeis,

2079 2266 2136 2315 et
2167 2261 2449 2330 impleant
2479 2277 2579 2314 eas
2611 2259 2991 2314 cadaveribus
3016 2257 3350 2330 hominum,

2080 2349 2227 2403 quos
2243 2327 2502 2404 percussi
2525 2332 2580 2385 in
2599 2331 2791 2386 furore
2806 2347 2933 2386 meo
2948 2336 3002 2386 et
3018 2327 3490 2404 inindignatione
3505 2343 3657 2395 mea,

2079 2401 2450 2460 abscondens
2482 2403 2685 2458 faciem
2726 2419 2938 2467 meam,
2975 2419 3008 2457 a
3038 2401 3268 2457 civitate
3299 2401 3442 2466 hac;

2079 2481 2317 2547 propter
2346 2490 2582 2530 omnem
2615 2473 2901 2530 malitiam
2935 2489 3136 2547 eorum
3172 2489 3186 2526 :

2008 2541 2147 2602 Ecce
2177 2541 2283 2619 ego
2313 2548 2604 2602 obducam
2655 2547 2740 2602 eis
2787 2546 3117 2601 cicatricem
3151 2548 3209 2599 et
3238 2541 3572 2610 sanitatem,
3605 2543 3662 2595 et

2148 2619 2364 2674 curabo
2395 2635 2494 2674 eos
2529 2635 2541 2673 :

2077 2694 2134 2746 et
2166 2689 2431 2744 revelabo
2451 2689 2570 2744 illis
2589 2688 3053 2767 deprecationem
3089 2687 3250 2767 pacis
3281 2689 3338 2740 et
3369 2683 3655 2767 veritatis.

2007 2762 2076 2816 Et
2105 2767 2435 2817 convertam
2469 2762 2905 2817 conversionem
2934 2760 3110 2825 Juda,
3130 2763 3189 2812 et
3214 2760 3655 2813 conversionem

2146 2831 2474 2888 Jerusalem
2510 2850 2523 2888 :

2076 2908 2132 2959 et
2162 2905 2461 2960 aedifiCabo
2487 2921 2585 2959 eos
2618 2903 2770 2959 sicut
2801 2920 2834 2957 a
2866 2899 3174 2972 principio,

2004 2976 2073 3030 Et
2105 2977 2436 3032 emundabo
2471 2975 2598 3030 illos
2631 2975 2703 3030 ab
2735 2969 2895 3030 omni
2928 2969 3239 3044 iniquitate
3271 2986 3398 3036 sua,
3423 2969 3479 3024 in
3512 2983 3656 3038 quas

2154 3052 2540 3120 peccaverunt
2573 3047 2715 3101 mihi
2752 3063 2765 3101 :

2083 3112 2458 3192 et'propitius
2488 3136 2584 3192 ero
2617 3117 2848 3173 cunctis
2878 3112 3288 3192 iniquitatibus
3320 3127 3547 3192 eorum,

2078 3192 2136 3246 in
2170 3188 2391 3266 quibus
2414 3191 2792 3266 deliquerunt
2820 3188 2988 3266 mihi,
3019 3192 3074 3242 et
3105 3191 3445 3266 spreverunt
3471 3199 3582 3266 me.

2008 3263 2074 3317 Et
2105 3255 2218 3318 erit
2250 3263 2394 3316 mihi
2423 3262 2479 3316 in
2513 3255 2622 3331 (Ill.
2650 3267 2786 3317 tacet
2817 3261 2898 3334 in)
2930 3261 3230 3334 nomen,et
3261 3256 3317 3309 in
3352 3255 3656 3334 gaudium,

2079 3340 2135 3390 et
2168 3335 2223 3388 in
2259 3327 2519 3400 laudem,
2550 3340 2606 3389 et
2636 3337 2694 3388 in
2729 3331 3180 3388 exsultationem
3213 3327 3443 3383 cunctis
3475 3327 3660 3396 genti-

2151 3406 2262 3461 bus
2293 3411 2478 3472 terrae,

2079 3494 2206 3550 quae
2238 3477 2535 3533 audierint
2566 3475 2764 3532 omnia
2795 3475 2948 3530 bona
2966 3489 3088 3544 qua;
3109 3488 3215 3543 ego
3240 3472 3502 3526 facturus
3524 3483 3655 3524 sum

2149 3565 2280 3605 (H82

2006 3622 2071 3676 Et
2107 3622 2420 3692 pavebunt,
2464 3624 2520 3674 et
2567 3617 2967 3674 turbabuntur
2993 3615 3091 3692 Ain
3125 3613 3416 3692 universis
3465 3611 3652 3678 bonis,

2079 3686 2134 3747 et
2165 3693 2220 3747 in
2257 3691 2414 3746 omni
2447 3707 2606 3762 pace,
2633 3707 2810 3761 quam
2845 3705 2950 3760 ego
2987 3687 3192 3742 faciam
3227 3686 3330 3741 eis.

2005 3767 2138 3818 Haec
2168 3764 2309 3819 dicit
2336 3763 2620 3817 Dominus
2654 3778 2668 3817 :

2003 3835 2208 3890 Adhuc
2239 3835 2514 3889 audietur
2546 3835 2604 3888 in
2635 3831 2762 3886 loco
2794 3830 2928 3897 isto,
2963 3845 3135 3900 quem
3172 3845 3268 3883 vos
3301 3825 3496 3882 dicitis
3529 3838 3657 3880 esse

2147 3907 2470 3972 desertum,

2077 3994 2144 4050 eo
2176 3978 2332 4050 quod
2362 3993 2477 4050 non
2506 3975 2584 4050 sit
2613 3973 2948 4050 homo,_ne_c
2971 3972 3339 4050 jpmentpm,

2077 4048 2134 4103 in
2164 4041 2520 4114 civitatibus,
2553 4047 2704 4102 Juda
2735 4051 2790 4100 et
2824 4045 2964 4099 foris
2994 4041 3340 4108 Jerusalem,

2079 4139 2204 4194 quze
2236 4108 2517 4176 desolatas
2541 4124 2681 4194 sunt
2712 4118 2935 4187 absque
2957 4115 3278 4182 homine,et
3299 4111 3519 4181 absque
3550 4108 3653 4164 ha-

2150 4193 2416 4260 bitatore,
2448 4196 2504 4246 et
2534 4191 2755 4260 absque
2788 4204 3011 4260 pecore,

2079 4282 2184 4319 vox
2214 4264 2412 4336 gaudii
2444 4268 2500 4318 et
2530 4279 2636 4317 vox
2666 4260 2898 4327 laetitiae,

2078 4354 2186 4392 vox
2217 4336 2416 4408 sponsi
2450 4341 2508 4390 et
2537 4351 2644 4390 vox
2673 4349 2921 4406 sponsae,

1929 4429 1971 4493 Β
2007 4481 2042 4493 Α
2076 4425 2184 4493 νοὲ
2216 4408 2539 4493 dicentium
2574 4423 2587 4488 ς

2003 4480 2375 4538 Confitemini
2428 4478 2676 4535 Domino
2724 4473 3105 4540 exercituum,
3137 4467 3418 4540 quoniam
3459 4466 3652 4522 bonus

2144 4558 2519 4695 ἓὲἓὲιιὶἒῑῐξοίη
2553 4623 2833 4695 mternum
2867 4613 3270 4695 miserieordia
3298 4612 3428 4695 ejus
3463 4627 3476 4665 :

2075 4699 2132 4751 et
2158 4685 2518 4767 portantium
2551 4696 2683 4746 vota
2714 4691 3044 4767 indomum
3079 4685 3312 4741 Domini
3348 4700 3360 4738 :

2005 4761 2301 4824 Redu'cam
2333 4766 2490 4822 enim
2524 4761 2963 4818 conversionem
2995 4763 3160 4813 terra;

2077 4839 2229 4894 sicut
2257 4855 2291 4892 a
2323 4834 2632 4909 principio,
2667 4831 3142 4909 dicit_Dominus.

2007 4912 2132 4966 llaec
2161 4909 2301 4965 dicit
2324 4904 2611 4964 "Dominus
2642 4904 3027 4962 exercituum.
3073 4973 3085 4977 _
3305 4970 3317 4977 _
3449 4967 3459 4977 ,

2003 4981 2208 5037 Adhuc
2238 4981 2348 5037 erit
2377 4980 2434 5035 in
2466 4979 2591 5035 loco
2620 4977 2731 5034 isto
2763 4978 2994 5032 deserto
3036 4973 3262 5044 absque
3305 4968 3562 5034 homine,
3596 4968 3654 5021 et

2149 5054 2373 5122 absque
2395 5053 2687 5122 jumento,

2076 5130 2134 5198 et
2160 5126 2223 5198 in
2256 5119 2486 5198 cunctis
2516 5119 2852 5177 civitatibus
2882 5119 3032 5198 ejus,
3117 5186 3154 5198 ﬂ

2077 5196 2481 5254 habitaculum
2514 5199 2814 5266 pastorum
2849 5191 3262 5246 accubantium
3294 5197 3559 5256 gregum.

2010 5346 2139 5397 Ecce
2168 5338 2501 5396 munitiones
2549 5339 2848 5393 exstructa:
2874 5336 3001 5389 sunt
3029 5331 3314 5386 adversum
3353 5325 3651 5392 civitatem,

2006 5423 2066 5469 ut
2096 5412 2378 5483 capiatur,
2410 5419 2459 5466 et
2490 5410 2619 5465 urbs
2647 5408 2772 5483 data
2804 5411 2884 5461 est
2907 5409 2977 5483 _in
3027 5418 3220 5483 manus
3253 5399 3652 5483 Chalqurgm:

2007 5468 2306 5549 Quomodo
2337 5468 2518 5554 igitur
2544 5481 2795 5554 venient,
2822 5478 2921 5554 qui
2956 5479 3271 5554 prmeentes
3302 5475 3467 5553 erant
3487 5468 3653 5554 {Sed

2007 5542 2065 5612 bi
2099 5556 2200 5639 qui
2222 5542 2583 5639 ‘obsidebant
2615 5542 2868 5639 urbem,
2892 5542 3655 5639 ingredienterL-in-qu-itLet

2005 5615 2241 5700 capient
2287 5642 2439 5692 eam,
2491 5630 2548 5700 et
2590 5615 3066 5700 succendentfet
3097 5620 3183 5700 .ad
3230 5615 3418 5700 solum
3466 5627 3653 5700 usque

2007 5685 2353 5756 coinburent
2383 5717 2396 5755 :
2426 5685 2672 5754 verbum
2701 5695 2860 5751 enim
2898 5685 3249 5749 Hebraicum
3293 5699 3411 5749 an:
3459 5685 3651 5743 ambi-

2004 5771 2224 5845 guitate
2252 5769 2364 5840 sui,
2395 5773 2452 5827 et
2481 5770 2720 5840 venient,
2752 5769 2808 5824 et
2836 5764 3220 5840 ingredientur
3248 5763 3440 5820 sonat.
