4028 6178
277 261 380 315 961

350 388 573 442 Euntes
603 381 872 451 abibunt,
907 385 962 439 et
993 385 1267 441 recedent
1297 402 1330 440 a
1361 385 1530 443 nobis
1559 385 1809 441 Chaldaei
1837 403 1849 454 ;

354 457 494 528 quia
520 472 633 512 non
663 455 907 510 abibunt
943 471 956 508 :

276 527 391 586 Sed
428 533 485 584 et
516 528 562 583 si
598 527 1007 598 percusseritis
1031 544 1264 582 omnem
1298 530 1616 584 exercitum
1635 528 1924 584 Chaldaeo-

431 616 584 664 rum,
619 599 719 668 qui
752 598 1094 670 przeliantar
1116 601 1425 654 adversum
1450 618 1574 667 vos,

354 677 410 726 et
463 671 647 726 relicti
685 671 920 738 fuerint,
953 687 1019 725 ex
1053 671 1135 726 eis
1167 671 1348 743 aliqui
1379 673 1664 728 vulnerati
1705 689 1716 728 :

277 743 509 814 Singuli
545 743 615 795 de
647 744 897 796 tentorio
930 759 1036 796 suo
1069 749 1443 814 consurgent,

355 822 411 870 et
443 814 756 869 incendent
787 814 1082 868 civitatem
1118 816 1268 870 hanc
1304 817 1443 884 igni.

280 890 434 959 Ergo
467 902 598 959 eum
635 892 982 940 recusetsset
1013 888 1299 942 exercitus
1321 887 1727 941 Chaldaeorum
1755 885 1828 940 ab
1847 887 1934 940 Je-

433 955 687 1011 rusalem
723 962 955 1027 prepter
987 959 1304 1013 exercitum
1341 959 1679 1025 Pharaonis,

357 1044 628 1102 egressus
679 1035 766 1102 est
812 1027 1102 1102 Jeremias
1144 1031 1213 1084 de
1254 1030 1607 1096 Jerusalem,
1643 1034 1706 1084 ut
1735 1027 1845 1082 iret
1876 1029 1935 1083 in

431 1107 646 1154 terram
681 1099 1010 1169 Benjamin,

347 1171 743 1228 etdividerent
761 1172 837 1224 ibi
859 1170 1289 1242 possessionem
1307 1173 1363 1227 in
1382 1177 1696 1243 conspectu
1713 1170 1934 1226 civium.

279 1251 549 1315 Cumque
574 1243 936 1312 pervenisset
970 1243 1039 1296 ad
1073 1243 1304 1298 Portam
1339 1245 1396 1299 in
1431 1244 1756 1314 Benjamin.

357 1313 491 1372 erat
521 1315 602 1367 ibi
633 1321 832 1386 custos
867 1321 1044 1385 porta
1097 1332 1197 1386 per
1253 1317 1427 1386 vices,
1461 1313 1697 1372 nomine
1727 1313 1934 1379 Jerias,

435 1386 593 1440 filius
625 1385 885 1440 Selemiae
920 1386 1018 1440 ﬁlii
1051 1388 1308 1457 Ananiae,

357 1457 858 1532 etglapprehendit
903 1458 1212 1532 Jeremiam
1264 1459 1628 1532 prephetam,
1687 1457 1932 1512 dicens:

277 1532 372 1584 Ad
405 1529 813 1583 Chaldaeorum
852 1530 1134 1600 profugis,

281 1604 358 1656 Et
393 1599 698 1671 respondit
727 1600 1012 1656 Jeremias
1045 1618 1058 1655 :

281 1673 526 1728 Falsum
561 1676 670 1738 est,

363 1761 482 1798 non
517 1744 677 1813 fugio
705 1742 772 1796 ad
807 1741 1127 1798 Chaldaeos.

283 1819 360 1872 Et
394 1833 506 1870 non
540 1815 761 1868 audivit
790 1830 922 1867 eum
961 1831 972 1868 :

364 1887 466 1942 sed
499 1886 942 1956 comprehcndit
969 1885 1156 1940 Jerias
1183 1885 1527 1941 Jeremiam.

366 1965 423 2013 et
453 1958 694 2012 adduxit
724 1975 859 2011 eum
893 1957 964 2011 ad
999 1957 1311 2028 principes.

283 2033 479 2096 Quam
513 2030 586 2084 ob
619 2045 740 2083 rem
776 2029 904 2083 irati
932 2031 1216 2100 principes
1255 2033 1460 2084 contra
1491 2028 1826 2092 Jeremiam,

367 2118 584 2156 caesum
618 2116 746 2154 eum
784 2101 1071 2156 miserunt
1113 2100 1171 2154 in
1217 2117 1532 2172 carcerem,
1567 2101 1664 2172 qui
1707 2106 1830 2154 erat
1878 2100 1934 2152 in

441 2174 614 2227 domo
645 2172 941 2226 Jonathan
980 2173 1183 2227 scribae
1220 2190 1231 2228 :

370 2244 494 2316 ipse
526 2244 682 2298 enim
714 2245 1062 2314 praepositus
1094 2249 1215 2299 erat
1244 2261 1422 2316 super
1452 2259 1792 2316 carcerem:

284 2313 501 2388 Itaque
533 2313 948 2388 ingressus’est
978 2317 1256 2371 Jeremias
1296 2313 1356 2371 in
1388 2317 1624 2370 domum
1657 2315 1763 2369 laci
1796 2318 1851 2368 et
1881 2313 1939 2367 in

437 2387 801 2458 ergastulum
841 2403 853 2441 :

362 2457 527 2514 sedit
553 2459 628 2512 ibi
656 2457 944 2513 Jeremias
975 2459 1180 2513 diebus
1217 2459 1429 2512 multis.

285 2533 529 2586 Mittens
558 2535 754 2585 autem
791 2546 889 2584 rex
919 2531 1186 2584 Sedecias
1217 2530 1350 2584 tulit
1376 2546 1504 2584 eum
1543 2547 1555 2584 :

365 2609 428 2657 et
461 2601 840 2672 interrogavit
865 2617 997 2656 eum
1028 2618 1085 2656 1n
1119 2603 1310 2666 domo,
1337 2619 1444 2656 sua
1493 2599 1854 2664 abscondite,
1888 2603 1945 2654 et

446 2673 593 2727 dixit
627 2689 638 2724 :

294 2744 556 2798 Putasne
597 2748 685 2797 est
711 2759 904 2797 sermo
938 2760 970 2798 a
1003 2743 1294 2800 Domino?

295 2817 367 2870 Et
403 2816 550 2869 dixit
577 2813 863 2869 Jeremias
888 2832 898 2867 :
921 2815 1054 2882 Est;

450 2893 506 2941 et
537 2888 618 2941 ait
652 2903 666 2940 :

298 2959 365 3013 In
410 2975 590 3012 manu
625 2956 777 3027 regis
810 2956 1118 3028 Babylonis
1145 2957 1414 3012 traderis.

298 3033 372 3085 Et
409 3028 860 3083 dixitJeremias
891 3032 961 3082 ad
997 3045 1186 3099 regem
1218 3029 1517 3084 Sedeciam
1553 3043 1566 3082 :

1464 264 1679 317 LIBER
1713 263 2047 317 JEREMIE
2089 261 2509 318 PROPHETB.

1954 389 2006 455 Α

3578 268 3686 323 962

2112 383 2371 458 loquens
2396 386 2466 440 ad
2499 401 2596 442 eos
2619 387 2792 458 juxta
2821 388 2996 444 verba
3028 389 3150 445 haec
3185 407 3198 444 :

2039 456 2338 582 Siquidsm
2363 456 2661 583 hpmoist'e
2685 476 2797 515 non
2832 461 3040 532 quaerit
3063 479 3264 534 pacem
3287 463 3501 536 populo
3521 464 3686 535 huic,

2181 544 2243 583 se
2318 545 2412 583 ma
2441 547 2561 583 um.

2181 544 2280 584 seu
2318 544 2473 583 malu
2485 547 2534 584 m
2546 565 2561 583 δ

2041 599 2100 653 Et
2137 599 2281 654 dixit
2313 617 2411 656 rex
2439 601 2714 657 Sedecias
2749 621 2762 658 :

2042 672 2183 725 Ecce
2216 674 2338 743 ipse
2371 673 2429 726 in
2465 675 2738 729 manibus
2771 674 2980 729 vestris
3012 679 3101 730 est
3135 691 3148 730 :

2114 758 2217 823 nec
2248 743 2399 823 enim
2436 745 2642 823 fas_est
2674 761 2866 823 regem
2899 749 3062 802 vobis
3095 748 3419 820 quidquam
3453 767 3687 823 negare,

2042 815 2331 868 Tnlerunt
2365 831 2501 886 ergo
2524 815 2862 871 Jeremiam.

2112 891 2168 940 et
2182 887 2552 965 projecerunt
2569 904 2703 965 eum
2719 890 2776 965 in
2796 888 2986 943 lacum
3006 889 3191 965 Melch
3205 891 3265 946 izc
3281 891 3685 965 ﬁliiAmelecb,

2113 959 2212 1028 qui
2242 962 2366 1012 erat
2398 959 2456 1012 in
2490 958 2781 1013 vestibulo
2815 962 3068 1015 carceris
3100 980 3118 1015 .·

2041 1031 2109 1081 Et
2135 1029 2545 1085 submiserunt
2571 1031 2885 1086 Jeremiam
2919 1032 2978 1086 in
3011 1032 3291 1089 funibus:

2114 1108 2172 1155 et
2201 1101 2257 1154 in
2291 1101 2416 1174 lacu
2455 1118 2567 1156 non
2602 1107 2725 1156 erat
2754 1107 2959 1174 aquai,
2995 1105 3092 1158 sed
3128 1104 3316 1160 lutum
3353 1122 3365 1160 :

2044 1174 2353 1228 Descendit
2383 1173 2580 1245 itaque
2608 1173 2926 1229 Jeremiam
2959 1175 3017 1230 in
3050 1193 3306 1232 caenum.
3349 1217 3352 1220 .

2043 1245 2282 1320 Audivit
2309 1249 2504 1320 autem
2533 1246 2946 1320 Abdemelech,
2975 1247 3239 1320 [Ethiops
3269 1249 3357 1304 vir
3382 1249 3691 1306 eunuchus

2185 1318 2284 1387 qui
2319 1323 2445 1371 erat
2473 1317 2532 1370 in
2565 1320 2737 1372 domo
2770 1319 2946 1389 regis,

2115 1389 2269 1459 quod
2306 1389 2609 1443 misissent
2635 1390 2948 1444 Jeremiam
2982 1391 3038 1444 in
3073 1389 3264 1446 laeum
3300 1407 3312 1445 :

2114 1476 2286 1532 porro
2313 1475 2409 1513 rex
2441 1461 2682 1515 sedebat
2713 1460 2770 1514 in
2805 1467 2969 1532 porta
3000 1463 3328 1531 Benjamin.

2041 1533 2109 1588 Et
2139 1547 2416 1606 egressus
2447 1536 2537 1585 est
2565 1533 2954 1606 Abdemelech
2980 1535 3059 1606 ide
3091 1535 3264 1589 domo
3297 1535 3472 1606 regis,

2113 1609 2169 1658 et
2199 1604 2433 1656 locutus
2463 1607 2551 1657 est
2580 1604 2651 1658 ad
2685 1621 2902 1675 regem,
2935 1605 3136 1660 dicens
3173 1623 3186 1660 :

2042 1675 2285 1730 Domine
2319 1675 2395 1728 mi
2424 1691 2542 1738 rex,

1967 1754 2012 1819 Β
2115 1746 2532 1800 malefecerunt
2560 1745 2816 1820 viri_isti
2850 1747 3050 1820 omnia
3097 1764 3461 1819 quaecunque
3494 1766 3692 1820 perpe-

2187 1823 2419 1891 trarunt
2449 1821 2650 1891 contra
2679 1818 2983 1891 Jeremiam
3019 1818 3389 1891 prophetam,

2120 1890 2422 1944 mittentes
2456 1905 2588 1943 eum
2624 1889 2682 1942 in
2716 1889 2930 1957 lacum,

2117 1970 2180 2014 ut
2211 1960 2495 2015 moriatur
2526 1959 2604 2013 ibi
2640 1960 2816 2025 fame,

2119 2050 2230 2087 non
2266 2038 2404 2086 sunt
2435 2033 2589 2086 enim
2625 2048 2804 2102 panes
2838 2033 2990 2086 ultra
3021 2032 3075 2085 in
3111 2032 3359 2088 civitate.

2049 2105 2323 2177 Prrecepit
2351 2103 2548 2177 itaque
2581 2120 2675 2157 rex
2696 2103 3091 2177 AAbdemelech
3124 2106 3404 2177 Ethiopi,
3439 2105 3641 2161 dicens
3676 2123 3688 2160 :

2049 2176 2210 2230 Tolle
2244 2181 2434 2228 tecum
2467 2175 2604 2229 hinc
2635 2175 2876 2245 triginta
2906 2176 3080 2242 viros,

2119 2251 2174 2301 et
2203 2245 2330 2299 leva
2349 2246 2665 2300 Jeremiam
2694 2244 3043 2317 prophetam
3076 2247 3146 2300 de
3179 2244 3305 2300 lacu
3343 2251 3657 2318 antequam

2195 2318 2494 2371 moriatur.

2049 2392 2382 2458 Assumptis
2413 2405 2550 2460 ergo
2583 2386 2973 2443 Abdemelech
3009 2404 3208 2442 secum
3242 2388 3406 2454 viris,

2122 2462 2427 2530 ingressus
2449 2459 2537 2514 est
2555 2461 2793 2514 domum
2822 2460 2976 2531 regis
2995 2476 3123 2531 quae
3145 2467 3269 2514 erat
3300 2460 3409 2515 sub
3428 2459 3699 2516 cellario:

2125 2538 2180 2587 et
2212 2531 2347 2586 tulit
2384 2531 2522 2585 inde
2571 2535 2794 2585 veteres
2854 2548 3105 2602 pannos,
3162 2537 3216 2587 et
3265 2533 3505 2603 antiqua
3565 2549 3694 2604 qua:

2196 2607 2703 2673 computruerant,

2123 2680 2179 2728 et
2209 2675 2486 2799 sulbmisit
2525 2691 2593 2728 ca
2625 2674 2694 2727 ad
2729 2672 3041 2728 Jeremiam
3072 2674 3128 2728 in
3186 2673 3378 2729 lacum
3414 2691 3515 2746 per
3549 2675 3702 2730 funi-

2200 2762 2268 2799 cu
2299 2762 2386 2799 os.

2200 2762 2386 2801 CUIOS.

2057 2817 2329 2888 Dixitque
2366 2813 2755 2870 Abdemelech
2786 2813 3052 2885 [Ethiops
3084 2817 3154 2871 ad
3185 2816 3511 2873 Jeremiam
3546 2833 3559 2871 ε

2061 2890 2212 2944 Pone
2242 2894 2470 2943 veteres
2503 2903 2748 2956 pannos,

2131 2967 2185 3014 et
2219 2961 2336 3014 haec
2369 2961 2556 3013 scissa
2612 2963 2668 3012 et
2725 2957 2980 3027 putrida,
3033 2958 3140 3012 sub
3190 2958 3382 3013 cubito
3415 2974 3701 3014 manuum

2205 3037 2466 3095 tuarum,
2499 3035 2557 3084 et
2588 3028 2827 3082 subter2
2858 3029 3042 3083 funes.

296 3101 455 3167 Quid
494 3099 720 3184 peccavi
755 3099 880 3180 tibi,
907 3105 964 3184 e‘t
993 3097 1172 3154 servis
1204 3101 1416 3182 tuis,e.t
1440 3099 1650 3184 pnopulo
1673 3103 1792 3161 tuo,
1815 3097 1953 3170 quia
1986 3119 2027 3184 ρ
2070 3102 2224 3184 Εβοὶι
2246 3119 2390 3184 ergo
2421 3101 2704 3184 Jeremias
2736 3100 2840 3181 sic.

457 3172 672 3226 misisti
705 3187 796 3225 me
828 3171 886 3225 in
917 3173 1156 3226 domum
1182 3172 1433 3226 carceris
1456 3171 1482 3224 ?

295 3243 425 3300 Ubi
456 3247 598 3368 situst
625 3241 919 3368 prgophtetaa
949 3245 1150 3311 vestri,
1183 3244 1285 3314 qui
1319 3242 1750 3315 prophetabant
1774 3240 1953 3312 vobis,

457 3331 485 3368 e
585 3330 669 3367 tce
717 3330 788 3368 an
849 3331 862 3367 ε

457 3320 515 3368 et
546 3313 815 3368 dicebant
849 3331 862 3367 ε

295 3387 439 3442 Non
473 3386 662 3510 venit:
695 3401 813 3510 rex?
835 3384 1147 3457 Babylonis
1179 3401 1354 3457 super
1393 3401 1514 3453 vos,
1549 3388 1604 3438 et
1635 3401 1811 3456 super
1841 3389 1953 3440 ter-

457 3474 579 3510 ram
659 3473 765 3510 anc

457 3474 579 3511 ram
615 3473 765 3511 nanc

301 3530 480 3587 Nune
511 3543 648 3599 ergo
683 3529 818 3583 audi
851 3528 1114 3594 obsecro,
1145 3528 1380 3582 domine
1412 3527 1488 3581 mi
1525 3543 1642 3594 rex,

301 3599 514 3656 Valeat
545 3601 875 3670 deprecatio
910 3599 1117 3654 meain
1150 3604 1464 3670 conspectu
1498 3604 1597 3653 tuo
1630 3614 1644 3652 :

383 3677 444 3728 et
474 3688 545 3726 ne
600 3669 692 3727 me
745 3671 1008 3726 remittas
1049 3671 1107 3725 in
1137 3669 1377 3725 domum
1409 3670 1696 3726 Jonathan
1729 3669 1956 3738 scribe,

462 3759 535 3796 ne
568 3743 784 3798 moriar
810 3743 916 3808 ibi,

309 3814 565 3884 Praaepit
594 3831 730 3885 ergo
761 3831 858 3869 rex
887 3812 1177 3882 Sedecias,
1224 3817 1288 3867 ut
1317 3813 1645 3867 traderetur
1675 3811 1960 3867 Jeremias

463 3886 523 3940 in
556 3886 846 3940 vestibulo
879 3885 1128 3939 carceris
1162 3901 1176 3940 :

385 3960 442 4012 et
474 3957 714 4011 daretur
742 3956 793 4012 ei
835 3962 985 4012 torta
1039 3956 1208 4027 panis
1255 3954 1534 4026 quotidie,
1570 3958 1805 4024 excepto
1830 3953 1956 4025 pul-

461 4033 679 4092 mento,

385 4099 571 4154 donec
605 4101 1092 4153 consumerentur
1122 4113 1326 4152 omnes
1366 4111 1547 4168 panes
1580 4097 1649 4151 de
1681 4095 1911 4151 civitate
1941 4112 1953 4150 :

307 4171 384 4225 Et
417 4169 933 4225 mansitJercmias
965 4169 1021 4222 in
1055 4169 1340 4224 vestibulo
1363 4168 1635 4222 carceris.

303 4243 465 4314 (Cap.
501 4240 1126 4314 XXXVIII.)_AAud_ivit
1161 4246 1389 4314 autem
1431 4239 1776 4314 Saphatias_
1800 4237 1958 4314 ﬁlius

457 4313 715 4381 Mathen,
748 4317 805 4366 et
834 4311 1100 4366 Gedclias
1148 4312 1303 4366 ﬁlius
1336 4311 1608 4377 Phassur,
1654 4315 1712 4365 et
1746 4309 1956 4365 Juchal

454 4385 611 4440 filius
633 4383 912 4448 Selemiaa,
945 4389 1000 4438 et
1032 4383 1288 4438 Phassur
1320 4383 1476 4437 ﬁlius
1506 4382 1784 4449 Melchiae,

383 4471 704 4527 sermones,
738 4471 886 4527 quos
913 4454 1201 4510 Jeremias
1233 4455 1580 4526 loquebatur
1610 4455 1680 4509 ad
1714 4468 1948 4508 omnem

455 4529 757 4599 populum.
791 4527 992 4599 dicens
1029 4544 1040 4581 ε

303 4602 443 4652 Haec
471 4598 609 4654 dieit
641 4598 926 4654 Dominus
963 4615 976 4652 :

304 4670 653 4742 Quicunque
677 4670 959 4742 manserit
989 4669 1048 4742 in_
1079 4666 1307 4722 civitate
1339 4666 1466 4732 hac,

383 4740 667 4797 morietur
694 4741 908 4813 gladio,
943 4744 996 4813 et
1028 4740 1201 4813 fame,
1233 4747 1292 4813 et
1320 4745 1482 4809 peste
1512 4756 1530 4813 _:

307 4811 425 4895 Qui
445 4820 638 4895 autem
673 4809 990 4895 profugerit
1017 4812 1083 4865 ad
1115 4809 1438 4895 Chaldzeos,
1471 4810 1641 4879 vivet,

377 4889 433 4938 et
464 4886 572 4940 erit
601 4886 800 4941 anima
826 4886 954 4954 ejus
985 4898 1190 4952 sospes
1217 4887 1272 4937 et
1303 4886 1522 4936 vivens.

308 4954 440 5010 Hac
475 4957 618 5012 dicit
646 4955 932 5011 Dominus
966 4969 979 5007 :

305 5026 614 5083 Tradendo
648 5029 915 5082 tradetur
943 5023 1149 5079 civitas
1179 5023 1302 5078 haec
1350 5023 1409 5077 in
1453 5039 1629 5078 manu
1661 5020 1952 5078 exercitus

451 5100 606 5171 regis
637 5097 976 5169 Babylonis,

380 5173 437 5241 et
457 5170 655 5241 capiet
685 5185 830 5241 eam.

307 5238 378 5311 Et
410 5235 684 5296 dixerunt
713 5238 1008 5311 principes
1041 5235 1161 5311 regi
1199 5252 1212 5290 :

308 5309 603 5381 Rogamus
639 5306 1234 5381 ut'occidaturhomo
1263 5306 1372 5361 iste
1405 5322 1417 5360 :

381 5374 449 5436 d'e
481 5381 773 5437 industria
801 5381 958 5436 enim
992 5378 1261 5434 dissolvit
1292 5393 1505 5432 manus
1537 5376 1793 5431 virorum
1827 5374 1953 5430 bel-

449 5453 720 5521 lantium,
754 5451 855 5524 qui
886 5453 1296 5524 remanserunt
1341 5448 1400 5502 in
1432 5448 1664 5502 civitate
1695 5447 1825 5517 hac,

380 5532 434 5577 et
457 5541 671 5580 manus
705 5519 962 5580 universi
992 5519 1214 5594 pepuli,

384 5741 397 5773 ¹
426 5739 585 5796 Alias
614 5737 868 5810 Vulgati,
900 5735 1288 5792 Submiserunt
1315 5731 1956 5810 Jeremiamfunibugjn

316 5807 518 5881 lacum,
566 5813 627 5866 in
672 5803 776 5882 qdb
806 5803 915 5864 non
945 5812 1068 5864 erat
1097 5823 1265 5879 aqua,
1303 5808 1438 5874 etc.,
1470 5803 1712 5876 longius
1738 5803 1810 5860 ab
1842 5803 1954 5862 He-

2071 3177 2136 3230 Et
2166 3170 2542 3229 extraxerunt
2572 3171 2884 3227 Jeremiam
2919 3170 3179 3226 funibus.

2135 3251 2190 3299 et
2221 3247 2547 3300 eduxerunt
2577 3260 2711 3298 eum
2746 3244 2815 3296 de
2847 3242 2975 3296 lacu
3012 3259 3024 3296 :

2064 3317 2277 3372 Mansit
2308 3322 2502 3372 autem
2535 3315 2822 3370 Jeremias
2854 3314 2912 3368 in
2942 3312 3231 3369 vestibulo
3259 3315 3528 3372 carceris.

2065 3389 2134 3444 Et
2167 3389 2329 3444 misit
2363 3404 2456 3442 rex
2487 3387 2775 3452 Sedecias,
3559 3449 3564 3452 _

2144 3466 2200 3514 et
2251 3459 2388 3514 tulit
2431 3459 2499 3512 ad
2536 3475 2597 3512 se
2626 3455 2940 3512 Jeremiam
3000 3455 3344 3527 prophetam
3393 3457 3463 3512 ad
3493 3458 3708 3514 ostium

2209 3531 2471 3594 tertium,
2507 3530 2660 3600 quod
2695 3532 2820 3583 erat
2851 3527 2907 3581 in
2943 3527 3116 3583 domo
3144 3527 3376 3584 Domini
3411 3547 3424 3583 :

2067 3603 2136 3656 Et
2167 3602 2311 3657 dixit
2346 3619 2443 3656 rex
2475 3603 2545 3655 ad
2580 3600 2895 3656 Jeremiam
2934 3615 2946 3652 :

2069 3676 2366 3744 Interrogo
2399 3689 2504 3744 ego
2535 3677 2591 3727 te
2615 3686 2973 3744 sermonem,

2138 3762 2208 3799 ne
2238 3741 2566 3800 abscondas
2599 3761 2630 3797 a
2661 3760 2753 3798 me
2784 3741 3031 3810 aliquid.

2072 3816 2220 3870 Dixit
2250 3821 2444 3871 autem
2466 3815 2750 3868 Jeremias
2777 3813 2848 3867 ad
2883 3811 3183 3866 Sedeciam
3217 3828 3227 3864 :

2067 3887 2125 3941 Si
2157 3887 2580 3941 annuntiavero
2613 3884 2719 3938 tibi
2753 3882 3021 3953 nunquid
3059 3898 3173 3936 non
3223 3882 3541 3938 interﬁcies
3572 3885 3713 3940 me?

2137 3964 2194 4012 et
2222 3960 2268 4012 si
2302 3956 2614 4011 consilium
2648 3955 2754 4009 tibi
2787 3955 3020 4022 dedero,

2140 4046 2252 4083 non
2289 4044 2379 4083 me
2411 4027 2635 4082 audies.

2063 4100 2288 4154 Juravit
2317 4115 2452 4170 ergo
2485 4115 2583 4152 rex
2615 4095 2886 4170 sedecies
2937 4093 3202 4170 Jeremias
3253 4093 3424 4170 clam,
3456 4093 3657 4150 dicens
3688 4113 3699 4149 :

2067 4170 2220 4227 Vivit
2249 4165 2554 4236 Dominus,
2588 4169 2684 4238 qui
2719 4167 2855 4222 iecit
2884 4165 3054 4238 nobis
3083 4167 3338 4238 animam
3368 4165 3539 4233 hanc,

2135 4244 2184 4298 si
2216 4243 2477 4298 occidero
2509 4236 2662 4305 te,et
2687 4240 2733 4293 si
2759 4237 3050 4294 tradidero
3067 4240 3123 4290 te
3149 4236 3207 4290 in
3237 4252 3414 4290 manu
3447 4237 3702 4293 virorum

2204 4314 2472 4378 istorum,
2505 4311 2606 4382 qui
2640 4315 2908 4382 quaerunt
2934 4307 3192 4382 animam
3223 4311 3406 4363 tuam.

2064 4385 2133 4438 Et
2164 4387 2302 4440 dixit
2334 4379 2620 4438 Jeremias
2647 4379 2713 4436 ad
2749 4379 3046 4436 Sedeciam
3082 4395 3095 4432 :

2063 4460 2193 4511 Haec
2216 4457 2357 4510 dicit
2384 4455 2670 4511 Dominus
2703 4452 3061 4507 exercituum
3095 4449 3247 4504 Deus
3285 4447 3455 4503 Israel
3493 4465 3505 4503 :

2063 4488 2193 4511 ιιωυ
2216 4488 2357 4510 υιυιι
2386 4488 2670 4511 υυιυιυυδ
2703 4488 3061 4507 ΟΔυιυιυυι-ιιμ
3095 4488 3247 4504 υυυυ
3287 4488 3455 4503 “aluus
3493 4491 3505 4503 ο

1980 4488 2026 4552 D
2059 4528 2118 4583 Si
2149 4528 2442 4600 profectus
2465 4525 2679 4600 exieris
2712 4524 2781 4578 ad
2816 4521 3108 4595 principes
3156 4520 3308 4591 regis
3359 4519 3694 4592 Babylonis,

2203 4599 2355 4672 vivet
2384 4597 2576 4672 anima
2613 4604 2732 4664 tua,
2980 4663 2994 4672 _
3043 4667 3051 4672 _
3156 4662 3167 4672 .
3261 4661 3271 4672 .

2131 4673 2188 4724 et
2216 4671 2418 4724 civitas
2449 4668 2569 4723 haec
2599 4662 2724 4721 non
2747 4663 3133 4720 succendetur
3153 4662 3275 4734 igni
3311 4677 3324 4716 :

2134 4746 2188 4796 et
2215 4741 2411 4797 salvus
2442 4740 2558 4794 eris
2580 4744 2664 4803 tu,
2700 4741 2755 4792 et
2779 4737 2990 4790 domus
3022 4739 3140 4788 tua.

2059 4812 2118 4868 Si
2151 4817 2347 4868 autem
2380 4828 2494 4866 non
2528 4809 2738 4864 exieris
2754 4809 2824 4862 ad
2851 4805 3144 4876 principes
3175 4803 3329 4876 regis
3362 4803 3692 4875 Babylonis,

2133 4885 2392 4939 tradetur
2423 4882 2628 4936 civitas
2652 4881 2769 4934 haec
2799 4874 2867 4932 in
2892 4874 3100 4932 manus
3131 4874 3555 4944 Chaldaeorum,

2131 4960 2188 5010 et
2218 4953 2532 5010 succedent
2563 4967 2689 5005 eam
2723 4950 2842 5019 igni
2879 4964 2891 5002 :
3241 5011 3246 5015 λ

2134 5033 2190 5080 et
2219 5030 2279 5080 tu
2313 5041 2426 5080 non
2450 5022 2694 5092 effugies
2726 5022 2796 5076 de
2821 5035 2994 5092 manu
3032 5033 3256 5092 eorum.

2063 5099 2132 5152 Et
2162 5097 2308 5151 dixit
2337 5111 2436 5150 rex
2465 5088 2736 5148 Sed-scias
2767 5092 2838 5146 ad
2869 5088 3184 5145 Jeremiam
3224 5105 3238 5142 :

2064 5168 2360 5225 Sollicitus
2392 5181 2564 5221 suum
2599 5167 2836 5234 propter
2857 5161 3090 5218 Judtsos
3119 5158 3220 5230 qui
3252 5157 3698 5228 transfugerunt

2205 5239 2275 5294 ad
2307 5236 2605 5293 Chaldaeos
2639 5251 2652 5288 :

2137 5325 2210 5364 ne
2242 5310 2388 5363 forte
2420 5304 2690 5361 tradarin
2712 5318 2920 5358 manus
2939 5303 3235 5367 eorum,ct
3255 5296 3508 5353 illudant
3531 5296 3697 5353 mihi.

2063 5379 2386 5452 Respondit
2412 5382 2611 5452 autem
2640 5375 2927 5431 Jeremias
2961 5389 2973 5426 :

2061 5449 2198 5506 Non’
2222 5455 2276 5505 te
2300 5449 2554 5514 tradent,

2135 5507 2729 5593 audi,quaso,vocem
2744 5511 3176 5583 Domini,quam
3192 5507 3520 5582 egoloquor
3531 5508 3604 5564 ad
3622 5512 3701 5580 te,

2063 5737 2246 5862 “fit
2277 5803 2407 5860 aliis
2429 5801 2596 5859 libris
2614 5814 2798 5872 super,
2819 5792 3256 5854 contradicente
3297 5792 3536 5850 Hebr-ao
3567 5804 3700 5857 nnn
