4028 6178
450 241 559 298 963

523 374 580 423 et
610 368 760 436 bene
788 366 896 423 tibi
928 367 1057 422 erit.

526 445 583 495 et
611 441 763 495 vivet
794 439 992 494 anima
1021 444 1141 493 tua.

453 512 613 577 Quod
648 512 694 566 si
730 511 990 566 nolueris
1021 508 1215 579 egredi
1248 524 1262 562 :

526 584 636 639 iste
667 588 755 637 est
785 598 998 648 sermo,
1033 597 1202 652 quem
1235 578 1492 635 ostendit
1523 578 1666 633 mihi
1698 578 1977 652 Dominus
2010 594 2022 633 :

448 655 611 720 Ecce,
646 670 849 708 omnes
882 650 1157 708 mulieres
1211 668 1339 722 quas
1375 656 1787 706 remanserunt
1834 651 1889 705 in
1920 650 2095 706 domo

592 724 746 797 regis
769 725 949 789 Juda,

519 792 841 852 educéntur
870 798 941 851 ad
978 794 1271 866 principes
1305 793 1454 863 regis
1488 792 1797 865 Babylonis
1830 809 1843 847 :

447 870 517 923 Et
545 868 684 939 ipsas
715 869 912 922 dicent
946 883 959 923 ί
988 867 1357 921 Seduxerunt
1390 871 1467 929 te,

516 935 1035 1011 et'praavaluerunt
1069 939 1380 1011 adversum
1402 941 1479 1011 _te_
1497 935 1604 1011 viri
1639 935 1861 1011 pacifici
1895 935 2003 1001 tui,

515 1007 925 1067 demerserunt
954 1010 1014 1064 in
1045 1026 1207 1064 emno
1238 1014 1294 1064 et
1326 1007 1628 1062 inlubrico
1648 1008 1824 1079 pedes
1859 1012 2011 1079 tuos,
2036 1012 2093 1063 et

552 1087 917 1138 recesserunt
950 1099 982 1136 a
1014 1087 1089 1135 te.
1452 1140 1457 1145 ι

446 1155 515 1210 Et
544 1170 749 1211 omnes
784 1169 990 1208 uxores
1011 1158 1120 1207 tua:
1138 1156 1194 1207 et
1224 1151 1327 1205 ﬁlii
1346 1150 1431 1206 tui
1463 1151 1789 1206 educentur
1817 1150 1885 1205 ad
1922 1150 2095 1206 Chal-

586 1227 740 1281 d:eos
777 1242 789 1279 :

517 1302 574 1353 et
605 1314 720 1353 non
742 1295 985 1366 eﬂ‘ugies
1019 1310 1227 1366 manus
1262 1310 1486 1366 eorum,

518 1369 628 1424 Sed
662 1369 721 1423 in
755 1363 931 1422 manu
966 1366 1119 1437 regis
1152 1364 1463 1436 Babylonis
1502 1363 1749 1435 capieris
1783 1382 1795 1418 :

513 1446 569 1495 et
598 1440 890 1495 civitatem
926 1436 1075 1492 hanc
1096 1437 1401 1492 comburet
1432 1436 1575 1506 igni.

448 1512 599 1567 Dixit
638 1528 774 1583 ergo
807 1510 1077 1583 Sedecias
1109 1509 1178 1564 ad
1206 1509 1521 1564 Jeremiam
1555 1526 1568 1576 ;

440 1583 651 1639 Nullus
678 1580 825 1638 sciat
855 1582 1029 1636 verba
1060 1580 1201 1646 haec,

511 1660 570 1710 et
595 1671 707 1709 non
744 1653 1028 1714 morieris,

445 1727 503 1783 Si
539 1732 734 1782 autem
769 1725 1061 1780 audierint
1090 1720 1383 1794 principes
1418 1721 1806 1794 quialocutus
1839 1739 1970 1778 sum
2008 1730 2092 1782 te-

587 1814 744 1862 cum,
776 1803 831 1851 et
863 1796 1125 1851 venerint
1156 1794 1225 1847 ad
1263 1799 1339 1859 te,
1371 1798 1427 1847 et
1458 1793 1707 1847 dixerint
1740 1794 1839 1847 tibi
1876 1810 1887 1847 :

446 1869 647 1925 Indica
678 1870 847 1923 nobis
878 1867 1018 1938 quid
1061 1864 1404 1938 locutusgsis
1436 1881 1567 1919 cum
1603 1880 1757 1936 rege,
1810 1882 1879 1921 ue
1931 1868 2080 1925 celes

583 1957 711 2006 nos,
746 1945 803 1994 et
840 1936 955 1994 non
989 1944 1043 1993 te
1075 1936 1533 2002 interﬁciemus;

506 2020 560 2069 et
589 2012 728 2083 quid
763 2010 992 2066 locutus
1022 2013 1109 2064 est
1140 2014 1332 2064 tecum
1365 2024 1463 2062 rex
1496 2023 1508 2061 :

583 2085 749 2137 Dices
782 2084 851 2136 ad
876 2099 975 2138 eos
1010 2106 1021 2135 :

440 2156 729 2212 Prostravi
762 2170 866 2224 ego
901 2167 1101 2224 preces
1135 2165 1293 2224 meas
1326 2164 1521 2224 coram
1556 2163 1712 2224 rege,

512 2242 583 2281 ne
616 2242 709 2280 me
739 2218 1189 2294 reducijuberet
1219 2222 1279 2274 in
1310 2221 1551 2275 domum
1581 2218 1897 2282 Jonalban,
1919 2224 1975 2275 et
1997 2220 2078 2275 ibi

583 2312 859 2361 morerer,

441 2369 737 2425 Venerunt
764 2360 901 2438 ergo
934 2380 1139 2420 omnes
1169 2362 1465 2434 principes
1497 2362 1566 2417 ad
1598 2360 1934 2432 Jeremiam,

507 2445 565 2495 et
595 2440 1099 2509 interrogaverunt
1129 2451 1261 2490 eum
1297 2450 1310 2488 :

435 2516 502 2567 Et
531 2511 761 2566 locutus
792 2514 882 2566 est
916 2509 999 2564 eis
1034 2525 1047 2562 :

504 2584 673 2654 juxta
703 2581 900 2636 omnia
924 2580 1100 2654 verba
1132 2593 1262 2648 qua:
1294 2578 1637 2647 praeceperat
1666 2574 1719 2630 ei
1751 2591 1868 2641 rex,

441 2650 522 2712 Et
540 2656 919 2710 cessaverunt
949 2650 1019 2705 ab
1052 2666 1118 2705 eo
1154 2666 1165 2704 :

512 2725 657 2781 nihil
688 2726 845 2779 enim
880 2724 1068 2778 fuerat
1097 2720 1389 2784 auditum,

438 2798 651 2854 Mansit
680 2813 812 2852 vero
853 2793 1132 2849 Jeremias
1166 2793 1219 2847 in
1254 2787 1562 2861 vestibulo
1592 2790 1842 2846 carceris
1892 2806 2080 2861 usque

585 2869 656 2924 ad
689 2868 843 2923 diem
873 2881 988 2937 quo
1022 2870 1187 2935 capta
1217 2867 1307 2918 est
1336 2859 1665 2937 Jerusalem
1698 2877 1711 2915 :

508 2945 566 2996 et
600 2941 815 2995 factum
850 2931 940 2992 est
971 2941 1036 2991 ut
1064 2931 1367 3008 caperetur
1394 2931 1745 3008 Jerusalem.

442 3012 594 3084 (Cap.
629 3010 930 3084 ΧΧΧΙΧ.)Δ
958 3002 1151 3061 Αῐιῐιο’
1180 3022 1331 3084 n_on_o
1366 3004 1637 3084 Sedecias
1698 3002 1846 3073 regis
1904 3003 2077 3084 Juda,

580 3098 779 3137 mense
811 3074 1058 3145 decimo,
1096 3079 1249 3133 venit
1282 3074 1816 3131 Nabuchodonosor
1846 3091 1943 3129 rex
1971 3080 2081 3131 Ba-

583 3152 812 3224 bylonis
844 3158 900 3205 et
929 3150 1124 3205 omnis
1152 3148 1436 3204 exercitus
1466 3149 1594 3216 ejus
1631 3146 1700 3200 ad
1732 3146 2077 3218 Jerusalem,

439 3230 496 3281 et
526 3224 873 3279 obsidebant
901 3237 1050 3276 eam.

439 3296 758 3353 Undecimo
801 3299 993 3348 autem
1055 3306 1207 3347 anno
1260 3288 1533 3359 Sedeciaa,
1594 3304 1794 3344 mense
1852 3294 2081 3360 quarto,

591 3367 796 3438 quinta
830 3363 1070 3427 mensis,
1103 3366 1306 3438 aperta
1336 3366 1423 3438 est
1456 3361 1681 3438 civitas.

442 3440 512 3494 Et
540 3430 788 3508 ingressi
823 3440 962 3508 sunt
993 3430 1194 3489 omnes
1223 3432 1516 3508 principes
1548 3431 1701 3502 regis
1749 3430 2081 3503 Babylonis,

512 3516 569 3565 et
601 3503 882 3564 sederunt
912 3506 970 3560 in
1004 3511 1169 3577 porta
1202 3503 1431 3577 media;

444 3579 710 3651 Neregel,
743 3572 1519 3651 Sereser,'S_emergarnal_)u_,
1570 3572 1921 3644 Sarsachim,
1967 3574 2084 3629 Ra-

583 3644 807 3714 Hsares,
838 3644 1102 3718 Neregal,
1137 3644 1391 3710 Sereser,
1423 3644 1700 3718 Bebmag,

512 3728 569 3778 et
600 3738 804 3777 omnes
837 3715 1044 3791 reliqui
1078 3718 1371 3791 principes
1406 3717 1559 3787 regis
1591 3715 1921 3791 Babylonis.

441 3787 978 3865 Cumquevidissei
1005 3787 1104 3847 eos
1150 3787 1418 3845 Sedecias
1457 3804 1553 3842 rex
1587 3787 1761 3854 Juda,
1793 3792 1851 3843 et
1880 3802 2084 3843 omnes

582 3863 688 3920 viri
721 3863 1049 3927 bellatores,

442 4012 513 4064 Et
541 3937 931 4090 agilegfsliliidt
960 4007 1128 4090 nocte
1178 4003 1247 4057 de
1298 4000 1529 4090 civitate
1572 4015 1715 4090 ‘perj
1740 4000 1894 4055 viam
1928 3999 2079 4055 horti

512 4072 689 4160 regis,
720 4082 777 4133 et
804 4094 905 4160 per
936 4072 1656 4160 portamqua‘eratiuter
1686 4072 1831 4127 duos
1865 4088 2083 4140 muros,

515 4143 820 4221 et'egressi
855 4143 994 4203 sunt
1024 4147 1095 4201 ad
1138 4143 1288 4199 viam
1321 4143 1555 4221 deserti.

442 4212 791 4277 Persecvutus
823 4225 912 4275 est
942 4225 1133 4273 autem
1177 4232 1277 4270 eos
1309 4214 1598 4269 exercitus
1629 4212 2032 4269 Chaldaeorum
2069 4231 2082 4269 :

514 4298 572 4349 et
610 4290 1181 4363 comprehenderunt
1206 4286 1510 4341 Sedeciam
1546 4286 1604 4339 in
1637 4300 1845 4356 campo
1878 4286 2083 4340 solituo

586 4359 1216 4423 diuis-Jerichuntinae,

514 4438 572 4490 et
612 4440 848 4505 captum
892 4424 1948 4505 adduxeruntadg_Nabucbodonosor
1996 4444 2084 4483 re-

624 4486 1063 4576 e'm'Babylonis
1088 4502 1148 4556 in
1185 4498 1490 4563 Reblatha,
1541 4513 1669 4569 quae
1719 4501 1810 4553 est
1842 4498 1899 4553 in
1934 4503 2089 4555 terra
2118 4486 2167 4551 D

634 4576 797 4631 math
826 4592 837 4629 :

443 4648 515 4703 Et
544 4646 779 4704 locutus
810 4650 900 4701 est
930 4644 1001 4699 ad
1034 4658 1170 4698 eum
1195 4639 1443 4712 judicia,

448 4720 517 4775 Et
545 4717 759 4776 occidit
788 4733 887 4771 rex
915 4707 1230 4786 Babylonis
1250 4712 1403 4767 ﬁlios
1429 4707 1681 4766 Sedeciaa
1703 4710 1762 4765 in
1782 4710 2087 4778 Reblatha,

591 4790 649 4845 in
684 4787 867 4845 oculis
896 4788 1027 4856 ejus
1061 4803 1074 4841 :

518 4865 576 4916 et
606 4876 812 4916 omnes
844 4850 1069 4913 nobiles
1096 4855 1128 4910 J
1136 4856 1249 4909 uda
1278 4850 1491 4908 occidit
1520 4866 1619 4907 rex
1648 4851 1979 4924 Babylonis.

448 4932 664 4991 Oculos
696 4945 932 5003 quoque
962 4924 1403 5003 Sedecigeruit
1434 4940 1448 4978 :

519 5008 578 5059 et
607 4994 794 5058 vinxit
822 4994 955 5056 eum
988 4994 1383 5069 compedibus,
1438 4998 1502 5049 ut
1548 4994 1860 5050 duceretur
1891 4994 1950 5050 in
1982 4996 2091 5051 Ba-

448 5072 956 5215 Domﬁixlioqntfghe
979 5137 1470 5215 _regis,etdomum
1482 5133 1641 5207 vulgi
1666 5136 2095 5195 succenderunt

592 5211 844 5273 Chaldaei
860 5211 1015 5278 igni,

516 5292 575 5345 et
606 5304 843 5343 murum
871 5278 1203 5341 Isrusalem
1235 5278 1673 5336 subverterunt.

448 5361 517 5415 Et
549 5359 830 5431 reliquias
858 5352 1102 5431 populi,_
1122 5368 1249 5431 quas
1306 5350 1722 5431 remanserunt
1750 5347 1810 5401 in
1842 5349 2092 5421 civitate,

586 5435 644 5487 et
673 5418 968 5501 perfugas,
1002 5418 1572 5501 quitransfugerant
1600 5418 1671 5472 ad
1703 5432 1840 5501 eum
1867 5437 1881 5476 :

517 5506 576 5558 et
604 5492 935 5572 superﬂuos
961 5492 1283 5572 yulgi,_qui
1316 5492 1740 5572 remanserant,

516 5557 824 5628 transtulit
871 5557 1260 5623 Nabuzardan
1294 5560 1577 5633 magister
1607 5557 1865 5615 militum
1896 5561 2097 5631 in_Ba-

591 5642 891 5713 bylﬁonem.

449 5698 814 5782 Etde'plebe
842 5720 1194 5782 pauperum,
1235 5702 1345 5782 qui
1360 5698 1510 5782 nihil
1521 5698 1787 5782 penitus
1805 5700 2101 5782 habebant

486 5770 1123 5839 dimiéitNabuzardam
1138 5770 1421 5847 magister
1432 5770 1681 5831 militum
1697 5770 1758 5830 in
1772 5775 1955 5831 ιιι-τα]
1963 5776 2098 5833 uda:

1489 244 1547 298 S.
1589 240 1992 295 HIERONYMI
2038 237 2285 292 DIVINA
2325 236 2822 294 BIBLIOTBECA.
3699 250 3777 307 964

2128 361 2182 429 Α
2226 436 2229 437 ν
2282 363 2341 416 et
2370 360 2531 416 dedit
2561 361 2648 417 eis
2674 362 2877 437 vineas
2909 366 2967 437 et
2994 363 3278 437 cisternas
3310 365 3367 420 in
3399 366 3485 423 die
3507 368 3613 437 illa,

2210 436 2570 515 Praeceperat
2598 438 2795 515 autem
2827 435 3365 515 Nabuchodonosor
3394 456 3485 495 rex
3529 435 3778 515 Babylonis

2353 504 2423 559 de
2451 504 2707 561 Jeremia
2738 506 3143 563 Nabuzardam
3176 509 3449 582 magistro
3480 504 3688 583 militias,
3713 518 3777 571 di-

2353 592 2491 631 cens
2526 595 2539 632 ζ

2207 646 2366 703 Tolle
2396 646 2586 703 illum.

2279 726 2515 801 etnpone
2547 735 2728 801 super
2756 736 2890 801 eum
2925 721 3131 801 oculos
3164 727 3316 791 tuos,

2280 790 2547 861 nihilque
2585 790 2634 845 ei
2670 793 2807 846 mali
2842 793 3021 849 facias
3055 811 3069 848 :

2278 863 2378 917 sed
2413 870 2475 917 ut
2503 862 2770 929 voluerit,
2808 865 2893 919 sic
2924 864 3102 921 facias
3134 867 3203 922 ei.

2206 935 2364 991 Misit
2390 950 2525 1008 ergo
2566 934 2973 991 Nabuzardam
2999 937 3269 1008 princeps
3293 938 3530 1005 militiai,
3559 945 3609 994 et
3644 941 3785 997 Nabu.

2345 1006 2584 1081 gerban,
2615 1011 2672 1061 et
2701 1006 3015 1078 Rabsares,
3045 1015 3103 1081 et
3132 1006 3390 1081 Neregel,
3421 1016 3473 1064 et
3504 1011 3720 1079 Seresar,
3744 1020 3787 1068 et

2348 1077 2628 1154 Bebmag,
2660 1085 2715 1133 et
2742 1095 2949 1154 omnes
2976 1077 3308 1154 pptimates
3326 1081 3475 1151 regis
3505 1077 3781 1154 Babylonis,

2277 1150 2586 1230 miserunt,
2607 1154 2665 1204 et
2687 1149 2951 1207 tulerunt
2965 1149 3280 1207 Je'remiam
3314 1149 3671 1210 dia—vestibulo
3689 1149 3783 1211 car;

2346 1237 2515 1276 ceris.

2274 1291 2731 1418 etitraldiderunt
2759 1308 2892 1348 eum
2926 1292 3181 1350 Godolias
3208 1292 3326 1351 filio
3348 1294 3573 1351 Ahicam
3602 1296 3688 1351 filii
3710 1298 3783 1353 Sa—

2383 1381 2417 1418 ι)
2468 1380 2557 1418 an.

2383 1380 2557 1435 pnan.

2274 1438 2345 1510 ut
2369 1434 2616 1510 intraret
2645 1434 2925 1510 domum,_
2945 1442 3003 1492 et
3032 1436 3326 1492 habitaret
3354 1436 3410 1492 in
3442 1437 3657 1510 populo.

2201 1508 2288 1564 Ad
2317 1506 2639 1561 Jeremiam
2670 1512 2865 1562 autem
2901 1508 3089 1563 factus
3124 1510 3311 1564 fuerat
3358 1506 3540 1565 ser—mo
3569 1509 3775 1573 Domini,

2275 1595 2396 1634 cum
2426 1578 2665 1633 clausus
2689 1585 2844 1634 esset
2875 1580 2931 1634 in
2964 1580 3259 1635 vestibulo
3291 1583 3549 1648 carceris,
3580 1582 3778 1637 dicens:

2202 1652 2380 1717 Vade,
2415 1654 2471 1704 et
2501 1650 2594 1704 dic
2627 1649 3009 1706 Abdemelech
3042 1652 3323 1717 Ethiopi.
3356 1653 3546 1707 dicens
3577 1669 3588 1707 :

2203 1723 2331 1778 Haec
2360 1721 2502 1776 dicit
2531 1721 2818 1778 Dominus
2849 1723 3208 1778 exercituum
3245 1721 3399 1779 Deus
3433 1724 3594 1779 Israel
3625 1737 3637 1777 :

2198 1796 2343 1867 Ecce
2369 1809 2475 1864 ego
2508 1793 2787 1867 inducam
2822 1810 3122 1850 sermones
3150 1811 3312 1851 meos
3344 1812 3514 1867 super
3539 1796 3777 1850 civitatem

2334 1864 2563 1919 hancin
2599 1865 2843 1930 malum,
2877 1872 3079 1921 etnon
3114 1867 3171 1921 in
3208 1864 3472 1923 bonum':

2261 1940 2317 1991 et
2342 1940 2513 1992 erunt
2544 1936 2602 1990 in
2636 1942 2951 2007 conspectu
2984 1943 3085 1993 tuo
3116 1939 3175 1993 in
3209 1938 3304 1993 die
3337 1938 3449 1994 illa.

2188 2007 2259 2062 Et
2291 2007 2549 2062 liberabo
2581 2012 2636 2062 te
2666 2008 2722 2061 in
2757 2010 2851 2063 die
2882 2008 3003 2073 illa,
3036 2010 3117 2065 ait
3148 2009 3433 2065 Dominus
3466 2026 3478 2063 :

2259 2084 2462 2153 etnon
2496 2080 2741 2153 traderis
2776 2081 2830 2134 in
2864 2097 3077 2153 manus
3123 2081 3384 2137 virorum
3441 2096 3578 2153 quos
3604 2084 3658 2133 tu
3685 2079 3774 2133 for-

2260 2151 2469 2205 midas.
2505 2151 2613 2205 Sed
2646 2168 2859 2207 eruens
2889 2151 3148 2208 liberabo
3182 2158 3261 2220 te,

2258 2227 2315 2277 et
2344 2223 2538 2293 gladio
2569 2238 2684 2277 non
2716 2224 2888 2278 cades
2922 2242 2935 2278 :

2184 2294 2293 2348 Sed
2323 2295 2435 2348 erit
2464 2293 2569 2347 tibi
2602 2294 2800 2350 anima
2830 2300 2925 2350 tua
2959 2294 3014 2349 in
3044 2294 3322 2362 salutem,

2259 2366 2397 2435 quia
2426 2365 2483 2418 in
2520 2381 2609 2419 me
2631 2366 2887 2421 habuisti
2922 2367 3226 2436 ﬁduciam,
3259 2368 3340 2422 ait
3370 2366 3648 2427 Dominus,

2186 2437 2347 2508 (Cap.
2373 2436 2506 2505 XL.)
2536 2437 2759 2504 Sermo,
2811 2438 2910 2508 qui
2957 2440 3145 2493 factus
3197 2445 3288 2494 est
3339 2440 3406 2493 ad
3454 2436 3774 2508 Jeremiama

2328 2507 2592 2581 Domino,
2628 2506 2936 2581 postquam
2961 2510 3247 2565 dimissus
3273 2516 3361 2565 est
3392 2527 3424 2564 a
3450 2506 3773 2564 Nabuzardan

2329 2580 2611 2651 magistro
2645 2580 2869 2635 militia:
2902 2582 2971 2635 de
3005 2581 3212 2651 Bama,

2262 2649 2496 2722 quando
2528 2650 2684 2706 tullit
2712 2668 2846 2707 eum
2878 2652 3140 2708 vinctum
3175 2649 3402 2708 catenis
3425 2652 3476 2705 in
3501 2649 3776 2722 medioom-

2332 2721 2515 2795 nium,
2550 2723 2651 2793 qui
2686 2724 3021 2795 migrabant
3051 2725 3121 2779 de
3149 2723 3475 2780 Jerusalem
3506 2727 3558 2778 et
3582 2721 3722 2785 Juda,

2259 2798 2317 2866 et
2348 2794 2716 2849 ducebantur
2745 2794 2802 2849 in
2837 2795 3216 2866 Babylonem.

2189 2864 2424 2921 Tollens
2455 2881 2593 2936 ergo
2627 2866 2898 2938 princeps
2942 2858 3163 2922 militiae
3195 2866 3527 2931 Jeremiam,
3556 2860 3683 2919 dixit
3713 2858 3769 2915 ad

2332 2952 2509 2992 eum:

2193 3008 2474 3063 Dominus
2502 3013 2658 3064 Deus
2688 3012 2827 3064 tuus
2866 3007 3098 3065 locutus
3128 3014 3223 3065 est
3264 3009 3481 3064 malum
3512 3007 3607 3062 hoc
3635 3017 3773 3074 super

2336 3079 2529 3135 locum
2565 3080 2742 3135 istum
2782 3097 2795 3135 :

2265 3155 2323 3205 et
2352 3150 2613 3214 adduxit,
2647 3159 2704 3206 et
2736 3152 2866 3207 fecit
2915 3151 3203 3207 Dominus
3252 3153 3403 3209 sicut
3430 3151 3641 3207 locutus
3666 3149 3768 3200 est:

2264 3224 2398 3292 quia
2437 3224 2720 3293 peccastis
2773 3223 3042 3285 Domino,
3077 3229 3134 3278 et
3164 3241 3283 3279 non
3337 3222 3573 3279 audistis
3614 3230 3771 3273 vocem

2263 3295 2413 3363 ejus,
2448 3301 2503 3349 et
2531 3296 2720 3349 factus
2752 3300 2840 3349 est
2870 3295 3033 3349 vobis
3065 3311 3263 3351 sermo
3294 3296 3406 3352 hic.

2193 3365 2358 3421 Nunc
2383 3382 2519 3436 ergo
2547 3382 2677 3420 ecce
2709 3366 2851 3420 solvi
2883 3373 2936 3420 te
2962 3366 3135 3421 hodie
3165 3368 3241 3424 de
3271 3365 3487 3422 catenis

2264 3454 2391 3508 quas
2416 3442 2555 3491 sunt
2589 3439 2644 3492 in
2674 3438 2949 3493 manibus
2980 3438 3099 3492 tuis
3134 3454 3147 3493 :
3462 3506 3471 3508 _
3748 3498 3756 3507 ,

2194 3509 2251 3564 Si
2282 3506 2475 3580 placet
2497 3509 2625 3571 tibi.
2651 3521 2710 3563 ut
2736 3510 2934 3564 venias
2966 3526 3195 3565 mecum
3222 3510 3281 3564 in
3312 3506 3774 3580 Babylonemﬁeni,

2263 3586 2320 3634 et
2353 3597 2563 3651 ponam
2599 3580 2797 3635 oculos
2832 3598 2991 3636 meos
3022 3597 3203 3652 super
3237 3588 3293 3636 te
3325 3598 3338 3636 :

2193 3652 2250 3707 Si
2284 3645 2477 3777 au'tgm
2508 3652 2781 3723 displicet
2810 3652 2913 3707 tibi
2940 3645 3133 3708 venire
3163 3669 3364 3708 meum
3388 3652 3441 3706 in
3464 3645 3776 3719 Babylonem.

2264 3740 2374 3777 res]
2425 3738 2454 3777 e
2488 3738 2501 3777 :

2264 3738 2454 3778 PBSIOB
2488 3738 2501 3777 ἒ

2194 3798 2336 3850 Ecce
2365 3792 2557 3866 omnis
2590 3798 2742 3849 terra
2770 3794 2831 3849 in
2863 3798 3145 3866 conspetu
3176 3798 3283 3851 tuo
3314 3799 3401 3849 est
3433 3810 3445 3848 :
3579 3860 3593 3866 _
3676 3854 3684 3865 ,

2263 3867 2416 3937 (ἰυοά
2452 3864 2779 3937 elegeris,et
2809 3882 2924 3938 quo
2956 3853 3243 3939 placuerit
3275 3866 3382 3921 tibi
3412 3868 3476 3919 ut
3501 3860 3654 3917 vadas
3674 3853 3777 3908 illuc

2378 3952 2534 3994 91’28.

2338 3953 2534 4009 perge.

2193 4011 2262 4065 Et
2288 4025 2525 4080 mecum?
2548 4006 2666 4064 noli
2698 4007 2912 4078 venire,
3168 4078 3174 4080 Α
3387 4077 3397 4080 _
3431 4077 3439 4080 _
3600 4067 3679 4080 ,,,,

2263 4081 2363 4135 sed
2379 4079 2595 4204 limbus
2615 4080 2769 4152 apud
2797 4066 3100 4136 Godoliam
3123 4078 3312 4135 ﬁlium
3338 4077 3566 4134 Abicam
3596 4067 3682 4125 filii
3702 4066 3778 4119 Sa-

2338 4169 2373 4204 D
2421 4168 2517 4204 an.

2421 4168 2517 4213 an.

2266 4169 2790 4293 quglrlriirmposuit
2837 4238 2935 4278 rex
2964 4222 3275 4293 Babylonis
3305 4217 3618 4293 civitatibus
3643 4207 3779 4267 Juda.

2195 4294 2403 4367 Habita
2434 4292 2570 4365 ergo
2596 4292 2744 4347 cum
2778 4310 2844 4367 eo
2878 4295 2932 4348 in
2968 4292 3401 4367 mediupopuli
3432 4307 3447 4367 ξ

2265 4364 2350 4419 vel
2386 4354 2739 4437 quocunque
2771 4364 3056 4437 placuerit
3084 4354 3219 4437 tibi:
3250 4354 3317 4420 u't
3342 4363 3534 4437 vadas,
3560 4354 3700 4437 vade.

2196 4436 2367 4493 Dedit
2397 4434 2703 4562 dllloqueei
2722 4434 3000 4508 magister
3032 4436 3255 4492 militias
3281 4434 3514 4497 cibaria,
3538 4434 3589 4484 et
3611 4434 3783 4480 munu-

2344 4524 2444 4562 scu
2477 4525 2530 4562 a.

2344 4524 2530 4577 scum,

2274 4588 2330 4635 et
2360 4578 2587 4634 dimisit
2616 4594 2773 4633 eum.
3432 4646 3463 4647 η

2203 4650 2376 4706 Venit
2405 4656 2600 4706 autem
2632 4648 2915 4705 Jeremias
2946 4651 3016 4706 ad
3050 4648 3357 4707 Godoliam
3390 4646 3562 4702 filium
3591 4636 3784 4693 Ahicam

2345 4721 2405 4775 in
2438 4721 2768 4792 Maspbath.
3417 4788 3448 4792 η
3549 4782 3562 4792 _
3648 4776 3678 4792 ν

2278 4797 2334 4848 et
2363 4776 2650 4849 habitavit
2681 4808 2814 4848 cum
2846 4806 2913 4848 eo
2945 4792 3005 4848 in
3033 4792 3226 4848 medio
3252 4788 3452 4864 populi
3471 4782 3565 4857 qui
3591 4776 3785 4836 relictus

2349 4864 2538 4919 fuerat
2567 4864 2626 4918 in
2659 4868 2830 4919 terra.
3582 4921 3613 4934 ,ι
3712 4908 3782 4934 μη,

2207 4934 2351 4991 Cum
2379 4951 2515 5006 ergo
2545 4934 2852 4990 audissent
2881 4950 3085 4990 omnes
3108 4933 3397 5006 principes
3425 4924 3785 5006 εχθιιςξιυεέί-ῑξι

2333 5006 2423 5062 dis
2443 4994 2580 5061 uersi
2612 5007 2839 5061 fuerant
2861 5022 2962 5077 per
2983 5022 3042 5061 re
3087 4994 3782 5075 iones,ipsietsociieor}1m.

2333 5025 2824 5133 uodpnraafecisset
2853 5094 2952 5133 rex
2982 5022 3290 5133 Bagivlonis
3319 5068 3605 5131 Godoliam
3635 5060 3782 5116 lilium

2281 5060 2455 5151 quod
2471 5060 2824 5148 praefecisset
2853 5060 2952 5133 rex
2982 5060 3605 5151 Ba‘byloni's'Godoliam
3635 5060 3783 5116 lilium

2348 5148 2617 5215 Ahicam,
2641 5152 2828 5214 terra,
3107 5148 3120 5151 ⁷
3557 5205 3587 5217 η

2282 5223 2339 5276 et
2367 5220 2521 5290 quod
2536 5195 3027 5343 lcommeddasset
3069 5218 3122 5275 ei
3152 5219 3326 5285 viros,
3371 5218 3428 5271 et
3456 5205 3719 5268 mulieres,
3743 5195 3788 5246 ei

2354 5307 2527 5343 οδε-νυ
2560 5307 2647 5343 ΟΒ.
3712 5336 3721 5343 .
3759 5330 3785 5343 ,.

2395 5307 2647 5356 arvulos,
3533 5353 3540 5356 _
3572 5350 3580 5356 ,
3690 5330 3785 5356 _.-..-

2354 5308 2647 5362 parvulos,
3776 5330 3785 5340 _

2282 5369 2338 5416 θί
2358 5362 2437 5433 Ade
2463 5360 2821 5433 pauperibus
2852 5361 3158 5433 ιδῃ-ω,ᾳυί
3191 5374 3304 5415 non
3330 5353 3549 5413 fuerant
3567 5336 3787 5401 translati

2354 5431 2413 5487 in
2449 5431 2801 5502 Babylonem
2840 5448 2852 5487 :

2212 5501 2511 5558 Venerunt
2539 5497 2611 5574 ad
2642 5502 2941 5558 Godoliam
2975 5502 3033 5556 in
3067 5497 3373 5574 Maspbatb
3400 5517 3413 5564 ;

2286 5551 3525 5651 ἄίἔιῖιὲεῖδῖίῖιῖᾖᾶῐῇεὶῖίεὲζἷῖἶιξειηὶηω
3568 5564 3616 5611 οι
3641 5551 3785 5606 Jour

2357 5645 2495 5667 “---
2534 5644 2634 5667 οιιε
2681 5646 2853 5667 ι’--ιμ
2924 5648 2971 5667 ιι
3003 5650 3204 5667 ο-----
3235 5641 3388 5667 ηιμ...
3419 5612 3782 5667 φλυηρηῐηείδι

2357 5620 3207 5709 ίᾘέἑι’ῐὶίίῖ”ὃεῖτὲὸῖ“ὲῖ’ἔεῖτέἇὲ
3235 5620 3782 5709 tiliGE’Tnanecmetb.

2357 5720 2416 5788 et
2444 5715 2558 5788 ﬁlii
2580 5716 2749 5788 Ophi,
2783 5706 2883 5788 qui
2912 5720 3079 5788 erant
3108 5716 3179 5788 de
3208 5706 3535 5788 Netpphati,

2286 5788 2344 5842 et
2370 5772 2821 5847 Jszouias‘ﬂliué
2838 5772 3137 5847 Maachati
3160 5772 3187 5844 7:
3218 5782 3331 5858 ipsi
3352 5772 3415 5840 Bt
3437 5774 3537 5836 viri
3570 5772 3751 5827 eorum.
