4028 6178
243 239 354 294 965

1434 244 1645 302 LIBER
1682 243 2017 298 JEBEMIE
2055 240 2479 295 ΡΒΟΡΗΕΤΛΕ.

3555 239 3662 296 966

243 366 312 422 Et
338 363 560 440 iuravit
589 363 674 440 eis
705 363 980 420 Godolias
1025 363 1200 440 ‘ﬁlius
1231 365 1472 422 Ahicam
1504 365 1608 422 ﬁlii
1639 367 1898 440 Saphan,
1929 368 1983 434 Α
2013 365 2139 422 Noli
2170 363 2436 440 occidere
2466 379 2574 419 nos
2602 381 2619 440 _:

315 435 376 492 et
405 437 722 492 comitibus
753 452 976 503 eorum,
1009 435 1211 491 dicens
1242 454 1254 492 :

241 509 436 565 Nolite
467 508 674 564 timere
704 509 920 563 servire
952 507 1261 570 Chaldaeis.

315 580 576 636 habitata
608 579 666 653 in
702 587 876 645 terra,
909 585 967 634 et
995 582 1207 635 servite
1239 581 1356 653 regi
1391 578 1722 652 Babylonis,

314 660 374 707 et
407 654 552 705 bene
586 652 695 705 erit
724 653 905 705 vobis.

243 725 390 779 Ecce
421 739 528 794 ego
561 722 765 778 habito
789 725 844 777 in
883 721 1176 793 Masphat,

321 801 385 850 ut
416 793 802 865 respondeam
838 800 1123 866 pracepto
1155 793 1578 862 Chaldaeorum,
1613 794 1715 866 qui
1762 794 1901 850 mit-

389 872 598 921 tuntur
631 866 700 920 ad
736 882 842 920 nos
878 881 890 918 :

241 939 363 994 Vos
424 942 618 992 autem
679 938 934 1006 colligite
992 936 1461 1005 vindemiam,et
1519 953 1792 1006 messem,
1848 941 1906 992 et

390 1011 609 1073 oleum,
643 1014 699 1062 et
731 1009 962 1063 condite
994 1007 1050 1062 in
1080 1007 1236 1064 vasis
1259 1010 1492 1076 vestris,

311 1086 374 1136 et
407 1085 638 1135 manete
671 1081 730 1134 in
763 1080 1012 1135 urbibus
1046 1081 1255 1135 vestris
1287 1097 1436 1152 quas
1467 1079 1702 1136 tenetis.

239 1154 354 1209 Sed
390 1158 448 1208 et
480 1166 684 1206 omnes
713 1152 922 1213 Judaei,
955 1151 1051 1220 qui
1085 1157 1254 1206 erant
1282 1151 1340 1206 in
1377 1152 1647 1220 Moab,et
1678 1153 1734 1207 in
1769 1151 1906 1208 filiis

390 1227 669 1349 Anginon,
701 1231 760 1278 et
793 1225 853 1278 in
891 1223 1165 1294 ldumaea,
1197 1228 1254 1278 et
1283 1223 1342 1278 in
1378 1223 1668 1280 universis
1719 1226 1906 1296 regio-

392 1312 452 1349 ni
503 1311 594 1349 us.

392 1311 594 1361 nibus,

319 1367 527 1494 anilitdo
559 1365 713 1437 quod
749 1365 1011 1421 dedisset
1059 1381 1157 1420 rex
1200 1365 1511 1438 Babylonis
1542 1366 1820 1438 reliquias
1847 1367 1906 1422 in

434 1456 468 1492 u
517 1455 597 1492 aea
636 1455 650 1494 :

434 1455 597 1492 “0128
636 1455 650 1494 ἶ

317 1516 376 1565 et
403 1509 562 1580 quod
602 1507 1021 1580 praeposuisset
1053 1525 1230 1580 super
1259 1525 1358 1564 eos
1387 1509 1685 1566 Godoliam
1719 1510 1906 1565 ﬁlium

395 1579 640 1635 Ahicam
678 1579 779 1633 ﬁlii
811 1580 1047 1651 Saphan
1083 1598 1095 1635 :

247 1653 474 1708 reversi
506 1655 665 1712 sunt,
702 1652 968 1722 inquam,
1002 1667 1206 1708 omnes
1254 1653 1443 1709 Judzei
1493 1654 1564 1709 de
1614 1651 1908 1709 universis

396 1722 542 1778 locis
572 1723 641 1776 ad
677 1739 804 1793 quas
837 1726 1238 1794 profugerant,
1652 1765 1658 1770 -

317 1800 379 1850 et
410 1796 777 1920 vtelneruntin
797 1800 1014 1850 terram
1046 1796 1199 1851 Juda
1224 1796 1293 1850 ad
1318 1796 1624 1851 Godoliam
1659 1796 1714 1851 in
1750 1797 1901 1852 Mas-

400 1884 437 1920 ο
488 1882 520 1920 a
576 1881 589 1918 :

488 1873 589 1920 at:

446 1884 546 1920 nat
576 1884 589 1918 :

321 1944 385 1993 et
400 1884 777 2009 gollegerunt
801 1937 1026 2004 vinum,
1049 1943 1108 1993 et
1139 1954 1393 1995 messem
1428 1939 1673 1994 multam
1704 1937 1905 1993 nimis.

241 2011 585 2082 Johannan_
624 2012 843 2082 autem,
872 2009 1029 2082 ﬁlius
1061 2013 1256 2079 Caree,
1288 2015 1346 2066 et
1376 2027 1581 2066 omnes
1614 2009 1906 2082 principes

401 2077 715 2145 exercitus,
750 2081 872 2154 qui
900 2081 1151 2154 dispersi
1195 2077 1424 2137 fuerant
1452 2083 1510 2137 in
1546 2077 1905 2154 regionibus,

322 2156 619 2234 venerunt
650 2154 720 2206 ad
755 2151 1056 2208 Godoliam
1091 2169 1150 2208 In
1184 2153 1472 2226 Masphat.
1509 2155 1578 2209 Et
1614 2151 1910 2208 ﬁdixerunt

403 2239 503 2279 81:

243 2294 585 2376 Scitomquia
614 2291 808 2376 D‘aalis
839 2310 937 2376 rex
967 2293 1220 2376 ﬁliorum
1246 2297 1487 2376 Ammon
1508 2295 1669 2376 misit
1698 2294 1908 2351 Ismael

403 2365 590 2420 ﬁlium
625 2365 924 2422 Nathaniaa
957 2373 1254 2438 percutere
1285 2369 1542 2423 animam
1577 2374 1764 2422 tuam.

328 2439 403 2493 Et
437 2455 549 2493 non
582 2437 833 2492 credidit
865 2438 948 2492 eis
979 2437 1253 2494 Godolias
1285 2439 1440 2493 ﬁlius
1467 2438 1728 2494 Ahicam.

241 2512 524 2566 .loannan
555 2525 686 2563 vero
721 2507 876 2563 ﬁlius
904 2513 1077 2565 Caree
1108 2511 1255 2564 dixit
1285 2512 1356 2565 ad
1390 2510 1692 2566 Godoliam
1749 2527 1908 2566 seoro

403 2597 535 2635 sum
571 2580 627 2634 in
660 2580 991 2650 Masphath,
1027 2581 1271 2652 loquens
1307 2599 1320 2636 :

243 2655 380 2721 Ibo,
415 2657 471 2706 et
501 2652 821 2722 percutiam
881 2653 1090 2708 Ismael
1148 2655 1335 2709 ﬁlium
1391 2653 1716 2719 Nathaniae,
1750 2653 1910 2708 nullo

401 2723 639 2789 sciente,

320 2811 398 2849 ne
435 2794 750 2849 interﬁciat
778 2794 1034 2850 animam
1067 2800 1256 2862 tuam,

323 2871 386 2921 et
422 2865 782 2992 ddistsipentur
812 2883 1018 2922 omnes
1048 2867 1257 2938 Judaei,
1281 2868 1382 2938 qui
1414 2868 1748 2940 congregati
1773 2874 1912 2924 sunt

399 2954 434 2992 a
537 2953 590 2992 e.

399 2944 476 2992 ad
511 2944 590 3003 te,

324 3014 384 3063 ct
418 3010 692 3079 peribunt
721 3009 980 3079 reliquiae
1012 3009 1186 3077 Juda,

241 3082 326 3136 Et
357 3079 741 3206 aiéGodolias
776 3081 929 3135 ﬁlius
972 3083 1208 3137 Ahicam
1260 3082 1330 3136 ad
1379 3082 1688 3138 Johannan
1721 3081 1906 3136 ﬁlium

455 3167 585 3206 aree
619 3169 632 3206 :

455 3167 585 3207 aree
619 3169 632 3206 ἒ

242 3222 385 3280 Noli
423 3225 610 3279 facere
633 3222 875 3278 verbum
911 3221 1019 3278 hoc
1051 3241 1064 3278 :

331 3295 546 3349 falsum
581 3293 734 3349 enim
769 3299 829 3349 tu
863 3293 1120 3365 loqueris
1151 3295 1222 3349 de
1254 3294 1484 3350 Ismael.

243 3366 434 3438 (Cap.
466 3365 628 3436 XLI.)
655 3369 726 3438 Et
757 3365 973 3438 factum
1005 3372 1095 3421 est
1127 3367 1184 3420 in
1220 3383 1418 3422 mense
1448 3366 1720 3437 septimo,

325 3438 490 3492 venit
521 3437 726 3492 Ismael
761 3436 917 3492 ﬁlius
948 3438 1271 3505 Nathaniaa,
1303 3437 1408 3492 ﬁlii
1442 3436 1697 3495 Elisama
1722 3438 1791 3492 de
1823 3454 1915 3493 se-

409 3508 566 3563 mine
599 3507 800 3578 regali,

325 3589 379 3635 el
407 3580 721 3651 optimates
752 3579 924 3648 regis,
947 3584 1004 3634 et
1033 3580 1231 3635 decem
1268 3581 1374 3634 viri
1409 3597 1540 3635 cum
1574 3597 1662 3649 eo,
1695 3583 1766 3636 ad
1797 3584 1914 3637 Go-

402 3649 624 3724 dbliam
659 3649 1116 3724 ﬁliumAhicam
1145 3651 1204 3706 in
1238 3651 1508 3724 Masphat
1543 3671 1554 3708 :

324 3728 382 3780 et
416 3723 801 3796 comederunt
826 3723 904 3777 ibi
940 3740 1119 3796 panes
1151 3724 1326 3796 simul
1353 3723 1409 3778 in
1432 3725 1731 3796 Masphat.

245 3795 524 3852 Surrexit
552 3799 747 3848 autem
781 3793 991 3849 Ismael
1013 3795 1168 3850 ﬁlius
1192 3795 1490 3850 Nathanias
1514 3793 1790 3851 et'decem
1807 3795 1913 3850 viri

402 3865 507 3937 qui
539 3871 705 3920 erant
736 3881 870 3921 cum
903 3882 992 3935 eo,

249 3944 308 3994 et
341 3936 770 4011 percusserunt
797 3937 1095 3994 Godoliam
1148 3936 1332 3993 ﬁlium
1364 3938 1606 3993 Ahicam
1659 3938 1763 3993 ﬁlii
1813 3939 1918 3994 Sa-

412 4010 566 4063 nhan
599 4009 816 4063 gladio.

494 4026 566 4063 an
599 4009 816 4076 gladio,

410 4025 566 4092 pnan
599 4025 816 4079 gladio,

326 4083 834 4207 ειίἓὲῗξξθῗὲἓιὲῐ
863 4095 1019 4146 eum,
1045 4096 1218 4152 quem
1255 4080 1590 4151 prefecerat
1620 4097 1719 4135 rex
1740 4080 1917 4153 Baby-

431 4153 588 4215 onis,
621 4157 806 4206 terris.

254 4225 485 4282 Omnes
517 4239 746 4294 quoque
774 4222 1031 4288 Judeos,
1064 4222 1164 4294 qui
1218 4227 1387 4278 erant
1419 4239 1552 4278 cum
1585 4222 1828 4279 Godolia
1858 4222 1917 4278 in

411 4293 547 4350 Mes
585 4293 746 4362 bath,
1086 4293 1095 4294 ί

325 4371 390 4422 et
425 4312 750 4434 Chaidieos,
783 4364 884 4436 qui
920 4365 1132 4436 reperti
1169 4371 1310 4420 sunt
1339 4365 1446 4432 ibi,

324 4443 389 4494 et
418 4437 573 4492 viros
606 4437 914 4493 bellatores
947 4438 1236 4506 percussit
1267 4437 1496 4492 Ismael.

247 4490 528 4566 Scaenae
551 4490 1232 4579 satsmgpaslqaaa
1262 4490 1554 4565 ceciderat
1591 4508 1914 4574 Godoliam,
1951 4490 1994 4554 D

409 4580 573 4642 nullo
607 4583 803 4635 adhuc
829 4580 1065 4645 sciente,

327 4656 626 4722 veni-runt
655 4653 760 4707 viri
793 4653 864 4707 de
895 4651 1149 4722 Sicbem,
1181 4656 1240 4708 et
1277 4652 1348 4707 de
1403 4649 1541 4718 Silo,
1575 4656 1634 4707 et
1689 4651 1761 4707 de
1815 4651 1920 4706 Sa-

415 4718 599 4778 maria
629 4725 926 4795 octoginta
955 4723 1085 4792 viri,

337 4795 462 4850 rasi
523 4796 724 4864 barba,
766 4793 831 4851 et
886 4795 1088 4850 scissis
1132 4795 1413 4861 vestibus,
1448 4798 1504 4850 et
1535 4793 1920 4865 squalentes:

337 4870 403 4921 et
434 4883 679 4923 munera
707 4871 764 4924 et
794 4866 935 4922 thus
966 4865 1259 4922 habebant
1289 4866 1349 4921 in
1383 4882 1584 4934 manu,

339 4941 411 4992 nt
439 4939 716 4995 oﬂ‘errent
743 4939 802 4994 in
839 4939 1011 4993 domo
1039 4938 1292 4994 Domini.

263 5009 559 5083 Egressus
587 5027 722 5082 ergo
754 5009 965 5083 Ismael
1001 5010 1157 5066 ﬁlius
1189 5008 1490 5065 Nathaniaa
1522 5009 1578 5064 in
1613 5024 1923 5064 occursum

419 5097 622 5137 eorum
651 5080 722 5138 de
752 5080 1045 5152 Masphat,

344 5153 627 5209 incedens
649 5158 708 5210 et
737 5152 975 5224 plorans
1008 5153 1130 5207 ibat
1160 5168 1173 5224 ;

346 5240 486 5279 cum
519 5230 714 5281 autem
744 5223 1097 5281 occurrisset
1125 5223 1232 5291 eis,

347 5295 497 5351 dixit
527 5297 596 5351 ad
629 5313 729 5352 eos
766 5312 778 5351 :

269 5365 483 5424 Venite
513 5370 580 5423 ad
617 5365 922 5424 Godoliam
956 5365 1143 5420 ﬁlium
1176 5364 1438 5421 Ahicam.

273 5440 386 5502 Qui
416 5455 551 5495 cum
577 5441 877 5496 venissent
906 5438 977 5492 ad
1011 5437 1272 5492 medium
1304 5437 1558 5492 civitatis

355 5509 646 5566 interfecit
674 5527 772 5567 eos
804 5508 1011 5565 Ismael
1066 5508 1221 5564 ﬁlius
1252 5507 1553 5564 Nathaniae
1603 5507 1757 5563 circa
1805 5523 1931 5563 me-

428 5583 594 5639 dium
625 5583 757 5651 laci,

359 5651 503 5724 ipse,
533 5659 592 5710 et
619 5655 728 5710 viri
760 5651 862 5725 qui
892 5654 1058 5706 erant
1088 5667 1222 5725 cum
1247 5667 1336 5725 eo.

284 5725 490 5782 Decem
524 5731 720 5783 autem
753 5724 863 5780 viri
896 5724 1111 5796 reperti
1141 5728 1283 5780 sunt
1311 5724 1466 5780 inter
1491 5738 1613 5792 eos,

365 5797 460 5868 qui
491 5799 767 5856 dixerunt
795 5796 867 5854 ad
901 5793 1107 5852 Ismael
1138 5811 1153 5851 :

2083 437 2223 508 quia
2253 435 2542 509 habemus
2577 435 2976 509 thesaurossin
3009 452 3170 509 agro,

2083 507 2385 573 frumenti,
2416 513 2475 562 et
2504 507 2730 577 hordei,
2765 513 2822 562 et
2851 507 2983 576 olei,
3018 507 3074 564 et
3107 507 3318 572 mellis.

2011 583 2079 638 Et
2105 580 2377 647 cessavit,

2081 659 2137 708 et
2165 668 2280 706 non
2313 649 2602 704 interfecit
2631 665 2731 705 eos
2753 666 2887 705 cum
2919 651 3196 711 fratribus
3229 657 3373 713 suis.

2012 726 2200 780 Lacus
2231 721 2526 792 autem,in
2557 737 2731 792 quem
2767 723 3075 793 projecerit
3104 727 3312 784 Ismael
3343 729 3544 784 omnia
3575 745 3664 783 ca-

2153 796 2366 920 iiavera
2393 797 2651 848 virorum
2683 810 2834 864 quos
2862 800 3154 864 percussit
3187 809 3422 873 propter
3470 801 3664 856 Godo-

2180 881 2316 920 iam.

2180 881 2316 920 iam.

2083 937 2209 1064 ipse
2231 943 2520 1062 estfquem
2557 935 2692 991 fecit
2723 952 2820 992 rex
2841 939 2952 994 Asa
2985 946 3221 1013 propter
3251 947 3436 999 Baasa
3467 959 3659 1015 regem

2184 1024 2313 1064 srae
2370 1026 2382 1062 :

2184 1024 2334 1064 sraet
2370 1026 2382 1062 Ζ

2082 1081 2278 1152 ipsum
2311 1077 2551 1152 replevit
2575 1078 2781 1152 Ismael
2815 1080 2970 1136 ﬁlius
3002 1082 3300 1140 Nalhanize
3333 1085 3564 1141 occisis.

2013 1152 2082 1208 Et
2102 1149 2363 1230 captivas
2378 1149 2560 1230 duxit
2580 1151 3003 1230 [smaelomnes
3026 1156 3307 1226 reliquias
3329 1157 3661 1230 populi,qui

2155 1221 2323 1280 erant
2350 1222 2407 1276 in
2442 1221 2713 1293 Masphat
2746 1240 2759 1278 :

2085 1294 2237 1350 ﬁlias
2267 1295 2444 1370 regis,
2469 1295 2882 1370 et‘universum
2918 1296 3219 1369 populum,
3244 1299 3347 1370 qui
3375 1315 3664 1355 remanse-

2157 1373 2245 1422 rat
2276 1367 2334 1420 in
2367 1365 2634 1436 Musphat
2671 1383 2683 1420 :

2086 1455 2241 1514 ques
2287 1438 3210 1514 cqmmendaverat_Nabuzardan
3246 1441 3524 1514 princeps
3557 1441 3666 1497 mi-

2157 1509 2294 1564 litia:
2326 1508 2579 1564 Godoliaa
2613 1509 2730 1564 ﬁlio
2761 1511 3023 1565 Ahicam.

2015 1583 2082 1636 Et
2114 1581 2269 1653 cepit
2297 1596 2398 1635 eos
2428 1579 2634 1635 Ismael
2671 1581 2826 1637 titius
2859 1582 3180 1653 Nathanim,

2089 1660 2146 1707 et
2175 1651 2319 1708 abiit
2351 1657 2413 1706 ut
2443 1653 2714 1707 transiret
2744 1655 2814 1708 ad
2852 1654 3001 1709 ﬁlios
3035 1651 3307 1710 Ammon.

1939 1752 1985 1816 B
2017 1722 2784 1816 Audivi‘tautem‘g‘obannan
2805 1725 3483 1816 Caree,etomnes
3506 1727 3666 1798 prin-

2159 1797 2317 1868 cipes
2376 1794 2743 1868 bellatorum,
2799 1797 2898 1868 qui
2955 1805 3123 1854 erant
3179 1814 3313 1853 cum
3363 1815 3451 1863 eo,
3495 1794 3668 1854 omne

2161 1866 2572 1938 malumquod
2603 1866 2830 1922 fecerat
2865 1869 3070 1924 Ismael
3131 1869 3285 1924 ﬁlius
3340 1871 3666 1925 Nathaniae.

2019 1940 2085 1994 Et
2117 1936 2447 2008 assumptis
2472 1937 2760 1994 universis
2793 1940 2951 2002 viris,
2989 1941 3227 2009 profecti
3263 1947 3422 2009 sunt,
3448 1949 3514 1997 ut
3546 1943 3669 1997 bel-

2160 2011 2349 2066 larent
2378 2009 2685 2064 adversum
2720 2011 2948 2079 Ismael,
2984 2009 3168 2066 ﬁlium
3203 2013 3524 2081 Nathaniae,

2088 2087 2147 2136 et
2176 2081 2690 2155 inveneruntAeum
2725 2083 2795 2137 ad
2825 2100 3010 2155 aquas
3041 2083 3277 2154 multas,

2091 2170 2216 2224 quea
2248 2152 2475 2224 suntin
2510 2151 2767 2208 Gabaon.

2018 2225 2095 2281 Cu
2108 2222 2195 2297 ing
2207 2240 2276 2297 ue
2296 2222 2526 2278 vidisset
2545 2225 2739 2297 omnis
2757 2224 3137 2297 populus,qui
3153 2230 3275 2280 erat
3293 2241 3422 2280 cum
3441 2226 3672 2294 Ismael,

2159 2295 2464 2370 Johannan
2500 2295 2685 2349 ﬁlium
2713 2295 2912 2364 Cares,
2948 2301 3004 2352 et
3045 2295 3349 2354 universos
3381 2298 3674 2370 principes

2163 2366 2514 2439 bellatorum
2551 2371 2649 2438 qui
2683 2372 2850 2423 erant
2880 2385 3014 2423 cum
3046 2386 3134 2439 eo,

2092 2438 2269 2493 laztati
2303 2444 2463 2493 sunt.

2020 2510 2086 2564 Et
2109 2526 2375 2634 reveraus
2399 2514 2488 2634 elst
2508 2507 2702 2633 pinnis
2716 2511 3170 2582 populus,quem
3193 2513 3672 2583 ceperatlsmael,

2165 2598 2226 2634 in
2257 2605 2272 2634 ι
2317 2598 2420 2634 asn
2470 2599 2496 2634 a
2562 2596 2574 2634 :

2165 2598 2226 2635 in
2257 2596 2529 2651 maspnat
2562 2596 2574 2634 :

2092 2650 2476 2723 reversusque
2507 2650 2651 2723 abiit
2682 2652 2753 2706 ad
2784 2651 3096 2709 Johannan
3132 2653 3318 2710 ﬁlium
3349 2655 3548 2711 Cares.

2022 2723 2230 2798 Ismael
2260 2722 2458 2798 autem
2493 2722 2646 2778 ﬁlius
2678 2723 2978 2779 Nathaniaa
3008 2726 3159 2798 fugit
3189 2742 3319 2782 cum
3335 2732 3466 2783 octo
3488 2725 3674 2782 virisa

2165 2795 2309 2850 facie
2339 2794 2674 2858 Johannan,

2091 2871 2150 2920 et
2181 2865 2323 2920 abiit
2356 2867 2425 2919 ad
2461 2865 2614 2920 ﬁlios
2644 2867 2911 2920 Ammon.

2020 2938 2175 3012 Tulit
2197 2953 2332 3012 ergo
2353 2937 2663 3012 Johannan
2691 2936 2848 2992 ﬁlius
2870 2939 3130 3003 Caree,et
3149 2954 3352 2994 omnes
3373 2939 3668 3012 principes

2164 3009 2529 3077 bellatorum,
2562 3009 2661 3079 qui
2695 3013 2860 3064 erant
2889 3025 3022 3063 cum
3054 3025 3142 3075 eo,

2098 3080 2399 3135 universas
2458 3079 2736 3151 reliquias
2795 3079 2972 3150 vulgi,
3033 3097 3181 3151 quas
3238 3082 3546 3137 reduxerat
3595 3084 3669 3136 al»

2168 3151 2379 3207 Ismael
2415 3151 2531 3206 ﬁlio
2564 3150 2864 3224 Nathanias
2895 3151 2977 3224 de
2993 3150 3279 3224 Maephat.

2100 3229 2408 3294 postquam
2464 3223 2756 3294 percussit
2802 3222 3340 3279 Godoliam‘ﬁlium
3373 3223 3620 3280 Ahicam
3656 3240 3668 3278 ε

2097 3295 2274 3350 fortes
2305 3295 2463 3368 viros
2492 3295 2561 3349 ad
2597 3294 2884 3368 praelium,
2917 3299 2973 3349 et
3003 3294 3302 3368 mulieres,
3331 3300 3390 3350 et
3438 3311 3672 3368 pueros,

2169 3373 2225 3420 et
2257 3365 2579 3433 eunuchos,
2613 3383 2760 3438 quos
2792 3367 3098 3422 reduxerat
3126 3368 3198 3422 de
3222 3365 3482 3423 Gabaon.

2027 3438 2095 3492 Et
2121 3439 2415 3502 abierunt,
2451 3442 2508 3492 et
2538 3442 2810 3492 sederunt
2860 3439 3296 3509 peregrinantes
3329 3439 3386 3494 in
3419 3439 3672 3494 Chama-

2167 3527 2260 3563 am
2296 3527 2422 3579 qua:
2452 3516 2538 3563 est
2563 3511 2732 3578 juxta
2759 3509 3136 3566 Beth-Leem.

2099 3585 2500 3706 utdpergerent
2529 3587 2585 3636 et
2612 3579 2924 3637 introirent
2952 3582 3260 3654 Egyptum
3285 3599 3318 3636 a
3341 3581 3486 3638 facie
3505 3580 3677 3637 Chal-

2209 3669 2421 3706 zeorum
2456 3669 2469 3706 :

2209 3669 2421 3707 zeorum
2456 3669 2469 3707 ζ

2026 3723 2338 3779 Timebant
2370 3724 2524 3779 enim
2556 3739 2678 3781 eos.

2098 3795 2238 3866 quia
2256 3799 2623 3866 percusserat
2653 3793 2858 3850 Ismael
2881 3793 3038 3850 ﬁlius
3058 3794 3676 3852 NathaniaaGodoliam

2171 3865 2357 3919 ﬁlium
2387 3865 2657 3928 Ahicam,

2099 3953 2272 4007 quem
2308 3939 2705 4008 praeposuerat
2734 3952 2832 3990 rex
2864 3935 3177 4008 Babylonis
3210 3935 3269 3989 in
3303 3938 3458 4008 terra
3503 3935 3676 4008 Juda.

2026 4005 2182 4080 (Cdp.
2217 4005 2408 4078 XLVII.)
2434 4005 2502 4061 Et
2527 4014 2900 4080 accesserunt
2930 4005 3133 4080 omnes
3167 4006 3461 4080 principes
3503 4005 3678 4080 bella-

2169 4077 2475 4142 torum.'et
2519 4078 2829 4134 Johannan
2890 4079 3044 4135 ﬁlius
3095 4078 3291 4148 Cares,
3323 4077 3379 4133 et
3406 4077 3676 4134 Jezonias

2171 4150 2327 4205 ﬁlius
2357 4149 2564 4216 Osaiaz,

2099 4227 2156 4277 et
2187 4222 2482 4292 reliquum
2514 4221 2724 4291 vulgus
2753 4238 2787 4277 a
2817 4238 2994 4293 parvo
3025 4237 3211 4293 usque
3241 4220 3308 4275 ad
3347 4235 3631 4292 magnum
3661 4237 3674 4275 :

2098 4293 2496 4364 Dixeruntque
2527 4293 2597 4348 ad
2631 4292 2944 4349 Jerem’iam
2979 4292 3330 4365 prophetam
3363 4308 3377 4347 :

2029 4364 2212 4422 Cedat
2244 4367 2429 4420 oratio
2463 4369 2662 4420 nostra
2692 4365 2751 4420 in
2785 4364 3103 4436 conspectu
3135 4369 3235 4419 tuo
3267 4379 3282 4418 :

2100 4443 2157 4493 et
2190 4453 2289 4490 ora
2321 4453 2423 4507 pro
2452 4436 2621 4491 nobis
2651 4437 2721 4491 ad
2755 4437 3070 4493 Dominum
3127 4440 3306 4491 Deum
3350 4437 3546 4504 tuum,
3575 4449 3677 4506 pro

2174 4508 2463 4564 universis
2496 4507 2737 4578 reliquis
2767 4508 2898 4564 istis
2933 4526 2946 4563 :

2028 4578 2174 4646 Quia
2203 4579 2464 4651 derelicti
2494 4595 2705 4651 sumus
2736 4579 2905 4651 pauci
2939 4580 3010 4634 de
3041 4578 3332 4650 pluribus,

2100 4651 2251 4706 sicut
2281 4649 2431 4706 oculi
2463 4650 2548 4704 tui
2581 4667 2687 4706 nos
2719 4649 3059 4718 intuenturi

2031 4723 2098 4778 Et
2128 4723 2439 4777 annuntiat
2471 4721 2639 4776 nobis
2673 4722 2953 4779 Dominus
3002 4723 3157 4779 Deus
3185 4725 3326 4778 tuus
3369 4719 3524 4776 viam
3575 4732 3678 4790 per

2173 4810 2352 4866 quam
2385 4808 2724 4866 pergamus,

2100 4869 2158 4921 et
2185 4863 2427 4920 verbum
2461 4863 2616 4935 quod
2650 4863 2954 4920 faciamus.

2029 4935 2186 5064 Rixét
2216 4941 2411 5018 autem
2444 4937 2515 4991 ad
2547 4953 2646 4992 eos
2675 4937 2964 4992 Jeremias
2998 4935 3281 5008 propheta
3308 4951 3322 4989 :

2087 5025 2121 5062 u
2174 5024 2246 5062 ivi
2283 5025 2296 5062 :

2087 5024 2246 5062 υαινι
2283 5025 2296 5062 2

2032 5080 2174 5135 Ecce
2195 5094 2300 5149 ego
2322 5093 2422 5133 oro
2437 5077 2507 5131 ad
2529 5077 2842 5133 Dominum
2867 5082 3048 5134 Deum
3073 5081 3332 5133 vestrum
3355 5074 3681 5132 secundum

2175 5150 2348 5206 verba
2377 5152 2588 5203 vestra.

2034 5221 2217 5278 Omne
2245 5219 2489 5346 Eubuli?
2522 5219 2918 5292 quodcunque
2947 5217 3317 5290 responderit
3337 5216 3506 5286 mihi,
3530 5214 3682 5270 indi-

2179 5309 2246 5346 ca
2291 5308 2323 5346 ο
2353 5307 2424 5346 vo
2471 5307 2543 5346 ιε.

2179 5307 2323 5348 0800
2353 5307 2544 5357 νουιε,

2107 5379 2211 5419 nec
2243 5361 2442 5418 celabo
2475 5377 2578 5418 vos
2601 5359 2963 5433 quidquam.

2037 5436 2107 5490 Et
2136 5434 2220 5489 illi
2252 5433 2525 5489 dixerunt
2544 5432 2615 5488 ad
2635 5432 2960 5488 'Jeremiam
2997 5447 3010 5486 :

2035 5507 2122 5561 Sit
2153 5504 2432 5560 Dominus
2462 5504 2614 5559 inter
2643 5520 2748 5558 nos
2778 5503 2947 5558 testis
2974 5499 3236 5556 veritatis
3265 5503 3317 5554 et
3349 5496 3506 5565 ﬁdei,

2181 5576 2230 5652 si
2261 5591 2375 5652 non
2402 5576 2568 5645 juxta
2594 5590 2767 5652 omne
2795 5575 3061 5652 verbum,
3093 5571 3159 5652 in
3194 5586 3331 5652 quo.
3360 5570 3603 5625 miserat
3630 5571 3688 5624 te

2181 5641 2469 5702 Dominus
2498 5653 2654 5703 Deus
2683 5651 2822 5700 tuus
2848 5646 2920 5700 ad
2952 5659 3082 5707 nos,
3113 5641 3198 5698 sic
3216 5641 3527 5697 faciemus.

2039 5718 2171 5776 Sive
2197 5719 2418 5793 bonum
2445 5723 2560 5793 est,
2580 5717 2712 5793 giYé
2742 5716 2988 5793 ωαιιιξω,
3028 5784 3044 5793 _

2111 5790 2237 5846 voci
2290 5789 2523 5847 Domini
2578 5787 2680 5846 Dei
2737 5788 2947 5861 nostrl,
2977 5784 3048 5844 ad
3080 5799 3256 5857 quem
3285 5783 3582 5843 mittimus
3610 5785 3688 5853 te,
