4028 6178
218 227 326 282 973

289 366 428 407 cum
459 348 738 405 omnibus
769 347 1016 420 reliquis
1045 348 1284 405 auxiliis
1314 349 1462 406 suis.

218 421 626 495 Depopulatus
676 424 766 495 est
813 419 968 495 enim
1013 420 1298 495 Dominus
1346 421 1705 492 Palaestinos,
1738 419 1874 477 reli-

366 492 539 565 quias
561 492 776 565 insulae
809 493 1214 565 Cappadociae.

161 604 170 612 ε
217 563 401 620 Venit
427 564 724 618 calvitium
755 579 934 634 super
963 563 1175 619 Gazam
1213 580 1226 620 :

293 636 580 692 conticuit
607 634 878 707 Ascalon,
912 634 1260 707 etsreliquiae
1289 635 1459 692 vallis
1491 653 1691 692 earum
1731 654 1744 692 :

291 723 603 779 usquequo
634 704 960 779 concideris
986 705 1008 759 Ρ

219 781 263 835 Ο
296 777 782 850 mucro’Domiui,
813 791 1122 850 usquequo
1151 794 1268 834 nou
1299 779 1569 849 quiescas
1590 780 1618 834 ?

218 851 535 923 Ingredere
563 849 624 904 iu
654 849 927 923 vaginam
958 855 1142 916 tuam,

289 919 670 993 refrigerare,
690 919 749 976 et
775 919 904 975 sile.

214 992 524 1061 Quomodo
575 992 858 1062 quiescet,
911 1009 1044 1048 cum
1099 992 1386 1049 Dominus
1437 993 1775 1064 praeceperit
1821 993 1872 1048 ei

363 1066 645 1148 adversus
697 1064 1064 1136 Ascalonem,
1097 1068 1156 1119 et
1204 1065 1487 1122 adversus
1541 1064 1872 1121 maritimas

358 1151 489 1207 ejus
523 1150 813 1207 regiones,

287 1202 494 1280 ibique
523 1202 848 1263 condixerit
876 1202 960 1258 illi
983 1204 1011 1280 ?_

863 1280 959 1329 AD
1000 1277 1218 1333 MOAB.

213 1348 671 1476 (CapiXLVlIII).
691 1349 816 1404 Haec
847 1348 992 1404 dicit
1020 1349 1307 1405 Dominus
1336 1348 1694 1406 exercituum
1718 1351 1871 1408 Deus

393 1437 524 1476 srae
583 1437 596 1474 :

393 1437 548 1476 sraei
583 1437 596 1474 ε

212 1494 312 1549 Vae
346 1508 529 1564 super
555 1491 717 1546 Nabo
747 1491 760 1546 l
794 1491 1075 1562 quoniam
1107 1496 1336 1549 vastata
1364 1499 1472 1561 est,
1493 1497 1550 1549 et
1577 1495 1822 1549 confusa
1853 1509 1867 1548 :

287 1570 468 1636 capta
499 1567 589 1619 est
618 1564 968 1636 Cariathaim
1002 1579 1016 1618 :

289 1636 542 1692 confusa
569 1641 658 1690 est
692 1635 875 1704 fortis,
907 1639 964 1689 et
994 1635 1256 1690 tremuit.

210 1714 345 1765 Non
378 1712 470 1763 est
497 1707 650 1762 ultra
681 1705 994 1761 exsultatio
1025 1707 1084 1760 in
1119 1707 1308 1771 Moab,

290 1784 501 1835 contra
529 1779 754 1833 Esebou
787 1777 1188 1847 cogitaverunt
1219 1778 1465 1834 malum.

213 1852 451 1914 Venite,
483 1854 540 1922 et
568 1849 978 1922 disperdamus
1009 1865 1136 1904 eam
1171 1850 1240 1904 de
1270 1854 1462 1922 gente.

284 1929 442 1994 Ergo
472 1921 652 1976 silens
684 1920 1060 1994 conticesces,

289 1991 687 2064 sequaturque
719 1999 774 2047 te
806 1991 1058 2064 gladius.

211 2065 344 2122 Vox
373 2063 648 2120 clamoris
680 2064 750 2118 de
782 2063 1058 2118 Oronaim
1092 2079 1107 2118 :

284 2137 561 2204 vastitas,
589 2139 647 2190 et
677 2134 946 2190 contritio
978 2150 1212 2206 magna.

210 2208 484 2264 Contrita
512 2213 602 2262 est
633 2207 799 2261 Moab
833 2224 846 2261 :

285 2278 638 2336 anuuutiate
670 2278 984 2333 clamorem
1019 2275 1277 2347 parvulis
1307 2277 1457 2347 ejus.

209 2357 648 2408 Perasceusum
674 2350 828 2404 enim
856 2348 1027 2402 Luith
1052 2347 1286 2418 plorans
1307 2349 1584 2404 ascendet
1606 2348 1663 2404 in
1688 2349 1864 2404 ﬂetu:

284 2421 663 2495 quoniamiu
689 2421 984 2495 descensu
1039 2419 1313 2475 Uronaim
1345 2419 1543 2476 hostes
1575 2420 1868 2476 ululatum

360 2492 735 2548 contritionis
770 2491 1085 2546 audierunt
1113 2507 1124 2546 :

205 2565 446 2635 Fugite,
480 2566 699 2618 salvate
728 2563 954 2635 animas
988 2566 1208 2635 vestras
1241 2577 1253 2615 :

282 2633 346 2691 et
376 2637 542 2691 eritis
570 2635 737 2706 quasi
769 2633 1352 2706 myriceiudeserto.

203 2713 327 2763 Pro
363 2724 430 2763 eo
461 2704 614 2762 enim
648 2706 802 2778 quod
836 2704 1492 2778 habuistisliduciam'ju
1524 2705 1865 2762 munitioni-

362 2780 497 2843 bus,
530 2784 586 2833 et
616 2776 681 2832 in“
705 2776 998 2832 thesauris
1029 2776 1172 2846 tuis,

283 2854 356 2905 tu
389 2865 625 2921 quoque
654 2849 904 2921 capieris
939 2864 952 2902 :

203 2927 279 2978 Et
317 2919 430 2975 ibit
459 2919 707 2976 Cb’amos
737 2919 796 2974 in
826 2919 1429 2989 transmigratienem,

285 2994 628 3048 sacerdotes
658 2993 808 3061 ejus,
841 2997 898 3047 et
929 2990 1225 3062 principes
1255 2993 1383 3061 ejus
1414 2991 1616 3048 simul.

208 3066 284 3120 Et
318 3064 516 3120 veniet
540 3065 735 3134 praedo
767 3064 837 3117 ad
871 3078 1099 3117 omnem
1131 3063 1358 3133 urbem,

282 3141 348 3192 et
376 3137 514 3190 urbs
545 3135 703 3189 nulla
733 3134 1055 3190 salvabitur
1089 3151 1102 3188 :

206 3209 282 3264 Et
319 3206 535 3278 peribit
559 3205 750 3270 vallis,
783 3214 836 3261 et
867 3206 1316 3278 dissipabuntur
1343 3205 1697 3278 campestria
1729 3220 1744 3261 :

282 3276 572 3350 quoniam
604 3278 751 3350 dixit
777 3276 1063 3350 Dominus
1096 3293 1110 3332 :

202 3347 358 3408 Date
389 3351 592 3404 ﬂorem
624 3349 816 3416 Moab,
847 3349 986 3419 quia
1016 3349 1229 3404 ﬂoreus
1259 3347 1593 3419 egredietur
1623 3363 1639 3402 :

277 3429 342 3503 et
372 3420 636 3503 civitates
668 3421 796 3503 ejuﬂs
827 3421 1071 3503 deserta:
1100 3424 1294 3503 erunt,
1325 3424 1397 3503 et“
1429 3419 1864 3503 inhabitabiles.

198 3492 585 3559 Maledictus,
619 3490 721 3563 qui
751 3491 890 3547 facit
919 3507 1074 3563 ropus
1097 3491 1353 3563 Domini
1371 3490 1768 3563 fraudulenter
1799 3493 1813 3528 ¹
1849 3509 1862 3548 :

279 3573 347 3622 et
402 3561 774 3648 maledictus,
830 3562 932 3634 qui
967 3561 1255 3634 'prohibet
1303 3561 1565 3634 gladium
1614 3579 1788 3618 suum
1833 3581 1866 3620 a

358 3652 672 3691 880201118.

202 3652 784 3765 Ρθιιιῗιῗὲξὲἰὶῃῧοδὶ)
815 3704 889 3760 ab
920 3704 1314 3760 adolescentia
1343 3721 1473 3774 sua,

274 3784 338 3834 et
372 3778 667 3848 requievit
699 3777 759 3832 in
792 3775 1034 3831 fascibus
1068 3775 1192 3848 suis
1225 3791 1240 3832 :

202 3852 333 3908 Nec
362 3847 705 3905 transfusus
735 3852 825 3904 est
853 3848 923 3902 de
947 3863 1082 3902 vase
1111 3847 1169 3902 iu
1197 3864 1320 3915 vas,

279 3927 343 3977 et
373 3923 437 3976 in
469 3918 1043 3990 transmigrationem
1079 3935 1195 3973 non
1227 3919 1370 3973 abiit
1401 3935 1416 3974 :

208 3994 447 4051 Idcirco
480 3991 804 4064 permansit
827 3995 1036 4064 gustus
1063 3991 1193 4064 ejus
1221 3990 1280 4044 in
1311 4006 1398 4055 eo,

285 4071 350 4120 et
378 4062 526 4121 odor
555 4065 684 4134 ejus
714 4062 952 4119 nonest
980 4062 1341 4134 immolatus.

208 4141 541 4208 Propterea
567 4131 698 4208 ecce
727 4134 852 4208 dies
881 4132 1136 4199 venient,
1169 4138 1234 4208 et,
1255 4131 1404 4208 dicit
1427 4131 1710 4208 Dominus
1743 4147 1756 4185 :

286 4203 354 4265 ef
379 4208 610 4262 mittam
629 4207 680 4262 ei
706 4205 1378 4273 ordinatores,stratores
1393 4203 1865 4275 laguncularum,

362 4283 424 4334 et
453 4282 716 4334 sterueut
745 4293 904 4342 eum,

287 4355 349 4406 et
378 4365 522 4406 vasa
551 4351 680 4420 ejus
711 4347 1073 4420 exhauriant,

285 4426 346 4478 et
378 4419 616 4478 leaenas
647 4436 847 4475 eorum
878 4419 1176 4475 collident.

206 4494 281 4548 Et
314 4490 490 4548 confu
503 4493 753 4547 udeutur
784 4491 951 4547 Moab
981 4507 1015 4546 a
1043 4490 1318 4556 Chamos,

285 4565 448 4621 sicut
477 4564 720 4619 confusa
749 4567 839 4618 est
866 4563 1080 4618 domus
1108 4561 1287 4617 Israel
1318 4575 1352 4615 a
1383 4558 1666 4631 Bethel,iu
1691 4572 1871 4630 quam

363 4635 622 4691 habebat
653 4634 954 4704 ﬁduciam,

209 4707 528 4774 Quomodo
559 4705 754 4764 dicitis
790 4721 803 4758 :

291 4779 497 4834 Fortes
529 4793 763 4842 sumus,
782 4779 840 4832 et
867 4775 978 4830 viri
1013 4773 1239 4831 robusti
1268 4773 1341 4830 ad
1371 4771 1803 4844 praliandum?

213 4849 470 4906 Vastata
500 4854 590 4904 est
619 4847 811 4916 Moab,

295 4928 353 4977 et
385 4921 651 4976 civitates
682 4913 844 4974 illius
873 4917 1264 4974 ascenderunt
1308 4915 1424 4985 (At.
1453 4913 1877 4985 succiderunt),

369 4997 429 5049 et
459 4990 624 5048 electi
647 4992 896 5063 juvenes
925 4990 1056 5060 ejus
1081 4986 1509 5046 descenderunt
1535 4987 1596 5043 in
1630 4986 1874 5044 occisio-

371 5079 508 5120 nem
541 5079 555 5118 Ζ

301 5283 318 5315 ¹
354 5277 751 5351 Exscriptores
780 5274 1077 5351 _Canouis_
1098 5273 1245 5351 ρει).
1273 5288 1394 5351 νεξςἔ
1426 5271 1782 5351 addiderunt
1811 5270 1882 5327 de

217 5367 336 5407 suo
363 5349 524 5406 aliud
557 5343 928 5414 adverbium,
959 5344 1234 5402 desidiose
1263 5343 1671 5414 scilicet,quod
1704 5359 1882 5402 manu

218 5420 542 5504 recentiori
600 5413 1043 5504 superpositum
1097 5417 1294 5504 etiam.
1324 5413 1614 5504 reperitur
1651 5413 1712 5495 in
1769 5430 1881 5504 ms:

220 5493 433 5549 codice
489 5485 846 5558 Corbeienéi,
901 5505 1066 5544 num.
1103 5489 1186 5543 l2.
1236 5485 1503 5558 Atrmss.
1555 5485 1772 5557 Regius
1829 5489 1887 5541 et

222 5563 606 5621 Colbertinus
636 5557 968 5618 Anicieusis
1000 5576 1213 5631 purum
1246 5557 1466 5631 habent
1487 5573 1721 5613 sacrum
1754 5572 1886 5612 con-

223 5640 460 5692 textum
492 5637 620 5691 sine
650 5633 752 5690 tali
787 5630 1208 5688 additamento.
1243 5630 1432 5686 MART.

309 5707 332 5741 ²
365 5708 604 5764 Vitulam
643 5712 1082 5772 conternantem,
1132 5703 1194 5758 iu
1243 5707 1454 5773 quarto
1499 5717 1640 5758 casu
1687 5697 1889 5772 legunt

230 5778 599 5850 exemplaria
648 5774 905 5833 Canonis
935 5790 1002 5832 ac
1046 5789 1191 5832 mss.
1224 5789 1450 5842 omnes,
1485 5789 1601 5830 uno
1650 5775 1887 5843 excepto

1403 229 1620 283 LIBER
1654 225 1984 280 JEREMIE
2026 221 2447 277 PROPHETE.

1898 1718 1948 1790 B

1903 4466 1951 4532 D

3521 239 3628 294 974

2059 343 2142 400 ait
2170 360 2289 429 rex,
2321 344 2608 429 Dominus
2625 347 2989 429 exercituum
3024 369 3236 429 nomen
3269 357 3416 429 ejus.

1988 417 2173 488 Prope
2203 421 2292 488 est
2323 417 2592 473 interitus
2622 421 2810 487 Moab,
2847 427 2910 477 ut
2943 426 3138 481 veniat
3171 444 3185 482 :

2055 487 2119 543 et
2144 487 2380 570 malum.
2397 489 2526 560 ejus
2556 489 2831 546 velociter
2859 502 3130 570 accurate
3162 499 3338 555 nimis
3372 517 3384 556 :

1983 558 2553 646 Consolamiuieum.
2575 566 2910 646 omnes,qui
2940 567 3080 646 estis
3109 569 3166 624 in
3199 572 3440 628 circuitu
3470 577 3627 646 ejus;

2054 636 2110 686 et
2142 634 2567 711 universi,_qui
2588 634 2754 690 scitis
2785 634 2994 711 uomen
3027 640 3176 711 ejus,
3209 643 3383 700 dicite
3418 663 3430 700 :

1981 702 2286 780 Quomodo
2318 702 2613 780 confracta
2642 711 2732 780 sst
2761 707 2920 778 virga
2950 702 3136 780 fortis,

2054 771 2301 828 baculus
2331 773 2624 831 gloriosus
2642 776 2670 831 ?

1981 845 2279 900 Descende
2311 845 2382 900 de
2407 845 2617 916 gloria,

2053 922 2110 970 et
2138 916 2277 996 sede
2309 917 2367 971 iu
2401 917 2520 996 siti,
2554 917 2840 996 habitatio
2872 920 3218 996 ﬁliaiDibon
3255 944 3269 982 :

1981 989 2579 1074 Quoniamhyastator
2610 989 2778 1046 Moab
2798 995 3075 1055 ascendit
3105 999 3175 1052 ad
3214 1003 3292 1070 te,
3323 1001 3629 1074 dissipavit

2124 1062 2484 1114 munitiones
2509 1063 2663 1117 tuas.

1983 1129 2045 1184 In
2077 1129 2170 1218 vine
2195 1133 2307 1218 sta,
2328 1133 2395 1218 .et
2424 1131 2712 1218 prospice,
2753 1133 3042 1218 habitatio
3073 1141 3253 1218 sroer
3277 1157 3306 1218 _:s
3330 1142 3628 1218 interroga

2073 1201 2464 1282 “fugientem,
2495 1201 2716 1260 et—eum
2749 1205 2858 1276 (Al.
2891 1208 2966 1280 ei)
3000 1210 3101 1282 qui
3134 1213 3337 1282 evasit,
3375 1214 3469 1270 dic
3504 1235 3517 1272 :

1980 1271 2128 1337 Quid
2160 1270 2418 1328 accidit?

1980 1344 2273 1400 Confusus
2303 1348 2392 1401 est
2427 1343 2618 1411 Moab,

2049 1416 2326 1484 quoniam
2359 1417 2546 1470 victus
2574 1421 2664 1472 est
2697 1433 2710 1473 :

2054 1485 2301 1553 Ululate,
2333 1493 2390 1542 et
2420 1487 2684 1554 clamate,

2051 1559 2402 1639 annuntiate
2435 1560 2493 1613 in
2515 1563 3034 1639 _Arnon,quoniam
3061 1571 3287 1625 vastata
3318 1575 3407 1626 est
3440 1573 3625 1628 Moab.

1983 1630 2371 1715 Etju‘dicium
2401 1630 2558 1686 venit
2605 1633 2678 1715 ad
2726 1630 2942 1715 terram
2993 1645 3418 1715 campestrem;
3451 1661 3630 1715 super

2125 1700 2290 1787 ἔφη,
2324 1712 2383 1757 et
2405 1718 2588 1787 super
2605 1703 2830 1787 Jasa,et
2858 1723 3039 1780 super
3069 1700 3430 1784 Mephath,elt
3452 1700 3630 1787 super

2123 1771 2333 1841 Dibon,
2367 1779 2424 1828 et
2453 1771 2630 1845 super
2659 1777 2842 1843 Nabo,

2049 1847 2314 1926 etsuper
2343 1845 2585 1926 domum
2635 1846 3029 1926 I_)eb_lat_haim_,
3073 1857 3130 1908 et
3162 1870 3339 1926 super
3385 1857 3626 1914 Charia-

2118 1914 2327 1985 thaim,
2347 1921 2416 1989 et
2443 1933 2622 1989 super
2643 1914 3050 1989 Beth-Gamul,

2047 1991 2106 2042 et
2121 1988 2712 2123 ﬁgpr’Beth-Maon,
2743 1995 2801 2047 et
2844 1988 3311 2067 superCarioth,
3349 2002 3402 2054 et
3448 2017 3627 2073 super

2048 2135 2106 2185 et
2136 2146 2316 2214 super
2345 2145 2551 2186 omnes
2580 2130 2846 2214 civitates
2875 2137 3037 2192 terrae
3066 2136 3397 2212 Moab,qua3
3429 2141 3623 2214 longe,

2120 2206 2178 2256 et
2207 2218 2334 2272 quis
2365 2216 2545 2272 prope
2577 2209 2736 2258 sunt.

1974 2272 2316 2328 Abscissum
2348 2277 2438 2328 est
2470 2290 2650 2329 cornu
2682 2275 2872 2343 Moab,

2047 2349 2105 2399 et
2134 2343 2438 2400 brachium
2470 2346 2600 2414 ejus
2629 2348 2948 2404 contritum
2979 2354 3084 2415 est,
3119 2353 3201 2408 ait
3231 2355 3533 2413 Dominus.

1975 2415 2264 2540 Inebriute
2295 2432 2452 2484 eum,
2486 2417 2766 2490 quoniam
2798 2426 3002 2478 contra
3049 2423 3364 2482 Dominum
3397 2435 3626 2484 erectus

2117 2504 2179 2540 es
2237 2503 2250 2540 :

2117 2503 2206 2542 681.
2237 2503 2250 2542 ζ

2046 2562 2105 2638 et
2134 2556 2338 2638 allidet
2368 2574 2611 2638 manum
2643 2562 2806 2638 Moab
2838 2563 2900 2638 iu
2930 2565 3150 2622 vomitu
3184 2585 3312 2638 suo,

2047 2635 2106 2705 et
2133 2630 2245 2705 erit
2275 2628 2334 2684 in
2359 2629 2626 2705 derisum
2657 2636 2833 2689 etiam
2866 2636 3012 2705 ipse.

1976 2702 2112 2757 Fuit
2143 2700 2527 2782 enirn-tibiam
2560 2704 2820 2782 derisum
2853 2700 3052 2770 Israel,

2047 2773 2216 2845 quasi
2248 2773 2400 2846 inter
2433 2773 2590 2828 fures
2621 2777 2940 2846 reperisses
2970 2794 3104 2833 eum
3141 2794 3153 2834 :

1977 2843 2218 2916 Prdpter
2244 2843 2421 2926 verba
2441 2860 2572 2926 ergo
2603 2843 2706 2926 tua
2725 2863 2856 2918 quae
2885 2850 3167 2906 adversus
3200 2851 3367 2908 illum
3390 2853 3622 2911 locutus

2046 2933 2128 2985 es,
2161 2916 2426 2984 captivus
2457 2916 2708 2972 duceris.

1975 2986 2688 3112 Relinquiﬁieocigitatesmt
2720 2989 2974 3048 habitata
3006 2994 3062 3049 in
3097 2999 3279 3067 petra,
3315 2997 3618 3053 habitato-

2119 3075 2210 3112 res
2341 3075 2372 3112 a
2445 3075 2458 3112 :

2119 3075 2210 3113 1‘68
2244 3075 2411 3113 Μοειο
2445 3075 2458 3114 Ξ

2051 3133 2324 3255 etfsstote.
2339 3129 2511 3211 quasi
2543 3129 2814 3188 columba
2835 3135 3144 3194 nidiﬁcans
3175 3138 3234 3195 in
3267 3157 3500 3196 summo
3529 3157 3625 3197 ore

2143 3217 2446 3255 oramiuis.

2143 3217 2446 3256 oramlnis.

1974 3271 2318 3345 Audivimus
2349 3273 2686 3344 superbiam
2719 3280 2908 3345 Moab,

2047 3344 2336 3426 superbus
2365 3349 2456 3399 est
2478 3345 2688 3426 valde;

1977 3415 2414 3498 Sublimitatem
2428 3417 2590 3498 .ejus,
2620 3422 2678 3473 et
2706 3423 3122 3498 arrogantiam,
3157 3428 3214 3480 et
3262 3427 3623 3498 superbiam,

2117 3493 2174 3543 et
2203 3487 2582 3545 altitudinem
2614 3491 2808 3546 cordis
2839 3487 3023 3550 illius.

1975 3561 2092 3632 Ego
2123 3559 2265 3624 scio,
2300 3559 2386 3641 ait
2429 3559 3129 3641 Dominustjactautiam
3165 3569 3295 3638 ejus
3329 3587 3343 3625 :
3376 3575 3434 3625 et
3461 3572 3618 3641 quod

2117 3647 2232 3714 non
2265 3629 2344 3714 sit
2366 3631 2534 3714 juxta
2560 3648 2685 3714 eam
2717 3629 2903 3714 yirtus
2932 3638 3082 3707 ejus,
3117 3629 3223 3696 nec
3246 3643 3417 3711 juxta
3464 3629 3621 3712 quod

2115 3707 2342 3774 poterat
2371 3708 2576 3757 conata
2605 3705 2683 3758 sit
2713 3705 2920 3761 facere.

1973 3773 2105 3829 Ideo
2122 3773 2312 3844 super
2339 3774 2504 3828 Moab
2528 3775 2779 3844 ejulabo,

2045 3850 2102 3900 et
2132 3845 2204 3899 ad
2239 3844 2404 3899 Moab
2435 3845 2772 3900 universam
2804 3847 3094 3914 clamabo,

2046 3917 2117 3971 ad
2149 3915 2304 3970 viros
2340 3915 2492 3970 muri
2523 3915 2721 3972 fictilis
2751 3917 3163 3977 lamentantes.

1974 3987 2055 4043 De
2087 3986 2322 4068 planctu
2351 3987 2519 4068 Jazer
2557 3988 2796 4068 plorabo
2827 3990 2954 4059 tibi,
2989 3993 3157 4048 vinea
3180 3995 3425 4051 Sabama
3463 4011 3477 4051 :

2048 4061 2401 4134 propagin_es
2434 4063 2547 4114 tuae
2574 4061 2932 4134 transierunt
2963 4080 3141 4134 mare,

2048 4145 2238 4200 usque
2271 4130 2340 4185 ad
2373 4145 2538 4186 mare
2564 4131 2735 4188 Jazer
2763 4130 3154 4204 pervenerunt
3187 4153 3200 4192 :

1975 4207 2162 4283 Super
2197 4216 2448 4326 uicissem
2501 4210 2660 4258 tuam
2693 4208 2751 4259 et
2777 4204 3132 4264 vindemiam
3182 4214 3370 4279 tuam,
3431 4209 3626 4280 praedo

2120 4288 2264 4326 irrui
2301 4313 2314 4326 .

1980 4288 2530 4470 Αωαέἓῑὲὲέῗῑὲἱα
2559 4347 2616 4400 et
2645 4345 2953 4405 exsultatio
3002 4350 3074 4406 de
3119 4349 3424 4408 Charmelo
3473 4351 3630 4407 etde

2392 4432 2424 4469 a
2471 4454 2486 4470 .

2124 4423 2279 4471 terra
2299 4423 2486 4481 Moab,

2051 4491 2106 4542 et
2137 4486 2337 4541 vinum
2367 4486 2437 4541 de
2466 4487 2858 4546 torcularibus
2891 4491 3106 4547 sustuli
3141 4508 3154 4546 :

2052 4574 2430 4685 netquﬁpuam
2461 4557 2716 4615 calcatur
2766 4579 2886 4617 uvae
2917 4563 3158 4619 solitum
3192 4563 3458 4621 celeuma
3489 4581 3631 4622 cau-

2149 4647 2183 4684 a
2227 4646 2241 4684 ι
2277 4671 2292 4685 .

2149 4646 2292 4685 80113.

1982 4701 2061 4757 De
2087 4700 2342 4756 clamore
2371 4699 2599 4758 Esebon
2631 4719 2821 4776 usque
2851 4705 3062 4775 Eleale,
3093 4711 3150 4762 et
3177 4707 3637 4774 Jasa,dederuut

2123 4788 2321 4829 vocem
2353 4789 2551 4835 suam.

1983 4848 2033 4900 Δ
2063 4843 2245 4916 Segor
2274 4859 2463 4914 usque
2494 4845 2567 4900 ad
2600 4845 2897 4916 Orouaim,
2929 4848 3114 4905 vitula
3153 4853 3534 4906 conternaute
3565 4851 3586 4886 ³
3619 4865 3634 4906 :

2057 4931 2221 4990 aqua)
2244 4931 2479 4990 quoque
2508 4916 2770 4990 Nemrim
2799 4921 3070 4990 pessimae
3101 4927 3275 4977 erunt
3308 4939 3321 4978 :

1987 4987 2057 5042 Et
2081 4987 2444 5114 autfcﬁrsnisde
2470 4988 2656 5055 Moab,
2699 4987 3140 5062 ait'Dominus,
3192 4993 3528 5050 offerentem
3576 4992 3637 5046 iu

1993 5269 2327 5344 Colbertino
2379 5269 2701 5344 Aniciensi,
2748 5273 2850 5344 qui
2898 5277 3130 5330 sextum
3179 5275 3392 5331 retinet
3441 5292 3644 5332 casum

1994 5358 2136 5418 cum
2160 5340 2411 5412 Vulgata
2454 5343 2656 5400 Latina
2683 5340 2905 5418 nostra,
2940 5350 3006 5418 ut
3036 5346 3129 5418 sit
3152 5363 3387 5418 sensus,
3417 5365 3452 5402 a
3481 5348 3649 5418 Segor

1996 5415 2173 5488 vitula
2203 5419 2568 5488 contemgnte
2609 5432 2781 5488 usque
2809 5416 2888 5472 ad
2934 5417 3210 5486 Oronaim,
3242 5417 3301 5473 id
3350 5415 3508 5474 enim
3542 5415 3646 5473 no-

1998 5485 2174 5569 minis
2199 5489 2255 5540 et
2286 5485 2704 5569 appellationis
2731 5488 2955 5543 obtinet
2984 5485 3328 5569 Se_gor,non_
3349 5489 3648 5553 Oronaim,

1998 5557 2134 5613 Isai.
2167 5572 2296 5638 cap.
2328 5557 2651 5638 xv.“Latiui
2680 5563 2876 5614 tamen
2916 5557 3125 5638 versis
3153 5557 3433 5638 Paguina,
3461 5576 3648 5638 quam

1997 5632 2208 5710 vocant
2245 5626 2722 5710 ‘interlinearem,
2782 5631 3048 5710 eamdem
3112 5626 3284 5688 habét
3342 5626 3652 5710 lectionem

2001 5701 2196 5776 quarti
2227 5701 2712 5776 casus,__z_)i'tulam_
2741 5705 3177 5774 contemantcm,
3210 5704 3364 5776 quod
3399 5721 3507 5760 sua
3535 5719 3654 5761 non

2001 5769 2161 5829 caret
2190 5769 2621 5843 probabilitate.
2655 5772 2848 5832 Maa'r.
