2014 3089
182 123 235 150 9'79

217 185 316 212 leones
327 184 476 218 ejecerunt
495 190 562 210 eum
576 190 582 209 :

182 222 300 249 Primus
316 219 441 247 comedit
456 227 522 246 eum
540 226 589 245 rex
605 220 699 244 Assur

218 258 274 284 iste
290 254 468 282 novissimus
484 253 630 282 exossavit
645 261 724 280 eum.
743 251 1011 280 Nabuchodonosor

219 301 268 319 rex
284 290 450 326 Babylonis.

185 323 354 363 Propterea'
374 326 435 353 haec
459 325 529 353 dicit
553 324 695 352 Dominus
723 323 905 351 exercituum
934 323 1011 351 Deus

220 362 307 390 Israel
322 371 328 389 :

185 402 256 427 Ecce
271 406 323 434 ego
339 396 465 434 visitabo
480 404 577 431 regem
598 395 803 431 Babylonis,et
813 396 922 423 terram
936 394 1010 429 ejus,

222 433 299 462 sicut
312 433 426 460 visitavi
438 440 536 467 regem
562 433 670 459 Assur:

220 473 249 498 et
266 469 404 497 reducam
422 466 510 496 Israel
523 467 558 495 ad
576 466 777 494 habitaculum
794 470 882 494 suum
896 474 903 493 :

222 508 250 533 et
265 508 403 541 pascatur
417 502 602 542 Ch_ar_mel_um
615 504 761 542 etRBasap,
790 539 795 542 _
857 537 863 542 _
878 536 895 542 Π
987 535 992 542 Ι

221 544 251 569 et
265 536 294 567 in
310 542 440 567 montem
449 539 585 575 Ephraim
596 540 623 566 et
633 538 743 566 Galaad
755 536 937 565 saturabitur
946 536 1012 564 ani-

259 585 309 604 ma
324 583 399 604 eius.

188 614 220 640 In
237 584 426 643 digguglliliis,
443 612 472 637 et
487 610 517 637 in
534 612 665 645 tempore
680 609 742 642 illo,
759 609 801 636 ait
816 608 968 643 Dominus,

222 649 370 684 quaeretur
385 646 527 684 iniquitas
538 644 638 679 Israel,
651 647 683 684 et
698 644 838 684 nouerit,

224 680 251 712 et
267 680 517 719 peccatumJuda,
533 683 562 708 et
577 688 635 719 non
650 680 831 719 invenietur:

187 716 330 753 Quoniam
347 717 494 754 propitius
507 725 555 744 ero
570 716 623 754 eis,
639 724 713 752 quos
729 716 884 754 reliquero.

186 752 278 791 Super
293 752 634 791 terramdominantium
651 752 786 791 ascende.

224 788 251 819 et
267 798 356 825 super
371 789 552 816 habitatores
568 789 632 823 ejus
648 788 734 815 visita
750 797 757 821 ς

189 822 318 862 Dissipa,
334 829 363 853 et
378 825 509 852 intcrtice
530 822 593 858 quas
610 826 675 858 post
704 831 753 850 eos
778 824 858 856 sunt,
887 822 929 849 ait
957 822 1015 850 Do-

261 869 331 889 nus:

224 900 253 926 ct
269 897 407 932 iacjuxta
421 896 521 923 omnia
532 893 818 931 quze:przecepi_tibi.

190 934 252 962 Vox
267 933 336 961 belli
352 932 383 959 in
399 934 487 963 terra,

226 972 255 997 et
268 968 404 997 contritio
421 975 537 1003 magna.

188 1005 338 1038 Quomodo
354 1000 518 1031 confractus
534 1004 579 1030 est
594 1005 623 1030 et
637 1001 783 1029 contritus
797 1000 921 1029 malleus
950 1001 1016 1028 uni-

260 1048 351 1068 versas
361 1042 449 1067 terra;
460 1039 473 1065 τ

223 1076 370 1112 quomodo
386 1082 470 1102 versa
484 1075 528 1101 est
543 1073 572 1100 in
588 1073 739 1100 desertum
755 1072 883 1108 Babylon
900 1072 930 1100 in
946 1079 1017 1108 gen-

264 1112 355 1138 tibus.

194 1147 352 1182 lllaqueavi
368 1149 405 1178 te,

226 1179 353 1218 ct'capta
368 1190 398 1209 es
413 1180 552 1218 Babylon,
567 1182 595 1207 et
611 1179 763 1207 nesciebas
777 1187 784 1207 :

194 1216 315 1246 Inventa
331 1226 361 1245 es
377 1219 405 1244 et
420 1216 623 1252 apprehensa:

229 1254 369 1290 quoniam
390 1250 553 1290 Dominum
566 1250 741 1287 provocasti.

192 1288 315 1326 Aperuit
327 1289 467 1326 Dominus
484 1288 656 1326 thesaurum
667 1294 765 1319 suum,

230 1329 258 1353 et
276 1325 399 1362 protulit
414 1332 482 1351 vasa
498 1324 546 1362 irm
563 1330 641 1362 suae:

226 1357 367 1398 quoniam
379 1368 456 1398 opus
470 1361 515 1386 est
530 1360 669 1387 Dominus
677 1357 900 1386 Deoexercitum
911 1357 940 1385 in
966 1360 1020 1386 ter-

266 1405 298 1425 ra
316 1395 532 1427 Chaldaeorum,

193 1433 295 1461 Venite
309 1433 343 1460 ad
359 1439 423 1459 eam
441 1431 476 1458 ab
491 1430 629 1459 extremis
642 1430 762 1465 ﬁnibus,

230 1468 340 1504 aperite
356 1470 389 1495 ut
403 1469 507 1504 exeant
523 1466 572 1502 qui
584 1465 756 1504 consuluerit
770 1473 834 1492 eam
848 1473 855 1492 :

196 1501 301 1532 Tollite
312 1504 347 1531 de
362 1503 408 1530 via
424 1501 546 1538 lapides,
562 1504 591 1530 et
602 1501 722 1537 redigite
737 1502 766 1528 in
783 1509 912 1535 acervos,

228 1542 258 1567 et
273 1539 428 1566 interficite
443 1546 507 1566 eam
520 1547 527 1565 :

228 1583 281 1603 nec
293 1574 331 1602 sit
348 1574 512 1610 quidquam
528 1572 685 1610 reliquum,

196 1611 344 1645 Dissipate
356 1608 508 1636 universos
524 1609 612 1636 fortes
627 1608 701 1643 ejus,

226 1644 404 1673 descendant
420 1646 448 1671 in
465 1644 651 1673 occisionem.

196 1682 244 1709 Vm
261 1682 313 1714 cis,
331 1682 399 1716 quia
414 1681 492 1707 venit
506 1680 568 1708 dies
583 1687 696 1713 eorum,

225 1720 342 1751 tempus
358 1716 533 1744 visitationis
550 1723 665 1743 eorum.

710 121 741 146 S.
761 119 965 147 HIERONYMI
985 119 1113 145 DIVINA
1131 116 1379 145 BIBLIOTHECA.

1021 181 1048 214 Α
1099 179 1203 207 nolunt
1218 179 1366 207 dimittere
1377 188 1437 207 eos.

1065 216 1242 251 Redemptor
1254 222 1356 243 eorum
1377 215 1472 249 fortis,

1101 252 1243 279 Dominus
1259 251 1440 278 exercituum
1457 258 1563 279 nomen
1579 251 1644 286 ejus
1661 259 1669 284 ;

1066 288 1097 315 In
1110 286 1223 322 judicio
1239 287 1375 314 defendet
1390 295 1510 315 causam
1526 295 1640 321 eorum,

1101 321 1133 350 ut
1148 324 1293 350 exterreat
1306 326 1426 358 terram,
1450 326 1479 350 et
1504 323 1686 350 commoveat
1710 321 1895 350 habitatores

1136 358 1303 385 Babvlonis.

1160 366 1303 386 RDVlOnlS.

1064 367 1414 428 Gladiiiisoyaldnglialdaaos,
1432 393 1472 421 ait
1487 393 1641 428 Dominus,

1100 432 1130 458 et
1145 430 1181 457 ad
1192 429 1372 457 habitatores
1388 429 1553 465 Babylonis,
1569 431 1597 457 et
1620 429 1656 457 ad
1680 428 1845 465 principes,
1870 433 1899 457 et

1136 466 1172 493 ad
1189 466 1337 500 sapientes
1353 465 1428 500 ejus.

1066 501 1188 529 Gladius
1203 500 1239 528 ad
1256 501 1371 528 divinos
1387 501 1462 535 ejus,
1479 500 1527 535 qui
1543 500 1626 528 stulti
1642 502 1748 528 erunt:

1102 536 1219 572 gladius
1235 537 1271 564 ad
1287 537 1375 564 fortes
1391 536 1482 570 illius,
1499 536 1549 572 qui
1565 536 1732 564 timebunt:

1067 573 1188 601 Gladius
1202 572 1238 599 ad
1253 573 1425 608 equosejus,
1444 576 1472 600 et
1484 573 1519 599 ad
1536 580 1640 600 currus
1655 572 1731 607 ejus,

1103 611 1131 636 et
1146 608 1181 635 ad
1198 607 1286 635 omne
1300 608 1415 644 vulgus.
1432 608 1509 643 quod
1524 611 1570 635 est
1586 607 1615 635 in
1631 608 1729 635 medio
1746 607 1811 643 ejus
1825 616 1833 635 :

1103 646 1132 671 et
1146 646 1233 671 erunt
1245 644 1331 679 quasi
1347 644 1485 671 mulieres
1497 651 1504 671 ε

1069 680 1190 707 Gladius
1205 679 1241 707 ad
1255 679 1411 708 thesauros
1426 679 1501 715 ejus,

1104 716 1154 757 qui
1167 715 1277 750 deripis
1283 718 1360 743 ntur.

1068 750 1183 779 Siciitas
1208 759 1297 786 super
1310 760 1402 786 aquas
1418 751 1483 786 ejus
1498 750 1562 784 erit,
1578 753 1607 778 et
1623 753 1768 784 arescent,

1105 787 1174 823 quia
1189 785 1268 814 terra
1282 785 1466 823 sculptilium
1483 789 1538 820 est,
1561 789 1589 814 ct
1613 786 1642 813 in
1667 786 1813 822 portentis
1833 785 1900 822 glo-

1141 823 1265 850 riantur.

1031 863 1054 895 Β
1071 859 1225 895 Propterea
1240 858 1418 886 habitabunt
1433 857 1898 895 draconescumfaunisiicariis*z

1123 893 1151 921 et
1163 894 1340 922 babitabunt
1351 895 1381 921 in
1394 902 1428 922 ea
1443 893 1622 921 struthiones
1636 902 1642 920 :

1070 930 1105 957 Et.
1124 938 1180 958 non
1198 929 1413 958 inhabitabitur
1428 929 1506 957 ultra
1521 937 1615 965 usque
1631 929 1666 956 ad
1681 929 1899 964 sempiternum

1106 973 1158 994 nec
1173 968 1339 994 exstruetur
1350 974 1441 1001 usque
1453 965 1488 993 ad
1503 965 1721 1001 generationem
1733 968 1763 993 et
1776 972 1901 1001 genera-

1141 1001 1264 1029 tionem.

1070 1036 1149 1065 Sicut
1163 1037 1306 1065 subvertit
1322 1038 1397 1065 Deus
1409 1037 1566 1065 Sodomam
1589 1038 1619 1065 et
1639 1036 1847 1070 Gomorrham,
1873 1038 1903 1064 et

1141 1073 1254 1101 vicinas
1269 1074 1344 1107 ejus,
1361 1073 1403 1100 ait
1417 1071 1557 1100 Dominus
1575 1080 1582 1100 :

1107 1117 1166 1172 ntpn
1181 1107 1327 1151 habitabit
1342 1108 1382 1136 ibi
1395 1109 1448 1144 vir,
1464 1110 1493 1136 et
1507 1116 1565 1136 non
1591 1107 1698 1136 incolet
1726 1116 1792 1136 eam
1822 1107 1903 1135 ﬁlius

1142 1153 1250 1172 ominis
1263 1152 1269 1172 :

1142 1153 1250 1172 omlnis
1263 1152 1269 1172 ε

1070 1180 1143 1208 Ecce
1159 1180 1285 1216 populus
1294 1179 1373 1207 venit
1388 1180 1424 1207 ab
1440 1179 1589 1215 aquilone,
1603 1181 1632 1207 et
1645 1187 1717 1215 gens
1733 1187 1855 1215 magna,

1107 1218 1136 1243 et
1147 1224 1228 1253 reges
1243 1216 1328 1243 multi
1340 1218 1519 1253 consurgent
1533 1224 1550 1243 θ.
1567 1216 1675 1243 finibus
1690 1218 1784 1243 terras.

1071 1252 1225 1280 Arcum'et
1239 1253 1357 1280 scutum
1368 1252 1589 1287 apprehendent
1607 1258 1613 1278 :

1107 1288 1238 1315 crudeles
1255 1289 1325 1315 sunt
1339 1290 1367 1315 et
1382 1287 1652 1315 immisericordes:

1071 1324 1132 1351 Vox
1148 1332 1248 1351 eorum
1265 1323 1349 1359 quasi
1364 1323 1500 1351 sonabit:

1107 1362 1136 1387 et
1151 1367 1237 1395 super
1251 1367 1343 1394 equos
1359 1359 1529 1391 ascenderit,

1107 1393 1241 1458 silpult‘vir
1256 1393 1377 1431 paratus
1393 1395 1430 1422 ad
1446 1394 1577 1431 pralium
1589 1396 1692 1422 contra
1706 1396 1744 1429 te,
1764 1393 1825 1422 ﬁlia
1850 1394 1903 1421 Ba-

1146 1440 1163 1458 v
1177 1440 1224 1458 on.

1177 1440 1224 1464 on,

1073 1440 1253 1494 Audliiiigii'ex
1268 1465 1425 1502 Babylonis
1441 1466 1550 1493 famam
1567 1474 1680 1501 eorum,

1107 1504 1136 1530 et
1147 1502 1300 1530 dissolutae
1316 1503 1386 1529 sunt
1402 1510 1508 1530 manus
1523 1503 1605 1537 ejus:

1075 1538 1222 1580 angustia
1237 1538 1431 1580 apprehendit
1445 1546 1523 1572 eum,

1077 1573 1160 1601 dolor
1175 1573 1492 1609 quasiparturientem.

1077 1612 1149 1637 Ecce
1173 1608 1257 1645 quasi
1271 1608 1318 1637 leo
1333 1610 1465 1637 ascendit
1479 1610 1515 1637 de
1540 1608 1679 1644 superbia
1701 1608 1844 1636 Jordanis
1873 1609 1909 1636 ad

1126 1645 1379 1681 pulchritudinem
1395 1645 1547 1681 robustam
1564 1653 1569 1672 :

1112 1679 1182 1717 q‘uia
1196 1681 1295 1709 subito
1312 1689 1427 1709 currere
1438 1689 1507 1709 eum
1525 1680 1629 1708 faciam
1646 1680 1681 1707 ad
1700 1679 1793 1717 illam.

1075 1715 1193 1752 Et‘quis
1209 1717 1265 1745 erit
1279 1716 1399 1749 electus,
1417 1725 1504 1752 quem
1521 1724 1688 1752 preponam
1705 1715 1730 1743 ei
1746 1715 1758 1742 ?

198 1752 258 1780 Vox
282 1749 469 1787 fugientium,
495 1754 523 1779 et
538 1756 639 1779 'eorum
656 1749 707 1786 qui
723 1752 879 1778 evaserunt
893 1750 929 1778 de
946 1752 1023 1778 terra
1076 1749 1146 1784 Quis
1161 1753 1238 1781 enim
1255 1753 1362 1780 similis
1377 1749 1453 1780 mei?
1468 1755 1497 1780 et
1509 1749 1752 1788 quis—sustinebit
1767 1751 1840 1788 me?

248 1788 414 1821 Babylonis,

248 1798 307 1815 UﬂD
322 1798 404 1815 'lUnlS

230 1826 262 1852 ut
276 1798 453 1852 anituntient
467 1823 495 1849 in
511 1822 578 1849 Sion
594 1821 736 1850 ultionem
752 1821 865 1849 Domini
881 1822 932 1849 Dei
954 1830 1021 1850 nos-

232 1859 279 1893 tri,
298 1859 439 1887 ultionem
456 1859 557 1893 templi
572 1858 646 1892 ejus.

195 1896 370 1923 .tnnuntiate
383 1896 411 1922 in
429 1892 603 1929 Babylonem
616 1892 763 1929 plurimis,

231 1931 369 1958 omnibus
386 1930 435 1965 qui
451 1930 578 1957 tendunt
598 1936 697 1956 arcum
714 1937 720 1955 ε

195 1966 352 1995 Consistite
364 1967 503 1993 adversus
519 1973 583 1992 eam
600 1972 651 2000 per
666 1972 782 2000 gyrum,

229 2005 258 2030 et
274 2002 374 2030 nullus
385 2002 509 2029 evadat:
573 2029 575 2031 _

196 2038 319 2066 Reddite
334 2038 360 2065 ei
376 2037 539 2065 secundum
555 2044 629 2071 opus
644 2041 733 2063 suum
750 2035 856 2071 :juxta

245 2074 340 2101 omnis
359 2081 422 2108 quae
440 2072 518 2106 fecit,
534 2070 620 2099 facite
631 2070 674 2098 illi
688 2078 694 2098 :

228 2110 296 2145 quia
311 2107 413 2137 contra
426 2108 586 2136 Dominum
603 2109 701 2135 erecta
717 2109 772 2140 est,
789 2107 930 2135 adversus
939 2114 1021 2135 sanc-

246 2148 310 2173 tum
327 2145 427 2172 Israel.

194 2181 303 2208 Idcirco
319 2181 423 2208 cadent
433 2180 557 2214 juvenes
572 2178 636 2213 ejus
650 2178 680 2205 in
692 2177 797 2213 plateis
812 2178 876 2213 ejus

231 2219 380 2266 etp‘mne's‘
391 2215 445 2266 y‘iri
461 2215 617 2256 bellatores
632 2214 697 2249 ejus
712 2214 909 2242 conticescent
919 2214 949 2242 in
973 2215 1019 2242 die
1036 2234 1061 2266 D

264 2252 324 2286 illa,
341 2252 382 2279 ait
394 2252 545 2279 Dominus.

193 2288 264 2315 Ecce
276 2295 327 2321 ego
343 2288 379 2314 ad
395 2290 433 2321 te,
450 2286 587 2322 superbe,
602 2285 673 2312 dicit
689 2285 830 2313 Dominus
846 2286 924 2314 Deus
941 2292 1020 2313 exer-

266 2323 399 2350 cituum:

229 2358 298 2393 quia
312 2358 392 2385 venit
406 2357 469 2385 dies
485 2359 564 2390 tuus,
581 2358 699 2391 tempus
714 2356 892 2384 visitationis
909 2360 974 2385 tuae.

193 2395 227 2421 Et
243 2395 326 2435 cadet
341 2394 499 2435 superbus,
516 2395 544 2419 et
554 2394 681 2435 corruet,

227 2432 256 2457 et
272 2438 329 2457 non
347 2427 402 2457 erit
417 2429 468 2465 qui
489 2427 612 2465 suscitet
623 2435 691 2465 eum
705 2435 712 2455 :

191 2466 226 2493 Et
241 2463 533 2500 succendam'ignem
545 2464 575 2500 in
591 2463 716 2500 urbibus
726 2463 801 2498 ejus,

228 2504 257 2529 et
272 2500 422 2529 devorabit
437 2499 534 2528 omnia
551 2499 579 2527 in
595 2499 720 2526 circuitu
735 2500 808 2534 ejus.

193 2537 259 2564 Haec
273 2537 345 2564 dicit
362 2536 503 2564 Dominus
518 2535 716 2568 exercituum;

192 2572 377 2600 Calumniam
394 2572 542 2599 sustinent
557 2571 610 2598 filii
626 2570 726 2604 Israel,

227 2611 256 2636 et
267 2608 319 2635 filii
334 2608 411 2635 Juda
426 2606 516 2635 simul
534 2615 540 2641 ;

191 2645 312 2678 Omnes,
328 2644 376 2680 qui
393 2645 601 2679 ceperunteos,
618 2643 728 2675 tenent,

226 2753 234 2768 ¹
251 2751 433 2779 Vetustiores
448 2750 515 2778 libri
531 2749 592 2783 alii,
606 2750 639 2776 ut
649 2751 678 2776 et
689 2748 783 2785 Riblia
799 2749 1017 2785 Complutensia

193 2788 223 2813 et
239 2787 309 2813 Sixti
332 2787 362 2820 V,
378 2786 466 2821 fuluis
478 2794 529 2821 pro
541 2785 636 2821 faunis
651 2794 657 2812 :
669 2784 717 2812 alii
727 2785 837 2812 sicariis
849 2784 900 2820 pro
910 2786 1017 2819 ﬁcariis

196 2821 308 2855 legunt.
333 2820 485 2849 Geminus,
497 2820 564 2848 huic
576 2820 657 2847 locus
673 2822 717 2847 est
737 2820 814 2847 Isaias
829 2822 1017 2856 cap.xm,21,

192 2856 222 2892 in
239 2863 325 2892 quem
336 2858 362 2883 S.
376 2858 521 2892 Interpres
537 2856 566 2892 in
577 2856 805 2888 Commentario,
814 2867 828 2880 ι(
841 2857 1015 2891 Inoubones,

195 2890 245 2923 ait,
261 2891 303 2917 vel
319 2894 442 2927 satyros,
455 2890 500 2920 vel
518 2891 674 2926 sylvestres
700 2892 845 2928 quosdam
870 2890 1016 2928 homines,

1111 1790 1139 1816 et
1154 1788 1220 1824 quis
1236 1790 1281 1816 est
1294 1788 1350 1816 iste
1366 1790 1474 1824 pastor,
1493 1787 1543 1823 qui
1561 1787 1680 1815 resistat
1703 1787 1798 1824 vultui
1815 1787 1906 1814 meo?

1075 1823 1234 1860 Propterea
1249 1824 1348 1860 audite
1363 1823 1520 1860 consilium
1545 1823 1672 1860 Domini,
1697 1823 1790 1858 quod_
1803 1825 1904 1851 mente

1147 1859 1280 1895 concepit
1296 1860 1450 1887 adversum
1467 1859 1658 1895 Babylonem.

1110 1899 1139 1922 et
1153 1895 1343 1931 cogitationes
1354 1896 1418 1931 ejus
1434 1903 1506 1931 quas
1523 1895 1660 1931 cogitavit
1680 1902 1770 1930 super
1793 1896 1904 1922 terram

1111 1931 1314 1959 Chaldaeorum
1328 1939 1335 1959 :

1075 1967 1138 1994 Nisi
1154 1967 1332 1995 detraxerint
1347 1974 1396 1994 eos
1413 1966 1526 2002 parvuli
1543 1974 1678 2002 gregum,

1110 2002 1168 2031 nisi
1184 2002 1359 2039 dissipatum
1377 2001 1464 2030 tuerit
1480 2001 1631 2038 cum’ipsis
1643 2001 1849 2029 habitaculum
1861 2010 1907 2030 eo-

1110 2047 1187 2066 rum.

1074 2075 1099 2101 Ᾱ
1113 2082 1181 2102 voce
1200 2073 1378 2109 captivitatis
1394 2071 1550 2109 Babylonis
1567 2075 1716 2101 commota
1739 2075 1785 2101 est
1810 2075 1902 2106 terra,

1109 2112 1137 2138 et
1152 2110 1263 2138 clamor
1277 2109 1354 2137 inter
1369 2112 1471 2145 gentes
1484 2109 1604 2137 auditus
1619 2112 1673 2137 est.

1074 2145 1156 2181 (Cap.
1175 2146 1232 2180 LI.)
1251 2146 1314 2173 llaec
1330 2144 1400 2172 dicit
1415 2145 1576 2172 Dominus:

1108 2180 1182 2209 Ecce
1198 2189 1251 2217 ego
1267 2180 1417 2209 suscitabo
1433 2189 1521 2215 super
1536 2180 1725 2216 Babylonem,

1112 2218 1140 2245 et
1154 2225 1243 2253 super
1258 2217 1436 2253 habitatores
1451 2217 1526 2251 ejus.

1112 2252 1161 2288 qui
1178 2251 1227 2280 cor
1238 2261 1325 2280 suum
1337 2251 1611 2280 levaveruntcontra
1620 2260 1674 2286 me,
1683 2252 1769 2288 quasi
1781 2255 1902 2280 ventum

1145 2288 1339 2323 pestilentem.

1073 2324 1230 2352 Etmittam
1239 2324 1268 2351 in
1285 2323 1458 2359 Babylonem
1471 2323 1668 2358 ventilatores,
1678 2323 1902 2352 etventilabunt

1144 2368 1220 2395 eam,
1233 2362 1261 2387 et
1277 2359 1473 2387 demolientur
1488 2362 1595 2386 terram
1607 2359 1691 2394 ejus:

1109 2396 1248 2431 quoniam
1264 2398 1408 2423 venerunt
1431 2403 1521 2430 super
1544 2403 1607 2423 eam
1623 2395 1758 2430 undique
1788 2396 1818 2423 in
1851 2395 1897 2423 die

1144 2431 1313 2459 afﬂictionis
1328 2431 1402 2466 ejus.

1073 2466 1136 2494 Non
1152 2468 1253 2494 tendat
1267 2467 1317 2502 qui
1332 2466 1427 2502 tendit
1443 2474 1543 2493 arcum
1560 2474 1659 2500 suum,

1143 2505 1172 2530 et
1188 2511 1244 2529 non
1262 2501 1401 2530 ascendat
1416 2501 1576 2534 loricatus;

1108 2538 1264 2566 interficite
1280 2538 1397 2566 omnem
1414 2537 1547 2565 militiam
1562 2538 1637 2573 ejus.

1072 2573 1171 2610 Nolite,
1182 2581 1301 2610 parcere
1310 2573 1469 2610 juvenibus
1485 2574 1559 2608 ejus.

1071 2610 1107 2637 Et
1122 2608 1226 2637 cadent
1240 2608 1384 2637 interfecti
1401 2609 1430 2636 in
1446 2611 1525 2636 terra
1539 2608 1753 2645 Chaldmorum,

1107 2647 1136 2672 et
1149 2645 1293 2673 vulnerati
1310 2645 1338 2672 in
1355 2645 1522 2681 regionibus
1537 2645 1610 2680 ejus.

1072 2759 1145 2787 quos
1161 2751 1293 2779 nonnulli
1310 2751 1405 2778 fatuos
1419 2751 1534 2779 ﬁcarios
1545 2754 1658 2785 vocant,
1668 2754 1720 2779 aut
1730 2753 1899 2781 daemonum

1071 2795 1178 2822 genera
1200 2787 1396 2822 intelligunt.»
1427 2787 1541 2815 Videsis
1567 2795 1631 2822 quae
1657 2788 1743 2815 nobis
1760 2790 1902 2817 adnotata

1070 2825 1140 2850 sunt
1156 2823 1190 2850 ad
1206 2822 1301 2850 Vitam
1323 2823 1415 2850 sancti
1429 2823 1510 2850 Pauli
1526 2823 1671 2859 Eremitaa,
1688 2826 1759 2851 tom.
1780 2825 1815 2859 ll,
1842 2826 1897 2853 col.

1069 2859 1096 2895 :7:
1113 2860 1173 2895 not.
1190 2866 1253 2895 cap.
1278 2859 1423 2895 [impressa
1452 2858 1496 2895 hic
1522 2858 1612 2895 lectio
1641 2862 1708 2895 post
1737 2860 1899 2889 Clementis

1070 2894 1135 2922 Vlll
1150 2894 1381 2922 emendationem
1395 2902 1453 2922 una
1469 2894 1590 2923 obtinet.
