4028 6178
347 207 454 261 983

421 335 477 384 ct
507 328 738 398 ejiciam
773 325 930 396 quod
963 323 1347 398 absorbuerat
1379 320 1447 373 de
1481 335 1577 398 ore
1605 318 1758 388 ejus,
2034 318 2080 380 Α

428 409 483 455 et
515 393 626 454 non
663 393 960 454 continent
991 397 1061 452 ad.
1097 411 1226 449 cum
1263 393 1416 447 ultra
1446 396 1650 460 gentes
1686 406 1699 444 :

357 473 660 543 Siquidem
697 476 1000 543 etimnrns‘
1020 465 1338 543 Babylonis
1369 466 1622 543 corruet.

359 535 716 617 Egredimini
751 542 819 594 de
849 539 1040 617 medio
1074 535 1230 617 ejﬁsr
1261 535 1513 607 ρορυιυε
1547 548 1759 617 ωθΡξί
1801 602 1823 617 ..
1905 616 1914 617 ,
1965 598 1975 609 ο

435 602 494 669 ut
516 602 1121 682 salvetunusquisque
1138 602 1398 664 animam
1425 621 1594 661 suam
1613 603 1783 658 abira
1798 602 2012 656 furoris

434 685 688 741 Domini.
1604 747 1613 752 _
1762 745 1795 752 Δ,
1950 741 1987 752 η

360 761 429 814 Et
463 773 530 811 ne
562 757 708 811 forte
743 752 1045 808 mollescat
1074 769 1174 807 cor
1203 753 1549 817 vestrum,ct
1576 745 1832 802 timentis
1856 743 2017 798 audi-

433 837 581 893 tum,
615 826 714 897 qui
748 825 1022 881 audietur
1052 824 1340 897 interra:

361 903 430 957 Et
459 895 742 970 venietin
771 914 924 952 anno
957 895 1226 970 anditio,_
1264 965 1274 970 _
1396 963 1448 970 __
1499 961 1512 970 _
1607 961 1638 970 η
1753 959 1762 970 ,

438 979 492 1027 et
519 976 648 1042 post
671 969 824 1042 hunc
849 985 1067 1022 annum
1095 961 1414 1042 auditio,_et
1436 961 1714 1032 iniquitas
1749 961 1806 1014 in
1842 962 2017 1024 terra,

437 1048 496 1098 et
521 1037 858 1096 dominator
887 1055 1064 1110 super
1095 1037 1542 1092 dominatorem.

375 1117 684 1187 Propterea
704 1128 849 1187 ecce
882 1111 1010 1165 dies
1039 1110 1304 1187 veniunt,
1349 1182 1380 1187 _
1427 1177 1439 1187 _
1505 1175 1518 1187 ‘
1607 1174 1618 1187 ι

443 1175 504 1241 et
528 1186 776 1238 visitabo
809 1199 982 1254 super
1013 1181 1313 1254 sculptilia
1348 1175 1656 1247 Babylonis
1693 1190 1707 1229 :

372 1261 442 1314 Et
471 1258 664 1312 omnis
697 1262 850 1309 terra
881 1252 1010 1324 ejus
1042 1252 1452 1326 confundetur,
1502 1323 1508 1326 Δ
1551 1320 1562 1326 _
1758 1315 1797 1326 υ
1912 1315 1923 1325 _

448 1334 506 1385 et
535 1327 792 1381 universi
826 1316 1113 1380 interfecti
1147 1325 1274 1392 ejus
1307 1320 1609 1392 cadentin
1645 1316 1839 1371 medio
1872 1316 2025 1383 ejus.

377 1402 448 1456 Et
479 1399 805 1480 laudabunt
838 1413 1014 1480 super
1040 1389 1396 1480 Babylonem
1425 1389 1550 1446 οωΙὶ
1583 1393 1639 1444 et
1667 1395 1843 1456 terra,
1876 1398 1934 1441 et

525 1470 722 1525 omnia
753 1487 882 1541 quae
909 1467 968 1523 in
1005 1467 1089 1522 eis
1121 1470 1259 1541 sunt
1294 1481 1306 1520 :
1359 1534 1370 1541 _
1558 1533 1569 1541 _
1834 1529 1846 1541 .

456 1543 597 1613 quia
628 1542 699 1596 ab
731 1533 1004 1611 aquilone
1034 1539 1277 1593 venient
1324 1534 1374 1589 ei
1420 1533 1744 1605 praedones,
1797 1533 1878 1584 ait
1918 1533 2033 1585 Do-

455 1630 674 1669 minus.

382 1687 452 1742 Et
482 1685 774 1757 quomodo
808 1683 941 1738 fecit
972 1679 1247 1753 Babylon,
1282 1682 1346 1733 ut
1377 1677 1651 1732 caderent
1680 1671 1854 1729 occisi
1888 1671 1946 1725 in

535 1757 711 1812 Israel
749 1772 761 1810 :

464 1829 546 1882 sic
579 1830 647 1882 de
677 1825 966 1898 Babylone
999 1824 1207 1880 cadent
1239 1819 1413 1877 occisi
1448 1820 1504 1873 in
1539 1817 1812 1873 universa
1860 1819 2036 1869 terra.

393 1900 497 1965 Qui
533 1899 766 1970 fugistis
797 1897 1079 1968 gladium,

392 1971 621 2039 Venite,
657 1971 834 2025 nolite
861 1975 1063 2039 stare:

389 2035 795 2098 Recordamini
831 2037 1031 2112 procul
1063 2035 1315 2112 Domini,

459 2120 516 2168 et
543 2105 873 2168 Jerusalem
907 2111 1187 2183 ascendat
1219 2121 1524 2183 supencor
1551 2105 1865 2183 vestrum..

385 2184 622 2240 Confusi
653 2199 882 2248 sumus,
913 2181 1192 2252 quoniam
1225 2173 1560 2233 audivimus
1592 2173 1976 2246 opprobrium
2020 2186 2034 2224 :

457 2255 689 2328 operuit
721 2253 1046 2328 ignominia
1069 2252 1252 2328 facies
1285 2253 1535 2328 nostras,
1596 2315 1630 2328 Ι.

458 2315 594 2398 quia
617 2315 895 2398 venerunt
910 2323 1084 2379 alieni
1099 2338 1274 2394 super
1289 2315 1810 2376 sanctil’icationem
1828 2315 2042 2369 domus

539 2397 790 2452 Domini.

391 2470 703 2540 Pr0pterea
733 2484 864 2524 ecce
894 2466 1020 2521 dies
1050 2464 1317 2540 veniunt,
1349 2463 1431 2540 ait
1461 2458 1741 2516 Dominus
1773 2475 1786 2513 :

461 2535 520 2596 et
547 2540 798 2595 visitabo
829 2553 1007 2608 super
1038 2535 1341 2608 sculptilia
1372 2535 1522 2608 ejus,

462 2617 518 2667 et
550 2612 607 2666 in
642 2611 802 2666 omni
833 2603 1146 2684 terraejus
1175 2603 1794 2684 'mugiet’vulnneratus.
1839 2671 1874 2684 Μ
1909 2671 1921 2683 .

392 2684 447 2736 Si
481 2684 810 2739 ascenderit
841 2676 1092 2752 Babylon
1120 2679 1178 2733 in
1212 2676 1445 2743 ocellum,
1478 2680 1534 2730 et
1561 2676 1883 2728 firmaverit
1907 2676 1966 2726 in

533 2754 767 2828 excelso
793 2753 971 2808 robur
1000 2767 1173 2806 suum
1209 2765 1222 2805 :
1294 2820 1305 2828 _
1479 2818 1511 2828 μ
1550 2817 1590 2828 ἢ
1702 2815 1714 2828 ,

463 2843 497 2880 a
523 2843 612 2881 me
642 2826 876 2881 venient
904 2828 1225 2879 vastatores
1257 2820 1405 2890 ejus,
1440 2818 1520 2873 ait
1550 2817 1856 2873 Dominus.

394 2901 515 2952 Vox
546 2898 821 2952 clamoris
854 2897 923 2952 de
956 2894 1250 2966 Babylone
1283 2909 1296 2946 :

462 2974 517 3024 et
550 2969 821 3024 contritio
852 2960 1170 3038 magna'de
1199 2969 1356 3038 terra
1382 2960 1781 3038 Chaldaeorum
1818 2976 1830 3013 :

402 3040 688 3104 Quoniam
720 3033 983 3095 vastavit
1004 3036 1283 3093 Dominus
1307 3033 1681 3104 Babylonem,

466 3117 523 3165 et
556 3112 807 3181 perdidit
840 3128 908 3164 ex
938 3127 1004 3164 ea
1033 3124 1229 3162 vocem
1267 3120 1540 3181 magnam
1577 3119 1590 3157 :

393 3186 461 3235 Et
493 3172 788 3236 sanabunt
819 3182 1030 3235 ﬂuctus
1063 3194 1265 3234 eorum
1295 3172 1464 3248 quasi
1498 3191 1660 3246 aqua:
1696 3172 1892 3228 multae
1927 3188 1958 3226 ελ

469 3253 625 3306 dedit
657 3255 914 3308 sonitum
947 3269 1054 3307 vox
1085 3266 1306 3304 eorum.

392 3323 538 3386 Quia
569 3325 726 3378 venit
757 3340 934 3396 super
964 3339 1116 3390 eam,
1147 3322 1206 3376 id
1239 3326 1350 3388 est,
1379 3333 1560 3389 super
1591 3314 1968 3388 Babylonem,

539 3396 755 3464 praedo,

465 3470 520 3519 et
539 3461 902 3537 apprehensi
937 3468 1074 3519 sunt
1103 3463 1278 3517 fortes
1309 3461 1468 3531 ejus;

392 3542 464 3592 Et
494 3539 780 3611 emarcuit
810 3553 978 3611 arcus
1011 3551 1236 3611 eorum,
1416 3602 1430 3611 ,
1458 3602 1472 3611 ,
1683 3604 1692 3611 .
1737 3599 1748 3611 .

467 3608 605 3679 quia
638 3609 804 3663 fortis
836 3607 1304 3679 ultorDominus
1335 3602 1584 3679 reddens
1615 3601 1916 3679 retribuet.

394 3683 466 3734 Et
487 3673 1117 3754 'inebriaboiprincipes
1144 3677 1384 3754 ejus,_et
1415 3674 1711 3754 sapientes
1741 3673 1892 3754 ejus,
1929 3743 1940 3754 .

467 3756 525 3805 et
555 3752 734 3807 duces
762 3745 911 3821 ejus,
931 3755 987 3806 et
1017 3745 1396 3821 magistratus
1425 3746 1574 3815 ejus,
1599 3749 1656 3800 et
1685 3745 1860 3799 fortes
1891 3745 2040 3813 ejus.

392 3822 464 3876 Et
494 3819 1096 3878 dormient'somnum
1129 3819 1576 3890 sempiternum,

465 3899 523 3948 et
550 3910 664 3965 non
698 3894 1199 3965 expergiscantur,
1233 3891 1314 3944 ait
1346 3905 1463 3965 rex,

395 3964 682 4019 Dominus
713 3961 1074 4022 exercituum
1108 3978 1316 4018 nomen
1347 3961 1498 4031 ejus.

397 4039 527 4091 Haec
559 4037 701 4090 dicit
730 4037 1015 4092 Dominus
1045 4034 1403 4091 exercituum
1439 4050 1452 4088 :

395 4107 598 4180 Murus
631 4107 944 4180 Babylonis
976 4107 1073 4162 ille
1105 4105 1434 4161 latissimus
1463 4100 1815 4158 sull‘ossione
1863 4099 2044 4156 suffo-

536 4179 751 4242 dietur,

462 4254 519 4304 et
550 4256 726 4320 porta:
753 4251 882 4320 ejus
917 4247 1156 4304 excelsae
1189 4247 1310 4320 igni
1335 4245 1772 4320 comburentur,

467 4325 523 4375 et
550 4317 1156 4398 labores—populorum
1191 4317 1260 4374 ad
1297 4317 1574 4398 nihilum,
1683 4385 1696 4398 .

469 4397 526 4446 et
556 4386 824 4462 gentium
850 4386 908 4448 in
940 4392 1137 4464 ignem
1171 4393 1453 4464 erunt,-et
1483 4386 1872 4464 disperibunt.

393 4457 651 4536 Verbum
685 4465 837 4536 quod
875 4457 1148 4536 praecepit
1175 4461 1456 4536 Jeremias
1487 4457 1790 4530 propheta,
1825 4457 2037 4512 Saraite

539 4535 660 4590 filio
690 4533 1002 4590 Nerite'iilii
1037 4533 1292 4602 Maasiae,

469 4622 600 4659 cum
635 4612 896 4677 pergeret
925 4624 1057 4662 cum
1090 4599 1327 4660 Sedecia
1358 4619 1491 4674 rege
1522 4602 1581 4656 in
1612 4599 1984 4673 Babylonem,

466 4677 523 4730 in
558 4695 710 4733 anno
743 4682 950 4748 quarto
983 4683 996 4714 ¹
1031 4677 1192 4746 regni
1224 4677 1397 4746 ejus:

395 4749 624 4803 Saraias
657 4745 851 4804 autem
886 4755 1010 4804 erat
1043 4745 1314 4820 princeps
1347 4745 1684 4820 prophetiae.

395 4823 464 4874 Et
489 4821 727 4891 scripsit
755 4816 1518 4891 Jeremias'omne'malum,
1544 4816 1698 4886 quod
1727 4817 2039 4869 venturum

540 4887 660 4946 erat
691 4909 869 4962 super
899 4891 1276 4964 Babylonem,
1303 4889 1359 4964 in
1393 4887 1544 4942 libro
1574 4903 1692 4964 uno
1723 4903 1737 4942 :

466 4966 666 5018 omnia
696 4958 868 5018 verba
898 4958 1043 5031 hac,
1064 4980 1189 5034 quae
1220 4961 1441 5033 scripta
1471 4962 1832 5014 suntcontra
1862 4958 2044 5030 Baby-

537 5035 752 5091 Ionem.

394 5107 458 5160 Et
487 5107 624 5161 dixit
657 5106 942 5162 Jeremias
972 5107 1038 5158 ad
1071 5104 1331 5159 Saraiam
1369 5119 1383 5159 :

393 5177 535 5233 Cum
572 5179 796 5234 veneris
829 5179 884 5234 in
921 5177 1295 5248 Babylonem,
1330 5180 1385 5230 et
1410 5173 1648 5241 videris,
1678 5177 1735 5228 et
1766 5172 1972 5244 legeris

533 5252 731 5306 omnia
766 5251 936 5305 verba
968 5249 1113 5313 haec,
1146 5249 1306 5302 dices
1341 5264 1354 5302 :

388 5320 721 5387 Domine,tu
748 5322 981 5378 locutus
1003 5339 1065 5376 es
1086 5325 1292 5376 contra
1312 5318 1503 5374 locum
1530 5317 1708 5372 istum
1734 5319 1798 5372 ut
1817 5315 2047 5387 disper-

529 5395 694 5449 deres
728 5411 862 5449 eum
897 5410 910 5448 :

459 5481 530 5519 ne
556 5466 633 5522 sit
654 5465 754 5537 qui
780 5466 838 5521 in
867 5481 933 5520 eo
956 5463 1178 5520 habitet
1197 5462 1269 5518 ab
1292 5459 1532 5517 homine
1555 5474 1740 5531 usque
1756 5459 1826 5514 ad
1841 5475 2044 5531 pecus,

1393 199 1452 249 S.
1497 193 1906 248 HlERONYMI
1947 190 2205 245 DIVINA
2242 191 2738 246 BlBLlOTHECA.
3669 194 3764 249 93.1

2259 319 2314 368 et
2345 321 2408 370 ut
2437 315 2513 370 sit
2547 318 2822 386 perpetua
2848 314 3127 371 solitudo.

2121 388 2383 461 Cumque
2444 387 2824 461 compleveris
2855 386 3044 459 legere
3076 386 3294 442 librum
3328 387 3536 458 istum,
3574 388 3780 461 ligahis

2263 460 2335 513 ad
2367 475 2502 513 eum
2536 458 2813 525 lapidem,

2263 475 2335 513 ad
2367 475 2502 513 eum
2536 475 2591 514 1a
2642 475 2813 525 idem,

2193 533 2248 584 et
2279 530 2549 600 projicies
2579 475 2746 584 illum
2777 531 2836 603 in
2857 529 3119 603 medium
3145 530 3572 603 Euphraten,et
3597 532 3776 589 dices:

2123 601 2218 656 Sic
2250 603 2662 672 submergetur
2693 601 2972 674 Babylon,

2195 678 2251 728 et
2281 690 2395 728 non
2426 680 2740 744 consurget
2769 690 2802 727 a
2823 672 2977 729 ’t‘acie
3010 672 3366 744 altlictionis,
3400 691 3586 746 quam
3618 692 3724 746 ego

2267 746 2492 799 adduco
2523 761 2701 816 super
2731 761 2886 813 eam,

2198 819 2256 870 et
2285 817 2655 873 dissolvetur.

2551 1085 2666 1140 Huc
2693 1100 2862 1155 usque
2893 1083 3050 1140 verba
3082 1084 3370 1141 Jeremizr.

2209 1275 2368 1345 (Cap.
2405 1274 2546 1345 LII.)
2583 1273 2762 1328 Filius
2793 1273 2998 1344 viginti
3029 1279 3086 1328 et
3121 1273 3294 1328 unius
3335 1273 3472 1329 anni
3521 1275 3799 1332 Sedecias

2138 1379 2272 1418 cum
2307 1378 2547 1434 regnare
2579 1361 2847 1433 ccepisset
2883 1378 2894 1414 :
2930 1365 2984 1416 et
3018 1362 3291 1416 undecim
3326 1363 3495 1417 annis
3529 1366 3806 1434 regnavit

2140 1451 2199 1506 in
2231 1451 2581 1518 Jerusalem,
2617 1455 2672 1506 et
2698 1466 2911 1505 nomen
2957 1451 3158 1505 matris
3207 1451 3334 1521 ejus
3385 1451 3626 1519 Amital,
3685 1454 3807 1508 filia

2141 1539 2412 1596 Jeremias
2443 1541 2512 1595 de
2541 1540 2760 1595 Lohna.
2796 1543 2863 1594 Et
2894 1539 3030 1594 fecit
3062 1539 3284 1595 malum
3332 1540 3390 1595 in
3442 1541 3632 1596 oculis
3683 1541 3805 1598 Do-

2146 1628 2311 1699 mini,
2336 1630 2506 1700 juxta
2538 1629 2734 1683 omnia
2774 1645 2900 1700 quae
2954 1630 3169 1684 fecerat
3214 1629 3461 1684 Joacim.
3507 1635 3806 1696 Quoniam

2068 1690 2115 1755 Β
2150 1718 2312 1773 furor
2341 1718 2571 1774 Domini
2604 1723 2730 1773 erat
2757 1718 2815 1772 in
2845 1716 3168 1774 Jerusalem
3202 1722 3260 1773 et
3289 1717 3346 1772 in
3378 1718 3555 1788 Juda,
3583 1737 3806 1791 usque-

2149 1824 2267 1880 quo
2301 1807 2606 1878 projiceret
2660 1823 2758 1862 eos
2791 1824 2823 1861 a
2856 1807 2999 1861 facie
3025 1811 3234 1863 sua:et
3265 1808 3498 1863 recessit
3530 1809 3811 1865 Sedecias

2149 1914 2182 1954 a
2214 1911 2348 1967 rege
2382 1895 2717 1965 Babylonis.
2751 1896 2990 1951 Factum
3021 1901 3112 1952 est
3141 1901 3335 1952 autem
3370 1897 3427 1951 in
3463 1914 3616 1953 anno
3653 1915 3810 1954 nono

2149 1985 2312 2057 regni
2343 1985 2560 2056 ejus,in
2595 2001 2796 2040 mense
2825 1985 3312 2052 decimo,decima
3343 1987 3606 2042 mensis:
3633 1987 3813 2042 Venit

2147 2074 2688 2129 Nabuchodonosor
2707 2090 2803 2130 rex
2829 2074 3162 2143 Babylonis,
3187 2074 3314 2146 ipse
3336 2082 3392 2130 et
3412 2075 3608 2131 omnis
3641 2093 3815 2131 exer-

2148 2162 2302 2218 citus
2333 2163 2772 2233 ejus,adversus
2803 2163 3231 2232 Jerusalem,et
3260 2164 3620 2220 obsederunt
3651 2183 3815 2233 eam,

2148 2256 2204 2307 et
2226 2251 2657 2308 azditicaverunt
2679 2256 2882 2308 contra
2903 2267 3032 2307 eam
3059 2253 3417 2309 munitiones
3442 2255 3499 2308 in
3533 2255 3820 2310 circuitu.

2149 2342 2220 2396 Et
2251 2340 2360 2396 fuit
2389 2341 2592 2397 civitas
2625 2341 2869 2397 obsessa
2917 2359 3105 2414 usque
3160 2343 3218 2397 in
3269 2344 3655 2399 undecimum
3707 2362 3818 2399 an-

2150 2447 2292 2486 num
2344 2431 2500 2502 regis
2547 2431 2820 2486 Sedecire.
2875 2431 3072 2487 Mense
3123 2437 3318 2487 autem
3366 2438 3598 2504 quarto,
3659 2451 3820 2489 nona

2149 2520 2394 2586 mensis,
2427 2519 2685 2574 obtinuit
2720 2521 2906 2576 fames
2939 2519 3236 2576 civitatem
3293 2537 3305 2577 :
3357 2526 3414 2576 et
3468 2539 3584 2576 non
3641 2530 3818 2578 erant

2151 2609 2433 2664 alimenta
2466 2607 2680 2681 populo
2715 2612 2900 2663 terras.
2935 2609 3006 2664 Et
3043 2608 3282 2681 dirupta
3331 2615 3420 2665 est
3469 2611 3700 2677 civitas,
3752 2619 3812 2667 et

2150 2714 2357 2754 omnes
2391 2696 2496 2752 viri
2541 2696 2852 2754 bellatores
2897 2699 3025 2768 ejus
3076 2699 3376 2771 fugerunt,
3427 2699 3819 2772 exierantque

2151 2789 2223 2842 de
2254 2786 2484 2843 civitate
2517 2791 2708 2858 nocte,
2741 2804 2842 2859 per
2873 2787 3026 2843 viam
3080 2792 3284 2860 portas,
3333 2806 3461 2860 qua:
3515 2795 3604 2844 est
3659 2791 3821 2845 inter

2152 2877 2298 2931 duos
2330 2892 2552 2942 muros,
2586 2881 2643 2931 et
2673 2877 2835 2932 ducit
2882 2877 2953 2932 ad
3006 2875 3242 2932 hortum
3294 2877 3446 2948 regis
3497 2877 3820 2949 (Chaldaeis

2153 2965 2562 3020 obsidentibus
2595 2964 2800 3020 urbem
2824 2966 2880 3020 in
2914 2967 3077 3037 gyro)
3108 2973 3164 3021 et
3194 2967 3467 3021 abierunt
3499 2984 3600 3038 per
3631 2968 3817 3038 viam,

2072 3064 2118 3127 ο
2156 3072 2281 3126 qua:
2305 3055 2466 3110 ducit
2497 3053 2556 3110 in
2589 3071 2875 3110 eremum.
2912 3055 3256 3112 Persecutus
3290 3063 3379 3111 est
3408 3063 3602 3111 autem
3647 3073 3818 3112 exer-

2154 3144 2306 3199 citus
2328 3142 2732 3199 Chaldaeorum
2762 3160 2981 3216 regem,
3014 3149 3068 3200 et
3091 3144 3607 3216 apprehenderunt
3637 3147 3818 3202 Sede-

2153 3233 2304 3288 ciam
2337 3233 2395 3286 in
2428 3233 2677 3302 deserto,
2711 3232 2864 3303 quod
2899 3237 2990 3288 est
3019 3233 3183 3304 juxta
3211 3233 3444 3289 Jericho
3479 3251 3491 3290 :
3527 3240 3583 3288 et
3613 3235 3818 3290 omnis

2153 3322 2467 3376 comitatus
2493 3322 2622 3391 ejus
2653 3320 2884 3393 dill'ugit
2915 3322 2986 3376 ab
3016 3338 3102 3378 eo.
3137 3322 3398 3394 Cumque
3425 3325 3824 3394 comprehen-

2155 3409 2382 3464 dissent
2412 3425 2630 3481 regem,
2659 3411 3033 3466 adduxerunt
3062 3427 3194 3467 eum
3231 3412 3300 3468 ad
3333 3428 3530 3483 regem
3566 3413 3818 3482 Babylo-

2155 3495 2245 3551 nis
2274 3496 2330 3550 in
2366 3496 2670 3563 Reblatha,
2702 3514 2828 3568 quae
2860 3503 2950 3553 est
2981 3500 3037 3553 in
3073 3505 3228 3554 terra
3255 3500 3465 3555 Emath
3502 3517 3516 3556 :
3551 3507 3606 3556 et
3651 3501 3819 3556 locu-

2154 3590 2251 3641 tus
2282 3593 2367 3641 est
2399 3586 2468 3640 ad
2502 3602 2635 3642 eum
2665 3586 2910 3656 judicia.
2947 3591 3014 3642 Et
3036 3587 3336 3659 jugulavit
3368 3605 3465 3644 rex
3498 3589 3815 3658 Babylonis

2153 3673 2304 3729 filios
2336 3675 2584 3729 Sedeciae
2613 3675 2671 3729 in
2704 3675 2890 3732 oculis
2922 3677 3051 3747 ejus
3085 3693 3098 3732 :
3133 3679 3230 3733 sed
3285 3682 3344 3733 et
3389 3695 3594 3734 omnes
3647 3681 3816 3750 prin-

2153 3763 2312 3834 cipes
2342 3763 2496 3818 Juda
2527 3763 2743 3820 occidit
2771 3765 2832 3819 in
2864 3765 3168 3822 Reblatha.
3202 3767 3271 3822 Et
3301 3767 3502 3823 oculos
3555 3769 3813 3824 Sedeciae

2152 3855 2324 3921 eruit,
2357 3857 2414 3909 et
2443 3853 2629 3909 vinxit
2659 3869 2791 3909 eum
2823 3855 3230 3926 compedibus,
3276 3861 3334 3912 et
3380 3857 3627 3912 adduxit
3673 3874 3812 3912 eum

2153 3958 2250 3997 rex
2283 3941 2671 4011 Babylonisin
2703 3941 3144 4014 Babylonem,et
3168 3945 3364 4016 posuit
3393 3961 3526 4001 eum
3555 3946 3611 4000 in
3637 3947 3813 4001 domo

2154 4032 2405 4087 carceris
2438 4048 2622 4102 usque
2650 4031 2710 4087 in
2743 4031 2896 4088 diem
2931 4033 3134 4089 mortis
3164 4034 3312 4105 ejus.
3351 4035 3413 4090 In
3449 4051 3652 4090 mense
3705 4053 3811 4092 au-

2154 4126 2270 4176 tem
2305 4120 2508 4192 quinto
2543 4121 2768 4176 decima
2800 4122 3045 4188 mensis,
3076 4123 3203 4195 ipse
3233 4128 3322 4179 est
3370 4141 3563 4180 annus
3613 4143 3812 4180 nonus

2153 4208 2417 4264 decimus
2448 4209 2982 4266 Nabuchodonosor
3012 4212 3166 4282 regis
3217 4212 3533 4282 Babylonis
3583 4229 3596 4265 :
3653 4214 3814 4268 venit

2151 4297 2840 4370 Nabuzardangprinceps
2862 4298 3084 4354 militiae
3108 4301 3207 4371 qui
3233 4301 3427 4356 stabat
3447 4318 3646 4356 coram
3678 4319 3814 4374 rege

2072 4425 2115 4489 Β
2157 4386 2461 4458 Babylonis
2491 4387 2550 4442 in
2580 4387 2930 4444 Jerusalem.
2975 4389 3042 4444 Et
3091 4389 3351 4444 incendit
3398 4391 3642 4446 domum
3697 4393 3811 4448 Do-

2154 4477 2394 4546 mini,et
2426 4477 2666 4533 domum
2701 4477 2951 4550 regis,et
2981 4495 3184 4534 omnes
3217 4480 3424 4536 domus
3457 4480 3815 4549 Jerusalem,

2153 4572 2209 4623 et
2259 4583 2492 4622 omnem
2542 4567 2783 4621 domum
2836 4584 3108 4638 magnam
3163 4569 3283 4639 igni
3329 4570 3684 4625 combussit.
3743 4573 3815 4627 Et

2152 4659 2340 4711 totum
2377 4671 2608 4710 murum
2640 4654 2968 4710 Jerusalem
3003 4672 3106 4727 per
3135 4656 3446 4712 circuitum
3494 4658 3816 4728 destruxit,

2153 4748 2400 4799 cunctus
2431 4743 2718 4798 exercitus
2748 4743 3170 4814 Chaldaeorum,
3204 4745 3304 4816 qui
3336 4751 3462 4801 erat
3493 4763 3626 4801 cum
3684 4765 3811 4803 ma-

2153 4833 2336 4906 gistro
2368 4831 2612 4887 militize.
2648 4837 2724 4887 De
2756 4833 3116 4905 pauperibus
3147 4839 3338 4889 autem
3375 4836 3599 4906 populi,
3635 4845 3695 4892 et
3743 4840 3812 4892 de

2156 4922 2381 4993 reliquo
2411 4921 2605 4994 vulgo,
2638 4923 2789 4992 quod
2824 4929 3184 4979 remanserat
3215 4924 3275 4978 in
3327 4924 3582 4994 civitate,
3635 4934 3694 4982 et
3744 4929 3813 4982 de

2156 5011 2439 5083 perfugis,
2464 5011 2559 5081 qui
2592 5013 3032 5083 transfugerant
3061 5013 3128 5066 ad
3165 5030 3356 5082 regem
3391 5014 3736 5083 Babylonis,
3759 5023 3812 5072 et

2155 5107 2390 5158 caeteros
2411 5103 2480 5158 de
2505 5101 3220 5170 multitudine,transtulit
3241 5103 3634 5161 Nabuzardan
3659 5110 3818 5178 prin-

2155 5209 2291 5264 ceps
2343 5190 2583 5248 militiai.
2631 5192 2710 5246 De
2761 5191 3122 5263 pauperibus
3167 5209 3300 5248 vero
3353 5198 3520 5248 terra:
3574 5196 3818 5268 reliquit

2155 5281 2535 5337 Nabuzardan
2587 5281 2860 5351 princeps
2915 5280 3138 5336 militia:
3187 5281 3246 5337 in
3296 5282 3600 5353 vinitores,
3651 5292 3711 5340 et
3759 5288 3812 5340 in

2158 5371 2265 5442 [Αι.
2301 5375 2440 5426 tacet
2470 5368 2556 5443 in]
2605 5368 2914 5440 agricolas.
2965 5368 3284 5427 Columnas
3326 5388 3564 5444 quoque
3612 5392 3815 5441 ereas,

2156 5476 2286 5532 quae
2332 5463 2502 5515 erant
2552 5457 2610 5513 in
2659 5458 2834 5514 domo
2882 5457 3143 5526 Domini,
3195 5464 3251 5515 et
3300 5461 3494 5533 bases,
3543 5468 3604 5519 et
3652 5481 3813 5520 mare

467 5679 795 5734 ‘Notalnm
831 5681 1184 5742 Martianzeo,
1218 5679 1426 5751 Syrum
1464 5677 1674 5751 legere,
1703 5692 1849 5732 anno
1904 5676 2216 5746 undecimo,
2273 5677 2426 5748 quod
2488 5675 2636 5732 nihil
2693 5675 2788 5730 hic
2845 5675 2994 5734 scire
3025 5676 3287 5734 interest.
3344 5676 3595 5735 Pulchre
3647 5681 3801 5735 enim

388 5764 534 5801 anno
565 5757 783 5818 quarto,
819 5768 950 5806 cum
980 5753 1220 5809 Hebraeo
1253 5746 1341 5807 ést
1370 5746 1553 5819 textu,
1586 5758 1765 5813 nam
1806 5761 2036 5810 nmen.
