4028 6178
239 251 344 304 985

1227 251 1839 308 LAMENTATIONES
1873 249 2204 303 JEREMIE
2244 245 2660 300 PROPHETE.

3541 253 3652 307 986

234 391 480 440 (ereum,
515 375 667 446 quod
699 378 822 428 erat
861 375 918 429 in
952 376 1125 432 domo
1158 375 1411 445 Domini,
1475 375 1885 443 contregerunt
1919 372 1969 437 Α
2003 373 2061 424 et
2092 369 2342 424 scribam
2376 367 2701 441 principem
2736 367 3010 438 militum,
3041 369 3141 441 qui
3175 371 3463 442 probabat
3494 379 3650 447 tyro-

232 463 511 530 Chaldaei,
537 468 593 518 et
617 463 879 518 tulerunt
897 481 1067 520 omne
1090 482 1168 520 aes
1196 481 1398 522 eorum
1418 465 1476 520 in
1506 463 1884 535 Babylonem.

234 555 304 608 Et
333 553 574 620 lebetes,
607 558 663 607 et
695 570 986 624 creagras,
1020 559 1077 609 et
1109 554 1406 626 psalteria,
1447 562 1500 609 et
1551 551 1799 625 phialas,
1834 555 1889 606 et

237 641 608 712 mortariola,
641 647 700 697 et
730 642 927 698 omnia
957 660 1094 698 vasa
1123 661 1286 712 aerea,
1322 661 1446 714 quae
1478 643 1536 698 in
1559 639 1889 698 ministerio

237 733 495 799 fuerant,
529 730 832 787 tulerunt:
867 736 923 788 et
953 733 1214 804 hydrias,
1238 729 1810 806 ctthymiamateria,
1837 733 1892 785 ct

237 837 470 885 urceos,
503 824 561 874 et
593 819 808 892 pelves,
843 827 899 875 et
957 821 1329 892 candelabra,
1388 827 1446 877 et
1477 820 1776 884 mortaria,
1836 823 1893 874 et

237 910 524 981 cyathos:
561 914 848 980 quotquot
885 927 1084 976 aurea,
1117 928 1314 981 aurea,
1347 915 1403 966 et
1450 914 1736 982 quotquot
1793 925 1889 963 ar-

233 1001 469 1070 gentea,
506 1001 802 1068 argentea,
835 999 969 1053 tulit
1003 999 1280 1071 magister
1303 999 1526 1054 militiae
1550 1015 1562 1053 :
1587 998 1892 1053 columnas

234 1089 390 1142 duas
421 1090 479 1142 et
513 1103 672 1142 mare
706 1104 913 1154 unum,
947 1093 1004 1143 et
1049 1087 1261 1143 vitulos
1322 1087 1633 1144 duodecim
1691 1104 1890 1151 mreos,

233 1177 338 1248 qui
365 1180 534 1230 erant
561 1179 672 1230 sub
704 1177 973 1243 basibus,
1001 1194 1158 1249 quas
1218 1178 1432 1234 fecerat
1461 1195 1558 1233 rex
1616 1176 1890 1232 Salomon

235 1266 296 1320 in
333 1265 508 1320 domo
535 1265 804 1321 Domini:
842 1283 956 1321 non
998 1272 1122 1322 erat
1163 1267 1392 1338 pondus
1441 1268 1571 1322 aeris
1628 1265 1891 1321 omnium

235 1373 517 1410 vasorum
557 1353 792 1410 horum.
845 1360 919 1410 De
969 1355 1262 1412 columnis
1311 1361 1532 1421 autem,
1582 1356 1780 1410 decem
1840 1359 1895 1410 et

234 1448 372 1499 octo
400 1445 589 1500 cubiti
639 1444 974 1499 altitudinis
1023 1444 1279 1504 erantin
1335 1444 1612 1500 columna
1669 1462 1806 1510 una,
1839 1449 1896 1500 et

236 1533 546 1590 funiculus
571 1534 882 1588 duodecim
927 1534 1260 1590 cubitorum
1316 1534 1665 1589 circumibat
1720 1549 1892 1588 eam:

231 1639 414 1693 porro
446 1623 782 1695 grossitudo
813 1624 943 1694 ejus
975 1627 1228 1694 quatuor
1250 1622 1894 1694 digitorum,etintrin-

2001 476 2144 527 nes;
2177 464 2233 514 et
2263 459 2566 530 sexaginta
2585 458 2740 512 viros
2758 459 2828 512 de
2854 458 3068 530 populo
3093 465 3278 528 terrae,
3307 463 3403 534 qui
3432 464 3654 520 inventi

2000 549 2209 606 suntin
2237 549 2427 604 medio
2450 547 2722 602 civitatis.
2747 546 2908 602 Tulit
2928 557 3126 604 autem
3151 566 3248 605 eos
3263 551 3649 610 Nabuzardan
3743 591 3745 594 ι

2001 639 2280 711 magister
2312 637 2548 704 militiae,
2583 641 2639 691 et
2669 636 2833 691 duxit
2855 651 2954 692 eos
2987 638 3056 692 ad
3102 656 3292 709 regem
3336 641 3651 714 Babylonis

2001 730 2058 784 in
2088 727 2390 783 Reblatba-
2425 727 2492 781 Et
2525 726 2814 798 percussit
2845 741 2943 782 eos
2977 743 3075 782 rex
3104 728 3444 802 Babylonis,
3479 737 3533 788 et
3567 733 3650 788 in-
3712 781 3714 784 ,

2002 817 2226 873 tcrfccit
2247 833 2346 871 eos
2371 815 2425 870 in
2445 814 2731 870 Reblatha
2755 816 2810 869 in
2833 819 2989 871 terra
3011 818 3289 875 Ematha:
3316 825 3373 875 et
3396 822 3650 877 transla-

2001 911 2097 962 tus
2128 910 2216 961 est
2243 904 2396 960 Juda
2425 904 2496 960 de
2520 908 2676 959 terra
2705 921 2834 958 sua.
2869 907 2987 960 lste
3023 911 3112 961 est
3141 908 3414 980 populus,
3475 927 3647 981 quem

2001 994 2306 1050 transtulit
2335 993 2913 1062 Nabuchodonosor;
2942 993 3000 1048 in
3027 1011 3180 1051 anno
3213 997 3484 1067 septimo,
3543 1001 3652 1055 Ju-

2004 1085 2156 1139 daaos
2187 1084 2300 1138 tria
2327 1082 2514 1138 millia
2571 1088 2624 1138 et
2655 1082 2859 1152 viginti
2909 1088 3067 1153 tres;
3127 1085 3185 1139 in
3241 1104 3394 1142 anno
3451 1095 3650 1145 octavo

2003 1174 2230 1230 decimo
2287 1171 2845 1242 Nabuchodonosor,
2904 1173 2974 1227 de
3026 1173 3353 1230 Jerusalem
3423 1178 3652 1234 animas

2003 1262 2373 1333 octingentas
2405 1259 2647 1333 triginta
2695 1260 2881 1330 duas;
2927 1261 2985 1316 in
3010 1278 3162 1316 anno
3185 1263 3651 1322 vicesimotertio

2004 1350 2564 1420 Nabuchodonosor,
2594 1347 2897 1404 transtulit
2928 1350 3314 1407 Nabuzardan
3376 1355 3653 1425 magister

2006 1439 2228 1495 militia:
2246 1438 2475 1494 animas
2495 1437 2827 1493 Judaeorum
2847 1439 3246 1512 septingentas
3262 1443 3652 1516 quadraginta

2006 1531 2287 1600 quinque.
2322 1528 2538 1583 Omnes
2568 1543 2705 1599 ergo
2739 1527 2969 1593 animae,
3004 1535 3256 1599 quatuor
3315 1531 3502 1586 millia
3532 1551 3656 1590 sex-

2006 1622 2203 1674 centee.
2238 1618 2307 1673 Et
2338 1618 2553 1672 factum
2585 1622 2675 1672 est
2724 1616 2782 1671 in
2833 1617 3130 1672 tricesimo
3190 1620 3439 1691 septimo
3499 1639 3653 1678 anno

229 1729 412 1767 secus
445 1728 585 1766 cava
610 1715 753 1780 erat,
790 1712 853 1765 Et
885 1710 1156 1782 capitalia
1184 1728 1360 1783 super
1383 1717 1693 1783 utramque
1716 1729 1890 1767 aerea:
1928 1747 1974 1809 Β
2005 1707 2542 1779 transmigrationis
2571 1705 2860 1762 Joiachim
2894 1706 3044 1777 regis
3075 1708 3246 1778 Juda,
3304 1709 3649 1766 duodecimo

229 1799 495 1854 altitudo
523 1800 780 1871 capitelli
812 1799 990 1854 unius
1024 1799 1285 1871 quinque
1309 1801 1680 1867 cubitorum;
1714 1805 1771 1856 et
1809 1817 1896 1856 re—

228 1888 484 1957 tiacula,
517 1893 575 1943 et
606 1887 1010 1959 malogranata
1040 1905 1218 1960 super
1241 1904 1515 1944 coronam
1539 1889 1598 1944 in
1623 1889 1895 1956 circuitu,

230 1976 444 2031 omnia
474 1992 642 2030 area.
674 1975 958 2032 Similiter
986 1976 1273 2032 columnae
1305 1978 1575 2033 secundae
1605 1982 1664 2032 et
1703 1978 1890 2033 malo-

229 2069 510 2137 grauata.
547 2065 614 2120 Et
673 2066 911 2120 fuerunt
969 2065 1370 2137 malogranata
1424 2067 1744 2138 nonaginta
1795 2085 1896 2123 sex

229 2153 672 2224 dependentia:
703 2158 760 2208 et
789 2153 986 2208 omnia
1016 2152 1419 2225 malogranata
1449 2159 1683 2209 centum
1717 2154 1893 2210 retia-

229 2243 390 2298 culis
421 2242 957 2297 circumdabantur.
1022 2246 1088 2298 Et
1139 2243 1278 2301 tulit
1335 2243 1618 2315 magister
1670 2242 1891 2298 militiae

223 2331 466 2388 Saraim
501 2333 866 2386 sacerdotem
903 2331 1183 2402 primum,
1217 2336 1276 2388 et
1303 2332 1661 2404 Sophoniam
1695 2350 1888 2389 sacer-

225 2423 436 2476 dotem
470 2420 820 2491 secundum,
851 2425 907 2475 et
932 2426 1052 2476 tres
1075 2421 1346 2478 custodes
1376 2421 1668 2477 vestibuli.
1712 2423 1777 2476 Et
1820 2423 1890 2478 de

221 2511 471 2566 civitate
508 2511 640 2566 tulit
673 2511 1006 2567 eunuchum
1039 2529 1245 2580 unum,
1267 2513 1511 2586 quierat
1535 2513 1886 2584 praepositus

218 2618 414 2672 super
445 2601 598 2656 viros
631 2599 943 2656 bellatores
970 2619 982 2657 :
1009 2606 1065 2657 et
1094 2607 1318 2673 septem
1350 2602 1504 2658 viros
1535 2603 1604 2658 de
1637 2602 1749 2673 bis,
1785 2602 1885 2674 qui

217 2691 512 2745 videbant
545 2689 748 2746 faciem
777 2691 951 2762 regis,
987 2690 1087 2762 qui
1120 2692 1338 2747 inventi
1371 2696 1511 2747 sunt
1541 2691 1599 2746 in
1633 2691 1883 2759 civitate,

296 2853 315 2886 ¹
352 2851 488 2904 Post
520 2849 795 2904 ultimum
833 2848 942 2904 hoc
991 2853 1167 2920 caput
1227 2849 1539 2920 prophetiae
1596 2849 1880 2918 Jeremiaa,

219 2923 382 2978 liber
415 2922 637 2976 Baruch
672 2921 1002 2992 descriptus
1043 2923 1334 2993 reperitur
1365 2927 1567 2976 contra
1624 2927 1880 2975 mentem

218 2994 570 3061 Hieronymi
605 2993 662 3046 in
699 2991 947 3062 utroque
970 2991 1286 3064 exemplari
1309 2993 1560 3048 Canonis
1587 2994 1881 3048 Hebraicae

215 3065 534 3121 veritatis:
571 3064 670 3118 nhi
704 3064 1004 3119 adnotatio
1027 3064 1228 3119 isthazc
1253 3064 1557 3134 praemissa
1573 3069 1662 3118 est
1693 3065 1763 3118 ab
1790 3081 1877 3127 eo,

2009 1796 2514 1864 mense,vicesima
2544 1797 2750 1866 quinta
2783 1795 3022 1864 mensis,
3057 1795 3295 1852 elevavit
3331 1798 3651 1856 Evilmero—

2006 1887 2154 1942 dacb
2187 1904 2288 1942 rex
2317 1884 2628 1957 Babylonis
2647 1885 2773 1956 ipso
2794 1903 2946 1940 anno
2971 1886 3136 1958 regni
3159 1888 3276 1958 sui,
3302 1895 3478 1961 caput
3499 1889 3651 1947 Joia-

2005 1975 2162 2032 cbim
2196 1974 2349 2047 regis
2377 1975 2552 2044 Juda,
2585 1978 2644 2030 et
2672 1975 2875 2030 eduxit
2903 1991 3038 2031 eum
3073 1976 3142 2031 de
3172 1977 3345 2033 domo
3373 1980 3646 2036 careeris.

2003 2065 2073 2120 Et
2101 2064 2334 2120 locutus
2365 2068 2448 2118 est
2481 2079 2614 2119 cum
2647 2079 2713 2119 eo
2773 2064 2947 2131 bona,
3005 2069 3062 2119 et
3117 2068 3313 2137 posuit
3369 2067 3648 2125 thronum

2003 2155 2132 2224 ejus
2167 2169 2344 2226 super
2374 2152 2618 2208 thronos
2650 2169 2876 2224 regum,
2935 2153 3035 2224 qui
3075 2158 3244 2209 erant
3302 2161 3434 2226 post
3486 2175 3548 2213 se
3588 2160 3646 2214 in

2002 2241 2313 2312 Babylone.
2347 2242 2419 2297 Et
2449 2240 2696 2296 mutavit
2724 2241 3076 2298 vestimenta
3107 2244 3354 2300 careeris
3413 2247 3562 2316 ejus,
3595 2252 3652 2304 et

1999 2333 2344 2388 comedebat
2376 2346 2587 2402 panem
2618 2347 2814 2387 coram
2845 2348 2911 2387 eo
2943 2348 3172 2404 semper
3190 2335 3419 2390 cunctis
3439 2336 3645 2392 diebus

1997 2421 2125 2477 vitae
2157 2438 2276 2477 suae
2311 2424 2350 2475 ί.
2385 2421 2454 2476 Et
2484 2419 2700 2475 cibaria
2729 2420 2877 2490 ejus,
2925 2420 3146 2476 cibaria
3198 2428 3480 2494 perpetua
3537 2425 3645 2480 da-

1998 2512 2215 2567 bantur
2244 2510 2294 2567 ei
2329 2527 2361 2565 a
2392 2526 2524 2582 rege
2555 2508 2888 2582 Babylonis,
2939 2515 3161 2565 statuta
3219 2527 3321 2583 per
3379 2511 3645 2584 singulos

1996 2601 2138 2670 dies,
2173 2615 2361 2671 usque
2392 2599 2464 2654 ad
2521 2598 2674 2654 diem
2735 2597 2942 2654 mortis
2998 2616 3140 2665 suae,
3172 2601 3400 2656 cunctis
3435 2601 3642 2657 diebus

1994 2691 2122 2744 vitae
2153 2690 2303 2760 ejus.

1992 2849 2256 2922 Jeremiae
2289 2848 2602 2920 prophetae.
2634 2849 2717 2922 Ad
2751 2848 3020 2922 notitiam
3050 2852 3250 2922 autem
3315 2851 3639 2922 legentium

1994 2919 2088 2974 hic
2111 2919 2332 2991 scripta
2363 2919 2520 2989 sunt,
2554 2919 2690 2988 quia
2708 2920 2895 2974 multa
2916 2920 2987 2974 de
3005 2920 3256 2990 Christo,
3280 2919 3642 2977 novissimis-

1991 2991 2803 3064 quertemporibusindicant.
2834 3013 2870 3064 _»
2929 2992 3262 3046 Notandum
3295 3008 3425 3048 vero
3482 2996 3637 3064 quod

1993 3064 2052 3117 in
2084 3063 2315 3119 Canone
2345 3063 2799 3118 Carcassonensi
2832 3062 2954 3118 haec
2985 3063 3054 3117 ad
3081 3065 3318 3118 modum
3349 3062 3514 3120 tituli
3537 3067 3642 3121 de-

214 3138 327 3219 qui
365 3144 584 3191 temere
617 3141 843 3219 partem
877 3135 1026 3190 hanc
1051 3109 1332 3219 editionis
1355 3136 1607 3219 antiqua:
1639 3152 1707 3190 ex
1913 3109 1954 3175 C
1993 3135 2423 3219 scribantur‘in
2456 3135 2646 3190 medio
2679 3133 2924 3219 paginae,
2956 3133 3014 3188 in
3048 3139 3250 3219 nostro
3282 3140 3480 3219 autem
3527 3140 3640 3219 Qa-

216 3206 275 3263 in
319 3224 558 3276 novam,
595 3206 696 3279 seu
730 3207 1241 3279 Hieronymianam
1263 3209 1330 3261 ad
1359 3206 1629 3279 Hebraeos
1650 3206 1878 3279 codices

209 3281 638 3336 concinnatam
664 3278 917 3334 invexit:
953 3278 980 3327 ὰ
1000 3279 1171 3333 Liber
1199 3279 1310 3333 iste
1337 3278 1437 3349 qui
1483 3278 1708 3332 Baruch
1772 3295 1877 3332 no-

209 3353 376 3407 mine
411 3350 882 3421 praznotatur,in
922 3351 1169 3405 Haebraeo
1201 3351 1431 3405 Canone
1465 3366 1579 3404 non
1605 3350 1876 3421 habetur,

205 3425 310 3480 sed
349 3420 590 3479 tantum
623 3422 681 3476 in
707 3420 1606 3493 Vulgataeditione,similiteret
1626 3420 1874 3493 epistola

1992 3223 2141 3261 none
2161 3205 2929 3278 San-Germanensieadem
2961 3205 3138 3278 verba
3169 3206 3224 3260 in
3260 3208 3527 3278 margine
3559 3209 3640 3264 le-

1988 3283 2245 3349 guntur;
2280 3286 2333 3333 et
2365 3279 2603 3350 quidem
2635 3276 3296 3350 minutulislitterarum
3323 3276 3550 3344 formis,
3576 3285 3642 3335 ut

1986 3350 2186 3476 galia
2217 3348 2442 3406 scholia
2486 3349 2837 3422 marginalia
2893 3348 3096 3404 critica
3155 3350 3421 3420 ejusdem
3483 3351 3638 3406 libri.

2047 3437 2175 3476 nar.

2047 3437 2175 3478 ΛΒΤ.

1323 3779 1952 3874 INCIPIUNT
2043 3777 2540 3892 CINOTH,

1820 4000 1877 4038 ιι)
1917 3999 2036 4049 εετ,

777 4175 1596 4265 LAMENTATION
1618 4175 1732 4263 ES
1791 4176 2295 4264 JEl‘iEMl/E
2346 4176 2981 4263 PROPHE'F/E
3021 4166 3076 4258 1.

204 4543 458 4628 (Αζερξι.)
491 4545 790 4628 Quomodo
823 4545 986 4628 sedet
1017 4543 1583 4628 solaeivitasplena
1615 4544 1868 4616 populo:
1904 4551 1952 4613 D
1985 4543 2228 4628 Plorans
2254 4543 2500 4628 ploravit
2528 4544 2587 4599 in
2621 4548 2808 4613 nocte,
2829 4552 2882 4601 et
2907 4544 3174 4617 lacrymaa
3196 4547 3324 4617 ejus
3345 4546 3400 4602 in
3428 4547 3633 4603 maxil-

282 4619 450 4671 facta
479 4620 569 4670 est
598 4617 764 4686 quasi
799 4616 976 4671 vidua
1006 4616 1248 4672 domina
1275 4616 1534 4687 gentium
1563 4634 1574 4670 :

281 4688 566 4761 princeps
599 4688 1031 4758 provinciarum
1066 4690 1216 4744 facta
1245 4693 1332 4743 est
1363 4689 1473 4743 sub
1505 4687 1744 4742 tributo.

285 4855 713 4928 'Exemplaria
753 4857 1004 4913 Canonis
1064 4857 1357 4912 Hebraiczn
1413 4857 1676 4913 veritatis
1736 4873 1869 4912 cum

211 4930 432 4984 multis
455 4945 755 4982 sacrorum
779 4929 1091 4983 Bibliorum
1119 4930 1417 4984 codicibus
1437 4945 1548 4983 ms.
1574 4931 1678 4983 hoc
1699 4929 1870 4983 modo

209 5001 556 5055 inscribunt
588 5001 1060 5054 Lamentationes
1097 5000 1400 5056 Jeremize:
1459 5001 1666 5071 Incipit
1722 5002 1870 5071 ejus-

206 5075 334 5127 dem
371 5071 732 5139 Lemcntalio,
792 5072 933 5142 quod
988 5075 1068 5125 est
1123 5074 1184 5125 in
1233 5073 1392 5127 titulo
1449 5071 1684 5126 Chz'noth
1743 5088 1869 5125 cum

208 5143 568 5199 absolutione
596 5145 910 5198 litterarum
969 5145 1399 5198 Hebrai’cm'um.
1445 5144 1666 5198 Deinde
1726 5144 1869 5197 sub-

207 5221 428 5270 texunt
461 5213 992 5283 praefatiuneulam,
1057 5231 1186 5285 quae
1239 5215 1452 5284 legitur
1508 5216 1664 5284 apud
1729 5214 1870 5268 LXX

208 5287 596 5355 Interpretes,
625 5303 690 5339 ac
725 5287 781 5339 in
817 5285 1071 5354 Vulgata
1104 5285 1340 5341 Latina:
1375 5285 1474 5340 sed
1524 5286 1868 5340 vetustiores

208 5359 349 5412 libri
384 5374 527 5412 mss.
565 5355 857 5428 Versionis
893 5356 1356 5428 Hieronymianzc
1380 5356 1526 5411 nihil
1550 5357 1867 5427 praeferunt

255 5435 430 5510 raeter
460 5445 682 5510 eaﬂquaa
703 5427 984 5510 leguntur
1015 5429 1073 5482 in
1101 5427 1261 5510 textu
1291 5428 1863 5510 Hebraico.pndein

265 5500 648 5572 egiocodiee.
680 5499 778 5570 qui
811 5504 1095 5572 tanquam
1126 5501 1368 5572 tertium
1403 5499 1865 5572 exemplar-AGa-

210 5570 394 5627 nonis
418 5570 558 5626 Heb.
590 5587 708 5642 ver.
741 5570 950 5626 merito
981 5570 1202 5642 suscipi
1233 5573 1426 5638 debet,
1460 5575 1516 5626 et
1541 5572 1599 5625 in
1631 5570 1865 5626 Colber-

211 5644 344 5697 tino
380 5641 669 5697 Aniciensi
704 5642 936 5713 optimm
970 5641 1318 5710 notaa,’nibil
1379 5659 1620 5713 prorsus
1678 5646 1866 5698 exstat

217 5713 630 5783 hujuscemodi
661 5712 1219 5769 additamentorum.
1267 5712 1633 5769 Corbeiensis
1665 5718 1861 5769 autem

220 5801 394 5839 num.
417 5789 449 5839 2
473 5787 728 5856 scriptus
759 5789 1012 5857 tempore
1042 5785 1228 5841 Caroli
1251 5787 1466 5857 Magni,
1487 5801 1691 5842 omnes
1714 5801 1862 5857 prae-

2128 4615 2201 4671 lis
2231 4617 2398 4671 eius:

2128 4631 2201 4671 us
2231 4631 2260 4669 e
2291 4632 2398 4669 us:

2054 4703 2168 4742 non
2202 4631 2753 4757 es'ltquiconsoletur
2768 4705 2897 4744 eam
2917 4706 2985 4744 ex
3011 4690 3288 4745 omnibus
3312 4690 3460 4746 caris
3481 4693 3629 4762 ejus;

1982 4857 2320 4933 fatiunculaa
2339 4857 2539 4933 lineas
2555 4859 3062 4933 _obelisjugulavit
3087 4877 3099 4926 ;
3133 4859 3336 4933 sicque
3386 4862 3632 4917 manife-

1983 4935 2141 4984 stum
2176 4931 2312 4984 facit
2339 4929 2458 4984 haec
2490 4929 2930 5002 alienaessein
2963 4929 3626 5002 versione'Hicronymi,

1981 5006 2254 5127 giutuata
2312 5017 2445 5055 vero
2502 5017 2532 5056 e
2588 5001 2726 5056 LXX
2778 5002 3084 5058 Seniorum
3144 5001 3629 5076 interpretatione

2035 5090 2197 5127 raeca.

2035 5090 2197 5127 raeca.

2053 5143 2385 5198 Meminerit
2413 5141 2595 5217 lector
2626 5144 2829 5217 metris
2859 5162 2989 5200 esse
3035 5145 3288 5217 Scriptus
3318 5150 3627 5201 Lamenta-

1978 5215 2191 5282 tiones,
2226 5231 2291 5287 ae
2321 5231 2422 5287 per
2450 5214 2842 5284 Alphabetum
2875 5214 3172 5287 digestas;
3196 5223 3258 5271 ut
3317 5217 3409 5272 his
3443 5218 3630 5273 verbis

1978 5291 2228 5358 testatur
2255 5284 2737 5358 Srllieronymus
2772 5304 2785 5340 :
2819 5309 2846 5336 ‹‹
2876 5284 3081 5353 Habes,
3117 5288 3331 5358 inquit,
3362 5294 3418 5343 ct
3442 5289 3498 5342 in
3521 5290 3628 5343 La—

1979 5357 2438 5430 mentationibus
2457 5357 2725 5430 Jeremiaa
2741 5363 2993 5428 quatuor
3012 5357 3342 5430 alphabeta,
3360 5377 3388 5413 e
3414 5360 3627 5428 quibus

1977 5429 2091 5483 duo
2123 5429 2311 5501 prima
2340 5428 2509 5498 quasi
2543 5427 2793 5499 Sapbico
2822 5435 3006 5484 metro
3037 5427 3250 5500 scripta
3283 5427 3458 5485 sunt:
3486 5431 3625 5501 quia

1976 5506 2095 5555 tres
2127 5500 2468 5566 versiculos,
2496 5501 2594 5570 qui
2620 5501 2727 5554 sibi
2761 5501 3002 5555 connexi
3063 5507 3221 5567 sunt,
3257 5506 3314 5556 et
3368 5503 3440 5556 ab
3501 5500 3620 5558 una

1973 5576 2208 5627 tantum
2239 5570 2434 5626 littera
2463 5571 3017 5642 incipiunt,Heroici
3043 5588 3272 5627 comma
3296 5571 3614 5628 concludit.

1973 5641 2802 5715 Tertiumyerogalphabetum
2831 5643 3096 5698 trimetro
3119 5645 3404 5715 scriptum
3428 5649 3537 5714 est,
3563 5649 3620 5700 et

1972 5731 2005 5767 a
2034 5715 2216 5770 ternis
2247 5712 2612 5787 litteris,'sed
2645 5714 2863 5787 eisdem
2898 5714 3045 5770 terni
3070 5712 3276 5770 versus
3308 5712 3621 5787 incipiunt.

1971 5787 2252 5850 Quartum
2285 5785 2664 5856 alphabetum
2696 5785 2889 5841 simile
2911 5790 2999 5842 est
3021 5787 3206 5858 primo
3223 5793 3279 5843 et
3302 5785 3621 5844 secundo.»
