4028 6178
509 257 619 314 987

1549 256 1611 307 s.
1652 254 2062 310 HIERONYMI
2101 237 2358 310 DIVINA
2394 242 2889 312 BIBLIO'I‘HECA.

3743 264 3822 320 988

588 399 792 465 omnes
814 381 994 465 amici
1025 381 1153 454 ejus
1186 381 1534 453 spreverunt
1566 395 1718 450 eam,
1752 384 1808 435 et
1837 369 1974 436 facti
2020 381 2160 436 sunt
2188 381 2244 448 Α
2271 381 2500 437 vocavit
2528 381 2839 437 adversum
2868 396 2959 438 me
3017 385 3267 454 tempus,
3302 383 3367 438 ut
3419 387 3703 441 contereret
3743 390 3824 445 ele-

657 473 708 512 81
745 470 991 510 ιηιωιοι.

517 529 762 601 (σίνηαι.)
791 525 1058 601 Migravit
1085 525 1240 601 Juda
1258 527 1506 601 propter
1535 522 1911 580 afﬂictionem
1931 526 1987 579 et
2016 523 2166 578 mul-

658 596 975 656 titudinem
1002 596 1305 652 servitutis
1336 611 1351 652 :

584 669 872 726 habitavit
901 669 1056 724 inter
1083 673 1451 740 gentes,rnec
1482 666 1704 740 invenit
1734 665 1994 737 requiem
2021 682 2036 722 :

585 756 790 799 omnes
821 738 1226 812 persecutores
1286 739 1412 808 ejus
1471 738 1986 810 apprehenderunt
2032 753 2160 793 eam

661 814 815 868 inter
845 812 1173 883 augustius.

519 885 783 953 malem.)
813 879 1105 940 Viae"Sion
1150 885 1372 953 fugent,
1407 898 1472 936 eo
1529 882 1686 953 quod
1718 898 1834 936 non
1892 879 2011 936 sint
2065 879 2163 951 qui

655 955 894 1012 veniant
919 958 992 1012 ad
1029 954 1470 1010 solemnitatem
1500 968 1513 1007 :

587 1044 792 1084 omnes
825 1031 1004 1098 portae
1036 1027 1164 1096 ejus
1196 1025 1505 1081 destructas
1532 1042 1544 1080 :
1569 1024 1902 1080 sacerdotes
1923 1023 2050 1094 ejus
2073 1039 2162 1095 ge-

662 1103 890 1154 mentes
915 1115 928 1153 :

584 1172 843 1296 viigi‘tjies
875 1170 1002 1240 ejus
1033 1166 1337 1240 squalidae,
1373 1171 1430 1224 et
1459 1168 1588 1238 ipsa
1618 1182 1901 1240 Oppressa
1949 1165 2164 1221 amari-

689 1261 724 1296 u
773 1257 889 1296 ine.

660 1242 889 1298 tudine.

517 1313 853 1386 (fle.)iFacti_
874 1315 1016 1386 sunt
1046 1311 1247 1367 hostes
1275 1311 1402 1381 ejus
1434 1310 1494 1366 in
1522 1309 1733 1382 capite,
1768 1308 1990 1364 inimici
2037 1309 2167 1379 ejus

663 1383 1004 1456 locupletati
1031 1387 1172 1456 sunt
1197 1399 1211 1438 :

598 1458 735 1529 quia
763 1455 1048 1529 Dominus
1078 1455 1311 1529 locutus
1363 1457 1451 1508 est
1507 1469 1682 1529 super
1741 1469 1869 1508 eam
1933 1456 2170 1524 propter

658 1526 1095 1583 multitudinem
1129 1525 1508 1596 iniquitatum
1542 1527 1669 1594 ejus
1703 1541 1717 1580 :

599 1599 897 1725 patrvglilej
909 1615 977 1724 uta
1000 1598 1158 1654 ducti
1181 1593 1320 1654 sunt
1340 1597 1399 1651 in
1414 1593 1809 1668 captivitatem
1827 1599 1961 1650 ante
1977 1593 2168 1650 faciem

689 1689 735 1725 ιιι
787 1687 817 1725 u
851 1687 922 1725 an
955 1687 1024 1725 IS.

662 1671 775 1726 trib
787 1670 1024 1726 ulantis.

517 1743 723 1817 (μω.)
744 1743 813 1797 Et
843 1758 1117 1817 egressus
1139 1745 1230 1796 est
1253 1740 1424 1817 a_Iilia
1443 1740 1580 1817 Sion
1609 1737 1800 1817 omnis
1825 1737 2166 1817 decor-ejus:

589 1809 728 1872 facti
761 1809 908 1869 sunt
931 1812 1224 1886 principes
1255 1813 1382 1883 ejus
1412 1810 1569 1866 velut
1600 1812 1811 1866 arietes
1843 1827 1960 1866 non
2004 1809 2163 1864 inve-

662 1886 894 1943 nientes
929 1901 1148 1957 pascua
1177 1903 1190 1940 :

591 1963 651 2014 et
680 1952 952 2014 abierunt
973 1958 1196 2028 absque
1227 1954 1565 2010 fortitudine
1587 1957 1717 2009 ante
1736 1954 1942 2009 faciem
1964 1952 2171 2008 sube-

707 2033 923 2086 uentis.

522 2047 1082 2171 (Zairgglel’rtle’nzrdata
1107 2103 1197 2171 est
1223 2097 1814 2171 Jerusalemdierum
1837 2094 2166 2171 afﬂictionis

667 2165 809 2239 suae,
831 2176 887 2227 et
901 2168 1395 2242 praevaricationis
1415 2168 1678 2242 omnium
1695 2165 2171 2242 desiderabilium

665 2239 934 2308 suorum,
967 2259 1094 2313 quae
1125 2241 1413 2295 habuerat
1444 2257 1476 2313 a
1507 2239 2035 2313 diebusgautiquis,

597 2330 730 2370 cum
763 2310 1266 2396 caderetpopulus
1295 2313 1424 2383 ejus
1445 2312 1505 2366 in
1529 2327 1703 2366 manu
1728 2310 1950 2381 hostili,
1981 2314 2168 2366 etnon

667 2390 824 2442 esset
851 2384 1164 2440 auxiliator
1195 2401 1208 2438 :

594 2457 870 2512 viderunt
900 2472 1026 2512 eam
1061 2455 1283 2522 hostes,
1314 2459 1372 2510 et
1396 2453 1729 2510 deriserunt
1752 2454 1997 2509 sabbata
2019 2452 2167 2522 ejus.

523 2529 721 2602 (Ηειῇ.)
789 2528 1069 2602 Ρᾼθρξιΐυίηι
1130 2526 1389 2598 peccavit
1438 2525 1802 2595 Jerusalem,
1863 2529 2172 2596 propterea

666 2597 960 2655 instabilis
992 2597 1148 2654 facta
1175 2601 1285 2665 est,

594 2687 820 2738 omnes,
849 2672 949 2742 qui
981 2671 1392 2743 glorificabaut
1412 2672 1949 2743 Aeam,spreverunt
1981 2666 2169 2736 illam,

666 2743 803 2814 quia
832 2740 1109 2798 viderunt
1138 2740 1523 2814 ignominiam
1551 2741 1682 2809 ejus
1708 2757 1721 2794 :

595 2815 724 2887 ipsa
753 2818 950 2870 autem
981 2831 1224 2887 gemens
1254 2817 1311 2869 et
1338 2828 1617 2887 conversa
1646 2817 1989 2866 retrorsum.

523 2884 730 2960 (Tel/1.)
755 2887 962 2942 Sordes
988 2884 1121 2958 ejus
1152 2886 1211 2949 in
1244 2885 1489 2957 pedibus
1520 2885 1668 2955 ejus,
1704 2899 1808 2938 nec
1867 2884 2172 2939 recordata

666 2963 756 3012 est
785 2958 922 3012 ﬁnis
954 2961 1043 3012 sui
1071 2975 1086 3012 :

666 2963 756 3014 est
785 2958 922 3014 ﬁnis
954 2961 1043 3014 sui
1071 2975 1086 3012 :

595 3030 859 3102 deposita
889 3035 979 3086 est
1009 3028 1404 3095 vehementer,
1455 3043 1571 3083 non
1610 3026 1837 3082 habens
1902 3025 2172 3082 consola-

666 3109 853 3157 torem
879 3117 892 3155 :

592 3172 744 3238 vide,
777 3171 1037 3238 Domine,
1069 3171 1446 3226 afﬂictionem
1477 3169 1980 3240 meam,quoniam
2006 3186 2164 3226 erec-

669 3248 766 3299 tus
800 3247 890 3299 est
918 3243 1214 3299 inimicus.

527 3315 693 3387 (Jod.)
728 3315 966 3387 Manum
1001 3332 1168 3371 suam
1202 3313 1365 3371 misit
1396 3312 1584 3368 hostis
1617 3313 1689 3367 ad
1708 3313 1908 3369 omnia
1935 3312 2167 3369 deside-

670 3386 881 3442 rabilia
909 3387 1070 3456 ejus:

600 3459 740 3530 quia
768 3457 913 3530 vidit
938 3462 1139 3529 gentes
1166 3457 1469 3530 ingressas,
1513 3456 1915 3530 sanctuarium
1962 3473 2168 3530 suum,

600 3527 918 3655 detquibus
944 3527 1328 3600 praeceperas,
1361 3543 1432 3582 ne
1457 3527 1745 3582 intrarent
1767 3527 1826 3582 in
1848 3527 2171 3583 Ecclesiam

700 3616 853 3655 uam.

700 3616 853 3657 1.18.111.

528 3672 785 3745 (Chap/2.)
809 3671 1013 3727 Omnis
1047 3671 1296 3743 populus
1323 3672 1453 3742 ejus
1483 3687 1745 3744 gemens,
1796 3673 1853 3725 et
1905 3687 2173 3742 quaerens

714 3760 885 3798 auem
913 3760 925 3798 ἒ

596 3761 885 3871 (1θὲἒῖἕὲ
913 3785 1170 3886 pretiosa
1200 3831 1443 3886 quaeque
1473 3830 1576 3885 pro
1600 3812 1726 3869 cibo
1749 3813 1821 3868 ad
1846 3811 2172 3870 refocillan-

669 3887 806 3942 dam
835 3887 1118 3941 animam.

596 3957 765 4084 Vide,
798 3957 1062 4026 Domine,
1095 3963 1151 4013 et
1179 3956 1507 4025 considera,
1539 3955 1814 4028 quoniam
1845 3956 1997 4012 facta
2039 3974 2174 4012 sum

671 4046 722 4084 vr
751 4047 821 4084 ιε.

671 4046 821 4085 V1118.

531 4100 862 4174 (Lamedjo
891 4116 992 4156 vos
1021 4115 1248 4174 omnes,
1270 4099 1384 4174 Aqui
1415 4099 1683 4174 transitis
1714 4115 1816 4174 per
1845 4099 2022 4174 viam,

600 4173 904 4239 attendite,
938 4176 996 4226 et
1023 4172 1214 4229 videte
1234 4169 1283 4226 si
1304 4169 1399 4227 est
1418 4171 1585 4228 dolor
1606 4169 1759 4226 sicut
1783 4169 1951 4226 dolor
1972 4186 2170 4226 meus:

602 4245 883 4316 quoniam
896 4243 1280 4316 vindemiavit
1303 4259 1414 4316 me,
1440 4249 1503 4299 ut
1523 4243 1756 4299 locutus
1773 4247 1862 4298 est
1884 4242 2173 4297 Dominus

674 4315 733 4370 in
767 4316 859 4371 die
890 4315 987 4369 iraa
1019 4315 1234 4370 furoris
1265 4315 1377 4369 sui.

527 4387 730 4456 (Mem)
766 4392 840 4442 De
872 4386 1097 4442 excelso
1121 4385 1280 4441 misit
1311 4386 1506 4458 ignem
1537 4386 1598 4440 in
1629 4386 1867 4442 ossibus
1895 4385 2068 4451 meis,
2115 4388 2174 4440 et

671 4459 922 4513 erudivit
953 4475 1046 4514 me
1071 4475 1085 4512 :

601 4529 880 4600 expandit
909 4538 1026 4585 rete
1057 4529 1304 4600 pedibus
1335 4528 1508 4598 meis,
1539 4528 1822 4584 convertit
1844 4539 1936 4583 me
1967 4530 2176 4583 retror-

673 4617 805 4655 sum
834 4618 846 4655 ἶ

600 4672 801 4741 posuit
816 4685 908 4726 me
928 4670 1277 4740 desolatam,
1300 4675 1424 4727 tota
1443 4671 1538 4726 die
1563 4687 1806 4727 mcerore
1828 4671 2172 4726 confectam.

531 4743 724 4814 (Ναη.)
749 4741 1026 4815 Vigilavit
1049 4741 1692 4815 jugumiiniquitatum,
1709 4759 1994 4798 mearum.

601 4814 660 4870 in
694 4811 1417 4886 manuiejus’convolutte—
1469 4820 1629 4882 sunt,
1681 4814 1974 4886 impositae
2027 4811 2176 4868 collo

670 4900 800 4940 meo
838 4902 850 4940 :
885 4885 1188 4941 infirmata
1217 4889 1308 4942 est
1334 4885 1519 4941 virtus
1543 4903 1707 4941 mea:

598 4955 761 5011 dedit
798 4971 891 5011 me
923 4957 1211 5013 Dominus
1241 4957 1302 5012 in
1334 4974 1536 5025 manu,
1569 4957 1640 5014 de
1671 4975 1787 5030 qua
1818 4974 1932 5012 non
1977 4964 2175 5032 potero

671 5044 934 5099 surgere.

530 5098 1113 5174 (SamechiiAbstulit
1142 5115 1342 5174 omnes
1376 5101 1722 5174 magniﬁcos
1760 5117 1921 5159 meos
1976 5101 2176 5158 Domi-

673 5187 787 5227 nus
811 5171 891 5227 de
923 5171 1114 5227 medio
1147 5172 1261 5228 mei
1289 5189 1301 5228 :

529 5382 782 5440 Consule
811 5384 981 5460 epist.
1017 5386 1087 5441 ad
1113 5385 1348 5460 Paulam
1367 5385 1662 5454 Urbicam,
1682 5388 1740 5460 et
1761 5379 2177 5460 Prolegomena

531 5461 749 5535 nostra,
785 5457 884 5512 ubi
920 5458 990 5514 de
1021 5457 1227 5513 metris
1251 5457 1627 5513 Hebraeorum
1655 5457 1972 5530 disputatio
2007 5459 2176 5518 insti-

531 5529 736 5580 tuitur.
772 5528 958 5584 MART.

603 5625 670 5632 -—
694 5596 938 5670 Palatin.
974 5615 1084 5653 ms.
1114 5598 1611 5670 quemadmodum
1645 5599 1741 5653 alii
1763 5602 1917 5670 apud
1948 5601 2176 5658 Martia-

538 5677 729 5741 nmum
765 5669 988 5741 codices
1020 5669 1171 5724 hanc
1204 5669 1972 5741 prmferuntinscriptibnem
2001 5690 2014 5728 :
2041 5674 2180 5729 Inci-

535 5729 619 5815 Ρξι
649 5735 880 5815 ejusdem
914 5729 1276 5815 Lumenltuio,
1308 5741 1446 5815 quod
1481 5745 1559 5815 est
1601 5729 1760 5797 tt'tul‘o
1794 5743 2025 5800 Cht’notlt
2053 5763 2177 5801 cum

539 5799 879 5861 absolutione
948 5811 1238 5868 literarum
1261 5799 1274 5809 ’
1309 5799 1732 5869 Hebraicarum.
1819 5799 2175 5872 Procemium

2196 3127 2240 3196 Ο

2416 459 2538 508 ctos
2571 469 2732 508 meos
2758 470 2772 510 :

2339 523 2598 598 torcular
2627 523 2870 580 calcavit
2895 524 3180 598 Dominus
3207 525 3416 598 virgini
3441 526 3563 582 tiliae
3587 528 3612 582 J
3623 529 3730 584 uda.

2269 596 2445 668 (Ain.)
2478 594 2700 652 Idcirco
2730 612 2836 668 ego
2870 597 3130 668 plorans,
3163 602 3221 654 et
3250 594 3455 653 oculus
3500 615 3647 654 meus
3692 601 3824 658 dedu-

2412 683 2550 740 cens
2581 685 2766 740 aquas
2793 686 2808 722 :

2342 739 2481 811 quia
2497 738 2684 822 longe
2708 741 2896 795 factus
2928 743 3019 795 est
3034 757 3068 794 a
3089 755 3180 796 me
3201 738 3542 812 consolator,
3564 750 3828 801 convertens

2413 827 2673 866 animam
2708 827 2897 866 meam
2924 828 2937 866 ἒ

2343 881 2493 965 facti.
2517 889 2659 939 sunt
2680 883 2782 937 filii
2816 883 2928 939 mei
2960 883 3195 955 perditi,
3228 883 3500 954 quoniam
3528 883 3828 942 invaluitiui-

2417 970 2626 1010 ωιοαε.

2273 1025 2455 1099 (Phan)
2480 1025 2764 1100 Expandit
2795 1025 2934 1082 Sion
2969 1043 3180 1082 manus
3209 1043 3371 1097 suas,
3402 1043 3511 1082 non
3532 1030 3611 1083 est
3635 1029 3826 1100 quicun-

2417 1097 2639 1153 sOletur
2667 1114 2796 1154 eam
2825 1114 2838 1152 :

2345 1169 2648 1225 mandavit
2672 1170 2960 1225 Dominus
2990 1169 3301 1224 adversum
3331 1169 3504 1225 Jacob
3549 1169 3601 1224 in
3637 1171 3826 1227 circuitu

2417 1242 2546 1312 ejus
2576 1242 2773 1297 hostes
2803 1242 2932 1312 ejus
2956 1256 2970 1296 :

2347 1310 2501 1368 facta
2530 1318 2621 1369 est
2641 1310 2964 1369 Jerusalem
2989 1310 3158 1383 quasi
3181 1311 3408 1383 polluta
3428 1314 3710 1368 menstruis
3727 1315 3834 1368 inter

2418 1401 2536 1440 608.

2276 1455 2438 1526 (Sade
2465 1459 2481 1526 )
2513 1455 2720 1511 Justus
2738 1458 2827 1510 est
2841 1454 3150 1525 Dominus,
3171 1455 3308 1525 quia
3328 1471 3392 1511 os
3412 1455 3533 1526 ejus
3557 1456 3620 1510 ad
3663 1456 3832 1512 iracun-

2419 1528 2578 1582 diam
2613 1527 2939 1598 provocavi.

2351 1599 2576 1666 Audite,
2610 1597 2872 1664 obsecro,
2907 1597 3164 1653 universi
3197 1597 3421 1669 populi,
3450 1602 3504 1654 et
3527 1597 3692 1653 videte
3716 1597 3832 1653 dolo-

2213 1733 2218 1738 ,
2423 1687 2544 1726 rem
2581 1687 2817 1726 meum:

2202 1744 2249 1821 Β
2350 1741 2605 1821 virgines
2638 1758 2777 1797 mets
2808 1741 3130 1812 etjuvenes
3161 1739 3274 1795 mei
3306 1739 3564 1796 abierunt
3589 1739 3641 1795 in
3663 1739 3836 1812 captivi-

2422 1818 2627 1869 tatem.

2280 1884 2496 1957 (δορὴ.)
2527 1885 2734 1940 Vocavi
2768 1883 2986 1957 amicos
3010 1899 3195 1951 meos,
3220 1885 3279 1957 et
3298 1881 3409 1957 ipsi
3430 1884 3832 1957 deceperuntme;

2349 1953 2680 2013 sacerdotes
2713 1956 2828 2012 mei
2857 1961 2916 2013 et
2945 1971 3116 2012 senes
3152 1954 3267 2010 mei
3297 1953 3354 2009 in
3388 1955 3523 2010 urbe
3563 1953 3831 2026 consumpti

2421 2031 2562 2085 sunt

2351 2101 2486 2172 quia
2521 2099 2876 2172 quaesierunt
2906 2096 3104 2154 cibum
3136 2097 3273 2165 sibi,
3307 2102 3371 2153 ut
3392 2095 3834 2152 refocillareutaui-

2355 2189 2512 2228 mam
2547 2185 2736 2226 suam.

2279 2244 2448 2316 (Res.)
2477 2243 2644 2308 Vide,
2668 2241 2933 2309 Domine,
2951 2240 3235 2313 quoniam
3255 2239 3517 2310 tribulo'r,
3539 2239 3836 2294 conturbatus

2422 2320 2513 2371 est
2535 2321 2738 2370 venter
2769 2328 2975 2369 meus:

2351 2388 2698 2443 subversum
2731 2389 2821 2440 est
2852 2401 2952 2440 cor
2982 2401 3183 2440 meum
3215 2384 3277 2438 in
3307 2383 3652 2454 memetipsa,

2351 2459 2628 2531 quoniam
2662 2456 3056 2531 amaritudine
3087 2455 3264 2531 plena
3296 2472 3448 2531 sum.

2354 2521 2495 2586 foris
2526 2529 2804 2584 interficit
2834 2521 3184 2599 gladiusfet
3213 2528 3371 2600 domi
3393 2543 3541 2581 mors
3563 2521 3832 2600 similisest,

2279 2602 2445 2676 (δίη.)
2478 2600 2805 2676 Audierunt
2836 2601 2976 2670 quia
3004 2599 3332 2671 iugemisco
3353 2615 3475 2670 ego,
3497 2603 3548 2652 et
3568 2612 3665 2651 non
3686 2599 3832 2662 estqui

2421 2672 2758 2729 eonsoletur
2785 2687 2879 2727 me
2905 2687 2919 2726 :

2351 2761 2556 2802 omnes
2591 2743 2810 2799 inimici
2845 2743 2956 2798 mei
2989 2743 3310 2798 audierunt
3333 2740 3543 2797 malum
3573 2753 3748 2803 meum,
3773 2734 3834 2788 lat-

2419 2817 2526 2872 tati
2558 2823 2716 2883 sunt,
2749 2815 3126 2886 quoniamtu
3162 2815 3390 2870 fecisti:
3569 2881 3577 2886 ,
3645 2879 3671 2886 __
3811 2875 3818 2885 ,

2351 2887 2649 2944 adduxisti
2671 2879 2823 2942 diem
2850 2885 3295 2954 consolationis,
3313 2891 3371 2940 et
3387 2886 3521 2940 ﬁent
3535 2879 3726 2937 similes
3742 2879 3833 2954 mei.

2277 2959 2503 3031 (ΤΙιαυ.)
2532 2959 2905 3032 Ingrediatur
2933 2974 3110 3032 omne
3143 2953 3368 3032 malum
3389 2971 3577 3032 eorum
3600 2966 3759 3007 coram
3781 2953 3831 3032 te:

2351 3037 2409 3089 et
2437 3025 2735 3087 vindemia
2763 3047 2882 3096 eos,
2916 3030 3069 3085 sicut
3114 3027 3486 3085 vindemiasti
3538 3041 3620 3080 me
3666 3025 3834 3094 propter

2420 3119 2625 3159 omnes
2657 3101 2998 3173 iniquitates
3029 3118 3196 3173 meas
3221 3118 3236 3157 :

2351 3175 2523 3231 multi
2551 3175 2709 3230 enim
2743 3171 3002 3244 gemitus
3033 3171 3172 3238 mei,
3207 3176 3265 3228 et
3296 3189 3393 3246 cor
3422 3183 3597 3246 meum
3629 3177 3830 3246 intereas.

2275 3249 2428 3321 (Cap.
2464 3247 2531 3302 II.
2562 3236 2780 3321 Alephf)
2811 3236 3362 3321 Quomodoobtexit
3382 3240 3611 3310 caligine
3631 3238 3677 3292 in
3696 3236 3831 3290 furore

2419 3335 2525 3374 suo
2553 3316 2836 3374 Dominus
2868 3317 3050 3372 ﬁliam
3081 3316 3220 3373 Sion
3246 3332 3260 3371 :

2349 3390 2592 3462 projecit
2622 3391 2692 3444 de
2723 3388 2864 3444 coelo
2891 3389 2950 3444 in
2984 3395 3202 3462 terram
3236 3386 3506 3462 inclytam
3539 3377 3706 3443 israel,
3795 3445 3802 3454 υ

2349 3457 2407 3519 et
2438 3457 2552 3517 non
2583 3466 2672 3516 est
2705 3461 3042 3516 recordatus
3071 3459 3317 3515 scabelli
3351 3457 3551 3530 pedum
3581 3464 3769 3508 suorum
3793 3461 3830 3497 in

2423 3535 2519 3588 die
2552 3531 2766 3587 furoris
2797 3532 2910 3587 sui.
3801 3586 3807 3595 _

2278 3607 2480 3679 (ΒθιΙι.)
2502 3604 2893 3679 Praecipitavit
2923 3601 3233 3670 Dominus,
3268 3616 3372 3657 nec
3407 3595 3656 3672 pepercit,
3693 3601 3834 3646 omnia

2424 3678 2689 3749 speciosa
2717 3676 2932 3749 Jacob:
3255 3744 3265 3749 _
3303 3743 3315 3749 ,
3517 3739 3526 3749 ,
3600 3737 3609 3746 .
3655 3735 3664 3744 .

2352 3729 2644 3804 destruxit
2664 3729 2732 3802 in
2755 3729 2946 3802 furore
2971 3762 3077 3799 suo
3101 3743 3460 3800 munitiones
3480 3735 3692 3815 virginis
3707 3729 3828 3812 Juda.

2352 3824 2410 3877 et
2441 3819 2650 3902 dejecit
2679 3819 2738 3873 in
2769 3817 2984 3874 terram
3009 3833 3021 3871 :
3049 3816 3261 3888 polluit
3285 3814 3830 3886 regnum,etprincipes

2424 3907 2571 3960 ejus.

2284 3954 2522 4034 (Cimet)
2554 3960 2846 4034 confregit
2875 3961 2936 4014 in
2966 3960 3054 4014 ira
3111 3958 3327 4014 furoris
3383 3954 3470 4011 sui
3520 3964 3667 4007 omne
3704 3955 3826 3999 cornu

2427 4033 2642 4089 Israel:
3654 4091 3662 4093 _
3704 4087 3713 4093 .
3766 4081 3811 4093 ..

2354 4106 2560 4162 avertit
2591 4108 2912 4160 retrorsum
2945 4101 3243 4156 dexteram
3268 4115 3432 4155 suam
3456 4114 3486 4150 a
3507 4093 3633 4149 facie
3651 4091 3828 4162 initum:

2353 4157 2411 4234 Et
2433 4157 2744 4233 succendit
2773 4173 3030 4242 iniacob
3051 4171 3224 4246 quasi
3258 4173 3447 4243 ignem
3470 4167 3688 4222 ﬂammae
3705 4157 3826 4212 devo-

2424 4248 2609 4304 rantis
2632 4249 2690 4302 in
2722 4262 2882 4318 gyro.
3462 4309 3507 4318 __
3557 4307 3566 4318 ,
3632 4304 3640 4314 ,

2281 4295 2857 4392 (Βαιέῡιῖῖῗέἶθὲὂῖί
2870 4295 3078 4371 arcum
3110 4331 3286 4370 suum
3311 4311 3476 4392 quasi
3491 4304 3744 4392 inimicus,
3763 4295 3827 4348 ﬁr-

2424 4385 2604 4446 mavit
2634 4391 2930 4446 dexteram
2963 4403 3134 4442 suam
3167 4385 3336 4458 quasi
3359 4385 3568 4458 hostis;
3599 4447 3608 4457 _
3701 4441 3711 4453 .

2203 4489 2249 4553 D
2353 4467 2409 4519 et
2423 4443 2850 4553 an-ciditnmrne
2882 4459 3035 4553 qgod
3069 4443 3381 4530 pulchrum
3411 4455 3526 4509 erat
3559 4443 3672 4502 'visu
3698 4443 3743 4495 in
3767 4443 3827 4488 ta°

2423 4531 2739 4590 bernacuio
2771 4531 2902 4586 ﬁliae
2931 4531 3092 4596 Sion,

2349 4605 2553 4677 effudit
2583 4605 2752 4674 quasi
2784 4604 2981 4677 ignem
3013 4601 3474 4677 indignationem
3499 4604 3669 4677 suam.

2278 4678 2422 4747 (Ηε.)
2450 4669 2665 4732 Factus
2698 4679 2787 4731 est
2808 4669 3102 4747 Dominus
3129 4669 3289 4747 velut
3318 4669 3608 4747 inimicus:
3674 4717 3800 4747 mm:

2352 4731 2736 4832 praecipitavit
2767 4744 2965 4813 Israel,
3020 4741 3399 4817 praecipitavit
3451 4731 3627 4793 omnia
3673 4731 3828 4780 ωαδωε

2419 4836 2587 4875 811182

2350 4835 2656 4963 diggiupsavit
2686 4887 3044 4963 munitiones
3077 4887 3228 4963 ejus,
3252 4887 3362 4963 "et.
3387 4873 3606 4949 replevit
3653 4868 3700 4923 in
3744 4861 3770 4915 ﬁ

2420 4955 2574 5018 Juda
2593 4960 2973 5016 humiliatum
3012 4963 3069 5014 et
3099 4955 3482 5026 humiliattamf
3553 5017 3563 5026 .

2277 5014 2896 5104 (Vavjiijt‘dissipavit
2925 5029 3094 5104 quasi
3116 5029 3350 5104 hortum
3371 5017 3658 5078 tentorium
3679 5014 3827 5062 Suum»

2419 5099 2856 5160 demolitus-est
2886 5099 3326 5158 tabernaculum
3357 5104 3557 5163 suum}
3612 5152 3640 5163 Α,
3676 5147 3686 5160 ,

2351 5147 3326 5233 obiivv‘iniii"G‘tttiid'it'ﬁéitﬁﬁh‘s'ii
3357 5147 3493 5222 sica
3529 5147 3824 5214 festivitatem

3777 4857 3828 4911 lia

2279 5404 2511 5462 quoque
2539 5384 2710 5455 illud,
2742 5387 2863 5443 sive
2893 5374 3468 5462 argumentum-libri
3520 5352 3826 5462 pfngfynfsj

2281 5423 2511 5462 quuquo
2542 5423 2710 5455 quu,
2742 5423 2863 5443 uno
2893 5423 3320 5465 “I6Uluuuvu:ta.
3342 5423 3468 5434 "an
3521 5423 3565 5441 τν
3627 5423 3639 5434 .
3772 5423 3826 5474 (Α

2281 5463 2345 5539 βε
2371 5463 2581 5539 factum
2607 5464 2687 5515 est
2707 5459 3083 5539 postqugméin
3114 5437 3825 5539 captivitafept‘fﬂfgi‘l‘inne

2281 5509 2478 5613 1.57.5191;
2500 5536 2610 5586 etc.
2638 5509 2766 5613 qurts
2797 5509 3425 5613 ennSep't-uagintavirali
3444 5509 3822 5613 intfrpéftqaltigrg

2279 5581 2341 5660 ἰὲ
2364 5581 2628 5687 mea
2643 5581 2769 5658 ἶάῧ
2779 5581 3389 5687 saeuissimus}?
3413 5581 3804 5687 fEP‘tffi’s’lii

2279 5653 2516 5755 verojno
2526 5653 3376 5755 r,:Clald‘ze9
3412 5663 3506 5714 aut
3524 5653 3818 5755 iam:

2292 5722 2410 5730 ""
2439 5722 2496 5729 ”“
2530 5722 2767 5729 "'""“"
2802 5722 3100 5744 --ο---η--τ
3142 5722 3162 5725 ν
3327 5736 3336 5748 ⁸
3625 5722 3635 5731 ,
3701 5722 3706 5723 ,

2282 5745 2438 5818 quod
2470 5745 2754 5818 reicaput
2784 5752 2892 5818 est,
2925 5745 2980 5800 in
3040 5736 3469 5818 vetustioribus,
3506 5722 3762 5818 Βιξιριιοιηείίῖ

2282 5799 2437 5874 notm
2463 5799 2762 5873 codicibus
2794 5799 3254 5887 IIiéronymianaz
3283 5799 3564 5864 versionis.
