4028 6178
441 215 543 268 991

1492 215 1549 267 S.
1594 212 1999 268 HIERONYMI
2037 213 2294 267 DIVINA
2329 211 2826 267 BlBLIOTHECA.

3736 211 3842 265 992

449 343 654 413 (Zain.)
697 341 1012 413 Recordare
1046 337 1447 413 paupertatis,
1481 343 1537 394 et
1602 338 2088 410 transgressionis
2119 339 2170 406 Α
2201 337 2720 413 νίἀίξιίεβοῐῃίο-ς,
2744 335 3114 413 iniquitatem
3146 352 3350 392 eorum
3383 337 3700 393 adversum
3736 355 3842 394 me:

594 427 753 479 meae,
788 409 1104 482 absyntbii,
1138 414 1194 464 et
1227 409 1396 465 fellis.

450 483 726 538 Memoria
757 481 976 536 memor
1005 498 1122 549 ero,
1153 486 1208 535 et
1230 481 1564 536 tabescetin
1599 496 1689 536 me
1712 481 1905 536 anima
1937 497 2086 538 mea.

451 562 580 610 llazc
614 553 874 610 recolens
907 554 964 606 in
996 555 1169 607 corde
1203 569 1352 619 meo,
1386 554 1516 608 ideo
1547 555 1816 623 sperabo.

450 627 662 698 (Hel/1.)
694 625 1097 698 Misericordiae
1129 623 1362 698 Domini
1395 625 1532 695 quia
1568 641 1681 698 non
1714 641 1922 698 sumus
1954 641 2090 698 con-

591 697 847 768 sumpti:
871 697 1005 768 quia
1026 713 1138 768 non
1159 697 1494 750 defecerunt
1512 696 1916 752 miserationes
1940 696 2088 767 ejus.

451 768 595 825 Novi
627 767 907 834 diluculo,
941 767 1127 822 multa
1159 772 1248 822 est
1277 768 1421 822 ﬁdes
1452 771 1572 821 tua.

449 843 587 897 Pars
639 857 767 895 mea
815 839 1116 907 Dominus,
1151 837 1296 892 dixit
1342 840 1541 894 anima
1582 855 1750 896 mea:
1786 843 2092 912 propterea

591 913 942 982 exspectabo
977 927 1106 966 eum
1132 928 1150 963 .-

450 985 638 1054 (ΤειΙι.)
671 984 866 1038 Bonus
897 987 988 1037 est
1011 981 1298 1054 Dominus
1351 981 1772 1053 superantibus
1821 981 1879 1037 in
1931 997 2088 1049 eum,

593 1054 800 1109 anima:
835 1053 1114 1125 quaerenti
1135 1053 1334 1125 illum.

448 1129 669 1182 Bonum
701 1130 790 1181 est
823 1123 1145 1197 praestolari
1176 1140 1310 1178 cum
1342 1123 1574 1197 silentio
1609 1124 1866 1180 salutare
1897 1124 2018 1197 Dei.

452 1199 681 1254 Bonum
715 1203 802 1252 est
824 1195 974 1266 'viro,
1008 1213 1141 1251 cum
1174 1196 1492 1267 portaverit
1514 1198 1726 1266 jugum
1776 1197 1847 1252 ab
1898 1195 2090 1251 adole-

597 1269 820 1324 scentia
851 1285 974 1324 sua.

449 1340 863 1414 (Jod.)Sedebit
917 1338 1238 1406 solitarius,
1291 1343 1347 1392 et
1409 1339 1658 1395 tacebit:
1694 1339 1833 1410 quia
1885 1339 2094 1394 levavit

592 1427 768 1481 super
795 1428 876 1468 se.

448 1490 631 1540 Ponet
663 1485 720 1537 in
757 1484 993 1554 pulvere
1023 1499 1087 1537 os
1119 1498 1316 1549 suum,
1352 1482 1402 1537 si
1435 1482 1580 1537 forte
1613 1483 1690 1537 sit
1721 1499 1876 1552 spes.

448 1556 626 1681 Dabilt)
653 1553 997 1637 pereutienti
1032 1568 1094 1609 se
1127 1553 1449 1619 maxillam,
1484 1555 1849 1609 saturabitur
1879 1570 2096 1626 oppro-

636 1643 759 1680 rus.

636 1643 759 1680 ΓΗΒ.

453 1699 711 1771 (ΕὴίιρΙι.)
739 1697 886 1761 Quia
918 1712 1032 1750 non
1065 1694 1302 1767 repellet
1351 1695 1405 1749 in
1441 1695 1861 1767 sempiternum
1896 1696 2095 1752 Domi—

591 1786 724 1825 [1118.

449 1842 591 1908 Quia
614 1842 661 1896 si
687 1839 920 1912 abjecit,
943 1843 1000 1894 ct
1023 1838 1400 1912 miserebitur
1421 1840 1745 1894 secundum
1771 1839 2097 1896 multitudi-

591 1929 720 1968 nem
755 1911 1296 1967 misericordiarum
1332 1927 1596 1966 suarum.

449 1991 573 2042 Non
607 1984 760 2041 enim
795 1983 1128 2038 humiliavit
1156 1997 1229 2036 ex
1257 1983 1428 2038 corde
1458 1999 1587 2051 suo,
1617 1985 1672 2038 et
1702 1982 1914 2056 abjecit
1945 1982 2097 2041 ﬁlios

589 2057 919 2110 hominum.
1390 2093 1394 2096 -

447 2127 710 2199 (Lamed.)
733 2127 803 2182 Ut
825 2128 1149 2181 contereret
1175 2124 1288 2180 sub
1311 2123 1560 2196 pedibus
1593 2125 1717 2181 suis
1739 2143 1945 2182 omnes
1969 2127 2098 2183 vin-

595 2205 720 2253 ctos
750 2202 936 2252 terrae.

453 2271 528 2327 Ut
558 2270 878 2340 declinaret
901 2266 1194 2340 judicium
1215 2267 1322 2322 viri
1349 2267 1408 2322 in
1435 2271 1750 2340 conspectu
1772 2268 1971 2326 vultus
2002 2270 2098 2325 Al-

593 2339 834 2396 tissimi.

452 2413 527 2469 Ut
557 2416 876 2485 perveteret
921 2410 1223 2466 hominem
1274 2410 1331 2464 in
1373 2410 1621 2482 judicio:
1651 2427 1778 2478 suo,
1813 2411 2098 2470 Dominus

593 2484 903 2556 ignoravit.

450 2552 653 2625 (Μεηιξ)
677 2555 816 2619 Quis
875 2558 964 2608 est
1011 2554 1151 2626 iste,
1184 2552 1284 2624 qui
1333 2552 1480 2607 dixit
1523 2556 1588 2608 ut
1635 2554 1817 2626 fieret,
1852 2555 2097 2612 Domino

597 2624 712 2682 nun
734 2627 982 2696 jubente
1004 2624 1032 2678 ?

457 2699 537 2755 Ex
584 2715 682 2754 ore
727 2695 1013 2754 Altissimi
1063 2712 1177 2751 non
1228 2695 1602 2768 egredientur
1651 2713 1755 2752 nec
1799 2697 1952 2754 mala
1992 2715 2097 2755 nec

595 2771 798 2826 bona?

451 2842 597 2907 Quid
621 2839 1193 2896 murmuravithomo
1209 2837 1429 2904 vivens,
1444 2838 1532 2894 vir
1550 2855 1652 2909 pro
1671 2841 1926 2911 peccatis
1945 2841 2100 2896 suis?

452 2915 643 2986 (Νωι.)
676 2915 1018 2970 Scrutemur
1040 2912 1197 2986 _v_ias
1243 2915 1509 2986 nostras,
1545 2915 1600 2966 ct
1656 2927 2010 2982 quaeramus,
2042 2919 2099 2969 et

593 2982 956 3040 revertamur
987 2983 1057 3038 ad
1091 2982 1426 3038 Dominum.

456 3057 734 3112 Levemus
766 3057 941 3110 corda
972 3059 1168 3110 nostra
1201 3069 1330 3108 cum
1366 3053 1641 3109 manibus
1673 3055 1744 3110 ad
1777 3055 2090 3112 Dominum

595 3129 651 3182 in
687 3128 881 3183 cmlos.

457 3199 576 3254 Nos
609 3199 805 3269 inique
835 3198 1086 3271 egimus,
1120 3199 1176 3271 et
1224 3197 1295 3252 ad
1344 3195 1706 3271 iracundiam
1757 3199 2089 3270 provocavi-

597 3268 729 3324 mus
757 3288 768 3325 :
801 3268 1019 3324 idcirco
1050 3273 1110 3322 tu
1144 3268 1520 3323 inexorabilis
1553 3286 1636 3324 es.

450 3342 744 3412 (Samech.)
779 3340 1068 3412 Operuisti
1101 3339 1157 3394 in
1192 3340 1409 3412 furore,
1441 3346 1497 3395 et
1548 3339 1895 3412 percussisti
1942 3358 2088 3398 nos:

590 3413 883 3479 occidisti,
919 3428 1021 3466 nec
1054 3411 1386 3482 pepercisti.

446 3483 786 3556 Opposuisti
820 3483 1034 3537 nubem
1058 3481 1196 3556 tibi,
1231 3499 1301 3556 ne
1326 3485 1586 3536 transeat
1616 3481 1820 3556 oratio.

449 3553 935 3622 Eradicationem,
965 3558 1022 3608 et
1051 3553 1436 3624 abjectionem
1469 3553 1722 3625 posuisti
1750 3570 1842 3608 me
1873 3554 1931 3610 in
1965 3571 2092 3611 mc-

591 3627 687 3682 dio
719 3625 1098 3698 pOpulorum.

450 3699 631 3771 \Phe.)
659 3702 1074 3781 {Spueruerunt
1104 3711 1278 3767 super
1308 3712 1414 3751 nos
1447 3711 1512 3752 os
1543 3711 1715 3752 suum
1744 3714 1948 3754 omnes
1981 3699 2093 3754 ini-

592 3787 754 3826 mlCl.

451 3843 723 3898 Formido
754 3841 1084 3914 etlaqueus
1118 3841 1268 3895 facta
1297 3843 1387 3895 est
1431 3838 1600 3896 nobis
1647 3840 2007 3914 vaticinatio,
2040 3847 2098 3898 et

592 3913 888 3971 contritio.

448 3985 775 4042 Divisiones
805 3999 1093 4056 aquarum
1153 3983 1391 4056 deduxit
1421 3981 1630 4040 oculus
1662 3999 1849 4052 meus,
1871 3985 1930 4040 in
1957 4002 2095 4041 con-

593 4057 829 4112 tritione
857 4054 984 4110 filia:
1017 4055 1218 4126 pepuli
1253 4054 1386 4110 mei.

451 4129 640 4200 (..-Iin.)
663 4127 881 4183 Oculus
906 4125 1348 4200 meusuafﬂictus
1369 4131 1480 4196 est,
1502 4141 1607 4181 nec
1628 4125 1831 4194 tacuit,
1852 4143 1917 4183 eo
1941 4129 2095 4200 quod

598 4198 711 4255 non
747 4204 904 4255 esset
932 4198 1182 4270 requies.

451 4271 643 4328 Donec
675 4268 1104 4343 respiceret,‘et
1129 4269 1353 4324 videret
1383 4268 1670 4343 Dominus
1702 4270 1772 4325 de
1804 4270 1988 4327 ccelis.

455 4343 672 4398 Oculus
692 4341 856 4398 meus
879 4342 1249 4413 depraadatus
1273 4345 1360 4395 est
1382 4341 1641 4395 animam
1666 4357 1855 4397 meam
1881 4343 1938 4397 in
1967 4360 2101 4398 cun-

597 4415 707 4470 ctis
739 4414 971 4470 filiabus
1004 4413 1169 4468 urbis
1201 4429 1362 4468 meae.

455 4486 664 4555 (Sade.)
709 4485 1032 4541 Venatione
1079 4489 1356 4556 ceperunt
1399 4498 1490 4539 me
1539 4499 1656 4554 qua
1687 4500 1843 4540 avem
1875 4485 2096 4543 inimici

596 4557 702 4612 mei
735 4559 937 4628 gratis.
1136 4627 1140 4628 ν
1908 4623 1911 4626 _

456 4632 641 4700 Lapsa
669 4627 759 4683 est
786 4629 845 4682 in
878 4629 1070 4683 lacum
1093 4627 1211 4682 vita
1246 4643 1394 4692 mea,
1418 4630 1474 4681 et
1502 4628 2096 4700 posueruntlapidem

597 4716 775 4770 super
805 4717 919 4755 me.

453 4770 896 4827 Inundaverunt
955 4787 1118 4843 aqua:
1177 4785 1358 4841 super
1415 4773 1590 4839 caput
1644 4786 1883 4827 meum:
1935 4773 2094 4828 dixi:

598 4844 770 4898 Perii.

452 4913 671 4986 (Cap/2.)
699 4916 960 4970 Invocavi
994 4929 1204 4968 nomen
1227 4917 1419 4980 tuum,
1445 4911 1708 4978 Domine,
1733 4915 1801 4969 de
1833 4914 1959 4970 lacu
1995 4932 2096 4970 no-

594 4987 854 5042 vissimo.

451 5057 660 5113 Vocem
705 5076 894 5114 meam
953 5056 1207 5112 audisti:
1244 5072 1313 5111 ne
1343 5060 1570 5112 avertas
1618 5073 1816 5112 aurem
1869 5061 2031 5114 tuam
2065 5077 2098 5114 a

591 5130 854 5200 singultu
892 5147 1042 5193 meo,
1077 5136 1133 5182 et
1166 5127 1542 5200 clamoribus.

451 5203 947 5273 Appropinquasti
979 5201 1033 5255 in
1062 5201 1175 5268 die,
1206 5201 1442 5272 quando
1464 5199 1726 5254 invocavi
1752 5204 1806 5256 te
1834 5217 1846 5256 :
1873 5201 2093 5258 dixisti:

599 5291 668 5327 ne
699 5275 930 5330 timeas.

448 5343 614 5411 (Rea)
645 5344 955 5410 Judicasti,
990 5343 1256 5412 Domine,
1290 5358 1531 5396 causam
1567 5342 1776 5398 animae
1807 5360 1968 5412 meai,
2004 5362 2094 5401 re-

593 5417 861 5489 demptor
892 5417 1020 5472 vitae
1055 5432 1215 5471 meae.

529 5627 544 5660 ¹
579 5627 839 5711 Ηεὺηςειιε
887 5629 1051 5711 habet
1094 5611 1488 5711 11135.13..un
1530 5628 1904 5711 voxnpsoprie
1939 5639 2096 5686 sonat

455 5700 912 5770 exsecrationem
947 5698 1162 5754 tuam':
1199 5698 1419 5751 videtur
1466 5713 1596 5750 vero
1645 5698 1698 5753 S.
1735 5699 2096 5770 Hieronymus

457 5765 514 5815 in
545 5782 643 5819 suo
676 5773 981 5842 exemplari
1009 5771 1198 5841 legisse
1224 5780 1456 5853 ﬁmum,
1490 5785 1608 5840 qua:
1640 5771 1805 5825 unius
1834 5765 2094 5828 litterulae

2337 409 2542 479 judica
2567 408 2863 480 judicium
2899 425 3116 464 meum.

2198 480 2409 535 Vidisti
2443 497 2676 535 omnem
2711 481 2988 548 furorem,
3016 481 3320 536 universas
3343 480 3735 551 cogitationes
3764 498 3857 536 eo-

2343 569 2470 606 rum
2503 554 2814 607 adversum
2845 569 2956 608 me.

2202 625 2370 695 (Sim)
2399 623 2628 678 Audisti
2659 625 3036 696 opprobrium
3087 641 3313 692 eorum,
3345 623 3619 689 Domine,
3656 641 3855 682 omnes

2343 696 2726 768 cogitationes
2752 711 2975 768 eorum
2991 696 3307 768 adversum
3325 711 3454 768 ume.

2203 768 2377 824 Labia
2409 765 2869 838 i‘nsturgentium
2902 766 3071 832 mihi,
3095 773 3152 823 et
3185 765 3598 822 meditationes
3628 783 3855 823 eorum.

2308 840 2615 895 adversum
2651 855 2744 895 me
2777 844 2898 894 tota
2929 838 3042 894 die.

2200 912 2532 967 Sessioncm
2565 927 2765 967 eorum
2797 916 2856 965 et
2896 910 3384 966 resurrectionem
3437 926 3670 981 eorum,
3708 911 3856 977 vide,

2341 999 2447 1053 ego
2481 999 2612 1037 sum
2651 981 2916 1054 psalmus
2950 998 3178 1037 eorum.

2202 1055 2408 1127 (Tlmv.)
2439 1053 2664 1110 Reddes
2692 1053 2776 1108 eis
2808 1055 3016 1123 vicem,
3037 1053 3489 1125 Domine,juxta
3519 1069 3707 1126 opera
3737 1071 3863 1109 ma-

2347 1143 2528 1180 nuum
2559 1143 2824 1181 suarum.

2201 1197 2378 1252 Dabis
2408 1197 2489 1253 eis
2524 1202 2757 1253 scutum
2792 1196 2986 1253 cordis
3013 1195 3270 1251 laborem
3299 1203 3464 1252 tuum
3503 1198 3545 1252 ¹.

2204 1269 2580 1340 Persequcris
2629 1269 2687 1324 in
2738 1272 2956 1336 furore,
2989 1274 3046 1323 et
3096 1272 3360 1324 conteres
3391 1284 3490 1323 cos
3524 1269 3637 1323 sub
3675 1268 3863 1338 caelis,

2345 1342 2607 1396 Domine.

2205 1412 2358 1485 (Cap.
2389 1411 2475 1468 1V.
2509 1413 2720 1484 Aleph.)
2755 1412 3060 1485 Quomodo
3086 1411 3464 1466 obscuratum
3497 1416 3590 1466 est
3641 1429 3863 1467 aurum

2348 1483 2613 1539 mutatus
2637 1493 2726 1539 est
2757 1483 2916 1539 color
2945 1483 3228 1554 optimus,

2276 1555 2525 1682 dispefsi
2549 1555 2931 1682 sunt?lapides
2954 1553 3270 1610 sanctuarii
3294 1554 3350 1608 in
3375 1554 3567 1627 capite
3589 1556 3864 1610 omnium

2347 1645 2380 1682 ι)
2410 1646 2438 1681 a
2472 1644 2669 1682 earum

2347 1632 2669 1699 platearum

2126 1714 2172 1780 B
2205 1697 2405 1769 (Belial)
2439 1698 2566 1780 Filii
2597 1699 2734 1755 Sion
2754 1697 3080 1780 inclytitet
3109 1697 3483 1780 amicti‘auro
3514 1698 3753 1770 primo:

2275 1771 2568 1841 quomodo
2600 1771 2852 1842 reputati
2886 1775 3024 1842 sunt
3053 1769 3113 1824 in
3141 1785 3280 1824 vasa
3311 1772 3498 1824 testes.

2277 1858 2422 1913 Opus
2450 1841 2732 1897 manuum
2770 1841 2980 1911 figuli?

2205 1913 2449 1984 (CimeL)
2481 1914 2589 1970 Sed
2625 1919 2680 1968 et
2710 1913 2898 1969 lamiae
2931 1913 3300 1968 nudaverunt
3329 1927 3681 1979 mammam,

2277 1985 2640 2042 lectaverunt
2670 1985 2894 2041 catulos
2927 2001 3105 2039 suos:

2280 2056 2400 2112 ﬁlia
2432 2057 2632 2129 populi
2663 2058 2776 2114 mei
2823 2055 3095 2124 crudelis,
3129 2054 3297 2128 quasi
3347 2053 3598 2110 struthio
3650 2054 3712 2110 in
3768 2057 3869 2111 de-

2351 2132 2526 2185 serto.

2209 2199 2483 2272 (Daiei/ul
2504 2200 2765 2256 Adhaesit
2794 2199 2996 2272 lingua
3025 2197 3299 2255 lactentis
3332 2197 3400 2253 ad
3435 2195 3702 2269 palatum
3734 2199 3869 2270 ejus

2348 2271 2408 2326 in
2440 2271 2576 2328 siti:

2278 2343 2504 2412 parvuli
2539 2343 2835 2415 petierunt
2866 2358 3101 2415 panem,

2279 2419 2335 2468 et
2364 2432 2476 2470 non
2511 2412 2634 2470 erat
2664 2415 2763 2486 qui
2799 2412 3091 2486 frangeret
3121 2412 3222 2486 eis.

2209 2487 2316 2551 Qui
2362 2483 2747 2558 vescebantur
2793 2483 3164 2558 voluptuose,
3197 2484 3551 2540 interierunt
3600 2483 3662 2539 in
3711 2484 3868 2540 viis:

2279 2557 2379 2628 qui
2412 2558 2820 2613 nutriebantur
2850 2559 2906 2613 in
2940 2557 3182 2626 croceis,

2283 2629 2590 2701 amplexati
2623 2635 2762 2686 sunt
2791 2634 3066 2686 stercora.

2209 2697 2396 2776 (Van):
2417 2701 2482 2756 Et
2525 2701 2962 2776 major_eti‘ecta
3007 2703 3097 2755 est
3139 2697 3426 2776 iniquitas
3477 2698 3610 2753 tiliae
3661 2700 3869 2776 populi

2280 2773 2416 2841 mei,
2449 2777 2686 2842 peccato
2717 2774 3127 2842 Sodomorum,
3159 2788 3286 2844 quae
3337 2772 3625 2827 subversa
3667 2777 3757 2826 cst
3808 2773 3867 2827 in

2352 2849 2675 2914 momento,

2279 2921 2335 2973 et
2365 2933 2479 2972 non
2513 2919 2795 2987 ceperunt
2825 2915 2883 2970 in
2903 2931 2984 2987 ea
3007 2932 3240 2971 manus.

2207 2990 2412 3115 (Ζαίτῖ.)
2442 2983 2829 3114 tCandidiores
2877 2983 3131 3043 Nazarzei
3180 2987 3309 3058 ejus
3371 2984 3523 3054 nive,
3556 2984 3873 3042 nitidiores

2372 3076 2435 3115 ac
2466 3076 2515 3115 e.

2372 3063 2494 3116 acte

2277 3105 2728 3187 rubicundiores
2759 3131 2932 3186 ebore
2959 3129 3226 3201 antiquo,

2271 3203 2563 3275 sapphiro
2583 3202 2969 3274 pulchriores.

2198 3271 2399 3345 (Iletli.)
2426 3271 2736 3344 Denigrata
2767 3279 2857 3329 est
2882 3289 3060 3345 super
3090 3272 3372 3345 carbones
3403 3271 3583 3328 facies
3624 3288 3868 3340 eorum,

2340 3343 2397 3401 et
2427 3363 2542 3401 non
2577 3343 2716 3401 eunt
2745 3343 2975 3418 cogniti
2996 3343 3053 3398 in
3076 3343 3297 3418 plateis
3323 3362 3337 3400 :

2272 3418 2517 3473 adhmsit
2549 3419 2702 3473 cutis
2734 3417 2936 3473 eorum
2969 3417 3204 3472 ossibus
3231 3432 3245 3471 :

2273 3490 2447 3554 aruit,
2479 3493 2535 3544 et
2567 3491 2720 3544 facta
2751 3493 2839 3544 est
2865 3488 3032 3560 quasi
3067 3486 3316 3560 lignum.

2199 3561 2371 3687 (Tela!)
2403 3561 2610 3617 Melius
2643 3561 2754 3616 fuit
2783 3557 2992 3617 occisis
3041 3557 3258 3631 gladio,
3296 3574 3473 3631 quam
3527 3557 3862 3615 interfectis

2367 3649 2531 3687 ame:

2367 3649 2531 3688 eme:

2273 3704 2550 3775 quoniam
2583 3702 2680 3759 isti
2708 3703 3097 3759 extabuerunt
3125 3701 3463 3773 consumpti

2274 3793 2306 3830 a
2334 3775 2640 3832 sterilitate
2671 3779 2858 3830 terrae.

2206 3847 2638 3919 (JodlManus
2689 3846 3003 3904 mulierum
3057 3843 3525 3902 misericordium
3579 3852 3868 3901 coxerunt

2346 3917 2496 3975 filios
2529 3934 2709 3974 suos:

2277 3991 2410 4046 facti
2442 3995 2583 4046 sunt
2614 3989 2778 4044 cibus
2809 4005 3034 4054 earum,

2276 4060 2334 4115 in
2369 4061 2716 4132 contritione
2751 4059 2879 4115 filia:
2913 4059 3118 4132 populi
3146 4059 3282 4132 mei.

2205 4132 2464 4205 (Chap/1.)
2497 4131 2817 4205 Complevit
2852 4131 3134 4205 Dominus
3164 4131 3424 4185 furorem
3459 4147 3658 4186 suum.

2278 4204 2486 4259 effudit
2521 4203 2665 4260 iram
2696 4203 3124 4275 indignationis
3154 4219 3271 4257 suae
3298 4219 3317 4255 :

2278 4281 2336 4332 et
2365 4277 2672 4332 succendit
2702 4273 2896 4348 igne'in
2926 4274 2985 4328 in
3019 4275 3182 4341 Sion,
3212 4280 3271 4328 et
3325 4273 3626 4330 devoravit
3652 4274 3864 4329 funda-

2352 4353 2548 4402 menta
2581 4349 2732 4419 ejus.

2207 4419 2474 4499 (ιαζηεά.)
2506 4418 2628 4499 Non
2650 4418 3036 4499 crediderunt
3067 4432 3231 4499 reges
3261 4421 3446 4486 terrae,

2277 4495 2334 4546 et
2365 4491 2618 4546 universi
2650 4489 3009 4546 habitatores
3041 4488 3216 4555 orbis,

2277 4563 2552 4634 quoniam
2576 4562 2980 4634 ingrederetur
2999 4560 3186 4616 hostis
3209 4564 3264 4615 ct
3292 4558 3570 4615 inimicus
3589 4575 3693 4632 per
3724 4577 3862 4631 por-

2348 4639 2438 4690 tas
2469 4633 2819 4690 Jerusalem.

2205 4703 2408 4776 (Mem)
2431 4707 2671 4776 Propter
2700 4709 2933 4776 peccata
2966 4702 3378 4774 prophetarum
3411 4703 3566 4773 ejus,

2278 4783 2333 4831 et
2365 4777 2702 4847 iniquitates
2729 4777 3093 4847 sacerdotum
3128 4777 3277 4842 ejus,

2280 4851 2375 4918 qui
2397 4845 2728 4903 effuderunt
2746 4849 2801 4902 in
2826 4848 3015 4902 medio
3034 4845 3162 4918 ejus
3177 4845 3859 4917 sanguinemjustorum,

2204 4917 2396 4992 (Nam)
2427 4921 2774 4992 Erraverunt
2806 4917 2940 4974 creci
2973 4919 3030 4992 in
3062 4917 3290 4989 plateis,

2279 4991 2482 5062 polluti
2517 4996 2655 5047 sunt
2684 4991 2741 5045 in
2775 4991 3099 5061 sanguine:

2207 5058 2461 5133 cumque
2493 5081 2605 5118 non
2640 5058 3249 5134 possentftenuerunt
3278 5058 3526 5114 lacinias
3560 5077 3721 5134 suas.

2209 5131 2499 5205 (Samae/1.)
2547 5131 2834 5199 Reéedite,
2874 5132 3111 5205 polluti,
3162 5132 3568 5186 clamaverunt
3611 5131 3734 5187 cis:
3765 5148 3856 5188 re-

2350 5203 2554 5272 cedite,
2587 5207 2762 5271 abite,
2795 5203 2970 5259 nolite
3001 5209 3278 5275 tangere:

2199 5277 2422 5348 jurgati
2453 5279 2665 5348 quippe
2697 5281 2857 5342 sunt,

2207 5355 2264 5404 et
2309 5345 2612 5404 commoti
2655 5349 2931 5404 dixerunt
2983 5347 3136 5401 inter
3191 5349 3433 5417 gentes:
3487 5345 3616 5400 Non
3679 5346 3856 5401 addet

2351 5420 2505 5476 ultra
2536 5425 2599 5475 ut
2629 5420 2855 5475 habitet
2886 5420 2942 5474 in
2977 5417 3081 5473 eis.

2207 5634 2510 5690 metathesi
2546 5636 2616 5689 ab
2651 5651 2718 5689 ea
2749 5633 2961 5699 differt,
2995 5628 3410 5703 signiﬁcatque
3460 5647 3660 5687 revera
3702 5633 3847 5687 labo-

2203 5723 2337 5776 rem,
2373 5708 2701 5774 molestiam,
2733 5711 2908 5776 atque
2935 5704 3026 5758 bis
3057 5702 3295 5759 Similia.
