4028 6178
228 195 333 250 997
1366 199 1580 254 LIBER
1617 196 1819 254 EZEC]

2082 197 2500 261 PROPHETE.
3214 204 3215 207 “
3537 206 3643 263 998

229 325 295 379 Et
328 323 581 401 quatuor
612 319 790 376 facies
822 320 955 387 uni,
997 391 1009 401 7
1914 333 1966 401 Α
1999 326 2269 401 Cumque
2294 326 2535 401 starent,

303 391 361 450 et
390 397 645 468 quatuor
675 408 880 468 pennae
910 391 1035 447 uni.
1117 464 1129 468 _
1914 391 1966 401 ⁷-
1992 466 2034 468 __
2070 391 2536 468 demittebantur
2565 412 2767 468 pennae
2798 414 3020 455 eorum.

226 468 297 523 Et
331 464 509 545 pedes
534 480 745 545 eorum
777 464 955 535 pedes
991 464 1154 529 recti,
1207 536 1218 545 7
1302 535 1315 545 .
1409 540 1417 545 7
1582 538 1620 545 υ
1726 540 1757 545 _7
1816 539 1852 545 __
1990 466 2134 521 Nam
2166 482 2299 520 cum
2332 464 2626 545 ﬁeretvox
2656 485 2836 541 supra
2867 473 3491 545 ﬁrmamentum,quod
3514 477 3641 529 erat

300 535 360 593 et
387 536 784 610 plantapedis
816 552 1019 610 eorum
1051 536 1220 606 quasi
1262 535 1464 607 planta
1494 538 1657 609 pedis
1686 539 1879 610 vituli,
2136 554 2315 607 super
2345 544 2519 610 caput
2548 535 2773 606 eorum,

302 616 360 665 et
387 606 658 679 scintillas
689 608 859 677 quasi
891 615 1162 679 aspectus
1192 606 1321 663 aeris
1353 606 1680 666 candentis.
1863 606 1871 610 ⁷
2064 606 2322 675 stabant,
2355 606 2867 669 et'submittebant
2895 613 3018 670 alas
3048 632 3211 671 suas.

232 686 298 737 Et
330 696 573 804 manutsb
591 678 852 734 hominis
908 678 1019 735 sub
1062 679 1231 751 penis
1263 696 1465 736 eorum
1519 684 1578 737 in
1628 688 1882 756 quatuor
1995 681 2066 736 Et
2095 698 2274 752 super
2306 682 2931 755 lirmamentum,quod
2965 692 3090 743 erat
3120 688 3440 743 imminens
3465 687 3644 760 capiti

381 768 487 804 nar
519 768 534 803 ι
580 766 647 804 US
679 767 693 804 ἶ
2139 768 2364 804 eorum.

306 833 363 879 et
381 756 656 905 33:3“;
680 792 910 905 pennas
932 838 1036 893 per
1056 826 1322 905 quatuor
1343 828 1538 904 partes
1565 825 1879 905 habebant.
2068 768 2536 905 quiillarsnpectus
2549 825 2769 905 lapidis
2791 826 3052 905 sapphiri
3078 828 3404 886 similitudo
3422 831 3641 886 throni:

228 898 581 963 Junctaque
604 900 772 947 erant
798 910 999 964 pennae
1026 910 1227 949 eorum
1252 894 1494 950 alterius
1515 899 1586 957 ad
1610 897 1881 955 alterum.
2068 901 2126 950 et
2155 894 2345 966 super
2364 894 2809 954 similitudinem
2843 894 3058 966 throni,

235 970 365 1023 Non
394 966 839 1045 revertebantur
870 981 1005 1045 cum
1038 966 1374 1045 incederent
1406 981 1421 1022 :
1609 1040 1646 1045 μ
1692 1041 1701 1045 7
2000 1039 2036 1045 ﬁ
2069 966 2600 1045 similitudqquasi
2630 971 3193 1045 aspectushominis
3223 973 3498 1045 desuper.

306 1039 412 1094 sed
434 1038 1046 1109 unumquodqneante
1068 1037 1273 1092 faciem
1291 1054 1461 1093 suam
1483 1040 1882 1109 gradiebatur.
2000 1039 2070 1094 Et
2099 1037 2214 1109 vidi
2246 1038 2415 1107 quasi
2447 1037 2954 1109 Speciem'electri.

229 1108 804 1187 Similitudoautem
828 1108 1025 1187 vultus
1056 1124 1256 1187 eorum
1291 1127 1305 1168 :
1392 1184 1404 1187 _
1492 1108 1507 1109 ⁷
1544 1183 1555 1187 7
1626 1184 1635 1187 _
2070 1108 2227 1165 velut
2255 1115 2561 1181 aspectum
2596 1112 3134 1183 ignis,intrinsecus
3153 1115 3283 1186 ejus
3314 1132 3417 1187 per
3437 1115 3644 1172 circui-

232 1183 416 1238 facies
447 1178 725 1251 hominis,
758 1184 813 1235 et
846 1180 1023 1234 facies
1054 1180 1239 1235 leonis
1288 1200 1323 1239 a
1374 1183 1591 1249 dextris
1622 1184 1886 1254 ipsorum
2080 1250 2091 1254 _
2143 1187 2270 1254 tum
2306 1197 2319 1235 :

383 1259 679 1327 quatuor;
712 1250 715 1251 ⁷
752 1320 766 1327 _
867 1319 879 1327 _
1071 1324 1080 1327 7
1137 1324 1145 1327 _
1249 1324 1257 1327 7
1323 1325 1331 1327 _
1648 1250 1663 1254 ⁷
2003 1258 2050 1307 Α
2079 1250 2300 1327 lumbis
2331 1251 2461 1327 ejus
2490 1257 2548 1327 et
2577 1254 2850 1327 desuper,

312 1319 938 1398 fac-ies_autem7bovis,
971 1338 1005 1376 a
1037 1324 1296 1398 sinistris
1318 1325 1582 1397 ipsorum
1613 1331 1889 1397 quatuor,
2003 1396 2049 1398 μ
2074 1330 2131 1398 et
2159 1342 2193 1379 a
2224 1319 2441 1398 lumbis
2467 1325 2596 1395 ejus
2628 1319 2814 1398 usq-ue
2838 1319 3143 1395 deorsum,

312 1402 373 1452 et
403 1394 578 1451 facies
609 1392 818 1465 aquila?
849 1393 954 1464 (AL
986 1393 1113 1449 add.
1148 1392 1417 1469 desuper)
1451 1392 1715 1470 ipsorum
1752 1392 1891 1470 qua;
2002 1395 2339 1470 Vidiquasi
2374 1392 2628 1466 speciem
2662 1392 2816 1469 ig'nis
2848 1392 3217 1470 splendentis
3249 1403 3306 1456 in
3341 1400 3593 1456 circuitu
3628 1418 3641 1457 :

386 1473 541 1521 tuor.
1299 1467 1312 1469 ⁷
1473 1467 1489 1470 ⁷
1768 1467 1786 1470 ⁷
2075 1467 2231 1522 velut
2259 1474 2558 1537 aspectum
2591 1467 2760 1525 arcus
2792 1467 2926 1526 cum
2961 1472 3134 1528 fuerit
3166 1472 3226 1527 in
3278 1474 3435 1528 nube
3462 1473 3521 1528 in
3554 1472 3648 1527 die

236 1538 525 1615 Etfacies
550 1539 838 1615 eorum_,et
868 1552 1070 1615 pennae
1104 1552 1305 1615 eorum
1339 1545 1584 1598 extentae
1606 1542 1890 1615 desuper:
2150 1538 2381 1608 pluviae.

312 1612 443 1685 duae
476 1606 1075 1685 pennae_singulorum
1103 1609 1524 1683 jungebantur,
1756 1606 1774 1615 ⁷
1926 1679 1964 1685 _
2008 1612 2110 1685 Hic
2140 1606 2276 1685 erat
2295 1614 2578 1685 aspectus
2597 1611 2930 1685 splendoris
2961 1630 3062 1684 per
3090 1629 3323 1685 gyrum.

315 1689 373 1738 et
403 1679 532 1736 du'ae
563 1679 837 1757 tegebant
867 1694 1110 1750 corpora
1126 1679 1347 1757 eorum
1382 1700 1395 1739 :
1510 1679 1536 1757 '7
1612 1755 1619 1757 7
1926 1679 1972 1744 B
2002 1684 2155 1755 (Cap.
2191 1680 2284 1757 ll.)
2314 1679 2447 1738 Haec
2472 1679 3060 1757 visio'similitudihis
3091 1679 3289 1757 gloria:
3320 1686 3574 1757 Domini,

314 1760 374 1812 et
404 1751 873 1825 unumquodque
903 1767 1099 1807 coram
1119 1752 1265 1809 facie
1288 1771 1395 1810 sua
1427 1755 1766 1813 ambulabat
1782 1756 1891 1825 (Al.
2011 1751 2017 1755 ⁷
2070 1751 2128 1809 et
2158 1752 2296 1825 vidi,
2328 1759 2385 1808 et
2415 1755 2596 1809 cecidi
2626 1755 2687 1810 in
2719 1757 2927 1811 faciem
2960 1751 3177 1825 meam,

404 1766 752 1823 unumquoo
804 1766 873 1805 ue
903 1767 1099 1807 coram
1119 1766 1265 1809 tacte
1288 1771 1395 1810 sua
1427 1766 1891 1825 ambulabat(At.
2070 1766 2128 1809 et
2158 1766 2296 1819 νιαι,
2328 1766 2385 1808 et
2415 1766 2596 1809 cecmi
2626 1771 2687 1810 1n
2719 1766 2927 1811 faciem

392 1766 796 1899 gradiebatug
832 1838 845 1876 :
909 1895 919 1899 7
961 1893 994 1899 _7
1251 1896 1265 1899 _
1422 1896 1457 1899 77
1508 1898 1511 1899 7
2070 1830 2129 1899 et
2146 1824 2356 1899 audivi
2384 1842 2583 1882 vocem
2615 1826 2934 1899 loquentis.

236 1897 357 1954 Ubi
390 1893 516 1952 érat
546 1895 802 1968 impetus
833 1893 1096 1966 spiritus,
1122 1894 1270 1967 illud
1296 1896 1740 1968 gradiebantur,
1998 1903 2071 1954 Et
2102 1896 2247 1951 dixit
2279 1896 2355 1968 ad
2386 1913 2477 1952 me
2512 1913 2525 1951 :

316 1985 427 2024 nec
458 1966 902 2022 revertebantur
931 1982 1066 2037 cum
1092 1966 1485 2023 ambularent.
1997 1969 2107 2025 Fili
2138 1966 2418 2037 hominis,

238 2042 316 2097 Et
348 2038 675 2119 similitudo
730 2036 1099 2119 animalium,
1125 2045 1423 2119 aspectus
1472 2057 1675 2097 eorum
1725 2040 1893 2111 quasi
2003 2046 2164 2119 gata
2191 2055 2369 2110 super
2398 2036 2576 2119 pedes
2607 2044 2763 2110 tuos,
2796 2040 3091 2119 et_loquar
3129 2046 3321 2099 tecum
3353 2044 3462 2119 [.4].
3494 2044 3644 2115 tibi].

393 2110 717 2185 carbonum
748 2110 1291 2185 ignisardentium,
1740 2110 1753 2111 ⁷
2001 2116 2068 2167 Et
2098 2113 2396 2185 ingressus
2426 2116 2517 2166 est
2546 2112 2605 2167 in
2640 2129 2733 2168 me
2782 2110 3029 2183 spiritus
3076 2110 3386 2185 postquam
3416 2110 3651 2171 locutus

325 2187 383 2237 et
410 2184 580 2253 quasi
612 2186 884 2253 aspectus
917 2180 1350 2251 lampadarum.
2073 2180 2358 2248 est’mihi,

244 2257 381 2310 Haec
413 2250 533 2309 erat
559 2252 706 2325 visio
736 2250 1075 2325 discurrens
1105 2253 1166 2308 in
1198 2255 1390 2310 medio
1421 2253 1797 2325 animalium,
2074 2261 2129 2310 et
2162 2254 2491 2325 statuitme
2521 2269 2698 2325 supra
2729 2255 2905 2325 pedes
2939 2273 3100 2312 meos
3134 2272 3148 2311 :

322 2326 605 2398 splendor
629 2322 783 2398 ignis
814 2340 829 2390 ;
1058 2395 1092 2398 __
1784 2322 1791 2325 ⁷
2073 2332 2129 2381 et
2160 2325 2363 2398 audivi
2386 2322 2826 2395 loquentem-ad
2863 2344 2977 2398 me,
3008 2333 3066 2383 et
3094 2328 3388 2385 dicentem
3423 2345 3439 2386 :

322 2394 381 2452 et
411 2398 482 2451 de
512 2394 874 2466 ignefulgur
902 2395 1226 2466 egrediens.
2008 2398 2110 2454 Fili
2146 2396 2422 2463 hominis,

244 2464 629 2544 Etanimalia
654 2464 817 2544 ibant
845 2464 1389 2544 etrevertebantur,
1495 2540 1504 2544 _
2078 2468 2245 2524 mitto
2277 2484 2382 2539 ego
2414 2473 2471 2522 te
2500 2468 2570 2521 ad
2607 2468 2758 2524 ﬁlios
2791 2469 3073 2535 lsrael,ad
3103 2475 3310 2543 gentes
3343 2472 3653 2544 apostatri-

326 2540 384 2594 in
415 2538 866 2594 similitudinem
897 2537 1147 2605 fulguris
1179 2540 1559 2596 coruscantis.
2147 2556 2261 2606 ces,
2293 2537 2419 2610 qua:
2451 2548 2821 2595 recesserunt
2849 2558 2882 2595 a
2912 2558 3005 2596 me
3039 2559 3051 2597 :

244 2615 522 2683 Cumque
551 2609 873 2685 aspicerem
902 2610 1201 2678 animalia,
1408 2684 1416 2685 7
1682 2683 1690 2685 7
1800 2682 1835 2685 _7
2076 2611 2190 2683 ipsi
2231 2614 2287 2665 et
2313 2609 2527 2681 ipatres
2570 2627 2772 2685 eorum
2824 2613 3183 2685 praevaricati
3227 2622 3366 2671 sunt
3416 2619 3652 2685 pactum

326 2682 603 2755 apparuit
632 2686 755 2755 rota
786 2697 902 2755 una
932 2698 1109 2755 super
1138 2688 1352 2737 terram
1395 2684 1565 2753 juxta
1599 2682 1900 2749 animalia,
2103 2682 2345 2755 :meum
2378 2696 2567 2755 usque
2598 2684 2677 2755 ad
2702 2684 2857 2755 diem
2887 2684 3056 2751 hanc,

329 2752 555 2810 habens
588 2753 691 2825 (Al.
725 2752 1020 2829 habentia)
1053 2759 1309 2825 quatuor
1338 2752 1536 2810 facies.
2008 2754 2076 2809 Et
2108 2753 2212 2808 ﬁlii
2233 2754 2381 2829 dura
2409 2754 2638 2819 facie,et
2668 2754 3013 2811 indomabili
3034 2757 3207 2812 corde
3237 2758 3475 2825 sunt,ad
3505 2774 3653 2829 quos

250 2829 330 2883 Et
362 2832 635 2898 aspectus
667 2828 949 2898 rotarum,
980 2832 1033 2879 et
1064 2842 1211 2895 opus
1242 2842 1467 2895 earum,
2149 2840 2255 2895 ego
2285 2824 2455 2898 mitto
2489 2829 2543 2878 te
2578 2841 2590 2879 :

329 2896 502 2968 quasi
533 2896 685 2968 visio
705 2896 886 2968 maris
919 2912 931 2950 :
2081 2899 2139 2952 et
2168 2898 2326 2951 dices
2344 2897 2429 2968 ad
2463 2911 2561 2968 eos
2596 2910 2609 2948 :

247 2966 480 3026 Iit—una
510 2966 839 3022 similitudo
870 2966 1132 3038 ipsarum
1165 2972 1420 3039 quatuor
1452 2986 1466 3026 :
2011 2971 2137 3023 llazc
2170 2968 2313 3022 dicit
2341 2966 2628 3039 Dominus
2657 2972 2831 3022 Deus.

331 3046 389 3095 et
419 3043 691 3112 aspectus
723 3055 923 3112 earum
957 3038 1240 3112 etopera,
1933 3040 1976 3107 C
2016 3041 2074 3097 Si
2110 3040 2260 3112 forte
2285 3038 2372 3094 vel
2406 3040 2517 3112 ipsi
2548 3039 2809 3107 audiant,
2839 3043 2897 3094 et
2926 3038 2976 3095 si
3008 3040 3155 3096 forte
3186 3041 3511 3112 quiescant,

332 3114 501 3183 quasi
535 3111 613 3167 sit
642 3114 767 3165 rota
798 3111 857 3164 in
890 3110 1093 3165 medio
1110 3117 1270 3167 rotae.
2085 3110 2363 3183 quoniam
2399 3111 2609 3183 domus
2638 3127 2988 3182 exasperans
3019 3116 3109 3167 est
3141 3128 3155 3168 :

250 3182 373 3240 Per
399 3187 651 3255 quatuor
680 3186 874 3253 partes
901 3199 1101 3236 earum
1133 3187 1338 3237 euntes
1370 3183 1557 3255 ibant,
2085 3188 2141 3238 et
2170 3182 2356 3238 scient
2374 3182 2525 3255 quia
2545 3183 2831 3255 propheta
2864 3182 3038 3238 fuerit
3067 3184 3125 3237 in
3158 3185 3351 3240 medio
3382 3199 3606 3241 eorum.

331 3261 389 3310 et
419 3253 540 3309 non
572 3254 1013 3309 revertebantur
1042 3271 1175 3313 cum
1209 3254 1601 3311 ambularent.
2014 3256 2101 3309 Tu
2134 3270 2291 3325 ergo,
2328 3254 2408 3307 ﬁli
2441 3253 2719 3321 hominis,
2755 3271 2825 3309 ne
2854 3255 3064 3309 timeas
3096 3272 3217 3325 eos,

244 3331 495 3383 Statura
528 3341 759 3396 quoque
790 3331 913 3397 erat
943 3328 1109 3397 rotis.
2086 3341 2274 3397 neque
2306 3341 2615 3397 sermones
2632 3342 2833 3380 eorum
2869 3332 3096 3381 metuas
3132 3344 3144 3382 :

329 3404 387 3453 et
418 3397 696 3463 altitudo,
729 3400 785 3451 et
814 3396 1111 3469 horribilis
1142 3399 1413 3469 aspectus
1506 3468 1513 3469 7
1635 3468 1643 3469 7
1749 3467 1759 3469 _
2016 3396 2303 3464 Quoniam
2333 3396 2623 3469 increduli
2653 3401 2710 3452 et
2737 3400 3115 3454 subversores
3147 3404 3287 3454 sunt
3316 3402 3536 3469 tecum,

329 3476 387 3525 et
416 3475 604 3525 totum
637 3484 849 3539 corpus
876 3467 1115 3540 plenum
1148 3467 1333 3524 oculis
1376 3470 1435 3524 in
1468 3468 1715 3525 circuitu
1746 3467 1909 3539 ipsa-
2087 3474 2143 3524 et
2173 3485 2307 3524 cum
2337 3468 2747 3538 scorpionibus
2779 3469 3031 3525 habitas.

407 3558 540 3595 rum
573 3544 847 3611 quatuor.
882 3539 892 3540 ⁷
2014 3541 2209 3596 Verba
2231 3556 2431 3596 eorum
2462 3556 2535 3595 ne
2563 3539 2791 3606 timeas,

247 3616 527 3684 Cumque
558 3610 928 3684 ambularent
956 3611 1257 3679 animalia,
2087 3616 2143 3667 et
2169 3611 2371 3667 vultus
2403 3628 2603 3666 eorum
2638 3629 2709 3667 ne
2739 3611 3034 3681 formides,

331 3682 719 3740 ambulabant
749 3682 966 3753 pariter
994 3688 1052 3738 et
1082 3689 1218 3739 rota:
1244 3684 1413 3753 juxta
1443 3700 1509 3739 ea
1544 3699 1573 3755 :7
2089 3684 2225 3755 quia
2255 3685 2465 3739 domus
2490 3699 2842 3754 exasperans
2870 3688 2980 3739 est.

248 3761 329 3811 Et
358 3773 495 3813 cum
530 3756 898 3810 elevarentur
936 3755 1215 3811 animalia
1244 3757 1315 3810 de
1348 3754 1910 3823 terra,elevabantur
2019 3753 2301 3827 Loqueris
2329 3770 2469 3827 ergo
2498 3753 2672 3809 verba
2704 3771 2832 3810 mea
2862 3756 2935 3809 ad
2966 3770 3086 3820 eos,
3119 3754 3169 3809 si
3219 3755 3368 3809 forte
3397 3753 3659 3821 audiant,

407 3826 585 3882 simul
616 3831 673 3881 et
702 3831 859 3881 rota.
2123 3825 2135 3827 ⁷
2158 3831 2214 3881 et
2244 3825 2584 3896 quiescant;

250 3902 622 3969 Quocunque
669 3898 791 3953 ibat
820 3896 1082 3969 spiritus,
2090 3898 2367 3969 quoniam
2399 3897 2717 3969 irritatores
2744 3899 2902 3969 sunt.

326 3973 473 4027 illuc
505 3965 677 4095 e'untte
708 3965 942 4041 spiritu,
990 3965 1231 4026 et'rotae
1275 3969 1494 4043 pariter
1540 3969 1906 4036 levabantur,
2019 3965 2356 4095 Tu'augetm,
2406 3967 2489 4022 ﬁli
2538 3966 2817 4034 hominis,
2870 3966 3008 4023 audi
3056 3981 3418 4038 quaecunque
3456 3965 3663 4036 loquor

406 4058 627 4095 seuuen
661 4057 723 4095 es
755 4058 911 4095 eum.
2161 4058 2194 4095 a
2291 4056 2342 4095 e.

406 4046 723 4105 sequentes
755 4058 911 4097 eum.
2161 4044 2233 4096 ad
2264 4044 2342 4105 te,

259 4063 263 4067 υ
406 4059 723 4112 sequentes
755 4059 911 4097 eum.
2161 4059 2233 4096 aa
2264 4059 2342 4105 te,

249 4115 523 4187 Spiritus
554 4113 711 4187 enim
743 4115 869 4167 vitae
2093 4116 2151 4167 et
2180 4111 2299 4187 noli
2332 4126 2461 4167 esse
2491 4126 2868 4182 exasperans,
2899 4109 3055 4166 sicut
3102 4110 3315 4165 domus
3353 4125 3665 4180 exaspera-

323 4190 456 4242 erat
485 4184 545 4240 in
578 4185 743 4240 rotis.
2162 4184 2279 4239 trix
2306 4188 2435 4250 est;

248 4260 407 4316 Cum
441 4257 718 4312 euntibus
749 4255 935 4327 ibant,
969 4258 1026 4310 et
1056 4271 1190 4311 cum
1223 4255 1522 4313 stantibus
1552 4257 1836 4313 stabant:
2020 4253 2197 4327 Aperi
2253 4271 2319 4311 os
2376 4259 2545 4309 tuum
2602 4256 2661 4308 et
2712 4252 2951 4308 comede
3008 4268 3375 4323 quaecunque
3426 4266 3533 4323 ego
3589 4250 3663 4305 do

323 4335 385 4386 et
418 4344 553 4383 cum
585 4326 823 4383 elevatis
874 4345 908 4383 a
945 4331 1122 4396 terra,
1173 4328 1394 4400 pariter
1446 4327 1825 4385 elevabantur
1854 4329 1912 4383 et
2051 4326 2218 4400 ftibi,

404 4403 911 4480 rotmnsequentes
940 4414 1049 4480 ea:
1082 4393 1115 4480 ,⁷
1173 4393 1192 4400 ⁷
1244 4469 1278 4480 77
1942 4415 1988 4480 Β
2018 4399 2087 4454 Et
2114 4397 2316 4480 vidi,et
2343 4413 2480 4480 ecce
2506 4412 2719 4452 manus
2750 4396 2935 4452 missa
2965 4395 3038 4451 ad
3070 4394 3249 4464 me,in
3281 4410 3401 4465 qua
3418 4397 3545 4450 erat
3572 4393 3663 4448 in-

326 4468 747 4545 quiaspiritus
775 4471 904 4526 vitae
934 4468 1140 4545 eratin
1170 4469 1335 4545 rotis.
1506 4543 1513 4545 7
1634 4542 1644 4545 _
1754 4541 1790 4545 __
1942 4468 1983 4480 "
2156 4468 2571 4545 volutusliber
2604 4485 2617 4522 :

244 4549 318 4599 Et
342 4535 678 4599 similitudo
710 4559 889 4613 super
940 4540 1131 4612 capita
1161 4542 1268 4612 (Al.
1321 4543 1521 4614 caput)
1552 4541 1902 4598 animalium
2080 4545 2139 4597 et
2161 4540 2457 4614 expandit
2478 4540 2649 4614 illum
2695 4555 2892 4596 coram
2924 4553 3039 4607 me,
3090 4537 3192 4610 qui
3234 4540 3360 4594 erat
3406 4535 3665 4607 scriptus

402 4610 805 4679 firmamenti;
1012 4610 1027 4612 ⁷
1170 4610 1176 4612 ⁷
1396 4610 1411 4614 ⁷
1504 4610 1511 4614 ⁷
2155 4610 2316 4668 intus
2346 4618 2405 4668 et
2432 4610 2575 4666 foris
2603 4628 2616 4667 :

326 4686 507 4758 quasi
538 4689 810 4758 aspectus
842 4682 1103 4758 crystalli
1143 4682 1466 4758 horribilis,
2082 4688 2139 4740 et
2169 4684 2400 4755 scripta
2430 4686 2597 4739 erant
2625 4683 2686 4736 in
2717 4697 2783 4739 eo
2817 4680 3295 4751 lamentationes,
3319 4683 3375 4737 et
3405 4694 3663 4745 carmen,

326 4756 387 4815 et
419 4757 643 4814 extensi
672 4774 851 4828 super
881 4756 1076 4827 capita
1102 4771 1303 4811 eorum
1334 4757 1608 4828 desuper,
1807 4826 1817 4828 μ
2025 4827 2029 4828 7
2155 4760 2214 4811 et
2236 4771 2342 4828 vas.

246 4831 380 4887 Sub
415 4825 789 4909 firmamento
816 4825 1013 4883 autem
1062 4844 1266 4898 pennae
1314 4825 1517 4883 eorum
1567 4830 1738 4885 recta
1769 4826 1905 4885 alte-
2013 4827 2169 4909 (gap:
2203 4826 2327 4908 ΙΙΙ.)
2358 4826 2426 4908 Et
2453 4825 2599 4881 dixit
2628 4826 2701 4881 ad
2737 4840 2829 4882 me
2860 4842 2875 4882 :

401 4902 530 4956 rius
561 4902 635 4955 ad
669 4901 925 4955 alterum
960 4915 974 4954 ε
2012 4898 2122 4955 Fili
2155 4898 2437 4968 hominis,

328 4972 802 5044 unumquodque
831 4970 1065 5044 duabus
1083 4968 1206 5044 alia
1234 4968 1469 5028 velabat
1499 4988 1715 5044 corpus
1733 4984 1910 5027 suum
2086 4970 2482 5044 quodcunque
2508 4967 2824 5044 inveneris,
2854 4967 3094 5023 comede
3124 4982 3139 5024 :

328 5050 389 5101 et
420 5040 673 5099 alterum
706 5040 984 5099 similiter
1011 5041 1339 5099 velabatur.
1604 5040 1620 5044 ⁷
2015 5040 2263 5098 Comede
2286 5041 2559 5097 volumen
2591 5040 2773 5095 istud.

250 5117 653 5172 Etaudiebam
691 5131 905 5171 sonum
928 5113 1177 5182 alarum,
1204 5113 1374 5186 quasi
1396 5130 1606 5171 sonum
1623 5128 1913 5186 aquarum
2017 5118 2074 5169 et
2100 5114 2320 5186 vadens
2352 5113 2592 5183 loquere
2621 5112 2693 5166 ad
2725 5109 2879 5169 ﬁlios
2909 5108 3112 5165 Israel.

408 5187 757 5254 multarum,
1020 5255 1026 5256 7
1223 5184 1236 5186 ⁷
1676 5184 1689 5186 ⁷
2017 5188 2086 5239 Et
2113 5184 2315 5256 aperui
2342 5200 2408 5239 os
2440 5198 2660 5256 meum,

332 5261 507 5331 quasi
542 5249 755 5314 sonum
790 5255 1066 5331 sublimis
1095 5256 1196 5313 Dei
1232 5275 1246 5313 :
1557 5328 1564 5331 _
1606 5328 1615 5331 _
1707 5327 1744 5331 __
1797 5327 1808 5331 _
2020 5249 2393 5331 _7et'_ci_bavit
2422 5270 2515 5310 me
2545 5251 2841 5312 volumine
2871 5249 2974 5307 illo
3006 5264 3022 5305 :

251 5326 407 5388 Cum
440 5331 835 5396 ambularent,
868 5327 1039 5400 quasi
1078 5345 1263 5385 sonus
1293 5332 1415 5386 erat
1446 5327 1845 5386 multitudinis
2018 5326 2269 5400 Etdixit
2298 5328 2384 5400 ad
2403 5341 2496 5381 me
2530 5341 2544 5381 :

335 5408 403 5458 ut
434 5420 619 5460 sonus
652 5397 1004 5457 castrorum.
2022 5398 2130 5453 Fili
2161 5397 2447 5467 hominis,

251 5617 637 5687 leguntur,Et
668 5632 742 5670 ea:
773 5614 949 5670 medio
969 5630 1164 5671 eorum
1193 5614 1513 5687 similitudo
1543 5618 1778 5685 quatuor
1796 5616 1919 5687 ani-
2024 5611 2293 5687 chielem.
2327 5612 2518 5668 Codex
2544 5609 2919 5687 Qolbertinns
2949 5600 3367 5687 Anioiensis7,et
3396 5597 3677 5687 antiqugus

252 5670 862 5757 ἦὰἷῖἰὶὶὴῖξρυὲθαηειω
888 5670 1316 5757 sintcontraria
1340 5670 1921 5757 interpretationibus
2023 5682 2594 5757 San-Germanensis
2640 5696 2803 5757 num.
2837 5680 2888 5733 3.
2922 5692 3133 5757 puram
3182 5673 3442 5730 retinent
3479 5670 3679 5726 lectio-

261 5761 459 5817 sancti
488 5748 851 5831 Hieronymi,
882 5758 1102 5815 videsis
1142 5756 1243 5813 lib.
1300 5774 1317 5812 ι
1363 5748 1759 5821 Οοαὶωθιιῌιι
1792 5758 1924 5817 Eze-
2026 5772 2185 5823 nem,
2215 5756 2315 5813 sed
2344 5772 2415 5813 ex
2439 5753 2703 5812 secunda
2733 5748 2941 5809 manu.
2968 5748 3157 5807 Mam.
