2014 3089
74 115 146 142 1005

148 178 176 218 et
190 176 290 218 impiis
307 177 588 218 terrae‘inpraednm,
606 182 634 207 et

108 212 355 240 contaminabunt
369 212 452 241 illud.

70 250 107 277 Et
123 252 252 276 avertam
270 248 373 276 faciem
390 257 486 277 meam
503 250 539 277 ab
554 250 608 284 eis,

107 288 138 312 et
153 284 304 319 violabunt
320 293 459 312 arcanum
476 294 574 313 meum
590 294 597 313 :

69 320 105 348 Et
122 320 289 347 introibunt
304 320 333 348 iu
350 320 422 347 illud
439 321 596 356 emissarii,

108 358 139 383 et
154 356 361 384 contaminabu
367 358 398 383 nt
412 355 497 385 illud.

108 392 166 419 Fac
181 391 412 425 conclusionem,

107 427 249 465 quoniam
265 430 342 465 terra
358 427 444 465 plena
458 430 503 465 est
514 428 627 463 judicio
643 429 836 465 sanguinum,

106 467 134 490 et
151 464 256 490 civitas
271 463 356 498 plena
374 463 542 498 iniquitate.

67 500 105 527 Et
119 499 267 526 adducam
284 499 430 534 pessimos
444 499 479 526 de
495 499 643 534 gentibus,

104 538 134 563 et
151 534 347 570 possidebunt
362 535 466 562 domos
481 543 581 563 eorum
599 545 605 563 :

65 577 104 602 Et
119 575 272 610 quiescere
289 574 393 601 faciam
414 575 582 610 superbiam
597 576 773 611 potentium,
788 579 816 603 et
832 584 897 611 pos-

105 611 248 637 sidebunt
263 611 431 638 sanctuaria
446 619 559 638 eorum.

65 645 216 682 Angustia
240 646 475 681 superveniente,
496 646 645 682 requirent
660 655 771 682 pacem,
788 650 817 675 et
841 656 898 675 non

144 681 210 709 erit.

104 716 299 745 Conturbatio
315 725 404 753 super
419 718 670 746 conturbationem
687 719 794 752 veniet,

80 756 133 794 __et
148 753 269 781 auditus
285 761 374 794 super
390 753 525 781 auditum
543 762 550 781 :

66 793 106 821 Et
117 796 253 829 quaerent
268 793 409 820 visionem
426 794 460 820 de
476 794 629 829 propheta,

102 833 135 857 et
151 829 197 856 lex
213 829 318 864 peribit
333 837 350 856 a
364 830 527 863 sacerdote,

102 868 135 892 et
150 864 307 892 consilium
324 873 338 893 a
356 865 532 893 senioribus.

64 901 128 928 Rex
144 900 266 935 lugebit,
284 902 311 927 et
327 900 462 936 princeps
479 901 618 928 induetur
638 909 772 935 mmrore,
789 903 818 929 et
834 909 896 929 ma-

102 945 163 964 nus
180 935 279 971 populi
294 938 379 964 terrae
394 935 659 964 conturbabuntur.

64 973 239 1001 Secundum
254 971 332 999 viam
348 980 448 1000 eorum
466 973 569 1000 faciam
585 973 637 1000 eis.

101 1012 133 1036 et
144 1008 426 1043 secundumjudicia
436 1017 535 1036 eorum
543 1008 685 1043 judicabo
693 1016 741 1036 eos
751 1016 757 1035 :
766 1008 896 1044 etjscient

101 1044 177 1080 quia
193 1052 245 1079 ego
262 1043 413 1071 Dominus.

64 1085 146 1121 (Cap.
163 1083 249 1121 VIII.)
265 1084 299 1110 Et
324 1084 433 1121 factum
450 1086 494 1121 est
513 1084 542 1111 in
559 1092 635 1112 anno
661 1085 752 1118 sexto,
769 1084 799 1111 in
814 1085 894 1111 sexto

99 1119 217 1152 mense,
234 1119 263 1146 in
281 1119 384 1154 quinta
402 1119 513 1147 mensis
530 1128 537 1147 :

99 1164 154 1191 ego
169 1155 307 1182 sedebam
324 1156 352 1182 in
370 1156 455 1182 domo
473 1163 546 1188 mea,

99 1197 128 1219 et
145 1199 231 1219 senes
246 1191 322 1218 Juda
337 1191 478 1218 sedebant
491 1199 588 1218 coram
606 1199 663 1225 me,

99 1230 131 1254 et
148 1227 255 1255 cecidit
270 1235 357 1262 super
373 1235 418 1254 me
435 1227 475 1254 ibi
492 1235 598 1254 manus
614 1226 729 1254 Domini
746 1226 796 1253 Dei
814 1235 820 1253 :

60 1269 96 1296 Et
111 1267 185 1301 vidi,
202 1269 231 1294 et
245 1274 310 1294 ecce
325 1267 489 1294 similitudo
505 1267 587 1301 quasi
603 1268 738 1302 aspectus

97 1303 181 1339 ignis
190 1302 226 1329 ab
237 1305 355 1338 aspectu
364 1302 532 1330 lumborum
542 1301 793 1338 ejus,etdeorsum
803 1301 890 1338 ignis:

96 1338 129 1367 et
146 1348 163 1366 a
179 1338 290 1365 lumbis
305 1339 379 1373 ejus,
396 1341 424 1366 et
439 1347 569 1373 sursum,

97 1374 190 1411 quasi
199 1376 342 1411 aspectus
358 1374 534 1409 splendoris,

97 1410 135 1438 ut
151 1410 223 1437 visio
239 1410 348 1437 electri.

61 1448 96 1475 Et
114 1446 227 1474 emissa
251 1445 414 1473 similitudo
439 1453 544 1473 manus
571 1444 766 1481 apprehendit
789 1452 835 1472 me
860 1443 890 1471 in

139 1482 277 1509 cincinno
292 1481 397 1517 capitis
414 1482 469 1508 mei
486 1490 492 1509 :

98 1521 130 1546 et
146 1518 268 1545 elevavit
283 1515 467 1552 me‘spiritus
482 1517 557 1544 inter
575 1519 681 1544 terram
698 1518 725 1543 et
741 1515 845 1544 coelum
863 1523 869 1542 :

60 1560 97 1587 Et
115 1558 241 1586 adduxit
255 1566 302 1585 me
317 1557 346 1585 in
361 1557 524 1585 Jerusalem
540 1557 570 1584 in
585 1557 697 1584 visione
713 1556 772 1588 Dei,

94 1595 188 1630 juxta
202 1593 312 1621 ostium
327 1593 461 1627 interius,
476 1593 554 1628 quod
570 1592 744 1628 respiciebat
759 1592 794 1618 ad
811 1591 893 1627 aqui-

140 1630 235 1657 Ionem

98 1649 392 1693 ublive‘i'lat’statutum
413 1663 594 1700 idclumjzeli
617 1664 652 1691 ad
678 1663 890 1699 provocandam

139 1700 368 1735 amulationem,

58 1738 95 1764 Et
111 1744 183 1764 ecce
198 1735 238 1763 ibi
253 1735 345 1771 gloria
361 1736 409 1763 Dei
426 1735 525 1770 Israel,

95 1770 267 1800 secundum
282 1771 435 1804 visionem,
453 1779 541 1807 quam
557 1770 684 1798 videram
701 1770 730 1797 in
746 1778 859 1805 campo.

59 1809 96 1836 Et
113 1807 191 1835 dixit
205 1807 242 1835 ad
258 1815 304 1835 me
322 1815 328 1834 :

59 1844 117 1872 Fili
138 1843 276 1876 hominis,

96 1880 165 1907 leva
180 1878 281 1906 oculos
296 1880 363 1906 tuos
379 1878 414 1906 ad
431 1879 505 1906 viam
522 1877 668 1913 aquilonis
685 1885 692 1905 :

59 1916 95 1943 Et
113 1914 207 1942 levavi
223 1913 322 1942 oculos
338 1922 417 1941 meos
433 1915 468 1941 ad
483 1914 558 1941 viam
575 1913 722 1949 aquilonis
739 1922 745 1940 :

96 1953 129 1978 et
145 1958 211 1978 ecce
225 1951 261 1977 ab
276 1949 412 1985 aquilone
428 1952 515 1985 portae
532 1949 643 1983 altaris,

96 1986 214 2014 idolum
230 1985 283 2013 zeli
299 1986 329 2013 in
344 1985 408 2021 ipso
423 1986 554 2019 introitu,

58 2027 96 2053 Et
112 2025 190 2053 dixit
207 2025 243 2052 ad
258 2033 304 2052 me
322 2033 328 2052 :

58 2062 118 2089 Fili
136 2060 276 2092 hominis,

98 2099 240 2134 putasne,
251 2096 333 2124 vides
344 2096 457 2132 tuzquid
470 2096 518 2123 isti
529 2096 646 2130 faciant,
659 2093 891 2122 abominationes

141 2141 276 2165 magnas,

98 2140 299 2204 qugsaﬁghfus
314 2167 409 2204 Israel
426 2167 495 2204 facit
508 2167 566 2202 hic,
583 2168 616 2194 ut
631 2165 732 2202 procul
755 2165 891 2193 recedam

138 2212 156 2231 a
171 2203 340 2231 sanctuario
356 2211 420 2231 meo
431 2203 445 2230 ‘P

97 2242 130 2267 et
145 2239 243 2266 adhuc
267 2246 424 2266 conversus
438 2237 551 2266 videbis
570 2237 804 2265 abominationes
829 2244 893 2264 ma-
909 2241 931 2273 υ

151 2282 229 2301 ores.

58 2310 96 2338 Et
113 2282 283 2337 uigilant
298 2317 345 2337 me
360 2309 395 2336 ad
411 2308 519 2337 ostium
536 2307 602 2335 atrii
619 2315 626 2334 :

98 2347 132 2373 et
146 2345 206 2372 vidi
222 2348 250 2372 et
265 2352 331 2372 ecce
345 2345 478 2372 foramen
494 2351 587 2371 unum
603 2343 632 2370 in
648 2342 768 2379 pariete.

58 2381 98 2408 Et
115 2381 194 2408 dixit
209 2380 245 2407 ad
261 2387 308 2407 me
325 2388 332 2406 ε

60 2420 123 2448 Fili
141 2419 279 2452 hominis,
293 2419 359 2447 fcde
374 2419 526 2454 parietem.

60 2456 99 2483 Et
118 2463 189 2482 cum
206 2455 396 2490 perfodissem
412 2454 566 2490 parietem,

101 2490 246 2531 apparuit
260 2490 369 2531 ostium
386 2497 489 2517 unum.

100 2526 141 2552 Et
157 2525 232 2552 dixit
247 2525 281 2552 ad
298 2533 345 2553 me
362 2533 369 2552 :
731 2557 737 2563 υ

102 2560 320 2623 Ιιιξὲᾶᾶιὲἰιὲξ
411 2558 645 2588 abominaticnes
659 2565 895 2593 pess1mas,quas

140 2603 192 2623 ιεῐιι
208 2603 320 2623 molunt
334 2603 393 2623 n10.

60 2633 100 2658 Et
118 2630 274 2666 ingressus
290 2630 361 2664 vidi,

100 2667 133 2693 et
149 2662 216 2693 Ecce
226 2666 321 2694 omnis
334 2662 500 2693 similitudo
512 2663 662 2700 reptilium
673 2665 701 2691 et
711 2662 894 2698 animalium,

145 2701 359 2739 eliminatis-
411 2736 419 2739 _
525 2736 536 2739 _
604 2733 643 2739 ..
686 2733 720 2739 ..
840 2733 872 2739 ..

101 2737 134 2763 et
150 2737 288 2764 universa
302 2733 382 2764 idola
403 2736 509 2763 domus
525 2733 614 2763 Israel
627 2733 743 2769 depicta
765 2735 853 2761 erant
864 2733 895 2761 in

141 2772 253 2806 pariete
267 2772 298 2799 in
313 2771 438 2799 circuitu
458 2779 509 2806 per
522 2773 629 2799 totum.

61 2811 105 2839 Et
122 2811 310 2846 septuaginta
323 2810 378 2837 viri
393 2810 428 2838 de
443 2809 608 2838 senioribus
624 2809 728 2846 domus
740 2808 844 2846 lsrael,

104 2846 138 2872 et
150 2844 286 2874 Jezoﬁias
301 2846 382 2873 ﬁlius
395 2846 513 2880 Saphan
529 2846 626 2873 stabat
639 2844 669 2871 in
683 2844 780 2871 medio
794 2853 895 2873 eorum

146 2881 290 2910 stantium
305 2883 373 2909 ante
387 2880 516 2916 picturas
533 2889 541 2909 :

637 119 744 147 LIBER
764 119 976 148 EZECHIELIS
994 121 1202 148 PROPHETE.

914 184 941 216 Α
956 182 990 209 Et
1004 183 1211 218 unusquisque
1221 182 1349 210 habebat
1358 183 1544 212 thuribulum
1560 185 1590 214 in
1602 193 1692 214 manu
1708 196 1781 216 sua:

1712 125 1783 152 1006

992 221 1126 256 eli-vapor
1140 218 1252 246 nebulas
1270 219 1305 247 de
1320 219 1406 247 thure
1423 222 1629 256 consurgebat.

956 254 990 280 Et
1006 253 1078 281 dixit
1093 254 1128 281 ad
1146 262 1192 281 me
1208 262 1215 281 :

956 293 1040 334 Certe.
1048 294 1140 334 vides,
1152 294 1416 334 lili_hom_inis,quae
1428 296 1560 325 seniores
1572 298 1679 326 domus
1691 299 1781 328 Israel

1028 331 1137 357 faciunt
1153 331 1182 356 in
1198 331 1338 365 tenebris,

992 366 1196 400 unusquisque
1218 366 1246 392 in
1264 367 1436 395 abscondito
1453 368 1582 395 cubiculi
1597 369 1654 397 sui.

956 401 1061 429 Dicunt
1076 401 1154 428 enim
1172 409 1178 428 :

990 436 1053 464 Non
1069 437 1146 463 videt
1163 436 1304 464 Dominus
1321 446 1385 472 nos,

990 472 1147 507 dereliquit
1162 472 1305 500 Dominus
1321 476 1440 502 terram.

953 511 990 536 Et
1005 508 1077 535 dixit
1092 508 1128 535 ad
1145 516 1214 535 me:

989 544 1092 570 Adhuc
1103 551 1262 584 conversus
1270 544 1382 584 videbis
1392 545 1625 574 abominationes
1638 548 1775 584 majores,

1026 587 1099 614 quas
1117 579 1164 606 isti
1179 579 1300 607 faciunt.

954 616 986 643 Et
1001 615 1162 653 introduxit
1177 623 1224 653 me
1235 623 1286 653 per
1300 616 1516 653 ostiumrportm
1527 617 1633 645 domus
1650 618 1776 653 Domini,

1024 652 1100 685 quod
1118 650 1292 687 respiciebat
1305 652 1341 679 ad
1357 650 1525 687 aquilonem
1540 661 1547 680 :

975 688 1017 749 ﬁt
1033 694 1098 713 ecce
1117 686 1157 713 ibi
1182 686 1320 715 mulieres
1336 686 1478 715 sedebant
1505 688 1678 724 plangentes
1701 690 1779 718 Ado-

975 731 983 748 ι
1004 730 1061 749 em.

953 730 1061 749 niuem.

952 759 988 786 Et
1002 758 1074 784 dixit
1089 758 1125 784 ad
1142 765 1188 785 me
1205 766 1211 785 :

951 795 1035 822 Certe
1050 793 1160 827 vidisti,
1177 793 1217 820 fili
1234 793 1383 821 hominis:

988 828 1084 891 adllliuc
1100 837 1257 857 conversus
1272 829 1384 858 videbis
1401 830 1634 859 abominationes
1651 833 1775 867 majores

1044 873 1078 891 is.

1044 873 1078 892 IS.

950 901 985 928 Et
996 900 1158 928 introduxit
1168 909 1214 928 me
1225 901 1253 928 in
1266 901 1373 929 atrium
1386 902 1492 929 domus
1503 902 1618 930 Domini
1630 903 1773 931 interius:

986 939 1015 964 et
1029 943 1094 972 ecce
1110 936 1140 963 in
1155 937 1229 964 ostio
1249 937 1351 972 templi
1366 938 1482 965 Domini
1505 938 1580 965 inter
1596 939 1772 967 vestibulum

1021 974 1049 999 et
1065 971 1166 1009 altare,
1184 973 1269 1007 quasi
1284 971 1387 1008 viginti
1401 973 1533 1009 quinque
1547 973 1612 1006 viri,

985 1008 1073 1045 dorsa
1088 1007 1228 1045 habentes
1239 1007 1341 1036 contra
1355 1007 1498 1045 templum
1510 1009 1636 1042 Domini,
1647 1013 1677 1038 et
1685 1011 1773 1039 facies

1021 1043 1057 1071 ad
1073 1043 1214 1070 orientem
1233 1051 1240 1070 :

984 1081 1013 1106 et
1028 1079 1189 1107 adorabant
1205 1079 1240 1106 ad
1256 1081 1354 1107 ortum
1370 1080 1452 1108 solis.

948 1115 983 1142 Et
998 1114 1070 1142 dixit
1085 1115 1120 1142 ad
1138 1123 1183 1142 me
1201 1123 1207 1142 :

950 1155 1035 1182 Certe
1049 1154 1159 1189 vidisti,
1176 1154 1217 1181 ﬁli
1233 1154 1363 1183 hominis
1380 1164 1387 1182 ε

982 1189 1120 1225 Nunquid
1136 1190 1198 1217 leve
1213 1193 1258 1218 est
1274 1191 1327 1218 hoc
1345 1191 1445 1218 domui
1460 1192 1546 1226 Juda,

983 1228 1016 1263 ut
1038 1226 1424 1263 facerentgabominationes
1449 1227 1531 1261 istas,
1545 1236 1619 1263 quas
1645 1228 1774 1255 fecerunt

982 1262 1030 1289 hic
1040 1261 1266 1303 :‘qui'repl‘entes
1277 1265 1385 1303 terram
1397 1261 1693 1299 iniquitate‘conversi
1704 1267 1774 1291 sunt

1017 1297 1054 1324 ad
1069 1297 1244 1324 irritandum
1261 1306 1307 1325 me
1317 1298 1330 1324 ?

981 1334 1010 1360 et
1024 1341 1088 1360 ecce
1104 1332 1254 1368 applicant
1269 1342 1384 1361 ramum
1402 1333 1437 1360 ad
1453 1342 1540 1362 nares
1555 1343 1636 1362 suns.

946 1369 1018 1404 Ergo
1035 1371 1063 1395 et
1078 1376 1130 1404 ego
1147 1368 1250 1396 faciam
1267 1368 1298 1396 in
1313 1369 1410 1396 furore
1426 1377 1432 1396 :

980 1412 1038 1431 non
1056 1406 1156 1439 parcet
1170 1404 1272 1431 oculus
1288 1412 1381 1438 meus,
1400 1413 1452 1432 nec
1468 1405 1641 1438 miserebor,

980 1442 1008 1467 et
1023 1448 1090 1467 cum
1105 1439 1293 1477 clamaverint
1312 1441 1347 1467 ad
1364 1449 1451 1468 aures
1470 1449 1550 1468 meas
1566 1449 1634 1468 voce
1650 1449 1767 1477 magna,

1017 1485 1074 1503 non
1090 1476 1241 1503 exaudiam
1258 1484 1317 1503 eos.

944 1514 1096 1578 (Cap.dIX.)
1111 1515 1145 1542 Et
1161 1515 1295 1542 clamavit
1305 1515 1334 1542 in
1346 1515 1468 1543 auribus
1479 1516 1553 1543 meis
1564 1524 1632 1543 voce
1648 1524 1767 1552 magna,

1038 1557 1118 1578 lcens
1133 1558 1139 1577 :

1038 1557 1118 1578 lcens
1133 1558 1139 1577 Ζ

982 1586 1299 1622 Appropinquaverunt
1313 1586 1495 1615 visitationes
1512 1588 1601 1621 urbis,

981 1624 1009 1649 et
1024 1622 1228 1657 unusquisque
1238 1631 1288 1650 vas
1304 1623 1515 1652 interfectionis
1530 1624 1618 1651 habet
1633 1623 1662 1650 in
1678 1631 1767 1651 manu

1017 1666 1081 1685 8118.

945 1694 979 1721 Et
993 1701 1059 1721 ecce
1074 1701 1124 1721 sex
1138 1693 1198 1731 viri
1207 1694 1362 1731 veniebant
1378 1695 1413 1722 de
1428 1695 1474 1722 via
1489 1697 1578 1731 portis
1594 1694 1766 1731 superioris,

1015 1737 1079 1764 quae
1095 1729 1214 1771 respicit
1228 1730 1264 1757 ad
1280 1730 1448 1771 aquilonem
1463 1739 1469 1758 :

980 1766 1008 1792 et
1025 1766 1228 1800 unusquisque
1255 1774 1306 1793 vas
1334 1766 1472 1794 interitus
1487 1767 1517 1794 in
1532 1775 1622 1794 manu
1639 1767 1703 1801 ejus
1720 1775 1727 1793 :

944 1806 991 1834 Vir
1005 1813 1122 1840 quoque
1139 1813 1216 1833 unus
1232 1806 1261 1833 in
1278 1806 1373 1833 medio
1393 1815 1494 1834 eorum
1510 1806 1633 1834 vestitus
1647 1806 1745 1839 lineis,
1772 1835 1774 1837 ,

978 1843 1006 1868 et
1020 1841 1263 1868 atramentarium
1279 1841 1430 1877 scriptoris
1446 1843 1480 1869 ad
1498 1851 1581 1870 renes
1596 1843 1671 1877 ejus.

942 1877 975 1904 Et
990 1876 1115 1912 ingressi
1132 1879 1212 1911 sunt,

977 1914 1006 1940 et
1021 1914 1165 1939 steterunt
1176 1912 1262 1946 juxta
1276 1912 1367 1939 altare
1381 1920 1487 1939 aereum
1503 1921 1510 1940 :

942 1948 977 1975 Et
991 1946 1220 2009 gLol‘rgautDomini
1237 1947 1288 1981 (Al.
1305 1948 1366 1984 Dei)
1387 1948 1476 1975 Israel
1501 1949 1653 1983 assumpta
1668 1949 1712 1975 est
1728 1947 1764 1974 de

1014 1991 1134 2017 cnerub,

979 2027 1042 2054 quas
1057 2021 1120 2045 erat
1134 2026 1223 2054 super
1234 2027 1302 2047 eum
1318 2020 1353 2047 ad
1370 2020 1456 2047 limen
1473 2019 1579 2046 domus
1596 2028 1602 2047 ε

945 2059 979 2086 Et
993 2058 1105 2086 vocavit
1120 2058 1226 2094 virum,
1244 2058 1294 2094 qui
1314 2059 1434 2086 indutus
1450 2060 1512 2086 erat
1534 2058 1629 2093 lineis,
1645 2060 1674 2085 et
1689 2060 1768 2085 atra-

1018 2093 1194 2121 mentarium
1211 2093 1363 2123 scriptoris
1384 2095 1511 2123 habebat
1526 2094 1556 2122 in
1572 2094 1680 2122 lumbis
1695 2094 1768 2121 suis.

946 2130 980 2157 Et
995 2129 1068 2156 dixit
1084 2129 1227 2157 Dominus
1242 2129 1278 2157 ad
1294 2138 1362 2158 eum
1380 2139 1386 2157 :

947 2169 1050 2196 Transi
1067 2177 1116 2203 per
1133 2169 1259 2197 mediam
1276 2170 1423 2197 civitatem
1440 2170 1468 2198 in
1482 2170 1577 2198 medio
1587 2168 1769 2197 Jerusalem:

983 2207 1011 2231 et
1027 2204 1113 2241 signa
1124 2204 1192 2231 thau
1207 2213 1295 2241 super
1310 2206 1435 2233 frontem
1446 2206 1573 2234 virorum
1590 2204 1770 2241 gementium

1018 2242 1045 2266 et
1070 2239 1230 2267 dolentium
1244 2239 1339 2275 ‘super
1363 2243 1476 2269 cunctis
1500 2239 1771 2269 abomi'nationibus

1040 2275 1172 2312 uazufiunt
1186 2276 1328 2312 inrmedio
1343 2278 1418 2312 ejus.

947 2312 981 2338 Et
995 2310 1054 2338 illis
1069 2310 1152 2344 dixit,
1170 2311 1306 2339 audiente
1322 2310 1369 2340 me
1385 2320 1391 2339 :

948 2350 1081 2378 Transite
1094 2358 1144 2385 per
1155 2351 1299 2379 civitatem
1313 2357 1482 2388 sequentem
1494 2354 1605 2385 eum,et
1615 2351 1772 2388 percutite:

984 2394 1040 2412 non
1058 2388 1156 2424 parcat
1172 2387 1275 2415 oculus
1291 2387 1396 2422 vester,
1413 2397 1508 2424 neque
1524 2387 1735 2416 misereamini.

948 2425 1062 2453 Senem,
1079 2422 1342 2456 adolescentulum,

984 2457 1178 2497 etvirginem,
1195 2459 1360 2497 parvulum,
1376 2460 1405 2486 et
1420 2459 1570 2497 mulieres,

984 2492 1138 2519 interficite
1155 2501 1247 2527 usque
1263 2495 1297 2521 ad
1315 2494 1543 2522 internecionem
1561 2503 1568 2528 ;

948 2532 1070 2594 omnis?
1087 2535 1196 2565 autem,
1211 2541 1301 2569 super
1315 2541 1403 2569 quem
1418 2534 1551 2562 videritis
1572 2534 1653 2567 thau,
1671 2540 1707 2559 ne
1723 2539 1772 2559 oc-

983 2574 1009 2594 οι
1031 2575 1050 2594 a
1062 2574 1099 2594 ιε.

983 2574 1099 2599 claaus,

983 2603 1013 2629 et
1028 2610 1045 2629 a
1059 2602 1227 2630 sanctuario
1243 2611 1308 2632 meo
1323 2604 1456 2640 incipite.

948 2637 1104 2677 Coeperunt
1119 2645 1219 2677 ergoa
1230 2639 1302 2677 viris
1316 2637 1484 2677 senioribus

984 2674 1034 2707 qui
1049 2674 1132 2699 erant
1147 2675 1214 2701 ante
1229 2675 1332 2703 faciem
1347 2676 1463 2703 domus.

948 2707 983 2734 Et
997 2707 1071 2734 dixit
1085 2708 1121 2735 ad
1138 2715 1188 2736 eos
1204 2718 1211 2737 :

948 2742 1147 2779 Contaminate
1163 2744 1296 2779 domum,

983 2779 1012 2805 et
1025 2777 1155 2819 implete
1161 2779 1235 2807 atria
1249 2777 1409 2809 interfectis
1427 2789 1434 2809 :

983 2813 1156 2848 egredimini
1173 2822 1180 2841 ε
1224 2821 1227 2824 ί

948 2848 984 2876 Et
997 2848 1105 2883 egressi
1121 2851 1200 2883 sunt,

983 2885 1013 2911 et
1025 2884 1207 2918 porcutiebat
1222 2893 1271 2913 eos
1287 2885 1338 2921 qui
1353 2888 1437 2914 erant
1450 2886 1480 2914 in
1495 2886 1621 2914 civitate.
