4028 6178
507 235 646 291 1007

503 364 593 428 Et,
626 359 781 414 caede
810 355 1123 428 completa,
1150 354 1405 411 remansi
1437 370 1542 427 ego
1575 371 1590 410 :

577 426 786 500 ruique
817 426 993 500 super
1021 427 1224 500 faciem
1261 426 1564 500 meam,’et
1594 426 1854 500 clamans
1885 427 1975 482 aio
2013 441 2026 484 :

505 505 652 571 Heu,
685 497 819 567 heu,
852 497 965 571 heu
999 499 1106 565 (Al.
1143 498 1258 552 heu
1288 499 1496 571 semel),
1532 497 1778 554 Domine
1809 499 1965 571 Deus
1997 514 2012 553 :

577 569 788 642 ergone
817 569 1125 640 disperdes
1155 585 1360 624 omnes
1394 570 1675 640 reliquias
1710 570 1905 637 Israel,

578 641 1148 700 eﬂ‘undensfurorem
1180 646 1350 696 tuum
1384 658 1561 713 super
1590 642 1919 698 Jerusalem
1940 641 1967 695 ?

508 717 578 772 Et
608 715 753 771 dixit
783 713 854 767 ad
890 728 982 766 me
1017 729 1030 768 :

513 786 816 909 lniquitalsd
842 783 1046 839 domus
1099 783 1276 839 Israel
1309 783 1544 840 ctJuda
1587 799 1800 856 magna
1849 789 1936 841 est
1979 781 2158 838 nimis

686 873 756 909 va
826 871 877 909 e.

686 871 877 921 value,

581 933 638 984 et
669 926 889 998 repleta
917 928 1191 998 estrlerra
1221 928 1633 998 sanguinibus,
1691 983 1696 990 ,

582 1006 640 1056 et
669 997 874 1054 civitas
909 997 1134 1067 repleta
1163 1003 1251 1052 est
1280 997 1579 1054 aversione
1609 1015 1624 1056 :

511 1074 797 1129 Dixerunt
827 1068 982 1123 enim
1023 1084 1035 1121 :

583 1140 909 1212 Dereliquit
938 1137 1221 1212 Dominus
1249 1144 1488 1212 terram,

579 1221 637 1270 et
668 1211 954 1268 Dominus
992 1226 1107 1264 non
1138 1211 1316 1268 videt.

510 1287 698 1358 Igitur
720 1288 778 1339 et
802 1298 966 1337 meus
989 1298 1105 1337 non
1131 1290 1326 1352 parcet
1347 1282 1575 1352 oculos,
1600 1298 1788 1358 neque
1812 1280 2161 1337 miserebor:

583 1357 738 1412 viam
771 1369 979 1426 eorum,
1001 1369 1179 1426 super
1208 1359 1385 1426 caput
1414 1371 1614 1426 eorum
1651 1353 1916 1424 reddam,

514 1429 584 1483 Et
612 1444 741 1483 ecce
768 1425 856 1479 vir
887 1425 985 1496 qui
1019 1425 1260 1480 indutus
1282 1425 1417 1480 erat
1445 1425 1640 1495 lineis,

584 1500 690 1570 qui
738 1494 994 1570 habebat
1021 1496 1535 1570 attramentarium
1586 1494 1645 1551 in
1695 1497 1869 1552 dorso
1919 1511 2025 1550 suo
2056 1494 2164 1565 (Al.

656 1569 874 1624 lumbis
906 1567 1078 1637 suis),

588 1639 892 1712 respondit
920 1641 1171 1712 verbum
1198 1640 1302 1712 (Al.
1335 1643 1442 1712 tae.
1475 1639 1765 1711 verbum),
1796 1638 1994 1694 dicens
2025 1652 2040 1693 :

584 1710 712 1768 Feci
749 1711 898 1766 sicut
931 1711 1260 1782 praecepisti
1295 1710 1463 1766 mihi.

511 1787 674 1856 (Cap.
708 1783 800 1850 X.)
831 1782 900 1836 Et
928 1779 1066 1856 vidi,
1099 1779 1156 1836 et
1182 1797 1316 1856 ecce
1347 1783 1405 1836 in
1441 1779 2004 1856 ﬁrmiamento,quod
2038 1780 2163 1833 erat

586 1852 764 1927 super
794 1857 970 1927 caput
999 1853 1526 1927 cherubiquuasi
1569 1855 1717 1927 lapis
1751 1852 2088 1924 sapphirus.

586 1924 756 1999 quasi
788 1925 1014 2007 species
1047 1924 1457 1980 similitudinis
1490 1924 1642 1981 solii.

583 2003 854 2123 apparuit
882 2011 1060 2076 super
1090 2013 1204 2078 ea..
1243 2067 1254 2078 .
2020 2065 2030 2075 ο

513 2075 596 2148 Et
656 2068 856 2148 ixit‘ad
889 2083 1078 2148 virum
1109 2085 1205 2148 qui
1241 2067 1485 2148 indutus
1515 2073 1641 2123 erat
1668 2066 1862 2131 lineis,
1891 2069 1952 2148 et
1981 2069 2107 2148 ait:

583 2139 902 2264 ingtilederg.
937 2137 995 2191 in
1047 2138 1240 2193 medio
1293 2143 1552 2193 rotarum
1595 2155 1720 2210 qua:
1769 2142 1909 2192 sunt
1955 2137 2166 2190 subtus

664 2229 692 2264 c
742 2225 843 2264 eru
890 2225 992 2262 1m.

664 2225 992 2265 CDCI‘UDlm.

598 2286 656 2336 et
674 2280 1104 2406 igiplegnanum
1121 2284 1282 2334 tuam
1301 2279 1506 2350 prunis
1527 2281 1683 2353 ignis
1706 2297 1834 2351 quae
1857 2283 1996 2334 sunt
2017 2278 2169 2333 inter

668 2369 696 2406 c
744 2368 842 2406 eru
890 2367 993 2406 im.

668 2367 993 2418 cnerumm,

597 2428 651 2478 et
682 2422 916 2478 effunde
945 2438 1122 2492 super
1147 2421 1456 2478 civitatem.

526 2496 949 2567 Ingressusque
979 2499 1068 2548 est
1099 2493 1157 2546 in
1190 2501 1506 2567 conspectu
1541 2511 1692 2558 meo,

595 2565 900 2621 cherubim
951 2568 1144 2619 autem
1195 2565 1431 2621 stabant
1460 2583 1493 2620 a
1523 2565 1742 2620 dextris
1773 2565 1988 2620 domus
2036 2579 2169 2617 cum

666 2637 1071 2709 ingrederetur
1100 2635 1207 2709 vir,

595 2714 651 2764 et
681 2706 868 2764 nubes
900 2706 1172 2779 implevit
1197 2708 1415 2763 atrium
1448 2707 1716 2763 interius.

524 2785 597 2838 Et
627 2781 847 2835 elevata
893 2775 1006 2835 est'
1031 2778 1216 2850 gloria
1265 2779 1495 2835 Domini
1546 2781 1800 2851 desuper
1833 2775 2070 2849 _eherub
2101 2775 2172 2831 ad

671 2852 850 2907 limen
884 2853 1098 2906 domus
1127 2891 1140 2906 .

596 2928 654 2979 et
685 2925 902 2987 repleta
932 2927 1022 2976 est
1053 2923 1265 2976 domus
1298 2922 1471 2990 nube,

594 3001 652 3051 et
684 2995 898 3076 atrium
922 2991 1215 3076 repletum
1249 2989 1901 3076 estIsplendore‘gl-oria:
1923 2989 2172 3076 Domini:

525 3068 595 3122 Et
625 3067 856 3121 sonitus
887 3062 1113 3119 alarum
1162 3062 1467 3119 cherubim
1500 3062 1853 3118 audiebatur
1884 3079 2072 3132 usque
2101 3062 2170 3116 ad

670 3135 886 3190 atrium
917 3134 1195 3203 exterius,

603 3207 769 3277 quasi
801 3223 908 3263 vox
939 3205 1037 3262 Dei
1069 3205 1488 3276 omnipotentis
1518 3205 1834 3277 loquentis.

530 3274 792 3404 Cuingue
838 3277 1203 3350 praecepisset
1232 3274 1375 3348 viro,
1410 3277 1512 3349 qui
1544 3274 1786 3333 in'dutus
1833 3281 1961 3332 erat
2008 3274 2178 3330 lineis

714 3366 872 3404 icens
905 3366 918 3403 :

714 3366 872 3405 108118
905 3366 918 3403 Ζ

599 3422 778 3546 δυηέε
809 3420 1003 3546 igtnem
1038 3420 1109 3474 de
1142 3418 1334 3474 medio
1385 3423 1648 3474 rotarum
1680 3435 1811 3491 quas
1857 3422 1998 3474 sunt
2029 3417 2180 3471 inter

672 3508 702 3546 ο
748 3508 848 3546 eru
898 3507 974 3545 im
1011 3505 1025 3544 :

672 3505 974 3547 CDBPUDIID
1011 3505 1025 3544 2

598 3563 902 3634 ingressus
935 3560 1030 3634 ille
1060 3559 1219 3634 stetit
1239 3559 1411 3630 juxta
1440 3565 1649 3634 rotam.

528 3636 599 3690 Et
629 3629 890 3718 extendit
917 3630 1140 3718 cherub
1160 3629 1408 3718 manum
1437 3632 1507 3686 de
1531 3633 1720 3718 medio
1751 3629 2079 3698 cherubim,
2105 3629 2175 3684 ad

667 3706 862 3778 ignem
895 3705 995 3775 qui
1024 3706 1149 3758 erat
1179 3703 1330 3757 inter
1360 3702 1660 3759 cherubim
1695 3720 1710 3758 :

601 3781 659 3833 et
688 3777 965 3846 sumpsit,
997 3783 1049 3830 et
1079 3774 1240 3829 dedit
1272 3774 1327 3828 in
1363 3791 1572 3831 manus
1621 3776 1750 3846 ejus
1781 3775 1883 3846 qui
1931 3772 2180 3828 indutus

688 3794 965 3903 sumpsn,
997 3794 1048 3830 et

671 3855 797 3930 erat
838 3863 998 3931 iocis
1035 3863 1048 3901 :

601 3921 703 3991 qui
734 3921 1335 3991 accipiensegressus
1361 3921 1470 3991 est.

529 3993 599 4047 Et
619 3985 898 4064 apparuit
918 3990 977 4044 in
1001 3985 1307 4042 cherubim
1335 3988 1660 4045 similitudo
1683 4005 1898 4044 manus
1919 3985 2179 4042 hominis

674 4063 886 4118 subtus
917 4074 1138 4132 pennas
1168 4074 1393 4114 eorum.

530 4135 600 4189 Et
628 4133 768 4200 vidi,
800 4137 858 4188 et
887 4130 1017 4188 ecce
1047 4134 1296 4201 quatuor
1328 4135 1464 4186 rota:
1488 4131 1660 4200 juxta
1689 4130 1998 4186 cherubim
2033 4146 2046 4183 :

603 4209 732 4260 rota
763 4221 878 4259 una
901 4200 1080 4270 juxta
1099 4200 1318 4256 cherub
1348 4217 1554 4270 unum,

602 4282 660 4331 et
690 4280 816 4332 rota
847 4273 960 4330 alia
983 4274 1152 4346 juxta
1181 4272 1400 4328 cherub
1433 4287 1617 4327 unum
1653 4290 1666 4328 :

532 4347 767 4418 Species
807 4340 1004 4402 autem
1064 4347 1323 4398 rotarum
1374 4351 1494 4399 erat
1543 4343 1713 4414 quasi
1761 4343 1908 4400 visio
1963 4340 2180 4414 lapidis

674 4417 1042 4473 chrvsolithi.

674 4417 1042 4474 chrvsolithi.

674 4435 778 4473 enr
819 4435 844 4473 s
888 4435 1042 4472 mni.

531 4489 602 4544 Et
632 4435 903 4560 οεροέῐιῗε
934 4503 1137 4560 earum
1172 4485 1500 4560 similitudo
1533 4502 1652 4542 una
1679 4488 1934 4557 quatuor
1967 4501 1982 4539 :

600 4557 770 4630 quasi
800 4560 873 4615 sit
905 4563 1032 4630 rota
1058 4557 1117 4612 in
1151 4557 1343 4613 medio
1379 4561 1540 4614 rotae.
1609 4567 1616 4580 ’

529 4625 793 4702 Cumque
823 4629 1216 4702 ambularent,
1242 4630 1300 4684 in
1331 4634 1592 4702 quatuor
1613 4632 1812 4700 partes
1833 4625 2179 4698 gradieban-

599 4697 744 4757 tur':
780 4697 895 4758 non
928 4697 1367 4756 revertebantur
1395 4697 1790 4766 ambulantes,

600 4776 700 4829 sed
731 4773 801 4828 ad
832 4770 1138 4842 locum,rad
1174 4787 1347 4842 quem
1370 4769 1454 4825 ire
1474 4765 1806 4825 declinabat
1827 4783 1954 4838 quae
1984 4765 2178 4838 prima

669 4848 815 4969 1e)ratE
872 4841 1268 4912 sequebantur
1321 4843 1378 4897 et
1425 4844 1666 4907 caeteras,
1719 4853 1826 4894 nec
1876 4842 2176 4894 converte-

713 4931 785 4969 an
821 4930 908 4968 ur.

713 4919 908 4969 antur.

529 4987 598 5041 Et
625 5001 798 5043 omne
827 4998 1036 5065 corpus
1057 4997 1291 5065 ‘earum,
1319 4985 1377 5036 et
1406 4980 1577 5050 colla,
1609 4985 1667 5036 et
1696 4997 1931 5049 manus,
1954 4982 2012 5034 et
2040 4994 2178 5049 pen-

672 5073 780 5127 na},
809 5059 867 5111 et
895 5052 1123 5127 circuli".

601 5121 776 5199 plena
803 5129 972 5199 erant
1000 5123 1204 5199 oculis,
1235 5121 1296 5176 in
1317 5122 1572 5199 circuitu
1606 5125 1859 5199 quatuor
1888 5124 2170 5176 rotarum.

528 5191 785 5254 Et‘rotas
816 5197 961 5254 istas
990 5193 1216 5250 vocavit
1242 5191 1552 5258 volubiles,
1575 5191 1850 5247 audiente
1879 5207 1992 5247 me.

529 5272 790 5336 Quatuor
820 5272 1015 5324 autem
1045 5264 1235 5336 facies
1253 5263 1508 5336 habebat
1535 5278 1723 5317 unum

595 5339 774 5396 facies
806 5355 944 5406 una,
979 5335 1158 5392 facies
1187 5332 1456 5406 cherub:

597 5415 656 5466 et
685 5409 862 5466 facies
893 5401 1173 5472 secunda,
1205 5404 1382 5460 facies
1410 5401 1668 5459 hominis
1698 5419 1713 5458 :

594 5484 653 5534 et
682 5481 742 5535 in
776 5478 946 5535 tertio
975 5477 1157 5533 facies
1188 5473 1375 5530 leonis
1406 5489 1421 5528 :

595 5550 742 5619 et_in
774 5552 982 5619 quarto
1014 5543 1454 5619 facies__aquilae.

526 5611 843 5685 Etelevat'a
868 5619 977 5685 (Αι.
1003 5615 1228 5685 elevati)
1259 5611 1396 5669 sunt
1419 5611 1771 5685 cherubim;

595 5684 788 5754 ipsum
831 5681 921 5742 est
965 5684 1185 5743 animal
1211 5681 1371 5754 quod
1424 5683 1685 5740 videram
1721 5681 1894 5752 juxta
1941 5682 2165 5740 ﬂumen

667 5753 915 5810 Chobar.

1534 235 1593 285 S.
1638 232 2043 287 HIERONYMI
2082 231 2334 285 DlVlNA
2371 226 2866 283 BIBLIOTHECA.

2176 365 2230 430 Α
2260 353 2522 430 Cumque
2545 349 2915 430 ambularent
2936 349 3258 430 cherubim,
3279 352 3438 408 ibant
3459 355 3706 426 paritcrct
3724 368 3822 416 rota

3721 235 3820 290 1603

2397 421 2569 493 juxta
2594 439 2661 478 ea
2694 422 2801 492 (Al.
2835 421 3004 493 eos):

2335 492 2556 550 etcum
2587 493 2882 550 elevarent
2925 492 3229 550 cherubim
3262 494 3380 552 alas
3427 513 3556 553 suas
3584 505 3640 554 ut
3663 503 3824 560 exulta.

2407 571 2610 620 rentur
2640 565 2712 619 de
2741 570 2916 632 terra,

2334 636 2820 711 nonresidebant
2852 640 3010 711 rotas,
3045 637 3144 692 sed
3180 643 3237 694 et
3265 638 3405 711 ipsze
3427 641 3590 711 juxta
3617 651 3767 699 erant.

2265 709 2572 764 Stantibus
2602 707 2740 777 illis,
2774 707 3012 762 stabant
3044 723 3058 764 :

2337 785 2390 835 et
2421 795 2552 834 cum
2585 779 2823 834 elevatis
2854 779 3251 835 elevabantur.

2265 852 2518 922 Spiritus
2548 851 2704 904 enim
2737 850 2862 905 vitae
2895 857 3020 905 erat
3051 851 3108 905 in
3142 852 3245 907 eis.

2267 921 2338 978 Et
2368 937 2606 1000 egressa
2634 927 2724 977 est
2753 921 2940 1000 gloria
2971 922 3202 1000 Domini
3233 941 3265 979 a
3294 923 3492 981 limine
3521 929 3696 1000 templi
3725 947 3735 984 :

2340 993 2592 1049 et’stetit
2621 993 2802 1064 super
2831 993 3158 1051 cherubim.

2272 1067 2338 1121 Et
2367 1065 2655 1121 elevantia
2687 1066 2990 1120 cherubim
3037 1067 3159 1122 alas
3209 1083 3366 1136 suas,
3415 1069 3644 1124 exaltata
3687 1077 3832 1125 sumta

2416 1145 2568 1191 terra
2597 1153 2793 1191 coram
2827 1152 2920 1191 me
2955 1154 2969 1191 ἒ

2345 1206 2558 1279 etgillis
2606 1208 3064 1279 egredientibus,
3120 1214 3258 1265 τοίω
3308 1227 3535 1283 quoque
3586 1212 3833 1268 subsecuta

2417 1285 2559 1334 sunt
2591 1295 2604 1334 :

2275 1351 2340 1406 Et
2362 1351 2525 1405 stetit
2551 1350 2608 1404 in
2635 1349 2874 1405 introitu
2899 1355 3075 1421 porta:
3099 1352 3311 1409 domus
3332 1353 3556 1409 Domini
3577 1353 3834 1410 orientalis:

2347 1423 2416 1476 Et
2445 1421 2633 1493 gloria
2667 1421 2764 1497 Dei
2796 1422 2972 1497 Israel
3005 1429 3137 1497 erat
3157 1441 3348 1497 super,
3367 1443 3452 1492 ea,

2277 1497 2482 1566 Ipsum
2513 1497 2601 1548 est
2622 1493 2851 1566 animal
2885 1495 3040 1566 quod
3092 1495 3206 1550 vidi
3234 1493 3468 1552 'subter
3511 1504 3670 1553 Deum
3714 1497 3836 1552 Israel

2415 1566 2581 1635 juxta
2613 1564 2858 1620 fluvium
2890 1564 3120 1620 Chobar
3153 1585 3165 1622 :

2350 1641 2408 1690 et
2437 1635 2694 1692 intellexi
2725 1636 2865 1706 quia
2895 1637 3198 1693 cherubim
3233 1646 3452 1696 essent.

2279 1711 2557 1774 Quatuor,
2591 1723 2696 1778 per
2724 1713 2996 1782 quatuor,
3032 1710 3225 1766 vultus
3258 1711 3384 1782 uni,

2352 1784 2411 1834 et
2441 1783 2694 1849 quatuor
2722 1779 2827 1834 alae
2851 1780 2987 1845 uni;

2349 1855 2407 1905 et
2439 1849 2770 1906 similitudo
2803 1866 3018 1905 manus
3050 1851 3315 1910 hominis
3355 1855 3462 1910 sub
3494 1853 3592 1908 alis
3618 1869 3792 1908 eorum.

2274 1923 2340 1978 Et
2365 1920 2692 1997 similitudo
2714 1921 2981 1997 vultuum
3005 1939 3232 1994 eorum,
3254 1925 3367 1997 ipsi
3388 1925 3573 1981 vultus
3596 1942 3718 1997 quos
3731 1924 3837 1978 vide~

2414 2009 2537 2073 ram
2566 1993 2737 2073 juxta
2766 1993 3008 2049 ﬂuvium
3033 1993 3290 2073 rChobar,

2343 2069 2400 2119 et
2423 2064 2680 2141 intuitus
2733 2081 2959 2141 eorum,
2991 2072 3048 2141 et
3071 2068 3340 2141 impetus
3371 2067 3703 2141 singulorum
3742 2081 3831 2120 ante

2415 2135 2637 2208 faciem,
2656 2153 2823 2191 suam
2856 2137 3105 2208 ingredi.

2276 2206 2444 2282 (Cap._
2465 2207 2692 2282 Xl.)_Et
2715 2206 2964 2282 elevavit
2993 2227 3086 2266 me
3114 2211 3388 2282 spiritus,

2346 2284 2404 2333 et
2435 2277 2755 2353 introduxit
2776 2296 2867 2334 me
2888 2281 2956 2335 ad
2983 2277 3212 2353 portam
3239 2277 3452 2339 domus
3478 2281 3680 2338 Domini
3698 2279 3829 2336 orien-

2418 2348 2778 2422 talem,_quze
2811 2348 3050 2422 respicit
3079 2353 3225 2409 solis
3259 2361 3472 2410 ortum.

2278 2423 2349 2477 Et
2379 2421 2601 2507 ecce‘in.
2629 2420 2874 2507 introitu
2907 2420 3083 2494 portae
3113 2425 3329 2507 viginti
3357 2427 3601 2507 quinque
3627 2423 3714 2507 viri
3739 2439 3748 2476 :

2351 2497 2408 2546 et
2435 2492 2554 2546 vidi
2587 2492 2645 2546 in
2681 2495 2868 2548 medio
2901 2492 3102 2551 eorum
3133 2492 3428 2554 JEzoniam
3459 2492 3629 2553 tilium
3656 2495 3835 2560 Azur,et

2425 2563 2710 2637 Pheltiam
2744 2565 2932 2621 ﬁlium
2967 2568 3214 2637 Banaiae,

2354 2633 2649 2707 principes
2685 2637 2904 2707 populi.

2280 2705 2553 2777 Dixilque
2586 2707 2658 2760 ad
2687 2705 2779 2762 me
2811 2724 2824 2765 :

2282 2777 2393 2832 Fili
2427 2777 2706 2844 hominis,

2357 2848 2415 2903 hi
2449 2853 2588 2903 sunt
2616 2850 2724 2904 viri
2757 2849 3147 2924 quireogitant
3178 2850 3571 2924 iniquitatem,

2357 2925 2414 2976 et
2443 2924 2696 3046 trattztant
2723 2919 3039 2977 consilium
3071 2919 3400 2993 pessimum
3432 2924 3488 2978 in
3519 2919 3642 2978 urbe
3669 2923 3767 2988 ista,
3788 2919 3843 2972 di-

2429 3007 2534 3046 cen
2567 3007 2628 3046 es
2660 3008 2672 3045 :

2429 3007 2628 3046 centes
2660 3008 2672 3045 ἒ

2288 3063 2489 3118 Nonne
2519 3063 2745 3118 dudum
2774 3065 3072 3120 aedificatae
3103 3073 3251 3121 sunt
3281 3066 3528 3124 domus?

2360 3133 2480 3189 haec
2509 3137 2599 3189 est
2627 3133 2808 3204 lebes,

2359 3221 2466 3260 nos
2497 3210 2692 3260 autem
2723 3223 2948 3262 carnes.

2288 3276 2510 3332 Idcirco
2542 3277 2858 3333 vaticinare
2879 3279 2950 3333 de
2977 3275 3082 3342 eis,

2357 3347 2695 3415 vaticinare,
2725 3349 2806 3403 (ili
2838 3349 3112 3404 hominis.

2287 3419 2560 3546 Etlirruit
2586 3422 2643 3474 in
2678 3414 2769 3476 me
2799 3421 3045 3493 spiritus
3077 3416 3340 3484 Domini,
3368 3421 3423 3472 et
3452 3416 3587 3471 dixit
3611 3414 3670 3470 ad
3698 3425 3792 3466 mc:

2379 3507 2614 3546 .oauere
2644 3507 2657 3546 ε

2379 3507 2614 3562 .oquere
2644 3507 2657 3546 :

2287 3561 2419 3618 Hzec
2451 3561 2591 3618 dicit
2621 3562 2904 3618 Dominus
2937 3580 2950 3619 :

2287 3635 2381 3688 Sic
2412 3632 2590 3688 locuti
2623 3635 2788 3702 estis,
2816 3635 3028 3690 domus
3061 3632 3268 3699 Israel,

2359 3705 2963 3787 cogitationes‘cordis
2993 3705 3166 3787 vestri
3201 3719 3310 3787 ego
3344 3702 3472 3758 novi
3505 3718 3517 3755 :

2289 3775 2579 3832 Plurimos
2608 3777 2904 3832 occidistis
2937 3777 2995 3833 in
3027 3776 3170 3830 urbe
3224 3775 3358 3841 hac,

2361 3847 2428 3901 Et
2459 3847 2748 3918 impleatis
2777 3850 2902 3903 vias
2933 3849 3061 3918 ejus
3093 3845 3439 3918 interfectis.

2288 3917 2600 3990 Propterea
2631 3919 2750 3974 haec
2783 3919 2926 3974 dicit
2957 3919 3245 3990 Dominus
3285 3917 3477 3990 Deus:
3595 3982 3628 3990 υ
3718 3976 3726 3987 ,

2360 3982 2646 4061 interfecti
2679 3991 2875 4058 vestri,
2901 4006 3048 4061 quos
3078 3988 3368 4060 posuistis
3401 3987 3458 4042 in
3490 3982 3664 4040 medio
3689 3982 3796 4048 ejus,

2359 4060 2417 4114 hi
2447 4066 2591 4132 sunt
2619 4078 2845 4132 carnes,

2359 4138 2414 4186 et
2443 4131 2565 4188 haec
2593 4137 2683 4188 est
2711 4131 2868 4188 lebes
2903 4148 2916 4188 ε

2361 4206 2418 4258 et
2446 4203 2690 4259 educam
2722 4221 2823 4260 vos
2853 4205 2924 4260 de
2955 4203 3145 4259 medio
3175 4201 3332 4272 ejus.

2291 4272 2562 4329 Gladium
2597 4275 2912 4343 metuistis,
3546 4337 3576 4343 __
3634 4335 3666 4343 κ
3752 4328 3761 4338 .

2359 4349 2416 4471 est
2471 4345 2732 4418 gladium
2778 4335 3052 4402 inducam
3109 4359 3293 4416 super
3338 4356 3462 4406 vos,
3509 4337 3585 4393 ait
3633 4335 3843 4391 Dominus

2416 4433 2542 4471 eus.

2416 4433 2542 4472 6118.

2212 4473 2262 4534 D
2292 4489 2361 4542 Et
2390 4487 2621 4557 ejiciam
2653 4502 2752 4542 vos
2782 4487 2850 4557 de
2881 4485 3260 4557 medioejus,

2360 4555 2628 4628 daboque
2653 4574 2754 4613 vos
2783 4556 2857 4628 in
2876 4555 3375 4628 manuihostium,

2359 4632 2416 4683 et
2445 4625 2655 4684 faciam
2686 4629 2745 4682 in
2777 4627 2943 4684 vobis
2970 4625 3218 4697 judicia.

2290 4699 2496 4755 Gladio
2527 4699 2747 4754 cadetis
2779 4715 2794 4753 :

2357 4769 2418 4824 in
2449 4769 2666 4825 finibus
2697 4767 2873 4824 Israel
2897 4767 3174 4838 judicabo
3203 4781 3332 4834 vos,

2358 4844 2416 4895 et
2443 4839 2640 4895 scietis
2669 4839 2809 4910 quia
2836 4837 2942 4910 ego
2974 4837 3282 4910 Dominus.

2287 4910 2418 4965 Haec
2448 4927 2564 4966 non
2596 4907 2706 4965 erit
2732 4907 2988 4984 vobisin
3017 4907 3294 4984 lebetem,
3390 4974 3401 4984 .

2356 4985 2414 5036 et
2435 4997 2537 5036 vos
2569 4997 2684 5036 non
2713 4980 2880 5034 eritis
2909 4978 2969 5032 in
3001 4978 3192 5033 medio
3221 4977 3355 5045 ejus
3387 4977 3444 5028 in
3474 4980 3660 5026 carnes
3687 4977 3699 5016 :

2357 5051 2418 5106 in
2451 5051 2669 5106 finibus
2700 5049 2875 5105 Israel
2897 5048 3172 5118 judicabo
3198 5062 3328 5101 vos.

2287 5122 2356 5178 Et
2383 5121 2585 5177 scietis
2614 5119 2748 5190 quia
2775 5136 2878 5191 ego
2910 5118 3191 5192 Dominus
3227 5132 3243 5170 :
3309 5185 3322 5192 _
3394 5183 3404 5192 _
3484 5180 3518 5192 ﬂ
3610 5178 3644 5192 γ’
3688 5161 3820 5192 in“

2356 5167 3189 5264 ὦἷὶἐῖ’ῥτέξὲᾗιῖξνιξῖοῖἷῖοἶ
3204 5167 3572 5244 ambulantis,
3599 5178 3648 5230 et
3683 5167 3848 5240 judicia

2427 5261 2558 5336 mei
2587 5261 2971 5336 ειοιμῖβρίβιίει
3033 5329 3070 5336 _.
3388 5323 3401 5335 .
3502 5314 3734 5336 ..

2358 5309 3198 5402 3°53;ngIndicia-gantiam,
3221 5341 3354 5396 quas
3385 5323 3445 5378 in
3467 5314 3688 5376 circuitu
3707 5309 3847 5362 vestro

2429 5399 2592 5470 sunt,
2622 5399 2765 5458 estis
2796 5399 3042 5472 operati.

2285 5473 2357 5528 Et
2383 5468 2602 5528 factum
2633 5477 2746 5542 est,
2777 5468 2910 5526 cum
2941 5468 3374 5542 prephetarem,

2356 5543 2612 5599 Pheltias
2637 5535 2795 5598 ﬁlius
2826 5535 3066 5597 Ban'aim'
3081 5540 3349 5596 mortuus
3379 5535 3468 5587 est
3496 5544 3511 5583 :

2282 5613 2352 5668 Et
2379 5614 2556 5738 cepidi
2584 5613 2646 5669 in
2677 5613 2886 5669 faciem
2931 5625 3116 5667 meam
3149 5605 3413 5662 clamans
3442 5612 3573 5656 voce
3599 5601 3746 5658 magn

2469 5699 2546 5738 ιιι
2580 5701 2593 5738 :

2469 5699 2546 5738 IX!
2580 5701 2593 5738 ἒ

2353 5755 2505 5824 Heu,
2534 5753 2672 5824 heu,
2706 5752 2844 5818 heu,
2874 5749 3117 5807 Domine
3142 5751 3301 5803 Deus
3333 5759 3348 5798 :

3750 5598 3790 5646 ε,
3808 5581 3844 5627 et
