  <div class='ocr_page' id='page_1' title='image "/cluster/home/n/w/nwhite01/storage/ocr_20150623/28/hvd.32044052824265/558.png"; bbox 0 0 4028 6178; ppageno 0'>
   <div class='ocr_carea' id='block_1_1' title="bbox 203 216 336 270">
    <p class='ocr_par' dir='ltr' id='par_1_1' title="bbox 203 216 336 270">
     <span class='ocr_line' id='line_1_1' title="bbox 203 216 336 270; baseline -0.015 0"><span class='ocrx_word' id='word_1_1' title='bbox 203 219 222 270; x_wconf 80' lang='grc'><strong>1</strong></span> <span class='ocrx_word' id='word_1_2' title='bbox 232 216 336 269; x_wconf 85' lang='grc'>009</span> 
     </span>
    </p>
   </div>
   <div class='ocr_carea' id='block_1_2' title="bbox 258 344 1758 419">
    <p class='ocr_par' dir='ltr' id='par_1_2' title="bbox 258 344 1758 419">
     <span class='ocr_line' id='line_1_2' title="bbox 258 344 1758 419; baseline 0.007 -24"><span class='ocrx_word' id='word_1_3' title='bbox 258 344 826 419; x_wconf 83' lang='lat' dir='ltr'>consummationem</span> <span class='ocrx_word' id='word_1_4' title='bbox 864 351 925 401; x_wconf 93' lang='lat' dir='ltr'>tu</span> <span class='ocrx_word' id='word_1_5' title='bbox 958 347 1100 403; x_wconf 89' lang='lat' dir='ltr'>facis</span> <span class='ocrx_word' id='word_1_6' title='bbox 1133 349 1518 419; x_wconf 78' lang='lat' dir='ltr'>reliquiarum</span> <span class='ocrx_word' id='word_1_7' title='bbox 1558 352 1758 408; x_wconf 78' lang='lat' dir='ltr'>Israel.</span> 
     </span>
    </p>
   </div>
   <div class='ocr_carea' id='block_1_3' title="bbox 191 415 1704 491">
    <p class='ocr_par' dir='ltr' id='par_1_3' title="bbox 191 415 1704 491">
     <span class='ocr_line' id='line_1_3' title="bbox 191 415 1704 491; baseline 0.005 -22"><span class='ocrx_word' id='word_1_8' title='bbox 191 415 635 491; x_wconf 73' lang='lat' dir='ltr'>Et_fa_ctum_est</span> <span class='ocrx_word' id='word_1_9' title='bbox 663 417 908 472; x_wconf 81' lang='lat' dir='ltr'>verbum</span> <span class='ocrx_word' id='word_1_10' title='bbox 943 421 1172 476; x_wconf 84' lang='lat' dir='ltr'>Domini</span> <span class='ocrx_word' id='word_1_11' title='bbox 1208 415 1279 477; x_wconf 84' lang='lat' dir='ltr'>ad</span> <span class='ocrx_word' id='word_1_12' title='bbox 1315 439 1425 491; x_wconf 90' lang='lat' dir='ltr'>me,</span> <span class='ocrx_word' id='word_1_13' title='bbox 1459 423 1662 479; x_wconf 87' lang='lat' dir='ltr'>dicens</span> <span class='ocrx_word' id='word_1_14' title='bbox 1692 439 1704 477; x_wconf 95' lang='lat'>:</span> 
     </span>
    </p>
   </div>
   <div class='ocr_carea' id='block_1_4' title="bbox 264 485 659 541">
    <p class='ocr_par' dir='ltr' id='par_1_4' title="bbox 264 485 659 541">
     <span class='ocr_line' id='line_1_4' title="bbox 264 485 659 541; baseline 0.005 -2"><span class='ocrx_word' id='word_1_15' title='bbox 264 485 351 540; x_wconf 86' lang='lat' dir='ltr'>illi</span> <span class='ocrx_word' id='word_1_16' title='bbox 386 486 659 541; x_wconf 84' lang='lat' dir='ltr'>hominis.</span> 
     </span>
    </p>
   </div>
   <div class='ocr_carea' id='block_1_5' title="bbox 255 559 987 627">
    <p class='ocr_par' dir='ltr' id='par_1_5' title="bbox 255 559 987 627">
     <span class='ocr_line' id='line_1_5' title="bbox 255 559 987 627; baseline 0.005 -17"><span class='ocrx_word' id='word_1_17' title='bbox 255 559 466 612; x_wconf 82' lang='lat' dir='ltr'>fratres</span> <span class='ocrx_word' id='word_1_18' title='bbox 496 559 604 622; x_wconf 88' lang='lat' dir='ltr'>tui,</span> <span class='ocrx_word' id='word_1_19' title='bbox 637 560 846 614; x_wconf 81' lang='lat' dir='ltr'>fratres</span> <span class='ocrx_word' id='word_1_20' title='bbox 878 561 987 627; x_wconf 89' lang='lat' dir='ltr'>tui,</span> 
     </span>
    </p>
   </div>
   <div class='ocr_carea' id='block_1_6' title="bbox 256 628 1850 712">
    <p class='ocr_par' dir='ltr' id='par_1_6' title="bbox 256 628 1850 712">
     <span class='ocr_line' id='line_1_6' title="bbox 256 628 1850 712; baseline 0.007 -31"><span class='ocrx_word' id='word_1_21' title='bbox 256 628 366 682; x_wconf 91' lang='lat' dir='ltr'>viri</span> <span class='ocrx_word' id='word_1_22' title='bbox 400 629 714 712; x_wconf 80' lang='lat' dir='ltr'>propinqui</span> <span class='ocrx_word' id='word_1_23' title='bbox 748 631 852 699; x_wconf 91' lang='lat' dir='ltr'>tui,</span> <span class='ocrx_word' id='word_1_24' title='bbox 887 636 944 686; x_wconf 88' lang='lat' dir='ltr'>et</span> <span class='ocrx_word' id='word_1_25' title='bbox 974 634 1165 691; x_wconf 90' lang='lat' dir='ltr'>omnis</span> <span class='ocrx_word' id='word_1_26' title='bbox 1197 637 1409 692; x_wconf 89' lang='lat' dir='ltr'>domus</span> <span class='ocrx_word' id='word_1_27' title='bbox 1440 637 1641 708; x_wconf 81' lang='lat' dir='ltr'>Israel,</span> <span class='ocrx_word' id='word_1_28' title='bbox 1717 637 1850 694; x_wconf 90' lang='lat' dir='ltr'>uni-</span> 
     </span>
    </p>
   </div>
   <div class='ocr_carea' id='block_1_7' title="bbox 329 716 506 768">
    <p class='ocr_par' dir='ltr' id='par_1_7' title="bbox 329 716 506 768">
     <span class='ocr_line' id='line_1_7' title="bbox 329 716 506 768; baseline 0.011 -15"><span class='ocrx_word' id='word_1_29' title='bbox 329 716 480 755; x_wconf 70' lang='grc' dir='ltr'>νει-ει</span> <span class='ocrx_word' id='word_1_30' title='bbox 493 743 506 768; x_wconf 90' lang='grc'><strong><em>,</em></strong></span> 
     </span>
    </p>
   </div>
   <div class='ocr_carea' id='block_1_8' title="bbox 259 771 1578 843">
    <p class='ocr_par' dir='ltr' id='par_1_8' title="bbox 259 771 1578 843">
     <span class='ocr_line' id='line_1_8' title="bbox 259 771 1578 843; baseline 0.008 -18"><span class='ocrx_word' id='word_1_31' title='bbox 259 771 479 843; x_wconf 88' lang='lat' dir='ltr'>quibus</span> <span class='ocrx_word' id='word_1_32' title='bbox 510 772 779 828; x_wconf 83' lang='lat' dir='ltr'>dixerunt</span> <span class='ocrx_word' id='word_1_33' title='bbox 812 774 1170 833; x_wconf 79' lang='lat' dir='ltr'>habitatores</span> <span class='ocrx_word' id='word_1_34' title='bbox 1200 778 1528 835; x_wconf 80' lang='lat' dir='ltr'>Jerusalem</span> <span class='ocrx_word' id='word_1_35' title='bbox 1565 797 1578 836; x_wconf 87' lang='lat'>:</span> 
     </span>
    </p>
   </div>
   <div class='ocr_carea' id='block_1_9' title="bbox 183 843 1019 915">
    <p class='ocr_par' dir='ltr' id='par_1_9' title="bbox 183 843 1019 915">
     <span class='ocr_line' id='line_1_9' title="bbox 183 843 1019 915; baseline 0.006 -17"><span class='ocrx_word' id='word_1_36' title='bbox 183 843 392 915; x_wconf 9' lang='lat' dir='ltr'>Longe,</span> <span class='ocrx_word' id='word_1_37' title='bbox 415 844 662 899; x_wconf 86' lang='lat' dir='ltr'>recedite</span> <span class='ocrx_word' id='word_1_38' title='bbox 693 861 726 900; x_wconf 89' lang='lat' dir='ltr'>a</span> <span class='ocrx_word' id='word_1_39' title='bbox 750 845 1019 915; x_wconf 90' lang='lat' dir='ltr'>Domino,</span> 
     </span>
    </p>
   </div>
   <div class='ocr_carea' id='block_1_10' title="bbox 257 914 1484 991">
    <p class='ocr_par' dir='ltr' id='par_1_10' title="bbox 257 914 1484 991">
     <span class='ocr_line' id='line_1_10' title="bbox 257 914 1484 991; baseline 0.008 -23"><span class='ocrx_word' id='word_1_40' title='bbox 257 914 433 970; x_wconf 77' lang='lat' dir='ltr'>nabis</span> <span class='ocrx_word' id='word_1_41' title='bbox 464 916 601 991; x_wconf 79' lang='lat' dir='ltr'>data</span> <span class='ocrx_word' id='word_1_42' title='bbox 631 923 900 991; x_wconf 62' lang='lat' dir='ltr'>estterra</span> <span class='ocrx_word' id='word_1_43' title='bbox 931 920 990 974; x_wconf 90' lang='lat' dir='ltr'>in</span> <span class='ocrx_word' id='word_1_44' title='bbox 1025 921 1484 991; x_wconf 86' lang='lat' dir='ltr'>possessionem.</span> 
     </span>
    </p>
   </div>
   <div class='ocr_carea' id='block_1_11' title="bbox 183 987 1348 1058">
    <p class='ocr_par' dir='ltr' id='par_1_11' title="bbox 183 987 1348 1058">
     <span class='ocr_line' id='line_1_11' title="bbox 183 987 1348 1058; baseline 0.007 -18"><span class='ocrx_word' id='word_1_45' title='bbox 183 990 504 1058; x_wconf 80' lang='lat' dir='ltr'>Pi-Opterea</span> <span class='ocrx_word' id='word_1_46' title='bbox 533 987 654 1042; x_wconf 73' lang='lat' dir='ltr'>haec</span> <span class='ocrx_word' id='word_1_47' title='bbox 688 989 829 1043; x_wconf 83' lang='lat' dir='ltr'>dicit</span> <span class='ocrx_word' id='word_1_48' title='bbox 854 987 1140 1046; x_wconf 74' lang='lat' dir='ltr'>Dominus</span> <span class='ocrx_word' id='word_1_49' title='bbox 1172 992 1348 1058; x_wconf 87' lang='lat' dir='ltr'>Deus,</span> 
     </span>
    </p>
   </div>
   <div class='ocr_carea' id='block_1_12' title="bbox 253 1058 1276 1133">
    <p class='ocr_par' dir='ltr' id='par_1_12' title="bbox 253 1058 1276 1133">
     <span class='ocr_line' id='line_1_12' title="bbox 253 1058 1276 1133; baseline 0.009 -22"><span class='ocrx_word' id='word_1_50' title='bbox 253 1058 399 1129; x_wconf 84' lang='lat' dir='ltr'>quia</span> <span class='ocrx_word' id='word_1_51' title='bbox 428 1059 598 1133; x_wconf 78' lang='lat' dir='ltr'>longe</span> <span class='ocrx_word' id='word_1_52' title='bbox 630 1059 866 1133; x_wconf 80' lang='lat' dir='ltr'>fecieos</span> <span class='ocrx_word' id='word_1_53' title='bbox 893 1061 949 1116; x_wconf 90' lang='lat' dir='ltr'>in</span> <span class='ocrx_word' id='word_1_54' title='bbox 977 1063 1276 1133; x_wconf 86' lang='lat' dir='ltr'>gentibus,</span> 
     </span>
    </p>
   </div>
   <div class='ocr_carea' id='block_1_13' title="bbox 250 1130 1709 1205">
    <p class='ocr_par' dir='ltr' id='par_1_13' title="bbox 250 1130 1709 1205">
     <span class='ocr_line' id='line_1_13' title="bbox 250 1130 1709 1205; baseline 0.004 -21"><span class='ocrx_word' id='word_1_55' title='bbox 250 1134 312 1185; x_wconf 88' lang='lat' dir='ltr'>et</span> <span class='ocrx_word' id='word_1_56' title='bbox 340 1130 480 1205; x_wconf 76' lang='lat' dir='ltr'>quia</span> <span class='ocrx_word' id='word_1_57' title='bbox 511 1131 763 1205; x_wconf 79' lang='lat' dir='ltr'>dispersi</span> <span class='ocrx_word' id='word_1_58' title='bbox 794 1133 898 1204; x_wconf 77' lang='lat' dir='ltr'>(Al.</span> <span class='ocrx_word' id='word_1_59' title='bbox 939 1130 1239 1205; x_wconf 70' lang='lat' dir='ltr'>dissipavi)</span> <span class='ocrx_word' id='word_1_60' title='bbox 1269 1152 1366 1190; x_wconf 87' lang='lat' dir='ltr'>eos</span> <span class='ocrx_word' id='word_1_61' title='bbox 1399 1135 1456 1189; x_wconf 91' lang='lat' dir='ltr'>in</span> <span class='ocrx_word' id='word_1_62' title='bbox 1489 1135 1660 1190; x_wconf 88' lang='lat' dir='ltr'>torris</span> <span class='ocrx_word' id='word_1_63' title='bbox 1696 1152 1709 1190; x_wconf 90' lang='lat'>:</span> 
     </span>
    </p>
   </div>
   <div class='ocr_carea' id='block_1_14' title="bbox 173 1202 1800 1278">
    <p class='ocr_par' dir='ltr' id='par_1_14' title="bbox 173 1202 1800 1278">
     <span class='ocr_line' id='line_1_14' title="bbox 173 1202 1800 1278; baseline 0.004 -22"><span class='ocrx_word' id='word_1_64' title='bbox 173 1202 290 1257; x_wconf 87' lang='lat' dir='ltr'>Ero</span> <span class='ocrx_word' id='word_1_65' title='bbox 321 1203 406 1256; x_wconf 89' lang='lat' dir='ltr'>eis</span> <span class='ocrx_word' id='word_1_66' title='bbox 438 1202 498 1256; x_wconf 89' lang='lat' dir='ltr'>in</span> <span class='ocrx_word' id='word_1_67' title='bbox 532 1202 1052 1278; x_wconf 14' lang='lat' dir='ltr'>sanctiﬁcartionem</span> <span class='ocrx_word' id='word_1_68' title='bbox 1087 1202 1375 1262; x_wconf 81' lang='lat' dir='ltr'>modicam</span> <span class='ocrx_word' id='word_1_69' title='bbox 1408 1207 1468 1261; x_wconf 89' lang='lat' dir='ltr'>in</span> <span class='ocrx_word' id='word_1_70' title='bbox 1504 1209 1697 1278; x_wconf 88' lang='lat' dir='ltr'>terris,</span> <span class='ocrx_word' id='word_1_71' title='bbox 1731 1209 1800 1262; x_wconf 90' lang='lat' dir='ltr'>ad</span> 
     </span>
    </p>
   </div>
   <div class='ocr_carea' id='block_1_15' title="bbox 323 1276 1263 1350">
    <p class='ocr_par' dir='ltr' id='par_1_15' title="bbox 323 1276 1263 1350">
     <span class='ocr_line' id='line_1_15' title="bbox 323 1276 1263 1350; baseline 0.006 -23"><span class='ocrx_word' id='word_1_72' title='bbox 323 1289 472 1344; x_wconf 89' lang='lat' dir='ltr'>quas</span> <span class='ocrx_word' id='word_1_73' title='bbox 503 1279 786 1350; x_wconf 79' lang='lat' dir='ltr'>venerunt</span> <span class='ocrx_word' id='word_1_74' title='bbox 819 1276 926 1347; x_wconf 84' lang='lat' dir='ltr'>(Al.</span> <span class='ocrx_word' id='word_1_75' title='bbox 959 1277 1263 1350; x_wconf 82' lang='lat' dir='ltr'>venerint).</span> 
     </span>
    </p>
   </div>
   <div class='ocr_carea' id='block_1_16' title="bbox 169 1343 805 1416">
    <p class='ocr_par' dir='ltr' id='par_1_16' title="bbox 169 1343 805 1416">
     <span class='ocr_line' id='line_1_16' title="bbox 169 1343 805 1416; baseline 0.003 -18"><span class='ocrx_word' id='word_1_76' title='bbox 169 1343 492 1416; x_wconf 77' lang='lat' dir='ltr'>Propterea</span> <span class='ocrx_word' id='word_1_77' title='bbox 522 1343 758 1416; x_wconf 89' lang='lat' dir='ltr'>loquere</span> <span class='ocrx_word' id='word_1_78' title='bbox 792 1362 805 1399; x_wconf 92' lang='lat'>:</span> 
     </span>
    </p>
   </div>
   <div class='ocr_carea' id='block_1_17' title="bbox 168 1416 1022 1474">
    <p class='ocr_par' dir='ltr' id='par_1_17' title="bbox 168 1416 1022 1474">
     <span class='ocr_line' id='line_1_17' title="bbox 168 1416 1022 1474; baseline 0.002 -2"><span class='ocrx_word' id='word_1_79' title='bbox 168 1421 310 1472; x_wconf 79' lang='lat' dir='ltr'>Haec</span> <span class='ocrx_word' id='word_1_80' title='bbox 342 1416 482 1470; x_wconf 87' lang='lat' dir='ltr'>dicit</span> <span class='ocrx_word' id='word_1_81' title='bbox 516 1417 795 1472; x_wconf 83' lang='lat' dir='ltr'>Dominus</span> <span class='ocrx_word' id='word_1_82' title='bbox 826 1423 981 1474; x_wconf 87' lang='lat' dir='ltr'>Deus</span> <span class='ocrx_word' id='word_1_83' title='bbox 1010 1437 1022 1474; x_wconf 90' lang='lat'><strong>:</strong></span> 
     </span>
    </p>
   </div>
   <div class='ocr_carea' id='block_1_18' title="bbox 167 1488 1074 1562">
    <p class='ocr_par' dir='ltr' id='par_1_18' title="bbox 167 1488 1074 1562">
     <span class='ocr_line' id='line_1_18' title="bbox 167 1488 1074 1562; baseline 0.004 -20"><span class='ocrx_word' id='word_1_84' title='bbox 167 1488 556 1562; x_wconf 81' lang='lat' dir='ltr'>Congregabo</span> <span class='ocrx_word' id='word_1_85' title='bbox 588 1505 689 1562; x_wconf 83' lang='lat' dir='ltr'>vos</span> <span class='ocrx_word' id='word_1_86' title='bbox 719 1491 789 1544; x_wconf 92' lang='lat' dir='ltr'>de</span> <span class='ocrx_word' id='word_1_87' title='bbox 819 1491 1074 1562; x_wconf 88' lang='lat' dir='ltr'>populis,</span> 
     </span>
    </p>
   </div>
   <div class='ocr_carea' id='block_1_19' title="bbox 243 1560 1724 1634">
    <p class='ocr_par' dir='ltr' id='par_1_19' title="bbox 243 1560 1724 1634">
     <span class='ocr_line' id='line_1_19' title="bbox 243 1560 1724 1634; baseline 0.002 -20"><span class='ocrx_word' id='word_1_88' title='bbox 243 1565 308 1634; x_wconf 83' lang='lat' dir='ltr'>et</span> <span class='ocrx_word' id='word_1_89' title='bbox 331 1560 708 1634; x_wconf 78' lang='lat' dir='ltr'>adunabode</span> <span class='ocrx_word' id='word_1_90' title='bbox 742 1560 914 1634; x_wconf 81' lang='lat' dir='ltr'>terris</span> <span class='ocrx_word' id='word_1_91' title='bbox 940 1562 997 1615; x_wconf 90' lang='lat' dir='ltr'>in</span> <span class='ocrx_word' id='word_1_92' title='bbox 1031 1561 1246 1634; x_wconf 86' lang='lat' dir='ltr'>quibus</span> <span class='ocrx_word' id='word_1_93' title='bbox 1279 1561 1528 1634; x_wconf 86' lang='lat' dir='ltr'>dispersi</span> <span class='ocrx_word' id='word_1_94' title='bbox 1560 1561 1724 1630; x_wconf 89' lang='lat' dir='ltr'>estis,</span> 
     </span>
    </p>
   </div>
   <div class='ocr_carea' id='block_1_20' title="bbox 243 1631 1225 1702">
    <p class='ocr_par' dir='ltr' id='par_1_20' title="bbox 243 1631 1225 1702">
     <span class='ocr_line' id='line_1_20' title="bbox 243 1631 1225 1702; baseline 0.003 -18"><span class='ocrx_word' id='word_1_95' title='bbox 243 1631 521 1702; x_wconf 88' lang='lat' dir='ltr'>daboque</span> <span class='ocrx_word' id='word_1_96' title='bbox 548 1632 712 1686; x_wconf 92' lang='lat' dir='ltr'>vobis</span> <span class='ocrx_word' id='word_1_97' title='bbox 745 1632 993 1688; x_wconf 88' lang='lat' dir='ltr'>humum</span> <span class='ocrx_word' id='word_1_98' title='bbox 1027 1631 1225 1689; x_wconf 82' lang='lat' dir='ltr'>Israel.</span> 
     </span>
    </p>
   </div>
   <div class='ocr_carea' id='block_1_21' title="bbox 167 1703 904 1774">
    <p class='ocr_par' dir='ltr' id='par_1_21' title="bbox 167 1703 904 1774">
     <span class='ocr_line' id='line_1_21' title="bbox 167 1703 904 1774; baseline 0.001 -15"><span class='ocrx_word' id='word_1_99' title='bbox 167 1708 240 1759; x_wconf 86' lang='lat' dir='ltr'>Et</span> <span class='ocrx_word' id='word_1_100' title='bbox 273 1703 688 1774; x_wconf 88' lang='lat' dir='ltr'>ingredientur</span> <span class='ocrx_word' id='word_1_101' title='bbox 718 1703 858 1760; x_wconf 87' lang='lat' dir='ltr'>illuc</span> <span class='ocrx_word' id='word_1_102' title='bbox 891 1721 904 1759; x_wconf 89' lang='lat'><strong>:</strong></span> 
     </span>
    </p>
   </div>
   <div class='ocr_carea' id='block_1_22' title="bbox 241 1775 1830 1848">
    <p class='ocr_par' dir='ltr' id='par_1_22' title="bbox 241 1775 1830 1848">
     <span class='ocr_line' id='line_1_22' title="bbox 241 1775 1830 1848; baseline 0.001 -19"><span class='ocrx_word' id='word_1_103' title='bbox 241 1782 300 1829; x_wconf 90' lang='lat' dir='ltr'>et</span> <span class='ocrx_word' id='word_1_104' title='bbox 326 1775 594 1848; x_wconf 81' lang='lat' dir='ltr'>auferent</span> <span class='ocrx_word' id='word_1_105' title='bbox 613 1791 815 1831; x_wconf 89' lang='lat' dir='ltr'>omnes</span> <span class='ocrx_word' id='word_1_106' title='bbox 840 1776 1579 1848; x_wconf 76' lang='lat' dir='ltr'>offensiones,cunctasque</span> <span class='ocrx_word' id='word_1_107' title='bbox 1601 1776 1830 1831; x_wconf 89' lang='lat' dir='ltr'>abomi-</span> 
     </span>
    </p>
   </div>
   <div class='ocr_carea' id='block_1_23' title="bbox 324 1847 1489 1917">
    <p class='ocr_par' dir='ltr' id='par_1_23' title="bbox 324 1847 1489 1917">
     <span class='ocr_line' id='line_1_23' title="bbox 324 1847 1489 1917; baseline 0.004 -19"><span class='ocrx_word' id='word_1_108' title='bbox 324 1847 590 1900; x_wconf 88' lang='lat' dir='ltr'>nationes</span> <span class='ocrx_word' id='word_1_109' title='bbox 621 1849 746 1916; x_wconf 88' lang='lat' dir='ltr'>ejus</span> <span class='ocrx_word' id='word_1_110' title='bbox 778 1847 884 1917; x_wconf 84' lang='lat' dir='ltr'>(AI.</span> <span class='ocrx_word' id='word_1_111' title='bbox 916 1853 1056 1902; x_wconf 78' lang='lat' dir='ltr'>tacet</span> <span class='ocrx_word' id='word_1_112' title='bbox 1085 1848 1234 1917; x_wconf 81' lang='lat' dir='ltr'>ejus)</span> <span class='ocrx_word' id='word_1_113' title='bbox 1265 1849 1334 1902; x_wconf 92' lang='lat' dir='ltr'>de</span> <span class='ocrx_word' id='word_1_114' title='bbox 1365 1847 1489 1904; x_wconf 87' lang='lat' dir='ltr'>illa.</span> 
     </span>
    </p>
   </div>
   <div class='ocr_carea' id='block_1_24' title="bbox 164 1917 881 1972">
    <p class='ocr_par' dir='ltr' id='par_1_24' title="bbox 164 1917 881 1972">
     <span class='ocr_line' id='line_1_24' title="bbox 164 1917 881 1972; baseline 0 0"><span class='ocrx_word' id='word_1_115' title='bbox 164 1918 235 1972; x_wconf 86' lang='lat' dir='ltr'>Et</span> <span class='ocrx_word' id='word_1_116' title='bbox 268 1917 427 1972; x_wconf 74' lang='lat' dir='ltr'>dabo</span> <span class='ocrx_word' id='word_1_117' title='bbox 455 1917 539 1972; x_wconf 90' lang='lat' dir='ltr'>eis</span> <span class='ocrx_word' id='word_1_118' title='bbox 568 1934 667 1972; x_wconf 91' lang='lat' dir='ltr'>cor</span> <span class='ocrx_word' id='word_1_119' title='bbox 699 1935 881 1972; x_wconf 88' lang='lat' dir='ltr'>unum</span> 
     </span>
    </p>
   </div>
   <div class='ocr_carea' id='block_1_25' title="bbox 235 1988 1826 2060">
    <p class='ocr_par' dir='ltr' id='par_1_25' title="bbox 235 1988 1826 2060">
     <span class='ocr_line' id='line_1_25' title="bbox 235 1988 1826 2060; baseline 0.002 -16"><span class='ocrx_word' id='word_1_120' title='bbox 235 1994 301 2044; x_wconf 86' lang='lat' dir='ltr'>et</span> <span class='ocrx_word' id='word_1_121' title='bbox 334 1989 610 2060; x_wconf 88' lang='lat' dir='ltr'>spiritum</span> <span class='ocrx_word' id='word_1_122' title='bbox 643 2006 857 2045; x_wconf 83' lang='lat' dir='ltr'>novum</span> <span class='ocrx_word' id='word_1_123' title='bbox 892 1988 1144 2045; x_wconf 88' lang='lat' dir='ltr'>tribuam</span> <span class='ocrx_word' id='word_1_124' title='bbox 1166 1990 1224 2044; x_wconf 93' lang='lat' dir='ltr'>in</span> <span class='ocrx_word' id='word_1_125' title='bbox 1244 1989 1570 2046; x_wconf 85' lang='lat' dir='ltr'>visceribus</span> <span class='ocrx_word' id='word_1_126' title='bbox 1601 2005 1826 2048; x_wconf 86' lang='lat' dir='ltr'>eorum:</span> 
     </span>
    </p>
   </div>
   <div class='ocr_carea' id='block_1_26' title="bbox 162 2061 1558 2132">
    <p class='ocr_par' dir='ltr' id='par_1_26' title="bbox 162 2061 1558 2132">
     <span class='ocr_line' id='line_1_26' title="bbox 162 2061 1558 2132; baseline 0.001 -16"><span class='ocrx_word' id='word_1_127' title='bbox 162 2061 238 2116; x_wconf 86' lang='lat' dir='ltr'>Et</span> <span class='ocrx_word' id='word_1_128' title='bbox 269 2061 540 2115; x_wconf 85' lang='lat' dir='ltr'>auferam</span> <span class='ocrx_word' id='word_1_129' title='bbox 575 2077 673 2115; x_wconf 89' lang='lat' dir='ltr'>cor</span> <span class='ocrx_word' id='word_1_130' title='bbox 701 2061 995 2132; x_wconf 89' lang='lat' dir='ltr'>lapideum</span> <span class='ocrx_word' id='word_1_131' title='bbox 1029 2063 1100 2117; x_wconf 86' lang='lat' dir='ltr'>de</span> <span class='ocrx_word' id='word_1_132' title='bbox 1130 2076 1304 2118; x_wconf 81' lang='lat' dir='ltr'>Carne</span> <span class='ocrx_word' id='word_1_133' title='bbox 1334 2077 1558 2130; x_wconf 90' lang='lat' dir='ltr'>eorum,</span> 
     </span>
    </p>
   </div>
   <div class='ocr_carea' id='block_1_27' title="bbox 238 2132 1086 2188">
    <p class='ocr_par' dir='ltr' id='par_1_27' title="bbox 238 2132 1086 2188">
     <span class='ocr_line' id='line_1_27' title="bbox 238 2132 1086 2188; baseline 0.001 -2"><span class='ocrx_word' id='word_1_134' title='bbox 238 2136 305 2186; x_wconf 82' lang='lat' dir='ltr'>et</span> <span class='ocrx_word' id='word_1_135' title='bbox 335 2132 489 2186; x_wconf 89' lang='lat' dir='ltr'>dabo</span> <span class='ocrx_word' id='word_1_136' title='bbox 520 2132 602 2187; x_wconf 90' lang='lat' dir='ltr'>eis</span> <span class='ocrx_word' id='word_1_137' title='bbox 633 2149 732 2188; x_wconf 94' lang='lat' dir='ltr'>cor</span> <span class='ocrx_word' id='word_1_138' title='bbox 763 2149 1037 2188; x_wconf 87' lang='lat' dir='ltr'>carneum</span> <span class='ocrx_word' id='word_1_139' title='bbox 1073 2150 1086 2187; x_wconf 92' lang='lat'>:</span> 
     </span>
    </p>
   </div>
   <div class='ocr_carea' id='block_1_28' title="bbox 165 2203 1212 2275">
    <p class='ocr_par' dir='ltr' id='par_1_28' title="bbox 165 2203 1212 2275">
     <span class='ocr_line' id='line_1_28' title="bbox 165 2203 1212 2275; baseline -0.002 -16"><span class='ocrx_word' id='word_1_140' title='bbox 165 2203 236 2259; x_wconf 87' lang='lat' dir='ltr'>Ut</span> <span class='ocrx_word' id='word_1_141' title='bbox 266 2203 334 2256; x_wconf 87' lang='lat' dir='ltr'>in</span> <span class='ocrx_word' id='word_1_142' title='bbox 367 2204 675 2275; x_wconf 73' lang='lat' dir='ltr'>prazceptis</span> <span class='ocrx_word' id='word_1_143' title='bbox 709 2205 856 2260; x_wconf 89' lang='lat' dir='ltr'>meis</span> <span class='ocrx_word' id='word_1_144' title='bbox 887 2205 1212 2271; x_wconf 86' lang='lat' dir='ltr'>ambulent,</span> 
     </span>
    </p>
   </div>
   <div class='ocr_carea' id='block_1_29' title="bbox 230 2275 1575 2347">
    <p class='ocr_par' dir='ltr' id='par_1_29' title="bbox 230 2275 1575 2347">
     <span class='ocr_line' id='line_1_29' title="bbox 230 2275 1575 2347; baseline 0.001 -19"><span class='ocrx_word' id='word_1_145' title='bbox 230 2282 291 2329; x_wconf 87' lang='lat' dir='ltr'>et</span> <span class='ocrx_word' id='word_1_146' title='bbox 315 2275 546 2347; x_wconf 85' lang='lat' dir='ltr'>judicia</span> <span class='ocrx_word' id='word_1_147' title='bbox 579 2292 707 2330; x_wconf 87' lang='lat' dir='ltr'>mea</span> <span class='ocrx_word' id='word_1_148' title='bbox 737 2276 1092 2346; x_wconf 83' lang='lat' dir='ltr'>custodiant,</span> <span class='ocrx_word' id='word_1_149' title='bbox 1127 2275 1457 2347; x_wconf 83' lang='lat' dir='ltr'>faciantque</span> <span class='ocrx_word' id='word_1_150' title='bbox 1487 2290 1575 2343; x_wconf 92' lang='lat' dir='ltr'>ea,</span> 
     </span>
    </p>
   </div>
   <div class='ocr_carea' id='block_1_30' title="bbox 165 2346 1004 2419">
    <p class='ocr_par' dir='ltr' id='par_1_30' title="bbox 165 2346 1004 2419">
     <span class='ocr_line' id='line_1_30' title="bbox 165 2346 1004 2419; baseline -0.002 -17"><span class='ocrx_word' id='word_1_151' title='bbox 165 2347 231 2402; x_wconf 88' lang='lat' dir='ltr'>Et</span> <span class='ocrx_word' id='word_1_152' title='bbox 263 2347 394 2401; x_wconf 86' lang='lat' dir='ltr'>sint</span> <span class='ocrx_word' id='word_1_153' title='bbox 425 2346 570 2419; x_wconf 85' lang='lat' dir='ltr'>mihi</span> <span class='ocrx_word' id='word_1_154' title='bbox 603 2348 662 2419; x_wconf 86' lang='lat' dir='ltr'>in</span> <span class='ocrx_word' id='word_1_155' title='bbox 697 2349 1004 2419; x_wconf 89' lang='lat' dir='ltr'>populum,</span> 
     </span>
    </p>
   </div>
   <div class='ocr_carea' id='block_1_31' title="bbox 232 2417 1027 2489">
    <p class='ocr_par' dir='ltr' id='par_1_31' title="bbox 232 2417 1027 2489">
     <span class='ocr_line' id='line_1_31' title="bbox 232 2417 1027 2489; baseline 0 -17"><span class='ocrx_word' id='word_1_156' title='bbox 232 2424 298 2472; x_wconf 92' lang='lat' dir='ltr'>et</span> <span class='ocrx_word' id='word_1_157' title='bbox 330 2433 440 2489; x_wconf 87' lang='lat' dir='ltr'>ego</span> <span class='ocrx_word' id='word_1_158' title='bbox 475 2418 584 2472; x_wconf 91' lang='lat' dir='ltr'>sim</span> <span class='ocrx_word' id='word_1_159' title='bbox 613 2417 790 2474; x_wconf 81' lang='lat' dir='ltr'>eisin</span> <span class='ocrx_word' id='word_1_160' title='bbox 820 2419 1027 2474; x_wconf 91' lang='lat' dir='ltr'>Deum.</span> 
     </span>
    </p>
   </div>
   <div class='ocr_carea' id='block_1_32' title="bbox 161 2489 1825 2561">
    <p class='ocr_par' dir='ltr' id='par_1_32' title="bbox 161 2489 1825 2561">
     <span class='ocr_line' id='line_1_32' title="bbox 161 2489 1825 2561; baseline -0.001 -16"><span class='ocrx_word' id='word_1_161' title='bbox 161 2491 434 2561; x_wconf 87' lang='lat' dir='ltr'>Quorum</span> <span class='ocrx_word' id='word_1_162' title='bbox 460 2506 557 2544; x_wconf 88' lang='lat' dir='ltr'>cor</span> <span class='ocrx_word' id='word_1_163' title='bbox 578 2495 709 2561; x_wconf 89' lang='lat' dir='ltr'>post</span> <span class='ocrx_word' id='word_1_164' title='bbox 731 2489 1079 2546; x_wconf 78' lang='lat' dir='ltr'>offendicula</span> <span class='ocrx_word' id='word_1_165' title='bbox 1102 2493 1160 2544; x_wconf 89' lang='lat' dir='ltr'>et</span> <span class='ocrx_word' id='word_1_166' title='bbox 1186 2489 1654 2545; x_wconf 87' lang='lat' dir='ltr'>abominationes</span> <span class='ocrx_word' id='word_1_167' title='bbox 1685 2505 1825 2545; x_wconf 88' lang='lat' dir='ltr'>suas</span> 
     </span>
    </p>
   </div>
   <div class='ocr_carea' id='block_1_33' title="bbox 318 2560 600 2628">
    <p class='ocr_par' dir='ltr' id='par_1_33' title="bbox 318 2560 600 2628">
     <span class='ocr_line' id='line_1_33' title="bbox 318 2560 600 2628; baseline 0 -13"><span class='ocrx_word' id='word_1_168' title='bbox 318 2560 600 2628; x_wconf 83' lang='lat' dir='ltr'>ambulat,</span> 
     </span>
    </p>
   </div>
   <div class='ocr_carea' id='block_1_34' title="bbox 230 2632 1386 2705">
    <p class='ocr_par' dir='ltr' id='par_1_34' title="bbox 230 2632 1386 2705">
     <span class='ocr_line' id='line_1_34' title="bbox 230 2632 1386 2705; baseline 0 -17"><span class='ocrx_word' id='word_1_169' title='bbox 230 2633 456 2688; x_wconf 86' lang='lat' dir='ltr'>horum</span> <span class='ocrx_word' id='word_1_170' title='bbox 490 2632 640 2689; x_wconf 85' lang='lat' dir='ltr'>viam</span> <span class='ocrx_word' id='word_1_171' title='bbox 673 2634 732 2688; x_wconf 89' lang='lat' dir='ltr'>in</span> <span class='ocrx_word' id='word_1_172' title='bbox 765 2633 953 2704; x_wconf 85' lang='lat' dir='ltr'>capite</span> <span class='ocrx_word' id='word_1_173' title='bbox 983 2649 1091 2690; x_wconf 90' lang='lat' dir='ltr'>suo</span> <span class='ocrx_word' id='word_1_174' title='bbox 1123 2647 1335 2705; x_wconf 87' lang='lat' dir='ltr'>ponam</span> <span class='ocrx_word' id='word_1_175' title='bbox 1369 2648 1386 2688; x_wconf 88' lang='lat'><strong>:</strong></span> 
     </span>
    </p>
   </div>
   <div class='ocr_carea' id='block_1_35' title="bbox 233 2705 908 2760">
    <p class='ocr_par' dir='ltr' id='par_1_35' title="bbox 233 2705 908 2760">
     <span class='ocr_line' id='line_1_35' title="bbox 233 2705 908 2760; baseline -0.001 0"><span class='ocrx_word' id='word_1_176' title='bbox 233 2705 390 2760; x_wconf 81' lang='lat' dir='ltr'>dicit</span> <span class='ocrx_word' id='word_1_177' title='bbox 425 2705 702 2759; x_wconf 90' lang='lat' dir='ltr'>Dominus</span> <span class='ocrx_word' id='word_1_178' title='bbox 737 2709 908 2760; x_wconf 89' lang='lat' dir='ltr'>Deus.</span> 
     </span>
    </p>
   </div>
   <div class='ocr_carea' id='block_1_36' title="bbox 162 2774 1822 2834">
    <p class='ocr_par' dir='ltr' id='par_1_36' title="bbox 162 2774 1822 2834">
     <span class='ocr_line' id='line_1_36' title="bbox 162 2774 1822 2834; baseline -0.002 -1"><span class='ocrx_word' id='word_1_179' title='bbox 162 2778 228 2834; x_wconf 85' lang='lat' dir='ltr'>Et</span> <span class='ocrx_word' id='word_1_180' title='bbox 258 2776 646 2833; x_wconf 87' lang='lat' dir='ltr'>elevaverunt</span> <span class='ocrx_word' id='word_1_181' title='bbox 677 2775 958 2832; x_wconf 91' lang='lat' dir='ltr'>cherubin</span> <span class='ocrx_word' id='word_1_182' title='bbox 990 2775 1114 2831; x_wconf 86' lang='lat' dir='ltr'>alas</span> <span class='ocrx_word' id='word_1_183' title='bbox 1144 2792 1284 2831; x_wconf 88' lang='lat' dir='ltr'>suas</span> <span class='ocrx_word' id='word_1_184' title='bbox 1305 2779 1361 2830; x_wconf 87' lang='lat' dir='ltr'>et</span> <span class='ocrx_word' id='word_1_185' title='bbox 1383 2777 1517 2830; x_wconf 74' lang='lat' dir='ltr'>rotaa</span> <span class='ocrx_word' id='word_1_186' title='bbox 1547 2790 1680 2829; x_wconf 86' lang='lat' dir='ltr'>cum</span> <span class='ocrx_word' id='word_1_187' title='bbox 1707 2774 1822 2830; x_wconf 79' lang='lat' dir='ltr'>eis:</span> 
     </span>
    </p>
   </div>
   <div class='ocr_carea' id='block_1_37' title="bbox 233 2847 1340 2919">
    <p class='ocr_par' dir='ltr' id='par_1_37' title="bbox 233 2847 1340 2919">
     <span class='ocr_line' id='line_1_37' title="bbox 233 2847 1340 2919; baseline -0.004 -15"><span class='ocrx_word' id='word_1_188' title='bbox 233 2854 300 2904; x_wconf 92' lang='lat' dir='ltr'>et</span> <span class='ocrx_word' id='word_1_189' title='bbox 333 2847 522 2918; x_wconf 84' lang='lat' dir='ltr'>gloria</span> <span class='ocrx_word' id='word_1_190' title='bbox 551 2847 651 2903; x_wconf 89' lang='lat' dir='ltr'>Dei</span> <span class='ocrx_word' id='word_1_191' title='bbox 684 2847 859 2903; x_wconf 88' lang='lat' dir='ltr'>Israel</span> <span class='ocrx_word' id='word_1_192' title='bbox 895 2853 1018 2902; x_wconf 90' lang='lat' dir='ltr'>erat</span> <span class='ocrx_word' id='word_1_193' title='bbox 1048 2864 1226 2919; x_wconf 89' lang='lat' dir='ltr'>super</span> <span class='ocrx_word' id='word_1_194' title='bbox 1254 2864 1340 2901; x_wconf 90' lang='lat' dir='ltr'>ea.</span> 
     </span>
    </p>
   </div>
   <div class='ocr_carea' id='block_1_38' title="bbox 158 2916 1631 2989">
    <p class='ocr_par' dir='ltr' id='par_1_38' title="bbox 158 2916 1631 2989">
     <span class='ocr_line' id='line_1_38' title="bbox 158 2916 1631 2989; baseline -0.005 -12"><span class='ocrx_word' id='word_1_195' title='bbox 158 2926 228 2977; x_wconf 84' lang='lat' dir='ltr'>Et</span> <span class='ocrx_word' id='word_1_196' title='bbox 263 2916 540 2974; x_wconf 74' lang='lat' dir='ltr'>ascendit</span> <span class='ocrx_word' id='word_1_197' title='bbox 569 2919 752 2989; x_wconf 82' lang='lat' dir='ltr'>gloria</span> <span class='ocrx_word' id='word_1_198' title='bbox 781 2919 1006 2975; x_wconf 90' lang='lat' dir='ltr'>Domini</span> <span class='ocrx_word' id='word_1_199' title='bbox 1037 2916 1327 2974; x_wconf 49' lang='lat' dir='ltr'>de&#39;medio</span> <span class='ocrx_word' id='word_1_200' title='bbox 1359 2916 1631 2980; x_wconf 84' lang='lat' dir='ltr'>civitatis,</span> 
     </span>
    </p>
   </div>
   <div class='ocr_carea' id='block_1_39' title="bbox 230 2990 1690 3062">
    <p class='ocr_par' dir='ltr' id='par_1_39' title="bbox 230 2990 1690 3062">
     <span class='ocr_line' id='line_1_39' title="bbox 230 2990 1690 3062; baseline -0.003 -14"><span class='ocrx_word' id='word_1_201' title='bbox 230 2991 530 3062; x_wconf 80' lang='lat' dir='ltr'>stetitque</span> <span class='ocrx_word' id='word_1_202' title='bbox 561 3007 738 3062; x_wconf 89' lang='lat' dir='ltr'>super</span> <span class='ocrx_word' id='word_1_203' title='bbox 768 2995 1022 3047; x_wconf 86' lang='lat' dir='ltr'>montem</span> <span class='ocrx_word' id='word_1_204' title='bbox 1058 2991 1156 3062; x_wconf 63' lang='lat' dir='ltr'>qui</span> <span class='ocrx_word' id='word_1_205' title='bbox 1189 2995 1278 3046; x_wconf 89' lang='lat' dir='ltr'>est</span> <span class='ocrx_word' id='word_1_206' title='bbox 1309 2990 1380 3044; x_wconf 88' lang='lat' dir='ltr'>ad</span> <span class='ocrx_word' id='word_1_207' title='bbox 1412 2990 1690 3044; x_wconf 83' lang='lat' dir='ltr'>orientem</span> 
     </span>
    </p>
   </div>
   <div class='ocr_carea' id='block_1_40' title="bbox 317 3063 509 3130">
    <p class='ocr_par' dir='ltr' id='par_1_40' title="bbox 317 3063 509 3130">
     <span class='ocr_line' id='line_1_40' title="bbox 317 3063 509 3130; baseline -0.005 -13"><span class='ocrx_word' id='word_1_208' title='bbox 317 3063 509 3130; x_wconf 87' lang='lat' dir='ltr'>urbis,</span> 
     </span>
    </p>
   </div>
   <div class='ocr_carea' id='block_1_41' title="bbox 159 3133 912 3205">
    <p class='ocr_par' dir='ltr' id='par_1_41' title="bbox 159 3133 912 3205">
     <span class='ocr_line' id='line_1_41' title="bbox 159 3133 912 3205; baseline -0.003 -15"><span class='ocrx_word' id='word_1_209' title='bbox 159 3137 230 3190; x_wconf 84' lang='lat' dir='ltr'>Et</span> <span class='ocrx_word' id='word_1_210' title='bbox 264 3134 527 3205; x_wconf 78' lang='lat' dir='ltr'>spiritus</span> <span class='ocrx_word' id='word_1_211' title='bbox 557 3133 770 3189; x_wconf 88' lang='lat' dir='ltr'>levavit</span> <span class='ocrx_word' id='word_1_212' title='bbox 800 3150 912 3201; x_wconf 89' lang='lat' dir='ltr'>me,</span> 
     </span>
    </p>
   </div>
   <div class='ocr_carea' id='block_1_42' title="bbox 232 3201 1789 3275">
    <p class='ocr_par' dir='ltr' id='par_1_42' title="bbox 232 3201 1789 3275">
     <span class='ocr_line' id='line_1_42' title="bbox 232 3201 1789 3275; baseline -0.004 -13"><span class='ocrx_word' id='word_1_213' title='bbox 232 3201 610 3275; x_wconf 47' lang='lat' dir='ltr'>ad&#39;duxitque</span> <span class='ocrx_word' id='word_1_214' title='bbox 637 3206 697 3260; x_wconf 92' lang='lat' dir='ltr'>in</span> <span class='ocrx_word' id='word_1_215' title='bbox 729 3205 1056 3260; x_wconf 71' lang='lat' dir='ltr'>Chaldasam</span> <span class='ocrx_word' id='word_1_216' title='bbox 1089 3205 1159 3260; x_wconf 85' lang='lat' dir='ltr'>ad</span> <span class='ocrx_word' id='word_1_217' title='bbox 1190 3201 1789 3273; x_wconf 87' lang='lat' dir='ltr'>transmigrationem,</span> 
     </span>
    </p>
   </div>
   <div class='ocr_carea' id='block_1_43' title="bbox 234 3277 1102 3348">
    <p class='ocr_par' dir='ltr' id='par_1_43' title="bbox 234 3277 1102 3348">
     <span class='ocr_line' id='line_1_43' title="bbox 234 3277 1102 3348; baseline -0.001 -16"><span class='ocrx_word' id='word_1_218' title='bbox 234 3279 300 3333; x_wconf 87' lang='lat' dir='ltr'>in</span> <span class='ocrx_word' id='word_1_219' title='bbox 337 3277 588 3345; x_wconf 81' lang='lat' dir='ltr'>visione,</span> <span class='ocrx_word' id='word_1_220' title='bbox 621 3277 678 3331; x_wconf 88' lang='lat' dir='ltr'>in</span> <span class='ocrx_word' id='word_1_221' title='bbox 713 3277 922 3348; x_wconf 83' lang='lat' dir='ltr'>spiritu</span> <span class='ocrx_word' id='word_1_222' title='bbox 958 3277 1053 3331; x_wconf 90' lang='lat' dir='ltr'>Dei</span> <span class='ocrx_word' id='word_1_223' title='bbox 1090 3293 1102 3331; x_wconf 92' lang='lat'>:</span> 
     </span>
    </p>
   </div>
   <div class='ocr_carea' id='block_1_44' title="bbox 235 3345 1596 3417">
    <p class='ocr_par' dir='ltr' id='par_1_44' title="bbox 235 3345 1596 3417">
     <span class='ocr_line' id='line_1_44' title="bbox 235 3345 1596 3417; baseline -0.006 -12"><span class='ocrx_word' id='word_1_224' title='bbox 235 3356 298 3405; x_wconf 90' lang='lat' dir='ltr'>et</span> <span class='ocrx_word' id='word_1_225' title='bbox 331 3347 574 3403; x_wconf 86' lang='lat' dir='ltr'>sublata</span> <span class='ocrx_word' id='word_1_226' title='bbox 603 3353 692 3402; x_wconf 91' lang='lat' dir='ltr'>est</span> <span class='ocrx_word' id='word_1_227' title='bbox 721 3345 763 3403; x_wconf 68' lang='grc' dir='ltr'>εἰ</span> <span class='ocrx_word' id='word_1_228' title='bbox 784 3364 877 3402; x_wconf 91' lang='lat' dir='ltr'>me</span> <span class='ocrx_word' id='word_1_229' title='bbox 909 3347 1077 3411; x_wconf 87' lang='lat' dir='ltr'>visio,</span> <span class='ocrx_word' id='word_1_230' title='bbox 1111 3361 1286 3417; x_wconf 90' lang='lat' dir='ltr'>quam</span> <span class='ocrx_word' id='word_1_231' title='bbox 1314 3345 1596 3417; x_wconf 83' lang='lat' dir='ltr'>videram.</span> 
     </span>
    </p>
   </div>
   <div class='ocr_carea' id='block_1_45' title="bbox 162 3415 1827 3490">
    <p class='ocr_par' dir='ltr' id='par_1_45' title="bbox 162 3415 1827 3490">
     <span class='ocr_line' id='line_1_45' title="bbox 162 3415 1827 3490; baseline -0.002 -14"><span class='ocrx_word' id='word_1_232' title='bbox 162 3423 234 3476; x_wconf 88' lang='lat' dir='ltr'>Et</span> <span class='ocrx_word' id='word_1_233' title='bbox 266 3422 512 3476; x_wconf 88' lang='lat' dir='ltr'>locutus</span> <span class='ocrx_word' id='word_1_234' title='bbox 545 3437 676 3476; x_wconf 91' lang='lat' dir='ltr'>sum</span> <span class='ocrx_word' id='word_1_235' title='bbox 709 3421 779 3474; x_wconf 92' lang='lat' dir='ltr'>ad</span> <span class='ocrx_word' id='word_1_236' title='bbox 807 3415 1389 3490; x_wconf 81' lang='lat' dir='ltr'>transmigrationem</span> <span class='ocrx_word' id='word_1_237' title='bbox 1423 3415 1623 3472; x_wconf 88' lang='lat' dir='ltr'>omnia</span> <span class='ocrx_word' id='word_1_238' title='bbox 1653 3416 1827 3472; x_wconf 88' lang='lat' dir='ltr'>verba</span> 
     </span>
    </p>
   </div>
   <div class='ocr_carea' id='block_1_46' title="bbox 313 3491 579 3557">
    <p class='ocr_par' dir='ltr' id='par_1_46' title="bbox 313 3491 579 3557">
     <span class='ocr_line' id='line_1_46' title="bbox 313 3491 579 3557; baseline -0.011 -10"><span class='ocrx_word' id='word_1_239' title='bbox 313 3491 579 3557; x_wconf 89' lang='lat' dir='ltr'>Domini,</span> 
     </span>
    </p>
   </div>
   <div class='ocr_carea' id='block_1_47' title="bbox 237 3561 936 3636">
    <p class='ocr_par' dir='ltr' id='par_1_47' title="bbox 237 3561 936 3636">
     <span class='ocr_line' id='line_1_47' title="bbox 237 3561 936 3636; baseline -0.006 -17"><span class='ocrx_word' id='word_1_240' title='bbox 237 3572 374 3636; x_wconf 68' lang='lat' dir='ltr'>quae</span> <span class='ocrx_word' id='word_1_241' title='bbox 407 3563 741 3636; x_wconf 76' lang='lat' dir='ltr'>ostenderat</span> <span class='ocrx_word' id='word_1_242' title='bbox 769 3561 936 3616; x_wconf 90' lang='lat' dir='ltr'>mihi.</span> 
     </span>
    </p>
   </div>
   <div class='ocr_carea' id='block_1_48' title="bbox 169 3630 1824 3708">
    <p class='ocr_par' dir='ltr' id='par_1_48' title="bbox 169 3630 1824 3708">
     <span class='ocr_line' id='line_1_48' title="bbox 169 3630 1824 3708; baseline -0.004 -17"><span class='ocrx_word' id='word_1_243' title='bbox 169 3630 504 3708; x_wconf 71' lang='lat' dir='ltr'>(Cdp.XlI.)</span> <span class='ocrx_word' id='word_1_244' title='bbox 535 3635 601 3689; x_wconf 77' lang='lat' dir='ltr'>Et</span> <span class='ocrx_word' id='word_1_245' title='bbox 631 3634 820 3688; x_wconf 89' lang='lat' dir='ltr'>factus</span> <span class='ocrx_word' id='word_1_246' title='bbox 848 3638 935 3688; x_wconf 90' lang='lat' dir='ltr'>est</span> <span class='ocrx_word' id='word_1_247' title='bbox 965 3647 1157 3688; x_wconf 88' lang='lat' dir='ltr'>sermo</span> <span class='ocrx_word' id='word_1_248' title='bbox 1190 3630 1418 3686; x_wconf 88' lang='lat' dir='ltr'>Domini</span> <span class='ocrx_word' id='word_1_249' title='bbox 1450 3630 1521 3686; x_wconf 90' lang='lat' dir='ltr'>ad</span> <span class='ocrx_word' id='word_1_250' title='bbox 1572 3645 1688 3696; x_wconf 89' lang='lat' dir='ltr'>me,</span> <span class='ocrx_word' id='word_1_251' title='bbox 1738 3630 1824 3686; x_wconf 85' lang='lat' dir='ltr'>di-</span> 
     </span>
    </p>
   </div>
   <div class='ocr_carea' id='block_1_49' title="bbox 312 3722 508 3761">
    <p class='ocr_par' dir='ltr' id='par_1_49' title="bbox 312 3722 508 3761">
     <span class='ocr_line' id='line_1_49' title="bbox 312 3722 508 3761; baseline 0 0"><span class='ocrx_word' id='word_1_252' title='bbox 312 3723 460 3761; x_wconf 88' lang='lat' dir='ltr'>cens</span> <span class='ocrx_word' id='word_1_253' title='bbox 494 3722 508 3761; x_wconf 73' lang='grc' dir='ltr'><strong><em>Ζ</em></strong></span> 
     </span>
    </p>
   </div>
   <div class='ocr_carea' id='block_1_50' title="bbox 165 3772 1825 3844">
    <p class='ocr_par' dir='ltr' id='par_1_50' title="bbox 165 3772 1825 3844">
     <span class='ocr_line' id='line_1_50' title="bbox 165 3772 1825 3844; baseline -0.002 -12"><span class='ocrx_word' id='word_1_254' title='bbox 165 3778 272 3833; x_wconf 86' lang='lat' dir='ltr'>Fili</span> <span class='ocrx_word' id='word_1_255' title='bbox 305 3776 592 3841; x_wconf 89' lang='lat' dir='ltr'>hominis,</span> <span class='ocrx_word' id='word_1_256' title='bbox 624 3776 683 3830; x_wconf 91' lang='lat' dir='ltr'>in</span> <span class='ocrx_word' id='word_1_257' title='bbox 717 3773 909 3830; x_wconf 90' lang='lat' dir='ltr'>medio</span> <span class='ocrx_word' id='word_1_258' title='bbox 940 3775 1152 3829; x_wconf 89' lang='lat' dir='ltr'>domus</span> <span class='ocrx_word' id='word_1_259' title='bbox 1191 3772 1591 3844; x_wconf 82' lang='lat' dir='ltr'>exasperantis</span> <span class='ocrx_word' id='word_1_260' title='bbox 1620 3776 1684 3827; x_wconf 90' lang='lat' dir='ltr'>tu</span> <span class='ocrx_word' id='word_1_261' title='bbox 1718 3772 1825 3828; x_wconf 89' lang='lat' dir='ltr'>ha-</span> 
     </span>
    </p>
   </div>
   <div class='ocr_carea' id='block_1_51' title="bbox 309 3844 1825 3918">
    <p class='ocr_par' dir='ltr' id='par_1_51' title="bbox 309 3844 1825 3918">
     <span class='ocr_line' id='line_1_51' title="bbox 309 3844 1825 3918; baseline -0.003 -15"><span class='ocrx_word' id='word_1_262' title='bbox 309 3850 473 3904; x_wconf 88' lang='lat' dir='ltr'>bitas</span> <span class='ocrx_word' id='word_1_263' title='bbox 503 3865 518 3903; x_wconf 90' lang='lat'><strong>:</strong></span> <span class='ocrx_word' id='word_1_264' title='bbox 552 3848 653 3918; x_wconf 90' lang='lat' dir='ltr'>qui</span> <span class='ocrx_word' id='word_1_265' title='bbox 683 3846 882 3902; x_wconf 91' lang='lat' dir='ltr'>oculos</span> <span class='ocrx_word' id='word_1_266' title='bbox 911 3845 1128 3918; x_wconf 86' lang='lat' dir='ltr'>habent</span> <span class='ocrx_word' id='word_1_267' title='bbox 1157 3845 1228 3918; x_wconf 80' lang='lat' dir='ltr'>ad</span> <span class='ocrx_word' id='word_1_268' title='bbox 1259 3844 1599 3909; x_wconf 91' lang='lat' dir='ltr'>videndum,</span> <span class='ocrx_word' id='word_1_269' title='bbox 1623 3849 1685 3918; x_wconf 75' lang='lat' dir='ltr'>et</span> <span class='ocrx_word' id='word_1_270' title='bbox 1708 3861 1825 3899; x_wconf 88' lang='lat' dir='ltr'>non</span> 
     </span>
    </p>
   </div>
   <div class='ocr_carea' id='block_1_52' title="bbox 309 3915 1822 3981">
    <p class='ocr_par' dir='ltr' id='par_1_52' title="bbox 309 3915 1822 3981">
     <span class='ocr_line' id='line_1_52' title="bbox 309 3915 1822 3981; baseline -0.002 -7"><span class='ocrx_word' id='word_1_271' title='bbox 309 3915 600 3975; x_wconf 34' lang='lat' dir='ltr'>videntze—t</span> <span class='ocrx_word' id='word_1_272' title='bbox 631 3935 804 3974; x_wconf 89' lang='lat' dir='ltr'>aures</span> <span class='ocrx_word' id='word_1_273' title='bbox 838 3918 908 3972; x_wconf 89' lang='lat' dir='ltr'>ad</span> <span class='ocrx_word' id='word_1_274' title='bbox 943 3917 1386 3981; x_wconf 89' lang='lat' dir='ltr'>audiendum,et</span> <span class='ocrx_word' id='word_1_275' title='bbox 1414 3932 1529 3970; x_wconf 91' lang='lat' dir='ltr'>non</span> <span class='ocrx_word' id='word_1_276' title='bbox 1553 3915 1822 3971; x_wconf 90' lang='lat' dir='ltr'>audiunt:</span> 
     </span>
    </p>
   </div>
   <div class='ocr_carea' id='block_1_53' title="bbox 311 3991 1223 4062">
    <p class='ocr_par' dir='ltr' id='par_1_53' title="bbox 311 3991 1223 4062">
     <span class='ocr_line' id='line_1_53' title="bbox 311 3991 1223 4062; baseline -0.003 -17"><span class='ocrx_word' id='word_1_277' title='bbox 311 3991 454 4062; x_wconf 84' lang='lat' dir='ltr'>quia</span> <span class='ocrx_word' id='word_1_278' title='bbox 486 3991 697 4062; x_wconf 89' lang='lat' dir='ltr'>domus</span> <span class='ocrx_word' id='word_1_279' title='bbox 728 4004 1083 4062; x_wconf 84' lang='lat' dir='ltr'>exasperans</span> <span class='ocrx_word' id='word_1_280' title='bbox 1113 3993 1223 4043; x_wconf 90' lang='lat' dir='ltr'>est.</span> 
     </span>
    </p>
   </div>
   <div class='ocr_carea' id='block_1_54' title="bbox 154 4056 1823 4133">
    <p class='ocr_par' dir='ltr' id='par_1_54' title="bbox 154 4056 1823 4133">
     <span class='ocr_line' id='line_1_54' title="bbox 154 4056 1823 4133; baseline -0.004 -15"><span class='ocrx_word' id='word_1_281' title='bbox 154 4063 240 4117; x_wconf 90' lang='lat' dir='ltr'>Tu</span> <span class='ocrx_word' id='word_1_282' title='bbox 267 4056 554 4133; x_wconf 63' lang='lat' dir='ltr'>efgo,ﬁlii</span> <span class='ocrx_word' id='word_1_283' title='bbox 577 4056 954 4133; x_wconf 86' lang='lat' dir='ltr'>hominis,fac</span> <span class='ocrx_word' id='word_1_284' title='bbox 976 4060 1080 4133; x_wconf 84' lang='lat' dir='ltr'>tibi</span> <span class='ocrx_word' id='word_1_285' title='bbox 1105 4076 1244 4114; x_wconf 85' lang='lat' dir='ltr'>vasa</span> <span class='ocrx_word' id='word_1_286' title='bbox 1264 4056 1823 4133; x_wconf 80' lang='lat' dir='ltr'>transmigrationis,</span> 
     </span>
    </p>
   </div>
   <div class='ocr_carea' id='block_1_55' title="bbox 309 4127 1568 4203">
    <p class='ocr_par' dir='ltr' id='par_1_55' title="bbox 309 4127 1568 4203">
     <span class='ocr_line' id='line_1_55' title="bbox 309 4127 1568 4203; baseline -0.006 -14"><span class='ocrx_word' id='word_1_287' title='bbox 309 4127 375 4189; x_wconf 64' lang='lat' dir='ltr'>et</span> <span class='ocrx_word' id='word_1_288' title='bbox 406 4127 857 4203; x_wconf 87' lang='lat' dir='ltr'>transmigrabis</span> <span class='ocrx_word' id='word_1_289' title='bbox 895 4147 994 4203; x_wconf 89' lang='lat' dir='ltr'>per</span> <span class='ocrx_word' id='word_1_290' title='bbox 1023 4131 1177 4186; x_wconf 91' lang='lat' dir='ltr'>diem</span> <span class='ocrx_word' id='word_1_291' title='bbox 1211 4145 1407 4203; x_wconf 79' lang='lat' dir='ltr'>coram</span> <span class='ocrx_word' id='word_1_292' title='bbox 1438 4127 1568 4184; x_wconf 88' lang='lat' dir='ltr'>eis:</span> 
     </span>
    </p>
   </div>
   <div class='ocr_carea' id='block_1_56' title="bbox 151 4198 1822 4275">
    <p class='ocr_par' dir='ltr' id='par_1_56' title="bbox 151 4198 1822 4275">
     <span class='ocr_line' id='line_1_56' title="bbox 151 4198 1822 4275; baseline -0.004 -15"><span class='ocrx_word' id='word_1_293' title='bbox 151 4198 865 4275; x_wconf 44' lang='lat' dir='ltr'>Transmigrabis‘autem</span> <span class='ocrx_word' id='word_1_294' title='bbox 891 4198 960 4257; x_wconf 83' lang='lat' dir='ltr'>de</span> <span class='ocrx_word' id='word_1_295' title='bbox 984 4202 1109 4257; x_wconf 92' lang='lat' dir='ltr'>loco</span> <span class='ocrx_word' id='word_1_296' title='bbox 1133 4207 1232 4257; x_wconf 90' lang='lat' dir='ltr'>tuo</span> <span class='ocrx_word' id='word_1_297' title='bbox 1248 4201 1317 4256; x_wconf 91' lang='lat' dir='ltr'>ad</span> <span class='ocrx_word' id='word_1_298' title='bbox 1333 4201 1526 4256; x_wconf 90' lang='lat' dir='ltr'>locum</span> <span class='ocrx_word' id='word_1_299' title='bbox 1550 4198 1822 4266; x_wconf 87' lang='lat' dir='ltr'>alterum,</span> 
     </span>
    </p>
   </div>
   <div class='ocr_carea' id='block_1_57' title="bbox 307 4279 969 4348">
    <p class='ocr_par' dir='ltr' id='par_1_57' title="bbox 307 4279 969 4348">
     <span class='ocr_line' id='line_1_57' title="bbox 307 4279 969 4348; baseline -0.005 -17"><span class='ocrx_word' id='word_1_300' title='bbox 307 4279 370 4332; x_wconf 89' lang='lat' dir='ltr'>in</span> <span class='ocrx_word' id='word_1_301' title='bbox 404 4281 717 4348; x_wconf 86' lang='lat' dir='ltr'>conspectu</span> <span class='ocrx_word' id='word_1_302' title='bbox 751 4291 969 4340; x_wconf 86' lang='lat' dir='ltr'>eorum,</span> 
     </span>
    </p>
   </div>
   <div class='ocr_carea' id='block_1_58' title="bbox 230 4348 844 4418">
    <p class='ocr_par' dir='ltr' id='par_1_58' title="bbox 230 4348 844 4418">
     <span class='ocr_line' id='line_1_58' title="bbox 230 4348 844 4418; baseline -0.005 -15"><span class='ocrx_word' id='word_1_303' title='bbox 230 4348 285 4403; x_wconf 88' lang='lat' dir='ltr'>si</span> <span class='ocrx_word' id='word_1_304' title='bbox 322 4349 478 4403; x_wconf 85' lang='lat' dir='ltr'>forte</span> <span class='ocrx_word' id='word_1_305' title='bbox 510 4349 802 4418; x_wconf 82' lang='lat' dir='ltr'>aspiciant</span> <span class='ocrx_word' id='word_1_306' title='bbox 831 4363 844 4400; x_wconf 90' lang='lat'><strong>:</strong></span> 
     </span>
    </p>
   </div>
   <div class='ocr_carea' id='block_1_59' title="bbox 231 4419 1144 4492">
    <p class='ocr_par' dir='ltr' id='par_1_59' title="bbox 231 4419 1144 4492">
     <span class='ocr_line' id='line_1_59' title="bbox 231 4419 1144 4492; baseline -0.003 -18"><span class='ocrx_word' id='word_1_307' title='bbox 231 4419 388 4492; x_wconf 86' lang='lat' dir='ltr'>quia</span> <span class='ocrx_word' id='word_1_308' title='bbox 413 4421 622 4492; x_wconf 78' lang='lat' dir='ltr'>domus</span> <span class='ocrx_word' id='word_1_309' title='bbox 653 4433 1006 4488; x_wconf 84' lang='lat' dir='ltr'>exasperans</span> <span class='ocrx_word' id='word_1_310' title='bbox 1036 4421 1144 4471; x_wconf 91' lang='lat' dir='ltr'>est.</span> 
     </span>
    </p>
   </div>
   <div class='ocr_carea' id='block_1_60' title="bbox 153 4481 1826 4558">
    <p class='ocr_par' dir='ltr' id='par_1_60' title="bbox 153 4481 1826 4558">
     <span class='ocr_line' id='line_1_60' title="bbox 153 4481 1826 4558; baseline -0.005 -11"><span class='ocrx_word' id='word_1_311' title='bbox 153 4493 224 4547; x_wconf 84' lang='lat' dir='ltr'>Et</span> <span class='ocrx_word' id='word_1_312' title='bbox 251 4481 477 4547; x_wconf 68' lang='lat' dir='ltr'>efferes</span> <span class='ocrx_word' id='word_1_313' title='bbox 509 4491 663 4546; x_wconf 89' lang='lat' dir='ltr'>foras</span> <span class='ocrx_word' id='word_1_314' title='bbox 691 4481 833 4544; x_wconf 79' lang='lat' dir='ltr'>vasa</span> <span class='ocrx_word' id='word_1_315' title='bbox 862 4495 963 4543; x_wconf 88' lang='lat' dir='ltr'>tua</span> <span class='ocrx_word' id='word_1_316' title='bbox 995 4487 1162 4558; x_wconf 88' lang='lat' dir='ltr'>quasi</span> <span class='ocrx_word' id='word_1_317' title='bbox 1186 4501 1322 4540; x_wconf 88' lang='lat' dir='ltr'>vasa</span> <span class='ocrx_word' id='word_1_318' title='bbox 1345 4481 1826 4554; x_wconf 88' lang='lat' dir='ltr'>transmigrantis</span> 
     </span>
    </p>
   </div>
   <div class='ocr_carea' id='block_1_61' title="bbox 311 4561 1324 4634">
    <p class='ocr_par' dir='ltr' id='par_1_61' title="bbox 311 4561 1324 4634">
     <span class='ocr_line' id='line_1_61' title="bbox 311 4561 1324 4634; baseline -0.006 -18"><span class='ocrx_word' id='word_1_319' title='bbox 311 4579 423 4634; x_wconf 89' lang='lat' dir='ltr'>per</span> <span class='ocrx_word' id='word_1_320' title='bbox 452 4563 606 4616; x_wconf 91' lang='lat' dir='ltr'>diem</span> <span class='ocrx_word' id='word_1_321' title='bbox 637 4561 693 4615; x_wconf 90' lang='lat' dir='ltr'>in</span> <span class='ocrx_word' id='word_1_322' title='bbox 728 4564 1042 4634; x_wconf 79' lang='lat' dir='ltr'>conspectu</span> <span class='ocrx_word' id='word_1_323' title='bbox 1072 4574 1274 4613; x_wconf 89' lang='lat' dir='ltr'>eorum</span> <span class='ocrx_word' id='word_1_324' title='bbox 1311 4573 1324 4610; x_wconf 90' lang='lat'>:</span> 
     </span>
    </p>
   </div>
   <div class='ocr_carea' id='block_1_62' title="bbox 228 4624 1703 4704">
    <p class='ocr_par' dir='ltr' id='par_1_62' title="bbox 228 4624 1703 4704">
     <span class='ocr_line' id='line_1_62' title="bbox 228 4624 1703 4704; baseline -0.006 -16"><span class='ocrx_word' id='word_1_325' title='bbox 228 4624 541 4688; x_wconf 47' lang='lat' dir='ltr'>tu-autem</span> <span class='ocrx_word' id='word_1_326' title='bbox 573 4624 892 4704; x_wconf 78' lang='lat' dir='ltr'>egredieris</span> <span class='ocrx_word' id='word_1_327' title='bbox 919 4645 1159 4701; x_wconf 88' lang='lat' dir='ltr'>vespere</span> <span class='ocrx_word' id='word_1_328' title='bbox 1186 4642 1381 4683; x_wconf 89' lang='lat' dir='ltr'>coram</span> <span class='ocrx_word' id='word_1_329' title='bbox 1412 4625 1517 4692; x_wconf 91' lang='lat' dir='ltr'>eis,</span> <span class='ocrx_word' id='word_1_330' title='bbox 1551 4624 1703 4680; x_wconf 90' lang='lat' dir='ltr'>sicut</span> 
     </span>
    </p>
   </div>
   <div class='ocr_carea' id='block_1_63' title="bbox 313 4703 932 4775">
    <p class='ocr_par' dir='ltr' id='par_1_63' title="bbox 313 4703 932 4775">
     <span class='ocr_line' id='line_1_63' title="bbox 313 4703 932 4775; baseline -0.005 -17"><span class='ocrx_word' id='word_1_331' title='bbox 313 4703 633 4775; x_wconf 85' lang='lat' dir='ltr'>egreditur</span> <span class='ocrx_word' id='word_1_332' title='bbox 649 4703 932 4774; x_wconf 89' lang='lat' dir='ltr'>migrans.</span> 
     </span>
    </p>
   </div>
   <div class='ocr_carea' id='block_1_64' title="bbox 151 4769 1556 4845">
    <p class='ocr_par' dir='ltr' id='par_1_64' title="bbox 151 4769 1556 4845">
     <span class='ocr_line' id='line_1_64' title="bbox 151 4769 1556 4845; baseline -0.006 -14"><span class='ocrx_word' id='word_1_333' title='bbox 151 4779 313 4831; x_wconf 82' lang='lat' dir='ltr'>Ante</span> <span class='ocrx_word' id='word_1_334' title='bbox 351 4769 555 4830; x_wconf 68' lang='lat' dir='ltr'>oculos</span> <span class='ocrx_word' id='word_1_335' title='bbox 588 4769 789 4830; x_wconf 74' lang='lat' dir='ltr'>eorum</span> <span class='ocrx_word' id='word_1_336' title='bbox 823 4773 1059 4845; x_wconf 88' lang='lat' dir='ltr'>perfode</span> <span class='ocrx_word' id='word_1_337' title='bbox 1092 4771 1194 4826; x_wconf 89' lang='lat' dir='ltr'>tibi</span> <span class='ocrx_word' id='word_1_338' title='bbox 1232 4769 1507 4841; x_wconf 86' lang='lat' dir='ltr'>parietem</span> <span class='ocrx_word' id='word_1_339' title='bbox 1542 4784 1556 4822; x_wconf 90' lang='lat'><strong>:</strong></span> 
     </span>
    </p>
   </div>
   <div class='ocr_carea' id='block_1_65' title="bbox 228 4847 1536 4919">
    <p class='ocr_par' dir='ltr' id='par_1_65' title="bbox 228 4847 1536 4919">
     <span class='ocr_line' id='line_1_65' title="bbox 228 4847 1536 4919; baseline 0.007 -20"><span class='ocrx_word' id='word_1_340' title='bbox 228 4853 295 4904; x_wconf 86' lang='lat' dir='ltr'>et</span> <span class='ocrx_word' id='word_1_341' title='bbox 330 4847 649 4917; x_wconf 87' lang='lat' dir='ltr'>egredieris</span> <span class='ocrx_word' id='word_1_342' title='bbox 682 4862 783 4917; x_wconf 86' lang='lat' dir='ltr'>per</span> <span class='ocrx_word' id='word_1_343' title='bbox 811 4860 994 4919; x_wconf 80' lang='lat' dir='ltr'>eum:</span> <span class='ocrx_word' id='word_1_344' title='bbox 1167 4912 1178 4919; x_wconf 94' lang='lat'><em>_</em></span> <span class='ocrx_word' id='word_1_345' title='bbox 1358 4914 1366 4919; x_wconf 33' lang='grc' dir='ltr'>η</span> <span class='ocrx_word' id='word_1_346' title='bbox 1415 4910 1429 4919; x_wconf 89' lang='lat'><em>_</em></span> <span class='ocrx_word' id='word_1_347' title='bbox 1525 4908 1536 4919; x_wconf 70' lang='grc'><em>,</em></span> 
     </span>
    </p>
   </div>
   <div class='ocr_carea' id='block_1_66' title="bbox 157 4910 1593 4988">
    <p class='ocr_par' dir='ltr' id='par_1_66' title="bbox 157 4910 1593 4988">
     <span class='ocr_line' id='line_1_66' title="bbox 157 4910 1593 4988; baseline -0.006 -15"><span class='ocrx_word' id='word_1_348' title='bbox 157 4923 221 4974; x_wconf 90' lang='lat' dir='ltr'>In</span> <span class='ocrx_word' id='word_1_349' title='bbox 261 4910 597 4988; x_wconf 47' lang='lat' dir='ltr'>convspectu</span> <span class='ocrx_word' id='word_1_350' title='bbox 630 4910 843 4988; x_wconf 79' lang='lat' dir='ltr'>eorum</span> <span class='ocrx_word' id='word_1_351' title='bbox 861 4917 920 4970; x_wconf 91' lang='lat' dir='ltr'>in</span> <span class='ocrx_word' id='word_1_352' title='bbox 954 4912 1214 4968; x_wconf 89' lang='lat' dir='ltr'>humeris</span> <span class='ocrx_word' id='word_1_353' title='bbox 1246 4910 1593 4982; x_wconf 89' lang='lat' dir='ltr'>portaberis,</span> 
     </span>
    </p>
   </div>
   <div class='ocr_carea' id='block_1_67' title="bbox 234 4987 929 5060">
    <p class='ocr_par' dir='ltr' id='par_1_67' title="bbox 234 4987 929 5060">
     <span class='ocr_line' id='line_1_67' title="bbox 234 4987 929 5060; baseline -0.003 -18"><span class='ocrx_word' id='word_1_354' title='bbox 234 4989 300 5043; x_wconf 86' lang='lat' dir='ltr'>in</span> <span class='ocrx_word' id='word_1_355' title='bbox 342 4987 594 5060; x_wconf 83' lang='lat' dir='ltr'>caligine</span> <span class='ocrx_word' id='word_1_356' title='bbox 626 4987 883 5060; x_wconf 69' lang='lat' dir='ltr'>eﬂereris</span> <span class='ocrx_word' id='word_1_357' title='bbox 916 5003 929 5040; x_wconf 86' lang='lat'><strong>:</strong></span> 
     </span>
    </p>
   </div>
   <div class='ocr_carea' id='block_1_68' title="bbox 158 5051 1665 5122">
    <p class='ocr_par' dir='ltr' id='par_1_68' title="bbox 158 5051 1665 5122">
     <span class='ocr_line' id='line_1_68' title="bbox 158 5051 1665 5122; baseline -0.007 -6"><span class='ocrx_word' id='word_1_358' title='bbox 158 5061 413 5116; x_wconf 83' lang='lat' dir='ltr'>Faciem</span> <span class='ocrx_word' id='word_1_359' title='bbox 447 5051 612 5114; x_wconf 55' lang='lat' dir='ltr'>tvuam</span> <span class='ocrx_word' id='word_1_360' title='bbox 640 5058 881 5122; x_wconf 88' lang='lat' dir='ltr'>velabis,</span> <span class='ocrx_word' id='word_1_361' title='bbox 915 5060 971 5112; x_wconf 90' lang='lat' dir='ltr'>et</span> <span class='ocrx_word' id='word_1_362' title='bbox 1002 5071 1116 5109; x_wconf 90' lang='lat' dir='ltr'>non</span> <span class='ocrx_word' id='word_1_363' title='bbox 1147 5051 1372 5106; x_wconf 82' lang='lat' dir='ltr'>videbis</span> <span class='ocrx_word' id='word_1_364' title='bbox 1401 5055 1614 5122; x_wconf 87' lang='lat' dir='ltr'>terram</span> <span class='ocrx_word' id='word_1_365' title='bbox 1651 5067 1665 5105; x_wconf 88' lang='lat'><strong>:</strong></span> 
     </span>
    </p>
   </div>
   <div class='ocr_carea' id='block_1_69' title="bbox 237 5121 1472 5202">
    <p class='ocr_par' dir='ltr' id='par_1_69' title="bbox 237 5121 1472 5202">
     <span class='ocr_line' id='line_1_69' title="bbox 237 5121 1472 5202; baseline -0.008 -16"><span class='ocrx_word' id='word_1_366' title='bbox 237 5131 394 5202; x_wconf 84' lang='lat' dir='ltr'>quia</span> <span class='ocrx_word' id='word_1_367' title='bbox 422 5134 758 5200; x_wconf 86' lang='lat' dir='ltr'>portentum</span> <span class='ocrx_word' id='word_1_368' title='bbox 792 5128 923 5184; x_wconf 91' lang='lat' dir='ltr'>dedi</span> <span class='ocrx_word' id='word_1_369' title='bbox 955 5133 1011 5181; x_wconf 92' lang='lat' dir='ltr'>te</span> <span class='ocrx_word' id='word_1_370' title='bbox 1042 5123 1243 5202; x_wconf 79' lang='lat' dir='ltr'>domui</span> <span class='ocrx_word' id='word_1_371' title='bbox 1274 5121 1472 5178; x_wconf 90' lang='lat' dir='ltr'>Israel.</span> 
     </span>
    </p>
   </div>
   <div class='ocr_carea' id='block_1_70' title="bbox 158 5196 1670 5274">
    <p class='ocr_par' dir='ltr' id='par_1_70' title="bbox 158 5196 1670 5274">
     <span class='ocr_line' id='line_1_70' title="bbox 158 5196 1670 5274; baseline -0.001 -16"><span class='ocrx_word' id='word_1_372' title='bbox 158 5196 306 5259; x_wconf 77' lang='lat' dir='ltr'>Feci</span> <span class='ocrx_word' id='word_1_373' title='bbox 344 5196 483 5273; x_wconf 79' lang='lat' dir='ltr'>ergo</span> <span class='ocrx_word' id='word_1_374' title='bbox 511 5203 664 5258; x_wconf 81' lang='lat' dir='ltr'>sicut</span> <span class='ocrx_word' id='word_1_375' title='bbox 694 5201 1046 5274; x_wconf 73' lang='lat' dir='ltr'>praeceperat</span> <span class='ocrx_word' id='word_1_376' title='bbox 1075 5196 1222 5274; x_wconf 86' lang='lat' dir='ltr'>mihi</span> <span class='ocrx_word' id='word_1_377' title='bbox 1254 5212 1268 5250; x_wconf 90' lang='lat'><strong>:</strong></span> <span class='ocrx_word' id='word_1_378' title='bbox 1405 5264 1415 5274; x_wconf 32' lang='grc' dir='ltr'>ι</span> <span class='ocrx_word' id='word_1_379' title='bbox 1536 5263 1570 5274; x_wconf 44' lang='grc' dir='ltr'>η</span> <span class='ocrx_word' id='word_1_380' title='bbox 1659 5262 1670 5273; x_wconf 52' lang='grc'><em>,</em></span> 
     </span>
    </p>
   </div>
   <div class='ocr_carea' id='block_1_71' title="bbox 232 5267 1832 5344">
    <p class='ocr_par' dir='ltr' id='par_1_71' title="bbox 232 5267 1832 5344">
     <span class='ocr_line' id='line_1_71' title="bbox 232 5267 1832 5344; baseline -0.008 -15"><span class='ocrx_word' id='word_1_381' title='bbox 232 5291 389 5330; x_wconf 84' lang='lat' dir='ltr'>vasa</span> <span class='ocrx_word' id='word_1_382' title='bbox 411 5267 552 5329; x_wconf 58' lang='lat' dir='ltr'>inea</span> <span class='ocrx_word' id='word_1_383' title='bbox 582 5267 794 5344; x_wconf 75' lang='lat' dir='ltr'>protuli</span> <span class='ocrx_word' id='word_1_384' title='bbox 823 5267 988 5342; x_wconf 81' lang='lat' dir='ltr'>quasi</span> <span class='ocrx_word' id='word_1_385' title='bbox 1013 5284 1152 5324; x_wconf 88' lang='lat' dir='ltr'>vasa</span> <span class='ocrx_word' id='word_1_386' title='bbox 1171 5267 1708 5334; x_wconf 86' lang='lat' dir='ltr'>transmigrationis</span> <span class='ocrx_word' id='word_1_387' title='bbox 1729 5279 1832 5333; x_wconf 91' lang='lat' dir='ltr'>per</span> 
     </span>
    </p>
   </div>
   <div class='ocr_carea' id='block_1_72' title="bbox 321 5345 532 5400">
    <p class='ocr_par' dir='ltr' id='par_1_72' title="bbox 321 5345 532 5400">
     <span class='ocr_line' id='line_1_72' title="bbox 321 5345 532 5400; baseline 0.005 -1"><span class='ocrx_word' id='word_1_388' title='bbox 321 5345 482 5400; x_wconf 90' lang='lat' dir='ltr'>diem</span> <span class='ocrx_word' id='word_1_389' title='bbox 519 5363 532 5400; x_wconf 89' lang='lat'><strong>:</strong></span> 
     </span>
    </p>
   </div>
   <div class='ocr_carea' id='block_1_73' title="bbox 154 5410 1516 5486">
    <p class='ocr_par' dir='ltr' id='par_1_73' title="bbox 154 5410 1516 5486">
     <span class='ocr_line' id='line_1_73' title="bbox 154 5410 1516 5486; baseline -0.01 -13"><span class='ocrx_word' id='word_1_390' title='bbox 154 5418 233 5473; x_wconf 85' lang='lat' dir='ltr'>Et</span> <span class='ocrx_word' id='word_1_391' title='bbox 266 5431 522 5486; x_wconf 85' lang='lat' dir='ltr'>vespere</span> <span class='ocrx_word' id='word_1_392' title='bbox 555 5414 774 5485; x_wconf 90' lang='lat' dir='ltr'>perfodi</span> <span class='ocrx_word' id='word_1_393' title='bbox 807 5411 948 5467; x_wconf 89' lang='lat' dir='ltr'>mihi</span> <span class='ocrx_word' id='word_1_394' title='bbox 984 5410 1264 5481; x_wconf 87' lang='lat' dir='ltr'>parietem</span> <span class='ocrx_word' id='word_1_395' title='bbox 1295 5422 1470 5462; x_wconf 88' lang='lat' dir='ltr'>manu</span> <span class='ocrx_word' id='word_1_396' title='bbox 1503 5422 1516 5460; x_wconf 93' lang='lat'><strong>:</strong></span> 
     </span>
    </p>
   </div>
   <div class='ocr_carea' id='block_1_74' title="bbox 235 5488 1084 5559">
    <p class='ocr_par' dir='ltr' id='par_1_74' title="bbox 235 5488 1084 5559">
     <span class='ocr_line' id='line_1_74' title="bbox 235 5488 1084 5559; baseline -0.006 -19"><span class='ocrx_word' id='word_1_397' title='bbox 235 5489 308 5542; x_wconf 86' lang='lat' dir='ltr'>in</span> <span class='ocrx_word' id='word_1_398' title='bbox 350 5488 600 5559; x_wconf 81' lang='lat' dir='ltr'>caligine</span> <span class='ocrx_word' id='word_1_399' title='bbox 630 5499 904 5559; x_wconf 82' lang='lat' dir='ltr'>egressus</span> <span class='ocrx_word' id='word_1_400' title='bbox 929 5498 1084 5559; x_wconf 88' lang='lat' dir='ltr'>sum,</span> 
     </span>
    </p>
   </div>
   <div class='ocr_carea' id='block_1_75' title="bbox 238 5552 1687 5628">
    <p class='ocr_par' dir='ltr' id='par_1_75' title="bbox 238 5552 1687 5628">
     <span class='ocr_line' id='line_1_75' title="bbox 238 5552 1687 5628; baseline -0.011 -14"><span class='ocrx_word' id='word_1_401' title='bbox 238 5562 310 5614; x_wconf 86' lang='lat' dir='ltr'>et</span> <span class='ocrx_word' id='word_1_402' title='bbox 345 5557 407 5612; x_wconf 90' lang='lat' dir='ltr'>in</span> <span class='ocrx_word' id='word_1_403' title='bbox 437 5552 704 5613; x_wconf 50' lang='lat' dir='ltr'>bvumeri&#39;s</span> <span class='ocrx_word' id='word_1_404' title='bbox 735 5554 1090 5628; x_wconf 81' lang='lat' dir='ltr'>portatusin</span> <span class='ocrx_word' id='word_1_405' title='bbox 1123 5552 1435 5628; x_wconf 83' lang='lat' dir='ltr'>conspectu</span> <span class='ocrx_word' id='word_1_406' title='bbox 1465 5561 1687 5628; x_wconf 69' lang='lat' dir='ltr'>eorum.</span> 
     </span>
    </p>
   </div>
   <div class='ocr_carea' id='block_1_76' title="bbox 157 5617 1826 5686">
    <p class='ocr_par' dir='ltr' id='par_1_76' title="bbox 157 5617 1826 5686">
     <span class='ocr_line' id='line_1_76' title="bbox 157 5617 1826 5686; baseline -0.009 0"><span class='ocrx_word' id='word_1_407' title='bbox 157 5635 240 5686; x_wconf 79' lang='lat' dir='ltr'>Et</span> <span class='ocrx_word' id='word_1_408' title='bbox 277 5630 481 5684; x_wconf 85' lang='lat' dir='ltr'>factus</span> <span class='ocrx_word' id='word_1_409' title='bbox 510 5637 598 5685; x_wconf 88' lang='lat' dir='ltr'>est</span> <span class='ocrx_word' id='word_1_410' title='bbox 629 5617 821 5683; x_wconf 80' lang='lat' dir='ltr'>sermo</span> <span class='ocrx_word' id='word_1_411' title='bbox 857 5625 1085 5681; x_wconf 87' lang='lat' dir='ltr'>Domini</span> <span class='ocrx_word' id='word_1_412' title='bbox 1123 5623 1192 5677; x_wconf 92' lang='lat' dir='ltr'>ad</span> <span class='ocrx_word' id='word_1_413' title='bbox 1229 5617 1320 5674; x_wconf 83' lang='lat' dir='ltr'>me</span> <span class='ocrx_word' id='word_1_414' title='bbox 1352 5633 1546 5681; x_wconf 89' lang='lat' dir='ltr'>mane,</span> <span class='ocrx_word' id='word_1_415' title='bbox 1581 5617 1780 5671; x_wconf 89' lang='lat' dir='ltr'>dicens</span> <span class='ocrx_word' id='word_1_416' title='bbox 1813 5633 1826 5671; x_wconf 87' lang='lat'><strong>:</strong></span> 
     </span>
    </p>
   </div>
   <div class='ocr_carea' id='block_1_77' title="bbox 167 5700 608 5764">
    <p class='ocr_par' dir='ltr' id='par_1_77' title="bbox 167 5700 608 5764">
     <span class='ocr_line' id='line_1_77' title="bbox 167 5700 608 5764; baseline 0.002 -10"><span class='ocrx_word' id='word_1_417' title='bbox 167 5701 286 5754; x_wconf 79' lang='lat' dir='ltr'>Fili</span> <span class='ocrx_word' id='word_1_418' title='bbox 327 5700 608 5764; x_wconf 86' lang='lat' dir='ltr'>hominis,</span> 
     </span>
    </p>
   </div>
   <div class='ocr_carea' id='block_1_78' title="bbox 246 5759 1833 5842">
    <p class='ocr_par' dir='ltr' id='par_1_78' title="bbox 246 5759 1833 5842">
     <span class='ocr_line' id='line_1_78' title="bbox 246 5759 1833 5842; baseline -0.009 -16"><span class='ocrx_word' id='word_1_419' title='bbox 246 5771 529 5842; x_wconf 85' lang='lat' dir='ltr'>nunquid</span> <span class='ocrx_word' id='word_1_420' title='bbox 557 5759 673 5827; x_wconf 84' lang='lat' dir='ltr'>non</span> <span class='ocrx_word' id='word_1_421' title='bbox 696 5768 965 5824; x_wconf 83' lang='lat' dir='ltr'>dixerunt</span> <span class='ocrx_word' id='word_1_422' title='bbox 985 5766 1056 5822; x_wconf 90' lang='lat' dir='ltr'>ad</span> <span class='ocrx_word' id='word_1_423' title='bbox 1078 5771 1134 5821; x_wconf 90' lang='lat' dir='ltr'>te</span> <span class='ocrx_word' id='word_1_424' title='bbox 1155 5765 1366 5819; x_wconf 91' lang='lat' dir='ltr'>domus</span> <span class='ocrx_word' id='word_1_425' title='bbox 1399 5759 1596 5826; x_wconf 90' lang='lat' dir='ltr'>Israel,</span> <span class='ocrx_word' id='word_1_426' title='bbox 1621 5760 1833 5814; x_wconf 89' lang='lat' dir='ltr'>domus</span> 
     </span>
    </p>
   </div>
   <div class='ocr_carea' id='block_1_79' title="bbox 1336 229 2472 284">
    <p class='ocr_par' dir='ltr' id='par_1_79' title="bbox 1336 229 2472 284">
     <span class='ocr_line' id='line_1_79' title="bbox 1336 229 2472 284; baseline 0.002 -4"><span class='ocrx_word' id='word_1_427' title='bbox 1336 229 1551 282; x_wconf 78' lang='lat' dir='ltr'><strong>LIBER</strong></span> <span class='ocrx_word' id='word_1_428' title='bbox 1589 230 2010 282; x_wconf 81' lang='lat' dir='ltr'>EZECHIELIS</span> <span class='ocrx_word' id='word_1_429' title='bbox 2054 229 2472 284; x_wconf 71' lang='grc' dir='ltr'>ΡΙὶΟΡΗΕΤΛΕ.</span> 
     </span>
    </p>
   </div>
   <div class='ocr_carea' id='block_1_80' title="bbox 3482 235 3624 289">
    <p class='ocr_par' dir='ltr' id='par_1_80' title="bbox 3482 235 3624 289">
     <span class='ocr_line' id='line_1_80' title="bbox 3482 235 3624 289; baseline 0.014 -2"><span class='ocrx_word' id='word_1_430' title='bbox 3482 235 3624 289; x_wconf 83' lang='grc'>1010</span> 
     </span>
    </p>
   </div>
   <div class='ocr_carea' id='block_1_81' title="bbox 1884 358 2514 424">
    <p class='ocr_par' dir='ltr' id='par_1_81' title="bbox 1884 358 2514 424">
     <span class='ocr_line' id='line_1_81' title="bbox 1884 358 2514 424; baseline 0.002 -17"><span class='ocrx_word' id='word_1_431' title='bbox 1884 358 1937 420; x_wconf 87' lang='grc' dir='ltr'><strong>Α</strong></span> <span class='ocrx_word' id='word_1_432' title='bbox 1984 423 1995 424; x_wconf 18' lang='lat'><em>7</em></span> <span class='ocrx_word' id='word_1_433' title='bbox 2103 369 2514 424; x_wconf 80' lang='lat' dir='ltr'>exasperans:</span> 
     </span>
    </p>
   </div>
   <div class='ocr_carea' id='block_1_82' title="bbox 1968 423 2434 485">
    <p class='ocr_par' dir='ltr' id='par_1_82' title="bbox 1968 423 2434 485">
     <span class='ocr_line' id='line_1_82' title="bbox 1968 423 2434 485; baseline 0.004 -9"><span class='ocrx_word' id='word_1_434' title='bbox 1968 423 2116 485; x_wconf 89' lang='lat' dir='ltr'>Quid</span> <span class='ocrx_word' id='word_1_435' title='bbox 2150 429 2209 478; x_wconf 90' lang='lat' dir='ltr'>tu</span> <span class='ocrx_word' id='word_1_436' title='bbox 2246 423 2388 480; x_wconf 85' lang='lat' dir='ltr'>facis</span> <span class='ocrx_word' id='word_1_437' title='bbox 2407 425 2434 478; x_wconf 85' lang='lat'><strong>?</strong></span> 
     </span>
    </p>
   </div>
   <div class='ocr_carea' id='block_1_83' title="bbox 1961 495 2342 552">
    <p class='ocr_par' dir='ltr' id='par_1_83' title="bbox 1961 495 2342 552">
     <span class='ocr_line' id='line_1_83' title="bbox 1961 495 2342 552; baseline 0.008 -3"><span class='ocrx_word' id='word_1_438' title='bbox 1961 495 2063 550; x_wconf 89' lang='lat' dir='ltr'>Dic</span> <span class='ocrx_word' id='word_1_439' title='bbox 2095 497 2165 549; x_wconf 87' lang='lat' dir='ltr'>ad</span> <span class='ocrx_word' id='word_1_440' title='bbox 2201 511 2342 552; x_wconf 91' lang='lat' dir='ltr'>eos:</span> 
     </span>
    </p>
   </div>
   <div class='ocr_carea' id='block_1_84' title="bbox 1959 566 2810 623">
    <p class='ocr_par' dir='ltr' id='par_1_84' title="bbox 1959 566 2810 623">
     <span class='ocr_line' id='line_1_84' title="bbox 1959 566 2810 623; baseline 0.002 -3"><span class='ocrx_word' id='word_1_441' title='bbox 1959 571 2093 622; x_wconf 75' lang='lat' dir='ltr'>Hzec</span> <span class='ocrx_word' id='word_1_442' title='bbox 2125 567 2266 622; x_wconf 88' lang='lat' dir='ltr'>dicit</span> <span class='ocrx_word' id='word_1_443' title='bbox 2295 566 2579 623; x_wconf 89' lang='lat' dir='ltr'>Dominus</span> <span class='ocrx_word' id='word_1_444' title='bbox 2610 570 2761 622; x_wconf 88' lang='lat' dir='ltr'>Deus</span> <span class='ocrx_word' id='word_1_445' title='bbox 2797 583 2810 621; x_wconf 90' lang='lat'><strong>:</strong></span> 
     </span>
    </p>
   </div>
   <div class='ocr_carea' id='block_1_85' title="bbox 1956 638 3504 709">
    <p class='ocr_par' dir='ltr' id='par_1_85' title="bbox 1956 638 3504 709">
     <span class='ocr_line' id='line_1_85' title="bbox 1956 638 3504 709; baseline 0.003 -17"><span class='ocrx_word' id='word_1_446' title='bbox 1956 642 2144 709; x_wconf 85' lang='lat' dir='ltr'>Super</span> <span class='ocrx_word' id='word_1_447' title='bbox 2175 639 2383 694; x_wconf 89' lang='lat' dir='ltr'>ducem</span> <span class='ocrx_word' id='word_1_448' title='bbox 2417 655 2567 693; x_wconf 88' lang='lat' dir='ltr'>onus</span> <span class='ocrx_word' id='word_1_449' title='bbox 2600 638 2779 707; x_wconf 91' lang='lat' dir='ltr'>istud,</span> <span class='ocrx_word' id='word_1_450' title='bbox 2809 639 2910 709; x_wconf 91' lang='lat' dir='ltr'>qui</span> <span class='ocrx_word' id='word_1_451' title='bbox 2942 644 3026 694; x_wconf 89' lang='lat' dir='ltr'>est</span> <span class='ocrx_word' id='word_1_452' title='bbox 3060 639 3117 694; x_wconf 90' lang='lat' dir='ltr'>in</span> <span class='ocrx_word' id='word_1_453' title='bbox 3151 641 3504 709; x_wconf 85' lang='lat' dir='ltr'>Jerusalem,</span> 
     </span>
    </p>
   </div>
   <div class='ocr_carea' id='block_1_86' title="bbox 2025 709 3606 782">
    <p class='ocr_par' dir='ltr' id='par_1_86' title="bbox 2025 709 3606 782">
     <span class='ocr_line' id='line_1_86' title="bbox 2025 709 3606 782; baseline 0.003 -17"><span class='ocrx_word' id='word_1_454' title='bbox 2025 715 2082 766; x_wconf 91' lang='lat' dir='ltr'>et</span> <span class='ocrx_word' id='word_1_455' title='bbox 2113 726 2291 781; x_wconf 89' lang='lat' dir='ltr'>super</span> <span class='ocrx_word' id='word_1_456' title='bbox 2320 726 2554 766; x_wconf 91' lang='lat' dir='ltr'>omnem</span> <span class='ocrx_word' id='word_1_457' title='bbox 2586 710 2828 765; x_wconf 91' lang='lat' dir='ltr'>domum</span> <span class='ocrx_word' id='word_1_458' title='bbox 2862 709 3189 782; x_wconf 78' lang='lat' dir='ltr'>Israel,qua3</span> <span class='ocrx_word' id='word_1_459' title='bbox 3222 718 3309 769; x_wconf 90' lang='lat' dir='ltr'>est</span> <span class='ocrx_word' id='word_1_460' title='bbox 3331 713 3390 768; x_wconf 90' lang='lat' dir='ltr'>in</span> <span class='ocrx_word' id='word_1_461' title='bbox 3415 714 3606 770; x_wconf 91' lang='lat' dir='ltr'>medio</span> 
     </span>
    </p>
   </div>
   <div class='ocr_carea' id='block_1_87' title="bbox 2098 798 2322 837">
    <p class='ocr_par' dir='ltr' id='par_1_87' title="bbox 2098 798 2322 837">
     <span class='ocr_line' id='line_1_87' title="bbox 2098 798 2322 837; baseline 0.004 -1"><span class='ocrx_word' id='word_1_462' title='bbox 2098 798 2322 837; x_wconf 90' lang='lat' dir='ltr'>eorum.</span> 
     </span>
    </p>
   </div>
   <div class='ocr_carea' id='block_1_88' title="bbox 1954 852 2960 924">
    <p class='ocr_par' dir='ltr' id='par_1_88' title="bbox 1954 852 2960 924">
     <span class='ocr_line' id='line_1_88' title="bbox 1954 852 2960 924; baseline 0 -18"><span class='ocrx_word' id='word_1_463' title='bbox 1954 852 2055 906; x_wconf 92' lang='lat' dir='ltr'>Dic</span> <span class='ocrx_word' id='word_1_464' title='bbox 2088 868 2102 908; x_wconf 89' lang='lat'><strong>:</strong></span> <span class='ocrx_word' id='word_1_465' title='bbox 2135 853 2251 924; x_wconf 88' lang='lat' dir='ltr'>Ego</span> <span class='ocrx_word' id='word_1_466' title='bbox 2288 855 2912 924; x_wconf 63' lang='lat' dir='ltr'>portentumyestrum</span> <span class='ocrx_word' id='word_1_467' title='bbox 2949 869 2960 906; x_wconf 96' lang='lat'>:</span> 
     </span>
    </p>
   </div>
   <div class='ocr_carea' id='block_1_89' title="bbox 2025 921 2792 996">
    <p class='ocr_par' dir='ltr' id='par_1_89' title="bbox 2025 921 2792 996">
     <span class='ocr_line' id='line_1_89' title="bbox 2025 921 2792 996; baseline -0.003 -18"><span class='ocrx_word' id='word_1_468' title='bbox 2025 921 2321 996; x_wconf 79' lang='lat' dir='ltr'>quomodo</span> <span class='ocrx_word' id='word_1_469' title='bbox 2354 922 2600 996; x_wconf 12' lang='lat' dir='ltr'>feci,isic</span> <span class='ocrx_word' id='word_1_470' title='bbox 2632 921 2750 978; x_wconf 92' lang='lat' dir='ltr'>illis</span> <span class='ocrx_word' id='word_1_471' title='bbox 2781 940 2792 976; x_wconf 95' lang='lat'>:</span> 
     </span>
    </p>
   </div>
   <div class='ocr_carea' id='block_1_90' title="bbox 2022 993 3537 1066">
    <p class='ocr_par' dir='ltr' id='par_1_90' title="bbox 2022 993 3537 1066">
     <span class='ocr_line' id='line_1_90' title="bbox 2022 993 3537 1066; baseline 0.003 -17"><span class='ocrx_word' id='word_1_472' title='bbox 2022 993 2080 1050; x_wconf 79' lang='lat' dir='ltr'>in</span> <span class='ocrx_word' id='word_1_473' title='bbox 2107 995 2708 1066; x_wconf 89' lang='lat' dir='ltr'>transmigrationem,</span> <span class='ocrx_word' id='word_1_474' title='bbox 2740 998 2797 1049; x_wconf 92' lang='lat' dir='ltr'>et</span> <span class='ocrx_word' id='word_1_475' title='bbox 2825 993 2884 1047; x_wconf 90' lang='lat' dir='ltr'>in</span> <span class='ocrx_word' id='word_1_476' title='bbox 2918 993 3313 1066; x_wconf 86' lang='lat' dir='ltr'>captivitatem</span> <span class='ocrx_word' id='word_1_477' title='bbox 3346 998 3537 1053; x_wconf 89' lang='lat' dir='ltr'>ibunt.</span> 
     </span>
    </p>
   </div>
   <div class='ocr_carea' id='block_1_91' title="bbox 1951 1065 3602 1191">
    <p class='ocr_par' dir='ltr' id='par_1_91' title="bbox 1951 1065 3602 1191">
     <span class='ocr_line' id='line_1_91' title="bbox 1951 1065 3602 1191; baseline 0.002 -71"><span class='ocrx_word' id='word_1_478' title='bbox 1951 1065 2019 1120; x_wconf 89' lang='lat' dir='ltr'>Et</span> <span class='ocrx_word' id='word_1_479' title='bbox 2049 1067 2296 1191; x_wconf 51' lang='lat' dir='ltr'>dpxggtui</span> <span class='ocrx_word' id='word_1_480' title='bbox 2330 1065 2419 1122; x_wconf 83' lang='lat' dir='ltr'>est</span> <span class='ocrx_word' id='word_1_481' title='bbox 2450 1067 2509 1121; x_wconf 92' lang='lat' dir='ltr'>in</span> <span class='ocrx_word' id='word_1_482' title='bbox 2542 1066 2734 1121; x_wconf 90' lang='lat' dir='ltr'>medio</span> <span class='ocrx_word' id='word_1_483' title='bbox 2767 1065 3001 1132; x_wconf 78' lang='lat' dir='ltr'>eorum,</span> <span class='ocrx_word' id='word_1_484' title='bbox 3045 1065 3102 1120; x_wconf 92' lang='lat' dir='ltr'>in</span> <span class='ocrx_word' id='word_1_485' title='bbox 3155 1067 3420 1124; x_wconf 89' lang='lat' dir='ltr'>humeris</span> <span class='ocrx_word' id='word_1_486' title='bbox 3468 1087 3602 1142; x_wconf 82' lang='lat' dir='ltr'>por-</span> 
     </span>
     <span class='ocr_line' id='line_1_92' title="bbox 2119 1155 2335 1191; baseline 0 0"><span class='ocrx_word' id='word_1_487' title='bbox 2119 1155 2148 1191; x_wconf 92' lang='lat' dir='ltr'>a</span> <span class='ocrx_word' id='word_1_488' title='bbox 2198 1155 2210 1191; x_wconf 83' lang='grc' dir='ltr'>ι</span> <span class='ocrx_word' id='word_1_489' title='bbox 2249 1155 2335 1191; x_wconf 87' lang='lat' dir='ltr'>ur.</span> 
     </span>
    </p>
   </div>
   <div class='ocr_carea' id='block_1_92' title="bbox 2092 1139 2316 1192">
    <p class='ocr_par' dir='ltr' id='par_1_92' title="bbox 2092 1139 2316 1192">
     <span class='ocr_line' id='line_1_93' title="bbox 2092 1139 2316 1192; baseline 0 -1"><span class='ocrx_word' id='word_1_490' title='bbox 2092 1139 2316 1192; x_wconf 88' lang='lat' dir='ltr'>tabitur</span> 
     </span>
    </p>
   </div>
   <div class='ocr_carea' id='block_1_93' title="bbox 2019 1183 2771 1281">
    <p class='ocr_par' dir='ltr' id='par_1_93' title="bbox 2019 1183 2771 1281">
     <span class='ocr_line' id='line_1_94' title="bbox 2019 1183 2771 1281; baseline 0 -19"><span class='ocrx_word' id='word_1_491' title='bbox 2019 1209 2078 1264; x_wconf 91' lang='lat' dir='ltr'>in</span> <span class='ocrx_word' id='word_1_492' title='bbox 2111 1183 2361 1281; x_wconf 57' lang='lat' dir='ltr'>caligin’e</span> <span class='ocrx_word' id='word_1_493' title='bbox 2391 1208 2726 1281; x_wconf 84' lang='lat' dir='ltr'>egredietur</span> <span class='ocrx_word' id='word_1_494' title='bbox 2759 1225 2771 1262; x_wconf 89' lang='lat'><em>:</em></span> 
     </span>
    </p>
   </div>
   <div class='ocr_carea' id='block_1_94' title="bbox 1949 1279 3172 1351">
    <p class='ocr_par' dir='ltr' id='par_1_94' title="bbox 1949 1279 3172 1351">
     <span class='ocr_line' id='line_1_95' title="bbox 1949 1279 3172 1351; baseline 0 -17"><span class='ocrx_word' id='word_1_495' title='bbox 1949 1279 2610 1351; x_wconf 56' lang='lat' dir='ltr'>Parietem&#39;perfodient,</span> <span class='ocrx_word' id='word_1_496' title='bbox 2647 1285 2710 1334; x_wconf 88' lang='lat' dir='ltr'>ut</span> <span class='ocrx_word' id='word_1_497' title='bbox 2734 1280 2987 1335; x_wconf 88' lang='lat' dir='ltr'>educant</span> <span class='ocrx_word' id='word_1_498' title='bbox 3016 1295 3172 1348; x_wconf 91' lang='lat' dir='ltr'>eum,</span> 
     </span>
    </p>
   </div>
   <div class='ocr_carea' id='block_1_95' title="bbox 2018 1351 3602 1425">
    <p class='ocr_par' dir='ltr' id='par_1_95' title="bbox 2018 1351 3602 1425">
     <span class='ocr_line' id='line_1_96' title="bbox 2018 1351 3602 1425; baseline 0.002 -19"><span class='ocrx_word' id='word_1_499' title='bbox 2018 1353 2192 1407; x_wconf 87' lang='lat' dir='ltr'>facies</span> <span class='ocrx_word' id='word_1_500' title='bbox 2226 1353 2354 1425; x_wconf 86' lang='lat' dir='ltr'>ejus</span> <span class='ocrx_word' id='word_1_501' title='bbox 2384 1351 2776 1423; x_wconf 88' lang='lat' dir='ltr'>operietur,ut</span> <span class='ocrx_word' id='word_1_502' title='bbox 2806 1367 2920 1406; x_wconf 91' lang='lat' dir='ltr'>non</span> <span class='ocrx_word' id='word_1_503' title='bbox 2951 1351 3144 1425; x_wconf 79' lang='lat' dir='ltr'>videat</span> <span class='ocrx_word' id='word_1_504' title='bbox 3165 1351 3336 1408; x_wconf 88' lang='lat' dir='ltr'>oculo</span> <span class='ocrx_word' id='word_1_505' title='bbox 3359 1355 3602 1425; x_wconf 89' lang='lat' dir='ltr'>terram,</span> 
     </span>
    </p>
   </div>
   <div class='ocr_carea' id='block_1_96' title="bbox 1944 1422 3162 1494">
    <p class='ocr_par' dir='ltr' id='par_1_96' title="bbox 1944 1422 3162 1494">
     <span class='ocr_line' id='line_1_97' title="bbox 1944 1422 3162 1494; baseline 0.001 -18"><span class='ocrx_word' id='word_1_506' title='bbox 1944 1422 2012 1476; x_wconf 89' lang='lat' dir='ltr'>Et</span> <span class='ocrx_word' id='word_1_507' title='bbox 2043 1423 2351 1479; x_wconf 85' lang='lat' dir='ltr'>extendam</span> <span class='ocrx_word' id='word_1_508' title='bbox 2381 1422 2500 1494; x_wconf 84' lang='lat' dir='ltr'>rete</span> <span class='ocrx_word' id='word_1_509' title='bbox 2532 1438 2729 1477; x_wconf 88' lang='lat' dir='ltr'>meum</span> <span class='ocrx_word' id='word_1_510' title='bbox 2763 1439 2944 1494; x_wconf 89' lang='lat' dir='ltr'>super</span> <span class='ocrx_word' id='word_1_511' title='bbox 2972 1422 3162 1490; x_wconf 89' lang='lat' dir='ltr'>illum,</span> 
     </span>
    </p>
   </div>
   <div class='ocr_carea' id='block_1_97' title="bbox 2017 1493 2921 1566">
    <p class='ocr_par' dir='ltr' id='par_1_97' title="bbox 2017 1493 2921 1566">
     <span class='ocr_line' id='line_1_98' title="bbox 2017 1493 2921 1566; baseline 0.001 -18"><span class='ocrx_word' id='word_1_512' title='bbox 2017 1494 2081 1548; x_wconf 89' lang='lat' dir='ltr'>Et</span> <span class='ocrx_word' id='word_1_513' title='bbox 2111 1495 2377 1566; x_wconf 90' lang='lat' dir='ltr'>capietur</span> <span class='ocrx_word' id='word_1_514' title='bbox 2405 1493 2464 1548; x_wconf 90' lang='lat' dir='ltr'>in</span> <span class='ocrx_word' id='word_1_515' title='bbox 2499 1510 2716 1566; x_wconf 87' lang='lat' dir='ltr'>sagena</span> <span class='ocrx_word' id='word_1_516' title='bbox 2748 1493 2876 1566; x_wconf 84' lang='lat' dir='ltr'>mea</span> <span class='ocrx_word' id='word_1_517' title='bbox 2907 1510 2921 1549; x_wconf 90' lang='lat'>:</span> 
     </span>
    </p>
   </div>
   <div class='ocr_carea' id='block_1_98' title="bbox 1942 1563 3596 1634">
    <p class='ocr_par' dir='ltr' id='par_1_98' title="bbox 1942 1563 3596 1634">
     <span class='ocr_line' id='line_1_99' title="bbox 1942 1563 3596 1634; baseline 0.002 -15"><span class='ocrx_word' id='word_1_518' title='bbox 1942 1564 2013 1621; x_wconf 88' lang='lat' dir='ltr'>Et</span> <span class='ocrx_word' id='word_1_519' title='bbox 2043 1563 2331 1622; x_wconf 69' lang='lat' dir='ltr'>adducam</span> <span class='ocrx_word' id='word_1_520' title='bbox 2355 1582 2489 1620; x_wconf 88' lang='lat' dir='ltr'>eum</span> <span class='ocrx_word' id='word_1_521' title='bbox 2513 1563 2948 1634; x_wconf 69' lang='lat' dir='ltr'>inBabylonem</span> <span class='ocrx_word' id='word_1_522' title='bbox 2979 1566 3036 1620; x_wconf 90' lang='lat' dir='ltr'>in</span> <span class='ocrx_word' id='word_1_523' title='bbox 3059 1568 3275 1622; x_wconf 90' lang='lat' dir='ltr'>terram</span> <span class='ocrx_word' id='word_1_524' title='bbox 3299 1565 3596 1624; x_wconf 83' lang='lat' dir='ltr'>Chaldaeo-</span> 
     </span>
    </p>
   </div>
   <div class='ocr_carea' id='block_1_99' title="bbox 2087 1654 2270 1692">
    <p class='ocr_par' dir='ltr' id='par_1_99' title="bbox 2087 1654 2270 1692">
     <span class='ocr_line' id='line_1_100' title="bbox 2087 1654 2270 1692; baseline 0.005 -1"><span class='ocrx_word' id='word_1_525' title='bbox 2087 1655 2220 1692; x_wconf 90' lang='lat' dir='ltr'>rum</span> <span class='ocrx_word' id='word_1_526' title='bbox 2257 1654 2270 1692; x_wconf 72' lang='grc' dir='ltr'><strong>Ξ</strong></span> 
     </span>
    </p>
   </div>
   <div class='ocr_carea' id='block_1_100' title="bbox 2012 1706 3268 1780">
    <p class='ocr_par' dir='ltr' id='par_1_100' title="bbox 2012 1706 3268 1780">
     <span class='ocr_line' id='line_1_101' title="bbox 2012 1706 3268 1780; baseline 0 -17"><span class='ocrx_word' id='word_1_527' title='bbox 2012 1712 2069 1763; x_wconf 85' lang='lat' dir='ltr'>et</span> <span class='ocrx_word' id='word_1_528' title='bbox 2099 1709 2288 1780; x_wconf 88' lang='lat' dir='ltr'>ipsam</span> <span class='ocrx_word' id='word_1_529' title='bbox 2322 1706 2705 1780; x_wconf 14' lang='lat' dir='ltr'>nonqvidebit,</span> <span class='ocrx_word' id='word_1_530' title='bbox 2737 1707 2936 1777; x_wconf 90' lang='lat' dir='ltr'>ibique</span> <span class='ocrx_word' id='word_1_531' title='bbox 2966 1708 3268 1763; x_wconf 90' lang='lat' dir='ltr'>morietur.</span> 
     </span>
    </p>
   </div>
   <div class='ocr_carea' id='block_1_101' title="bbox 1940 1777 3596 1852">
    <p class='ocr_par' dir='ltr' id='par_1_101' title="bbox 1940 1777 3596 1852">
     <span class='ocr_line' id='line_1_102' title="bbox 1940 1777 3596 1852; baseline 0.002 -18"><span class='ocrx_word' id='word_1_532' title='bbox 1940 1779 2008 1834; x_wconf 87' lang='lat' dir='ltr'>Et</span> <span class='ocrx_word' id='word_1_533' title='bbox 2038 1777 2243 1836; x_wconf 81' lang='lat' dir='ltr'>omnes</span> <span class='ocrx_word' id='word_1_534' title='bbox 2274 1777 2728 1852; x_wconf 12' lang='lat' dir='ltr'>quicircareum</span> <span class='ocrx_word' id='word_1_535' title='bbox 2752 1784 2918 1852; x_wconf 81' lang='lat' dir='ltr'>sunt,</span> <span class='ocrx_word' id='word_1_536' title='bbox 2954 1780 3294 1851; x_wconf 80' lang='lat' dir='ltr'>praesidium</span> <span class='ocrx_word' id='word_1_537' title='bbox 3340 1782 3488 1850; x_wconf 91' lang='lat' dir='ltr'>ejus,</span> <span class='ocrx_word' id='word_1_538' title='bbox 3537 1787 3596 1838; x_wconf 91' lang='lat' dir='ltr'>et</span> 
     </span>
    </p>
   </div>
   <div class='ocr_carea' id='block_1_102' title="bbox 2080 1851 3547 1923">
    <p class='ocr_par' dir='ltr' id='par_1_102' title="bbox 2080 1851 3547 1923">
     <span class='ocr_line' id='line_1_103' title="bbox 2080 1851 3547 1923; baseline 0.001 -17"><span class='ocrx_word' id='word_1_539' title='bbox 2080 1851 2317 1923; x_wconf 81' lang='lat' dir='ltr'>agmina</span> <span class='ocrx_word' id='word_1_540' title='bbox 2347 1851 2498 1922; x_wconf 90' lang='lat' dir='ltr'>ejus,</span> <span class='ocrx_word' id='word_1_541' title='bbox 2531 1851 2870 1922; x_wconf 88' lang='lat' dir='ltr'>disperdam</span> <span class='ocrx_word' id='word_1_542' title='bbox 2903 1851 2960 1905; x_wconf 91' lang='lat' dir='ltr'>in</span> <span class='ocrx_word' id='word_1_543' title='bbox 2994 1867 3228 1907; x_wconf 88' lang='lat' dir='ltr'>omnem</span> <span class='ocrx_word' id='word_1_544' title='bbox 3261 1862 3499 1908; x_wconf 88' lang='lat' dir='ltr'>ventum</span> <span class='ocrx_word' id='word_1_545' title='bbox 3533 1870 3547 1908; x_wconf 90' lang='lat'>:</span> 
     </span>
    </p>
   </div>
   <div class='ocr_carea' id='block_1_103' title="bbox 2009 1923 3016 2006">
    <p class='ocr_par' dir='ltr' id='par_1_103' title="bbox 2009 1923 3016 2006">
     <span class='ocr_line' id='line_1_104' title="bbox 2009 1923 3016 2006; baseline -0.001 -29"><span class='ocrx_word' id='word_1_546' title='bbox 2009 1926 2065 1977; x_wconf 90' lang='lat' dir='ltr'>et</span> <span class='ocrx_word' id='word_1_547' title='bbox 2095 1923 2354 2006; x_wconf 76' lang='lat' dir='ltr'>gladium</span> <span class='ocrx_word' id='word_1_548' title='bbox 2388 1923 2720 2006; x_wconf 45' lang='lat' dir='ltr'>evaginabo.</span> <span class='ocrx_word' id='word_1_549' title='bbox 2736 1926 2866 1994; x_wconf 89' lang='lat' dir='ltr'>post</span> <span class='ocrx_word' id='word_1_550' title='bbox 2897 1937 3016 1978; x_wconf 90' lang='lat' dir='ltr'>eos.</span> 
     </span>
    </p>
   </div>
   <div class='ocr_carea' id='block_1_104' title="bbox 1937 1993 2885 2066">
    <p class='ocr_par' dir='ltr' id='par_1_104' title="bbox 1937 1993 2885 2066">
     <span class='ocr_line' id='line_1_105' title="bbox 1937 1993 2885 2066; baseline -0.002 -16"><span class='ocrx_word' id='word_1_551' title='bbox 1937 1994 2008 2050; x_wconf 88' lang='lat' dir='ltr'>Et</span> <span class='ocrx_word' id='word_1_552' title='bbox 2039 1993 2226 2050; x_wconf 89' lang='lat' dir='ltr'>scient</span> <span class='ocrx_word' id='word_1_553' title='bbox 2254 1993 2393 2065; x_wconf 91' lang='lat' dir='ltr'>quia</span> <span class='ocrx_word' id='word_1_554' title='bbox 2421 1993 2527 2066; x_wconf 87' lang='lat' dir='ltr'>ego</span> <span class='ocrx_word' id='word_1_555' title='bbox 2559 1993 2842 2066; x_wconf 79' lang='lat' dir='ltr'>Dominus</span> <span class='ocrx_word' id='word_1_556' title='bbox 2871 2009 2885 2048; x_wconf 88' lang='lat'><strong>:</strong></span> 
     </span>
    </p>
   </div>
   <div class='ocr_carea' id='block_1_105' title="bbox 2008 2063 3590 2137">
    <p class='ocr_par' dir='ltr' id='par_1_105' title="bbox 2008 2063 3590 2137">
     <span class='ocr_line' id='line_1_106' title="bbox 2008 2063 3590 2137; baseline 0.001 -17"><span class='ocrx_word' id='word_1_557' title='bbox 2008 2067 2244 2136; x_wconf 89' lang='lat' dir='ltr'>quando</span> <span class='ocrx_word' id='word_1_558' title='bbox 2271 2063 2604 2137; x_wconf 61' lang='lat' dir='ltr'>disper&#39;sero</span> <span class='ocrx_word' id='word_1_559' title='bbox 2637 2063 2768 2137; x_wconf 89' lang='lat' dir='ltr'>illos</span> <span class='ocrx_word' id='word_1_560' title='bbox 2798 2065 2857 2120; x_wconf 91' lang='lat' dir='ltr'>in</span> <span class='ocrx_word' id='word_1_561' title='bbox 2889 2065 3185 2136; x_wconf 83' lang='lat' dir='ltr'>gentibus,</span> <span class='ocrx_word' id='word_1_562' title='bbox 3219 2068 3276 2120; x_wconf 92' lang='lat' dir='ltr'>et</span> <span class='ocrx_word' id='word_1_563' title='bbox 3309 2066 3590 2123; x_wconf 90' lang='lat' dir='ltr'>dissemi-</span> 
     </span>
    </p>
   </div>
   <div class='ocr_carea' id='block_1_106' title="bbox 2078 2136 2734 2193">
    <p class='ocr_par' dir='ltr' id='par_1_106' title="bbox 2078 2136 2734 2193">
     <span class='ocr_line' id='line_1_107' title="bbox 2078 2136 2734 2193; baseline -0.002 -2"><span class='ocrx_word' id='word_1_564' title='bbox 2078 2153 2290 2193; x_wconf 89' lang='lat' dir='ltr'>navero</span> <span class='ocrx_word' id='word_1_565' title='bbox 2322 2136 2420 2192; x_wconf 80' lang='lat' dir='ltr'>eos</span> <span class='ocrx_word' id='word_1_566' title='bbox 2452 2137 2511 2191; x_wconf 91' lang='lat' dir='ltr'>in</span> <span class='ocrx_word' id='word_1_567' title='bbox 2542 2136 2734 2191; x_wconf 90' lang='lat' dir='ltr'>terris.</span> 
     </span>
    </p>
   </div>
   <div class='ocr_carea' id='block_1_107' title="bbox 1937 2205 3586 2282">
    <p class='ocr_par' dir='ltr' id='par_1_107' title="bbox 1937 2205 3586 2282">
     <span class='ocr_line' id='line_1_108' title="bbox 1937 2205 3586 2282; baseline 0.002 -20"><span class='ocrx_word' id='word_1_568' title='bbox 1937 2208 2004 2263; x_wconf 90' lang='lat' dir='ltr'>Et</span> <span class='ocrx_word' id='word_1_569' title='bbox 2023 2207 2409 2282; x_wconf 77' lang='lat' dir='ltr'>reliquamex</span> <span class='ocrx_word' id='word_1_570' title='bbox 2439 2208 2526 2282; x_wconf 84' lang='lat' dir='ltr'>eis</span> <span class='ocrx_word' id='word_1_571' title='bbox 2556 2208 2712 2262; x_wconf 91' lang='lat' dir='ltr'>viros</span> <span class='ocrx_word' id='word_1_572' title='bbox 2744 2222 2982 2279; x_wconf 87' lang='lat' dir='ltr'>paucos,</span> <span class='ocrx_word' id='word_1_573' title='bbox 3015 2223 3048 2262; x_wconf 90' lang='lat' dir='ltr'>a</span> <span class='ocrx_word' id='word_1_574' title='bbox 3076 2205 3293 2280; x_wconf 86' lang='lat' dir='ltr'>gladio,</span> <span class='ocrx_word' id='word_1_575' title='bbox 3325 2211 3384 2263; x_wconf 91' lang='lat' dir='ltr'>et</span> <span class='ocrx_word' id='word_1_576' title='bbox 3411 2208 3586 2276; x_wconf 86' lang='lat' dir='ltr'>fame,</span> 
     </span>
    </p>
   </div>
   <div class='ocr_carea' id='block_1_108' title="bbox 2077 2279 2546 2351">
    <p class='ocr_par' dir='ltr' id='par_1_108' title="bbox 2077 2279 2546 2351">
     <span class='ocr_line' id='line_1_109' title="bbox 2077 2279 2546 2351; baseline -0.002 -16"><span class='ocrx_word' id='word_1_577' title='bbox 2077 2283 2132 2335; x_wconf 88' lang='lat' dir='ltr'>et</span> <span class='ocrx_word' id='word_1_578' title='bbox 2154 2279 2499 2351; x_wconf 83' lang='lat' dir='ltr'>pestilentia</span> <span class='ocrx_word' id='word_1_579' title='bbox 2533 2295 2546 2334; x_wconf 89' lang='lat'><strong>:</strong></span> 
     </span>
    </p>
   </div>
   <div class='ocr_carea' id='block_1_109' title="bbox 2005 2348 3582 2420">
    <p class='ocr_par' dir='ltr' id='par_1_109' title="bbox 2005 2348 3582 2420">
     <span class='ocr_line' id='line_1_110' title="bbox 2005 2348 3582 2420; baseline 0.001 -14"><span class='ocrx_word' id='word_1_580' title='bbox 2005 2355 2072 2406; x_wconf 91' lang='lat' dir='ltr'>ut</span> <span class='ocrx_word' id='word_1_581' title='bbox 2099 2348 2376 2407; x_wconf 56' lang='lat' dir='ltr'>en&#39;arrent</span> <span class='ocrx_word' id='word_1_582' title='bbox 2404 2349 2601 2405; x_wconf 87' lang='lat' dir='ltr'>omnia</span> <span class='ocrx_word' id='word_1_583' title='bbox 2628 2349 2848 2406; x_wconf 88' lang='lat' dir='ltr'>scelera</span> <span class='ocrx_word' id='word_1_584' title='bbox 2876 2365 3080 2405; x_wconf 89' lang='lat' dir='ltr'>eorum</span> <span class='ocrx_word' id='word_1_585' title='bbox 3113 2348 3173 2405; x_wconf 92' lang='lat' dir='ltr'>in</span> <span class='ocrx_word' id='word_1_586' title='bbox 3204 2349 3478 2420; x_wconf 86' lang='lat' dir='ltr'>gentibus</span> <span class='ocrx_word' id='word_1_587' title='bbox 3511 2353 3582 2407; x_wconf 89' lang='lat' dir='ltr'>ad</span> 
     </span>
    </p>
   </div>
   <div class='ocr_carea' id='block_1_110' title="bbox 2077 2421 2709 2494">
    <p class='ocr_par' dir='ltr' id='par_1_110' title="bbox 2077 2421 2709 2494">
     <span class='ocr_line' id='line_1_111' title="bbox 2077 2421 2709 2494; baseline -0.005 -16"><span class='ocrx_word' id='word_1_588' title='bbox 2077 2439 2227 2493; x_wconf 89' lang='lat' dir='ltr'>quas</span> <span class='ocrx_word' id='word_1_589' title='bbox 2255 2421 2662 2494; x_wconf 87' lang='lat' dir='ltr'>ingredientur</span> <span class='ocrx_word' id='word_1_590' title='bbox 2695 2437 2709 2475; x_wconf 86' lang='lat'><strong>:</strong></span> 
     </span>
    </p>
   </div>
   <div class='ocr_carea' id='block_1_111' title="bbox 2007 2491 2917 2565">
    <p class='ocr_par' dir='ltr' id='par_1_111' title="bbox 2007 2491 2917 2565">
     <span class='ocr_line' id='line_1_112' title="bbox 2007 2491 2917 2565; baseline -0.001 -17"><span class='ocrx_word' id='word_1_591' title='bbox 2007 2497 2064 2548; x_wconf 90' lang='lat' dir='ltr'>et</span> <span class='ocrx_word' id='word_1_592' title='bbox 2093 2491 2278 2549; x_wconf 77' lang='lat' dir='ltr'>scient</span> <span class='ocrx_word' id='word_1_593' title='bbox 2309 2491 2449 2565; x_wconf 78' lang='lat' dir='ltr'>quia</span> <span class='ocrx_word' id='word_1_594' title='bbox 2480 2491 2917 2565; x_wconf 21' lang='lat' dir='ltr'>egonDominus.</span> 
     </span>
    </p>
   </div>
   <div class='ocr_carea' id='block_1_112' title="bbox 1935 2562 3346 2630">
    <p class='ocr_par' dir='ltr' id='par_1_112' title="bbox 1935 2562 3346 2630">
     <span class='ocr_line' id='line_1_113' title="bbox 1935 2562 3346 2630; baseline -0.001 -11"><span class='ocrx_word' id='word_1_595' title='bbox 1935 2565 2004 2620; x_wconf 90' lang='lat' dir='ltr'>Et</span> <span class='ocrx_word' id='word_1_596' title='bbox 2035 2565 2221 2622; x_wconf 90' lang='lat' dir='ltr'>factus</span> <span class='ocrx_word' id='word_1_597' title='bbox 2252 2562 2344 2621; x_wconf 79' lang='lat' dir='ltr'>est</span> <span class='ocrx_word' id='word_1_598' title='bbox 2371 2562 2562 2622; x_wconf 58' lang='lat' dir='ltr'>serm&#39;o</span> <span class='ocrx_word' id='word_1_599' title='bbox 2594 2563 2825 2619; x_wconf 90' lang='lat' dir='ltr'>Domini</span> <span class='ocrx_word' id='word_1_600' title='bbox 2856 2563 2929 2618; x_wconf 90' lang='lat' dir='ltr'>ad</span> <span class='ocrx_word' id='word_1_601' title='bbox 2961 2577 3075 2630; x_wconf 91' lang='lat' dir='ltr'>me,</span> <span class='ocrx_word' id='word_1_602' title='bbox 3108 2562 3307 2620; x_wconf 90' lang='lat' dir='ltr'>dicens</span> <span class='ocrx_word' id='word_1_603' title='bbox 3333 2579 3346 2618; x_wconf 91' lang='lat'><strong>:</strong></span> 
     </span>
    </p>
   </div>
   <div class='ocr_carea' id='block_1_113' title="bbox 1936 2636 2352 2692">
    <p class='ocr_par' dir='ltr' id='par_1_113' title="bbox 1936 2636 2352 2692">
     <span class='ocr_line' id='line_1_114' title="bbox 1936 2636 2352 2692; baseline -0.002 -1"><span class='ocrx_word' id='word_1_604' title='bbox 1936 2637 2042 2691; x_wconf 87' lang='lat' dir='ltr'>Fili</span> <span class='ocrx_word' id='word_1_605' title='bbox 2076 2636 2352 2692; x_wconf 91' lang='lat' dir='ltr'>hominis.</span> 
     </span>
    </p>
   </div>
   <div class='ocr_carea' id='block_1_114' title="bbox 2006 2704 3291 2781">
    <p class='ocr_par' dir='ltr' id='par_1_114' title="bbox 2006 2704 3291 2781">
     <span class='ocr_line' id='line_1_115' title="bbox 2006 2704 3291 2781; baseline -0.002 -18"><span class='ocrx_word' id='word_1_606' title='bbox 2006 2725 2222 2781; x_wconf 80' lang='lat' dir='ltr'>panem</span> <span class='ocrx_word' id='word_1_607' title='bbox 2248 2713 2414 2763; x_wconf 89' lang='lat' dir='ltr'>tuum</span> <span class='ocrx_word' id='word_1_608' title='bbox 2442 2704 2977 2781; x_wconf 70' lang='lat' dir='ltr'>inconturbatione</span> <span class='ocrx_word' id='word_1_609' title='bbox 3007 2706 3244 2781; x_wconf 81' lang='lat' dir='ltr'>comede</span> <span class='ocrx_word' id='word_1_610' title='bbox 3277 2721 3291 2760; x_wconf 88' lang='lat'><strong>:</strong></span> 
     </span>
    </p>
   </div>
   <div class='ocr_carea' id='block_1_115' title="bbox 2005 2776 3581 2850">
    <p class='ocr_par' dir='ltr' id='par_1_115' title="bbox 2005 2776 3581 2850">
     <span class='ocr_line' id='line_1_116' title="bbox 2005 2776 3581 2850; baseline -0.001 -14"><span class='ocrx_word' id='word_1_611' title='bbox 2005 2776 2104 2837; x_wconf 75' lang='lat' dir='ltr'>sed</span> <span class='ocrx_word' id='word_1_612' title='bbox 2139 2779 2244 2850; x_wconf 82' lang='lat' dir='ltr'>(At.</span> <span class='ocrx_word' id='word_1_613' title='bbox 2265 2784 2406 2834; x_wconf 76' lang='lat' dir='ltr'>tacet</span> <span class='ocrx_word' id='word_1_614' title='bbox 2433 2778 2560 2846; x_wconf 87' lang='lat' dir='ltr'>sed)</span> <span class='ocrx_word' id='word_1_615' title='bbox 2594 2782 2652 2833; x_wconf 90' lang='lat' dir='ltr'>et</span> <span class='ocrx_word' id='word_1_616' title='bbox 2682 2792 2899 2849; x_wconf 90' lang='lat' dir='ltr'>aquam</span> <span class='ocrx_word' id='word_1_617' title='bbox 2933 2781 3094 2832; x_wconf 87' lang='lat' dir='ltr'>tuam</span> <span class='ocrx_word' id='word_1_618' title='bbox 3120 2776 3180 2832; x_wconf 89' lang='lat' dir='ltr'>in</span> <span class='ocrx_word' id='word_1_619' title='bbox 3211 2776 3581 2834; x_wconf 77' lang='lat' dir='ltr'>festinatione</span> 
     </span>
    </p>
   </div>
   <div class='ocr_carea' id='block_1_116' title="bbox 2075 2849 2590 2906">
    <p class='ocr_par' dir='ltr' id='par_1_116' title="bbox 2075 2849 2590 2906">
     <span class='ocr_line' id='line_1_117' title="bbox 2075 2849 2590 2906; baseline -0.008 0"><span class='ocrx_word' id='word_1_620' title='bbox 2075 2854 2132 2906; x_wconf 89' lang='lat' dir='ltr'>et</span> <span class='ocrx_word' id='word_1_621' title='bbox 2148 2849 2406 2906; x_wconf 54' lang='lat' dir='ltr'>maerore</span> <span class='ocrx_word' id='word_1_622' title='bbox 2436 2849 2590 2904; x_wconf 89' lang='lat' dir='ltr'>bibe.</span> 
     </span>
    </p>
   </div>
   <div class='ocr_carea' id='block_1_117' title="bbox 1933 2920 2845 2993">
    <p class='ocr_par' dir='ltr' id='par_1_117' title="bbox 1933 2920 2845 2993">
     <span class='ocr_line' id='line_1_118' title="bbox 1933 2920 2845 2993; baseline -0.002 -15"><span class='ocrx_word' id='word_1_623' title='bbox 1933 2927 2001 2978; x_wconf 89' lang='lat' dir='ltr'>Et</span> <span class='ocrx_word' id='word_1_624' title='bbox 2029 2924 2188 2978; x_wconf 88' lang='lat' dir='ltr'>dices</span> <span class='ocrx_word' id='word_1_625' title='bbox 2221 2923 2290 2977; x_wconf 88' lang='lat' dir='ltr'>ad</span> <span class='ocrx_word' id='word_1_626' title='bbox 2320 2920 2604 2993; x_wconf 87' lang='lat' dir='ltr'>populum</span> <span class='ocrx_word' id='word_1_627' title='bbox 2632 2923 2845 2993; x_wconf 47' lang='lat' dir='ltr'>terra}:</span> 
     </span>
    </p>
   </div>
   <div class='ocr_carea' id='block_1_118' title="bbox 1935 2989 3585 3061">
    <p class='ocr_par' dir='ltr' id='par_1_118' title="bbox 1935 2989 3585 3061">
     <span class='ocr_line' id='line_1_119' title="bbox 1935 2989 3585 3061; baseline -0.002 -12"><span class='ocrx_word' id='word_1_628' title='bbox 1935 2995 2066 3051; x_wconf 68' lang='lat' dir='ltr'>Haec</span> <span class='ocrx_word' id='word_1_629' title='bbox 2098 2993 2242 3048; x_wconf 89' lang='lat' dir='ltr'>dicit</span> <span class='ocrx_word' id='word_1_630' title='bbox 2273 2989 2551 3048; x_wconf 80' lang='lat' dir='ltr'>Dominus</span> <span class='ocrx_word' id='word_1_631' title='bbox 2579 2997 2736 3048; x_wconf 91' lang='lat' dir='ltr'>Deus</span> <span class='ocrx_word' id='word_1_632' title='bbox 2755 2991 2826 3046; x_wconf 89' lang='lat' dir='ltr'>ad</span> <span class='ocrx_word' id='word_1_633' title='bbox 2851 3005 2950 3046; x_wconf 91' lang='lat' dir='ltr'>eos</span> <span class='ocrx_word' id='word_1_634' title='bbox 2972 2989 3074 3061; x_wconf 91' lang='lat' dir='ltr'>qui</span> <span class='ocrx_word' id='word_1_635' title='bbox 3095 2989 3363 3046; x_wconf 89' lang='lat' dir='ltr'>habitant</span> <span class='ocrx_word' id='word_1_636' title='bbox 3390 2989 3450 3046; x_wconf 89' lang='lat' dir='ltr'>in</span> <span class='ocrx_word' id='word_1_637' title='bbox 3479 2991 3585 3047; x_wconf 85' lang='lat' dir='ltr'>Je-</span> 
     </span>
    </p>
   </div>
   <div class='ocr_carea' id='block_1_119' title="bbox 2081 3062 2890 3130">
    <p class='ocr_par' dir='ltr' id='par_1_119' title="bbox 2081 3062 2890 3130">
     <span class='ocr_line' id='line_1_120' title="bbox 2081 3062 2890 3130; baseline -0.004 -11"><span class='ocrx_word' id='word_1_638' title='bbox 2081 3064 2356 3130; x_wconf 90' lang='lat' dir='ltr'>rusalem,</span> <span class='ocrx_word' id='word_1_639' title='bbox 2389 3063 2449 3118; x_wconf 90' lang='lat' dir='ltr'>in</span> <span class='ocrx_word' id='word_1_640' title='bbox 2481 3069 2637 3120; x_wconf 90' lang='lat' dir='ltr'>terra</span> <span class='ocrx_word' id='word_1_641' title='bbox 2665 3062 2844 3118; x_wconf 90' lang='lat' dir='ltr'>Israel</span> <span class='ocrx_word' id='word_1_642' title='bbox 2877 3079 2890 3116; x_wconf 90' lang='lat'>:</span> 
     </span>
    </p>
   </div>
   <div class='ocr_carea' id='block_1_120' title="bbox 1937 3132 3238 3200">
    <p class='ocr_par' dir='ltr' id='par_1_120' title="bbox 1937 3132 3238 3200">
     <span class='ocr_line' id='line_1_121' title="bbox 1937 3132 3238 3200; baseline -0.004 -9"><span class='ocrx_word' id='word_1_643' title='bbox 1937 3141 2154 3193; x_wconf 90' lang='lat' dir='ltr'>Panem</span> <span class='ocrx_word' id='word_1_644' title='bbox 2188 3152 2364 3192; x_wconf 91' lang='lat' dir='ltr'>suum</span> <span class='ocrx_word' id='word_1_645' title='bbox 2395 3135 2457 3190; x_wconf 89' lang='lat' dir='ltr'>in</span> <span class='ocrx_word' id='word_1_646' title='bbox 2485 3133 2879 3190; x_wconf 87' lang='lat' dir='ltr'>sollicitudine</span> <span class='ocrx_word' id='word_1_647' title='bbox 2911 3132 3238 3200; x_wconf 89' lang='lat' dir='ltr'>comedent,</span> 
     </span>
    </p>
   </div>
   <div class='ocr_carea' id='block_1_121' title="bbox 2008 3203 3276 3279">
    <p class='ocr_par' dir='ltr' id='par_1_121' title="bbox 2008 3203 3276 3279">
     <span class='ocr_line' id='line_1_122' title="bbox 2008 3203 3276 3279; baseline -0.005 -16"><span class='ocrx_word' id='word_1_648' title='bbox 2008 3213 2066 3264; x_wconf 92' lang='lat' dir='ltr'>et</span> <span class='ocrx_word' id='word_1_649' title='bbox 2096 3224 2307 3279; x_wconf 86' lang='lat' dir='ltr'>aquam</span> <span class='ocrx_word' id='word_1_650' title='bbox 2343 3222 2514 3262; x_wconf 86' lang='lat' dir='ltr'>suam</span> <span class='ocrx_word' id='word_1_651' title='bbox 2543 3206 2604 3260; x_wconf 91' lang='lat' dir='ltr'>in</span> <span class='ocrx_word' id='word_1_652' title='bbox 2638 3203 3000 3279; x_wconf 72' lang='lat' dir='ltr'>desolatique</span> <span class='ocrx_word' id='word_1_653' title='bbox 3030 3203 3230 3258; x_wconf 89' lang='lat' dir='ltr'>bibent</span> <span class='ocrx_word' id='word_1_654' title='bbox 3262 3220 3276 3258; x_wconf 91' lang='lat'>:</span> 
     </span>
    </p>
   </div>
   <div class='ocr_carea' id='block_1_122' title="bbox 1938 3275 3153 3341">
    <p class='ocr_par' dir='ltr' id='par_1_122' title="bbox 1938 3275 3153 3341">
     <span class='ocr_line' id='line_1_123' title="bbox 1938 3275 3153 3341; baseline -0.007 -4"><span class='ocrx_word' id='word_1_655' title='bbox 1938 3284 2010 3337; x_wconf 90' lang='lat' dir='ltr'>Ut</span> <span class='ocrx_word' id='word_1_656' title='bbox 2040 3275 2337 3334; x_wconf 81' lang='lat' dir='ltr'>desoletur</span> <span class='ocrx_word' id='word_1_657' title='bbox 2367 3283 2518 3332; x_wconf 88' lang='lat' dir='ltr'>terra</span> <span class='ocrx_word' id='word_1_658' title='bbox 2549 3295 2583 3333; x_wconf 88' lang='lat' dir='ltr'>a</span> <span class='ocrx_word' id='word_1_659' title='bbox 2613 3275 2998 3332; x_wconf 88' lang='lat' dir='ltr'>multitudine</span> <span class='ocrx_word' id='word_1_660' title='bbox 3026 3291 3153 3341; x_wconf 88' lang='lat' dir='ltr'>sua,</span> 
     </span>
    </p>
   </div>
   <div class='ocr_carea' id='block_1_123' title="bbox 2008 3345 3583 3434">
    <p class='ocr_par' dir='ltr' id='par_1_123' title="bbox 2008 3345 3583 3434">
     <span class='ocr_line' id='line_1_124' title="bbox 2008 3345 3583 3434; baseline 0 -30"><span class='ocrx_word' id='word_1_661' title='bbox 2008 3354 2245 3434; x_wconf 72' lang='lat' dir='ltr'>propter</span> <span class='ocrx_word' id='word_1_662' title='bbox 2273 3348 2649 3420; x_wconf 89' lang='lat' dir='ltr'>iniquitatem</span> <span class='ocrx_word' id='word_1_663' title='bbox 2672 3347 2946 3434; x_wconf 48' lang='lat' dir='ltr'>‘omnium</span> <span class='ocrx_word' id='word_1_664' title='bbox 2975 3345 3373 3434; x_wconf 42' lang='lat' dir='ltr'>qui‘hab&#39;it‘ant</span> <span class='ocrx_word' id='word_1_665' title='bbox 3403 3345 3462 3400; x_wconf 91' lang='lat' dir='ltr'>in</span> <span class='ocrx_word' id='word_1_666' title='bbox 3494 3361 3583 3434; x_wconf 73' lang='lat' dir='ltr'>ea.</span> 
     </span>
    </p>
   </div>
   <div class='ocr_carea' id='block_1_124' title="bbox 1935 3416 3582 3491">
    <p class='ocr_par' dir='ltr' id='par_1_124' title="bbox 1935 3416 3582 3491">
     <span class='ocr_line' id='line_1_125' title="bbox 1935 3416 3582 3491; baseline -0.002 -15"><span class='ocrx_word' id='word_1_667' title='bbox 1935 3416 2296 3478; x_wconf 60' lang='lat' dir='ltr'>Et&#39;civitates</span> <span class='ocrx_word' id='word_1_668' title='bbox 2327 3416 2452 3491; x_wconf 70' lang='lat' dir='ltr'>quae</span> <span class='ocrx_word' id='word_1_669' title='bbox 2485 3435 2642 3475; x_wconf 89' lang='lat' dir='ltr'>nunc</span> <span class='ocrx_word' id='word_1_670' title='bbox 2672 3416 3032 3486; x_wconf 76' lang='lat' dir='ltr'>habitantur,</span> <span class='ocrx_word' id='word_1_671' title='bbox 3065 3416 3338 3474; x_wconf 72' lang='lat' dir='ltr'>desolatas</span> <span class='ocrx_word' id='word_1_672' title='bbox 3388 3422 3582 3488; x_wconf 89' lang='lat' dir='ltr'>erunt,</span> 
     </span>
    </p>
   </div>
   <div class='ocr_carea' id='block_1_125' title="bbox 2080 3493 2651 3563">
    <p class='ocr_par' dir='ltr' id='par_1_125' title="bbox 2080 3493 2651 3563">
     <span class='ocr_line' id='line_1_126' title="bbox 2080 3493 2651 3563; baseline -0.004 -15"><span class='ocrx_word' id='word_1_673' title='bbox 2080 3497 2346 3563; x_wconf 78' lang='lat' dir='ltr'>terraque</span> <span class='ocrx_word' id='word_1_674' title='bbox 2376 3493 2606 3563; x_wconf 79' lang='lat' dir='ltr'>deserta</span> <span class='ocrx_word' id='word_1_675' title='bbox 2637 3508 2651 3546; x_wconf 87' lang='lat'>:</span> 
     </span>
    </p>
   </div>
   <div class='ocr_carea' id='block_1_126' title="bbox 2005 3561 2844 3635">
    <p class='ocr_par' dir='ltr' id='par_1_126' title="bbox 2005 3561 2844 3635">
     <span class='ocr_line' id='line_1_127' title="bbox 2005 3561 2844 3635; baseline -0.005 -15"><span class='ocrx_word' id='word_1_676' title='bbox 2005 3564 2204 3620; x_wconf 87' lang='lat' dir='ltr'>scietis</span> <span class='ocrx_word' id='word_1_677' title='bbox 2235 3561 2374 3634; x_wconf 85' lang='lat' dir='ltr'>quia</span> <span class='ocrx_word' id='word_1_678' title='bbox 2401 3579 2506 3635; x_wconf 89' lang='lat' dir='ltr'>ego</span> <span class='ocrx_word' id='word_1_679' title='bbox 2537 3561 2844 3635; x_wconf 83' lang='lat' dir='ltr'>Dominus.</span> 
     </span>
    </p>
   </div>
   <div class='ocr_carea' id='block_1_127' title="bbox 1933 3629 3321 3702">
    <p class='ocr_par' dir='ltr' id='par_1_127' title="bbox 1933 3629 3321 3702">
     <span class='ocr_line' id='line_1_128' title="bbox 1933 3629 3321 3702; baseline -0.004 -12"><span class='ocrx_word' id='word_1_680' title='bbox 1933 3635 2004 3690; x_wconf 88' lang='lat' dir='ltr'>Et</span> <span class='ocrx_word' id='word_1_681' title='bbox 2033 3636 2220 3691; x_wconf 86' lang='lat' dir='ltr'>factus</span> <span class='ocrx_word' id='word_1_682' title='bbox 2251 3629 2341 3690; x_wconf 81' lang='lat' dir='ltr'>est</span> <span class='ocrx_word' id='word_1_683' title='bbox 2370 3629 2564 3690; x_wconf 68' lang='lat' dir='ltr'>sermo</span> <span class='ocrx_word' id='word_1_684' title='bbox 2595 3632 2824 3692; x_wconf 87' lang='lat' dir='ltr'>Domini</span> <span class='ocrx_word' id='word_1_685' title='bbox 2857 3631 2927 3687; x_wconf 91' lang='lat' dir='ltr'>ad</span> <span class='ocrx_word' id='word_1_686' title='bbox 2957 3647 3068 3702; x_wconf 90' lang='lat' dir='ltr'>me,</span> <span class='ocrx_word' id='word_1_687' title='bbox 3100 3629 3321 3686; x_wconf 89' lang='lat' dir='ltr'>dicens.</span> 
     </span>
    </p>
   </div>
   <div class='ocr_carea' id='block_1_128' title="bbox 1935 3705 2354 3770">
    <p class='ocr_par' dir='ltr' id='par_1_128' title="bbox 1935 3705 2354 3770">
     <span class='ocr_line' id='line_1_129' title="bbox 1935 3705 2354 3770; baseline 0 -9"><span class='ocrx_word' id='word_1_688' title='bbox 1935 3705 2038 3761; x_wconf 90' lang='lat' dir='ltr'>Fili</span> <span class='ocrx_word' id='word_1_689' title='bbox 2073 3705 2354 3770; x_wconf 84' lang='lat' dir='ltr'>hominis,</span> 
     </span>
    </p>
   </div>
   <div class='ocr_carea' id='block_1_129' title="bbox 2007 3771 3582 3903">
    <p class='ocr_par' dir='ltr' id='par_1_129' title="bbox 2007 3771 3582 3903">
     <span class='ocr_line' id='line_1_130' title="bbox 2008 3771 3582 3846; baseline -0.004 -14"><span class='ocrx_word' id='word_1_690' title='bbox 2008 3778 2162 3846; x_wconf 91' lang='lat' dir='ltr'>quod</span> <span class='ocrx_word' id='word_1_691' title='bbox 2195 3781 2285 3831; x_wconf 88' lang='lat' dir='ltr'>est</span> <span class='ocrx_word' id='word_1_692' title='bbox 2317 3775 2689 3846; x_wconf 86' lang='lat' dir='ltr'>proverbium</span> <span class='ocrx_word' id='word_1_693' title='bbox 2722 3773 2878 3828; x_wconf 85' lang='lat' dir='ltr'>istud</span> <span class='ocrx_word' id='word_1_694' title='bbox 2905 3771 3068 3827; x_wconf 90' lang='lat' dir='ltr'>vobis</span> <span class='ocrx_word' id='word_1_695' title='bbox 3098 3771 3156 3826; x_wconf 91' lang='lat' dir='ltr'>in</span> <span class='ocrx_word' id='word_1_696' title='bbox 3189 3775 3345 3826; x_wconf 90' lang='lat' dir='ltr'>terra</span> <span class='ocrx_word' id='word_1_697' title='bbox 3378 3771 3582 3839; x_wconf 85' lang='lat' dir='ltr'>Israel,</span> 
     </span>
     <span class='ocr_line' id='line_1_131' title="bbox 2007 3848 2379 3903; baseline -0.011 0"><span class='ocrx_word' id='word_1_698' title='bbox 2007 3848 2329 3903; x_wconf 86' lang='lat' dir='ltr'>dicentium</span> <span class='ocrx_word' id='word_1_699' title='bbox 2365 3862 2379 3899; x_wconf 89' lang='lat'><strong>:</strong></span> 
     </span>
    </p>
   </div>
   <div class='ocr_carea' id='block_1_130' title="bbox 2050 3848 2379 3904">
    <p class='ocr_par' dir='ltr' id='par_1_130' title="bbox 2050 3848 2379 3904">
     <span class='ocr_line' id='line_1_132' title="bbox 2050 3848 2379 3904; baseline -0.009 -2"><span class='ocrx_word' id='word_1_700' title='bbox 2050 3848 2329 3904; x_wconf 86' lang='lat' dir='ltr'>icentium</span> <span class='ocrx_word' id='word_1_701' title='bbox 2365 3862 2379 3899; x_wconf 89' lang='lat'><strong>:</strong></span> 
     </span>
    </p>
   </div>
   <div class='ocr_carea' id='block_1_131' title="bbox 1937 3910 3584 3988">
    <p class='ocr_par' dir='ltr' id='par_1_131' title="bbox 1937 3910 3584 3988">
     <span class='ocr_line' id='line_1_133' title="bbox 1937 3910 3584 3988; baseline -0.005 -14"><span class='ocrx_word' id='word_1_702' title='bbox 1937 3919 2001 3974; x_wconf 91' lang='lat' dir='ltr'>In</span> <span class='ocrx_word' id='word_1_703' title='bbox 2034 3919 2274 3988; x_wconf 80' lang='lat' dir='ltr'>longum</span> <span class='ocrx_word' id='word_1_704' title='bbox 2307 3915 2651 3972; x_wconf 77' lang='lat' dir='ltr'>diﬁ‘erentur</span> <span class='ocrx_word' id='word_1_705' title='bbox 2680 3914 2826 3981; x_wconf 88' lang='lat' dir='ltr'>dies,</span> <span class='ocrx_word' id='word_1_706' title='bbox 2860 3916 2916 3968; x_wconf 91' lang='lat' dir='ltr'>et</span> <span class='ocrx_word' id='word_1_707' title='bbox 2946 3910 3159 3984; x_wconf 89' lang='lat' dir='ltr'>peribit</span> <span class='ocrx_word' id='word_1_708' title='bbox 3185 3911 3379 3967; x_wconf 88' lang='lat' dir='ltr'>omnis</span> <span class='ocrx_word' id='word_1_709' title='bbox 3409 3911 3584 3966; x_wconf 85' lang='lat' dir='ltr'>visio?</span> 
     </span>
    </p>
   </div>
   <div class='ocr_carea' id='block_1_132' title="bbox 1935 3989 2475 4045">
    <p class='ocr_par' dir='ltr' id='par_1_132' title="bbox 1935 3989 2475 4045">
     <span class='ocr_line' id='line_1_134' title="bbox 1935 3989 2475 4045; baseline -0.004 -1"><span class='ocrx_word' id='word_1_710' title='bbox 1935 3991 2068 4045; x_wconf 95' lang='lat' dir='ltr'>Ideo</span> <span class='ocrx_word' id='word_1_711' title='bbox 2099 3991 2191 4044; x_wconf 93' lang='lat' dir='ltr'>dic</span> <span class='ocrx_word' id='word_1_712' title='bbox 2223 3989 2294 4044; x_wconf 89' lang='lat' dir='ltr'>ad</span> <span class='ocrx_word' id='word_1_713' title='bbox 2329 4004 2428 4043; x_wconf 91' lang='lat' dir='ltr'>eos</span> <span class='ocrx_word' id='word_1_714' title='bbox 2461 4004 2475 4042; x_wconf 73' lang='grc' dir='ltr'>ε</span> 
     </span>
    </p>
   </div>
   <div class='ocr_carea' id='block_1_133' title="bbox 1934 4056 2784 4116">
    <p class='ocr_par' dir='ltr' id='par_1_133' title="bbox 1934 4056 2784 4116">
     <span class='ocr_line' id='line_1_135' title="bbox 1934 4056 2784 4116; baseline -0.008 0"><span class='ocrx_word' id='word_1_715' title='bbox 1934 4066 2064 4116; x_wconf 67' lang='lat' dir='ltr'>Haec</span> <span class='ocrx_word' id='word_1_716' title='bbox 2096 4061 2238 4115; x_wconf 89' lang='lat' dir='ltr'>dicit</span> <span class='ocrx_word' id='word_1_717' title='bbox 2268 4059 2552 4114; x_wconf 90' lang='lat' dir='ltr'>Dominus</span> <span class='ocrx_word' id='word_1_718' title='bbox 2580 4056 2736 4111; x_wconf 90' lang='lat' dir='ltr'>Deus</span> <span class='ocrx_word' id='word_1_719' title='bbox 2770 4072 2784 4110; x_wconf 92' lang='lat'>:</span> 
     </span>
    </p>
   </div>
   <div class='ocr_carea' id='block_1_134' title="bbox 1933 4123 3111 4201">
    <p class='ocr_par' dir='ltr' id='par_1_134' title="bbox 1933 4123 3111 4201">
     <span class='ocr_line' id='line_1_136' title="bbox 1933 4123 3111 4201; baseline -0.009 -12"><span class='ocrx_word' id='word_1_720' title='bbox 1933 4133 2239 4198; x_wconf 88' lang='lat' dir='ltr'>Quiescere</span> <span class='ocrx_word' id='word_1_721' title='bbox 2267 4129 2477 4201; x_wconf 89' lang='lat' dir='ltr'>faciam</span> <span class='ocrx_word' id='word_1_722' title='bbox 2505 4126 2880 4201; x_wconf 82' lang='lat' dir='ltr'>proverbium</span> <span class='ocrx_word' id='word_1_723' title='bbox 2906 4123 3061 4201; x_wconf 76' lang='lat' dir='ltr'>istud</span> <span class='ocrx_word' id='word_1_724' title='bbox 3098 4140 3111 4178; x_wconf 93' lang='lat'>:</span> 
     </span>
    </p>
   </div>
   <div class='ocr_carea' id='block_1_135' title="bbox 2006 4192 3152 4274">
    <p class='ocr_par' dir='ltr' id='par_1_135' title="bbox 2006 4192 3152 4274">
     <span class='ocr_line' id='line_1_137' title="bbox 2006 4192 3152 4274; baseline -0.01 -15"><span class='ocrx_word' id='word_1_725' title='bbox 2006 4219 2196 4274; x_wconf 88' lang='lat' dir='ltr'>neque</span> <span class='ocrx_word' id='word_1_726' title='bbox 2225 4206 2405 4274; x_wconf 78' lang='lat' dir='ltr'>vulgo</span> <span class='ocrx_word' id='word_1_727' title='bbox 2425 4192 2838 4274; x_wconf 76' lang='lat' dir='ltr'>dicetur_ultra</span> <span class='ocrx_word' id='word_1_728' title='bbox 2866 4196 2924 4250; x_wconf 92' lang='lat' dir='ltr'>in</span> <span class='ocrx_word' id='word_1_729' title='bbox 2944 4192 3152 4274; x_wconf 75' lang='lat' dir='ltr'>Israel.</span> 
     </span>
    </p>
   </div>
   <div class='ocr_carea' id='block_1_136' title="bbox 1935 4217 3582 4353">
    <p class='ocr_par' dir='ltr' id='par_1_136' title="bbox 1935 4217 3582 4353">
     <span class='ocr_line' id='line_1_138' title="bbox 2006 4217 3152 4274; baseline -0.01 -15"><span class='ocrx_word' id='word_1_730' title='bbox 2006 4219 2196 4274; x_wconf 88' lang='lat' dir='ltr'>neque</span> <span class='ocrx_word' id='word_1_731' title='bbox 2225 4217 2323 4256; x_wconf 83' lang='lat' dir='ltr'>vui</span> <span class='ocrx_word' id='word_1_732' title='bbox 2373 4217 2405 4255; x_wconf 92' lang='grc' dir='ltr'>ο</span> <span class='ocrx_word' id='word_1_733' title='bbox 2425 4217 2654 4255; x_wconf 75' lang='lat' dir='ltr'>(licetur</span> <span class='ocrx_word' id='word_1_734' title='bbox 2683 4217 2838 4253; x_wconf 76' lang='lat' dir='ltr'>Ultra.</span> <span class='ocrx_word' id='word_1_735' title='bbox 2867 4217 2924 4250; x_wconf 84' lang='lat' dir='ltr'>In</span> <span class='ocrx_word' id='word_1_736' title='bbox 2954 4217 3152 4250; x_wconf 77' lang='lat' dir='ltr'>Israel.</span> 
     </span>
     <span class='ocr_line' id='line_1_139' title="bbox 1935 4217 3582 4353; baseline -0.008 -24"><span class='ocrx_word' id='word_1_737' title='bbox 1935 4275 2004 4329; x_wconf 89' lang='lat' dir='ltr'>Et</span> <span class='ocrx_word' id='word_1_738' title='bbox 2030 4275 2269 4346; x_wconf 88' lang='lat' dir='ltr'>loquere</span> <span class='ocrx_word' id='word_1_739' title='bbox 2296 4217 2367 4327; x_wconf 64' lang='lat' dir='ltr'>as</span> <span class='ocrx_word' id='word_1_740' title='bbox 2397 4288 2496 4353; x_wconf 82' lang='lat' dir='ltr'>eos</span> <span class='ocrx_word' id='word_1_741' title='bbox 2527 4269 2683 4352; x_wconf 76' lang='lat' dir='ltr'>quod</span> <span class='ocrx_word' id='word_1_742' title='bbox 2715 4263 3315 4351; x_wconf 77' lang='lat' dir='ltr'>appropinquaverint</span> <span class='ocrx_word' id='word_1_743' title='bbox 3349 4262 3474 4318; x_wconf 90' lang='lat' dir='ltr'>dies</span> <span class='ocrx_word' id='word_1_744' title='bbox 3523 4266 3582 4317; x_wconf 91' lang='lat' dir='ltr'>et</span> 
     </span>
    </p>
   </div>
   <div class='ocr_carea' id='block_1_137' title="bbox 2077 4356 2790 4401">
    <p class='ocr_par' dir='ltr' id='par_1_137' title="bbox 2077 4356 2790 4401">
     <span class='ocr_line' id='line_1_140' title="bbox 2077 4356 2790 4401; baseline -0.01 -1"><span class='ocrx_word' id='word_1_745' title='bbox 2077 4361 2271 4401; x_wconf 90' lang='lat' dir='ltr'>sermo</span> <span class='ocrx_word' id='word_1_746' title='bbox 2302 4358 2497 4398; x_wconf 86' lang='lat' dir='ltr'>omnis</span> <span class='ocrx_word' id='word_1_747' title='bbox 2524 4356 2790 4396; x_wconf 75' lang='lat' dir='ltr'>VISIODlS.</span> 
     </span>
    </p>
   </div>
   <div class='ocr_carea' id='block_1_138' title="bbox 1936 4403 3580 4474">
    <p class='ocr_par' dir='ltr' id='par_1_138' title="bbox 1936 4403 3580 4474">
     <span class='ocr_line' id='line_1_141' title="bbox 1936 4403 3580 4474; baseline -0.01 -1"><span class='ocrx_word' id='word_1_748' title='bbox 1936 4417 2061 4473; x_wconf 88' lang='lat' dir='ltr'>Non</span> <span class='ocrx_word' id='word_1_749' title='bbox 2095 4415 2250 4471; x_wconf 90' lang='lat' dir='ltr'>enim</span> <span class='ocrx_word' id='word_1_750' title='bbox 2282 4415 2390 4470; x_wconf 89' lang='lat' dir='ltr'>erit</span> <span class='ocrx_word' id='word_1_751' title='bbox 2419 4413 2575 4468; x_wconf 90' lang='lat' dir='ltr'>ultra</span> <span class='ocrx_word' id='word_1_752' title='bbox 2605 4410 2798 4466; x_wconf 90' lang='lat' dir='ltr'>omnis</span> <span class='ocrx_word' id='word_1_753' title='bbox 2828 4407 2975 4463; x_wconf 89' lang='lat' dir='ltr'>visio</span> <span class='ocrx_word' id='word_1_754' title='bbox 3006 4419 3399 4474; x_wconf 88' lang='lat' dir='ltr'>cassa,neque</span> <span class='ocrx_word' id='word_1_755' title='bbox 3427 4403 3580 4457; x_wconf 88' lang='lat' dir='ltr'>divi-</span> 
     </span>
    </p>
   </div>
   <div class='ocr_carea' id='block_1_139' title="bbox 2077 4473 3373 4556">
    <p class='ocr_par' dir='ltr' id='par_1_139' title="bbox 2077 4473 3373 4556">
     <span class='ocr_line' id='line_1_142' title="bbox 2077 4473 3373 4556; baseline -0.012 -14"><span class='ocrx_word' id='word_1_756' title='bbox 2077 4487 2238 4542; x_wconf 89' lang='lat' dir='ltr'>natio</span> <span class='ocrx_word' id='word_1_757' title='bbox 2267 4485 2546 4556; x_wconf 84' lang='lat' dir='ltr'>ambigua</span> <span class='ocrx_word' id='word_1_758' title='bbox 2577 4482 2636 4536; x_wconf 90' lang='lat' dir='ltr'>in</span> <span class='ocrx_word' id='word_1_759' title='bbox 2670 4480 2859 4536; x_wconf 91' lang='lat' dir='ltr'>medio</span> <span class='ocrx_word' id='word_1_760' title='bbox 2890 4477 3143 4556; x_wconf 63' lang='lat' dir='ltr'>filiorum</span> <span class='ocrx_word' id='word_1_761' title='bbox 3169 4473 3373 4556; x_wconf 74' lang='lat' dir='ltr'>Israel.</span> 
     </span>
    </p>
   </div>
   <div class='ocr_carea' id='block_1_140' title="bbox 1936 4545 3580 4628">
    <p class='ocr_par' dir='ltr' id='par_1_140' title="bbox 1936 4545 3580 4628">
     <span class='ocr_line' id='line_1_143' title="bbox 1936 4545 3580 4628; baseline -0.009 -16"><span class='ocrx_word' id='word_1_762' title='bbox 1936 4558 2085 4623; x_wconf 87' lang='lat' dir='ltr'>Quia</span> <span class='ocrx_word' id='word_1_763' title='bbox 2104 4573 2210 4628; x_wconf 83' lang='lat' dir='ltr'>ego</span> <span class='ocrx_word' id='word_1_764' title='bbox 2237 4545 2516 4628; x_wconf 71' lang='lat' dir='ltr'>Dominus</span> <span class='ocrx_word' id='word_1_765' title='bbox 2533 4553 2742 4624; x_wconf 91' lang='lat' dir='ltr'>loquar</span> <span class='ocrx_word' id='word_1_766' title='bbox 2759 4549 3150 4622; x_wconf 87' lang='lat' dir='ltr'>quodcunque</span> <span class='ocrx_word' id='word_1_767' title='bbox 3169 4545 3401 4601; x_wconf 87' lang='lat' dir='ltr'>locutus</span> <span class='ocrx_word' id='word_1_768' title='bbox 3418 4545 3580 4600; x_wconf 84' lang='lat' dir='ltr'>fuero</span> 
     </span>
    </p>
   </div>
   <div class='ocr_carea' id='block_1_141' title="bbox 2077 4627 2575 4690">
    <p class='ocr_par' dir='ltr' id='par_1_141' title="bbox 2077 4627 2575 4690">
     <span class='ocr_line' id='line_1_144' title="bbox 2077 4627 2575 4690; baseline -0.008 -8"><span class='ocrx_word' id='word_1_769' title='bbox 2077 4628 2340 4684; x_wconf 88' lang='lat' dir='ltr'>verbum:</span> <span class='ocrx_word' id='word_1_770' title='bbox 2374 4635 2427 4682; x_wconf 84' lang='lat' dir='ltr'>et</span> <span class='ocrx_word' id='word_1_771' title='bbox 2459 4627 2575 4690; x_wconf 86' lang='lat' dir='ltr'>ﬁet,</span> 
     </span>
    </p>
   </div>
   <div class='ocr_carea' id='block_1_142' title="bbox 2007 4690 3001 4768">
    <p class='ocr_par' dir='ltr' id='par_1_142' title="bbox 2007 4690 3001 4768">
     <span class='ocr_line' id='line_1_145' title="bbox 2007 4690 3001 4768; baseline -0.01 -14"><span class='ocrx_word' id='word_1_772' title='bbox 2007 4705 2064 4754; x_wconf 91' lang='lat' dir='ltr'>et</span> <span class='ocrx_word' id='word_1_773' title='bbox 2093 4716 2208 4754; x_wconf 90' lang='lat' dir='ltr'>non</span> <span class='ocrx_word' id='word_1_774' title='bbox 2243 4690 2962 4768; x_wconf 81' lang='lat' dir='ltr'>prolongabitur_amplius</span> <span class='ocrx_word' id='word_1_775' title='bbox 2988 4707 3001 4743; x_wconf 92' lang='lat'>:</span> 
     </span>
    </p>
   </div>
   <div class='ocr_carea' id='block_1_143' title="bbox 1937 4755 3528 4831">
    <p class='ocr_par' dir='ltr' id='par_1_143' title="bbox 1937 4755 3528 4831">
     <span class='ocr_line' id='line_1_146' title="bbox 1937 4755 3528 4831; baseline -0.011 -5"><span class='ocrx_word' id='word_1_776' title='bbox 1937 4771 2049 4826; x_wconf 92' lang='lat' dir='ltr'>Sed</span> <span class='ocrx_word' id='word_1_777' title='bbox 2080 4771 2140 4824; x_wconf 90' lang='lat' dir='ltr'>in</span> <span class='ocrx_word' id='word_1_778' title='bbox 2173 4755 2381 4824; x_wconf 73' lang='lat' dir='ltr'>diebus</span> <span class='ocrx_word' id='word_1_779' title='bbox 2409 4755 2639 4831; x_wconf 68' lang='lat' dir='ltr'>vestris,</span> <span class='ocrx_word' id='word_1_780' title='bbox 2673 4755 2884 4818; x_wconf 73' lang='lat' dir='ltr'>domus</span> <span class='ocrx_word' id='word_1_781' title='bbox 2914 4773 3287 4831; x_wconf 87' lang='lat' dir='ltr'>exasperans,</span> <span class='ocrx_word' id='word_1_782' title='bbox 3318 4755 3528 4828; x_wconf 89' lang='lat' dir='ltr'>loquar</span> 
     </span>
    </p>
   </div>
   <div class='ocr_carea' id='block_1_144' title="bbox 2077 4834 2873 4904">
    <p class='ocr_par' dir='ltr' id='par_1_144' title="bbox 2077 4834 2873 4904">
     <span class='ocr_line' id='line_1_147' title="bbox 2077 4834 2873 4904; baseline -0.013 -7"><span class='ocrx_word' id='word_1_783' title='bbox 2077 4841 2344 4904; x_wconf 86' lang='lat' dir='ltr'>verbum,</span> <span class='ocrx_word' id='word_1_784' title='bbox 2378 4843 2436 4894; x_wconf 92' lang='lat' dir='ltr'>et</span> <span class='ocrx_word' id='word_1_785' title='bbox 2466 4837 2674 4892; x_wconf 85' lang='lat' dir='ltr'>faciam</span> <span class='ocrx_word' id='word_1_786' title='bbox 2707 4834 2873 4903; x_wconf 91' lang='lat' dir='ltr'>illud,</span> 
     </span>
    </p>
   </div>
   <div class='ocr_carea' id='block_1_145' title="bbox 2009 4910 3158 4980">
    <p class='ocr_par' dir='ltr' id='par_1_145' title="bbox 2009 4910 3158 4980">
     <span class='ocr_line' id='line_1_148' title="bbox 2009 4910 3158 4980; baseline -0.001 -14"><span class='ocrx_word' id='word_1_787' title='bbox 2009 4911 2151 4968; x_wconf 88' lang='lat' dir='ltr'>dicit</span> <span class='ocrx_word' id='word_1_788' title='bbox 2177 4910 2461 4967; x_wconf 88' lang='lat' dir='ltr'>Dominus</span> <span class='ocrx_word' id='word_1_789' title='bbox 2494 4913 2666 4980; x_wconf 75' lang='lat' dir='ltr'>Deus.</span> <span class='ocrx_word' id='word_1_790' title='bbox 2746 4975 2757 4980; x_wconf 86' lang='lat'>_</span> <span class='ocrx_word' id='word_1_791' title='bbox 2811 4975 2822 4980; x_wconf 90' lang='lat'>_</span> <span class='ocrx_word' id='word_1_792' title='bbox 2910 4973 2926 4980; x_wconf 94' lang='lat'>_</span> <span class='ocrx_word' id='word_1_793' title='bbox 3119 4969 3158 4980; x_wconf 48' lang='grc' dir='ltr'>,ο</span> 
     </span>
    </p>
   </div>
   <div class='ocr_carea' id='block_1_146' title="bbox 1937 4970 3350 5039">
    <p class='ocr_par' dir='ltr' id='par_1_146' title="bbox 1937 4970 3350 5039">
     <span class='ocr_line' id='line_1_149' title="bbox 1937 4970 3350 5039; baseline -0.01 -3"><span class='ocrx_word' id='word_1_794' title='bbox 1937 4986 2005 5036; x_wconf 88' lang='lat' dir='ltr'>Et</span> <span class='ocrx_word' id='word_1_795' title='bbox 2038 4983 2227 5038; x_wconf 88' lang='lat' dir='ltr'>factus</span> <span class='ocrx_word' id='word_1_796' title='bbox 2252 4985 2343 5037; x_wconf 90' lang='lat' dir='ltr'>est</span> <span class='ocrx_word' id='word_1_797' title='bbox 2372 4993 2564 5035; x_wconf 90' lang='lat' dir='ltr'>sermo</span> <span class='ocrx_word' id='word_1_798' title='bbox 2601 4975 2825 5032; x_wconf 90' lang='lat' dir='ltr'>Domini</span> <span class='ocrx_word' id='word_1_799' title='bbox 2857 4973 2926 5028; x_wconf 91' lang='lat' dir='ltr'>ad</span> <span class='ocrx_word' id='word_1_800' title='bbox 2957 4984 3072 5039; x_wconf 90' lang='lat' dir='ltr'>me,</span> <span class='ocrx_word' id='word_1_801' title='bbox 3103 4970 3304 5024; x_wconf 87' lang='lat' dir='ltr'>dicens</span> <span class='ocrx_word' id='word_1_802' title='bbox 3335 4983 3350 5022; x_wconf 90' lang='lat'><strong>:</strong></span> 
     </span>
    </p>
   </div>
   <div class='ocr_carea' id='block_1_147' title="bbox 1938 5051 2359 5116">
    <p class='ocr_par' dir='ltr' id='par_1_147' title="bbox 1938 5051 2359 5116">
     <span class='ocr_line' id='line_1_150' title="bbox 1938 5051 2359 5116; baseline -0.005 -10"><span class='ocrx_word' id='word_1_803' title='bbox 1938 5051 2045 5107; x_wconf 88' lang='lat' dir='ltr'>Fili</span> <span class='ocrx_word' id='word_1_804' title='bbox 2077 5051 2359 5116; x_wconf 90' lang='lat' dir='ltr'>hominis,</span> 
     </span>
    </p>
   </div>
   <div class='ocr_carea' id='block_1_148' title="bbox 2009 5113 2988 5180">
    <p class='ocr_par' dir='ltr' id='par_1_148' title="bbox 2009 5113 2988 5180">
     <span class='ocr_line' id='line_1_151' title="bbox 2009 5113 2988 5180; baseline -0.013 -2"><span class='ocrx_word' id='word_1_805' title='bbox 2009 5139 2140 5180; x_wconf 90' lang='lat' dir='ltr'>ecce</span> <span class='ocrx_word' id='word_1_806' title='bbox 2168 5113 2380 5178; x_wconf 82' lang='lat' dir='ltr'>domus</span> <span class='ocrx_word' id='word_1_807' title='bbox 2409 5119 2586 5175; x_wconf 89' lang='lat' dir='ltr'>Israel</span> <span class='ocrx_word' id='word_1_808' title='bbox 2617 5113 2938 5171; x_wconf 87' lang='lat' dir='ltr'>dicentium</span> <span class='ocrx_word' id='word_1_809' title='bbox 2973 5127 2988 5165; x_wconf 89' lang='lat'><strong>:</strong></span> 
     </span>
    </p>
   </div>
   <div class='ocr_carea' id='block_1_149' title="bbox 1936 5181 3204 5264">
    <p class='ocr_par' dir='ltr' id='par_1_149' title="bbox 1936 5181 3204 5264">
     <span class='ocr_line' id='line_1_152' title="bbox 1936 5181 3204 5264; baseline -0.012 -16"><span class='ocrx_word' id='word_1_810' title='bbox 1936 5194 2121 5262; x_wconf 82' lang='lat' dir='ltr'>Visio,</span> <span class='ocrx_word' id='word_1_811' title='bbox 2153 5209 2331 5264; x_wconf 89' lang='lat' dir='ltr'>quam</span> <span class='ocrx_word' id='word_1_812' title='bbox 2361 5191 2458 5246; x_wconf 89' lang='lat' dir='ltr'>hic</span> <span class='ocrx_word' id='word_1_813' title='bbox 2479 5186 2749 5264; x_wconf 84' lang='lat' dir='ltr'>_videt,_in</span> <span class='ocrx_word' id='word_1_814' title='bbox 2783 5185 2906 5239; x_wconf 91' lang='lat' dir='ltr'>dies</span> <span class='ocrx_word' id='word_1_815' title='bbox 2940 5181 3158 5264; x_wconf 75' lang='lat' dir='ltr'>multos</span> <span class='ocrx_word' id='word_1_816' title='bbox 3190 5195 3204 5234; x_wconf 90' lang='lat'>:</span> 
     </span>
    </p>
   </div>
   <div class='ocr_carea' id='block_1_150' title="bbox 2008 5253 3141 5334">
    <p class='ocr_par' dir='ltr' id='par_1_150' title="bbox 2008 5253 3141 5334">
     <span class='ocr_line' id='line_1_153' title="bbox 2008 5253 3141 5334; baseline -0.015 -14"><span class='ocrx_word' id='word_1_817' title='bbox 2008 5269 2066 5320; x_wconf 87' lang='lat' dir='ltr'>et</span> <span class='ocrx_word' id='word_1_818' title='bbox 2093 5253 2154 5320; x_wconf 79' lang='lat' dir='ltr'>in</span> <span class='ocrx_word' id='word_1_819' title='bbox 2173 5253 2651 5334; x_wconf 13' lang='lat' dir='ltr'>&#39;temporailonga</span> <span class='ocrx_word' id='word_1_820' title='bbox 2679 5257 2788 5314; x_wconf 89' lang='lat' dir='ltr'>iste</span> <span class='ocrx_word' id='word_1_821' title='bbox 2816 5253 3141 5326; x_wconf 85' lang='lat' dir='ltr'>prophetat.</span> 
     </span>
    </p>
   </div>
   <div class='ocr_carea' id='block_1_151' title="bbox 1939 5333 2653 5404">
    <p class='ocr_par' dir='ltr' id='par_1_151' title="bbox 1939 5333 2653 5404">
     <span class='ocr_line' id='line_1_154' title="bbox 1939 5333 2653 5404; baseline -0.013 -14"><span class='ocrx_word' id='word_1_822' title='bbox 1939 5335 2251 5404; x_wconf 86' lang='lat' dir='ltr'>Propterea</span> <span class='ocrx_word' id='word_1_823' title='bbox 2283 5333 2375 5388; x_wconf 87' lang='lat' dir='ltr'>dic</span> <span class='ocrx_word' id='word_1_824' title='bbox 2406 5333 2478 5404; x_wconf 85' lang='lat' dir='ltr'>ad</span> <span class='ocrx_word' id='word_1_825' title='bbox 2511 5346 2616 5404; x_wconf 69' lang='lat' dir='ltr'>eos</span> <span class='ocrx_word' id='word_1_826' title='bbox 2640 5344 2653 5381; x_wconf 89' lang='lat'><strong>:</strong></span> 
     </span>
    </p>
   </div>
   <div class='ocr_carea' id='block_1_152' title="bbox 1939 5400 2785 5461">
    <p class='ocr_par' dir='ltr' id='par_1_152' title="bbox 1939 5400 2785 5461">
     <span class='ocr_line' id='line_1_155' title="bbox 1939 5400 2785 5461; baseline -0.012 -1"><span class='ocrx_word' id='word_1_827' title='bbox 1939 5400 2072 5460; x_wconf 61' lang='lat' dir='ltr'>Hec</span> <span class='ocrx_word' id='word_1_828' title='bbox 2103 5406 2245 5461; x_wconf 90' lang='lat' dir='ltr'>dicit</span> <span class='ocrx_word' id='word_1_829' title='bbox 2269 5403 2555 5460; x_wconf 90' lang='lat' dir='ltr'>Dominus</span> <span class='ocrx_word' id='word_1_830' title='bbox 2587 5400 2737 5454; x_wconf 89' lang='lat' dir='ltr'>Deus</span> <span class='ocrx_word' id='word_1_831' title='bbox 2771 5413 2785 5451; x_wconf 87' lang='lat'>:</span> 
     </span>
    </p>
   </div>
   <div class='ocr_carea' id='block_1_153' title="bbox 1937 5465 3399 5548">
    <p class='ocr_par' dir='ltr' id='par_1_153' title="bbox 1937 5465 3399 5548">
     <span class='ocr_line' id='line_1_156' title="bbox 1937 5465 3399 5548; baseline -0.014 -17"><span class='ocrx_word' id='word_1_832' title='bbox 1937 5475 2063 5533; x_wconf 86' lang='lat' dir='ltr'>Non</span> <span class='ocrx_word' id='word_1_833' title='bbox 2094 5473 2538 5548; x_wconf 78' lang='lat' dir='ltr'>prolongabitur</span> <span class='ocrx_word' id='word_1_834' title='bbox 2569 5469 2720 5548; x_wconf 82' lang='lat' dir='ltr'>ultra</span> <span class='ocrx_word' id='word_1_835' title='bbox 2744 5465 2934 5548; x_wconf 73' lang='lat' dir='ltr'>qmnis</span> <span class='ocrx_word' id='word_1_836' title='bbox 2965 5473 3399 5548; x_wconf 34' lang='lat' dir='ltr'>sermo‘meus‘:</span> 
     </span>
    </p>
   </div>
   <div class='ocr_carea' id='block_1_154' title="bbox 2009 5525 3582 5616">
    <p class='ocr_par' dir='ltr' id='par_1_154' title="bbox 2009 5525 3582 5616">
     <span class='ocr_line' id='line_1_157' title="bbox 2009 5525 3582 5616; baseline -0.015 -13"><span class='ocrx_word' id='word_1_837' title='bbox 2009 5525 2722 5616; x_wconf 34' lang='lat' dir='ltr'>vcgb-uquuodlmutus</span> <span class='ocrx_word' id='word_1_838' title='bbox 2753 5539 2937 5605; x_wconf 87' lang='lat' dir='ltr'>fuero,</span> <span class='ocrx_word' id='word_1_839' title='bbox 2987 5528 3393 5602; x_wconf 89' lang='lat' dir='ltr'>complebitur,</span> <span class='ocrx_word' id='word_1_840' title='bbox 3440 5525 3582 5581; x_wconf 91' lang='lat' dir='ltr'>dicit</span> 
     </span>
    </p>
   </div>
   <div class='ocr_carea' id='block_1_155' title="bbox 2082 5615 3213 5683">
    <p class='ocr_par' dir='ltr' id='par_1_155' title="bbox 2082 5615 3213 5683">
     <span class='ocr_line' id='line_1_158' title="bbox 2082 5615 3213 5683; baseline -0.007 -10"><span class='ocrx_word' id='word_1_841' title='bbox 2082 5615 2367 5673; x_wconf 86' lang='lat' dir='ltr'>Dominus</span> <span class='ocrx_word' id='word_1_842' title='bbox 2400 5615 2574 5670; x_wconf 90' lang='lat' dir='ltr'>Deus.</span> <span class='ocrx_word' id='word_1_843' title='bbox 2987 5673 3024 5683; x_wconf 85' lang='lat'>__</span> <span class='ocrx_word' id='word_1_844' title='bbox 3137 5671 3149 5683; x_wconf 44' lang='grc' dir='ltr'><strong><em>ο</em></strong></span> <span class='ocrx_word' id='word_1_845' title='bbox 3203 5671 3213 5681; x_wconf 87' lang='lat'>_</span> 
     </span>
    </p>
   </div>
   <div class='ocr_carea' id='block_1_156' title="bbox 1942 5669 3469 5760">
    <p class='ocr_par' dir='ltr' id='par_1_156' title="bbox 1942 5669 3469 5760">
     <span class='ocr_line' id='line_1_159' title="bbox 1942 5669 3469 5760; baseline -0.016 -15"><span class='ocrx_word' id='word_1_846' title='bbox 1942 5669 2300 5760; x_wconf 35' lang='lat' dir='ltr'>(CapTXIIII)</span> <span class='ocrx_word' id='word_1_847' title='bbox 2332 5669 2409 5741; x_wconf 82' lang='lat' dir='ltr'>Et</span> <span class='ocrx_word' id='word_1_848' title='bbox 2430 5687 2616 5740; x_wconf 84' lang='lat' dir='ltr'>factus</span> <span class='ocrx_word' id='word_1_849' title='bbox 2646 5683 2734 5736; x_wconf 90' lang='lat' dir='ltr'>est</span> <span class='ocrx_word' id='word_1_850' title='bbox 2766 5691 2957 5734; x_wconf 90' lang='lat' dir='ltr'>sermo</span> <span class='ocrx_word' id='word_1_851' title='bbox 2986 5671 3217 5728; x_wconf 89' lang='lat' dir='ltr'>Domini</span> <span class='ocrx_word' id='word_1_852' title='bbox 3249 5669 3319 5725; x_wconf 86' lang='lat' dir='ltr'>ad</span> <span class='ocrx_word' id='word_1_853' title='bbox 3355 5684 3469 5734; x_wconf 91' lang='lat' dir='ltr'>me,</span> 
     </span>
    </p>
   </div>
   <div class='ocr_carea' id='block_1_157' title="bbox 2083 5759 2328 5815">
    <p class='ocr_par' dir='ltr' id='par_1_157' title="bbox 2083 5759 2328 5815">
     <span class='ocr_line' id='line_1_160' title="bbox 2083 5759 2328 5815; baseline 0 -1"><span class='ocrx_word' id='word_1_854' title='bbox 2083 5759 2284 5815; x_wconf 81' lang='lat' dir='ltr'>dicens</span> <span class='ocrx_word' id='word_1_855' title='bbox 2313 5773 2328 5814; x_wconf 90' lang='lat'><strong>:</strong></span> 
     </span>
    </p>
   </div>
  </div>
