4028 6178
438 265 571 320 1011
1473 262 1534 312 S.
1575 259 1980 312 HIERONYMI
2019 256 2107 308 Dl‘

2270 295 2272 300 _
2309 248 2803 303 BIBLIOTHECA.
3712 233 3865 287 1012

439 388 544 444 Fili
575 386 850 452 hominis,
1469 451 1472 452 ν
1824 450 1834 452 _
2115 375 2167 441 Α

509 450 924 514 vaticinaread
960 455 1275 527 prophetas
1304 451 1506 527 Israel,
1527 452 1642 527 _q’ii
1675 450 2027 522 prophetant

513 537 574 585 et
597 530 756 585 dices
786 524 1277 600 preplietantibus
1307 525 1376 580 de
1407 524 1581 579 corde
1611 537 1718 578 suo
1752 539 1766 577 :

442 603 656 659 Audite
685 598 926 654 verbum
961 598 1193 653 Domini
1232 614 1244 650 :

446 677 576 729 Haec
607 673 750 726 dicit
780 669 1065 726 Dominus
1097 671 1292 723 Deus:

446 751 542 800 Vae
579 742 877 816 prophetis
908 739 1346 816 insipientibus,
1562 787 1566 791 .

521 805 624 888 qui
655 805 1290 888 sequunturspiritum
1321 810 1594 878 suum,et
1622 805 1771 862 nihil
1803 805 2020 860 vident.

452 882 629 953 Quasi
659 882 862 956 vulpes
891 885 949 938 in
983 882 1252 944 desertis,

453 949 890 1029 Prophetaﬂui,
919 956 1119 1029 Israel,
1149 955 1320 1029 erant
1350 949 1462 1020 (Al.
1496 950 1711 1021 erunt).

453 1027 583 1086 Non
613 1028 963 1085 ascendistis
995 1042 1062 1079 ex
1095 1027 1336 1078 adverso
1371 1039 1383 1075 :

524 1118 714 1172 neque
745 1097 1372 1172 opposuistismurum
1405 1109 1508 1172 pro
1541 1092 1712 1172 domo
1744 1089 1946 1159 Israel,

2268 377 2323 426 et
2344 371 2566 425 faciunt
2580 363 2887 423 cervicalia
2913 364 3022 418 sub
3047 361 3239 433 capite
3262 359 3544 414 universae
3565 356 3764 412 aetatis
3790 356 3866 409 ad

2344 441 2657 512 capiendas
2684 437 2913 512 animas
2947 452 2960 489 :

2202 515 2345 570 Cum
2376 502 2650 583 caperent
2680 510 2911 583 animas
2943 503 3142 577 populi
3175 502 3316 572 mei,

2346 579 2721 640 viviﬁcabant
2751 579 2980 634 animas
3012 592 3213 632 eorum
3249 592 3262 628 :

2204 657 2275 712 Et
2296 655 2592 711 violabant
2616 654 2686 708 ad
2727 652 3010 723 p0pulum
3052 663 3247 723 meum
3289 647 3529 717 propter
3563 640 3866 715 pugillum

2346 727 2551 782 hordei
2582 730 2640 781 et
2671 720 2933 796 fragmen
2967 720 3156 790 panis,

2279 803 2339 854 ut
2373 787 3022 853 interﬁcerentvanimas
3055 807 3182 860 qua:
3217 804 3331 842 non
3365 787 3737 848 moriuntur,

2280 877 2336 926 et
2366 870 2725 925 viviﬁcarent
2755 867 2985 922 animas
3017 854 3142 932 quae
3175 876 3290 914 non
3320 860 3550 932 ivivunt,
3580 854 3876 912 mentien.

2349 947 2437 996 tes
2471 940 2682 1012 populo
2715 955 2838 1012 meo
2869 931 3128 1012 credenti
3164 931 3504 1012 mendaciis.

2211 1014 2450 1084 Propter
2474 1003 2588 1067 'ho'c
2620 1012 2742 1084 haec
2768 1008 2916 1084 dicit
2945 1005 3231 1062 Dominus
3264 1003 3418 1084 Deus
3451 1019 3463 1057 :

2213 1068 2355 1140 Ecce
2385 1101 2490 1156 ego
2521 1085 2590 1138 ad
2627 1081 2895 1156 pulvillos
2925 1083 3172 1143 vestros,
3201 1076 3418 1146 quibus
3450 1089 3550 1128 vos
3581 1068 3810 1142 capitis

525 1179 590 1227 ut
619 1162 860 1227 stareti-s
896 1170 954 1222 in
987 1167 1184 1227 przelio
1216 1167 1274 1220 in
1309 1162 1686 1219 die'Domini.

453 1244 666 1300 Vident
693 1257 862 1307 vana,
895 1244 951 1295 et
981 1232 1248 1294 divinant
1279 1234 1671 1304 mendacium,
1702 1232 1954 1288 dicentes
1990 1247 2002 1284 :

456 1315 550 1369 Ait
584 1315 864 1370 Dominus
896 1329 909 1366 :

531 1403 665 1440 cum
699 1384 979 1439 Dominus
1010 1398 1125 1436 non
1153 1379 1382 1434 miserit
1411 1395 1510 1434 eos
1543 1395 1555 1431 :

532 1463 588 1512 et
620 1457 1130 1528 perseveraverunt
1159 1452 1506 1506 conﬁrmare
1535 1462 1891 1528 sermonem.

459 1517 737 1601 Nunquid
775 1544 886 1601 non
921 1525 1204 1580 visionem
1223 1538 1462 1601 passam
1496 1517 1748 1601 vidistis,

533 1606 590 1655 et
619 1589 1038 1653 divinationem
1073 1595 1416 1650 mendacem
1449 1590 1626 1647 locuti
1657 1589 1800 1644 estis
1834 1605 1847 1642 :

536 1677 592 1727 et
622 1671 816 1726 dicitis
850 1688 863 1724 :
898 1669 992 1722 Ait
1020 1667 1324 1731 Dominus,

538 1759 672 1798 cum
704 1758 805 1810 ego
838 1757 952 1794 non
981 1738 1092 1795 sim
1126 1733 1402 1810 locutus?

467 1805 779 1885 Propterea
808 1811 929 1867 haec
951 1811 1096 1885 dicit
1127 1808 1420 1885 Dominus
1438 1805 1592 1885 Deus
1625 1820 1639 1860 :

469 1872 615 1951 Quia
646 1884 824 1940 locuti
857 1882 999 1938 estis
1028 1897 1196 1951 vana,
1229 1884 1286 1935 et
1309 1877 1538 1951 vidistis
1567 1872 1937 1951 mendacium
1973 1888 1988 1926 :

539 1958 670 2012 ideo
703 1971 834 2011 ecce
865 1970 971 2025 ego
1003 1955 1074 2008 ad
1101 1949 1224 2017 vos,
1256 1950 1396 2005 dicit
1419 1950 1720 2025 Dominus
1740 1949 1898 2025 Deus
1933 1959 1946 2025 ς

470 2029 539 2083 Et
558 2027 668 2084 erit
690 2016 1052 2082 manusvmea
1074 2016 1250 2094 super
1273 2019 1606 2094 prophetas,
1624 2017 1724 2090 qui
1751 2016 1950 2072 vident
1969 2030 2118 2069 vana

615 2105 672 2153 et
703 2098 969 2153 divinant
1000 2095 1374 2149 mendacium
1404 2105 1418 2137 ι

538 2170 598 2224 in
629 2168 873 2224 consilio
906 2165 1106 2237 populi
1138 2166 1250 2220 mei
1277 2181 1392 2237 non
1421 2163 1615 2237 erunt,

542 2245 602 2294 et
631 2240 690 2295 in
723 2229 1258 2309 script-uradomus
1290 2231 1470 2309 Israel
1504 2248 1616 2286 non
1649 2229 2002 2294 scribentur,

544 2328 649 2366 nec
682 2311 740 2365 in
771 2305 986 2365 terram
1021 2308 1197 2363 Israel
1232 2305 1657 2376 ingrediantur,

543 2387 598 2436 et
630 2381 828 2437 scietis
861 2380 994 2450 quia
1024 2395 1129 2450 ego
1164 2375 1450 2450 Dominus
1484 2375 1654 2429 Deus.

474 2459 552 2509 Eo
585 2453 738 2523 quod
771 2441 1105 2522 deceperint
1136 2448 1421 2522 populum
1455 2460 1675 2516 meum,
1708 2441 1966 2499 dicentes
2001 2458 2016 2495 :

476 2531 612 2590 Pax,
648 2529 704 2579 et
735 2540 848 2578 non
881 2527 970 2578 est
1000 2539 1131 2593 pax,

476 2599 547 2652 Et
575 2597 700 2666 ipse
731 2591 1056 2666 aedificabat
1083 2591 1382 2666 parietem,

549 2656 634 2722 illi
663 2670 858 2721 autem
895 2656 1176 2719 liniebant
1206 2679 1338 2717 eum
1373 2661 1494 2715 luto
1522 2659 1744 2730 absque
1775 2656 1976 2728 paleis.

477 2738 580 2795 Dic
610 2739 681 2794 ad
714 2753 813 2793 eos
845 2737 943 2808 qui
973 2735 1191 2792 liniunt
1228 2735 1452 2804 absque
1495 2729 1915 2802 temperatura,
1969 2729 2123 2800 quod

620 2825 864 2864 casurus
893 2808 970 2862 sit
997 2823 1011 2863 :

549 2881 659 2936 erit
688 2880 840 2935 enim
874 2879 1064 2934 imber
1093 2876 1410 2942 inundans,

550 2958 609 3008 et
639 2952 789 3006 dabo
817 2950 1042 3022 lapides
1073 2949 1441 3022 prmgrandes
1475 2945 1726 3015 desuper
1753 2945 2062 3010 irruentes,

556 3028 614 3078 et
642 3017 893 3076 ventum'
925 3017 1627 3091 procellaewdissipantem.

481 3093 781 3166 Siquidem
806 3108 945 3166 ecce
975 3091 1184 3166 cecidit
1215 3091 1406 3166 paries
1438 3105 1452 3143 :

552 3155 822 3289 nullaquitd
855 3179 970 3288 gon
1003 3155 1231 3217 dicetur
1253 3160 1418 3216 vobis
1447 3175 1460 3216 :
1495 3159 1600 3215 Ubi
1631 3161 1717 3214 est
1747 3155 2129 3229 litura,quam

647 3251 763 3289 ims
796 3249 844 3289 IS

647 3234 844 3289 inistis

485 3307 800 3378 Propterea
829 3305 950 3378 haec
982 3303 1122 3378 dicit
1152 3302 1438 3378 Dominus
1469 3301 1620 3358 Deus
1653 3317 1668 3358 :

484 3378 557 3433 Et
577 3369 883 3448 erumpere
905 3375 1112 3430 faciam
1138 3375 1414 3447 spiritum
1437 3375 1854 3444 tempestatum
1888 3372 1948 3427 in
1979 3369 2132 3426 indi-

633 3446 912 3530 gnatione
945 3463 1093 3530 mea,

558 3522 616 3573 et
634 3512 830 3573 imber
858 3512 1155 3572 inundans
1185 3515 1248 3569 in
1280 3515 1472 3568 furore
1501 3527 1628 3568 meo
1659 3512 1768 3568 erit
1802 3530 1815 3569 :

560 3592 618 3644 et
646 3589 872 3659 lapides
899 3588 1153 3659 grandes
1184 3586 1244 3640 in
1275 3584 1448 3659 irain
1475 3585 2060 3659 consummationem.

491 3660 561 3714 Et
589 3655 888 3716 dest—ruam
901 3655 1192 3730 parietem
1216 3672 1390 3728 quem
1412 3655 1632 3712 linistis
1662 3657 1882 3728 absque
1913 3661 2138 3729 tempe-

635 3735 901 3786 ramento
935 3746 948 3784 :

565 3805 621 3857 et
647 3802 968 3872 adaequabo
998 3815 1132 3872 eum
1160 3803 1356 3872 terrae,

564 3877 621 3928 et
652 3869 1004 3953 relevabitur
1033 3871 1481 3953 fundamentum
1515 3869 1692 3953 ejus;

493 3944 564 3999 Et
593 3945 784 4008 cadet,
817 3948 873 3999 et
901 3945 1282 3998 consumatur
1309 3941 1369 3996 in
1405 3941 1595 3996 medio
1622 3941 1752 4012 ejus
1785 3958 1798 3996 :

565 4019 621 4070 et
649 4015 844 4070 scietis
875 4015 1016 4086 quia
1036 4028 1149 4086 ego
1180 4028 1312 4086 sum
1347 4012 1648 4086 Dominus.

494 4089 561 4140 Et
589 4082 1384 4156 complebo—indignationem
1415 4097 1605 4156 meam
1638 4082 1695 4138 in
1727 4083 1966 4154 pariete,

565 4161 624 4210 et
645 4157 703 4210 in
724 4153 829 4211 bis
860 4154 960 4226 qui
980 4153 1209 4226 liniunt
1237 4170 1372 4210 eum
1404 4154 1626 4226 absque
1654 4153 2138 4226 temperamento,

563 4225 1066 4299 dicamquevobis
1095 4243 1108 4282 :

492 4297 619 4353 Non
650 4301 741 4353 est
771 4296 981 4369 paries,

566 4374 625 4423 et
650 4365 937 4425 non—sunt
967 4366 1067 4425 qui
1097 4365 1314 4421 liniunt
1342 4382 1496 4422 eum.

497 4437 796 4511 Prophetas
826 4436 1022 4511 Israel,
1057 4436 1158 4511 qui
1189 4436 1538 4511 prophetarit
1570 4437 1640 4493 ad
1671 4436 2015 4510 Jerusalem,

570 4507 627 4566 et
655 4509 853 4566 vident
882 4510 933 4565 ei
964 4507 1248 4564 visionem
1284 4507 1441 4578 pacis
1476 4523 1490 4562 :

570 4584 627 4636 et
657 4598 771 4636 non
804 4583 894 4636 est
924 4597 1053 4651 pax,
1088 4579 1171 4634 ait
1199 4579 1483 4651 Dominus
1511 4581 1687 4634 Deus.

500 4649 572 4705 Et
599 4655 686 4717 tu,
716 4651 799 4705 fili
825 4649 1106 4716 hominis,
1138 4666 1286 4720 pone
1318 4649 1523 4720 faciem
1555 4653 1719 4706 tuam
1751 4652 1956 4706 contra
1985 4650 2140 4708 ﬁlias

642 4721 844 4792 populi
874 4722 985 4788 tui,
1017 4719 1154 4791 qua!
1174 4719 1526 4792 prophetarit
1555 4721 1628 4776 de
1656 4723 1830 4778 corde
1862 4739 1967 4778 suo
2001 4741 2014 4778 :

573 4791 1182 4862 et’vaticinaresuper
1210 4807 1329 4860 eas,
1362 4793 1420 4846 et
1452 4791 1544 4846 dic
1577 4808 1592 4846 :

503 4863 634 4918 Hmc
665 4863 806 4918 dicit
836 4861 1120 4918 Dominus
1149 4862 1304 4917 Deus
1338 4878 1351 4916 :

500 4933 598 4989 νω
621 4949 745 5004 quae
767 4937 1062 4991 consuunt
1083 4931 1355 5004 pulvillos
1377 4931 1486 4988 sub
1509 4932 1886 5005 omnilcubito
1908 4951 2142 4992 manus:

577 5133 594 5166 ί
645 5127 846 5202 Brevis
888 5124 1100 5202 isthaae
1143 5125 1826 5202 pericope,_interrogam
1876 5145 1974 5202 per
2019 5147 2144 5188 eum

502 5215 611 5270 me,
643 5199 739 5254 hic
768 5215 837 5270 ex
864 5195 1044 5252 veteri
1074 5195 1280 5252 Latina
1308 5195 1575 5254 versione
1624 5195 1709 5256 ab'
1746 5195 1896 5270 ipso,
1945 5205 2010 5256 ut
2055 5205 2141 5257 vi-

503 5273 696 5339 detur,
730 5269 1094 5340 Hieronymo
1111 5271 1332 5340 retenta
1361 5276 1449 5325 est
1479 5285 1493 5324 :
1527 5285 1656 5325 eam
1688 5269 1844 5326 enim
1876 5269 2048 5329 etiam
2082 5275 2142 5331 in

505 5337 929 5398 commentario
950 5337 1362 5413 'praelegittum
1398 5355 1465 5395 ex
1493 5342 1752 5408 Hebraeo,
1796 5342 2146 5413 interrogans

500 5429 627 5494 iam
656 5429 758 5483 per
782 5427 888 5494 me,
921 5409 1060 5494 cum
1087 5409 1159 5464 ex
1186 5409 1339 5494 LXX,
1371 5418 1443 5494 u't'
1463 5413 1764 5494 irim-roget
1790 5427 1916 5468 eum
1945 5409 2143 5476 in'me.

503 5479 797 5557 Etta’men
829 5479 923 5557 hic
951 5479 1062 5536 locI
1085 5493 1281 5557 neque
1313 5481 1370 5535 in
1399 5479 1968 5557 Hebraaoestmeque
1988 5490 2140 5557 apud

503 5551 674 5632 LXX,
707 5553 766 5606 in
799 5551 1103 5632 ullo_quod
1136 5550 1316 5632 sciam
1347 5551 1663 5632 exemplari
1693 5550 1909 5632 Graeco.
1954 5550 2144 5614 Habe-

509 5629 602 5675 tur
630 5637 763 5677 vero
797 5623 854 5676 in
887 5626 1137 5691 utroque
1167 5625 1326 5675 textu
1364 5622 1535 5677 intra
1565 5625 1764 5692 semel,
1813 5643 2037 5696 suoque
2082 5630 2142 5684 in

507 5706 634 5786 loco
662 5708 869 5786 versic.
898 5709 960 5786 7,_
985 5711 1043 5762 et
1074 5707 1134 5760 in
1165 5707 1404 5786 Hebraeo
1450 5710 1713 5786 quidem,
1761 5723 1830 5786 τι.
1865 5699 2120 5786 πινέτω-τι,

515 5775 585 5826 ad
613 5758 1058 5847 interrogandum
1085 5793 1210 5834 eum
1257 5758 1886 5854 iriwr'ne,1_itern“qhe-in'

2169 4477 2222 4546 D

2354 1153 2583 1211 animas
2615 1153 2876 1209 volantes
2911 1166 2923 1204 :

2283 1232 2339 1282 et
2369 1228 2705 1298 dirumpam
2738 1241 2838 1298 eos
2871 1223 2940 1277 de
2973 1218 3229 1274 brachiis
3260 1215 3465 1298 vestris
3501 1232 3515 1270 :

2283 1304 2339 1354 et
2368 1283 2660 1425 dilmitgam
2694 1297 2941 1361 animas,
2975 1309 3121 1363 quas
3148 1307 3250 1345 vos
3281 1287 3509 1360 capitis,
3535 1283 3782 1340 animas
3814 1283 3884 1337 ad

2354 1388 2423 1425 vo
2453 1388 2524 1425 an
2575 1386 2688 1424 um.

2354 1386 2688 1426 νοιαῐιαυῐῐι.

2216 1443 2285 1496 Et
2313 1441 2648 1513 dirumpam
2683 1435 2990 1513 cervicalia
3018 1436 3232 1513 vestra,

2291 1505 2550 1568 liberabo
2583 1510 2863 1585 populum
2890 1523 3094 1585 meum
3127 1507 3197 1585 de
3229 1519 3406 1585 manu
3439 1505 3664 1585 vestra,

2291 1601 2476 1655 neque
2503 1569 2679 1640 erunt
2707 1580 2860 1636 ultra
2888 1579 2946 1634 in
2981 1577 3255 1633 manibus
3276 1573 3484 1629 vestris
3505 1573 3574 1627 ad
3609 1569 3889 1642 praedan-

2289 1657 2422 1711 dum
2463 1675 2474 1711 :

2293 1733 2350 1783 et
2379 1728 2575 1783 scietis
2606 1725 2746 1797 quia
2771 1739 2876 1794 ego
2909 1721 3211 1797 Dominus.

2227 1796 2331 1854 Pro
2362 1816 2427 1854 eo
2457 1783 2881 1869 quod‘mcere‘re
2911 1791 3134 1869 fecistis
3165 1807 3263 1869 cor
3284 1789 3436 1861 justi
3486 1783 3889 1851 mendaciter,

2365 1863 2538 1942 quem
2570 1885 2675 1940 ego
2707 1884 2822 1942 non
2855 1863 3220 1942 contristavi,

2296 1947 2352 1997 et
2382 1934 2759 1998 confortastis
2790 1954 3001 1993 manus
3034 1934 3220 2006 impii,

2298 2017 2359 2067 ut
2394 2031 2508 2069 non
2538 2015 2921 2068 reverteretur
2951 2025 2984 2063 a
3013 2001 3245 2062 via-sua
3275 2002 3452 2072 mala,
3484 2004 3542 2056 et
3564 2001 3826 2055 viveret.

2227 2084 2537 2157 Propterea
2568 2100 2714 2138 vana
2744 2098 2858 2137 non
2889 2078 3187 2157 videbitis,

2298 2144 2360 2213 et
2384 2157 2774 2211 divinationes
2805 2169 2919 2208 non
2950 2146 3290 2205 divinabitis
3321 2144 3614 2216 amplius;

2227 2233 2295 2284 Et
2323 2245 2539 2300 eruam
2557 2225 2836 2300 populum
2870 2239 3077 2300 meum
3100 2222 3170 2276 de
3200 2235 3380 2274 manu
3410 2221 3606 2272 vestra
3644 2231 3661 2270 :

2300 2306 2357 2356 et
2383 2292 2579 2356 scietis
2611 2292 2749 2369 quia
2777 2301 2882 2368 ego
2919 2292 3216 2369 Dominus.

2229 2354 2583 2444 (cdpfxiva
2608 2354 2678 2425 Et
2695 2354 2980 2424 venerunt
3002 2366 3070 2422 ad
3099 2379 3188 2420 me
3207 2361 3311 2418 viri
3349 2360 3651 2416 seniorum
3688 2354 3894 2420 Israel,

2302 2449 2358 2499 et
2387 2444 2665 2499 sederunt
2694 2456 2892 2496 coram
2926 2454 3040 2493 me.

2234 2519 2299 2569 Et
2331 2516 2518 2570 factus
2548 2519 2637 2569 est
2664 2527 2857 2568 sermo
2888 2506 3120 2566 Domini
3152 2505 3222 2561 ad
3257 2520 3372 2574 me,
3403 2502 3606 2558 dicens
3644 2517 3662 2556 :

2235 2587 2336 2642 Fili
2371 2585 2649 2650 hominis,

2300 2659 2412 2715 viri
2443 2658 2539 2741 isti
2571 2643 2894 2729 posuerunt
2923 2648 3336 2707 immunditias
3359 2662 3499 2703 suas
3523 2644 3581 2700 in
3603 2643 3894 2700 cordibus

2377 2747 2501 2786 ευιε

2305 2805 2361 2858 et
2391 2771 2735 2856 scandalum
2769 2793 3097 2868 iniquitatis
3129 2810 3247 2849 sua:
3281 2794 3615 2847 statuerunt
3648 2793 3867 2845 contra

2379 2873 2587 2928 faciem
2617 2886 2784 2926 suam
2822 2884 2835 2922 :

2308 2943 2573 3015 nunquid
2607 2942 3002 3015 interrogatus
3035 2934 3400 3015 respondebo
3432 2933 3562 2988 eis?

2238 3006 2480 3089 Propter
2502 3015 2617 3089 hoc
2644 3006 3013 3089 loquerﬁeﬁeis,
3050 3015 3107 3065 et
3134 3006 3295 3064 dices
3328 3006 3398 3062 ad
3432 3021 3532 3060 eos
3567 3022 3582 3062 :

2242 3083 2372 3143 Haec
2402 3087 2543 3142 dicit
2569 3085 2854 3141 Dominus
2883 3083 3037 3138 Deus
3069 3099 3084 3136 :

2161 3117 2204 3183 C
2242 3117 2372 3143 [ιωυ
2402 3117 2543 3142 υιυιι
2569 3117 2854 3141 υυιιιιυυθ
2883 3117 3037 3138 υΰυῦ
3071 3123 3083 3136 ο

2241 3165 2426 3216 Homo
2458 3159 2633 3213 homo
2665 3159 2736 3211 de
2767 3157 2940 3211 domo
2974 3151 3171 3220 Israel,
3206 3150 3307 3222 qui
3339 3147 3598 3220 posuerit
3631 3147 3901 3203 immun-

2385 3229 2555 3284 ditias
2585 3245 2723 3283 suas
2754 3227 2812 3281 in
2846 3225 3018 3280 corde
3049 3241 3178 3290 suo,

2314 3307 2371 3357 et
2393 3299 2733 3357 scandalum
2757 3295 3087 3368 iniquitatis
3111 3289 3228 3352 sua:
3253 3292 3524 3349 statuerit
3547 3289 3810 3361 (ALadd.
3833 3291 3900 3361 ei?

2385 3377 2587 3429 contra
2619 3371 2828 3426 faciem
2859 3385 3051 3436 suam,

2317 3449 2373 3501 et
2401 3443 2626 3498 venerit
2649 3442 2718 3497 ad
2754 3435 3118 3513 prophetam,
3155 3435 3524 3507 interrogans
3557 3451 3665 3507 per
3692 3450 3833 3489 eum

2389 3518 2580 3570 mei:

2244 3590 2363 3662 Ego
2386 3587 2669 3662 Dominus
2691 3585 3055 3657 respondebo
3077 3583 3127 3640 ei
3151 3583 3210 3638 in
3235 3579 3613 3638 multitudine
3637 3579 3900 3634 immun-

2389 3658 2666 3713 ditiarum
2699 3673 2936 3712 suarum
2974 3674 2985 3710 :

2319 3734 2383 3786 ut
2413 3729 2677 3800 capiatur
2707 3731 2919 3806 domus
2942 3726 3128 3806 Israel
3159 3725 3222 3806 in
3250 3726 3425 3806 corde
3453 3740 3584 3806 suo,
3635 3738 3756 3793 quo
3811 3738 3899 3777 re-

2392 3795 2725 3856 ces'sserunt
2757 3818 2790 3856 a
2815 3816 2910 3855 me
2938 3798 2997 3854 in
3030 3798 3259 3854 cunctis
3289 3795 3463 3852 idolis
3494 3795 3643 3852 suis.

2249 3873 2555 3943 PrOpterea
2585 3873 2675 3927 dic
2709 3872 2779 3926 ad
2814 3873 3052 3943 domum
3089 3867 3261 3925 Israel
3297 3885 3312 3926 :

2247 3941 2380 4000 Haec
2413 3941 2554 3998 dicit
2588 3943 2865 3998 Dominus
2899 3941 3052 3998 Deus
3087 3958 3100 3997 :

2247 4015 2666 4072 Convertimini
2697 4019 2754 4070 et
2784 4014 3033 4069 recedite
3062 4013 3133 4068 ab
3168 4009 3339 4067 idolis
3371 4008 3604 4074 vestris,

2319 4091 2375 4142 et
2406 4087 2478 4142 ab
2501 4085 2790 4142 universis
2811 4082 3406 4142 contaminationibus
3427 4081 3639 4138 vestris
3661 4080 3904 4136 avertite

2391 4157 2569 4213 facies
2585 4161 2843 4214 .vestras.

2249 4227 2398 4292 Quia
2425 4229 2600 4284 homo
2629 4227 2806 4284 homo
2837 4231 2906 4285 de
2935 4231 3104 4284 domo
3137 4225 3332 4292 Israel,
3365 4229 3422 4281 et
3469 4224 3540 4297 de
3588 4223 3902 4297 proselytis

2393 4301 2730 4371 quicunque
2762 4301 2984 4356 advena
3015 4299 3188 4355 fuerit
3216 4299 3271 4353 in
3309 4296 3504 4371 Israel,

2322 4372 2371 4427 si
2403 4366 2690 4426 alienatus
2723 4372 2896 4428 fuerit
2926 4390 2958 4427 a
2989 4389 3102 4442 me,
3133 4375 3192 4426 et
3220 4369 3481 4441 posuerit
3512 4366 3672 4422 idola
3702 4384 3817 4422 sua
3847 4368 3902 4422 in

2394 4443 2566 4498 corde
2596 4459 2726 4510 suo,

2321 4517 2379 4568 et
2409 4509 2753 4569 scandalum
2783 4511 3118 4582 iniquitatis
3147 4528 3265 4566 sum
3299 4509 3572 4567 statuerit
3601 4513 3810 4564 contra

2391 4585 2597 4640 faciem
2632 4601 2824 4653 suam,

2322 4660 2380 4710 et
2406 4657 2630 4711 venerit
2659 4656 2731 4712 ad
2764 4655 3128 4727 prophetam,
3167 4659 3230 4709 ut
3259 4653 3582 4725 interroget
3613 4670 3720 4724 per
3770 4670 3906 4708 eum

2394 4743 2535 4782 me:

2323 4812 2424 4868 ego
2453 4797 2739 4869 Dominus
2771 4797 3135 4869 respondebo
3166 4795 3216 4852 ei
3249 4813 3348 4869 per
3380 4814 3494 4853 me.

2251 4869 2321 4924 Et
2352 4886 2563 4940 ponam
2596 4867 3024 4940 faciemgmeam
3057 4867 3560 4940 super’hominem
3602 4868 3801 4932 illum,
3854 4874 3910 4925 et

2393 4939 2601 4997 faciam
2635 4955 2770 4995 eum
2801 4937 2859 4994 in
2891 4937 3250 5012 exemplum,
3283 4943 3340 4996 et
3366 4939 3425 4995 in
3459 4941 3861 5012 proverbium,

2250 5134 2348 5205 τοῦ
2377 5131 2716 5205 ἐπερωτῆσαι
2745 5130 2902 5186 αὐτὸν
2937 5129 2990 5185 ἐν
3038 5128 3161 5203 ἐμοὶ
3200 5149 3214 5186 :
3248 5132 3637 5205 Hieronymus
3687 5137 3904 5194 iterum

2253 5204 2540 5287 ibi‘paulo
2571 5205 2780 5260 aliter:
2813 5207 2884 5287 ut.
2921 5205 3217 5287 interroget
3260 5221 3360 5275 per
3406 5204 3530 5260 eum
3577 5223 3682 5287 τηε.
3733 5209 3900 5272 Quod

2253 5273 2434 5357 igitur
2463 5275 2570 5330 hoc
2600 5291 2832 5357 quoque
2870 5273 2930 5330 in
2982 5274 3106 5330 loco
3134 5273 3282 5356 eam
3335 5276 3622 5357 praeponit
3665 5287 3899 5357 senten-

2253 5346 2601 5471 tiam,quam
2624 5346 2758 5419 pari
2789 5363 3076 5402 consensu
3109 5346 3423 5418 originales
3454 5346 3590 5403 libri
3633 5352 3901 5412 reticent,

2255 5434 2370 5471 non
2403 5435 2436 5471 a
2464 5419 2518 5471 ia
2547 5421 2636 5471 est
2666 5419 2736 5471 de
2768 5434 2962 5471 causa.
2997 5432 3172 5471 suam
3202 5417 3355 5471 auod
3404 5435 3558 5471 eam-
3607 5417 3670 5471 in
3721 5423 3895 5471 veteri

2255 5434 2374 5499 pou
2403 5417 2736 5499 aliaest‘de
2768 5434 2962 5480 causa,
2997 5432 3172 5499 quam
3202 5417 3355 5489 quod
3404 5435 3559 5499 eam,
3607 5417 3670 5476 in
3721 5423 3895 5477 veteri

2255 5489 2456 5571 patina
2485 5488 2738 5571 Vulgata
2767 5488 3045 5559 repererit
3078 5506 3090 5542 :
3125 5488 3891 5571 hancquebuiuspropbe-

2255 5561 2680 5641 taauversiopem
2716 5575 2783 5615 ex
2815 5565 3210 5641 praeconcepta
3246 5561 3521 5641 opinione
3543 5561 3890 5619 existimarit

2254 5630 2396 5709 satis
2427 5633 2784 5709 conformem
2816 5630 3097 5687 Hebraico
3129 5630 3410 5702 textui,ut
3441 5637 3691 5705 ipsemet
3721 5639 3887 5709 proti-

2251 5704 2405 5756 tetur
2430 5702 2488 5757 in
2520 5703 2777 5774 prologo.
