4028 6178
250 283 389 340 1013

318 417 375 466 et
404 411 740 484 disperdam
773 427 908 466 eum
943 412 1015 484 de
1047 412 1238 467 medio
1269 411 1470 484 populi
1500 413 1617 469 mei
1652 431 1666 469 :

323 489 379 537 et
408 481 606 537 scietis
637 482 776 552 quia
805 500 906 551 ego
939 483 1248 539 Dominus.

252 556 319 610 Et
349 554 636 680 piopheta
664 570 799 609 cum
849 555 1150 620 erraverit,
1182 559 1239 612 et
1288 553 1522 611 locutus
1570 554 1746 612 fuerit
1776 573 1902 612 ver-

441 643 538 680 um
566 643 578 680 :

441 643 578 680 um:

318 713 423 767 ego
458 696 738 752 Dominus
769 697 968 767 decepi
1004 698 1348 768 prophetam
1380 697 1549 752 illum
1586 715 1598 752 :

239 770 310 824 Et
340 769 650 823 extendam
686 785 925 823 manum
962 785 1152 823 meam
1184 786 1363 840 super
1398 769 1591 832 illum,

312 845 370 894 et
400 840 605 894 delebo
635 856 768 895 eum
801 840 872 894 de
905 840 1093 895 medio
1128 838 1326 911 pepuli
1363 842 1474 896 mei
1510 838 1710 895 Israel.

239 911 309 966 Et
341 912 662 982 portabunt
693 911 1066 981 iniquitatem
1100 928 1270 967 suam
1310 930 1323 968 :

302 981 474 1051 juxta
531 982 896 1055 iniquitatem
959 982 1398 1055 interrogantis,
1463 982 1547 1038 sic
1606 981 1895 1054 iniquitas

389 1053 683 1125 prophetas
713 1055 827 1125 erit
859 1071 872 1108 ε

239 1124 310 1180 Ut
341 1123 458 1180 non
493 1123 644 1180 erret
686 1124 841 1180 ultra
887 1125 992 1196 (Al.
1026 1129 1132 1180 tac.
1169 1123 1343 1197 ultra)
1393 1125 1603 1181 domus
1653 1127 1831 1182 Israel
1864 1145 1898 1184 a

316 1213 437 1261 me,

314 1282 508 1349 neque
536 1266 833 1338 polluatur
867 1269 926 1323 in
979 1266 1268 1323 universis
1316 1268 1894 1338 praevaricationibus

391 1356 518 1396 SUIS
551 1357 564 1394 ἶ

311 1412 414 1466 sed
450 1411 569 1465 sint
603 1409 747 1464 mihi
781 1410 840 1464 in
874 1409 1204 1481 populum,-

309 1487 369 1537 et
397 1498 502 1553 ego
534 1481 639 1536 sim
676 1481 760 1536 eis
785 1482 842 1536 in
880 1484 1079 1545 Deum,

309 1554 396 1608 ait
432 1552 711 1608 Dominus
742 1553 1127 1608 exercituum.

230 1625 302 1680 Et
335 1627 527 1680 factus
559 1630 647 1678 est
677 1641 869 1680 sermo
898 1625 1132 1680 Domini
1160 1626 1230 1680 ad
1264 1642 1379 1695 me,
1412 1624 1611 1680 dicens
1644 1642 1658 1682 :

234 1696 348 1752 Fili
385 1696 658 1762 hominis,

1393 289 1605 341 LIBER
1642 278 2064 343 EZECHIELIS
2102 290 2521 344 morsum.

3528 297 3666 352 1014

1931 417 1986 480 Α
2017 414 2173 484 (Cap.
2209 413 2342 485 XV).
2376 416 2442 469 Et
2468 415 2657 471 factus
2698 419 2787 470 est
2827 431 3018 471 sermo
3050 416 3275 472 Domini
3316 420 3387 474 ad
3434 437 3546 487 me,
3575 423 3664 478 di-

2089 501 2248 551 cens,

2011 556 2119 611 Fili
2153 556 2431 623 hominis,

2084 629 2222 702 quid
2260 628 2357 682 fiet
2399 627 2555 698 ligno
2585 628 2695 696 (Al.
2731 630 2801 684 de
2831 629 3009 702 ligno)
3041 630 3177 686 vitis
3212 635 3252 700 ί,
3284 649 3352 688 ex
3381 634 3658 690 omnibus

2160 700 2337 774 lignis
2352 715 2811 774 nemorum,qu
2836 700 2973 756 sunt
2998 703 3154 757 inter
3178 703 3335 774 ligna
3349 705 3658 762 silvarum?

2010 770 2289 847 Nunquid
2322 770 2557 847 tolletur
2586 773 2658 847 de
2688 788 2755 825 ea
2781 772 3031 847 lignum,
3065 779 3127 828 ut
3155 770 3256 830 fia't
3287 792 3434 847 opus
3463 796 3478 842 ;

2082 858 2184 897 aut
2216 841 2595 918 fabricabitur
2625 844 2695 898 de
2723 859 2811 918 ea_
2833 843 3107 915 paxillus,
3139 851 3204 901 ut
3237 841 3561 918 dependeat
3591 849 3647 903 in

2151 929 2217 969 eo
2249 914 2641 984 quodcunque
2671 913 2816 969 vas?

2011 983 2152 1040 Ecce
2183 983 2304 1056 igni
2328 983 2647 1040 datum’est
2674 985 2733 1039 in
2765 1001 2960 1041 escam
2993 1003 3006 1040 :

2081 1061 2394 1131 utramque
2421 1061 2643 1131 partem
2671 1057 2796 1131 ejus
2826 1059 3194 1131 consumpsit
3213 1059 3396 1131 ignis,

2081 1134 2137 1182 et
2170 1129 2446 1184 medietas
2476 1129 2869 1200 ejusgredacta
2900 1134 2991 1200 est
3021 1129 3078 1183 in
3111 1129 3366 1186 favillam
3383 1129 3407 1186 ':

2079 1201 2347 1270 nunquid
2383 1198 2526 1255 utile
2553 1198 2661 1254 erit
2693 1201 2764 1254 ad
2797 1198 2990 1271 opus?

2006 1271 2198 1326 Etiam
2220 1288 2352 1326 cum
2376 1277 2532 1344 esset
2551 1273 3144 1344 integrum,nonerat
3165 1276 3368 1344 aptum
3393 1273 3463 1327 ad
3490 1291 3658 1344 opus:

2079 1348 2297 1414 quanto
2343 1343 2534 1414 magis
2591 1341 2733 1414 cum,
2773 1343 2927 1414 ignis
2982 1341 3128 1414 illud
3189 1341 3568 1412 devoraverit,
3603 1353 3661 1402 et

2150 1413 2562 1479 combusserit,
2597 1413 2742 1486 nihil
2773 1413 2841 1469 ex
2871 1431 2936 1469 eo
2967 1413 3065 1486 fiet
3095 1416 3285 1486 operis
3308 1415 3335 1470 ?

2007 1485 2316 1555 Propterea
2346 1485 2465 1540 haec
2497 1486 2639 1540 dicit
2665 1485 2949 1541 Dominus
2981 1485 3139 1540 Deus
3165 1502 3177 1540 :

2006 1557 2308 1630 Quomodo
2339 1557 2564 1630 lignum
2592 1557 2744 1630 ivitis
2775 1557 2926 1630 inter
2956 1557 3114 1629 ligna
3162 1556 3464 1628 silvarum,
3496 1560 3650 1630 quod

2148 1629 2281 1683 dedi
2313 1629 2433 1698 igni
2468 1629 2540 1683 ad
2572 1629 2988 1683 devorandum.

2074 1699 2159 1755 sic
2192 1701 2404 1755 tradidi
2457 1700 2562 1769 (Al.
2599 1701 2850 1763 tradam)
2899 1699 3258 1755 habitatores
3300 1699 3650 1757 Jerusalem.

304 1774 468 1824 terra
491 1784 631 1849 cum
666 1767 986 1840 peccaverit
1017 1767 1183 1836 mihi,
1219 1765 1278 1823 ut
1310 1767 1724 1840 praevaricetur
1747 1787 1889 1840 prae-
1920 1789 1969 1854 Β
2000 1774 2317 1854 Etponam
2350 1765 2555 1854 faciem
2589 1788 2778 1827 meam
2812 1772 2870 1853 in
2901 1788 2998 1854 eos
3029 1788 3041 1825 :

382 1839 673 1907 varicans,

2072 1843 2144 1899 de
2167 1843 2309 1926 igne
2339 1843 2730 1926 egrediantur,
2762 1848 2822 1925 et
2850 1843 3004 1915 ignis
3033 1845 3340 1899 consumet
3365 1859 3485 1900 eos.

307 1911 625 1966 extendam
659 1926 901 1965 manum
947 1927 1138 1986 meam
1187 1912 1295 1980 [Αἰ.
1332 1919 1436 1986 (ac.
1468 1911 1685 1986 meam]
1708 1927 1890 1984 super
1996 1917 2070 1968 Et
2097 1911 2296 1970 scietis
2327 1911 2466 1985 quia
2492 1931 2596 1986 ego
2620 1911 2921 1970 Dominus.

384 1999 536 2046 eam,
564 1987 622 2038 et
651 1986 952 2054 conteram
981 1983 1199 2054 virgam
1231 1983 1400 2054 panis
1431 1980 1558 2052 ejus
1593 1998 1607 2036 :

228 2054 301 2108 Et
337 2054 657 2109 immittam
690 2053 749 2108 in
777 2069 902 2108 eam
934 2052 1171 2123 famem,

228 2131 288 2180 et
323 2125 671 2181 interficiam
703 2125 774 2180 de
803 2140 870 2179 ea
901 2125 1194 2180 hominem
1229 2129 1284 2179 et
1305 2123 1649 2194 jumentum

229 2199 303 2252 Et
339 2197 390 2252 si
423 2197 640 2252 fuerint
666 2200 786 2252 tres
814 2195 922 2250 viri
960 2197 1053 2253 isti
1087 2197 1148 2252 in
1180 2197 1372 2252 medio
1400 2197 1548 2267 ejus.

227 2269 377 2336 Noe,
409 2267 632 2335 Daniel,
667 2271 726 2323 et
754 2267 866 2323 Job
902 2285 914 2322 :

304 2340 425 2412 ipsi
449 2339 685 2421 :iustitia
717 2356 824 2423 sua
847 2335 1209 2412 liberabunt:
1213 2338 1439 2395 animas
1471 2355 1635 2409 suas,
1662 2339 1746 2395 ait
1778 2341 1885 2396 Do-

384 2427 581 2466 minus
611 2424 992 2467 exercnuum.

230 2483 402 2549 Quod
428 2483 476 2539 si
502 2488 558 2538 et
583 2483 800 2539 bestias
822 2483 1112 2555 pessimas
1143 2473 1424 2537 induxero
1449 2497 1627 2554 super
1646 2486 1885 2551 terram,

385 2559 450 2608 ut
477 2559 700 2610 vastem
736 2571 887 2623 eam,

303 2630 368 2682 et
398 2626 571 2680 fuerit
600 2626 777 2693 invia,
806 2642 872 2681 eo
904 2624 1059 2696 quod
1093 2641 1209 2681 non
1236 2623 1312 2680 sit
1341 2623 1736 2696 pertransiens
1758 2642 1890 2698 pro-

383 2702 513 2768 pter
541 2697 759 2752 bestias
794 2714 806 2752 :

307 2766 524 2824 et'tres
556 2769 663 2823 viri
698 2769 796 2823 isti
828 2767 1046 2824 fuerint
1075 2766 1136 2822 in
1168 2783 1276 2836 ea;

228 2840 383 2895 Vivo
414 2857 541 2910 ego,
573 2839 716 2895 dicit
745 2840 1039 2910 Dominus
1069 2843 1240 2910 Deus,

307 2909 588 2993 quia’nec
622 2911 795 2994 filios,
830 2928 932 2966 nec
962 2909 1116 2965 ﬁlias
1145 2909 1484 2966 liberabunt
1519 2926 1534 2966 :

230 2984 360 3040 Sed
395 2999 507 3040 lDSl
541 2982 648 3038 soli
681 2982 1110 3040 liberabuntur.

275 2999 360 3038 ea
395 2999 507 3038 lDSl
541 2999 648 3038 80H
683 2999 1089 3038 liberabuntur

304 3000 360 3037 ea
395 3000 507 3053 lpSl
541 3000 648 3038 son
683 3000 1110 3052 liberabuntur,

304 3061 467 3110 terra
493 3060 693 3109 autem
725 3053 1107 3109 desolabitur.

230 3125 344 3182 Vel
377 3125 426 3180 si
459 3125 723 3196 gladium
754 3126 1036 3181 induxero
1065 3140 1242 3196 super
1269 3127 1484 3180 terram
1518 3121 1775 3195 illam,et
1804 3125 1888 3180 di-

382 3213 520 3270 xero
552 3197 746 3270 gladio
781 3215 794 3253 :

307 3269 522 3323 Transi
556 3269 656 3338 per
685 3273 900 3323 terram
931 3284 945 3322 :

304 3341 381 3396 Et
410 3339 755 3396 interfecero
785 3341 855 3395 de
887 3355 955 3394 ea
983 3337 1308 3402 hominem,
1342 3339 1398 3391 et
1420 3337 1758 3406 jumentum
1792 3355 1807 3406 ;
1837 3343 1894 3394 et

387 3415 506 3466 tres
536 3411 640 3466 viri
675 3409 774 3466 isti
807 3410 1023 3466 fuerint
1052 3410 1110 3463 in
1143 3409 1334 3463 medio
1366 3408 1495 3478 ejus
1529 3425 1542 3463 :

229 3483 382 3537 Vivo
415 3499 540 3551 ego,
575 3482 717 3537 dicit
747 3481 1036 3538 Dominus
1065 3481 1242 3547 Deus,

309 3571 430 3608 non
450 3548 802 3609 liberabunt
834 3552 1006 3618 filios,
1042 3568 1230 3622 neque
1262 3548 1412 3606 filias
1450 3565 1464 3606 :

309 3625 416 3680 sed
449 3624 562 3696 ipsi
595 3626 705 3681 soli
737 3624 1166 3696 liberabuntur.
1267 3693 1275 3696 _
1515 3625 1519 3629 ’

228 3698 288 3752 Si
325 3693 522 3823 autltlair.
558 3702 616 3752 et
661 3697 1064 3768 pestilentiam
1114 3693 1414 3750 immisero
1468 3709 1648 3765 super
1681 3701 1893 3750 terram

389 3785 406 3821 1
462 3784 579 3823 am.

389 3784 579 3838 mam,

313 3843 376 3894 et
405 3840 659 3894 effudero
709 3838 1172 3910 indignationem
1226 3851 1415 3910 meam
1450 3852 1625 3910 super
1674 3837 1893 3910 eamin

392 3911 701 3982 sanguine,
734 3914 799 3965 ut
841 3907 1107 3965 auferam
1139 3925 1206 3962 ex
1251 3924 1319 3963 ea
1366 3907 1666 3962 hominem
1721 3914 1777 3962 et
1797 3908 1898 3978 ju-

395 3988 659 4038 mentum
699 3999 711 4035 :

241 4055 314 4108 Et
351 4053 488 4120 Noe,
522 4059 575 4109 et
609 4052 831 4120 Daniel,
864 4056 919 4107 et
948 4052 1056 4107 Job
1089 4048 1306 4106 fuerint
1337 4051 1396 4104 in
1431 4049 1622 4105 medio
1649 4051 1776 4120 ejus
1808 4067 1821 4105 :

237 4125 390 4179 Vivo
413 4141 550 4197 ego,
583 4125 726 4179 dicit
756 4124 1039 4197 Dominus
1071 4123 1245 4197 Deus,

322 4193 680 4266 quia'filium
713 4199 770 4250 et
799 4195 979 4250 filiam
1013 4212 1128 4250 non
1163 4193 1492 4266 liberabunt
1524 4207 1538 4245 :

321 4263 427 4321 sed
458 4266 830 4339 ipsijustitia
861 4284 965 4339 sua
997 4266 1332 4339 liberabunt
1360 4263 1590 4318 animas
1620 4280 1778 4317 suas.

243 4335 540 4405 Quoniam
572 4335 695 4394 Haec
727 4338 870 4393 dicit
901 4337 1186 4393 Dominus
1220 4335 1375 4390 Deus
1410 4351 1422 4389 :

243 4403 413 4476 Quod
447 4411 493 4464 si
529 4415 586 4464 et
614 4409 1111 4479 quatuorjudicia
1142 4423 1270 4479 mea
1303 4405 1579 4477 pessima,
1612 4403 1898 4479 gladium,

395 4485 451 4536 et
483 4475 720 4544 famem,
766 4498 832 4536 ac
864 4475 1084 4536 bestias
1134 4475 1340 4540 malas,
1373 4481 1431 4531 et
1480 4475 1897 4548 pestilentiam,

327 4551 542 4607 misero
569 4553 627 4606 in
659 4527 1008 4622 Jerusalem,
1039 4556 1104 4605 ut
1132 4527 1578 4605 interﬁciamrde
1607 4564 1676 4602 ea
1705 4527 1897 4602 homi:
1928 4527 1976 4592 Ῑ)

397 4639 530 4678 nem
561 4629 619 4677 et
649 4639 825 4694 pecus
853 4638 865 4676 :

322 4697 521 4748 tamen
553 4688 914 4764 relinquetur
941 4693 1001 4747 in
1032 4709 1100 4748 ea
1130 4690 1372 4746 salvatio
1422 4688 1798 4744 educentium
1829 4688 1900 4742 ﬁ-

397 4766 510 4820 lios
538 4769 593 4820 et
626 4765 774 4820 filias
808 4781 820 4820 :

249 4841 399 4918 Ecce
429 4836 951 4918 ipsi‘egredientur
980 4835 1049 4890 ad
1082 4850 1203 4918 vos,

329 4911 388 4962 et
417 4902 690 4963 videbitis
719 4907 872 4962 viam
905 4922 1106 4962 eorum
1137 4911 1193 4961 et
1210 4902 1648 4958 adinventiones
1675 4917 1900 4968 eorum,

330 4984 389 5033 et
441 4977 892 5034 consolabimini
942 4994 1120 5048 super
1167 4975 1322 5030 malo
1371 4975 1526 5045 quod
1595 4972 1798 5028 induxi
1844 4973 1903 5026 in

399 5049 748 5116 Jerusalem,

328 5119 389 5174 in
423 5120 699 5176 omnibus
729 5137 852 5190 quae
885 5117 1196 5190 importavi
1228 5131 1581 5190 supeream.

255 5189 331 5244 Et
361 5186 828 5256 consolabuntur
856 5186 1144 5257 vos,'cum
1191 5186 1457 5243 videritis
1498 5186 1651 5241 viam
1703 5200 1906 5240 eorum

403 5267 461 5318 et
491 5262 935 5318 adinventiones
965 5277 1167 5316 eorum
1202 5277 1216 5316 :
1449 5299 1454 5312 ς

333 5337 390 5386 et
419 5334 787 5405 cognoscetis
837 5333 990 5405 quod
1023 5348 1139 5405 non
1177 5330 1409 5405 frustra
1445 5327 1678 5384 fecerim
1710 5326 1910 5383 omnia

407 5400 535 5476 quis
567 5406 675 5461 feci
704 5405 763 5460 in
796 5400 883 5472 ea,
917 5403 999 5460 ait
1027 5402 1308 5458 Dominus
1339 5400 1513 5456 Deus.

343 5617 356 5649 ¹
387 5617 718 5688 Editi,Quid
744 5619 835 5688 ﬁet
863 5617 929 5673 de
959 5615 1111 5688 ligno
1141 5616 1301 5671 vitis:
1333 5612 1690 5688 exemplaria
1711 5615 1908 5688 tamen

267 5685 517 5744 Canonis
548 5683 604 5744 et
628 5683 879 5745 universi
904 5687 1131 5744 codices
1156 5703 1297 5743 mss.
1333 5683 1552 5755 legunt,
1572 5683 1729 5754 ligno
1761 5685 1907 5750 vitis,

269 5757 493 5833 absque
526 5761 643 5816 ulla
675 5759 1100 5833 praepositione.
1136 5759 1238 5812 Cui
1269 5755 1506 5833 lectioni
1537 5756 1911 5814 consentiunt

273 5827 704 5891 Commentaria
731 5827 922 5889 sancti
950 5830 1303 5901 Hieronymi.
1329 5830 1517 5886 MART.

2069 2002 2204 2042 cum
2237 2002 2485 2056 posuero
2518 1986 2723 2041 faciem
2755 2001 2946 2040 meam
2977 1985 3035 2040 in
3069 2001 3188 2052 eos,

2069 2062 2126 2112 et
2156 2059 2367 2112 dedero
2397 2065 2613 2112 terram
2645 2057 2858 2111 inviam
2889 2062 2946 2112 et
2977 2057 3315 2122 desolatam,

2068 2145 2134 2185 eo
2138 2129 2320 2255 ὁμιοά
2351 2129 2817 2200 praevaricatores
2838 2128 3337 2194 exstiterint,dicit
3360 2129 3640 2184 Dominus

2187 2217 2313 2255 eus.

2187 2217 2313 2256 8118.

1995 2265 2305 2342 (ϐαμΧνί
2337 2271 2401 2330 ²).
2435 2274 2502 2326 Et
2533 2270 2722 2326 factus
2752 2273 2840 2326 est
2887 2285 3080 2326 sermo
3129 2267 3359 2325 Domini
3409 2271 3482 2326 ad
3526 2288 3644 2339 me,

2139 2343 2340 2398 dicens
2372 2359 2386 2396 :

1999 2413 2107 2468 Fili
2137 2413 2417 2479 hominis,

2070 2491 2240 2542 notas
2272 2485 2361 2540 fac
2389 2481 2710 2541 Jerusalem
2746 2483 3215 2540 abominationes
3243 2500 3384 2539 suas
3418 2503 3431 2540 :

2071 2563 2128 2612 et
2157 2558 2317 2612 dices
2349 2571 2364 2610 :

2001 2631 2132 2682 Haec
2164 2628 2304 2683 dicit
2333 2626 2618 2682 Dominus
2652 2631 2799 2682 Deus
2831 2624 3158 2684 Jerusalem
3192 2641 3206 2679 :

2003 2700 2185 2756 Radix
2216 2704 2318 2754 tua
2347 2703 2402 2752 et
2431 2699 2728 2768 generatio
2758 2701 2859 2752 tua
2887 2697 2957 2752 de
2987 2701 3140 2752 terra
3169 2696 3498 2768 Chananma
3527 2715 3541 2753 :

2074 2775 2240 2843 pater
2275 2775 2413 2843 tuus
2439 2767 2840 2843 ’Amorrhaaus,
2865 2772 2921 2823 et
2951 2772 3140 2843 mater
3159 2772 3271 2843 tua
3298 2767 3573 2824 Hetthaea.

2001 2837 2331 2911 Et'quando
2365 2849 2499 2895 nata
2531 2857 2612 2905 es,
2647 2840 2704 2893 in
2738 2839 3025 2911 disertus
3057 2837 3166 2905 tui,

2074 2909 2187 2969 non
2220 2919 2308 2969 est
2339 2911 2618 2983 praecisus
2649 2909 3160 2983 umbilicustuus,

2073 2990 2130 3040 et
2155 2985 2214 3039 in
2249 2981 2404 3055 aqua
2435 3000 2549 3038 non
2580 2999 2642 3038 es
2673 2982 2791 3037 lota
2820 2981 2880 3036 in
2910 2981 3181 3051 salutem,

2075 3073 2180 3112 nec
2212 3055 2334 3112 sale
2366 3055 2560 3122 salita,

1921 3161 1964 3228 α
2074 3145 2178 3184 nec
2209 3126 2470 3209 involuta
2500 3125 2732 3197 pannis.

2003 3200 2127 3254 Non
2161 3204 2419 3254 nenercit
2447 3214 2625 3254 super
2653 3201 2709 3252 te

2055 3216 2127 3256 on
2161 3199 2419 3269 pepercit
2447 3191 2625 3268 super
2653 3201 2709 3252 te
2739 3194 3046 3269 oculus,ut
3077 3194 3293 3250 faceret
3311 3191 3418 3248 tibi
3459 3207 3644 3247 unum

2144 3267 2215 3325 de
2237 3267 2360 3335 his,
2396 3267 2674 3324 misertus
2705 3267 2793 3323 tui
2825 3285 2838 3323 :
3364 3332 3374 3335 _
3409 3333 3416 3335 Α
3491 3325 3502 3333 κ

2072 3343 2171 3397 sed
2201 3329 2460 3414 projects
2487 3355 2758 3414 es_sup_er
2788 3337 3190 3414 faciem‘terra:
3223 3335 3284 3391 in
3326 3329 3649 3406 abjectione

2144 3409 2355 3468 animis
2387 3418 2521 3480 tuae,
2554 3412 2613 3466 in
2644 3409 2738 3465 die
2769 3409 3054 3482 quagnata
3084 3424 3166 3462 es.

2000 3485 2319 3540 Transiens
2348 3474 2548 3539 autem
2580 3498 2682 3554 per
2709 3474 2936 3550 te,'vidi
2967 3483 3023 3534 te
3054 3474 3382 3533 conculcari
3414 3475 3475 3530 in
3507 3491 3646 3530 san-

2185 3556 2323 3610 uine
2355 3559 2469 3610 tuo.

2185 3572 2323 3610 uine
2355 3572 2469 3610 ruo.

2002 3572 2221 3682 Etdigxi
2253 3626 2360 3698 tibi
2390 3641 2526 3681 cum
2557 3639 2718 3698 esses
2742 3623 2810 3698 _in
2842 3619 3130 3698 sanguine
3156 3622 3259 3698 tuo
3293 3616 3501 3698 :OVive.

2076 3697 2227 3760 Dixi,
2253 3697 2520 3769 inquam,
2552 3695 2659 3769 tibi
2692 3711 2706 3748 :
2742 3693 2803 3748 In
2835 3689 3133 3769 sanguine
3151 3689 3421 3769 tuovive.

2005 3759 2450 3843 Multiplicatam
2485 3759 2653 3843 quasi
2682 3781 2919 3843 germen
2945 3759 3234 3843 agrigedi
3257 3763 3310 3813 te
3343 3775 3357 3811 :

2075 3845 2133 3895 et
2165 3830 2550 3909 multiplicata
2579 3852 2662 3902 es,
2684 3830 3019 3909 Bt‘grandis
3049 3830 3271 3909 effecta,
3359 3893 3394 3909 η

2078 3916 2134 3965 et
2148 3895 2413 3980 ingres‘sa
2425 3925 2508 3977 es,
2540 3895 2852 3978 pervenisti
2864 3903 2936 3960 ad
2952 3899 3239 3957 mundum
3255 3895 3600 3952 muliebrem
3623 3911 3636 3949 :

2005 3980 2742 4056 Uberatuaintumerunt,
2827 4045 2837 4056 .

2077 4058 2134 4109 et
2165 4052 2320 4124 pilus
2349 4056 2490 4124 tuus
2520 4047 2889 4124 germinavit,

2077 4130 2135 4180 et
2165 4113 2294 4179 eras
2324 4123 2482 4178 nuda
2511 4113 2568 4175 et
2595 4117 2938 4185 confusione
2971 4113 3164 4185 plena.

2005 4195 2076 4251 Et
2105 4194 2348 4251 transivi
2381 4210 2483 4264 per
2509 4197 2586 4256 te,
2615 4193 2670 4245 et
2697 4187 2823 4264 vidi
2849 4181 2925 4252 te,
2972 4181 2992 4185 “
3214 4257 3218 4262 λ
3250 4250 3286 4264 η

2077 4271 2136 4336 et
2164 4281 2295 4322 ecce
2323 4253 2778 4336 tempusjtuum,
2812 4263 3045 4327 tempus
3077 4253 3413 4336 amantium.

2078 4325 2146 4394 Et
2173 4335 2421 4408 expandi
2448 4325 2734 4408 amictum
2763 4325 2959 4408 meum
2992 4341 3170 4397 super
3197 4325 3276 4389 te,

2079 4414 2135 4465 et
2164 4403 2366 4478 operui
2397 4403 2783 4478 ignominiam
2809 4405 2995 4465 tuam,
3069 4470 3078 4478 _
3476 4475 3511 4478 η
3568 4459 3613 4478 γ,

2009 4462 2540 4551 Ειξῇύἰυῖιύὶ-ῐίὺῖῖ-θι
2568 4474 2871 4546 ingressus
2901 4462 3034 4524 sum
3064 4470 3254 4522 tecum
3285 4463 3542 4533 pactum,
3562 4462 3646 4515 ait

2149 4548 2430 4604 Dominus
2461 4547 2636 4614 Deus,

2079 4625 2136 4676 et
2165 4622 2321 4676 facta
2349 4635 2411 4674 es
2445 4616 2611 4671 mihi.
2785 4681 2800 4689 _
2861 4675 2895 4689 __
3108 4677 3120 4689 .
3177 4665 3180 4670 ,
3287 4656 3321 4689 ⁸.

2011 4671 2319 4747 Ειῖαἶνῖνίᾶ
2339 4671 2570 4758 aqua,et
2586 4675 2898 4741 emundavi
2915 4677 3262 4752 sanguinem
3283 4671 3452 4730 tuum
3474 4688 3542 4728 ex
3566 4675 3644 4739 te,

2082 4773 2139 4818 et
2167 4763 2306 4818 unxi
2336 4766 2392 4816 te
2422 4759 2600 4829 oleo._
2679 4825 2712 4829 η
2910 4826 2918 4829 Α
2979 4797 2982 4800 .
3025 4819 3040 4829 _
3189 4817 3201 4829 _
3246 4807 3257 4829 ἆ
3331 4815 3344 4829 1

2010 4811 2306 4890 Ειῖθξὶἶῧὶ
2335 4811 2392 4886 te
2421 4811 2837 4898 discoloribus,
2871 4826 2927 4898 et
2948 4811 3299 4898 ,calce‘aviute
3319 4811 3594 4886 janthinc
3627 4827 3642 4866 :

2083 4881 2322 4960 etvcin‘x-i
2341 4881 2408 4958 te
2427 4881 2630 4972 $9550,
2657 4901 2716 4972 et
2743 4881 2908 4972 indui
2939 4881 2996 4972 te
3025 4881 3362 4972 subtjlibqi
3412 4971 3417 4972 ί
3448 4971 3455 4972 ί
3486 4941 3630 4972 in“.

2013 4953 2832 5038 Et'or'n-avi-te'ornamentopt
2852 4966 2984 5021 dedi
3010 4958 3271 5019 armillas
3290 4953 3352 5015 in
3373 4953 3648 5011 manibus

2152 5045 2295 5110 tuis,

2084 5119 2144 5171 et
2171 5107 2438 5186 torquem
2470 5111 2626 5166 circa
2653 5107 2869 5165 collum
2884 5110 3092 5186 tuum.

2015 5185 2086 5242 Et
2113 5186 2246 5260 dedi
2279 5181 2755 5260 inaursmsuper
2783 5195 2849 5260 os
2879 5181 3073 5243 tuum,

2087 5263 2146 5312 et
2173 5255 2424 5314 circulos
2451 5249 2695 5328 auribus
2725 5249 2869 5328 tuis,
2941 5316 2952 5328 ο

2087 5333 2145 5384 et
2173 5343 2447 5384 coronam
2482 5322 2706 5379 decoris
2736 5319 2796 5374 in
2829 5317 3018 5388 capite
3045 5317 3169 5371 tuo.

2017 5399 2086 5454 Et
2115 5403 2319 5455 ornata
2347 5413 2410 5453 es
2441 5410 2582 5452 auro
2613 5397 2671 5449 et
2701 5394 2961 5464 argento,

2088 5613 2111 5646 ²
2139 5579 2312 5668 Notat
2359 5585 2485 5681 ipse
2530 5608 2589 5663 S.
2631 5605 3030 5681 Hieronymus
3067 5597 3170 5654 lib.
3223 5589 3651 5681 rv.Comm'ent:

2021 5682 2079 5737 in
2110 5663 2487 5740 szééiiieiéﬁi.
2530 5663 2882 5731 vaticinium'
2915 5672 3092 5739 hujus
3131 5665 3337 5738 capitis
3366 5680 3480 5728 xvx,
3517 5663 3656 5740 Perse

2017 5733 2308 5823 ἦέρῖιῖἇὰ
2329 5733 2710 5807 ducentorum
2758 5733 3012 5801 versuum
3060 5733 3350 5798 numerum
3399 5733 3651 5793 extendi.

2017 5828 2194 5880 MART.
