4028 6178
427 223 565 289 £015

498 366 555 416 et
585 359 794 415 vestita
825 375 887 413 es
916 358 1091 429 bysso
1118 359 1174 410 et
1206 352 1511 426 polymito,
1543 353 1604 404 et
1638 349 1842 406 multis
1872 350 2081 406 colori—
2117 353 2171 416 Α

429 433 733 569 εῑωῑῗξτῗτξ
757 505 814 556 et
842 499 979 566 mel,
1013 501 1068 553 et
1097 497 1290 553 oleum
1325 495 1653 569 comedis“:

505 584 557 630 et
589 567 800 630 decere
831 572 988 626 facta
1017 586 1079 624 es
1108 569 1486 624 vehementer
1517 567 1696 622 nimis
1728 583 1740 620 :

505 651 562 703 et
590 642 888 716 profecisti
918 641 977 696 in
1011 656 1279 711 regnum,

506 723 562 773 et
591 711 898 787 egressum
931 716 1020 769 est
1049 728 1260 767 nomen
1301 715 1470 765 tuum
1504 711 1562 765 in
1615 712 1820 782 gentes
1852 711 2095 780 propter

580 787 834 859 speciem
866 789 1027 839 tuam
1063 800 1077 837 :

509 854 649 931 quia
679 857 936 928 perfecta
961 854 1176 931 erasin
1229 854 1439 931 decore
1483 869 1632 931 meo,
1667 868 1843 923 quem
1877 867 2088 922 posue-

581 923 706 986 ram
738 944 917 997 super
948 934 1021 996 te,
1050 927 1190 980 dicit
1222 923 1692 997 DominusiDeus
1725 941 1738 977 :

441 1004 512 1058 Et
543 1001 766 1058 habens
795 993 1071 1054 fiduciam
1104 997 1163 1051 in
1196 995 1636 1068 pulchritudine
1667 1000 1788 1065 tua,
1804 993 2091 1048 fornicata

583 1090 647 1129 es
676 1073 735 1125 in
769 1071 1006 1124 nomine
1034 1073 1135 1123 tuo
1169 1083 1182 1121 :

514 1151 572 1200 et
604 1141 926 1214 exposuisti
977 1139 1419 1214 fornicationem
1464 1141 1626 1193 tuam
1661 1137 1821 1192 omni
1873 1143 2094 1192 transc-

587 1212 739 1278 unti,
775 1218 841 1267 ut
870 1215 998 1283 ejus
1031 1212 1223 1265 fieres.

443 1285 514 1344 Et
543 1298 785 1342 sumens
817 1277 918 1337 de'
936 1282 1303 1338 vestimentis
1336 1279 1476 1348 tuis,
1507 1280 1698 1335 fecisti
1732 1279 1835 1334 tibi
1866 1277 2099 1335 excelsa

590 1358 730 1412 hinc
757 1355 892 1410 inde
921 1359 1168 1410 consuta
1201 1370 1214 1406 :

517 1434 574 1485 et
604 1425 891 1483 fornicata
919 1442 982 1481 es
1012 1441 1190 1496 super
1219 1423 1324 1478 eis.

520 1502 674 1556 sicut
702 1515 818 1553 non
849 1502 936 1552 est
967 1493 1208 1565 factum,
1240 1509 1430 1564 neque
1458 1493 1720 1560 futurum
1754 1498 1863 1548 est.

449 1573 520 1628 Et
546 1570 732 1628 tulisti
764 1584 902 1624 vasa
930 1567 1155 1624 decoris
1187 1566 1271 1621 tui
1303 1567 1373 1620 de
1405 1582 1546 1621 auro
1599 1581 1727 1620 meo
1759 1571 1816 1620 et
1855 1569 2096 1638 argento

594 1658 744 1717 r989,
777 1640 1069 1717 susdedi
1101 1637 1207 1717 tibi
1243 1654 1256 1693 ε
1497 1707 1531 1717 ..

524 1719 582 1769 et
611 1707 813 1768 fecisti
828 1711 932 1766 tibi
964 1710 1255 1781 imagines
1287 1707 1668 1774 masculinas,

526 1791 582 1841 et
613 1784 896 1840 fornicata
927 1798 989 1837 es
1020 1784 1078 1837 in
1102 1781 1206 1837 eis.
1529 1850 1538 1853 _
1579 1851 1588 1853 _
1670 1850 1680 1853 _
1762 1851 1770 1853 _
1831 1851 1838 1853 Δ

456 1857 523 1912 Et
551 1855 863 1980 sumpsisti
893 1853 1239 1915 vestimenta
1269 1856 1373 1907 tua
1420 1850 1841 1923 multicoloria;
1861 1854 1918 1907 et
1945 1867 2101 1922 ,ope-

600 1943 725 1980 ruis
757 1944 771 1980 ι
801 1943 820 1979 1
871 1943 934 1980 as
969 1943 982 1980 :

600 1925 771 1982 ruisti
801 1925 934 1980 illas
969 1943 982 1981 :

456 2002 512 2053 et
540 1997 732 2054 oleum
766 2014 985 2068 meum,
1015 1999 1071 2052 et
1117 1994 1428 2050 thimiame
1459 2010 1657 2050 meum
1708 1993 1960 2064 posuisti
2009 2010 2103 2050 co-

599 2086 726 2124 ram
759 2085 863 2124 618.

457 2143 523 2194 Et
553 2156 761 2209 panem
797 2154 1013 2209 meum,
1047 2152 1219 2207 quem
1256 2136 1388 2209 dedi
1421 2135 1552 2209 tibi,

527 2205 808 2277 similam,
840 2215 896 2264 et
925 2205 1136 2277 oleum,
1169 2211 1226 2261 et
1257 2207 1390 2274 mel,
1425 2208 1641 2277 quibus
1673 2205 1923 2262 enutrivi
1955 2210 2032 2274 te,

531 2281 778 2353 posuisti
833 2279 935 2343 (Al.
968 2278 1092 2353 add.
1128 2281 1228 2353 ea)
1289 2278 1348 2332 in
1408 2285 1725 2351 conspectu
1784 2294 2012 2346 θοι-ωτι,
2045 2277 2103 2332 in

601 2353 838 2408 odorem
870 2349 1195 2416 suavitatis,

531 2429 587 2478 et
619 2425 835 2478 factum
870 2427 976 2487 est,
1013 2420 1094 2476 ait
1121 2419 1402 2476 Dominus
1436 2421 1603 2476 Deus.

460 2495 531 2550 Et
561 2495 745 2550 tulisti
777 2492 930 2549 filios
958 2498 1112 2559 tuos,
1145 2496 1203 2546 et
1232 2491 1384 2546 ﬁlias
1422 2495 1577 2559 tuas,
1613 2508 1760 2562 quas
1810 2493 2104 2564 generasti

604 2565 749 2620 mihi
783 2581 796 2619 :

531 2641 590 2692 et
623 2633 941 2691 immolasti
972 2633 1057 2689 eis
1088 2634 1159 2688 ad
1191 2634 1612 2690 devorandum.

459 2709 734 2778 Nunquid
769 2722 944 2778 parva
973 2712 1058 2778 est
1087 2704 1391 2778 fornicatio
1421 2710 1523 2778 tua
1543 2705 1570 2759 ?

531 2776 854 2836 Im'mola'sti
887 2778 994 2846 (Al.
1026 2776 1410 2848 immolantis)
1445 2776 1596 2832 ﬁlios
1629 2781 1875 2844 meos,et
1905 2777 2102 2832 dedis-

601 2850 667 2919 ti,
701 2849 831 2904 illos
863 2864 1234 2914 consecrans,
1269 2848 1372 2903 eis.

462 2922 532 2976 Et
561 2918 691 2994 poSt
719 2937 922 2976 omnes
945 2919 1411 2994 abominationes
1434 2927 1566 2994 t.u_as_
1589 2923 1643 2974 et
1665 2918 2101 2994 fornicationes,

600 3008 716 3047 non
749 3008 811 3046 es
842 2991 1146 3046 recordata
1178 2991 1404 3045 dierum
1439 2989 1849 3045 adolescentiae
1883 2995 2010 3057 tuae,

536 3062 776 3133 quando
800 3078 928 3116 eras
956 3062 1133 3126 nuda,
1167 3067 1224 3116 et
1253 3062 1595 3116 confusione
1636 3061 1828 3132 plena,
1862 3062 2100 3116 concul-

607 3139 736 3203 cata
764 3132 824 3186 in
857 3133 1142 3203 sanguine
1163 3136 1283 3187 tuo.

461 3207 532 3257 Et
562 3202 775 3258 accidit
807 3207 937 3272 post
962 3202 1196 3258 omnem
1224 3203 1508 3257 malitiam
1539 3206 1702 3258 tuam

534 3274 660 3344 (vas,
694 3290 775 3327 va:
807 3274 935 3337 tibi,
971 3275 1052 3328 ait
1083 3274 1369 3329 Dominus
1403 3276 1595 3343 Deus),

462 3347 531 3398 Et
558 3344 994 3416 aedificastitibi
1020 3346 1289 3416 lupanar,

535 3419 592 3486 et
622 3414 807 3469 fecisti
838 3415 946 3468 tibi
976 3414 1370 3485 prostibulum
1402 3417 1460 3469 in
1497 3416 1725 3486 cunctis
1759 3415 1985 3486 plateis.

464 3485 553 3538 Ad
580 3500 756 3610 omne:
781 3491 954 3556 caput
981 3486 1084 3541 viae
1113 3485 1698 3557 rediﬁcastiﬁsignum
1741 3485 2108 3558 prostitutio-

610 3572 703 3610 ms
761 3572 866 3610 uae.

610 3572 703 3610 ms
733 3572 866 3621 tuae,

540 3628 597 3679 et
627 3624 1081 3681 abominabilem
1113 3627 1303 3682 fecisti
1333 3628 1597 3683 decorem
1628 3631 1797 3683 tuum
1828 3645 1843 3683 :

470 3696 539 3750 Et
568 3696 821 3768 divisisti
850 3697 1032 3768 pedes
1061 3703 1192 3753 tuos
1221 3699 1380 3753 omni
1412 3700 1764 3768 transeunti,

541 3771 599 3838 et
632 3767 1038 3838 multiplieasti
1070 3769 1485 3826 fornicationes
1514 3775 1667 3825 tuas.

468 3836 538 3892 Et
569 3836 852 3894 fornicata
881 3855 944 3894 es
975 3855 1107 3922 cum
1140 3839 1277 3896 filiis
1324 3841 1554 3913 Egypti
1601 3841 1807 3897 vicinis
1839 3842 1959 3898 tuis
1993 3860 2110 3899 ma-

609 3925 860 3980 gnarum
892 3926 1155 3966 carnium
1193 3927 1206 3967 :

538 3983 596 4033 et
621 3979 1040 4050 ’multiplicasti
1087 3981 1529 4039 fornicationem
1568 3988 1732 4040 tuam
1765 3984 1836 4038 ad
1867 3984 2110 4041 irritan-

613 4051 753 4104 dum
787 4066 900 4106 me.

466 4121 610 4174 Ecce
665 4137 772 4192 ego
829 4121 1136 4194 extendam
1167 4122 1274 4194 (Al.
1306 4125 1563 4194 extendi)
1618 4141 1863 4182 manum
1922 4143 2109 4181 meam

609 4206 790 4264 super
819 4195 900 4264 te,
923 4195 982 4246 et
1014 4193 1274 4264 auferam
1303 4196 1401 4264 jus
1432 4199 1599 4251 tuum
1634 4213 1648 4250 :

536 4264 593 4315 et
622 4261 772 4318 dabo
802 4261 946 4317 tein
977 4263 1208 4319 animas
1259 4261 1584 4322 odientium
1618 4271 1674 4323 te
1713 4266 1969 4323 filiarum
2001 4273 2109 4324 Pa-

603 4329 992 4399 laastinarum,

537 4416 665 4470 quae
695 4404 1050 4459 erubescunt
1079 4402 1138 4458 in
1173 4404 1259 4459 via
1287 4408 1390 4460 tua
1421 4406 1718 4464 scelerata.

465 4472 536 4523 Et
561 4472 842 4548 fornicata
871 4490 933 4530 es
946 4474 1017 4548 _in
1048 4473 1185 4548 filiis
1215 4476 1609 4548 Assyriorum,

536 4557 602 4619 eo
633 4545 787 4613 quod
820 4546 1071 4619 necdum
1102 4547 1283 4619 fueris
1313 4545 1544 4619 expleta
1578 4565 1592 4603 :

536 4617 593 4666 et
622 4618 933 4686 postquam
963 4615 1251 4686 fornicata
1279 4633 1362 4686 es,
1386 4615 1497 4674 nec
1527 4620 1612 4674 sic
1643 4635 1704 4674 es
1736 4620 1964 4677 satiata.

465 4683 534 4735 Et
566 4682 983 4756 m'ultiplicasti
1000 4682 1447 4756 fornicationem
1495 4693 1659 4745 tuam
1691 4691 1751 4745 in
1781 4695 1936 4748 terra
1959 4692 2108 4749 Cha-

606 4769 758 4809 naan
791 4771 925 4810 cum
955 4755 1240 4813 Chaldaeis
1269 4773 1284 4813 :

533 4826 592 4878 et
619 4841 725 4880 nec
755 4825 840 4880 sic
870 4826 1083 4882 satiata
1110 4843 1193 4882 es.

463 4895 528 4948 In
562 4910 678 4964 quo
711 4897 1006 4969 mandabo
1038 4913 1137 4969 cor
1162 4902 1355 4969 tuum,
1384 4900 1466 4955 ait
1495 4901 1781 4957 Dominus
1812 4902 1968 4960 Deus
2001 4923 2015 4961 :

535 4979 669 5048 cum
702 4965 881 5023 facias
907 4967 1110 5048 pmnia
1133 4969 1256 5025 haec
1273 4965 1450 5041 opera
1465 4971 1729 5029 mulieris
1758 4975 2108 5048 meretricis,

605 5041 661 5091 et
691 5039 954 5094 procacis
974 5039 1002 5093 ?

462 5104 610 5186 Quia
636 5104 1410 5186 fabricastilupanartuum
1446 5112 1504 5167 in
1537 5114 1725 5186 capite
1754 5116 1948 5172 omnis
1976 5118 2102 5186 vim,

531 5179 596 5267 et
615 5178 911 5267 ex'eel‘sum
941 5178 1110 5263 tuum
1139 5181 1333 5267 fecisti.
1354 5181 1414 5263 in
1442 5178 1829 5267 onmni'platea
1861 5201 1876 5241 :

531 5263 642 5372 nete
669 5249 822 5306 facta
849 5267 912 5307 es
943 5252 1106 5321 quasi
1158 5252 1433 5308 meretrix
1462 5249 1700 5310 fastidio
1730 5272 1951 5328 augens
1979 5275 2104 5330 pre-

627 5335 772 5374 ium.

455 5386 771 5478 Seéewi
802 5389 1333 5478 mulieredulteraa
1398 5462 1414 5478 .
1500 5462 1537 5478 ..
1609 5464 1648 5478 ..

529 5473 660 5527 qum
691 5477 871 5532 super
896 5462 1089 5517 virum
1111 5477 1286 5516 suum
1315 5462 1545 5519 inducit
1573 5464 1814 5523 alienos.

460 5526 748 5585 Omnibus
779 5531 1184 5588 meretricibus
1212 5533 1430 5588 dantur
1458 5537 1756 5592 mercedes
1792 5555 1806 5592 :

530 5602 819 5718 tutgutem
869 5602 1081 5658 dedisti
1131 5604 1428 5659 mercedes
1477 5607 1706 5662 cunctis
1735 5611 2098 5668 amatoribus

665 5683 736 5731 ιε,

531 5735 587 5784 et
616 5734 875 5792 donabas
896 5741 1081 5807 sis,ut
1099 5741 1387 5799 intrarent
1408 5745 1478 5800 ad
1503 5749 1558 5802 te
1578 5747 1839 5818 undique
1868 5750 1940 5806 ad
1972 5751 2095 5807 fcr-

1470 225 1532 276 S.
1577 225 1982 280 HIERONYMI
2018 226 2273 278 DIVINA
2309 221 2804 278 BIBLIO’I‘HECA.

2135 3089 2260 3184 CE

3671 229 3779 284 1016

2344 348 2662 402 nicandum
2695 352 2911 402 tecum.

2203 421 2561 491 Factumque
2591 424 2681 491 est
2712 419 2770 491 in
2803 425 2859 473 te
2888 421 3090 473 contra
3129 421 3590 478 consuetudinem
3618 426 3782 483 mulis-

2347 489 2481 545 rum
2510 490 2571 544 in
2603 489 3090 545 fornicationibus
3122 491 3260 561 tuis,

2274 568 2332 618 et
2362 566 2496 634 post
2521 567 2577 617 te
2608 577 2729 634 non
2755 562 2869 634 erit
2888 562 3198 634 fornicatio
3233 581 3246 618 :

2207 637 2268 690 In
2301 632 2378 690 eo'
2399 633 2556 714 enim
2585 633 2740 714 quod
2765 632 2980 688 dedisti
3006 634 3385 705 mercedes,et
3416 639 3682 694 mercedes
3700 657 3785 696 non

2350 710 2645 775 accepisti,

2283 774 2502 831 factum
2535 780 2624 830 est
2648 774 2707 830 in
2739 779 2796 831 te
2827 776 3208 832 contrarium.

2208 849 2539 919 Propterea,
2573 847 2869 919 meretrix,
2905 848 3043 903 audi
3074 849 3312 904 verbum
3349 849 3589 908 Domini.

2206 918 2341 974 Haec
2371 918 2514 974 dicit
2538 919 2826 975 Dominus
2857 925 3011 975 Deus
3044 936 3058 974 :

2208 991 2357 1055 Quia
2385 989 2634 1045 effusum
2667 996 2757 1045 est
2787 1008 2864 1045 aes
2896 996 3090 1061 tuum,

2281 1067 2340 1118 et
2369 1061 2620 1134 revelata
2649 1067 2737 1116 est
2767 1061 3090 1134 ignominia
3123 1067 3224 1118 tua
3260 1065 3318 1117 in
3370 1062 3790 1122 fornicationibus

2355 1133 2470 1188 tuis
2500 1150 2678 1203 super
2707 1133 2998 1190 amatores
3027 1140 3185 1199 tuos,

2210 1210 2270 1260 et
2301 1220 2478 1281 super
2507 1204 2664 1260 idola
2695 1205 3454 1281 abominationumtuarum
3484 1207 3535 1262 in
3561 1209 3792 1281 sanguine

2357 1275 2609 1331 filiorum
2649 1281 2904 1344 tuorum,
2939 1294 3087 1348 quos
3118 1278 3330 1333 dedisti
3365 1280 3445 1334 eis
3477 1296 3490 1332 :

2211 1348 2356 1403 Ecce
2385 1363 2490 1418 ego
2522 1349 2888 1422 congregabo
2910 1365 3126 1422 omnes
3158 1353 3448 1405 amatores
3478 1351 3792 1422 tuos,quibus

2355 1419 2666 1474 eommista
2695 1419 2761 1475 es
2790 1436 2804 1474 :
2897 1420 2914 1431 “

2284 1495 2340 1546 et
2369 1507 2574 1546 omnes
2605 1507 2752 1561 quos
2787 1490 3207 1560 dilexisti,cum
3248 1492 3529 1548 universis
3558 1510 3684 1565 quos
3700 1495 3795 1549 ode-

2356 1578 2452 1617 ras
2484 1578 2497 1617 ἓ

2214 1633 2280 1687 Et
2311 1633 2676 1706 congregabo
2708 1649 2805 1689 eos
2836 1651 3015 1706 super
3039 1638 3096 1690 te
3127 1635 3407 1706 undique,

2283 1709 2342 1758 et
2375 1703 2608 1759 nudabo
2639 1703 3026 1777 ignominiam
3059 1713 3225 1761 tuam
3259 1703 3451 1763 coram
3483 1708 3578 1775 eis,

2285 1780 2344 1830 et
2370 1777 2652 1848 videbunt
2682 1793 2915 1831 omnem
2950 1778 3379 1848 turpitudinem
3413 1788 3578 1834 tuam.

2214 1851 2282 1901 Et
2301 1847 2582 1930 judicaho
2602 1848 2909 1918 tejudiciis
2934 1847 3338 1906 adulterarum
3362 1855 3417 1908 et
3435 1851 3791 1908 etl‘undentium

2358 1935 2710 1990 sanguinem
2745 1937 2758 1974 :

2286 1994 2345 2063 et
2373 1991 2525 2063 dabo
2559 1995 2616 2063 te
2642 1991 2700 2045 in
2733 1990 3081 2063 sanguinem
3117 1993 3337 2049 furoris
3367 2002 3419 2049 et
3448 1993 3567 2050 zeli.

2216 2061 2285 2115 Et
2313 2061 2462 2123 dabo
2494 2065 2547 2116 te
2578 2062 2634 2116 in
2670 2061 2880 2116 manus
2910 2079 3136 2130 eorum,

2287 2137 2344 2186 et
2375 2135 2679 2188 destruent
2710 2133 2957 2204 lupanar
2985 2139 3152 2189 tuum
3191 2152 3206 2190 :

2287 2208 2345 2258 et
2372 2204 2763 2260 demolientur
2793 2205 3188 2275 prostibulum
3223 2211 3391 2262 tuum
3425 2225 3439 2264 :

2216 2279 2284 2329 Et
2313 2277 2701 2332 denudabunt
2731 2283 2785 2331 te
2815 2277 3188 2332 vestimentis
3220 2279 3362 2347 tuis,

2288 2353 2344 2402 et
2373 2348 2638 2402 auferent
2665 2365 2804 2403 vasa
2832 2349 3059 2403 decoris
3089 2350 3174 2404 tui
3213 2367 3226 2404 :

2289 2425 2346 2473 et
2377 2417 2783 2502 derelinquant
2831 2424 2888 2476 te
2940 2421 3161 2476 nudam
3217 2421 3557 2495 plenamque
3598 2422 3793 2491 ignomi-

2359 2507 2457 2543 ma
2490 2508 2502 2546 Σ

2217 2563 2288 2616 Et
2314 2562 2606 2633 adducent
2635 2577 2810 2633 super
2837 2565 2893 2616 te
2925 2561 3392 2632 multitudinem,

2286 2637 2344 2687 et
2373 2632 2721 2702 lapidabunt
2749 2638 2806 2687 te
2835 2633 3156 2702 lapidibus,

2287 2708 2342 2758 et
2373 2703 2753 2758 trueidabunt
2782 2708 2837 2758 te
2866 2703 3077 2776 gladiis
3107 2705 3258 2761 suis.

2215 2775 2285 2829 Et
2315 2776 2659 2849 comburent
2677 2775 2896 2849 domosi
2911 2784 3044 2849 tuas
3073 2777 3220 2849 igni.

2288 2851 2344 2901 et
2375 2847 2588 2927 facient
2616 2846 2677 2900 in
2709 2851 2766 2902 te
2791 2848 3021 2917 judicia
3054 2846 3123 2903 in“
3159 2849 3350 2905 oculis
3399 2848 3677 2905 mulierum
3705 2847 3796 2920 plu-

2357 2933 2640 2972 rimarum
2675 2935 2688 2972 Σ

2284 2992 2342 3042 et
2370 2989 2605 3044 desines
2637 2989 2931 3056 fornicari,

2288 3065 2344 3115 et
2375 3061 2672 3115 mercedes
2705 3060 2860 3116 ultra
2891 3077 3004 3115 non
3040 3062 3234 3120 dabis.

2268 3131 2639 3200 trequiescet
2667 3131 2994 3203 indignatio
3030 3149 3160 3188 mea
3195 3136 3254 3189 in
3293 3141 3384 3190 te:

2291 3206 2346 3255 et
2378 3204 2679 3278 auferetur
2706 3202 2861 3278 zelus
2896 3221 3062 3259 meus
3095 3222 3127 3260 a
3163 3210 3242 3273 te,
3272 3211 3331 3262 et
3359 3205 3631 3278 quiescam
3660 3221 3671 3258 :

2289 3289 2396 3328 nec
2426 3274 2648 3329 irascar
2677 3275 2953 3346 amplius.

2219 3345 2295 3399 Eo
2328 3347 2481 3415 quod
2517 3363 2630 3401 non
2667 3345 2843 3402 fueris
2877 3347 3177 3402 recordata
3202 3348 3430 3403 dierum
3461 3346 3794 3403 adolescentia

2359 3421 2471 3471 tuae
2508 3434 2520 3470 :

2288 3491 2344 3542 et
2373 3487 2692 3558 provocasti
2728 3504 2819 3543 me
2849 3489 2906 3542 in
2942 3489 3220 3544 omnibus
3252 3491 3364 3545 his.

2218 3559 2581 3633 Quapropter
2609 3565 2665 3614 et
2690 3576 2799 3633 ego
2830 3561 2953 3614 vias
2983 3565 3117 3615 tuas
3148 3561 3209 3616 in
3245 3563 3429 3633 capite
3461 3567 3550 3617 tuo
3578 3560 3709 3625 dedi,
3733 3559 3790 3613 ait

2364 3631 2863 3710 Domi_nu_s_Deus,
2955 3701 2967 3710 _
3077 3702 3117 3710 ,Α
3247 3631 3330 3710 ,’
3479 3706 3509 3710 __
3656 3703 3666 3710 ,
3764 3700 3772 3710 .

2287 3706 2344 3756 et
2372 3719 2486 3756 non
2523 3703 2626 3756 feci
2652 3703 2822 3770 juxta
2853 3701 3211 3770 scelera’tua
3244 3704 3300 3759 in
3336 3706 3597 3761 omnibus
3624 3701 3794 3758 abomi-

2361 3773 2700 3828 nationibus
2732 3774 2872 3829 tuis.

2217 3843 2359 3916 Ecce
2388 3845 2579 3899 omnis
2609 3844 2707 3916 qui
2739 3845 2877 3900 dicit
2908 3843 3080 3915 vulgo
3112 3848 3510 3916 proverbium,

2288 3914 2346 3968 in
2377 3920 2432 3969 te
2455 3914 2718 3970 assumet
2748 3916 2917 3980 illud,
2952 3914 3152 3972 dicen—8
3185 3935 3200 3973 :

2217 3986 2382 4058 Sicut
2413 3992 2618 4054 mater,
2651 3987 2733 4042 ita
2762 3991 2819 4042 et
2851 3987 2969 4042 tilia
3000 3988 3150 4058 eius.

2219 4056 2365 4112 Filia
2396 4059 2602 4112 matris
2633 4063 2747 4112 tua;
2777 4075 2840 4114 es
2871 4063 2957 4124 tu,

2290 4144 2414 4199 quae
2449 4129 2691 4200 projecit
2719 4130 2908 4185 virum
2940 4146 3141 4198 suum,
3175 4137 3234 4187 et
3266 4133 3418 4188 filios
3447 4149 3576 4188 suos
3605 4148 3616 4185 :

2218 4199 2286 4253 Et
2316 4199 2482 4254 soror
2511 4217 2775 4256 sororum
2809 4205 3047 4256 tuarum
3078 4217 3140 4257 es
3172 4209 3259 4268 tu,

2289 4287 2418 4340 quae
2449 4273 2819 4342 projecerunt
2846 4272 3000 4327 viros
3032 4290 3174 4329 suos
3205 4280 3263 4329 et
3296 4275 3444 4330 filios
3473 4291 3599 4330 suos
3627 4290 3637 4325 :

2217 4345 2400 4397 Mater
2428 4346 2619 4398 vestra
2650 4343 2929 4407 Hetthaaa,
2963 4349 3019 4398 et
3049 4351 3218 4415 pater
3247 4353 3432 4401 vester
3463 4343 3792 4401 Amorrhteus.

2219 4415 2287 4466 Et
2315 4429 2480 4468 soror
2509 4417 2623 4484 tua
2643 4416 2851 4484 major,
2885 4415 3171 4482 Samaria,

2139 4462 2186 4526 D
2222 4462 3375 4609 ipsa-etv‘5lirewdéjuquuz;habitant
3419 4489 3489 4543 ad
3549 4485 3793 4542 sinistram

2385 4572 2540 4609 uam:

2385 4572 2540 4610 uam:

2213 4625 2390 4751 Sorotr
2418 4631 2610 4710 autem
2659 4631 2761 4683 tua
2810 4627 3000 4683 minor
3028 4631 3106 4697 te,
3139 4645 3268 4702 quae
3301 4630 3541 4702 ,habitat
3567 4645 3598 4684 a
3623 4622 3794 4681 dextris

2382 4714 2494 4751 ms.

2382 4714 2494 4766 uis,

2282 4769 2552 4840 Sodoma,
2585 4773 2643 4824 et
2675 4768 2804 4824 filias
2835 4771 2986 4840 ejus.

2210 4839 2314 4894 Sed
2352 4856 2456 4895 nec
2489 4841 2545 4895 in
2577 4840 2687 4894 viis
2717 4839 2919 4896 earum
2950 4841 3288 4909 ambulasti,

2281 4927 2472 4994 neque
2503 4912 2827 4967 secundum
2851 4913 3071 4969 scelera
3091 4907 3293 4970 earum
3324 4913 3502 4969 fecisti
3525 4907 3788 4984 pauxillum

2353 4998 2552 5037 minus
2587 4999 2599 5037 ε

2209 5050 2361 5107 Pene
2392 5053 2760 5109 sceleratiora
2792 5053 2977 5109 fecisti
3012 5055 3127 5110 illis
3159 5057 3216 5111 in
3266 5056 3533 5111 omnibus
3561 5051 3656 5106 viis
3682 5047 3784 5104 tuis.

2207 5121 2352 5178 Vivo
2368 5140 2510 5199 ego,
2543 5124 3000 5199 dicit_Do_mi_nus
3033 5127 3203 5193 Deus,
3435 5198 3442 5199 γ
3692 5189 3748 5199 ,η

2281 5189 2564 5268 ᾳμίανηρη
2598 5196 2744 5268 fecit
2782 5196 3036 5252 Sodoma
3085 5189 3250 5254 soror
3293 5201 3392 5254 tua
3430 5198 3567 5268 ipsa,
3596 5199 3644 5250 et
3686 5189 3786 5244 filia

2279 5265 2431 5336 ejus,
2466 5266 2618 5322 sicut
2642 5266 2827 5322 fecisti
2860 5272 2945 5336 tu,
2969 5272 3026 5323 et
3055 5268 3184 5324 filiae
3213 5272 3350 5323 tuae.

2205 5334 2348 5390 Ecce
2378 5335 2512 5462 hastis.
2533 5338 2644 5392 fuit
2670 5334 2950 5410 iniquitas
2983 5341 3244 5396 Sodoma:
3275 5338 3489 5396 sororis
3517 5342 3636 5400 tua,

2277 5423 2454 5462 super
2499 5425 2574 5462 ta.

2277 5423 2574 5478 superbia,

2276 5479 2556 5534 saturitas
2589 5479 2755 5548 panis
2784 5482 2842 5536 et
2859 5480 3236 5549 abundantia,

2273 5551 2333 5603 et
2362 5549 2548 5604 otium
2579 5549 2793 5621 ipsius,
2825 5555 2882 5606 et
2911 5551 3166 5610 ﬁliarum
3197 5553 3327 5623 ejus
3360 5567 3373 5605 :

2203 5615 2274 5694 Et
2303 5634 2544 5694 manum
2575 5615 2757 5691 egeno
2780 5615 2840 5676 et
2868 5625 3109 5694 pauperi
3141 5615 3252 5679 non
3281 5617 3645 5694 porrigebant.

2203 5686 2271 5742 Et
2299 5688 2530 5746 elevatae
2564 5686 2729 5762 sunt,
2759 5697 2815 5748 et
2853 5686 3115 5750 fecerunt
3144 5686 3588 5752 abominationes
3614 5695 3771 5742 coram

2345 5775 2485 5817 me:
