4028 6178
195 195 331 249 1017

259 328 316 377 et
345 322 569 377 abstuli
603 338 722 385 eas,
757 321 909 377 sicut
950 323 1065 378 vidi
1091 327 1130 378 ί.

181 397 255 450 Et
285 395 552 470 Samaria
570 394 882 448 dimidium
909 400 1284 467 peccatorum
1313 399 1546 453 tuorum
1573 415 1686 453 non
1716 415 1839 470 pec-

337 466 492 522 cavit
527 482 539 519 :
871 503 876 506 .

263 539 366 592 sed
399 536 588 592 vicisti
622 553 721 592 eas
753 537 1072 594 sceleribus
1103 539 1243 606 tuis,

263 616 323 664 et
345 609 693 678 justiﬁcasti
719 625 948 664 sorores
980 616 1114 665 tuas
1144 611 1203 665 in
1235 611 1511 668 omnibus
1543 613 1840 670 abomina-

333 682 597 735 tionibus
629 680 746 735 tuis
776 698 921 752 quas
953 688 1192 753 operata
1223 699 1305 740 es.

185 754 340 824 Ergo
373 757 430 806 et
463 757 522 806 tu
566 757 734 823 porta
787 754 1192 827 confusionem
1243 759 1426 822 tuam,
1473 772 1600 827 quae
1649 756 1839 812 vicitis

335 840 566 896 sorores
591 831 718 878 tuas
755 826 1011 895 peccatis
1042 825 1182 896 tuis,

262 895 610 950 sceleratius
642 911 822 966 agens
854 897 927 950 ab
960 896 1044 951 eis
1077 913 1090 951 :

257 967 600 1037 justiﬁcatze
631 972 773 1021 sunt
803 967 958 1022 enim
991 985 1023 1023 a
1055 972 1110 1023 to
1146 984 1158 1022 ;

186 1040 342 1109 Ergo
374 1044 430 1094 et
464 1043 523 1092 tu
558 1039 936 1103 confundere,

259 1118 322 1165 et
353 1116 520 1181 porta
548 1110 927 1174 ignominiam
960 1115 1147 1177 tuam,

261 1199 395 1253 quae
419 1182 762 1250 justiﬁcasti
796 1199 1025 1237 sorores
1056 1187 1208 1237 tuas.

182 1253 254 1307 Et
286 1259 621 1308 convertam
677 1253 994 1308 restituens
1043 1270 1141 1309 eas
1185 1256 1626 1312 conversatione
1655 1257 1837 1312 Bodo-

340 1341 570 1379 morum
603 1342 735 1380 cum
772 1325 1006 1380 ﬁliabus
1033 1327 1178 1391 suis,

255 1401 316 1451 et
347 1397 726 1452 conversione
755 1397 1028 1452 Samaria:
1058 1403 1114 1453 et
1148 1397 1402 1452 ﬁliarum
1438 1399 1568 1468 ejus
1609 1417 1623 1456 :

183 1485 251 1539 Et
287 1491 619 1558 convertam
651 1484 1042 1558 reversionem
1093 1489 1255 1541 tuam
1290 1487 1345 1541 in
1385 1488 1574 1544 medio
1617 1505 1838 1558 earum,

261 1562 330 1610 ut
362 1561 556 1627 portes
589 1556 973 1628 ignominiam
1003 1563 1188 1626 tuam,

259 1634 319 1683 et
351 1628 734 1682 confundaris
763 1628 822 1682 in
858 1629 1293 1700 omnibus,quae
1316 1631 1498 1686 fecisti
1528 1633 1839 1689 consolans

335 1716 454 1754 08$.

185 1772 256 1826 Et
290 1788 459 1827 soror
489 1775 589 1824 tua
621 1771 895 1839 Sodoma,
927 1775 984 1825 et
1017 1770 1148 1825 ﬁlia:
1197 1772 1325 1842 ejus
1375 1778 1738 1831 revertentur
1768 1777 1839 1832 ad

335 1842 746 1912 antiquitatem
780 1859 949 1897 suam
986 1857 1000 1898 :

257 1917 320 1969 et
347 1915 615 1969 Samaria
643 1918 699 1969 et
733 1913 858 1969 tiliae
883 1915 1012 1986 ejus
1037 1919 1404 1971 revertentur
1425 1917 1496 1972 ad
1521 1919 1841 1991 antiquita-

335 1992 453 2041 tem
485 2002 652 2040 suam
683 2001 697 2039 :

257 2065 319 2112 et
352 2063 437 2125 tu,
496 2063 552 2111 et
609 2056 742 2112 ﬁliae
772 2061 882 2111 tua;
914 2058 1282 2114 revertemini
1319 2059 1390 2114 ad
1422 2060 1836 2132 antiquitatem

333 2134 610 2184 vestram.

178 2199 308 2254 Non
343 2199 451 2254 fuit
485 2204 680 2254 autem
713 2200 965 2254 Sodoma
996 2217 1161 2256 soror
1216 2205 1318 2258 tua
1379 2203 1580 2258 audita
1636 2203 1695 2260 in
1739 2221 1836 2262 ore

255 2278 386 2336 tuo,
422 2272 481 2325 in
514 2272 608 2326 die
639 2271 928 2342 superbiae
959 2276 1092 2337 tuas,

256 2349 580 2412 antequam
615 2342 964 2398 revelaretur
995 2343 1222 2399 malitia
1254 2349 1355 2400 tua
1390 2363 1403 2400 :

183 2414 356 2470 Sicut
389 2414 497 2469 hoc
528 2420 790 2490 tempore
821 2415 878 2490 in
912 2416 1295 2490 opprobrium
1347 2416 1599 2472 ﬁliarum
1633 2418 1834 2490 Syrias,

254 2495 313 2541 et
347 2490 692 2540 cunctarum
727 2487 784 2540 in
817 2487 1064 2542 circuitu
1096 2492 1195 2542 tuo
1220 2487 1472 2544 ﬁliarum
1505 2487 1834 2546 Palaestina-

340 2574 472 2612 rum

259 2599 690 2713 quieualmbiunt
712 2632 773 2710 _te
805 2646 1162 2713 pergyrum.

182 2701 393 2775 Scelus
423 2705 592 2775 tuum
626 2705 681 2755 et
711 2700 1094 2771 ignominiam
1130 2708 1290 2757 tuam
1325 2706 1385 2758 tu
1413 2704 1682 2775 portasti,

261 2773 346 2826 ait
376 2771 655 2826 Dominus
689 2777 859 2838 Deus,

183 2844 339 2908 Quia
375 2843 494 2898 haec
525 2844 665 2898 dicit
697 2846 976 2899 Dominus
1007 2845 1181 2900 Deus.

188 2916 260 2970 Et
295 2915 507 2970 faciam
541 2916 668 2987 tibi,
693 2914 845 2970 sicut
875 2916 1188 2986 despexisti
1214 2916 1646 2987 juramentum,

253 2992 323 3041 ut
356 2987 586 3041 irritum
623 2986 839 3042 faceres
872 2993 1106 3058 pactum
1143 3006 1156 3044 :

177 3080 241 3131 Et
277 3075 628 3131 recordabor
667 3091 771 3146 ego
805 3077 959 3146 pacti
992 3077 1104 3132 mei
1138 3081 1330 3133 tecum
1365 3077 1422 3132 in
1455 3078 1664 3134 diebus
1696 3081 1830 3135 ado-
1863 3075 1905 3142 C

332 3147 628 3202 leseentie
666 3152 776 3202 tua:
808 3165 826 3201 :

246 3219 326 3274 Et
362 3219 662 3274 suscitabo
695 3218 797 3273 tibi
833 3222 1064 3289 pactum
1099 3221 1542 3290 sempiternum.

176 3293 235 3345 Et
272 3291 678 3345 recordaberis
711 3290 936 3345 viarum
960 3295 1218 3359 tuarum,
1252 3297 1309 3346 et
1341 3293 1717 3348 confunderis
1752 3311 1764 3349 :

250 3379 392 3417 cum
429 3363 716 3436 receperis
745 3379 973 3436 sorores
1005 3367 1137 3436 tuas
1162 3368 1218 3418 te
1249 3362 1359 3434 (Αι.
1394 3365 1610 3436 tecum)
1645 3367 1830 3435 majo-

329 3450 423 3488 res
455 3449 586 3488 cum
619 3435 948 3488 minoribus
980 3433 1097 3488 tuis
1131 3450 1144 3489 :

183 3506 250 3559 Et
288 3504 444 3558 dabo
477 3521 574 3558 eas
607 3505 711 3558 tibi
739 3505 796 3559 in
831 3505 1001 3573 ﬁlias,

254 3576 363 3631 sed
400 3592 512 3629 non
546 3592 614 3630 ex
646 3581 811 3646 pacto
844 3582 964 3630 tuo.

184 3649 251 3703 Et
280 3648 587 3702 suscitabo
618 3664 722 3718 ego
754 3649 866 3714 (Al.
905 3648 1030 3715 tibi)
1083 3653 1316 3716 pactum
1366 3665 1560 3704 meum
1589 3654 1780 3708 tecum
1818 3668 1831 3706 :

253 3725 314 3773 et
351 3719 503 3773 scies
535 3735 675 3790 quia
705 3736 808 3790 ego
835 3720 1136 3785 Dominus,

185 3796 249 3844 ut
282 3791 632 3855 recorderis,
668 3795 724 3845 et
752 3791 1154 3858 confundaris,

253 3868 314 3917 et
346 3878 466 3916 non
499 3860 575 3917 sit
605 3861 708 3917 tibi
741 3862 892 3917 ultra
924 3863 1152 3935 aperire
1203 3879 1268 3919 os
1321 3880 1437 3934 pris
1491 3865 1835 3922 confusione

327 3937 457 4000 tua,

248 4021 388 4060 cum
434 4003 701 4078 placatus
730 4005 890 4060 fuero
921 4005 1028 4061 tibi
1062 4005 1119 4060 in
1157 4006 1433 4062 omnibus
1461 4023 1588 4078 quae
1625 4008 1831 4078 fecisti,

326 4077 410 4131 ait
445 4077 725 4131 Dominus
758 4079 908 4132 Deus
941 4094 955 4132 :

181 4165 586 4248 (Cap._?(VlI.')
609 4167 676 4221 Et
708 4167 926 4222 factum
951 4170 1039 4222 est
1071 4167 1314 4222 verbum
1345 4167 1582 4222 Domini
1610 4169 1679 4222 ad
1717 4185 1828 4236 me,

328 4239 536 4292 dicens
572 4254 585 4292 :

251 4307 368 4363 Fili
401 4307 682 4392 hominis,

247 4395 513 4450 propone
544 4397 811 4448 ωηιᾳωα,

1333 200 1546 256 LIBER
1585 197 1892 258 EZECHIE
1904 204 2007 259 ΜΒ
2049 205 2465 261 PROPHETE.

1868 331 1923 397 Α
1953 329 2216 401 Cumque
2247 332 2656 401 germinasset,
2692 330 2871 388 crevit
2923 332 2982 386 in
3041 331 3270 388 vineam
3327 332 3598 392 latiorem

3465 207 3604 262 1018

2079 401 2290 457 humili
2330 406 2579 474 statura,

2023 474 2470 544 respicientibus
2502 475 2682 531 ramis
2714 477 2843 546 ejus
2875 474 2946 530 ad
2974 490 3099 530 eam
3137 492 3150 529 :

2019 549 2078 598 et
2107 545 2332 602 radi.‘es
2363 547 2491 617 eius
2523 548 2634 602 sub
2661 545 2761 602 illa
2791 551 2979 602 erant.

1950 609 2121 672 Facta
2153 621 2241 672 est
2272 609 2411 689 ergo
2435 619 2623 686 vinea,
2825 622 2830 627 “

2021 691 2077 764 et
2108 689 2558 764 fructiﬁcavitin
2594 689 2890 764 palmites,
2915 691 3187 764 etemisit
3219 693 3591 764 propagines.

1948 755 2018 810 Et
2047 759 2556 833 factarestaquila
2588 755 2767 816 altera
2799 755 3062 833 grandis,

2020 831 2252 904 magnis
2284 831 2766 904 alis,imultisque
2797 831 3017 904 plumis
3052 851 3065 887 :

1949 903 2016 955 Et
2045 918 2176 958 ecce
2206 903 2371 959 vinea
2418 903 2531 960 ista
2574 904 2741 977 quasi
2789 903 3026 960 mittens
3076 906 3300 961 radices
3350 923 3488 964 suas
3520 909 3588 964 ad

2093 990 2218 1029 eam
2233 1019 2245 1040 ,

2020 1045 2293 1116 palmites
2323 1062 2461 1102 suos
2495 1047 2751 1103 extendit
2783 1048 2853 1102 ad
2890 1047 3074 1117 illam,

2021 1121 2086 1172 ut
2114 1117 2382 1190 irrigaret
2415 1134 2539 1174 eam
2576 1120 2646 1174 de
2679 1119 2888 1174 arcolis
2921 1118 3204 1190 germinis
3238 1120 3350 1176 sui.

1951 1189 2015 1243 In
2048 1192 2200 1266 terra
2231 1189 2382 1266 bona
2415 1207 2592 1266 super
2621 1207 2798 1263 aquas
2831 1189 3047 1246 multas
3083 1190 3340 1264 plantata
3363 1198 3450 1249 est
3480 1194 3586 1266 (Al.

2093 1260 2379 1334 plantavit
2409 1260 2582 1334 eam).

2025 1337 2088 1386 ut
2118 1333 2292 1405 faciat
2323 1333 2576 1400 frondes,
2611 1336 2666 1389 et
2698 1338 2884 1405 portet
2918 1334 3196 1402 fructum,

1951 1407 2087 1528 D.ut
2117 1405 2191 1460 sit
2222 1404 2281 1460 in
2313 1405 2540 1461 vineam
2580 1404 2886 1478 grandem.

2004 1491 2051 1528 ie
2086 1492 2098 1528 :

2004 1491 2098 1528 lC:

1951 1545 2081 1601 Haec
2113 1546 2254 1602 dicit
2285 1548 2573 1603 Dominus
2607 1549 2760 1604 Deus
2791 1564 2805 1603 :

1953 1617 2178 1689 Ergone
2207 1621 2650 1691 prosperabitur
2665 1621 2692 1674 ‘?

1873 1705 1919 1770 Β
2024 1706 2217 1770 nonne
2272 1692 2498 1770 radices
2557 1693 2684 1763 ejus
2718 1691 2943 1761 evellet,
2976 1696 3032 1747 et
3063 1693 3315 1748 fructum
3339 1694 3466 1764 ejus
3499 1693 3585 1748 di-

2093 1761 2361 1828 stringet,

2093 1779 2238 1818 smn
2286 1779 2343 1818 et

2021 1837 2078 1888 et
2100 1779 2569 1961 sietiagiitbmnes
2602 1835 2872 1907 palmites
2904 1835 3185 1908 germinis
3216 1837 3362 1907 ejus,
3384 1840 3438 1891 et
3469 1853 3589 1892 are-

2090 1921 2186 1961 see

2090 1910 2215 1961 seet

1949 1975 2013 2030 Et
2047 1992 2162 2032 non
2193 1977 2253 2032 in
2284 1977 2520 2034 brachio
2551 1979 2779 2050 grandi,

2021 2050 2299 2122 neque‘in
2331 2050 2547 2122 populo
2579 2051 2783 2117 multo,

2020 2123 2085 2174 ut
2113 2119 2381 2176 evelleret
2409 2119 2537 2177 eam
2571 2121 2898 2178 radicitus?

2025 2207 2091 2246 ce
2118 2191 2376 2264 plantata
2405 2199 2494 2248 est
2527 2210 2542 2249 :

2019 2277 2232 2334 ergone
2263 2264 2698 2336 prosperabitur
2717 2264 2744 2319 ?

1945 2332 2150 2391 Nonne
2189 2332 2322 2390 cum
2345 2332 2600 2406 tetigerit
2629 2352 2756 2391 eam
2788 2338 2996 2391 ventus
3030 2351 3207 2390 urens
3249 2333 3584 2403 siccabitur,

2016 2410 2074 2460 et
2104 2407 2160 2460 in
2195 2407 2348 2462 areis
2379 2407 2658 2477 germinis
2693 2407 2783 2462 sui
2812 2408 3078 2462 arescet?

1947 2477 2013 2531 Et
2043 2477 2261 2533 factum
2294 2483 2384 2533 est
2411 2479 2652 2534 verbum
2686 2479 2917 2534 Domini
2948 2479 3020 2534 ad
3053 2495 3146 2534 me
3175 2477 3374 2534 dicens
3409 2494 3423 2534 :

2016 2548 2118 2603 Dic
2150 2549 2228 2622 ad
2253 2551 2492 2605 domum
2526 2555 2966 2622 exasperantem
3004 2568 3018 2605 :

2015 2620 2266 2676 Nescitis
2289 2623 2429 2693 quid
2464 2622 2578 2677 ista
2609 2620 2983 2694 signiﬁcent?

1946 2691 2047 2746 Dic
2079 2710 2094 2750 :

1947 2767 2089 2818 Ecce
2119 2765 2277 2819 venit
2308 2781 2406 2818 rex
2438 2763 2751 2835 Babylonis
2782 2763 2840 2818 in
2871 2762 3193 2819 Jerusalem
3219 2781 3231 2819 :

2017 2839 2074 2890 et
2102 2840 2365 2890 assumet
2396 2851 2613 2907 regem,
2647 2841 2704 2889 et
2734 2835 3027 2907 principes
3057 2837 3210 2907 ejus,

2017 2911 2074 2961 et
2104 2907 2355 2980 adducet
2385 2905 2483 2980 eos
2513 2908 2585 2962 ad
2617 2905 3001 2980 semetipsum
3043 2907 3102 2960 in
3134 2905 3510 2976 Babylonem.

1946 2977 2014 3032 Et
2045 2976 2207 3050 tollet
2234 2978 2305 3033 de
2335 2979 2558 3034 semine
2589 2979 2776 3050 regni,

2017 3048 2304 3120 ferictque
2324 3066 2458 3104 cum
2489 3065 2554 3105 eo
2587 3048 2775 3106 foedus
2811 3066 2824 3104 :

2013 3123 2071 3193 et
2101 3121 2346 3193 accipiet
2374 3122 2448 3177 ab
2479 3121 3004 3192 eojusjurandum.

1938 3191 2047 3247 Sed
2082 3198 2146 3264 et
2169 3191 2346 3249 fortes
2376 3198 2540 3248 terra:
2571 3193 2756 3264 tollet,

2011 3267 2074 3318 ut
2104 3263 2448 3335 sitregnum
2484 3262 2818 3334 humile,'et
2850 3281 2962 3318 non
2996 3262 3272 3328 elevetur,

2010 3335 2111 3390 sed
2143 3332 2436 3391 custodiat
2468 3332 2884 3407 pactum'ejus,
2917 3339 2973 3390 et
3005 3335 3217 3390 serviet
3248 3332 3413 3388 illud.

1944 3406 2050 3469 Qui
2086 3410 2363 3463 recedens
2395 3406 2556 3465 abeo
2591 3407 2752 3462 misit
2783 3406 3020 3462 nuntios
3053 3407 3123 3461 ad
3145 3407 3478 3478 Egyptum.

2013 3483 2079 3532 ut
2108 3479 2272 3535 daret
2304 3481 2417 3535 sibi
2459 3497 2669 3551 equos.
2701 3484 2757 3535 et
2791 3478 3073 3551 populum
3107 3481 3384 3532 multum.

1941 3549 2219 3621 Nunquid
2257 3547 2714 3622 prosperabitur,
2747 3547 2834 3606 vel
2871 3547 3287 3622 'consequetur
3336 3547 3587 3603 salutem

2086 3622 2187 3693 qui
2224 3623 2356 3678 fecit
2387 3623 2552 3679 haec?

2014 3698 2070 3746 et
2099 3691 2194 3761 qui
2229 3695 2498 3749 dissolvit
2529 3699 2788 3765 pactum.
2822 3693 3082 3762 nunquid
3118 3691 3400 3763 effugiet?

1945 3763 2080 3819 Vivo
2112 3781 2236 3834 ego,
2275 3766 2414 3820 dicit
2451 3763 2730 3820 Dominus
2761 3765 2937 3831 Deus,

2016 3833 2294 3906 quoniam
2329 3836 2536 3892 inloco
2559 3836 2846 3906 regis,qui
2869 3833 3172 3890 constituit
3200 3848 3583 3906 eum_regem,

2087 3908 2258 3976 cujus
2292 3907 2425 3962 fecit
2453 3902 2686 3962 irritum
2713 3902 3142 3977 jiiramentum,
3187 3910 3245 3959 et
3275 3902 3452 3959 solvit
3483 3920 3588 3976 pa-

2084 3983 2263 4043 ctum,
2297 3980 2450 4050 quod
2493 3979 2784 4034 habebant
2813 3994 2944 4034 eum
2976 3993 3064 4044 eo,

2013 4047 2068 4101 in
2104 4051 2293 4123 medio
2318 4047 2637 4123 Babylonis
2662 4050 2962 4123 morietur.

1941 4120 2010 4174 Et
2041 4138 2153 4176 non
2191 4121 2246 4194 in
2281 4120 2534 4194 exercitu
2568 4121 2800 4194 grandi,

2014 4192 2281 4318 nequelin
2314 4193 2528 4266 populo
2552 4189 2734 4250 multo
2759 4192 2928 4248 faciet
2958 4195 3162 4248 contra
3191 4206 3325 4245 eum
3357 4189 3580 4245 Pharao

2083 4281 2196 4318 orae
2227 4282 2348 4318 ium
2386 4281 2399 4318 :

2126 4281 2348 4320 nanum
2386 4281 2399 4319 Ζ

1941 4333 2002 4389 In
2028 4281 2480 4408 juglﬁlatgtgleris,
2508 4344 2560 4393 et
2591 4336 2650 4392 in
2680 4335 3073 4408 exstructione
3103 4332 3414 4401 vallornm,

2011 4411 2073 4460 ut
2107 4407 2428 4463 interﬁciat
2457 4408 2685 4463 animas
2709 4407 2947 4464 multas.

238 4456 307 4549 εξ
332 4467 506 4549 [335551
515 4451 979 4549 gygetgglfrgfﬂ
1005 4453 1249 4549 ίᾷοωυηι
1282 4451 1485 4518 Israel.
1517 4456 1573 4508 et
1617 4453 1774 4510 dices
1812 4473 1824 4510 =
1859 4447 1904 4512 D
1935 4447 2428 4548 ερῖὲνὲἓὲΐέτῖἒὲ
2451 4447 2955 4549 ῖιὶίῖέἐιῖἓιίὶῖῖέτῗᾶἱ
2984 4477 3230 4532 solveret
3261 4476 3470 4543 foedus,

170 4525 308 4576 Hec
342 4523 485 4577 dicit
515 4524 799 4578 Dominus
834 4529 981 4580 Deus
1017 4542 1029 4578 :

166 4594 381 4664 Aquila
409 4594 656 4668 grandis
691 4611 1032 4666 magnarum
1071 4596 1320 4664 alarum,
1346 4595 1520 4668 longe
1541 4597 1829 4652 membro-

319 4682 454 4719 rum
489 4667 695 4730 ductu,

241 4735 425 4807 plena
455 4736 676 4807 plumis
706 4741 763 4792 et
791 4737 1090 4802 varietate,

237 4809 405 4862 venit
437 4810 508 4863 ad
545 4809 854 4875 Libanum,
888 4813 945 4864 et
975 4808 1112 4863 tulit
1145 4809 1462 4866 medullam
1496 4811 1676 4866 cedri.

167 4897 587 4951 Summitatem
616 4897 908 4951 frondium
943 4899 1074 4967 ejus
1105 4897 1300 4952 evellit
1333 4915 1346 4952 :

239 4971 301 5023 et
330 4970 757 5040 transportavit
787 4985 910 5023 eam
945 4969 1002 5024 in
1038 4975 1254 5024 terram
1286 4971 1584 5039 Chanaan,

241 5040 298 5093 in
337 5041 479 5112 urbe
508 5039 939 5112 negotiatorum
971 5040 1161 5112 posuit
1190 5039 1374 5097 illam.

169 5110 237 5164 Et
267 5111 408 5166 tulit
437 5112 508 5166 de
530 5111 755 5166 semine
783 5116 969 5178 terrae,

240 5188 300 5237 et
333 5183 532 5250 posuit
561 5182 707 5237 illud
742 5182 797 5236 in
834 5189 990 5238 terra
1022 5199 1122 5254 pro
1154 5181 1401 5248 semine,

242 5259 309 5307 ut
336 5254 604 5325 ﬁrmaret
628 5254 885 5325 radicem
918 5253 1098 5325 super
1127 5269 1316 5325 aquas
1347 5253 1568 5309 multas
1597 5273 1615 5309 :

238 5325 301 5379 in
334 5324 646 5395 superﬁcie
680 5324 880 5396 posuit
910 5324 1078 5381 illud.

243 5469 258 5500 ¹
296 5465 382 5519 Ita
413 5465 706 5520 Hzebraeus
737 5470 794 5520 et
823 5465 1021 5522 Canon
1075 5466 1668 5523 San-Germanensis.
1703 5468 1822 5524 Cae-

169 5536 285 5590 teri
318 5553 522 5592 omnes
553 5553 699 5592 mss.
732 5539 962 5593 codices
998 5553 1128 5592 cum
1163 5537 1338 5592 editis
1370 5537 1534 5593 libris
1568 5540 1820 5598 retinent

173 5608 491 5662 secundam
524 5624 858 5678 personam,
881 5609 1098 5663 vidisti.
1134 5608 1388 5679 Utraque
1421 5609 1589 5664 lectio
1611 5628 1813 5669 verum

173 5694 618 5750 congruumque
648 5679 827 5734 efﬁcit
875 5696 1113 5734 sensum
1145 5698 1160 5744 ;
1190 5681 1310 5734 vidi
1347 5680 1502 5735 enim
1530 5683 1600 5736 ad
1640 5684 1813 5740 Deum

174 5749 377 5805 referri
407 5749 709 5820 debet,qui
738 5751 987 5807 abstulit
1013 5751 1187 5807 urbes
1219 5752 1606 5809 Sodomorum
1635 5759 1691 5811 et
1712 5760 1818 5812 Sa-

2004 4553 2061 4603 et
2092 4566 2224 4605 ecce
2253 4550 2415 4606 dedit
2447 4568 2682 4606 manum
2709 4567 2878 4606 suam
2915 4566 2928 4605 :

2004 4624 2062 4676 et
2090 4637 2224 4676 cum
2257 4622 2457 4677 omnia
2491 4622 2610 4676 haec
2644 4622 2864 4686 fecerit,
2893 4636 3007 4676 non
3039 4620 3292 4690 effugiet.

1931 4695 2244 4762 Propterea
2274 4694 2393 4748 haec
2425 4693 2567 4749 dicit
2597 4693 2881 4749 Dominus
2917 4698 3065 4748 Deus
3102 4709 3114 4747 :

1929 4761 2073 4818 Vivo
2098 4781 2232 4838 ego,
2263 4765 2545 4838 quoniam
2571 4765 2976 4838 juramentum
3011 4763 3164 4836 quod
3191 4762 3430 4838 sprevit,

2002 4839 2060 4889 et
2091 4835 2454 4909 fmdus'quod
2484 4837 2894 4909 praevaricatus
2926 4835 3041 4902 est,
3070 4851 3280 4907 ponam
3313 4835 3371 4889 in
3406 4837 3581 4906 caput

2071 4923 2220 4976 ejus.

1928 4980 1999 5032 Et
2030 4979 2354 5050 expandam
2389 4995 2568 5049 super
2599 4995 2733 5034 eum
2767 4983 2885 5034 rete
2915 4994 3137 5046 meum,

2000 5054 2056 5103 et
2087 5050 2704 5122 comprehendeturiin
2743 5066 2961 5122 sagena
2993 5066 3123 5105 mea
3158 5065 3171 5105 :

1932 5119 1999 5172 Et
2029 5119 2315 5194 adducam
2349 5138 2482 5176 eum
2534 5122 2592 5194 in
2625 5119 3004 5194 Babylonem,

1999 5197 2056 5246 et
2077 5193 2356 5263 judicabo
2399 5209 2534 5248 eum
2565 5193 2671 5260 ibi,
2707 5190 2768 5249 iri
2792 5192 3273 5264 praevaricatione
3304 5207 3421 5263 qua
3471 5190 3572 5245 de-

2069 5264 2258 5334 spexit
2290 5280 2402 5331 me,

1927 5331 1994 5386 Et
2024 5331 2230 5391 omnes
2255 5335 2485 5407 profugi
2513 5335 2644 5406 ejus
2675 5351 2807 5390 cum
2837 5335 3106 5390 universo
3166 5334 3400 5407 agmine
3445 5349 3574 5404 suo,

1926 5474 2278 5549 maritarum
2313 5475 2464 5549 sicut
2496 5475 2611 5547 ipsi
2643 5475 2831 5532 visum
2867 5481 2973 5542 est,
3002 5481 3057 5532 et
3080 5477 3232 5533 sicut
3261 5477 3483 5549 placuit
3514 5477 3570 5532 in

1927 5545 2114 5602 oculis
2143 5547 2291 5618 ejus.
2324 5545 2537 5603 Vidisti
2562 5558 2757 5602 autem
2813 5550 3062 5604 refertur
3115 5551 3184 5603 ad
3234 5545 3572 5606 Iudaeorum

1927 5621 2186 5691 gentem,
2220 5619 2358 5690 quia
2391 5619 2504 5691 ipsi
2535 5623 2712 5674 testes
2753 5619 3424 5691 fuerunt_subversionis
3467 5638 3569 5676 ur-

1924 5689 2089 5744 bium
2116 5689 2251 5761 jam’
2275 5689 2584 5746 dictarum.
2619 5696 2800 5746 MART.
2826 5689 3150 5763 —,Vulgati
3183 5706 3314 5747 cum
3346 5691 3572 5763 aliquot

1924 5777 2094 5831 mss.,
2132 5763 2352 5829 vidisti,
2386 5763 2770 5819 dissentiente
2794 5762 3000 5819 Haebro
3031 5770 3220 5823 imm.
