2014 3089
271 125 341 153 1019

342 188 439 225 gladio
455 187 561 225 cadent
579 195 586 215 :

308 222 417 253 residui
433 226 531 251 autem
546 223 575 250 in
592 231 708 250 omnem
724 224 845 250 ventum
861 222 1069 258 dispergentur
1085 230 1092 250 :

309 264 337 288 et
346 259 444 288 scietis
459 259 528 294 quia
543 267 595 294 ego
612 258 755 286 Dominus
770 258 885 286 locutus
900 266 975 286 sum.

272 297 338 324 Haec
353 295 421 322 dicit
437 295 581 322 Dominus
599 295 671 321 Deus
689 302 695 321 :

271 334 306 360 Et
318 339 433 360 sumam
450 339 502 367 ego
518 331 552 357 de
565 330 694 367 medulla
708 329 785 357 cedri
796 329 975 367 sublimis,et
986 337 1092 365 ponam

308 368 342 395 de
354 367 460 394 vertice
470 365 622 394 ‘ramcrum
640 366 704 401 ejus
717 367 852 393 tenerum
868 365 1056 401 distringam,

307 406 335 431 et
351 402 487 438 plantabo
504 410 592 437 super
609 404 739 429 montem
755 401 902 429 excelsum
919 404 947 428 et
961 401 1093 428 eminen-

345 442 415 466 tem.

274 476 304 503 In
321 477 421 502 monte
436 473 556 501 sublimi
573 472 660 500 Israel
677 472 814 507 plantabo
836 471 919 504 illud,

309 513 337 538 et
352 512 484 544 erumpet
497 510 525 536 in
541 516 671 544 germen,
687 510 716 535 et
732 508 816 535 faciet
831 508 971 543 fructum,

309 550 337 573 et
350 546 403 573 erit
417 546 446 572 in
463 545 581 572 cedrum
599 552 735 580 magnam
752 552 759 571 :

276 583 309 609 Et
321 581 495 609 habitabunt
509 580 564 607 sub
580 588 614 607 ea
628 588 729 607 omnes
745 579 888 612 volucres,

312 620 342 645 et
358 617 527 644 universum
540 615 655 643 volatile
671 615 725 643 sub
740 615 845 642 umbra
861 615 1009 642 frondium
1029 614 1093 649 ejus

351 652 523 684 nidificabit,

275 690 310 716 Et
325 688 418 716 scient
433 687 531 715 omnia
547 687 627 722 ligna
643 686 779 722 regionis,

311 725 381 760 quia
396 732 448 759 ego
466 723 605 760 Dominus
620 721 774 760 humiliavi
791 721 1057 760 lignumsublime,

311 757 339 788 et
350 757 472 787 exaltavi
488 760 542 793 (Al.
559 758 679 792 elevavi)
695 758 806 793 lignum
823 757 935 785 humile
954 766 960 785 :

275 797 309 823 Et
324 795 430 823 siccavi
447 795 560 830 lignum
577 794 679 827 viride,

310 834 338 859 et
354 829 487 858 frondere
504 831 554 858 feci
572 830 683 864 lignum
700 829 826 857 aridum.

271 867 330 903 Ego
346 867 489 903 Dominus
503 865 620 894 locutus
635 873 712 899 sum,
729 867 757 892 et
772 865 837 892 feci.

273 899 353 966 ((ἴίηέ1ἶ
367 902 479 938 XVIII.)
496 903 529 930 Et
544 902 637 929 factus
654 903 698 928 est
719 909 816 928 sermo
839 899 958 929 Domini
983 900 1019 928 ad
1048 908 1094 927 me

348 947 427 966 icens
438 947 448 965 :

348 947 427 966 Icens
438 947 448 965 ἔ

272 975 347 1007 Quid
362 974 492 1009 estquod
510 974 585 1000 inter
599 981 650 1000 vos
667 972 835 1009 parabolam
852 971 964 1000 vertitis
980 971 1009 999 in
1028 980 1095 1007 pro-

306 1007 438 1038 verbium
453 1009 532 1037 istud
547 1009 574 1036 in
587 1007 779 1041 terra’Israel,
796 1007 927 1035 dicentes
943 1016 950 1034 :

272 1048 374 1074 Patres
390 1045 580 1073 comederunt
596 1052 682 1072 uvam
699 1044 845 1075 acerbam,
858 1045 886 1069 et
900 1044 1003 1071 dentes
1019 1042 1093 1070 ﬁlio-

308 1090 373 1109 rum
389 1081 608 1116 obstupescunt,
617 1080 645 1114 (A
652 1079 672 1106 ι.
689 1079 916 1116 obstupuerunt)
929 1078 943 1105 ?

271 1116 344 1157 Vivp
360 1125 423 1157 ego,
440 1117 511 1157 dicit
527 1115 670 1157 Dominus
688 1115 773 1157 Deus,

308 1152 333 1194 si
350 1149 406 1214 erit
420 1152 502 1214 vlobis
525 1151 601 1179 ultra
624 1149 762 1186 parabole
783 1150 844 1178 haec
860 1149 889 1177 in
906 1149 1094 1185 proverbium

308 1197 337 1214 1n
367 1196 433 1214 srae
449 1208 454 1214 .

307 1188 337 1216 in
353 1188 454 1215 Israel.

275 1224 346 1252 Ecce
361 1231 465 1251 omnes
480 1222 585 1250 animas
597 1230 669 1250 mea:
686 1223 755 1248 sunt
772 1229 778 1248 ἒ

309 1262 342 1287 ut
356 1260 455 1287 anima
470 1258 573 1294 patris,
589 1258 630 1285 ita
646 1259 673 1285 et
689 1257 787 1285 anima
804 1255 856 1283 filii
874 1264 938 1284 mea
954 1259 997 1284 est
1014 1265 1022 1285 :

274 1296 389 1329 Anima,
406 1303 469 1331 quae
486 1294 658 1330 peccaverit,

309 1332 373 1367 ipsa
390 1331 541 1367 morietur.

274 1367 310 1394 Et
321 1365 368 1394 vir
385 1366 409 1394 si
426 1365 512 1394 fuerit
523 1366 634 1401 justus,

308 1405 336 1430 et
346 1402 444 1430 fecerit
455 1400 601 1437 judicium
617 1403 645 1428 et
656 1400 815 1437 justitiam,

273 1439 303 1466 In
317 1436 467 1466 montibus
483 1446 541 1465 non
557 1436 727 1468 comederit,

306 1473 441 1502 etoculos
454 1482 523 1501 suos
533 1471 733 1500 nonlevaverit
740 1472 774 1498 ad
787 1470 865 1498 idola
878 1471 985 1499 domus
992 1471 1092 1500 Israel:

270 1512 304 1538 Et
318 1518 438 1538 uxorem
453 1508 576 1542 proximi
592 1508 638 1535 sui
654 1516 711 1535 non
727 1506 887 1542 violaverit,

308 1548 336 1573 et
351 1547 386 1573 ad
401 1542 553 1572 mulierem
563 1545 776 1571 menstruatam
788 1551 845 1570 non
861 1542 1017 1571 accesserit
1033 1551 1039 1571 :

277 1583 311 1608 Et
326 1581 476 1608 hominem
493 1588 551 1608 non
568 1578 797 1607 contristaverit:

307 1616 415 1652 pignus
431 1616 556 1645 debitori
574 1614 744 1652 reddiderit,

309 1650 360 1687 per
378 1652 437 1679 vim
455 1651 528 1679 nihil
545 1650 697 1687 rapuerit;

274 1685 382 1716 Panem
399 1696 486 1715 suum
502 1685 658 1715 essurienti
676 1685 798 1719 dederit,

309 1726 338 1751 et
354 1724 467 1750 nudum
482 1722 628 1758 operuerit
644 1722 817 1758 vestimento
834 1729 840 1748 :

274 1760 317 1787 Ad
334 1767 457 1786 usuram
469 1755 527 1786 non
542 1755 783 1788 commodaverit,

311 1797 340 1822 et
356 1794 483 1829 amplius
501 1802 559 1821 non
576 1792 741 1828 acceperit:

275 1831 319 1871 Ab
336 1830 492 1871 iniquitate
507 1829 648 1871 averterit
666 1835 785 1871 manum
801 1833 897 1869 suam,

306 1863 453 1902 judicium
470 1873 570 1893 verum
588 1864 687 1902 fecerit
703 1864 780 1902 inter
795 1864 892 1891 virum
908 1865 935 1891 et
950 1863 1044 1891 virum
1062 1872 1069 1891 :

275 1899 474 1937 In'przeceptis
490 1902 564 1929 meis
579 1899 784 1937 ambulaverit,

315 1935 343 1965 et
353 1935 468 1979 judicia
484 1945 548 1979 mea
562 1935 757 1970 custiodierit,
775 1937 808 1963 ut
824 1935 911 1963 faciat
925 1935 1075 1963 veritatem
1091 1942 1098 1962 :

280 1974 333 2001 Hic
347 1974 448 2008 justus
464 1975 518 2006 est,

315 2009 375 2037 vita
389 2009 474 2043 vivet,
491 2009 531 2036 ait
546 2008 688 2035 Dominus
704 2009 791 2034 Deus.

279 2045 360 2077 Quod
376 2045 400 2072 si
417 2042 551 2080 genuerit
565 2043 659 2071 tilium
676 2042 817 2071 latronem
829 2043 1024 2071 effundentem
1036 2052 1102 2071 san-

374 2088 482 2108 umem.

352 2088 482 2116 gumem.

315 2118 343 2144 et
359 2116 459 2144 fecerit
470 2124 561 2143 unum
574 2115 609 2142 de
624 2114 709 2142 istis:

281 2153 314 2179 Et
331 2151 392 2180 haec
408 2152 527 2187 quidem
543 2150 643 2178 omnia
657 2158 716 2187 non
732 2149 905 2183 facientem,

315 2188 366 2215 sed
382 2185 578 2215 in_montibus
594 2185 792 2214 comedentem
809 2193 816 2218 ;

317 2226 345 2251 et
360 2232 479 2251 uxorem
500 2222 624 2259 proximi
640 2221 683 2249 sui
700 2220 878 2259 polluentem
897 2229 903 2248 :

281 2259 410 2295 Egenum
427 2262 455 2287 et
472 2255 628 2295 pauperem
645 2255 879 2290 contristantem,

317 2295 478 2329 rapientem
495 2295 623 2329 rapinas.

317 2331 426 2365 pignus
442 2339 498 2358 non
515 2330 697 2365 reddentem,

282 2363 367 2393 Et‘ad
384 2366 461 2393 idola
475 2365 620 2393 levantem
636 2363 735 2391 oculos
752 2372 832 2396 suos,

317 2401 567 2429 abominationem
586 2400 739 2428 facientem
757 2407 763 2427 :

281 2437 322 2465 Ad
340 2446 394 2464 usu
400 2446 462 2464 ram
480 2438 611 2470 dantem,

318 2475 344 2500 et
361 2472 488 2507 amplius
503 2472 694 2508 accipientem
713 2478 720 2497 ι

282 2508 419 2543 Nunquid
436 2508 538 2536 vivet?

282 2544 346 2572 Non
362 2544 448 2572 vivet.

283 2580 355 2608 Cum
372 2580 507 2609 universa
521 2577 693 2607 detestanda
707 2577 768 2605 haec
787 2575 898 2612 fecerit,
922 2579 1015 2605 morte
1042 2586 1104 2606 mo-

353 2616 456 2650 rietur,

319 2652 442 2687 sanguis
453 2651 557 2687 ejusin
574 2650 638 2686 ipso
655 2649 721 2683 erit,

283 2687 363 2719 Quod
377 2686 404 2715 si
422 2686 557 2722 genuerit
572 2686 677 2718 ﬁlium,

320 2723 368 2758 qui
381 2719 482 2751 videns
498 2723 597 2751 omnia
612 2722 732 2757 peccata
748 2719 840 2758 patris
865 2720 920 2758 sui
936 2728 999 2758 qua;
1019 2720 1104 2758 fecit,

355 2759 497 2800 timuerit,
514 2761 542 2786 et
556 2755 724 2785 non'feceril
753 2755 848 2783 simile
878 2755 930 2791 (Αι.
945 2755 1104 2792 “εὶιῐ]ἰ1ίῑει·)

356 2802 397 2820 818
412 2802 418 2820 ε

287 2827 380 2861 Super
396 2832 508 2856 montes
520 2837 576 2856 non
593 2827 761 2859 comederit,

323 2864 351 2888 et
366 2864 465 2891 oculos
481 2873 550 2892 suos
580 2872 638 2891 non
665 2862 803 2890 levaverit
832 2862 867 2890 al

360 2897 459 2931 Israel,

899 2862 976 2890 idola
1000 2863 1106 2892 domus

786 126 806 151 S
836 124 1040 152 HIERONYMI
1058 125 1185 151 DIVINA
1203 124 1453 153 BIBLIOTHECA.

1872 130 1919 157 1020

1108 188 1135 220 Α
1152 186 1184 214 Et
1199 195 1317 214 uxorem
1334 187 1458 222 proximi
1475 187 1521 215 sui
1539 195 1595 214 non
1610 187 1755 215 violaverit
1772 196 1778 216 ;

1149 224 1184 250 Et
1196 222 1292 249 virum
1307 231 1364 249 non
1382 223 1605 255 contristaverit,

1185 258 1294 293 pignus
1310 267 1367 285 non
1384 259 1547 293 retinuerit,

1185 296 1214 321 et
1234 294 1366 328 rapinam
1383 303 1441 321 non
1463 294 1601 329 rapuerit,

1149 329 1254 356 Panem
1271 338 1358 356 suum
1379 330 1519 358 esurienti
1540 330 1662 363 dederit,

1183 367 1212 392 et
1228 366 1339 392 nudum
1356 366 1504 401 operuerit
1518 365 1702 398 vestimento,

1149 402 1169 427 A
1188 402 1326 436 pauperis
1348 401 1456 436 injuria
1472 401 1741 438 averteritmanum
1755 411 1840 438 suum,

1184 445 1305 475 usuram
1322 439 1350 464 et
1365 437 1666 475 superabundantiam
1682 446 1738 465 non
1754 441 1884 475 acceperit,

1182 472 1293 507 judicia
1310 480 1374 500 mea
1389 473 1498 501 fecerit.

1185 508 1214 535 in
1231 509 1382 544 prreceptis
1399 509 1471 536 meis
1487 510 1683 539 ambulaverit
1699 519 1705 538 :

1148 544 1273 584 Hic_non
1291 544 1432 572 morietur
1446 545 1476 572 in
1489 546 1643 581 iniquitate
1666 546 1754 582 patris
1775 546 1815 574 sui
1834 547 1872 574 sed
1884 548 1921 574 vita

1186 585 1275 607 νινθῑ.

1149 615 1232 643 Pater
1246 616 1316 652 ejus,
1327 616 1396 650 quia
1420 616 1474 650 (Αι,
1490 616 1553 651 qui)
1577 617 1770 645 calumniatus
1788 620 1834 652 est,
1848 622 1870 645 et
1882 619 1920 645 vim

1220 652 1288 678 fecit
1308 651 1401 684 fratri,

1183 688 1212 713 et
1228 686 1340 725 malum
1354 689 1493 725 operatus
1508 691 1551 715 est
1563 688 1592 716 in
1609 690 1703 716 medio
1719 689 1809 725 populi
1822 690 1868 717 sui.

1184 730 1249 761 ecce
1260 723 1316 761 Idl.
1335 722 1393 758 hie)
1410 726 1545 751 mortuus
1560 727 1605 752 est
1620 724 1649 752 in
1663 722 1808 761 iniquitate
1822 734 1886 753 sua:

1152 758 1186 785 Et
1211 758 1307 785 dicitis
1324 766 1330 784 :

1184 794 1494 832 Quarernonpo‘rtavit
1510 794 1589 832 filius
1606 796 1785 832 iniquitatem
1801 795 1890 831 patris?

1149 829 1301 892 Videlicett,
1314 829 1381 865 quia
1393 829 1471 857 filius
1485 831 1629 865 judicium
1642 829 1815 867 etjustitiam
1823 835 1921 867 operatus

1239 874 1270 892 es
1287 886 1294 892 .

1239 874 1294 893 εει.

1186 901 1285 942 omnia
1301 902 1444 942 praecepta
1460 909 1524 929 mea
1539 898 1708 937 custodivit,
1724 906 1749 930 et
1763 903 1823 931 fecit
1835 903 1881 937 illa,

1182 939 1241 964 vita
1258 939 1346 964 vivet.

1148 971 1182 1000 Et
1196 973 1307 1004 anima,
1324 980 1387 1005 quae
1404 973 1574 1008 peccaverit,

1182 1008 1248 1044 ipsa
1265 1008 1407 1035 morietur
1423 1017 1430 1035 :

1148 1044 1238 1072 Filius
1254 1052 1312 1071 non
1328 1044 1456 1079 portabit
1470 1044 1658 1079 iniquitatem
1676 1046 1773 1081 patris.

1183 1082 1308 1122 et__p_ater
1323 1088 1379 1122 non
1396 1080 1524 1115 portabit
1539 1081 1725 1122 iniquitatem
1741 1081 1789 1109 ﬁlii
1802 1089 1808 1108 :

1146 1115 1266 1143 Justiiia
1278 1116 1352 1150 justi
1370 1124 1459 1151 super
1473 1124 1541 1144 eum
1565 1115 1631 1144 erit.

1182 1154 1210 1179 et
1224 1151 1460 1188 impietasimpii
1481 1153 1537 1180 erit
1552 1160 1644 1188 super
1659 1161 1735 1180 eum.

1146 1186 1175 1215 Si
1187 1189 1284 1215 autem
1298 1186 1407 1223 impius
1421 1186 1516 1223 egerit
1540 1186 1740 1222 paenitentiam
1769 1187 1801 1215 ab
1821 1186 1920 1215 omnibus

1217 1222 1435 1259 peccstisrsuis,
1445 1222 1516 1259 quas
1537 1226 1675 1259 operatus
1688 1226 1739 1258 est,

1183 1258 1227 1296 ett
1240 1258 1412 1296 custodierit
1427 1258 1539 1296 omnia
1557 1258 1707 1296 praecepta
1731 1267 1798 1293 mea,
1813 1260 1836 1286 et
1853 1258 1920 1285 fecerit

1213 1294 1360 1329 judicium
1377 1296 1406 1322 et
1424 1294 1569 1330 justitiam
1588 1303 1596 1323 :

1182 1330 1240 1357 vita
1254 1330 1341 1364 vivet,
1359 1332 1386 1357 et
1401 1338 1458 1357 non
1476 1331 1631 1364 morietur,

1146 1365 1285 1393 Omnium
1303 1365 1492 1403 iniquitatum
1508 1367 1570 1402 ejus
1591 1375 1664 1402 quas
1679 1367 1807 1403 operatus
1828 1366 1871 1397 est,
1883 1371 1921 1390 non

1239 1402 1413 1429 recordabor
1431 1410 1438 1428 :

1182 1437 1211 1464 in
1223 1437 1344 1472 justitia
1359 1445 1423 1469 sua,
1440 1445 1528 1472 quam
1544 1440 1686 1472 operatus
1702 1439 1755 1472 est,
1771 1437 1843 1464 vivet.

1146 1472 1285 1509 Nunquid
1302 1473 1460 1500 voluntatis
1475 1481 1544 1500 meae
1561 1476 1608 1500 est
1623 1482 1701 1501 mors
1717 1472 1802 1508 impii,
1816 1472 1872 1499 dicit
1884 1472 1921 1496 Do-

1238 1509 1336 1536 minus
1353 1509 1442 1542 Deus,

1188 1546 1216 1572 et
1231 1553 1288 1572 non
1306 1546 1338 1572 ut
1355 1545 1538 1572 convertatur
1553 1553 1570 1571 a
1584 1544 1641 1572 viis
1657 1544 1728 1577 suis,
1745 1547 1770 1572 et
1781 1544 1863 1572 vivat?

1198 1583 1295 1608 autem
1311 1580 1446 1608 averterit
1465 1588 1496 1607 se
1507 1580 1610 1615 justus
1627 1589 1643 1607 a
1655 1580 1767 1615 justitia
1781 1588 1835 1612 sua,
1857 1613 1861 1615 _
1907 1611 1910 1615 ι

1187 1618 1214 1644 et
1231 1616 1331 1644 fecerit
1346 1613 1534 1651 iniquitatem
1560 1613 1724 1644 secundum
1740 1623 1830 1644 omnes
1843 1613 1922 1641 abomi-

1223 1652 1442 1688 nationesrquas
1458 1651 1570 1687 operari
1588 1651 1664 1680 solet
1681 1653 1794 1688 impius,

1188 1688 1322 1724 nunquid
1338 1687 1438 1715 vivet?

1153 1720 1391 1759 Omnes-justiﬁes
1403 1723 1478 1758 ejus,
1489 1731 1562 1758 quas
1575 1723 1695 1759 fecerat,
1708 1732 1761 1751 non
1776 1720 1924 1750 recordabun-

1222 1762 1271 1787 tur
1287 1760 1339 1794 (Al.
1355 1763 1440 1786 erunt
1457 1759 1485 1786 in
1509 1759 1676 1793 memoria),
1887 1788 1908 1794 η

1187 1795 1216 1822 in
1232 1791 1479 1830 praevaricatione,
1508 1802 1568 1831 qua
1599 1791 1800 1831 praa'varicaturs
1818 1791 1922 1831 est-etin

1243 1833 1359 1866 peccato
1375 1838 1429 1858 suo
1439 1827 1675 1865 quodﬁpecc'avit,
1692 1831 1721 1858 in
1738 1830 1804 1865 ipsis
1813 1827 1922 1855 morietur,

1154 1867 1188 1894 Et
1203 1866 1319 1894 dixistis
1336 1874 1343 1894 ε

1190 1902 1254 1930 Non
1269 1905 1312 1930 est
1326 1910 1408 1937 aequa
1431 1901 1477 1928 via
1493 1901 1621 1929 Domini.

1155 1938 1262 1965 Audite
1279 1946 1358 1974 ergo,
1374 1938 1478 1965 domus
1490 1937 1578 1964 Israel
1596 1946 1606 1965 :

1154 1974 1292 2009 Nunquid
1305 1974 1352 2001 via
1367 1981 1432 2001 mea
1447 1981 1504 2000 non
1520 1974 1565 2000 est
1581 1981 1675 2008 aequa,

1191 2012 1219 2037 et
1232 2005 1291 2037 non
1308 2008 1402 2044 magis
1415 2008 1468 2036 viae
1483 2011 1585 2036 vestras
1602 2005 1697 2044 prava:
1712 2005 1798 2044 sunt?

1155 2047 1228 2073 Cum
1245 2046 1322 2072 enim
1339 2042 1475 2073 averterit
1490 2053 1521 2071 se
1534 2042 1634 2078 justus
1649 2053 1666 2071 a
1677 2042 1789 2079 justitia
1802 2048 1855 2074 sua,

1192 2083 1220 2109 et
1235 2081 1336 2109 fecerit
1359 2080 1554 2115 iniquitatem,

1192 2117 1334 2144 morietur
1348 2116 1378 2143 in
1392 2117 1435 2143 eis
1452 2124 1458 2142 :

1192 2153 1222 2180 in
1233 2152 1390 2187 injustitia,
1407 2155 1494 2187 quam
1510 2153 1650 2186 operatus
1666 2152 1722 2187 est,
1736 2148 1864 2176 morietur.

1158 2188 1192 2215 Et
1207 2185 1274 2216 cum
1290 2185 1425 2215 averterit
1441 2195 1471 2214 se
1483 2187 1594 2222 impius
1606 2187 1643 2214 ab
1654 2186 1797 2221 impietate
1805 2185 1926 2215 sumquam

1246 2225 1384 2259 operatus
1399 2225 1452 2251 est.

1192 2261 1220 2286 et
1236 2259 1336 2287 fecerit
1347 2259 1493 2294 judicium
1510 2260 1538 2285 et
1549 2258 1699 2293 justitiam
1716 2265 1723 2283 ε

1191 2295 1252 2330 ipse
1268 2295 1396 2322 animam
1414 2302 1498 2322 suam
1524 2293 1694 2321 vivificabit.
1727 2328 1731 2330 ἓ
1822 2324 1836 2330 η
1891 2319 1916 2330 .7,

1156 2325 1351 2358 Considerans
1367 2330 1452 2362 enim,
1468 2332 1497 2357 et
1511 2331 1645 2357 avertens
1663 2336 1693 2356 se
1709 2328 1742 2354 ab
1757 2325 1875 2353 omnibus
1890 2328 1928 2347 1m-

1228 2366 1403 2402 quitatibus,
1420 2365 1493 2399 suis,
1510 2373 1582 2402 quas
1599 2366 1735 2400 operatus
1750 2364 1799 2393 est.

1190 2400 1251 2429 vita
1265 2402 1349 2433 vivet.
1366 2405 1395 2429 et
1410 2409 1467 2429 non
1481 2400 1633 2428 morietur.

1156 2437 1191 2464 Et
1201 2437 1303 2465 dicunt
1318 2437 1369 2464 filii
1386 2437 1474 2465 Israel
1490 2444 1496 2464 :

1156 2472 1219 2513 Non
1236 2476 1379 2513 es_t_azqua
1394 2473 1440 2500 via
1456 2471 1583 2500 Domini.

1156 2508 1293 2544 Nunquid
1312 2508 1360 2535 vizu
1378 2517 1446 2535 mem
1464 2517 1520 2535 non
1538 2516 1592 2534 sun

1192 2546 1221 2572 et
1233 2542 1290 2572 non
1311 2545 1404 2579 magis
1418 2545 1467 2570 vim
1484 2547 1582 2570 vestrm
1600 2542 1713 2579 pravas?
1821 2573 1826 2579 _
1854 2571 1869 2579 μ

1157 2569 1525 2614 Idcircoiuniurrgqﬁueniquie
1543 2569 1629 2613 juxta
1649 2577 1710 2604 vias
1734 2583 1797 2603 suas
1816 2569 1928 2608 judicabo.

1227 2616 1333 2643 domus
1351 2615 1448 2648 Israel,
1466 2616 1505 2642 ait
1520 2615 1665 2641 Dominus
1681 2615 1762 2641 Deus.
1827 2643 1840 2648 η
1890 2638 1915 2648 ,γε

1156 2651 1363 2679 Convertimini
1380 2654 1407 2678 et
1423 2643 1497 2684 agite
1510 2648 1710 2685 pmnitentiam
1720 2647 1753 2675 ab
1763 2643 1879 2673 omnibus
1889 2646 1927 2666 m1-

1246 2687 1409 2722 quitatibus
1425 2687 1530 2714 vestris
1547 2695 1566 2723 :_
1656 2719 1662 2723 _
1689 2719 1694 2723 _
1739 2717 1745 2723 η

1192 2724 1221 2750 et
1236 2719 1293 2750 non
1310 2723 1366 2751 erit
1379 2723 1463 2750 vobis
1478 2722 1507 2749 in
1525 2721 1638 2749 ruinam
1655 2719 1797 2753 iniquitas.

1158 2749 1293 2794 Projicite
1307 2749 1425 2786 aivobis
1455 2749 1558 2785 omnes
1570 2749 1823 2794 ,praivaricationes
1841 2749 1928 2776 vestras,

1228 2794 1257 2821 in
1274 2794 1382 2829 quibus
1398 2792 1575 2829 praevaricati
1595 2791 1677 2825 estis.
1704 2825 1709 2829 _
1729 2824 1744 2829 ,Ι

1193 2832 1220 2856 et
1237 2825 1320 2857 facite
1335 2825 1417 2857 vobis
1432 2838 1481 2856 cor
1496 2835 1605 2856 novum
1623 2829 1651 2854 et
1667 2825 1794 2860 spiritum
1808 2825 1909 2848 novum:

1158 2864 1190 2900 Et
1202 2873 1293 2900 quare
1307 2864 1483 2897 moriemini,
1500 2865 1608 2900 domuis
1625 2860 1711 2900 Israel
1722 2860 1744 2900 ζ
1796 2893 1799 2897 .

1157 2888 1229 2933 Ουῗᾶ
1245 2888 1311 2929 nolo
1325 2888 1451 2929 mortem
1460 2888 1711 2931 doiiéﬁiiﬁicn
1725 2893 1850 2922 Dominus
1862 2888 1924 2916 D605,

1111 1562 1182 1608 δεῖ

1117 2245 1141 2278 D

1598 2509 1609 2533 t
1626 2514 1724 2541 aequae,
1741 2505 1836 2532 domus
1856 2495 1927 2527 Isrlely
