2014 3089
155 103 224 129 1021

190 165 381 198 revertimini,
397 168 425 194 et
438 166 535 195 vivite.

153 201 237 236 (Cap.
256 201 343 244 XIIX.)
356 202 390 244 Et
403 206 435 244 tu
448 204 597 244 liiassume
609 204 758 242 planctum
771 215 859 243 super
869 208 977 244 princi-

228 245 279 272 pes
294 237 394 270 Israel,
410 240 438 266 et
453 239 551 268 dices:

150 273 247 313 Quare
263 275 356 313 mater
370 276 419 301 tua
435 274 525 313 leaena
540 276 616 303 inter
626 276 725 305 leones
737 279 864 313 cubavit,

187 309 216 336 in
234 309 328 336 medio
343 309 548 339 lounculorum
566 313 703 340 enutrivit
720 314 832 342 catulus
848 309 944 343 suos?

148 344 185 371 Et
199 344 299 371 eduxit
314 353 405 373 unum
423 346 458 374 de
474 347 620 375 lennculis
636 348 698 376 suis
709 349 723 377 ‘I

187 379 232 407 leo
250 380 345 408 factus
360 383 423 408 est:

185 418 214 442 et
224 416 435 457 didicitcapere
446 419 801 457 praedam,homincmque
812 423 974 451 comedere.

147 453 182 478 Et
199 451 357 490 audierunt
370 451 406 480 de
423 451 455 481 eo
471 458 583 490 gentes,

185 490 214 529 et
230 496 286 529 non
302 488 413 529 absque
428 488 596 529 vulneribus
611 491 827 529 suis‘ceperunt
842 502 920 529 eum,

184 527 211 566 et
227 524 413 566 adduxerunt
427 533 493 566 eum
510 526 538 553 in
552 527 708 566 catenis-in
723 524 830 557 terram
846 524 973 566 zEgjpti.

184 560 252 592 Quae
268 568 334 601 cum
344 560 472 601 _vidisset
483 563 621 597 quoniam
633 563 781 591 inﬁrmata
789 568 843 600 est,
855 560 974 601 stupe-riit

205 597 381 630 exspectatio
397 597 460 631 ejus
473 605 479 624 :

182 631 253 658 tulit
268 640 359 659 unum
376 632 410 659 de
426 632 569 661 leunculis
585 634 658 670 suis,
680 634 792 663 leonem
822 637 974 665 constituit

221 675 306 694 eum-

145 701 203 733 Qui
221 702 377 731 incedebat
392 704 468 731 inter
477 704 587 738 leones,

183 740 212 765 et
227 738 321 766 factus
337 741 380 766 est
395 738 438 767 leo
452 747 459 767 :

183 775 213 815 et
229 774 327 815 didicit
345 776 472 815 praedam
489 783 602 812 capere,
618 779 647 805 et
661 778 795 806 homines
812 778 948 808 devorare
962 790 969 815 ;

141 809 255 837 Didicit
263 811 308 837 vid
315 809 366 838 uas
382 811 486 845 facere,

180 848 211 872 et
225 846 356 874 civitates
371 855 472 875 eorum
487 847 517 874 in
529 848 679 876 desertum
695 849 857 878 adducere:

138 880 177 907 Et
193 881 382 944 defelatﬁest
396 885 483 918 terra,
500 885 528 911 et
542 883 695 919 plenitudo
710 886 785 921 ejus,
802 895 819 913 a
833 894 901 914 voce
921 895 970 915 ru-

198 925 225 946 21
244 926 277 945 us
293 927 301 945 1
329 926 383 946 ius.

218 925 277 945 itus
293 925 383 946 unus.

139 952 178 979 Et
193 925 393 996 egonvenerunt
410 955 550 983 adversus
566 963 631 983 eum
648 958 751 992 gentes
780 956 911 994 undique
935 959 971 987 de

217 997 385 1025 provmcns,

179 1027 210 1051 et
223 1026 427 1063 expanderunt
437 1035 526 1062 super
540 1035 607 1055 eum
624 1030 683 1056 rete
692 1036 791 1063 suum,

134 1059 167 1098 i_n
180 1059 354 1098 vulneribus
369 1059 589 1098 earum‘captus
604 1066 658 1091 est.

132 1096 168 1124 Et
187 1096 332 1134 miserunt
347 1106 414 1125 eum
431 1098 459 1126 in
474 1096 590 1126 cev—eam
606 1099 628 1134 9,

169 1131 245 1194 etlin
262 1134 373 1173 catenis
390 1134 575 1162 adduxerunt
599 1131 666 1163 eum
696 1135 732 1163 ad
761 1144 859 1172 regem
874 1137 966 1174 Baby-

220 1176 304 1197 oms:

129 1204 339 1240 Miseruntque
355 1213 422 1233 eum
440 1205 467 1233 in
484 1214 643 1240 carcerem,

171 1247 210 1267 ne
226 1241 377 1269 audiretur
388 1249 440 1278 vox
450 1242 513 1276 ejus
524 1242 600 1270 ultra
611 1250 727 1278 semper
738 1246 851 1272 montes
864 1245 964 1273 Israel.

131 1275 237 1338 Materl
247 1278 297 1339 tu?
312 1277 398 1340 quasi
413 1275 533 1305 vineain
545 1275 687 1314 sanguine
699 1281 748 1307 tuo
759 1287 847 1314 super
857 1288 964 1316 aquam

209 1320 227 1340 n
242 1321 278 1340 an
294 1321 310 1340 e
327 1322 363 1340 a:

231 1320 363 1341 mutata:

169 1320 371 1412 frtitulqejus,
388 1352 417 1377 et
432 1348 549 1377 frondes
565 1350 629 1386 ejus
645 1353 798 1379 creverunt
822 1360 856 1380 ex
879 1353 964 1389 aquis

210 1392 259 1411 mu
290 1393 325 1412 is.

210 1392 325 1412 munis.

131 1419 170 1447 Et
186 1419 268 1483 rapta:
283 1422 351 1448 sunt
366 1420 391 1449 ei
406 1421 493 1457 virgae
516 1421 616 1449 solidas
631 1422 660 1450 in
684 1426 799 1459 sceptra
811 1423 963 1452 dominan-

224 1464 296 1483 ium.

224 1464 296 1485 ium.

171 1494 202 1519 et
214 1492 340 1520 exaltata
355 1494 399 1520 est
415 1495 528 1521 statura
542 1493 605 1527 ejus
621 1493 697 1522 inter
713 1494 848 1525 frondes:

723 110 829 137 LIBER
846 111 1059 138 EZECHIELIS
1077 112 1287 140 PROPHETE.

1792 111 1861 139 1022

992 174 1020 206 Α
1036 173 1142 209 Indis,
1157 181 1216 209 qua
1231 173 1304 209 elegi
1318 172 1417 209 Israel,

1069 208 1160 236 levavi
1177 208 1295 236 manum
1313 208 1413 236 meam'
1424 218 1475 245 pro
1492 209 1582 245 stirpe
1598 209 1704 237 domus
1720 208 1822 241 Jacob,

1069 247 1098 272 et
1109 246 1231 280 apparui
1247 245 1288 273 eis
1304 244 1333 272 in
1350 244 1431 273 terra
1441 244 1565 281 {Egyptil

1069 280 1202 317 etilevavi
1218 289 1336 308 manum
1355 289 1448 308 meam
1463 280 1584 317 procis,
1600 281 1722 309 dicens:

1032 316 1090 351 Ego
1104 316 1251 344 Dominus
1264 318 1338 344 Deus
1350 319 1462 345 vester:

1032 353 1063 379 In
1081 352 1126 379 die
1142 352 1192 379 illa
1207 352 1299 379 levavi
1316 361 1437 380 manum
1454 361 1547 380 meam
1567 361 1617 387 pro
1633 352 1686 385 eis,

1067 390 1099 415 ut
1122 388 1274 415 educerem
1301 396 1350 415 eos
1375 389 1410 416 de
1431 391 1509 416 terra
1532 388 1645 424 [Egypti
1676 388 1704 414 in
1733 389 1857 424 terram,

1102 431 1190 459 quam
1204 424 1386 459 provideram
1402 424 1455 458 eis,
1468 422 1611 451 ﬂuentem
1623 424 1696 451 lacte
1710 427 1737 450 et
1753 422 1856 451 melle:

1065 467 1128 495 quas
1144 462 1189 487 est
1203 459 1319 495 egregia
1331 459 1408 487 inter
1423 467 1525 487 omnes
1541 462 1644 487 terras.

1029 495 1063 522 Et
1078 495 1135 522 dixi
1152 495 1187 523 ad
1200 503 1271 523 eos:

1028 530 1238 567 Unusquisque
1255 531 1427 559 offensiones
1437 530 1586 558 oculorum
1596 538 1715 558 suorum
1725 530 1854 565 abjiciat,

1063 568 1091 594 et
1103 568 1136 603 fin
1153 566 1239 594 iddlis
1255 568 1366 603 {Egypti
1383 567 1473 594 nolite
1490 566 1599 602 pollui:

1028 603 1086 637 Ego
1101 602 1244 630 Dominus
1255 602 1332 630 Deus
1344 605 1449 630 vester.
1471 634 1473 637 ι

1027 639 1063 666 Et
1078 638 1265 666 irritaverunt
1281 647 1336 672 me,

1064 674 1277 709 nolueruntque
1294 684 1338 701 mc
1350 674 1462 707 audire,

1062 707 1266 745 unusquisque
1275 707 1787 738 abominationesoculorumsuorum
1796 715 1853 734 non

1098 747 1231 781 proiecit,

1061 790 1113 809 nec
1131 783 1207 809 idola
1220 782 1330 817 .Egypti
1349 782 1550 817 reliquerunt:

1025 818 1060 845 Et
1079 818 1147 850 dixi,
1162 822 1193 856 ut
1210 819 1388 856 etiiundcreni
1408 817 1647 856 indignationem
1658 823 1752 856 meam
1763 822 1852 856 super

1061 862 1119 886 eos,
1137 857 1164 881 et
1179 854 1332 888 implerem
1348 854 1421 880 iram
1444 851 1539 880 meam
1568 852 1598 879 in
1624 852 1677 884 eis,
1703 851 1733 878 in
1756 851 1852 878 medio

1098 892 1179 916 terrae
1198 890 1319 926 /Egypti.

1027 925 1105 964 Ejeci
1119 934 1188 964 ergo
1204 924 1258 953 eos
1271 927 1305 952 de
1321 928 1395 952 terra
1411 924 1526 960 Egypti,
1543 961 1548 964 _
1656 958 1662 964 '

1024 957 1058 988 Et
1073 961 1124 988 feci
1143 957 1260 996 propter
1278 969 1383 988 nomen
1401 957 1508 994 meum,
1521 961 1625 996 utnon
1636 957 1794 985 violaretur
1805 965 1851 985 co-

1096 995 1157 1024 ram
1170 995 1316 1031 gentibus,
1335 998 1362 1023 in
1380 1004 1504 1031 quarum
1523 995 1619 1022 medio
1630 996 1723 1026 erant,

1059 1029 1260 1068 etinterwquas
1275 1029 1396 1068 apparui
1426 1032 1477 1065 eis,
1501 1034 1533 1059 ut
1557 1031 1711 1058 educerem
1739 1037 1788 1057 eos
1814 1029 1849 1056 de

1094 1071 1170 1095 terra
1187 1069 1309 1104 i-‘Egypti.

1058 1107 1085 1130 et
1101 1105 1186 1132 eduxi
1203 1105 1230 1131 in
1248 1105 1407 1131 desertum.

1022 1141 1054 1166 Et
1068 1140 1132 1167 dedi
1149 1140 1201 1175 eis,
1221 1142 1363 1175 praecepta
1380 1147 1455 1172 mea,

1056 1176 1204 1215 etjudicia
1222 1184 1284 1215 mea
1300 1176 1414 1203 ostendi
1425 1175 1502 1215 _eis,.
1559 1209 1563 1215 _

1067 1220 1129 1246 qua:
1147 1212 1233 1238 faciat
1249 1212 1346 1242 homo,
1363 1214 1390 1238 et
1405 1212 1481 1238 vivat
1497 1210 1525 1236 in
1540 1210 1593 1237 eis.

1022 1247 1144 1282 Insuper
1159 1250 1187 1274 et
1203 1248 1323 1274 sabbata
1338 1255 1402 1274 mea
1417 1247 1483 1274 dedi
1499 1246 1551 1278 eis,

1056 1286 1087 1309 ut
1099 1286 1176 1321 esset
1191 1283 1305 1321 signum
1319 1283 1395 1310 inter
1406 1291 1456 1321 ine
1472 1284 1499 1321 et
1514 1289 1579 1309 eos:
1644 1316 1661 1321 η

1069 1323 1096 1346 et
1112 1315 1232 1346 scirent“
1253 1318 1322 1354 quia
1337 1326 1389 1354 ego
1406 1318 1546 1354 Domitius
1560 1315 1758 1354 Asanctiﬁcans
1787 1322 1847 1342 eos.

1019 1354 1053 1381 Et
1068 1352 1318 1382 irritaverunfme
1334 1352 1439 1381 domus
1457 1352 1541 1380 Israel
1559 1352 1586 1378 in
1605 1352 1731 1383 deserto,

1055 1390 1083 1417 in
1100 1390 1252 1426 praeceptis
1265 1390 1336 1417 meis
1351 1399 1407 1417 non
1425 1388 1661 1420 ambulaverunt,

1054 1427 1203 1464 etjudiicia
1219 1434 1284 1464 mea
1301 1426 1495 1464 projecerupt,
1515 1459 1521 1464 _

1054 1460 1120 1497 qqu
1136 1463 1245 1489 faciens
1262 1460 1437 1489 hoinoi‘ivet
1453 1460 1483 1487 in
1497 1460 1558 1497 eis:

1055 1495 1082 1525 et
1099 1498 1220 1525 sabbata
1233 1506 1293 1525 mea
1311 1497 1489 1524 violaverunt
1505 1495 1692 1522 vehementer
1708 1501 1715 1520 :

130 1527 169 1555 Et
186 1528 259 1577 vidit
274 1528 458 1557 altitudinem
470 1529 596 1558 suamin
607 1529 958 1569 multitudinepalmitum
980 1543 1001 1577 ρ
1021 1533 1084 1561 Dixi
1094 1542 1174 1577 ergo,
1192 1534 1419 1577 ut_et1‘underem
1430 1533 1558 1560 furorem
1575 1537 1674 1558 meum
1691 1536 1780 1564 super
1794 1535 1844 1556 eos

209 1572 339 1592 suorum.

130 1600 167 1626 Et
184 1600 285 1639 evulsa
300 1600 385 1628 estin
400 1600 459 1639 ira,_
471 1600 499 1628 in
515 1603 683 1639 terramque
700 1603 837 1639 projects,

170 1637 200 1662 et
214 1638 317 1663 ventus
332 1645 421 1664 urens
436 1637 555 1674 siccavit
571 1637 796 1674 fructnm'ejus:

131 1673 334 1713 Harcuerunt,
351 1673 526 1713 etarefactaa
542 1675 611 1701 sunt
626 1674 711 1710 virga
729 1673 849 1705 roboris
874 1678 937 1713 ejus
951 1687 961 1707 .-

170 1707 249 1742 ignis
270 1708 396 1736 comedit
406 1716 479 1736 eam.

130 1742 263 1780 Et_nune
278 1744 493 1780 transplantata
507 1744 590 1773 estin
606 1745 765 1780 desertum,

169 1778 200 1806 in
214 1781 291 1807 terra
307 1778 387 1807 invia
402 1782 430 1807 et
443 1780 567 1808 sitienti.

130 1813 167 1840 Et
182 1823 319 1855 egressus
335 1819 379 1843 est
394 1815 471 1855 ignis
491 1816 526 1843 de
542 1816 623 1855 virga
639 1826 788 1847 ramorum
805 1819 881 1855 ejus,

170 1851 220 1886 qui
239 1851 365 1879 fructum
377 1852 442 1886 ejus
458 1851 605 1880 comedit}

131 1885 169 1913 Et
185 1895 243 1914 non
260 1887 313 1914 fuit
329 1887 357 1914 in
371 1885 404 1914 ea
421 1888 500 1923 virga
515 1887 612 1921 fortis,

170 1925 322 1958 sceptrum
340 1923 566 1951 dominantium.
584 1924 603 1951 ³.

131 1957 275 1986 Planctus
292 1961 347 1991 est,

170 1997 197 2022 et
213 1995 268 2022 erit
283 1995 311 2022 in
325 1994 485 2022 nlanctum.

170 2004 197 2022 ει
213 2004 268 2022 erit
284 2004 311 2022 In
345 2004 485 2022 :anctum.

131 2030 212 2071 (ϐαρἶ
230 2004 353 2072 milia
369 2031 477 2072 factum
488 2031 568 2059 estin
576 2039 653 2059 anno
662 2032 835 2067 septimo,in
844 2035 958 2072 quinto,

205 2066 234 2093 in
251 2067 366 2094 decima
379 2067 507 2095 mensis:

168 2105 310 2143 venerunt
324 2102 375 2143 viri
393 2103 428 2130 de
444 2103 610 2131 senioribus
626 2103 725 2138 Israel,
741 2106 773 2132 ut
794 2104 957 2143 interroga-

205 2140 269 2165 rent
283 2138 451 2172 Dominum,

169 2175 198 2200 et
213 2174 352 2202 sederunt
366 2182 463 2202 coram
480 2182 524 2201 me
537 2182 543 2201 τ

131 2208 281 2261 lililwtll'q‘ctus
296 2212 340 2251 est
356 2218 451 2238 sermo
467 2209 584 2238 Domini
601 2211 637 2238 ad
653 2219 708 2244 me,
725 2211 844 2240 dicens:
946 2231 949 2233 -
971 2230 996 2261 D

129 2244 185 2272 Fili
203 2245 341 2279 hominis,

168 2281 288 2319 loquere
303 2281 473 2319 senioribus
485 2281 586 2317 Israel,
602 2284 631 2309 et
646 2281 776 2319 dicesfad
793 2292 860 2311 eos:

132 2317 198 2345 Haec
213 2317 284 2345 dicit
299 2317 441 2345 Dominus
457 2317 550 2345 Deus:

127 2352 206 2380 Num
221 2353 255 2380 ad
273 2353 514 2388 interrogandum
528 2361 574 2380 me
589 2361 639 2381 vos
655 2353 776 2382 venistis
790 2355 801 2382 Ρ

127 2388 269 2452 νίνοὸεεο
282 2389 349 2424 quia
368 2397 425 2416 non
442 2389 624 2424 respondebo
638 2390 730 2424 vobis,
747 2390 788 2417 ait
811 2391 955 2420 Dominus

229 2433 292 2452 eus.

229 2433 292 2452 eus.

129 2460 157 2487 Si
171 2460 289 2495 judicas
304 2468 366 2494 eos,
383 2460 550 2495 sijudicas,
575 2459 615 2487 fili
630 2460 771 2494 hominis,

167 2496 402 2533 abominationes
418 2498 536 2532 patrum
551 2504 652 2524 eorum
675 2497 728 2532 (Al.
752 2497 886 2533 suorum)
909 2506 955 2526 os-

202 2532 287 2559 tende
300 2531 352 2559 eis.

131 2566 167 2593 Et
180 2567 259 2595 dices
273 2568 308 2595 ad
320 2575 369 2594 eos
382 2575 388 2593 ε

132 2602 196 2630 Haec
211 2603 282 2631 dicit
298 2602 439 2630 Dominus
455 2602 552 2630 Deus:

168 2710 176 2726 ¹
196 2708 466 2746 Iniexemplaribus
480 2710 617 2744 Canonis,
639 2712 670 2738 Et
685 2716 725 2742 tu,
753 2712 797 2746 ﬁli
829 2712 955 2740 homini:

152 2745 206 2771 uod
232 2745 322 2780 Syrus
342 2747 370 2772 et
394 2745 486 2772 Arabs
512 2746 647 2774 retinent.
670 2745 808 2775 Hebraeus
843 2750 952 2775 tamen.

154 2780 345 2819 ommentaria
360 2781 389 2808 S.
416 2780 595 2819 Hieronymi,
610 2786 728 2818 tresque
753 2783 955 2819 antiquissimi

134 2823 204 2855 mss.
220 2816 335 2855 codices
351 2824 500 2855 sacrorum
522 2816 696 2855 Bibliorum',
723 2818 795 2846 nihil
825 2816 954 2855 amplius

134 2850 234 2914 ιθιῖὶωι
259 2853 361 2888 praeter
388 2852 428 2886 id,
454 2853 559 2888 quode
575 2854 659 2881 nobis
689 2855 818 2890 positum
834 2850 952 2891 legitur.

194 2896 258 2914 ΑΜ.

194 2896 258 2915 ΛΒΤ.

1093 1571 1123 1597 in
1140 1570 1265 1603 deserto,

1055 1608 1083 1643 et
1098 1614 1302 1634 consumerem
1318 1613 1378 1639 eos,
1586 1638 1591 1643 .

1019 1641 1052 1669 Et
1066 1642 1120 1669 feci
1136 1644 1254 1677 propter
1268 1637 1375 1669 nomen
1389 1647 1498 1675 meum,
1515 1647 1551 1666 ne
1566 1637 1725 1666 violaretur
1744 1643 1843 1664 coram

1088 1677 1251 1716 gen_t_ibus._
1291 1712 1296 1716 _
1377 1711 1382 1716 .

1052 1712 1213 1749 deﬁquibus
1228 1712 1298 1748 ejcci
1312 1720 1360 1740 eos
1375 1712 1404 1738 in
1421 1712 1578 1747 conspectu
1596 1716 1708 1749 earum.

1015 1749 1074 1786 Ego
1085 1743 1280 1786 igiturlevavi
1290 1756 1410 1786 manum
1419 1743 1512 1786 meam
1522 1753 1610 1782 super
1618 1744 1705 1785 eosin
1716 1743 1843 1786 deserto,

1088 1781 1123 1813 lie
1137 1785 1305 1813 inducerem
1324 1784 1376 1819 (Al.
1410 1781 1574 1814 educerem)
1596 1789 1644 1808 eos
1668 1781 1696 1819 in
1721 1781 1843 1814 terram,

1086 1829 1175 1856 quam
1192 1821 1258 1848 dedi
1270 1815 1331 1854 eis,‘
1342 1820 1484 1856 ﬂuentem
1498 1819 1572 1846 lacte
1588 1818 1617 1844 et
1628 1815 1726 1849 melle,

1051 1855 1228 1890 praecipuam
1246 1858 1390 1884 terrarum
1407 1855 1560 1882 omnium:

1015 1891 1087 1924 Quia
1100 1892 1211 1925 judicia
1228 1900 1291 1918 mea
1308 1891 1505 1926 projecerunt,

1048 1924 1114 1954 etin
1134 1927 1284 1962 praeceptis
1302 1924 1375 1953 meis
1390 1934 1448 1952 non
1464 1924 1701 1954 ambulaverunt,

1048 1965 1077 1990 et
1090 1964 1211 1990 sabbata
1228 1971 1292 1989 mea
1307 1962 1509 1989 violaverunt:

1048 2001 1114 2034 post
1130 1999 1206 2026 idola
1221 1998 1299 2035 enim
1315 2006 1365 2025 cor
1381 2005 1480 2024 eorum
1498 1995 1697 2035 gradiebantur.

1013 2029 1177 2070 Et-pepecit
1202 2034 1305 2062 oculus
1321 2041 1403 2061 meus
1416 2029 1579 2069 superweos,
1596 2033 1629 2058 ut
1645 2029 1838 2057 interﬁcerem

1048 2078 1097 2098 EOS

1047 2091 1350 2144 nec’consumpsi_eos
1367 2104 1395 2131 in
1409 2104 1566 2144 desertum
1602 2137 1621 2144 υ

1010 2141 1075 2169 Dixi
1090 2144 1188 2169 autem
1201 2141 1236 2178 ad
1244 2138 1330 2168 'filios
1346 2148 1447 2168 eorum
1466 2140 1492 2166 in
1503 2138 1679 2178 solitudine:
1695 2172 1701 2177 .

1047 2178 1076 2204 In
1095 2177 1245 2212 praeceptis
1262 2178 1375 2212 patrum
1402 2178 1563 2212 vestrorum
1589 2173 1679 2201 nolite
1694 2173 1837 2206 incedere,

1047 2211 1102 2240 nec
1110 2211 1225 2251 judicia
1237 2211 1337 2240 eorum
1354 2211 1547 2251 custodiatis,‘

1047 2257 1100 2276 nec
1110 2246 1144 2276 in
1157 2248 1242 2276 idolis
1260 2256 1360 2275 eorum
1377 2246 1559 2282 polluamini.

1011 2284 1070 2320 Ego
1086 2284 1228 2312 Dominus
1244 2284 1321 2311 Deus
1337 2285 1448 2320 vester;

1046 2320 1076 2359 in
1089 2320 1245 2359 praeceptis
1261 2319 1334 2359 meis
1344 2318 1505 2359 ambulate,

1043 2353 1157 2391 judicia
1173 2353 1238 2384 mea
1251 2355 1397 2383 custodite
1412 2356 1440 2382 et
1452 2353 1537 2381 facite
1553 2361 1603 2381 ea:

1012 2391 1045 2418 Et
1061 2391 1185 2419 sabbata
1201 2400 1265 2419 mea
1281 2391 1471 2423 sanctificate,

1048 2429 1080 2453 ut
1096 2427 1134 2454 sit
1149 2427 1265 2462 signum
1282 2427 1359 2454 inter
1375 2434 1421 2454 me
1437 2427 1464 2463 et
1480 2433 1542 2457 vos,
1695 2461 1708 2463 _
1769 2458 1774 2463 _

1046 2465 1074 2490 et
1086 2460 1385 2498 sciatis(Al.sciatur)
1415 2460 1485 2497 quia
1509 2468 1562 2496 ego
1591 2468 1657 2487 sum
1694 2460 1834 2486 Dominus

1082 2501 1156 2526 Deus
1169 2500 1272 2526 vester.

1009 2534 1043 2560 Et
1058 2534 1303 2561 exacerbaverunt
1320 2541 1364 2561 me
1380 2532 1443 2565 ﬁlii,

1045 2569 1074 2596 in
1091 2570 1242 2606 praeceptis
1258 2568 1330 2597 meis
1347 2577 1404 2595 non
1420 2567 1653 2606 ambulaverunt,

1045 2607 1074 2632 et
1084 2602 1197 2640 judicia
1213 2613 1278 2632 mea
1289 2613 1345 2632 non
1362 2603 1566 2631 custodierunt
1578 2604 1609 2629 ut
1625 2602 1754 2629 facerent
1778 2606 1811 2628 ea
1826 2608 1833 2627 :

1044 2713 1055 2730 ²
1078 2712 1199 2740 Palatin.
1226 2720 1280 2739 ms.
1307 2711 1415 2747 aliique
1440 2719 1528 2747 penes
1549 2709 1684 2747 Martian.
1709 2709 1830 2737 Hebraeo

1010 2748 1151 2784 pressius,
1168 2750 1199 2775 In
1214 2756 1325 2776 caveam
1334 2746 1490 2780 iurulentis,
1507 2748 1532 2775 et
1557 2746 1736 2774 adduxerunt
1759 2752 1832 2781 eum,

1038 2793 1062 2811 c.

1008 2787 1054 2837 et’
1068 2819 1167 2846 Canon
1184 2818 1468 2847 San-Germanensis
1484 2820 1511 2845 et
1522 2827 1577 2846 ma.
1590 2817 1756 2845 Corbiensis
1771 2816 1831 2852 pri-

1009 2863 1057 2883 ma
1072 2863 1173 2889 manu,
1188 2856 1220 2883 1n
1234 2857 1371 2891 sceptrum
1381 2855 1593 2882 dominantium.
1610 2853 1703 2881 MART.
