4028 6178
441 183 596 236 ’1023
1496 191 1554 242 s.
1597 190 2002 244 manerem
2040 189 2294 242 omna
2331 189 2822 244 BIBLIOTHECA.
3105 169 3112 172 ’
3684 196 3788 250 102i

524 327 649 381 quae
675 327 805 366 cum
839 310 1038 366 fecerit
1067 310 1259 377 homo,
1293 313 1444 369 vivet
1473 313 1529 368 in
1563 313 1647 370 eis
1679 330 1693 369 :

524 388 580 438 et
610 383 1006 449 sabbatajmea
1025 383 1384 439 violaverunt
1409 403 1422 440 :

452 456 518 508 Et
544 455 934 510 comminatus
965 471 1097 510 sum
1127 461 1190 510 ut
1217 456 1575 513 effunderem
1609 458 1862 514 furorem
1896 473 2094 514 meum

597 543 773 582 SUDCI‘
799 543 896 582 COS

597 543 661 581 su
713 544 773 581 er
799 543 896 582 eos

523 602 580 652 et
608 543 920 668 impplcrem’
945 599 1090 653 iram
1125 615 1313 654 meam
1348 599 1406 654 in
1441 599 1525 657 cis
1558 600 1616 655 in
1648 601 1898 658 deserto.

448 669 642 723 Averti
665 675 855 724 autem
892 687 1134 726 manum
1169 687 1383 741 meam,

523 747 578 796 et
609 741 716 796 feci
751 747 986 813 propter
1017 759 1227 798 nomen
1256 759 1475 811 meum,
1509 747 1571 798 ut
1611 761 1724 800 non
1783 743 2098 802 violaretur

590 829 783 868 coram
819 815 1117 884 gentibus,

518 884 588 938 de
616 884 828 954 quibus
861 886 1001 956 ejeci
1034 902 1131 940 eos
1166 885 1223 940 in
1256 885 1442 941 oculis
1466 901 1690 942 earum.

449 953 661 1010 Iterum
686 956 867 1011 levavi
892 953 1139 1011 manum
1173 974 1356 1012 meam
1388 957 1446 1011 in
1472 974 1569 1013 eos
1594 959 1649 1012 in
1687 958 2022 1026 solitudine,

517 1033 583 1081 ut
613 1028 1007 1100 dispergerem
1032 1028 1164 1083 illos
1196 1029 1253 1083 in
1290 1028 1652 1095 nationes,et
1672 1031 2010 1086 ventilarcm
2037 1030 2095 1085 in

592 1103 816 1154 terras:

452 1169 525 1225 Eo
559 1172 714 1242 quod
739 1171 968 1241 judicia
998 1187 1128 1226 mea
1157 1187 1272 1226 non
1303 1172 1597 1242 fecissent,

520 1248 575 1296 ct
607 1249 891 1314 przecepta
909 1259 1037 1298 mea
1059 1243 1488 1313 reprobassent,

519 1317 575 1368 et
605 1314 834 1369 sablata
856 1331 984 1370 mea
1015 1315 1352 1380 violassent,

519 1390 576 1439 et
604 1391 737 1456 post
768 1386 923 1441 idola
939 1393 1166 1457 patrum
1185 1403 1422 1441 suorum
1442 1387 2094 1445 t'uissentoculieorum.

444 1459 590 1528 Ergo
625 1462 682 1511 et
713 1473 817 1527 ego
850 1458 982 1512 dedi
1015 1458 1100 1513 eis
1128 1464 1415 1528 przecepta
1447 1475 1562 1512 non
1597 1460 1773 1528 bona,

588 1533 649 1600 et
666 1529 894 1597 judicia
917 1529 973 1584 in
999 1529 1217 1600 quibus
1242 1547 1354 1584 non
1388 1530 1598 1584 vivent.

440 1603 513 1655 Et
544 1599 723 1670 pollui
755 1617 853 1655 eos
885 1601 943 1655 in
972 1599 1321 1656 muneribus
1355 1602 1504 1656 suis.

515 1688 648 1756 cum
684 1672 960 1728 offerrent
989 1689 1160 1728 omne
1189 1673 1343 1743 quod
1377 1672 1562 1744 aperit
1583 1673 1836 1742 vulvam,
1862 1679 2097 1746 propter
2127 1691 2172 1756 Β

443 1742 657 1798 delicta
686 1761 794 1799 sua
826 1761 838 1798 :

513 1819 568 1870 et
593 1815 932 1885 scientquia
961 1832 1064 1887 ego
1094 1816 1396 1872 Dominus.

440 1887 831 1951 Quamobrem
862 1886 1099 1959 loquere
1117 1889 1186 1943 ad
1203 1889 1442 1944 domum
1465 1886 1661 1957 Israel,
1693 1887 1773 1942 fili
1806 1886 2087 1957 hominis,

581 1963 638 2014 et
668 1960 826 2015 dices
857 1960 926 2014 ad
961 1975 1093 2015 eos:

439 2029 570 2084 Haec
601 2029 741 2086 dicit
773 2031 1056 2086 Dominus
1093 2033 1278 2086 Deus:

438 2101 644 2156 Adhuc
675 2107 732 2156 et
756 2102 813 2155 in
839 2102 946 2156 hoc
981 2102 1464 2174 blasphemaveru
1477 2105 1538 2155 nt
1560 2117 1651 2156 me
1675 2106 1864 2173 patres
1885 2103 2084 2169 vestri,

506 2189 640 2228 cum
673 2175 1033 2244 sprevissent
1066 2190 1159 2228 me
1191 2177 1674 2228 contemnentes:

437 2248 506 2298 Et
534 2244 900 2300 induxissem
932 2261 1029 2300 eos
1062 2245 1121 2298 in
1163 2248 1399 2311 terram,
1453 2259 1628 2316 super
1669 2259 1842 2313 quam
1904 2244 2086 2300 levavi

583 2332 823 2371 manum
859 2332 1072 2385 meam,
1105 2319 1170 2370 ut
1193 2316 1391 2370 darem
1417 2316 1574 2371 illam
1607 2315 1709 2371 eis.

435 2385 722 2442 Viderunt
751 2403 982 2442 omnem
1016 2386 1221 2442 collem
1247 2386 1560 2455 excelsum,
1591 2392 1647 2442 et
1669 2402 1838 2442 omne
1860 2386 2085 2459 lignum

602 2475 999 2528 nemorosum,

507 2534 565 2584 et
595 2531 1052 2585 immolaverunt
1082 2529 1161 2585 ibi
1194 2528 1463 2584 victimas
1496 2546 1634 2584 suas
1663 2546 1676 2596 ;

507 2605 566 2656 et
595 2602 883 2657 dederunt
913 2602 991 2656 ibi
1023 2600 1410 2656 irritationem
1444 2601 1756 2656 oblationis
1789 2618 1930 2667 suae,

505 2678 562 2728 et
595 2678 916 2729 posuerunt
967 2673 1046 2728 ibi
1078 2673 1314 2728 odorem
1337 2674 1647 2728 suavitatis
1678 2689 1815 2729 suae.

511 2749 568 2800 et
595 2743 927 2801 libaverant
948 2745 1051 2816 (At.
1075 2744 1198 2799 add.
1232 2744 1336 2815 ibi)
1367 2743 1678 2800 libationes
1710 2761 1869 2800 suas.

436 2820 510 2871 Et
541 2816 656 2872 dixi
683 2819 754 2872 ad
789 2833 887 2872 eos
924 2834 936 2872 :

437 2889 584 2953 Quid
618 2896 706 2944 est
735 2889 1053 2953 excelsum,
1086 2888 1156 2941 ad
1188 2887 1341 2958 quod
1375 2904 1476 2942 vos
1506 2886 1938 2957 ingredimini?

509 2965 566 3014 et
589 2966 856 3016 vocatum
877 2966 966 3016 est
989 2975 1199 3015 nomen
1233 2959 1360 3030 ejus
1396 2959 1756 3026 :Excelsum,
1789 2973 1979 3028 usque
2009 2960 2082 3015 ad

506 3031 658 3087 hanc
689 3033 863 3087 diem.

442 3108 751 3174 Propterea
783 3104 875 3157 dic
917 3103 994 3174 ad
1031 3104 1266 3156 domum
1300 3100 1513 3157 Israel:

435 3173 567 3228 Haec
590 3175 733 3230 dicit
765 3173 1046 3230 Dominus
1077 3177 1262 3228 Deus:

504 3245 670 3301 Certe
703 3247 804 3314 (Al.
840 3256 948 3301 (ac.
973 3244 1143 3314 certe)
1175 3243 1232 3298 in
1260 3242 1350 3297 via
1372 3248 1602 3314 patrum
1629 3246 1955 3298 vestrorum
1982 3261 2082 3302 vos

575 3316 926 3401 polluimini,
959 3323 1015 3372 et
1048 3321 1177 3388 post
1208 3315 1558 3370 offendicula
1587 3331 1788 3370 eorum
1821 3331 1921 3371 vos
1971 3316 2082 3372 for-

580 3406 854 3443 nicamml
886 3405 898 3442 Ξ

434 3461 504 3513 Et
532 3459 588 3514 in
622 3459 913 3514 oblatione
935 3460 1222 3513 donorum
1255 3461 1602 3528 vestrorum,

504 3547 639 3586 cum
672 3529 1056 3587 transducitis
1093 3529 1241 3584 filios
1269 3534 1625 3600 vestrosper
1655 3529 1874 3600 ignem,

505 3619 608 3659 vos
636 3602 965 3672 polluimini
1001 3603 1057 3658 in
1090 3599 1364 3656 omnibus
1399 3599 1575 3655 idolis
1619 3599 1829 3656 vestris
1896 3616 2082 3672 usque

433 3748 497 3800 Et
528 3675 1020 3819 eghoogegpondebo
1053 3743 1234 3819 vobis,
1269 3743 1480 3819 domus
1512 3741 1738 3819 Israel?

507 3815 647 3873 Vivo
679 3815 806 3889 ege,
830 3817 975 3872 dicit
997 3815 1275 3872 Dominus
1319 3815 1496 3886 Deus,
1518 3815 1657 3888 quia
1687 3831 1802 3870 non
1837 3831 2079 3886 respon-

579 3887 739 3945 debo
758 3889 943 3946 vobis.

431 3959 634 4031 Neque
665 3961 938 4033 cogitatio
971 3959 1183 4015 mentis
1206 3962 1406 4033 vestras
1443 3958 1556 4025 liet,
1582 3957 1935 4033 dicentium:

506 4028 929 4089 E‘rimus‘sicut
956 4036 1179 4103 gentes,
1221 4035 1279 4103 et
1310 4030 1463 4103 sicut
1494 4028 1870 4101 cognationes
1897 4035 2080 4100 terra},

577 4110 642 4160 ut
671 4105 931 4160 colamus
961 4101 1120 4173 ligna
1151 4106 1206 4156 et
1235 4101 1478 4172 lapides.

437 4175 572 4231 Vivo
603 4193 727 4247 ego,
764 4177 904 4231 dicit
940 4175 1424 4247 DominUsDeus.

507 4242 783 4318 quoniam
812 4248 866 4302 in
902 4263 1076 4301 manu
1112 4245 1265 4318 forti,
1299 4249 1354 4298 et
1378 4242 1607 4298 brachio
1641 4246 1888 4310 extento,
1939 4247 1995 4298 et
2023 4243 2083 4298 in

585 4320 773 4375 furore
795 4320 979 4374 effuso
1013 4316 1263 4388 regnabo
1286 4332 1457 4386 super
1482 4331 1603 4369 vos.

437 4389 504 4443 Et
533 4391 775 4445 educam
811 4408 908 4446 vos
941 4391 1010 4444 de
1044 4387 1310 4459 pepulis:

511 4439 1406 4534 etp—ong—regjabo‘vors'deiterris,
1433 4457 1498 4534 in
1543 4457 1783 4534 quibus,
1831 4457 2080 4534 dispersi
2114 4439 2159 4503 Π

580 4528 760 4589 θεῐὶἔε
797 4528 851 4588 in
889 4549 1060 4587 manu
1086 4531 1297 4596 valida,
1329 4533 1386 4584 et
1431 4529 1488 4583 in
1541 4528 1780 4583 brachio
1829 4533 2081 4592 extento,

579 4610 634 4659 et
664 4605 720 4659 in
757 4606 951 4660 furore
982 4604 1164 4658 effuso
1197 4601 1450 4672 regnabo
1483 4617 1660 4671 super
1690 4617 1811 4656 vos.

436 4675 811 4731 Etadducam
845 4692 946 4730 vos
975 4675 1031 4728 in
1065 4675 1360 4729 desertum
1396 4672 1768 4743 populorum,

507 4748 890 4816 etjudicabor
921 4745 1221 4801 vobiscum
1242 4744 1332 4816 ibi
1357 4744 1501 4798 facie
1524 4743 1593 4796 ad
1629 4743 1856 4797 faciem.

436 4815 842 4890 Sicutjudicio
875 4817 1145 4873 contendi
1187 4815 1494 4890 adversum
1547 4819 1740 4884 patres
1769 4819 1996 4870 vestros
2021 4817 2077 4870 in

578 4887 806 4946 deserto
839 4896 1006 4945 terrae
1039 4887 1289 4958 IEgypti,

507 4961 555 5017 si
581 4963 857 5033 judicabo
879 4978 1004 5026 vos,
1036 4956 1490 5013 dicit—Dominus
1514 4957 1687 5012 Deus.

433 5036 500 5089 Et
531 5033 841 5104 subjiciam
873 5050 972 5088 vos
1004 5036 1232 5104 sceptro
1265 5045 1415 5104 meo,

504 5110 562 5160 et
594 5098 869 5161 inducam
902 5121 1002 5159 vos
1033 5098 1372 5158 in'vineulis
1397 5098 1649 5154 fmderis.

430 5176 498 5234 Et
525 5176 734 5244 eligam
759 5179 828 5233 de
859 5176 1020 5232 vobis
1054 5181 1518 5245 transgressores
1541 5175 1597 5224 et
1629 5171 1863 5241 impios,

501 5252 560 5303 et
592 5251 662 5305 de
691 5254 845 5304 terra
875 5246 1164 5302 incolatus
1194 5243 1394 5300 eerum
1430 5243 1675 5296 educam
1698 5258 1816 5312 eos,

501 5325 557 5374 et
586 5325 799 5376 terram
835 5319 1008 5375 Israel
1042 5334 1154 5372 non
1190 5314 1628 5384 ingredientur:

502 5395 559 5445 et
579 5392 776 5449 scietis
803 5392 942 5461 quia
974 5406 1087 5461 ego
1117 5387 1418 5442 Dominus.

431 5459 502 5514 Et
531 5479 655 5527 vos,
680 5459 892 5519 domus
917 5459 1115 5527 Israel,

431 5529 562 5585 Haec
592 5535 733 5588 dicit
761 5533 1044 5588 Dominus
1077 5535 1225 5584 Deus
1249 5547 1267 5581 :

432 5599 652 5673 S_inguli
689 5611 817 5673 post
848 5603 1003 5658 idola
1031 5606 1222 5657 vestra
1254 5597 1568 5673 ambulate,
1602 5602 1658 5652 et
1695 5598 1907 5652 servite
1966 5597 2069 5654 eis.

437 5670 598 5730 Quod
631 5673 673 5725 si
691 5669 763 5726 'et
791 5673 849 5726 in
873 5675 980 5728 hoc
1011 5689 1126 5728 non
1159 5669 1464 5724 audieritis
1499 5685 1608 5734 me,

508 5745 565 5792 et
596 5756 803 5795 nomen
837 5761 1032 5799 meum
1055 5746 1326 5798 sanctum
1352 5739 1678 5810 pollueritis
1699 5738 1921 5795 ultrain
1944 5756 2070 5795 mu-

2122 317 2173 382 A

2383 315 2622 370 neribus
2652 314 2883 384 vestris,
2916 318 2972 370 et
3006 315 3061 370 in
3096 314 3268 370 idolis
3298 317 3535 372 vestris:

2207 385 2267 439 In
2303 390 2498 441 monte
2528 392 2730 442 sancto
2771 403 2920 456 meo,
2953 387 3012 442 in
3046 392 3238 442 monte
3269 388 3486 443 excelso
3534 390 3705 458 Israel,
3745 400 3786 449 et

2347 458 2431 512 ait
2462 458 2744 513 Dominus
2781 464 2950 526 Deus,

2277 527 2356 582 ibi
2390 530 2600 584 serviet
2634 530 2773 584 mihi
2799 531 2990 586 omnis
3024 531 3236 585 domus
3267 530 3478 597 Israel;

2206 598 2443 674 Omnes,
2476 601 2740 672 inquam,
2772 601 2831 656 in
2859 607 3033 669 terra,
3069 602 3128 656 in
3151 619 3266 673 qua
3313 601 3612 674 placebunt
3662 605 3791 660 mihi.

2277 676 2334 727 et
2363 672 2443 745 ibi
2477 689 2732 743 quaeram
2766 674 3057 745 primitias
3088 672 3330 743 vestras,
3365 680 3422 730 et
3455 675 3668 729 initium
3715 678 3790 732 de-

2347 743 2636 799 cimarum
2663 743 2986 801 vestrarum
3019 745 3078 800 in
3110 745 3381 801 omnibus
3439 747 3789 802 sanctificatio-

2348 816 2525 872 nibus
2554 816 2785 871 vestris.

2211 887 2272 940 In
2305 887 2539 942 odorem
2574 888 2886 943 suavitatis
2911 887 3230 959 suscipiam
3263 905 3386 956 vos,

2279 974 2412 1031 cum
2445 961 2696 1014 eduxere
2727 977 2828 1016 vos
2860 961 2930 1016 de
2955 959 3207 1031 populis,
3240 965 3295 1015 et
3311 975 3702 1031 congregarere
3719 978 3793 1017 vos

2279 1030 2350 1084 de
2375 1031 2545 1103 terris
2573 1032 2635 1103 in
2669 1047 2815 1102 quas
2848 1030 3110 1103 dispersi
3129 1032 3297 1098 estis,

2279 1105 2336 1156 et
2366 1101 2794 1173 sanctiﬁcabor,
2828 1103 2886 1158 in
2918 1101 3080 1158 vobis
3101 1102 3160 1157 in
3193 1101 3380 1158 oculis
3411 1101 3708 1158 nationum.

2207 1174 2276 1228 Et
2301 1173 2501 1245 scietis
2531 1174 2668 1245 quia
2685 1190 2791 1245 ego
2822 1175 3130 1240 Dominus,

2279 1261 2413 1300 cum
2445 1243 2851 1301 induxero'vos
2873 1247 2944 1300 ad
2968 1251 3180 1302 terram
3217 1243 3415 1313 Israel,

2206 1315 2267 1370 in
2299 1323 2514 1371 terram
2539 1334 2641 1388 pro
2675 1318 2987 1388 qualevavi
3020 1333 3260 1372 manum
3307 1332 3516 1384 meam,
3553 1320 3611 1370 ut
3637 1317 3793 1370 darem

2279 1404 2406 1442 eam
2440 1389 2702 1458 patribus
2734 1391 2958 1444 vestris.

2208 1461 2275 1514 Et
2307 1460 2758 1515 recordabimini
2791 1461 2869 1515 ibi
2900 1461 3124 1515 viarum
3140 1461 3492 1526 vestrarum,
3513 1459 3791 1512 etomnium

2351 1530 2634 1587 scelerum
2669 1537 3016 1600 vestrorum,
3055 1531 3274 1602 quibus
3330 1528 3531 1602 polluti
3584 1532 3705 1584 estis
3749 1531 3788 1583 in

2279 1602 2392 1656 eis:
2428 1607 2483 1658 et
2515 1602 2898 1672 displecibitis
2927 1601 3091 1659 vobis
3122 1604 3180 1656 in
3214 1608 3526 1672 conspectu
3553 1606 3717 1656 vestro
3749 1602 3789 1655 in

2350 1673 2624 1730 omnibus
2657 1674 2900 1730 malitiis
2931 1674 3164 1745 vestris,
3197 1690 3349 1746 quas
3383 1672 3611 1728 fecistis.

2201 1747 2269 1801 Et
2290 1746 2486 1800 scietis
2521 1747 2659 1818 quia
2690 1763 2795 1818 ego
2827 1746 3134 1812 Dominus,

2271 1833 2404 1872 cum
2435 1817 2773 1873 benefeeer’o
2807 1818 2970 1873 vobis
2993 1821 3230 1889 propter
3262 1832 3471 1889 nomen
3495 1830 3684 1882 meum,

2270 1893 2326 1944 et
2358 1905 2471 1944 non
2493 1889 2822 1945 secundum
2853 1891 2976 1946 vias
2993 1887 3230 1945 vestras
3265 1887 3469 1952 malas,

2269 1977 2459 2032 neque
2489 1962 2815 2016 secundum
2848 1960 3070 2017 scelera
3097 1966 3298 2016 vestra
3329 1958 3593 2031 pessima,
3621 1957 3784 2012 domus

2342 2032 2540 2099 Israel,
2575 2033 2657 2088 ait
2688 2032 2965 2088 Dominus
2995 2037 3166 2087 Deus.

2198 2105 2268 2159 Et
2299 2105 2485 2159 factus
2516 2109 2602 2159 est
2633 2121 2825 2160 sermo
2854 2104 3080 2160 Domini
3113 2105 3183 2159 ad
3217 2119 3336 2169 me,
3369 2101 3561 2156 dicens
3590 2116 3604 2156 :

2200 2175 2311 2231 Fili
2363 2175 2640 2245 hominis,

2271 2263 2418 2319 pone
2448 2240 2656 2303 faciem
2676 2253 2834 2303 tuam
2859 2251 3061 2303 contra
3085 2245 3240 2300 viam
3266 2244 3491 2312 Austri,
3521 2247 3574 2299 et
3591 2241 3722 2298 stilla
3737 2240 3788 2296 ad

2339 2319 2624 2385 Africum,

2268 2390 2743 2462 etprophetaad
2775 2388 2992 2462 saltum
3017 2388 3141 2460 agri
3174 2387 3504 2444 meridiani.

2199 2460 2268 2515 Et
2297 2460 2453 2516 dices
2486 2461 2660 2518 saltui
2695 2461 3018 2516 meridiano
3053 2477 3067 2516 :

2199 2533 2350 2587 Audi
2374 2534 2615 2589 verbum
2652 2533 2882 2588 Domini
2913 2550 2926 2587 :

2199 2603 2327 2658 Haec
2359 2604 2500 2660 dicit
2533 2604 2815 2660 Dominus
2843 2609 3002 2660 Deus
3037 2620 3050 2660 :

2196 2675 2340 2731 Ecce
2372 2691 2477 2746 ego
2508 2676 2862 2731 succendam
2893 2677 2950 2729 in
2977 2681 3032 2730 te
3061 2673 3284 2746 ignem,

2266 2752 2324 2802 et
2353 2742 2691 2804 comburam
2714 2747 2773 2802 in
2805 2753 2862 2802 te
2893 2761 3066 2802 omne
3095 2744 3328 2816 lignum
3358 2742 3554 2812 viride,
3585 2745 3634 2796 et
3654 2755 3784 2794 omne

2338 2817 2561 2889 lignum
2596 2819 2850 2874 aridum.

2195 2890 2318 2945 Non
2341 2886 2750 2963 eistinguetur
2775 2890 3015 2944 ﬂamma
3044 2886 3493 2963 succensionis:

2267 2967 2322 3018 et
2343 2959 2720 3018 combu'retur
2741 2962 2798 3016 in
2822 2977 2889 3016 ea
2909 2960 3101 3017 omnis
3126 2959 3307 3015 facies
3330 2959 3402 3014 ab
3427 2959 3617 3011 Austro
3638 2968 3779 3023 usque

2340 3035 2412 3088 ad
2442 3034 2813 3105 Aquilonem.

2340 3071 2412 3088 ..υ
2442 3071 2485 3088 ι.
2538 3071 2813 3090 uncum...

2115 3071 2158 3138 δ
2202 3105 2264 3160 Et
2291 3071 2958 3174 videbitiuniversacaro,
2976 3103 3116 3175 quia
3137 3119 3246 3175 ego
3272 3099 3546 3158 Dominus
3563 3093 3778 3154 succendi

2339 3193 2492 3240 eam.

2264 3263 2368 3320 nec
2399 3249 2838 3320 exstinguetur.

2195 3320 2265 3374 Et
2297 3318 2453 3374 dixi:

2263 3394 2308 3445 A
2338 3409 2368 3445 a
2401 3408 2453 3456 a,
2488 3391 2732 3446 Domine
2766 3389 2924 3444 Deus

2194 3463 2323 3526 Ipse
2355 3463 2559 3518 dicunt
2589 3463 2659 3518 de
2691 3476 2819 3516 me:

2191 3533 2470 3606 Nunquid
2486 3551 2603 3606 non
2640 3550 2743 3606 per
2776 3529 3082 3604 parabolas
3116 3526 3563 3606 loquituriste‘l

2192 3598 2358 3676 (Capf
2380 3604 2546 3666 XXI.)
2581 3598 2867 3661 Effectus
2897 3607 2988 3658 est
3009 3598 3213 3658 sermo
3241 3600 3467 3658 Domini
3495 3598 3561 3654 ad
3591 3610 3685 3660 me,

2332 3677 2532 3732 dicens
2559 3692 2572 3730 :

2197 3747 2302 3802 Fili
2329 3747 2606 3804 hominis,

2261 3835 2410 3890 pone
2429 3819 2634 3874 faciem
2665 3822 2824 3873 tuam
2857 3817 2930 3873 ad
2961 3815 3310 3883 Jerusalem,
3344 3819 3399 3871 et
3428 3811 3574 3870 stilla
3599 3809 3655 3864 ad
3673 3822 3772 3861 san-

2334 3891 2580 3953 ctuaria,

2263 3965 2319 4018 et
2347 3961 2630 4034 propheta
2655 3964 2858 4034 contra
2890 3959 3132 4014 humum
3169 3957 3348 4014 Israel
3381 3975 3395 4014 :

2191 4033 2259 4086 Et
2289 4035 2320 4088 d
2335 4031 2646 4088 ices'terrze
2665 4031 2836 4087 Israel
2862 4047 2874 4087 :

2195 4106 2321 4159 Haec
2352 4105 2488 4160 dicit
2523 4104 2807 4159 Dominus
2840 4107 3023 4156 Deus:

2193 4176 2336 4258 Ecca
2365 4192 2476 4258 ἡδο.
2502 4177 2573 4231 ad
2607 4181 2680 4258 te
2726 4244 2764 4258 ..
3143 4243 3158 4258 .
3317 4242 3359 4258 ,.

2264 4253 2321 4302 et
2350 4243 2580 4318 ejiciam
2612 4244 2873 4318 gladium
2906 4260 3102 4299 meum
3127 4243 3198 4318 de
3229 4243 3441 4318 vagina
3471 4255 3587 4304 sua,

2265 4324 2320 4374 et
2342 4314 2603 4374 occidam
2625 4314 2696 4371 in
2723 4320 2779 4370 te
2801 4317 3034 4389 justum
3068 4319 3124 4389 et
3153 4314 3428 4389 impium.
3535 4380 3572 4389 ι·
3670 4375 3678 4385 _

2199 4390 2301 4444 Pro
2333 4406 2398 4462 eo
2430 4395 2625 4444 autem
2653 4389 2800 4462 quod
2823 4387 3082 4462 occidisti
3101 4387 3474 4462 intejustum
3497 4385 3778 4462 etimpiuni;

2260 4441 3088 4533 idci—rceegredieturigladius
3121 4441 3286 4533 mauis
3317 4458 3387 4510 de
3416 4452 3604 4533 vagina
3623 4441 3712 4502 sua
3726 4441 3776 4495 ad

2335 4525 2569 4588 omnem
2603 4546 2834 4587 carnem
2858 4525 2937 4584 ab
2968 4533 3180 4584 Austro
3203 4529 3275 4582 ad
3320 4525 3674 4597 Aquilonem:

2262 4604 2334 4659 Ut
2358 4604 2506 4659 sciat
2535 4603 2641 4672 (At.
2676 4607 2733 4658 et
2762 4602 2926 4672 sciet)
2961 4600 3154 4655 omnis
3185 4616 3320 4672 caro
3378 4591 3509 4672 quia
3553 4607 3646 4662 ego
3695 4591 3778 4665 Dp-

2333 4665 2733 4730 minus‘eduxi
2766 4665 3026 4746 gladium
3057 4686 3247 4726 meum
3281 4671 3352 4725 de
3381 4665 3576 4738 vagina
3602 4677 3688 4716 sua
3716 4673 3774 4708 Ir-

2334 4746 2738 4801 revocabilem.

2190 4818 2260 4872 Et
2290 4821 2375 4883 tu,
2412 4818 2492 4872 fili
2524 4817 2802 4883 hominis,

2264 4889 2579 4958 ingemisce
2612 4889 2668 4943 in
2701 4886 3051 4958 contritione
3081 4883 3439 4958 lumborum.

2260 4949 2405 5016 et‘in
2437 4957 2934 5015 amaritudinibus
2965 4956 3284 5028 ingemisee
3306 4967 3492 5008 coram
3522 4949 3614 5004 eis.

2188 5034 2455 5103 Cumque
2483 5033 2755 5103 dixerunt
2780 5029 2851 5103 ad
2885 5035 2942 5084 te
2964 5046 2982 5082 :

2258 5101 2446 5175 Quare
2477 5107 2539 5158 tu
2571 5101 2807 5175 gemis?

2261 5173 2419 5229 dices
2447 5191 2460 5229 :

2261 5251 2366 5300 Pro
2402 5244 2640 5300 auditu:
2676 5242 2815 5315 quia
2836 5241 2992 5297 venit

2183 5315 2254 5370 Et
2283 5317 2541 5371 tabescet
2561 5303 2734 5371 omn'e
2751 5330 2867 5381 eor,
2897 5317 2955 5368 et
2977 5309 3371 5367 dissolventur
3399 5303 3656 5361 universae
3681 5307 3772 5350 ma-

2256 5462 2312 5514 et
2332 5405 2738 5515 Iilrliltlrmabitur
2766 5454 2962 5511 omnis
2993 5451 3256 5526 spiritus,
3288 5453 3346 5504 et
3375 5461 3474 5520 per
3501 5443 3684 5499 cuncta
3697 5447 3769 5505 ge-

2327 5547 2445 5586 nua
2476 5529 2658 5584 fluent
2688 5543 2874 5598 aquae.

2185 5573 2874 5667 acce'Ve‘iii'if‘éihEil'aTi
2893 5595 3170 5667 Dominus
3191 5591 3344 5646 Deus
3488 5595 3582 5640 (ac.
3604 5573 3764 5642 Deus).

2185 5671 2252 5724 Et
2284 5671 2466 5727 factus
2497 5660 2584 5727 est
2617 5660 2808 5726 sermc
2837 5667 3072 5725 Domini
3103 5666 3171 5720 ad
3208 5677 3322 5728 me,
3353 5660 3576 5716 dicens:

2181 5740 2286 5797 Fili
2316 5741 2595 5810 hominis,
