4028 6178
270 255 410 310 1025

341 376 642 450 propheta,
678 380 734 430 et
750 375 967 450 Adices_:

264 447 396 506 Haec
425 447 567 504 dicit
597 447 881 503 Dominus
912 447 1068 502 Deus
1106 465 1119 504 :

265 524 526 594 Loquere
561 537 574 574 :

264 588 534 661 Gladius,
565 589 797 662 gladius
827 593 1111 645 executus
1141 594 1252 656 est,
1287 593 1344 644 et
1373 588 1634 644 limatus.

339 665 410 720 Ut
441 660 624 718 credat
653 660 940 726 victimas,
973 666 1255 717 exacutus
1283 665 1370 716 est
1401 676 1414 716 :

339 743 404 792 ut
435 733 759 805 splendeat,
791 733 1036 805 limatus
1066 737 1155 788 est
1187 749 1200 788 :

265 809 376 875 Qui
406 804 602 862 moves
633 813 924 875 sceptrum
959 804 1063 858 ﬁlii
1100 805 1238 873 mei,

339 877 643 935 succidisti
675 892 848 931 omne
878 876 1129 947 lignum.

262 959 332 1008 Et
363 951 496 1005 dedi
527 964 658 1004 eum
691 949 761 1002 ad
795 947 1188 1017 levigandum,
1225 952 1289 1002 ut
1320 951 1585 1002 teneatur
1616 961 1790 1000 manu
1828 962 1840 1000 :

337 1023 450 1078 iste
479 1023 760 1075 exacutus
793 1023 882 1073 est
901 1019 1154 1090 gladius,
1190 1026 1245 1073 et
1275 1019 1386 1074 iste
1417 1019 1683 1086 limatus,

338 1101 404 1149 ut
433 1093 511 1148 sit
538 1094 599 1146 in
631 1107 809 1144 manu
843 1090 1269 1148 interficientis.

262 1167 496 1231 Clama,
532 1167 591 1218 et
620 1161 804 1225 ulula,
838 1160 920 1215 fili
955 1162 1232 1231 hominis,

337 1238 476 1310 quia
509 1234 604 1290 hic
637 1235 1027 1310 f'actus‘estuin
1062 1235 1275 1310 popqu
1309 1251 1461 1310 meo,

335 1304 433 1364 Sic
463 1307 522 1361 in
552 1305 780 1379 cunctis
811 1304 1270 1379 ducibuslsrael
1303 1307 1405 1377 qui
1439 1311 1707 1379 fugerant
1738 1325 1750 1363 :

262 1380 475 1438 Gladio
508 1377 703 1433 traditi
736 1380 874 1432 sunt
903 1392 1035 1430 cum
1067 1378 1282 1448 populo
1318 1395 1467 1445 meo,

333 1452 554 1508 idcirco
588 1449 800 1521 plaude
848 1463 1026 1518 super
1056 1451 1264 1516 femur,
1298 1450 1398 1520 qui
1436 1450 1729 1521 probatus
1779 1454 1866 1504 est
1898 1465 1911 1502 :

336 1530 399 1580 et
428 1523 557 1588 hoc,
591 1520 724 1575 cum
778 1527 1076 1590 sceptrum
1122 1520 1494 1591 subverterit,
1527 1526 1584 1576 et
1614 1538 1729 1577 non
1784 1523 1916 1588 crit,

413 1595 554 1649 dicit
578 1591 858 1647 Dominus
895 1596 1062 1646 Deus.

260 1669 350 1724 Tu
383 1682 542 1737 ergo,
580 1663 660 1718 fili
696 1663 971 1733 hominis,
1006 1661 1308 1734 prOpheta,
1344 1667 1400 1718 et
1449 1667 1686 1735 percute
1737 1680 1914 1718 manu

414 1741 484 1793 ad
511 1751 777 1802 manum,

335 1817 398 1866 et
427 1806 763 1878 duplicetur
791 1805 1044 1880 gladius,
1079 1822 1144 1862 ac
1185 1805 1511 1877 triplicetur
1559 1805 1793 1878 gladius
1825 1806 1918 1861 in—

412 1881 720 1936 terfectoru
733 1894 788 1932 m
833 1895 847 1933 :

259 1955 374 2010 Hic
406 1956 496 2007 est
524 1950 756 2022 gladius
787 1949 1096 2006 occisionis
1129 1966 1375 2022 magnae,

336 2024 445 2098 qui
477 2024 889 2098 obstupescere
919 2039 1018 2077 eos
1047 2023 1205 2091 facit,
1238 2027 1293 2077 et
1325 2022 1496 2078 corde
1529 2022 1841 2090 tabescere,
1865 2024 1921 2076 et

419 2093 773 2165 multiplicat
805 2093 1025 2149 ruinas.

268 2173 334 2225 In
393 2167 665 2222 omnibus
724 2166 1168 2235 portiseorum
1223 2167 1354 2221 dedi
1416 2168 1921 2223 conturbationem

421 2237 598 2310 gladii
632 2234 808 2310 acuti,
839 2241 896 2291 et
927 2234 1116 2293 limati
1148 2239 1219 2293 ad
1253 2239 1618 2310 fulgendum,

347 2308 552 2366 amicti
584 2309 653 2364 ad
697 2309 929 2362 czedem.

267 2385 592 2450 Exacuere,
623 2379 764 2434 vade
793 2380 862 2434 ad
896 2381 1216 2445 dexteram,
1248 2380 1364 2436 sive
1397 2381 1468 2436 ad
1500 2381 1822 2450 sinistram,

345 2467 704 2526 quocunque
724 2451 900 2526 faciei
930 2454 1043 2505 tua:
1073 2455 1161 2505 est
1191 2453 1506 2526 appetitus.

269 2522 430 2594 Quin
462 2529 520 2580 et
548 2540 652 2594 ego
685 2522 958 2594 p‘audam
993 2539 1173 2577 manu
1206 2522 1276 2578 ad
1313 2541 1580 2592 manum,

345 2603 409 2655 et
439 2594 694 2665 implebo
719 2594 1182 2664 indignationem
1217 2611 1430 2663 meam,

344 2685 457 2739 ego
492 2667 770 2722 Dominus
804 2666 1031 2721 locutus
1054 2682 1211 2739 sum.

265 2749 344 2800 Et
383 2737 570 2796 factus
601 2742 689 2793 est
719 2753 911 2792 sermo
945 2737 1172 2792 Domini
1208 2738 1278 2792 ad
1313 2753 1428 2805 me,
1463 2737 1662 2793 dicens
1697 2754 1711 2792 :

269 2817 338 2870 Et
377 2818 462 2880 tu,
483 2811 563 2865 fili
588 2808 866 2876 hominis,

343 2899 516 3008 potael
533 2881 635 2962 tibi
670 2882 815 2936 duas
845 2879 987 2948 vias,
1020 2884 1087 2934 ut
1133 2879 1330 2935 veniat
1359 2879 1590 2952 gladius
1637 2879 1786 2950 regis
1816 2884 1926 2937 Ba-

463 2972 493 3008 v
525 2969 652 3008 onis
686 2967 698 3005 :

424 2952 652 3009 bvlonis
686 2967 698 3005 :

424 2972 459 3009 ο
502 2972 652 3008 ionis
686 2972 698 3005 :

267 3035 354 3084 De
394 2972 550 3082 tegra
580 3041 696 3079 una
725 3021 1098 3096 egrediantur
1130 3023 1315 3079 ambae
1342 3039 1356 3080 :

346 3104 410 3154 et
442 3113 619 3152 manu
651 3098 842 3166 capiet
870 3096 1290 3166 conjecturam,

350 3171 413 3225 in
443 3168 629 3240 capite
659 3167 760 3222 viae
793 3166 1364 3240 civitatisconjiciet.

271 3243 450 3298 Viam
485 3236 664 3312 pones
695 3243 762 3294 ut
789 3239 980 3294 veniat
1008 3238 1241 3310 gladius
1274 3238 1344 3293 ad
1387 3236 1650 3292 Rabbath
1682 3236 1928 3294 aliorum

429 3321 705 3376 Ammon,

350 3389 410 3441 et
443 3385 512 3439 ad
547 3383 759 3438 Judam
788 3380 847 3436 in
879 3382 1000 3453 (Αἱ.
1030 3385 1087 3437 et
1116 3381 1212 3451 ad)
1243 3379 1570 3437 Jerusalem
1604 3381 1930 3438 munitissi-

430 3471 612 3510 mam.

270 3529 453 3586 Stetit
485 3526 640 3608 enim
674 3541 771 3580 rex
800 3523 1114 3608 Babylonis
1144 3524 1204 3580 in
1239 3524 1412 3590 bivio,
1449 3524 1505 3579 in
1546 3526 1737 3598 capite
1787 3526 1931 3581 dua-

425 3615 559 3654 rum
591 3596 837 3665 viarum,
869 3595 1287 3652 divinationem
1321 3613 1612 3668 quarens,

349 3668 744 3727 commiscens
776 3668 1023 3739 sagittas
1056 3684 1069 3722 :
1105 3667 1483 3738 interrogavit
1512 3667 1689 3739 idola,

347 3748 487 3798 exta
515 3739 831 3806 consuluit.

272 3816 364 3871 Ad
396 3815 692 3868 dexteram
732 3813 861 3882 ejus
894 3811 1044 3868 facta
1073 3817 1162 3868 est
1185 3812 1459 3868 divinatio
1490 3828 1669 3884 super
1691 3815 1934 3869 Jerusa-

427 3885 569 3948 lem,

354 3960 422 4010 ut
451 3958 628 4028 ponat
657 3954 890 4028 arietes,

355 4031 425 4082 ut
452 4025 676 4097 aperiat
706 4043 770 4081 os
801 4027 863 4082 in
895 4029 1071 4097 caede,

354 4103 426 4154 ut
457 4099 640 4153 elevet
668 4113 864 4153 vocem
897 4101 954 4155 in
987 4099 1237 4165 ululatu,

360 4175 427 4225 ut
457 4173 636 4242 ponat
666 4171 878 4225 arietes
909 4176 1111 4226 contra
1142 4175 1361 4242 portas,

361 4247 430 4297 ut
458 4246 782 4314 comportet
808 4257 1099 4314 aggerem,

359 4318 425 4368 ut
457 4312 699 4368 aedificet
731 4312 1108 4369 munitiones.

281 4385 528 4510 Eritque
558 4383 728 4454 quasi
759 4384 1071 4440 consulens
1102 4384 1322 4440 frustra
1365 4383 1669 4440 oraculum
1702 4385 1760 4440 in
1794 4401 1935 4441 ocu-

455 4472 508 4510 IS
537 4471 760 4510 eorum.

455 4455 508 4510 is
537 4471 760 4524 eorum,

365 4531 423 4582 et
455 4527 833 4582 sabbatorum
866 4528 1052 4580 otium
1085 4525 1327 4581 imitans
1356 4541 1370 4580 :

283 4599 422 4669 Ipse
452 4601 648 4652 autem
679 4596 1426 4723 recordabituriniguitatis
1459 4598 1529 4652 ad
1563 4597 1937 4670 capiendum.

284 4668 515 4723 Idcirco
545 4667 666 4722 haec
696 4667 838 4722 dicit
867 4667 1151 4723 Dominus
1236 4684 1340 4723 eus
1373 4684 1386 4723 :

284 4667 515 4724 Idcirco
545 4667 666 4722 haec
696 4667 838 4722 dicit
867 4667 1151 4723 Dominus
1184 4667 1340 4724 Deus
1373 4684 1386 4724 :

1392 256 1602 308 LIBER.
1641 254 2064 308 EZKCHIELIS
2102 255 2518 309 PROPHET/E.

1944 382 1996 446 Α
2027 375 2425 453 Iniquitatem,
2461 376 3228 453 iniquitatem,iniquitatem
3263 399 3472 453 ponam
3489 401 3616 440 eam
3652 401 3666 440 :

1963 4486 2012 4551 D

3533 262 3671 316 1026

2097 455 2154 503 et
2187 448 2290 526 hoc
2324 465 2438 526 non
2473 449 2690 526 factum
2723 457 2839 526 est,
2865 448 3049 526 donec
3097 448 3320 509 venir-et
3351 456 3454 526 (At.
3494 458 3589 512 fiet
3619 467 3670 513 et

2165 518 2376 589 veniat)
2408 521 2578 590 cujus
2605 521 3026 592 estjudicium,

2094 595 2151 645 et
2170 592 2399 645 tradam
2422 592 2496 645 ei.

2023 661 2092 716 Et
2125 661 2323 736 tu,_ﬁli
2358 661 2633 736 hominis,
2666 664 2961 736 propheta,
2997 671 3053 722 et
3083 667 3173 723 dic
3206 684 3220 723 :

2027 736 2154 789 Ilaec
2187 733 2328 810 dicit
2359 733 2644 810 Dominus
2669 733 2830 791 Deus
2861 733 3116 793 ad’filios
3151 745 3427 810 Ammon,

2093 810 2150 859 et
2174 805 2243 858 ad
2279 806 2660 876 opprobrium
2685 824 2910 876 eorum,
2939 814 2995 864 et
3023 811 3182 866 dices
3216 829 3228 866 :

2023 877 2241 952 Mucro,
2277 893 2499 952 mucro,
2533 878 2777 952 evagina
2810 885 2864 934 te
2895 882 2965 934 ad
3000 883 3408 952 occidendum,

2095 948 2344 1023 limate,
2378 953 2444 1023 ut
2473 948 2809 1018 interficias,
2842 957 2898 1006 et
2931 952 3175 1023 fulgeas,

2023 1019 2165 1074 Cum
2201 1019 2308 1125 tibi1
2339 1020 2673 1076 viderentur
2701 1039 2869 1089 vana,
2903 1027 2959 1079 et
2997 1019 3397 1081 d‘ivinarentur
3427 1028 3666 1084 menda-

2167 1107 2257 1144 cia
2294 1107 2334 1158 ι,

2096 1166 2160 1216 ut
2187 1162 2402 1216 daretis
2433 1179 2614 1241 super
2641 1164 2788 1220 colla
2825 1165 3614 1241 vulneratorumgimpiorum
3651 1187 3664 1226 :

2097 1249 2346 1305 quorum
2371 1234 2530 1288 venit
2560 1235 2683 1290 dies
2707 1241 2968 1308 tempore
2998 1239 3077 1292 ini
3129 1239 3324 1295 uitatis
3348 1234 3658 1312 praefinita.

2097 1310 2332 1361 :vertere
2362 1305 2432 1360 ad
2483 1307 2752 1363 vaginam
2806 1316 2990 1363 tuam.
3023 1255 3237 1363 inacco
3269 1312 3326 1363 in
3361 1329 3475 1363 mro
3509 1330 3658 1363 crea-

2027 1306 2332 1384 Revertere
2362 1305 2432 1360 ad
2483 1307 2752 1377 vaginam
2806 1305 2990 1377 tuam,
3023 1310 3079 1364 in
3103 1305 3237 1367 ioco
3269 1312 3326 1366 in
3348 1305 3475 1384 quo
3509 1330 3668 1369 crea-

2167 1382 2264 1432 tus
2294 1393 2377 1443 es,

2097 1447 2156 1502 in
2191 1457 2341 1522 terra
2362 1449 2688 1522 nativitatis
2721 1456 2833 1506 tuae
2855 1453 3132 1522 judicabo
3164 1459 3241 1522 te,

2097 1527 2151 1596 et
2181 1520 2476 1596 effundam
2510 1539 2686 1593 super
2710 1528 2765 1578 te
2797 1520 3259 1596 indignationem
3293 1543 3481 1584 meam
3513 1545 3526 1582 :

2029 1593 2093 1646 In
2117 1592 2259 1666 igne
2292 1592 2506 1647 furoris
2538 1592 2648 1649 mei
2677 1592 3014 1651 sufﬂabn'in
3047 1602 3124 1666 te,

2100 1663 2366 1742 dabo-que
2412 1671 2477 1742 _t_e
2523 1667 2580 1720 in
2634 1684 2850 1742 manus
2905 1663 3668 1742 hominumrinsipientium

2166 1735 2273 1800 (Al.
2308 1734 2670 1808 stultorum),
2694 1744 2750 1793 et
2782 1739 3196 1796 fabricantium
3229 1734 3528 1798 interitum
3563 1743 3670 1808 (Al.

2170 1807 2648 1878 corruptionem).

2030 1875 2153 1946 Igui
2185 1875 2304 1949 eris
2331 1875 2518 1949 cibus,

2101 1948 2513 2023 sanguistuus
2542 1950 2652 2005 erit
2682 1952 2739 2006 in
2774 1953 2963 2009 medio
2995 1957 3182 2023 terrae,

2101 2020 2374 2076 oblivioni
2411 2023 2660 2078 traderis
2695 2041 2707 2079 :

2103 2092 2377 2172 quiaego
2409 2093 2694 2172 Dominus
2725 2094 2954 2151 locutus
2985 2113 3140 2172 sum.

2029 2160 2506 2287 (Cophigfs)..Et
2536 2167 2752 2221 factum
2783 2172 2872 2222 est
2914 2169 3157 2223 verbum
3201 2168 3427 2224 Domini
3455 2170 3525 2224 ad
3558 2185 3671 2240 me,

2219 2251 2376 2289 ιθθηε
2418 2252 2430 2290 ἒ

2033 2306 2100 2361 Et
2129 2309 2212 2374 tu,
2247 2305 2329 2360 fili
2359 2305 2638 2373 hominis,

2107 2393 2246 2432 num
2297 2378 2555 2490 jddicas,
2608 2396 2747 2434 num
2795 2379 3030 2450 judicas
3081 2380 3370 2437 civitatem
3435 2383 3676 2455 sangui-

2179 2466 2317 2490 nnm

2179 2466 2318 2504 num
2348 2471 2358 2503 ε

2036 2525 2104 2575 Et
2134 2522 2411 2576 ostendes
2441 2522 2546 2594 (At.
2580 2523 2863 2594 ostennis)
2894 2524 2943 2579 ei
2977 2540 3180 2580 omnes
3211 2526 3679 2582 abominationes

2180 2609 2340 2658 suas,
2373 2599 2428 2646 ct
2468 2593 2624 2648 dices
2661 2611 2673 2649 :

2035 2668 2168 2719 Haec
2198 2664 2336 2719 dicit
2366 2664 2647 2720 Domiuus
2679 2664 2832 2720 Deus
2865 2681 2878 2719 :

2037 2736 2250 2808 Civitas
2281 2736 2585 2791 eflundens
2634 2737 2980 2808 sanguinem
3012 2737 3072 2790 in
3123 2737 3314 2792 medio
3345 2737 3458 2806 sui,
3489 2741 3552 2791 ut
3582 2753 3678 2792 ve-

2179 2807 2304 2862 niat
2333 2812 2568 2876 tempus
2599 2808 2724 2875 ejus
2754 2807 2772 2861 Ξ

2107 2884 2166 2934 et
2197 2895 2323 2950 quae
2357 2878 2490 2933 fecit
2517 2878 2674 2933 idola
2706 2882 2907 2934 contra
2937 2879 3338 2951 semetipsam,
3365 2883 3428 2933 ut
3453 2878 3681 2949 pollue-

2181 2955 2361 3005 retur.

2040 3026 2100 3079 In
2137 3021 2423 3093 sanguine
2451 3024 2574 3086 tuo,
2607 3019 2707 3092 qui
2741 3023 2854 3075 ate
2883 3020 3104 3093 effusus
3129 3020 3555 3093 est,deliquisti
3591 3037 3604 3076 :

1957 3116 2000 3183 α
2040 3099 2166 3183 met
2194 3091 2460 3176 in'idolis
2491 3091 3034 3183 tuis,’lqdzezfgcisti‘,
3071 3091 3291 3163 polluta
3325 3091 3436 3148 es:

2039 3167 2108 3222 Et
2134 3164 2604 3237 appropinquare
2637 3163 2826 3218 fecisti
2851 3163 2977 3218 dies
3001 3166 3154 3230 tuos,

2111 3243 2168 3292 et
2196 3237 2491 3291 adduxisti
2523 3241 2758 3306 tempus
2789 3251 3074 3290 annorum
3107 3241 3342 3290 tuorum
3369 3254 3382 3303 ;

2041 3309 2350 3379 Propterea
2380 3307 2512 3362 dedi
2545 3311 2600 3362 te
2632 3307 3012 3377 opprobrium
3048 3308 3347 3378 gentibus,

2111 3378 2170 3436 et
2193 3380 2524 3434 irrisionem
2557 3378 2846 3433 universis
2878 3379 3069 3433 terris.

2040 3453 2173 3518 Quae
2197 3453 2366 3520 juxta
2397 3454 2556 3516 sunt,
2590 3455 2648 3505 et
2677 3465 2803 3522 quae
2835 3449 3036 3522 procul
3069 3466 3102 3505 a
3130 3454 3208 3521 te,
3233 3446 3688 3520 triumphabunt

2111 3524 2383 3664 soggidea;
2404 3590 2641 3654 nobilis,
2673 3591 2916 3717 grandis
2949 3591 3212 3648 interitu.

2111 3683 2181 3717 :ce
2211 3665 2502 3717 nrincines
2530 3665 2685 3717 Israe
2759 3663 2977 3717 singuli
3028 3665 3086 3717 in
3137 3665 3212 3717 br:

2039 3668 2181 3723 Ecce
2211 3665 2502 3737 principes
2530 3663 2705 3719 Israel
2759 3663 2977 3734 singuli
3028 3665 3086 3718 in
3137 3663 3374 3719 brachio
3425 3679 3531 3719 suo
3564 3663 3687 3718 fuc-

2183 3736 2320 3792 runt
2349 3736 2408 3790 in
2431 3741 2510 3800 te,

2113 3809 2182 3862 ad
2208 3807 2627 3862 effundendum
2674 3805 3046 3875 sanguinem.

2042 3884 2271 3934 Patrem
2303 3883 2358 3933 et
2388 3881 2632 3932 matrem
2669 3875 3045 3930 contumeliis
3075 3877 3388 3930 affecerunt
3419 3876 3477 3930 in
3511 3880 3585 3944 te,

2115 3951 2398 4006 advenam
2430 3945 2772 4002 calumniati
2806 3950 2947 4001 sunt
2979 3947 3036 4001 in
3070 3946 3262 4001 medio
3295 3947 3402 4013 tui,

2114 4019 2408 4094 pupillum
2435 4024 2492 4074 et
2522 4017 3553 4094 viduam_contri_staveruntapudte
3587 4035 3599 4072 :

2043 4087 2563 4219 Sa'ncltuariia)mea
2587 4087 2853 4160 sprevisti
2896 4089 3000 4159 (Αι.
3036 4087 3384 4161 sprevistis),
3420 4089 3522 4161 (Αἰ.
3558 4088 3686 4161 pol-

2219 4181 2307 4219 uis
2340 4180 2389 4218 IS
2421 4207 2435 4219 .

2219 4164 2389 4219 uistis

2191 4164 2435 4234 luistis),

2113 4240 2172 4290 et
2199 4236 2445 4291 sabbata
2475 4251 2604 4291 mea
2637 4234 2923 4306 polluisti.

2041 4306 2164 4362 Viri
2191 4307 2546 4389 detractorcs
2576 4305 2806 4362 fuerunt
2837 4306 2894 4361 in
2928 4310 2983 4361 te
3015 4305 3086 4360 ad
3109 4305 3528 4362 effundendum
3553 4319 3689 4359 san-

2116 4394 2380 4450 guinem,

2118 4447 2174 4505 ét
2203 4465 2384 4521 super
2416 4453 2642 4521 montes
2673 4449 3057 4504 comederunt
3086 4447 3150 4521 in,
3178 4452 3253 4518 te,

2117 4519 2310 4576 scelus
2339 4520 2560 4592 operati
2591 4521 2814 4576 suntin
2850 4521 3042 4575 medio
3069 4519 3178 4574 tui.

2045 4591 2476 4648 VerecundiOra
2506 4592 2689 4663 patris
2720 4592 3244 4663 discooperuerunt
3274 4591 3332 4645 in
3365 4594 3440 4658 te,

2113 4660 2532 4719 immunditam
2572 4660 2951 4718 menstruatee
3001 4662 3463 4718 humiliaverunt
3491 4660 3549 4715 in
3585 4663 3640 4715 te
3673 4675 3686 4714 :

285 4745 402 4794 Pro
433 4755 500 4794 eo
533 4738 703 4812 quod,
737 4739 1024 4812 recordati
1070 4739 1214 4812 estis
1245 4739 1577 4812 iniquitatis
1623 4745 1850 4810 vestrae,
1883 4747 1942 4799 et
2045 4735 2112 4791 Et
2143 4736 2549 4812 unusquisque
2598 4735 2656 4812 in
2688 4751 2924 4791 uxorem
2983 4735 3232 4807 proximi
3281 4735 3374 4790 sui
3414 4736 3690 4804 operatus

434 4807 738 4865 revelastis
771 4809 1276 4880 praevaricationes
1305 4807 1554 4876 vestras,

365 4883 424 4935 et
440 4885 857 4960 apparuerunt
886 4885 1126 4960 peccata
1164 4885 1359 4937 vestra
1385 4883 1446 4937 in
1477 4881 1754 4939 omnibus
1785 4885 1942 4956 cogi-

435 4950 762 5006 tationibus
790 4950 1001 5006 vestris
1030 4968 1043 5006 :

286 5022 406 5076 Pro
437 5033 527 5102 eo,
560 5021 826 5103 inquam,
858 5023 1015 5092 quod
1045 5022 1330 5078 recordati
1363 5023 1524 5091 estis,
1541 5040 1719 5080 manu
1751 5026 1948 5098 capie-

288 5159 380 5214 Tu
410 5107 636 5234 £333,
665 5162 930 5234 profane,
958 5163 1160 5234 impie,
1192 5164 1311 5220 dux
1341 5163 1542 5233 Israel,

367 5231 540 5306 cujus
558 5231 726 5306 venit
756 5233 882 5306 dies
901 5233 973 5306 in
995 5231 1255 5305 tempore
1277 5231 1606 5306 iniquitatis
1628 5237 1944 5306 praefinita:

294 5299 602 5357 Ilaec'dicit
628 5302 912 5359 Dominus
941 5304 1098 5360 Deus
1117 5299 1146 5358 ἐ

289 5371 475 5427 Aufer
501 5372 772 5444 oidarim,
802 5373 945 5430 tolle
975 5390 1248 5431 coronam
1285 5391 1299 5430 :

2188 4811 2279 4862 est
2307 4806 2831 4875 abominationem,

2117 4883 2174 4934 et
2203 4895 2400 4934 sorcer
2429 4894 2641 4933 nurum
2674 4894 2843 4933 suam
2878 4877 3088 4947 polluit
3119 4875 3360 4944 nefarie,

2119 4949 2299 5005 frater
2328 4965 2586 5007 sororem
2618 4966 2808 5016 suam,
2844 4943 3024 5004 filiam
3064 4947 3245 5020 patris
3277 4948 3368 5003 sui
3401 4943 3696 5016 oppressit

2119 5022 2180 5076 in
2212 5026 2289 5076 te.

2119 5038 2180 5076 ιῐι
2212 5037 2289 5076 Ie.

2047 5097 2288 5175 Munera
2314 5095 2662 5163 acceperunt
2692 5091 2849 5164 apud
2886 5095 2942 5146 te
2993 5091 3064 5146 ad
3097 5089 3520 5144 effundendum
3553 5103 3694 5142 san-

2274 5178 2430 5218 inem
2476 5180 2488 5218 :

2049 5179 2304 5291 Usurgatin
2330 5239 2386 5290 et
2417 5233 3020 5306 superabundantiam
3049 5229 3348 5306 accepisti,

2121 5309 2180 5362 et
2210 5321 2380 5362 avare
2409 5303 2705 5376 proximos
2736 5315 2864 5360 tuos
2891 5303 3350 5360 calumniabaris

2122 5378 2354 5448 meique
2383 5377 2566 5433 oblita
2595 5393 2681 5445 es,
2715 5377 2797 5432 ait
2826 5376 3114 5432 Dominus
3147 5379 3299 5429 Deus
3334 5389 3347 5448 ς

366 5458 562 5521 nonne
589 5442 711 5521 haec
742 5442 1015 5521 est,”un
1040 5445 1331 5521 humilem
1363 5444 1776 5515 sublevavit,et
1804 5451 1950 5506 sub-
2050 5447 2194 5505 Ecce
2236 5442 2523 5521 c'omplosi
2552 5442 2764 5505 manus
2797 5464 2957 5505 meas
2985 5463 3164 5518 super
3193 5443 3498 5501 avaritiam
3532 5446 3695 5498 tuam

439 5511 649 5570 limem
682 5511 1019 5571 humiliavit
1037 5515 1067 5569 ?

370 5651 387 5684 ¹
418 5652 744 5710 Consutum
775 5655 872 5710 hic
901 5655 1079 5712 habet
1101 5657 1353 5714 Canonis
1381 5657 1950 5718 San-Germanensis
2054 5659 2287 5716 malitia
2344 5661 2505 5718 dedit
2557 5663 2755 5717 finem.
2803 5685 2830 5712 ››

2199 5519 2387 5591 quam
2401 5519 2615 5589 fecisti,

2891 5661 3056 5718 Unde
3115 5659 3350 5716 ﬂuxerit
3405 5655 3701 5715 sententia

296 5724 496 5800 textus
546 5740 725 5800 sacer
764 5725 1028 5800 scholion
1080 5725 1256 5800 istud
1291 5744 1549 5800 sequens
1582 5744 1596 5782 :
1627 5750 1660 5800 ‹ς
1688 5729 1814 5786 Non
1863 5737 1954 5789 est
2053 5731 2175 5787 haec
2208 5747 2222 5787 :
2255 5725 2535 5789 Nostrum
2568 5750 2681 5789 non
2715 5739 2803 5790 est
2834 5734 3113 5789 divinare.
3149 5733 3332 5789 MART.

299 5790 638 5850 daemonum
671 5795 971 5866 divinatio,
997 5798 1099 5854 sed
1122 5799 1219 5855 Dei
1236 5790 1664 5870 judiéium,qui
1686 5802 1950 5872 perfedtae
