2014 3089
76 89 150 115 1029

647 92 754 123 LIBER
774 94 991 122 EZECHlELIS
1010 93 1222 121 PROPHETE.

1718 102 1789 131 1030

110 153 203 179 duces
215 154 243 179 et
254 153 442 190 magistratus
461 155 779 194 universos,principes
795 158 904 194 princi-
921 159 948 192 Α
998 159 1027 194 et
1043 164 1144 184 mensa
1158 157 1290 185 ordinata
1305 160 1350 185 est
1364 162 1430 186 ante
1445 161 1474 187 te

153 196 234 223 pum.

111 226 142 251 et
157 224 326 264 nominatos
341 234 511 264 ascensores
525 236 666 264 equorum
684 238 691 258 :

74 260 111 287 Et
127 259 247 301 venient
261 269 351 301 super
365 264 393 289 te
409 259 559 291 instructi.
570 273 656 293 curru
673 267 700 293 et
716 267 788 301 rota,
806 265 908 293 multi-

150 296 221 332 tudo
238 296 413 332 populorum
431 306 438 326 ε

112 330 221 394 loricis,
231 330 260 359 et
276 330 397 368 ‘clypeo,
413 337 442 361 et
456 335 538 370 galea
552 337 748 365 armabuntur
762 339 865 364 contra
878 338 906 364 te

149 375 189 394 un
215 375 282 394 iane
300 376 307 394 :

149 375 282 402 uncique
300 376 307 395 :

72 402 110 429 Et
127 403 594 444 dabo.coramr(Al._tacetcoram)
611 407 653 436 eis
665 408 822 444 judicium,

112 438 334 474 etjudicabunt
348 443 375 467 te
390 441 509 475 iudiciis
525 443 595 470 suis.

72 483 109 510 Et
125 491 235 546 ponam
250 483 344 511 zelum
362 486 547 522 meuminlte,
558 496 646 523 quem
662 491 797 517 exercent
808 491 903 516 tecum

147 527 178 546 in
206 527 315 546 urore:

147 527 178 546 Ill
194 527 222 546 Il]
228 528 292 547 rore
308 529 315 547 Ζ

110 562 218 582 nasum
234 559 316 583 tuum
334 558 362 583 et
375 565 461 594 aures
476 559 542 594 tuas
558 559 716 594 praecident
730 568 737 588 :

110 594 137 628 et
153 599 217 628 gum
234 592 439 624 remanserint,
455 592 734 628 gladio-concident.

69 625 134 666 Ipsi
150 626 228 666 ﬁlios
244 629 310 666 tuos
326 632 354 655 et
368 628 443 655 ﬁlias
456 625 524 666 tuas
540 631 674 666 capient;

109 664 139 703 et
153 662 348 703 novissimum
361 666 446 703 tuum
461 662 647 703 devorabitur
662 662 734 703 igni.

68 699 107 724 Et
122 698 317 735 denudabunt
333 701 359 727 te
374 700 558 729 vestimentis
573 702 644 735 tuis,

108 736 139 761 et
156 734 260 771 tollent
275 743 343 762 vasa
358 735 455 771 gloriae
473 741 537 764 luze.

69 769 107 796 Et
138 769 320 832 rgquiescere
350 769 454 799 faciam
474 773 529 807 (Al.
546 773 664 810 facient)
691 773 787 802 scelus
816 775 900 802 tuum

167 813 184 832 e
211 813 237 832 θ.

167 813 184 833 8
200 808 237 837 ιθ,

110 843 141 882 εἰ
159 840 378 882 fornicationem
395 844 478 870 tuam
494 844 624 882 deierra
636 845 752 882 Egypti
768 853 775 873 :

104 876 292 916 Nec_levabis
308 877 408 905 oculos
429 881 496 907 tuos
512 880 547 907 ad
565 889 625 916 eos,
671 876 719 882 ψ’
738 883 740 885 ’

105 915 136 952 e_t
151 912 265 952 [Egypti
282 922 340 952 non
356 915 553 952 recordaberis
570 912 707 952 amplius.

68 947 147 978 Quia
162 947 222 976 hac
237 948 309 976 dicit
322 949 465 978 Dominus
480 950 556 979 Deus
573 960 579 979 :

67 984 145 1024 Ecce
160 991 213 1019 ego
230 985 345 1024 tradam
361 986 432 1024 tein
447 994 552 1015 manus
568 996 680 1023 eorum,
697 997 771 1024 quos
787 989 874 1017 odisti
891 996 897 1016 :

104 1020 137 1046 in
155 1028 272 1053 manus,
289 1021 325 1048 de
339 1021 445 1056 quibus
459 1024 566 1051 satiata
581 1026 626 1051 est
639 1020 738 1053 anima
753 1027 814 1053 tua.

69 1055 104 1082 Et
120 1058 210 1090 agent
224 1058 322 1083 tecum
338 1055 366 1083 in
384 1057 462 1090 odio,

104 1093 136 1118 et
153 1091 256 1129 tollent
270 1100 371 1120 omnes
388 1092 503 1121 labores
519 1096 597 1129 tuos,

103 1129 135 1153 et
149 1127 300 1167 dimittant
315 1131 342 1167 te
358 1129 468 1167 nudam
485 1132 513 1167 et
527 1127 689 1163 ignominia
702 1131 829 1167 plenam.

66 1163 101 1188 Et
118 1162 299 1200 revelabitur
313 1164 474 1199 ignominia
491 1162 715 1195 fornicationum
733 1171 862 1200 tuarum,

105 1197 205 1225 scelus
220 1201 304 1226 tuum
321 1197 349 1227 et
363 1200 571 1229 fornicationes
588 1206 652 1229 tum.

68 1233 215 1275 Fecerunt
229 1234 289 1262 hac
305 1235 369 1275 tibi,
387 1236 615 1275 quiafornicata
630 1247 660 1265 es
677 1241 743 1274 post
758 1241 871 1275 gentes,

104 1269 185 1297 inter
201 1278 275 1305 quas
292 1269 404 1305 polluta
417 1280 448 1299 es
463 1272 492 1299 in
508 1272 595 1301 idolis
610 1269 722 1302 earu‘m.

66 1305 99 1332 In
118 1306 167 1343 via_
182 1306 293 1343 sororis
308 1310 362 1333 tuae
378 1307 549 1343 arnbulasti,

104 1343 135 1368 et
150 1341 227 1379 dabo
240 1341 360 1379 calicem
378 1343 441 1379 ejus
457 1345 485 1370 in
501 1341 589 1372 manu
606 1347 666 1373 tua.

66 1378 138 1404 Haec
154 1377 228 1404 dicit
242 1377 476 1407 Dominus‘Deus
491 1388 497 1407 :

65 1421 197 1459 Calicem
214 1421 323 1459 sororis
338 1424 395 1450 tua
409 1423 493 1451 bibes
510 1425 689 1459 profundum
705 1428 734 1454 et
748 1427 861 1455 latum:

103 1456 165 1483 eris
181 1456 209 1483 in
227 1457 357 1498 derisum
374 1461 402 1486 et
419 1459 448 1486 in
474 1456 746 1497 subsannationem,
763 1471 827 1499 quis
855 1464 900 1491 est

143 1500 345 1527 capamssima.

64 1527 218 1566 Ebrietate
232 1531 261 1556 et
274 1528 373 1557 dolore
389 1530 547 1566 repleberis
558 1541 565 1566 ;

103 1563 197 1601 calice
213 1565 347 1593 mmroris
363 1567 391 1593 et
403 1563 540 1601 tristitie,

103 1599 196 1627 calice
212 1601 321 1628 sororis
338 1603 394 1628 tuze
410 1599 559 1631 Samaria}.

64 1636 101 1663 Et
118 1635 203 1676 bibes
219 1635 316 1676 illum,
331 1640 360 1676 et
375 1639 507 1676 epotabis
523 1648 618 1676 usque
634 1641 668 1669 ad
685 1641 781 1676 faeces,

102 1673 134 1698 et
149 1671 315 1708 fragmenta
332 1671 400 1708 ejus
414 1671 578 1708 devorabis;

102 1714 133 1734 et
146 1707 238 1735 ubera
253 1710 304 1735 tua
320 1707 463 1737 lacerabis
479 1718 485 1736 :

102 1743 175 1805 qu1i3a
183 1751 236 1814 egi)
247 1743 364 1772 locutus
376 1753 453 1780 sum,
467 1746 507 1774 ait
517 1746 660 1776 Dominus
669 1751 748 1777 Deus
761 1749 813 1785 [Αι.
825 1751 898 1778 tacet

167 1787 219 1806 eus
236 1799 243 1805 .

141 1781 243 1806 Deusl.

65 1814 227 1850 Propterea
241 1814 302 1843 haec
317 1815 388 1844 dicit
401 1817 543 1846 Dominus
557 1821 635 1847 Deus
651 1827 659 1847 :

66 1858 253 1921 Quietoblita
269 1867 300 1887 es
317 1860 385 1894 mei,
401 1863 430 1889 et
444 1863 593 1898 projecisti
612 1872 658 1893 me
673 1868 740 1901 post
754 1873 861 1902 corpus

159 1903 242 1921 uum.

159 1903 242 1929 uum,

103 1932 134 1957 tu
147 1938 266 1965 quoque
273 1933 357 1966 porta
367 1931 465 1960 scelus
477 1936 561 1961 tuum
569 1936 598 1962 et
605 1935 811 1965 fornicationes
817 1939 895 1966 tuas.

63 1966 105 2002 Et
115 1966 159 2002 ait
176 1965 317 1994 Dominus
332 1968 366 1995 ad
385 1976 441 2002 me,
459 1969 560 1997 dicens
577 1979 584 1998 :

64 2001 121 2028 Fili
137 2002 278 2034 hominis,

103 2038 237 2072 nunquid
251 2038 368 2076 judicas
384 2039 506 2076 Oollam,
523 2043 550 2068 et
566 2042 709 2076 Oolibam,

101 2075 130 2099 et
145 2074 306 2100 annuntias
322 2074 364 2101 eis
380 2075 489 2102 scelera
505 2085 604 2105 earum
616 2079 629 2104 ‘?

65 2108 141 2139 Quia
158 2108 329 2135 adulteratae
345 2113 423 2141 sunt,

101 2147 131 2171 et
148 2145 315 2182 sanguisin
333 2146 470 2173 manibus
488 2154 599 2182 earum,

100 2182 130 2206 et
146 2188 212 2207 cum
229 2180 314 2207 idolis
326 2182 388 2208 suis
406 2182 551 2210 fornicata
568 2180 637 2211 sunt
655 2194 661 2211 ε

64 2216 193 2256 Insuper
208 2217 236 2242 et
251 2216 326 2256 ﬁlios
344 2225 424 2256 suos,
441 2226 515 2253 quos
532 2224 697 2253 genuerunt
713 2222 797 2256 mihi,

99 2250 275 2290 obtulerunt
290 2252 333 2278 eis
350 2253 385 2279 ad
402 2250 611 2290 devorandum,

61 2287 118 2314 Sed
135 2289 165 2313 et
179 2290 234 2313 hoc
250 2287 382 2315 fecerunt
397 2289 468 2316 mihi
485 2297 492 2316 :

97 2321 272 2363 P_olln_erunt
287 2324 487 2363 sanctuariqu
504 2334 603 2354 meum
618 2327 649 2355 in
665 2328 712 2356 die
727 2328 788 2363 illa,

96 2360 127 2384 et
143 2357 268 2385 sabbata
283 2366 348 2386 mea
362 2360 600 2394 profanaverunt.

59 2403 194 2441 Cumgue
208 2402 396 2441 immolarent
413 2404 487 2432 filios
504 2414 573 2433 suos
588 2407 675 2435 idolis
691 2408 764 2441 suis,

97 2440 126 2464 et
137 2437 363 2478 ingrederentur
377 2442 578 2478 sanctuarium
589 2451 687 2471 meum
698 2443 728 2472 in
740 2437 890 2478 dieilla,ut

133 2473 301 2507 polluerent
316 2473 389 2501 illud
409 2484 414 2501 :

96 2508 186 2534 etiam
203 2508 263 2535 haec
281 2509 412 2536 fecerunt
428 2510 456 2536 in
473 2511 567 2538 medio
582 2513 688 2542 domus
705 2523 785 2544 meae.

61 2542 209 2586 Miserunt
224 2544 260 2571 ad
276 2544 353 2586 viros
368 2545 516 2586 venientes
533 2548 567 2575 de
582 2548 679 2586 longe,

96 2579 133 2604 ad
150 2587 224 2613 quos
241 2580 378 2607 nuntium
398 2582 405 2598 ¹
423 2581 566 2610 miserant
582 2592 589 2610 :

61 2613 165 2654 Itaque
181 2618 411 2656 epota-venerunt,
423 2617 531 2656 quibus
548 2622 575 2646 te
589 2619 728 2656 lavisti,et
739 2622 888 2650 circumli-

133 2649 207 2676 nisti
216 2650 310 2688 stibio
320 2651 332 2668 ³
348 2649 448 2688 oculos
462 2655 537 2688 tuos,
578 2656 581 2658 ’

96 2686 126 2711 et
138 2686 242 2712 ornata
255 2693 287 2712 es
301 2686 414 2713 mundo
429 2686 578 2717 muliebri.

57 2719 166 2747 Sedisti
181 2720 212 2748 in
226 2720 302 2748 lecto
316 2721 524 2758 pulcherrimo,

97 2789 112 2828 ‘_
122 2790 155 2828 In
170 2791 388 2828 exemplaribus
403 2792 532 2823 Canonis
547 2798 575 2824 et
591 2797 620 2825 in
637 2807 708 2827 mss.
720 2799 885 2828 Colbertino

57 2825 220 2870 'A‘njicienlsi:
236 2825 455 2870 etncorbeiensi
482 2838 565 2870 num.
580 2830 592 2859 ’1
611 2825 884 2870 ἰθείῶἰιᾷήῆαῆέῖδεῖ

59 2859 141 2888 Idem
170 2861 260 2890 habet
272 2862 302 2890 8.
318 2861 511 2899 Hieronymus
533 2866 563 2895 in
588 2859 885 2907 exp‘osi—ti—o'nemhujus

998 192 1161 228 thymiama
1176 201 1285 228 meum,
1302 195 1330 221 et
1345 197 1531 230 unguentum
1548 205 1644 226 meum
1660 201 1787 235 posuisti

982 253 984 255 τ
1035 237 1123 264 super
1138 237 1214 256 eam.

963 264 998 291 Et
1013 272 1066 304 vox
1081 264 1280 304 multitudinis
1294 265 1471 304 exsultantis
1487 270 1549 304 erat
1565 269 1593 296 in
1611 278 1662 304 ea;

998 300 1072 337 etin
1084 300 1219 336 viris,qui
1233 301 1269 337 de
1284 301 1474 330 multitudine
1489 303 1643 333 hominum
1655 300 1786 337 adduce-

1033 335 1152 368 bantur,
1167 335 1196 363 et
1208 336 1363 373 veniebant
1378 338 1414 365 de
1429 339 1554 373 deserto,

998 374 1161 407 posuerunt
1176 371 1306 400 armillas
1321 373 1351 400 in
1368 374 1505 402 manibus
1521 371 1633 404 eorum.

998 410 1164 448 et_coronas
1180 407 1326 448 speciosae
1343 409 1371 436 in
1388 410 1534 448 capitibus
1549 420 1661 448 eorum,

962 443 996 469 Et
1011 443 1070 470 dixi
1085 443 1122 475 ei,
1140 451 1203 478 quas
1220 444 1320 471 attrita
1335 447 1379 472 est
1394 443 1431 472 in‘
1440 446 1591 476 adulteriis
1608 457 1614 475 :

961 478 1044 505 Nunc
1061 478 1254 506 fornicabitur
1268 479 1297 506 in
1315 480 1505 509 fornicatione
1522 491 1576 511 sua
1589 484 1674 512 etiam
1692 485 1760 514 haec.

960 514 995 541 Et
1009 514 1135 549 ingressi
1146 517 1216 542 sunt
1226 515 1262 542 ad
1274 523 1337 543 eam
1348 518 1432 551 quasi
1445 518 1480 545 ad
1492 518 1644 547 mulierem
1655 523 1787 550 meretri-

1032 558 1095 577 cem
1112 558 1119 577 2

959 586 1006 613 Sic
1021 585 1261 627 ingrediebantur
1275 587 1310 614 ad
1327 587 1439 616 Oollam
1453 591 1482 616 et
1496 589 1786 627 Oolibam,mulieres

1031 622 1168 649 nefarias.

959 657 1022 695 Viri
1036 665 1103 695 ergo
1120 657 1167 695 isti
1184 658 1237 691 (ΑΙ.
1256 660 1324 685 lace!
1341 658 1400 687 isti‘,
1415 660 1489 695 justi
1504 663 1597 689 sunt:

996 694 1023 720 hi
1036 694 1212 732 judicabunt
1228 702 1277 732 eas
1289 695 1403 728 judicio
1420 696 1631 732 adulterarum,

995 732 1021 768 et
1034 729 1146 768 judicio
1162 729 1375 758 eil'undentium
1392 733 1567 768 sanguinem
1584 742 1591 761 :

958 765 1030 796 Quia
1049 765 1188 792 adulterae
1199 768 1278 799 sunt,

994 804 1020 827 et
1035 800 1153 835 sanguis
1170 802 1197 827 in
1216 801 1352 828 manibus
1369 810 1479 830 earum.

958 836 1022 864 Hmc
1038 836 1115 863 enim
1131 837 1202 863 dicit
1218 837 1360 864 Dominus
1377 838 1452 866 Deus
1471 847 1476 866 :

954 873 1056 900 Adrluc
1074 873 1109 898 ad
1125 881 1174 899 eas
1192 872 1424 908 multitudinem,

991 911 1018 947 et
1036 909 1118 947 trade
1134 909 1228 947 eas‘in
1240 909 1409 947 tumultum
1426 912 1454 937 et
1469 910 1497 937 in
1515 911 1659 947 rapinam.

955 944 989 971 Et
1004 944 1173 981 lapiderntur
1189 944 1336 981 lapidibus
1354 946 1539 981 populorum,

990 983 1018 1006 et
1034 980 1239 1006 cont‘odiantur
1254 980 1359 1015 gladiis
1375 989 1475 1008 eorum
1490 1004 1496 1009 .

956 1016 1047 1052 Filios
1061 1018 1089 1041 et
1105 1015 1179 1042 tilias
1195 1024 1293 1052 earum
1313 1016 1497 1052 interi’icient,

990 1055 1019 1078 et
1035 1051 1137 1078 domos
1153 1059 1254 1078 earum
1267 1051 1334 1087 igne
1350 1054 1538 1082 succenderit.

954 1088 989 1115 Et
1004 1087 1135 1122 auferam
1150 1087 1246 1114 scelus
1262 1087 1297 1114 de
1313 1089 1401 1122 terra,

990 1126 1019 1150 et
1034 1121 1144 1159 discenl
1161 1131 1264 1150 omnes
1277 1121 1427 1159 mulieres,
1442 1132 1478 1152 ne
1493 1124 1602 1153 faciant
1617 1128 1777 1156 secundum

1025 1157 1121 1185 scelus
1136 1166 1247 1185 earum.

954 1194 988 1221 Et
1003 1194 1117 1221 dabunt
1131 1193 1227 1231 scelus
1243 1197 1373 1222 vestrum
1390 1204 1478 1231 super
1492 1204 1553 1230 vos,

990 1232 1018 1256 et
1033 1231 1152 1267 peccata
1168 1230 1314 1267 idolorum
1329 1230 1493 1259 vestrorum
1510 1232 1667 1267 portabitis
1682 1241 1690 1261 τ

989 1268 1017 1292 et
1032 1265 1130 1293 scietis
1145 1265 1214 1300 quia
1231 1273 1283 1301 ego
1300 1266 1442 1294 Dominus
1458 1265 1545 1295 Deus.

953 1300 1031 1340 (Cap.
1042 1300 1149 1335 XXIV.)
1162 1301 1196 1328 Et
1211 1300 1320 1340 factum
1337 1305 1381 1329 est
1399 1303 1519 1340 verbum
1535 1303 1652 1340 Domini
1668 1304 1704 1332 ad
1721 1313 1778 1340 me,

1025 1337 1054 1364 in
1071 1345 1148 1364 anno
1164 1345 1241 1364 nono
1252 1337 1281 1365 in
1299 1345 1399 1366 mense
1415 1338 1539 1373 decimo,
1556 1339 1586 1367 in
1603 1340 1717 1368 decima

1024 1373 1145 1406 mensis,
1160 1373 1270 1401 dicens.

953 1407 1006 1435 Fili
1022 1407 1162 1442 hominis,

988 1443 1084 1471 scribe
1098 1444 1348 1481 tibi_nom_enrdiei
1364 1444 1500 1480 hujus,in
1513 1454 1571 1481 qua
1587 1447 1779 1475 conﬁrmatus

1025 1481 1069 1507 est
1084 1488 1135 1507 rex
1150 1479 1305 1515 Babylonis
1320 1481 1475 1508 adversum
1490 1479 1653 1510 Jerusalem
1678 1482 1775 1511 hodie.

954 1517 989 1542 Et
1003 1515 1082 1542 dices
1106 1523 1158 1551 per
1183 1515 1369 1550 proverbium
1385 1517 1421 1544 ad
1437 1517 1558 1546 domum
1589 1518 1777 1546 irritatricem

1048 1551 1208 1583 arabolam,

989 1590 1015 1614 et
1032 1587 1161 1622 loqueris
1178 1587 1213 1614 ad
1230 1595 1280 1614 ers
1297 1595 1303 1613 :

953 1622 1019 1650 Haec
1031 1622 1102 1650 dicit
1117 1622 1261 1650 Dominus
1277 1623 1354 1650 Deus
1372 1630 1378 1650 :

953 1658 1030 1686 Pone
1046 1658 1146 1691 ollam,

989 1694 1065 1722 Pone
1080 1694 1213 1732 inquam,
1224 1695 1258 1732 et
1272 1694 1355 1732 mitte
1371 1694 1401 1722 in
1417 1702 1480 1723 eam
1497 1704 1615 1732 aquam.

952 1729 1082 1766 Congere
1097 1729 1190 1757 frusta
1205 1730 1270 1765 ejus
1286 1731 1315 1757 in
1331 1738 1407 1765 eam,

988 1774 1105 1793 omnem
1122 1768 1236 1802 partem
1253 1766 1371 1800 bonam,

986 1802 1083 1829 femur
1098 1804 1127 1829 et
1142 1809 1270 1834 armum,

988 1838 1080 1865 electa
1094 1840 1124 1865 et
1139 1837 1256 1865 ossibus
1272 1837 1368 1873 plena.

952 1873 1183 1909 Pinguissimum
1201 1881 1290 1908 pecus
1306 1881 1434 1907 assume,

987 1908 1130 1944 compone
1145 1916 1262 1944 quoque
1277 1910 1373 1935 strues
1385 1908 1496 1936 ossium
1513 1909 1567 1936 sub
1585 1917 1618 1937 ea
1633 1918 1640 1935 :

950 1944 1092 1972 Eﬂ‘erbuit
1106 1944 1197 1972 coctio
1210 1944 1286 1978 ejus,

986 1982 1015 2008 et
1030 1980 1159 2016 discocta
1175 1981 1326 2016 suntossa
1342 1978 1421 2016 illius
1437 1979 1467 2016 in
1483 1979 1579 2008 medio
1593 1980 1668 2016 ejus.

951 2018 1108 2052 Propterea
1123 2015 1184 2043 haec
1199 2014 1270 2052 dicit
1284 2014 1427 2052 Dominus
1443 2015 1520 2043 Deus
1539 2024 1545 2043 :

949 2051 1123 2080 Vercivitati
1140 2051 1329 2085 sanguinum,
1346 2051 1421 2086 ollae,

986 2089 1070 2122 cujus
1087 2088 1188 2121 rubigo
1204 2087 1232 2113 in
1250 2095 1282 2113 ea
1298 2089 1350 2119 est,

985 2126 1014 2151 et
1030 2124 1133 2158 rubigo
1150 2124 1213 2157 ejus
1230 2131 1287 2150 non
1306 2122 1392 2149 exivit
1407 2122 1442 2150 de
1457 2130 1492 2150 ea
1509 2130 1515 2150 :

950 2159 1005 2187 Per
1020 2162 1116 2194 partes
1128 2162 1155 2186 et
1169 2167 1219 2194 per
1235 2161 1330 2194 partes
1347 2167 1416 2186 suas
1431 2158 1503 2194 ejice
1518 2166 1595 2194 eam,

986 2204 1043 2222 non
1059 2195 1162 2222 cecidit
1177 2203 1266 2230 super
1280 2202 1345 2222 eam
1359 2202 1433 2222 sors.

909 2220 932 2253 ι)
949 2220 1170 2267 Βδῖιὲῦἱέῖᾷἦίᾢ
1178 2220 1253 2267 ἶᾷῇῖἇβ
1268 2230 1297 2257 in
1314 2230 1410 2257 medio
1427 2230 1562 2267 ejusﬁest,

982 2264 1072 2302 su'per
1085 2265 1326 2302 limpidissimam
1343 2264 1456 2301 petram
1473 2265 1577 2293 etl‘udit
1592 2264 1676 2302 illum
1694 2274 1701 2293 :

980 2301 1038 2329 non
1055 2301 1158 2338 eﬁ‘udit
1174 2301 1257 2328 illum
1274 2309 1364 2337 super
1379 2303 1497 2335 terram,
1508 2303 1540 2328 ut
1555 2301 1650 2337 possit
1666 2302 1773 2338 operiri

1037 2337 1145 2365 ulvere.

944 2375 982 2402 Ut
996 2346 1255 2409 aggeydgucerem
1271 2372 1502 2408 indignationem
1519 2375 1662 2407 meam,et
1676 2373 1771 2400 vindi-

1016 2408 1062 2437 cta
1078 2408 1234 2436 ulciscerer
1250 2416 1257 2436 :

980 2445 1046 2472 dedi
1054 2444 1227 2480 sanguinem
1234 2444 1298 2479 ejus
1305 2445 1512 2480 superpetram
1520 2443 1768 2480 limpidissimam,

1014 2489 1051 2508 ne
1066 2481 1238 2515 operiretur.

943 2515 1065 2551 Propter
1080 2514 1141 2543 haec
1158 2515 1229 2542 dicit
1244 2514 1386 2543 Dominus
1402 2518 1479 2543 Deus
1494 2523 1500 2543 :

943 2551 991 2578 νω
1006 2551 1117 2579 civitati
1131 2551 1321 2586 sanguinum,

983 2588 1069 2622 cujus
1084 2595 1136 2622 ego
1152 2587 1293 2623 grandem
1301 2586 1410 2623 faciam
1426 2594 1539 2623 pyram.

942 2621 1070 2658 Congere
1085 2621 1166 2656 ossa;
1179 2630 1242 2657 quea
1254 2621 1283 2648 in
1299 2621 1366 2663 igne
1380 2621 1557 2663 succenda‘m
1576 2630 1583 2650 :
1630 2657 1637 2663 .

978 2660 1189 2694 consumentur
1203 2665 1316 2691 carnes,
1333 2660 1361 2685 et
1370 2659 1571 2694 concoquetur
1586 2659 1725 2686 universe.

1013 2693 1198 2730 compositio,

978 2731 1007 2757 et
1021 2728 1090 2757 ossa
1105 2728 1265 2757 tabescent.

942 2800 1101 2836 perieopes.
1117 2799 1243 2836 Consule
1258 2799 1308 2836 lib.
1325 2808 1365 2827 vn
1380 2800 1543 2828 Comment.
1558 2802 1649 2829 MART.

977 2836 988 2853 ³
1004 2836 1108 2864 Vocem
1124 2835 1205 2862 stibio
1220 2843 1272 2863 nec
1287 2835 1426 2863 Hebraeus
1454 2837 1546 2871 addit,
1563 2846 1615 2865 nec
1639 2838 1667 2864 S.
1683 2836 1767 2864 Pater

940 2871 972 2899 in
986 2870 1208 2899 commentario.
