2014 3089
100 130 171 158 1033

99 196 135 222 Et
144 193 444 231 dissipabuutimuros
454 194 532 230 Tyri,
543 197 572 222 et
582 195 736 224 destruent
744 198 838 224 turres
849 197 923 231 ejus:

137 234 166 258 et
174 231 280 267 radam
294 230 443 267 pulverem
459 232 524 265 ejus
540 231 575 258 de
590 239 634 267 ea,
650 234 678 259 et
707 232 782 260 dabo
811 230 876 260 eam
894 232 923 260 in

173 265 415 302 limpidissimam
433 268 560 301 petram.

99 301 227 330 Siccatio
240 309 416 338 sagrsnarum
432 302 488 329 erit
503 302 533 329 in
550 303 645 330 medio
660 304 761 338 maris,

139 338 209 374 quia
219 345 274 374 ego
285 337 406 374 locutus
421 346 499 372 sum,
517 338 558 365 ait
575 339 716 367 Dominus
731 337 827 368 Deus:

102 374 137 401 Et
148 373 203 401 erit
217 373 247 400 in
263 373 455 409 direptionem
472 374 620 409 gentibus.

100 409 182 437 Filias
194 416 314 447 quoque
328 409 403 444 ejus,
416 418 478 445 quae
493 410 604 437 suntin
614 418 695 446 agro,
707 410 805 447 gladio
816 410 927 438 interti-

175 444 293 472 cientur
306 452 313 472 :

139 483 168 508 et
182 481 275 508 scient
290 480 360 516 quia
374 488 428 516 ego
444 481 597 509 Dominus.

100 517 177 549 Quia
192 516 253 544 haec
269 516 338 544 dicit
354 519 430 544 Deus
447 518 498 548 (At.
514 522 585 544 tacet
601 518 706 551 Deus):

100 552 235 589 Ecceego
243 552 386 589 adducam
394 553 428 579 ad
437 553 544 588 Tyrum
552 554 821 580 Nabuchodonosor
828 560 926 589 regem

177 587 331 624 Babylonis
346 588 382 615 ab
399 590 546 623 aquilone,
564 597 659 624 regem
677 598 789 623 regum,

140 632 207 652 cum
219 624 316 661 equis,
333 626 361 650 et
375 624 521 658 curribus,
532 626 727 660 etequitibus,
739 628 766 652 ct
776 627 861 659 coetu,
873 633 927 661 po-

176 659 303 695 puloque
321 667 437 695 magno.
595 659 601 660 “
806 676 814 691 ι

100 695 194 723 Filias
204 697 286 732 tuas,
302 703 366 732 quae
380 697 451 723 sunt
466 695 494 723 in
509 704 589 732 agro,
606 696 702 732 gladio
718 696 890 724 interﬁciat:

141 734 170 759 et
184 731 378 771 circumdabit
393 733 421 759 te
436 731 665 766 munitionibus,
681 735 709 761 et
733 732 928 768 comportabit

101 775 242 803 aggerem
259 775 287 794 in
304 774 384 803 gyro.

141 802 170 831 et
181 802 289 830 levabit
304 802 406 839 contra
420 804 449 831 te
464 802 612 839 clypeum.

101 838 140 866 Et
152 839 254 866 vineas
271 840 292 872 ¹,
308 841 336 866 et
350 838 456 875 arietes
472 838 644 875 temperabit
664 839 692 866 in
721 847 822 867 muros
850 841 926 874 tuos,

141 877 170 903 et
187 877 280 902 turres
296 876 362 902 tuas
378 874 510 902 destruet
524 874 554 902 in
570 877 720 902 armatura
735 884 798 903 sua.

102 910 303 940 lnundatione
317 918 458 945 equorum
476 911 540 945 ejus
549 911 656 946 aperiet
668 914 695 938 te
710 911 806 946 pulvis
816 918 928 938 eorum:

141 955 159 975 a
172 945 270 974 sonitu
280 946 426 981 equitum,
436 949 464 973 et
475 945 618 981 rotarum,
629 945 818 981 etcurruum,
831 954 928 974 move—

179 982 290 1010 buntur
303 982 381 1009 muri
394 981 448 1016 tui,

141 1018 214 1046 dum
224 1019 376 1053 ingressus
389 1017 476 1045 fuerit
487 1020 583 1053 portas
595 1020 662 1046 tuas
673 1018 757 1054 quasi
769 1026 820 1054 per
831 1017 931 1045 introi-

180 1056 243 1081 tum
264 1053 346 1081 urbis
361 1053 522 1089 dissipatze.

103 1089 233 1126 Ungulis
239 1097 382 1125 equorum
390 1088 511 1117 suorum
520 1088 811 1118 conculcabitomnes
818 1089 930 1126 plateas

181 1128 248 1153 tuas
262 1133 269 1152 :

143 1161 286 1197 populum
300 1163 384 1188 tuum
400 1160 497 1197 gladio
509 1161 608 1196 caedet,

143 1196 290 1236 etstatuae
304 1199 359 1224 tua
376 1196 489 1236 nobiles
505 1197 534 1224 in
551 1199 659 1225 terram
676 1199 821 1225 corruent.
839 1232 843 1236 ⁴

103 1232 276 1261 Vastabunt
290 1240 359 1267 opes
374 1234 451 1266 tuas,

144 1269 286 1304 diripient
301 1268 511 1304 negotiationes
527 1270 593 1296 tuas
606 1277 613 1296 :

102 1305 144 1334 Et
158 1305 311 1332 destruent
323 1312 423 1332 muros
438 1306 517 1337 tuos,

145 1343 174 1368 et
190 1340 291 1367 domos
309 1342 376 1368 tuas
392 1340 546 1376 praeclaras
563 1339 752 1368 subvertant:

104 1377 144 1405 Et
159 1376 273 1412 lapides
283 1378 360 1409 tuos,
374 1379 403 1403 et
418 1376 498 1412 ligna
514 1379 575 1407 tua,

146 1414 175 1440 et
190 1411 339 1448 pulverem
355 1414 438 1439 tuum
452 1412 482 1438 in
498 1411 595 1448 medio
611 1419 755 1448 aquarum
776 1412 894 1446 ponent.

104 1449 145 1476 Et
160 1447 311 1484 quiescere
326 1447 430 1475 faciam
443 1447 665 1475 multitudinem
675 1447 856 1475 canticorum
868 1448 930 1473 tuo-

186 1491 264 1516 rum,

147 1522 176 1547 et
187 1519 301 1581 spnitus
312 1518 491 1546 cithararum
504 1520 622 1546 tuarum
638 1526 694 1546 non
706 1518 863 1546 audientur
873 1525 932 1545 am-

185 1563 202 1581 n
218 1563 273 1581 ius.

218 1563 273 1582 ius.

104 1593 147 1620 Et
162 1563 281 1618 dgbldlie
296 1590 324 1617 in
339 1589 579 1625 limpidissimam
594 1592 718 1626 petram,

148 1626 267 1654 siccatio
282 1633 456 1661 sagenarum
471 1625 540 1661 eris,

149 1671 203 1690 nec
219 1661 410 1689 aadiﬁcaberis
424 1661 500 1689 ultra
516 1670 523 1689 :

147 1699 218 1734 quia
235 1706 290 1734 ego
302 1697 419 1724 locutus
434 1705 511 1730 sum,
528 1697 569 1724 ait
585 1696 724 1725 Dominus
741 1696 826 1724 Deus.

105 1733 178 1762 Haec
192 1734 263 1761 dicit
278 1733 419 1760 Dominus
436 1735 510 1760 Deus
520 1735 593 1768 Tyro
607 1741 613 1760 :

104 1769 250 1804 Nunquid
269 1777 324 1796 non
337 1777 353 1796 a
369 1769 466 1796 sonitu
483 1767 573 1796 ruinae
588 1771 655 1802 tute,
672 1771 700 1796 et
713 1767 824 1804 gemitu
845 1767 934 1795 inter-

184 1807 323 1832 tectorum
338 1807 454 1832 tuorum
461 1825 468 1838 ,

148 1849 216 1869 cum
233 1840 321 1868 occisi
338 1840 456 1868 fuerunt
470 1841 498 1866 in
515 1840 611 1868 medio
627 1840 681 1873 tui,

108 1876 378 1915 commovebuntur
392 1876 494 1915 insciis
504 1875 518 1902 Ῥ
607 1911 613 1915 _
826 1910 831 1915 .
875 1910 880 1915 _

107 1914 148 1941 Et
163 1913 342 1940 descendent
356 1912 392 1939 de
420 1912 541 1939 sedibus
569 1911 632 1939 suis
657 1919 759 1939 omnes
789 1911 936 1946 principes

186 1956 277 1976 maris
289 1956 296 1975 Ζ

149 1986 179 2012 et
193 1984 327 2011 auferent
342 1983 460 2010 exuvias
476 1991 556 2014 suas,

149 2025 178 2047 et
193 2020 367 2047 vestimenta
382 2027 436 2046 sua
450 2019 530 2046 varia
545 2018 692 2054 abjicient,

149 2059 178 2083 et
194 2055 354 2083 induentur
370 2058 508 2091 stupore:

948 1564 970 1597 C

149 2146 157 2163 ¹
171 2145 299 2173 Verbum
312 2145 389 2172 istud
404 2144 499 2172 vineas
511 2152 568 2172 non
578 2143 774 2179 intelligentes
785 2145 895 2171 veteres
907 2143 939 2170 li-

106 2181 205 2209 brarii
222 2183 375 2208 mutarunt
390 2181 419 2208 in
434 2189 494 2208 mss
521 2179 631 2215 aliquot
645 2179 797 2207 codicibus
812 2180 840 2207 in
851 2179 940 2206 linea:

108 2217 165 2245 Est
181 2220 280 2244 autem
298 2218 392 2244 vinea:
409 2217 637 2244 instrumentum
656 2215 792 2243 bellicum
809 2215 864 2243 sub
880 2223 939 2250 quo

658 133 765 160 LIBER
783 133 996 161 EZECHIELIS
1015 132 1225 161 ΡΒΟΡΗΕΤΑΕ.

1735 141 1805 168 1034

939 197 965 230 Α
982 197 1015 222 In
1031 197 1110 223 terra
1123 196 1288 224 sedebunt:

1017 233 1045 259 et
1053 232 1177 294 t(attoniti
1192 241 1281 268 super
1296 235 1447 270 repentino
1464 244 1532 265 casu
1548 239 1598 265 tuo
1614 238 1806 268 admirabun-

1088 276 1111 294 r.

1088 276 1111 294 ι’.

981 302 1016 330 Et
1027 305 1218 342 assumeutes
1232 312 1322 341 super
1336 308 1362 333 te
1377 305 1550 342 lamentum,

1018 338 1117 366 dicent
1133 339 1208 367 tibi:

981 374 1250 418 Quomoddperisti
1261 376 1490 418 q_uie_hubitas_in
1506 381 1674 418 mari,rurbs
1688 382 1805 418 inclyta,

1018 418 1083 450 quas
1104 410 1300 450 t'uistigfortis
1319 412 1358 450 _in
1389 415 1461 442 mari
1491 424 1559 443 cum
1584 410 1806 446 habitatoribus

1018 445 1089 477 tuis,
1105 453 1180 481 quos
1194 445 1389 476 formidabant
1405 450 1558 479 universi?

981 481 1064 522 Nunc
1080 482 1243 522 stupebunt
1259 491 1346 522 naves
1362 484 1394 522 in
1408 485 1454 513 die
1472 488 1584 522 pavoris
1599 489 1661 517 tui:

1017 520 1045 544 et
1056 517 1253 556 turbabuniur
1269 519 1372 546 insulae
1389 521 1417 548 in
1435 517 1519 556 mari,

1018 561 1050 590 eo
1062 553 1140 590 quod
1153 553 1256 590 nullus
1271 556 1437 590 egrediatur
1451 566 1485 585 ex
1500 553 1536 586 te.

982 588 1127 632 Quializec
1142 589 1214 632 dicit
1237 588 1378 632 Dominus
1409 594 1484 632 [)eus
1510 595 1553 627 (Al
1581 596 1661 632 iam.
1693 598 1803 632 Deus):

982 627 1052 652 Cum
1069 624 1175 652 dedero
1192 627 1221 664 te
1232 626 1333 664 urbem
1360 624 1535 664 desolatam,
1565 631 1643 658 sicut
1673 624 1805 660 civitates

1055 667 1071 695 q
1078 668 1119 686 usa
1136 668 1192 688 non
1215 661 1405 696 habitantur;

1018 698 1047 736 et
1057 695 1206 736 adduxere
1222 705 1310 732 super
1325 702 1352 726 te
1368 695 1517 735 abyssum,

1018 734 1046 769 et
1061 734 1231 766 operuerint
1249 735 1275 760 te
1291 742 1373 769 aqua:
1390 736 1506 764 multis:

983 766 1017 794 Et
1032 767 1226 807 det_raxero_te
1242 777 1308 796 cum
1319 766 1371 798 'his
1388 771 1437 807 qui
1454 772 1638 801 descendunt
1653 774 1682 801 in
1708 774 1804 802 lacum

1053 803 1089 829 ad
1099 803 1249 841 populum
1265 803 1491 841 sempiternum.

1018 840 1047 866 et
1062 838 1241 879 collocaveru
1258 842 1285 868 te
1301 838 1422 879 in'terra
1437 844 1595 872 novissima
1611 845 1687 873 sicut
1700 845 1806 873 solitu-

1054 874 1137 916 dines
1146 878 1267 916 veteres,
1279 884 1344 916 cum
1356 878 1402 905 bis
1410 879 1459 914 qui
1467 880 1689 909 deducunturin
1697 881 1805 916 lucum,

1056 912 1086 937 ut
1102 918 1159 938 non
1176 911 1317 940 babiteris
1328 922 1337 940 .'

1018 947 1106 988 Porro
1122 954 1189 987 cum
1206 947 1313 988 dedero
1341 949 1395 983 (Al.
1414 950 1447 978 Et
1475 951 1594 988 dedero)
1623 952 1746 988 gloriam
1777 953 1805 980 in

1054 984 1131 1009 terra
1145 984 1317 1011 viventium.

983 1016 1013 1044 ln
1030 1016 1303 1056 nihilumredigam
1320 1023 1356 1054 te,
1370 1023 1398 1048 et
1414 1030 1471 1049 non
1487 1022 1555 1056 eris,

1018 1056 1047 1095 et
1062 1053 1202 1095 requisita
1214 1053 1439 1095 nou‘invenicris
1453 1057 1529 1085 ultra
1539 1053 1569 1086 in
1580 1060 1806 1095 sempiternum,

1019 1089 1090 1116 dicit
1106 1089 1249 1117 Dominus
1263 1092 1347 1119 Deus.

983 1124 1083 1187 (Cap;n
1078 1124 1258 1188 1:132:35:
1273 1126 1382 1155 factum
1406 1132 1449 1156 est
1475 1129 1595 1157 verbum
1625 1130 1741 1158 Domini
1770 1131 1806 1158 ad

1056 1168 1112 1195 me,
1130 1168 1252 1188 dicens:

984 1196 1027 1223 Tu
1043 1203 1122 1231 ergo,
1140 1196 1180 1223 ﬁli
1197 1196 1338 1227 hominis.

1019 1240 1143 1269 assume
1151 1240 1240 1268 super
1254 1233 1364 1269 Tyrum
1385 1234 1568 1264 lamentum:

984 1269 1018 1295 Et
1032 1266 1208 1307 dicesTyrd,
1225 1266 1288 1304 quas
1306 1269 1419 1307 habitat
1434 1271 1462 1298 in
1480 1272 1599 1300 introitu
1617 1273 1718 1307 maris,

1020 1303 1209 1345 negoti-aliam
1226 1303 1402 1345 populorum
1418 1308 1453 1335 ad
1471 1307 1583 1336 insulas
1601 1303 1729 1337 multas:

985 1338 1050 1366 Haec
1065 1338 1137 1366 dicit
1151 1338 1296 1368 Dominus
1313 1341 1389 1369 Deus
1400 1351 1410 1369 :

985 1375 1007 1402 Ο
1021 1375 1104 1415 Tyro,
1116 1377 1146 1401 tu
1161 1375 1260 1415 dixisti
1274 1385 1284 1415 ς
1299 1377 1421 1415 Perl'ecti
1436 1378 1550 1406 decoris
1565 1387 1617 1415 ego
1633 1388 1712 1413 sum,

1022 1414 1050 1438 et
1065 1410 1094 1437 in
1110 1411 1196 1438 corde
1212 1413 1301 1440 maris
1318 1413 1385 1441 sita.

986 1446 1172 1483 Finitimitui
1184 1447 1204 1480 ³,
1220 1447 1270 1483 qui
1286 1450 1313 1475 te
1325 1448 1553 1477 mdiﬁcaverunt.

1057 1481 1253 1517 impleverunt
1267 1483 1402 1511 decorem
1419 1487 1522 1512 tuum:

986 1517 1140 1545 Abietibus
1155 1518 1190 1546 de
1205 1518 1290 1546 Sanir
1305 1522 1511 1548 exstruxerunt
1526 1523 1554 1548 te

1026 1562 1092 1581 cum
1107 1554 1246 1582 omnibus
1263 1555 1373 1583 tabulis
1389 1556 1518 1584 maris“:

990 1589 1118 1617 Cedrum
1134 1590 1170 1617 de
1187 1589 1296 1618 Libano
1313 1591 1445 1619 tulerunt

1025 1628 1057 1652 ut
1073 1625 1201 1653 facerent
1216 1626 1268 1653 tibi
1286 1627 1407 1654 malum.

989 1661 1117 1692 Quercus
1132 1661 1168 1689 de
1182 1662 1274 1690 Basan
1290 1662 1463 1690 dolaverunt
1478 1663 1507 1690 in
1522 1671 1618 1691 remos
1635 1666 1720 1692 tuos:

1024 1698 1153 1724 transtra
1168 1699 1218 1724 tua
1233 1698 1363 1726 fecerunt
1378 1699 1430 1726 tibi
1446 1707 1480 1726 ex
1495 1699 1581 1727 ebore
1598 1699 1708 1732 Indico,

1025 1734 1054 1760 et
1070 1733 1232 1768 przctoriola
1247 1734 1282 1761 de
1298 1734 1404 1761 insulis
1417 1734 1515 1762 Italizc.

989 1768 1099 1803 Byssus
1113 1769 1194 1797 varia
1206 1769 1379 1806 deVZEgypto
1395 1773 1470 1798 texta
1485 1773 1530 1798 est
1545 1771 1597 1798 tibi
1615 1772 1644 1798 in
1659 1771 1757 1799 velum

1027 1809 1054 1831 ut
1072 1807 1230 1840 poneretur
1245 1805 1273 1832 in
1292 1805 1387 1833 malo:

989 1840 1171 1876 Hyacinthus
1186 1844 1214 1867 et
1230 1849 1359 1875 purpura
1373 1842 1408 1868 de
1424 1842 1529 1869 insulis
1545 1842 1621 1869 Eliso
1642 1843 1716 1870 facta
1744 1845 1814 1871 sunt

1061 1876 1276 1909 operimentum
1288 1879 1384 1904 tuum.

991 1911 1173 1948 Habitatores
1188 1911 1306 1939 Sidonis
1321 1914 1350 1939 et
1364 1912 1462 1939 Aradii
1478 1913 1519 1947 (h.
1536 1913 1631 1939 Arvad
1648 1913 1669 1948 ‘)
1695 1914 1812 1941 fuerunt

1063 1946 1189 1981 remiges
1203 1948 1245 1974 tui
1261 1955 1268 1974 :

1027 1983 1176 2019 sapientes
1190 1982 1244 2017 tui,
1258 1983 1342 2018 Tyre,
1357 1983 1423 2010 facti
1440 1985 1509 2010 sunt
1520 1983 1732 2019 gubernatores
1757 1985 1811 2012 tui.

991 2020 1080 2045 Senes
1094 2018 1178 2055 Biblii
1194 2019 1214 2051 ⁵,
1225 2021 1261 2055 et
1275 2019 1433 2055 prudentes
1449 2018 1727 2055 ejus,’prebuerunt
1742 2029 1812 2048 nau-

1064 2057 1109 2081 tas
1138 2054 1173 2081 ad
1191 2053 1387 2082 ministerium
1404 2053 1488 2082 variis
1515 2053 1706 2091 supellectilis
1735 2058 1815 2084 tua}:

996 2142 1079 2184 nulla
1094 2142 1256 2171 mutatione
1271 2142 1421 2171 literarum
1437 2144 1519 2172 fuclte
1550 2150 1583 2174 ω’
1603 2137 1688 2179 mn‘a,
1717 2146 1822 2174 tabulis

997 2187 1095 2206 maris.

1035 2215 1046 2231 ‘
1060 2214 1176 2252 Scholia
1188 2214 1374 2252 marginalia,
1391 2223 1455 2250 quas
1472 2216 1611 2252 deinceps
1621 2219 1778 2244 occurrunt
1794 2217 1822 2245 in

107 2255 319 2291 oppugnantes
335 2253 436 2280 urbem
453 2252 545 2280 tutius
563 2251 597 2279 ad
615 2260 715 2279 muros
728 2251 939 2279 subvertendos
955 2250 983 2282 Ι)
998 2250 1286 2291 E-zechieﬁpropbeta,
1302 2251 1460 2291 desumpta
1489 2255 1559 2291 sunt
1574 2250 1589 2291 ἐξ
1623 2252 1739 2291 Canada
1769 2253 1822 2280 Ec-

109 2290 261 2356 puegdagii
273 2288 461 2352 ᾖὶὲἷᾘθδν.
477 2323 598 2366 Tan—ac
614 2322 729 2359 proprie
745 2325 840 2357 sonat,
869 2322 944 2350 aedi-

107 2370 241 2405 ﬁcatores
256 2368 316 2402 lui;
333 2368 358 2396 si
374 2367 442 2396 aliis
457 2367 574 2404 punctis
590 2367 766 2405 instruatur,
783 2367 946 2405 satisAchm-

109 2402 203 2440 inode
218 2405 360 2437 redditur,
381 2405 437 2439 ﬁlii
457 2402 530 2434 ‘lui:
560 2403 639 2440 quod
667 2403 827 2440 prieferunt
857 2402 944 2435 LXX,

108 2439 246 2467 υἱοίσου.
278 2440 483 2474 Hieronymus,
510 2439 706 2474 qui’ﬁnitimi
735 2439 946 2474 interpretatus

111 2479 173 2509 est,
191 2476 300 2504 dicitur
310 2476 406 2504 doctis
414 2475 486 2503 viris
497 2477 655 2510 utramque
665 2474 817 2503 lectionem
830 2482 947 2502 servare

109 2511 269 2546 voluisse;
285 2512 363 2548 quod
380 2514 478 2539 tamen
495 2519 553 2547 qua
569 2511 682 2538 ratione
699 2510 876 2548 intelligant,
889 2518 946 2537 non

108 2548 225 2575 video:
244 2551 276 2575 ut
288 2546 366 2575 enim
382 2548 489 2574 demus
506 2546 670 2582 ’utcunque
696 2546 774 2582 filiis
791 2546 947 2579 ﬁnitimos,

111 2583 296 2618 comparari,
312 2584 349 2611 ab
363 2582 606 2611 adiﬁcationibus
622 2581 728 2610 nomen
739 2581 817 2618 illud
835 2581 949 2609 abludit

112 2617 251 2658 immane
267 2621 422 2658 quantum.
437 2619 497 2654 Ego
507 2626 578 2658 eam
602 2625 666 2658 esse
681 2617 807 2658 arbitror
822 2621 948 2658 veterem

111 2655 275 2694 lectionem
294 2656 441 2694 Latinam,
458 2663 546 2694 quam
563 2656 591 2694 β.
610 2656 694 2681 Pater
709 2654 948 2694 duxit_ret_inen-

115 2691 190 2718 dam
204 2700 212 2725 ;
230 2699 296 2718 nam
313 2694 342 2718 et
356 2689 488 2718 Graecum
505 2689 618 2718 celebre
633 2689 779 2724 exemplar
802 2689 949 2725 Parisien-

115 2727 201 2755 aium
216 2726 412 2758 Jesuitarum.
434 2726 464 2754 in
494 2725 658 2760 Hexaplicis
673 2734 690 2753 ιλ
719 2724 950 2753 Montet‘auconio

115 2763 277 2791 laudatum
294 2762 412 2798 praefert
426 2762 482 2790 sub
498 2759 638 2789 asterisco
654 2760 679 2787 οἱ
701 2759 811 2798 ὅμοροι,
840 2763 950 2788 conter-

115 2799 205 2832 mini,
222 2798 283 2826 sive
298 2799 423 2834 ﬁnitimi.

162 2842 174 2859 ³
188 2842 250 2870 Uno
266 2832 355 2870 verbo
371 2841 479 2878 legitur
494 2842 522 2869 in
540 2841 626 2878 Hebr.
646 2832 767 2876 Dtan),
778 2841 858 2878 quod
867 2842 953 2869 sonat

119 2877 300 2913 duplicibus,
315 2876 420 2914 nempe
436 2878 551 2905 tabulis.
568 2877 761 2914 Hieronymus
778 2885 835 2914 non
851 2876 952 2914 ineru-

125 2911 189 2941 dite
204 2915 325 2942 verbum
341 2911 414 2941 illud
431 2914 461 2941 in
477 2914 536 2941 duo
551 2916 595 2942 est
609 2911 793 2949 dispertitus,
810 2911 951 2948 legitque,

290 2973 424 3004 ΡΑτιιοι..
447 2971 582 3003 XXVIII.

998 2286 1094 2314 etesia:
1109 2286 1353 2322 Carcassonensis
1366 2294 1373 2314 :
1386 2287 1534 2322 exemplar
1544 2287 1622 2316 enim
1632 2289 1825 2316 Sun-Germa-

999 2330 1090 2365 nense
1107 2325 1240 2365 nostrum
1257 2321 1331 2365 nihil
1347 2321 1436 2350 habet
1450 2321 1486 2365 ad
1509 2324 1658 2365 margines
1681 2324 1823 2365 iibrorum

1021 2357 1236 2408 ropheticorum
1252 2360 1357 2408 praiier
1365 2359 1508 2393 quasdam
1522 2357 1670 2408 variantes
1685 2360 1825 2389 lectiones

1012 2393 1116 2421 evioris
1134 2394 1285 2421 momenti.
1302 2395 1393 2422 MART.

1036 2429 1047 2446 ⁸
1063 2430 1105 2457 Ita
1117 2428 1221 2465 legunt
1231 2437 1335 2457 omnes
1346 2438 1418 2458 mss.
1431 2430 1545 2458 codices
1556 2431 1683 2459 Biblioru
1690 2440 1729 2465 m,
1747 2431 1826 2460 nullo

1001 2468 1119 2500 excepto
1135 2465 1221 2492 exiis
1241 2473 1314 2500 quos
1344 2465 1536 2501 inspeximus.
1564 2467 1686 2495 Variant
1714 2468 1827 2495 solum-

1002 2501 1089 2528 modo
1106 2500 1134 2527 in
1151 2509 1220 2538 voce
1242 2500 1444 2538 przbueruht;
1476 2503 1545 2538 quia
1574 2502 1672 2538 plures
1701 2503 1829 2530 retinent

1002 2539 1171 2572 corruptam
1190 2536 1345 2574 lectionem
1361 2536 1538 2574 halguerant.
1567 2536 1600 2566 In
1623 2539 1736 2568 cunctis
1756 2547 1827 2574 quo-

1003 2581 1060 2608 que
1076 2571 1147 2600 mss.
1165 2571 1385 2608 exemplaribus
1401 2573 1684 2601 Commentariorum
1701 2577 1730 2601 S.
1760 2571 1828 2602 Hie-

1005 2607 1118 2644 ronymi
1135 2608 1164 2634 in
1178 2607 1368 2645 Ezechielem,
1384 2611 1429 2636 ter
1445 2609 1499 2636 hoc
1516 2610 1602 2637 modo
1629 2611 1758 2645 positum
1783 2610 1828 2638 in-

1003 2643 1139 2671 venimus
1153 2651 1160 2670 :
1176 2643 1259 2681 Sane:
1275 2644 1370 2679 Bybiii
1381 2648 1405 2671 et
1420 2645 1568 2679 prudentes
1584 2643 1642 2680 ejus
1654 2646 1831 2681 prwlmerrnt

1005 2684 1115 2707 nautas.
1132 2682 1175 2706 etc
1193 2679 1373 2715 iMirumque
1389 2680 1472 2707 nobis
1488 2683 1532 2708 est
1546 2679 1624 2709 viros
1639 2679 1740 2709 doctos
1760 2682 1832 2709 adeo

1006 2715 1095 2743 falsos
1110 2722 1175 2743 esse
1192 2714 1240 2753 hic
1253 2714 1369 2750 loci,'ut
1384 2715 1513 2752 putarint
1533 2720 1652 2753 propter
1678 2718 1831 2745 Hebraeum

1006 2759 1181 2788 hodiernum
1211 2751 1263 2790 Βπλ
1295 2765 1358 2795 πῦιῖτ
1386 2751 1468 2788 scene
1492 2751 1596 2795 gebat;
1615 2761 1643 2789 id
1674 2764 1732 2795 est,
1758 2770 1834 2790 senes

1008 2804 1102 2838 Giblii,
1119 2804 1149 2831 in
1165 2803 1249 2838 libris
1275 2803 1348 2831 LXX
1372 2813 1469 2833 errore
1494 2805 1680 2834 librariorum
1707 2803 1831 2833 Βιϐλίων

1007 2840 1075 2876 legi.
1094 2836 1144 2875 pro
1162 2836 1281 2878 Γιϐλίων
1295 2843 1347 2878 ;_et
1369 2840 1517 2878 Geibalitas
1547 2850 1567 2878 ar
1589 2842 1731 2878 propheta
1756 2851 1834 2870 nunc

1009 2878 1198 2915 memoratos,
1218 2876 1390 2915 ingeniosos
1403 2877 1495 2915 fuisse
1511 2876 1699 2915 architectos,
1724 2878 1775 2915 qui
1805 2879 1834 2905 in

1009 2912 1206 2940 exstructione
1223 2911 1326 2947 templi
1344 2912 1523 2941 Salomonici
1538 2911 1741 2943 celebrantur:
1753 2915 1834 2947 Quod

1636 2975 1675 3006 33
