  <div class='ocr_page' id='page_1' title='image "/cluster/home/n/w/nwhite01/storage/ocr_20150623/28/hvd.32044052824265/578.png"; bbox 0 0 4028 6178; ppageno 0'>
   <div class='ocr_carea' id='block_1_1' title="bbox 199 202 342 257">
    <p class='ocr_par' dir='ltr' id='par_1_1' title="bbox 199 202 342 257">
     <span class='ocr_line' id='line_1_1' title="bbox 199 202 342 257; baseline -0.014 0"><span class='ocrx_word' id='word_1_1' title='bbox 199 202 342 257; x_wconf 80' lang='grc' dir='ltr'>1οἲ9</span> 
     </span>
    </p>
   </div>
   <div class='ocr_carea' id='block_1_2' title="bbox 344 328 1931 404">
    <p class='ocr_par' dir='ltr' id='par_1_2' title="bbox 344 328 1931 404">
     <span class='ocr_line' id='line_1_2' title="bbox 344 328 1931 404; baseline -0.001 -20"><span class='ocrx_word' id='word_1_2' title='bbox 344 330 629 404; x_wconf 85' lang='lat' dir='ltr'>rentibus,</span> <span class='ocrx_word' id='word_1_3' title='bbox 661 329 1049 404; x_wconf 77' lang='lat' dir='ltr'>vallibusque,</span> <span class='ocrx_word' id='word_1_4' title='bbox 1102 336 1159 388; x_wconf 91' lang='lat' dir='ltr'>et</span> <span class='ocrx_word' id='word_1_5' title='bbox 1207 332 1476 401; x_wconf 82' lang='lat' dir='ltr'>desertis,</span> <span class='ocrx_word' id='word_1_6' title='bbox 1519 328 1844 404; x_wconf 80' lang='lat' dir='ltr'>parietinis,</span> <span class='ocrx_word' id='word_1_7' title='bbox 1878 332 1931 397; x_wconf 75' lang='grc' dir='ltr'><strong>Α</strong></span> 
     </span>
    </p>
   </div>
   <div class='ocr_carea' id='block_1_3' title="bbox 345 402 1018 473">
    <p class='ocr_par' dir='ltr' id='par_1_3' title="bbox 345 402 1018 473">
     <span class='ocr_line' id='line_1_3' title="bbox 345 402 1018 473; baseline 0.003 -17"><span class='ocrx_word' id='word_1_8' title='bbox 345 408 402 456; x_wconf 89' lang='lat' dir='ltr'>et</span> <span class='ocrx_word' id='word_1_9' title='bbox 436 402 678 457; x_wconf 78' lang='lat' dir='ltr'>urbibus</span> <span class='ocrx_word' id='word_1_10' title='bbox 705 402 1018 473; x_wconf 81' lang='lat' dir='ltr'>derelictis,</span> 
     </span>
    </p>
   </div>
   <div class='ocr_carea' id='block_1_4' title="bbox 273 473 1852 546">
    <p class='ocr_par' dir='ltr' id='par_1_4' title="bbox 273 473 1852 546">
     <span class='ocr_line' id='line_1_4' title="bbox 273 473 1852 546; baseline 0.001 -18"><span class='ocrx_word' id='word_1_11' title='bbox 273 491 399 545; x_wconf 75' lang='lat' dir='ltr'>qua:</span> <span class='ocrx_word' id='word_1_12' title='bbox 432 474 797 544; x_wconf 63' lang='lat' dir='ltr'>depopulata:</span> <span class='ocrx_word' id='word_1_13' title='bbox 830 480 988 538; x_wconf 90' lang='lat' dir='ltr'>sunt,</span> <span class='ocrx_word' id='word_1_14' title='bbox 1021 479 1078 530; x_wconf 90' lang='lat' dir='ltr'>et</span> <span class='ocrx_word' id='word_1_15' title='bbox 1107 477 1484 532; x_wconf 71' lang='lat' dir='ltr'>subsannatze</span> <span class='ocrx_word' id='word_1_16' title='bbox 1531 492 1565 529; x_wconf 90' lang='lat' dir='ltr'>a</span> <span class='ocrx_word' id='word_1_17' title='bbox 1606 473 1852 546; x_wconf 78' lang='lat' dir='ltr'>reliquis</span> 
     </span>
    </p>
   </div>
   <div class='ocr_carea' id='block_1_5' title="bbox 350 546 1127 617">
    <p class='ocr_par' dir='ltr' id='par_1_5' title="bbox 350 546 1127 617">
     <span class='ocr_line' id='line_1_5' title="bbox 350 546 1127 617; baseline 0.005 -19"><span class='ocrx_word' id='word_1_18' title='bbox 350 546 623 616; x_wconf 79' lang='lat' dir='ltr'>gentibus</span> <span class='ocrx_word' id='word_1_19' title='bbox 657 562 758 617; x_wconf 88' lang='lat' dir='ltr'>per</span> <span class='ocrx_word' id='word_1_20' title='bbox 790 546 1127 603; x_wconf 82' lang='lat' dir='ltr'>circuitum.</span> 
     </span>
    </p>
   </div>
   <div class='ocr_carea' id='block_1_6' title="bbox 206 616 1387 687">
    <p class='ocr_par' dir='ltr' id='par_1_6' title="bbox 206 616 1387 687">
     <span class='ocr_line' id='line_1_6' title="bbox 206 616 1387 687; baseline 0.003 -16"><span class='ocrx_word' id='word_1_21' title='bbox 206 617 528 687; x_wconf 78' lang='lat' dir='ltr'>Propterea</span> <span class='ocrx_word' id='word_1_22' title='bbox 558 616 677 671; x_wconf 55' lang='lat' dir='ltr'>haec</span> <span class='ocrx_word' id='word_1_23' title='bbox 706 616 848 671; x_wconf 82' lang='lat' dir='ltr'>dicit</span> <span class='ocrx_word' id='word_1_24' title='bbox 876 618 1161 673; x_wconf 85' lang='lat' dir='ltr'>Dominus</span> <span class='ocrx_word' id='word_1_25' title='bbox 1199 620 1387 675; x_wconf 85' lang='lat' dir='ltr'>Deus:</span> 
     </span>
    </p>
   </div>
   <div class='ocr_carea' id='block_1_7' title="bbox 200 688 1852 761">
    <p class='ocr_par' dir='ltr' id='par_1_7' title="bbox 200 688 1852 761">
     <span class='ocr_line' id='line_1_7' title="bbox 200 688 1852 761; baseline 0.002 -18"><span class='ocrx_word' id='word_1_26' title='bbox 200 689 501 761; x_wconf 79' lang='lat' dir='ltr'>Quoniam</span> <span class='ocrx_word' id='word_1_27' title='bbox 526 688 583 741; x_wconf 92' lang='lat' dir='ltr'>in</span> <span class='ocrx_word' id='word_1_28' title='bbox 618 688 883 761; x_wconf 15' lang='lat' dir='ltr'>igneizeli</span> <span class='ocrx_word' id='word_1_29' title='bbox 919 690 1029 744; x_wconf 90' lang='lat' dir='ltr'>mei</span> <span class='ocrx_word' id='word_1_30' title='bbox 1064 691 1291 761; x_wconf 87' lang='lat' dir='ltr'>locutus</span> <span class='ocrx_word' id='word_1_31' title='bbox 1323 707 1453 747; x_wconf 88' lang='lat' dir='ltr'>sum</span> <span class='ocrx_word' id='word_1_32' title='bbox 1487 691 1558 747; x_wconf 92' lang='lat' dir='ltr'>de</span> <span class='ocrx_word' id='word_1_33' title='bbox 1608 689 1852 761; x_wconf 91' lang='lat' dir='ltr'>reliquis</span> 
     </span>
    </p>
   </div>
   <div class='ocr_carea' id='block_1_8' title="bbox 348 760 1423 830">
    <p class='ocr_par' dir='ltr' id='par_1_8' title="bbox 348 760 1423 830">
     <span class='ocr_line' id='line_1_8' title="bbox 348 760 1423 830; baseline 0.004 -17"><span class='ocrx_word' id='word_1_34' title='bbox 348 760 623 830; x_wconf 82' lang='lat' dir='ltr'>gentibus</span> <span class='ocrx_word' id='word_1_35' title='bbox 653 766 710 814; x_wconf 89' lang='lat' dir='ltr'>et</span> <span class='ocrx_word' id='word_1_36' title='bbox 740 760 1098 827; x_wconf 67' lang='lat' dir='ltr'>deldumaza</span> <span class='ocrx_word' id='word_1_37' title='bbox 1130 760 1423 828; x_wconf 88' lang='lat' dir='ltr'>universa,</span> 
     </span>
    </p>
   </div>
   <div class='ocr_carea' id='block_1_9' title="bbox 274 832 1850 903">
    <p class='ocr_par' dir='ltr' id='par_1_9' title="bbox 274 832 1850 903">
     <span class='ocr_line' id='line_1_9' title="bbox 274 832 1850 903; baseline 0.003 -18"><span class='ocrx_word' id='word_1_38' title='bbox 274 848 401 903; x_wconf 74' lang='lat' dir='ltr'>quae</span> <span class='ocrx_word' id='word_1_39' title='bbox 427 832 705 886; x_wconf 88' lang='lat' dir='ltr'>dederunt</span> <span class='ocrx_word' id='word_1_40' title='bbox 727 837 940 887; x_wconf 89' lang='lat' dir='ltr'>terram</span> <span class='ocrx_word' id='word_1_41' title='bbox 982 849 1172 887; x_wconf 89' lang='lat' dir='ltr'>meam</span> <span class='ocrx_word' id='word_1_42' title='bbox 1205 834 1315 889; x_wconf 88' lang='lat' dir='ltr'>sibi</span> <span class='ocrx_word' id='word_1_43' title='bbox 1348 835 1406 889; x_wconf 92' lang='lat' dir='ltr'>in</span> <span class='ocrx_word' id='word_1_44' title='bbox 1452 833 1850 889; x_wconf 73' lang='lat' dir='ltr'>baereditatem</span> 
     </span>
    </p>
   </div>
   <div class='ocr_carea' id='block_1_10' title="bbox 349 902 1669 975">
    <p class='ocr_par' dir='ltr' id='par_1_10' title="bbox 349 902 1669 975">
     <span class='ocr_line' id='line_1_10' title="bbox 349 902 1669 975; baseline 0.002 -17"><span class='ocrx_word' id='word_1_45' title='bbox 349 919 482 958; x_wconf 91' lang='lat' dir='ltr'>cum</span> <span class='ocrx_word' id='word_1_46' title='bbox 517 902 755 973; x_wconf 84' lang='lat' dir='ltr'>gaudio,</span> <span class='ocrx_word' id='word_1_47' title='bbox 784 910 841 958; x_wconf 91' lang='lat' dir='ltr'>et</span> <span class='ocrx_word' id='word_1_48' title='bbox 872 910 992 959; x_wconf 90' lang='lat' dir='ltr'>toto</span> <span class='ocrx_word' id='word_1_49' title='bbox 1026 905 1220 975; x_wconf 88' lang='lat' dir='ltr'>corde,</span> <span class='ocrx_word' id='word_1_50' title='bbox 1252 911 1309 961; x_wconf 89' lang='lat' dir='ltr'>et</span> <span class='ocrx_word' id='word_1_51' title='bbox 1337 922 1406 961; x_wconf 83' lang='lat' dir='ltr'>ex</span> <span class='ocrx_word' id='word_1_52' title='bbox 1432 905 1669 961; x_wconf 88' lang='lat' dir='ltr'>animo:</span> 
     </span>
    </p>
   </div>
   <div class='ocr_carea' id='block_1_11' title="bbox 272 976 1276 1043">
    <p class='ocr_par' dir='ltr' id='par_1_11' title="bbox 272 976 1276 1043">
     <span class='ocr_line' id='line_1_11' title="bbox 272 976 1276 1043; baseline 0.004 -15"><span class='ocrx_word' id='word_1_53' title='bbox 272 979 333 1028; x_wconf 90' lang='lat' dir='ltr'>et</span> <span class='ocrx_word' id='word_1_54' title='bbox 362 976 657 1043; x_wconf 87' lang='lat' dir='ltr'>ejecerunt</span> <span class='ocrx_word' id='word_1_55' title='bbox 686 991 815 1029; x_wconf 90' lang='lat' dir='ltr'>eam</span> <span class='ocrx_word' id='word_1_56' title='bbox 849 982 911 1031; x_wconf 92' lang='lat' dir='ltr'>ut</span> <span class='ocrx_word' id='word_1_57' title='bbox 941 981 1276 1032; x_wconf 83' lang='lat' dir='ltr'>vastarent:</span> 
     </span>
    </p>
   </div>
   <div class='ocr_carea' id='block_1_12' title="bbox 200 1046 1511 1119">
    <p class='ocr_par' dir='ltr' id='par_1_12' title="bbox 200 1046 1511 1119">
     <span class='ocr_line' id='line_1_12' title="bbox 200 1046 1511 1119; baseline 0.002 -19"><span class='ocrx_word' id='word_1_58' title='bbox 200 1046 429 1119; x_wconf 81' lang='lat' dir='ltr'>Idcirco</span> <span class='ocrx_word' id='word_1_59' title='bbox 462 1046 783 1119; x_wconf 87' lang='lat' dir='ltr'>vaticinare</span> <span class='ocrx_word' id='word_1_60' title='bbox 815 1064 995 1119; x_wconf 89' lang='lat' dir='ltr'>super</span> <span class='ocrx_word' id='word_1_61' title='bbox 1025 1047 1273 1119; x_wconf 88' lang='lat' dir='ltr'>humum</span> <span class='ocrx_word' id='word_1_62' title='bbox 1307 1047 1511 1114; x_wconf 86' lang='lat' dir='ltr'>Israel,</span> 
     </span>
    </p>
   </div>
   <div class='ocr_carea' id='block_1_13' title="bbox 271 1117 1845 1192">
    <p class='ocr_par' dir='ltr' id='par_1_13' title="bbox 271 1117 1845 1192">
     <span class='ocr_line' id='line_1_13' title="bbox 271 1117 1845 1192; baseline 0.003 -21"><span class='ocrx_word' id='word_1_63' title='bbox 271 1124 333 1171; x_wconf 88' lang='lat' dir='ltr'>et</span> <span class='ocrx_word' id='word_1_64' title='bbox 366 1117 523 1192; x_wconf 82' lang='lat' dir='ltr'>dices</span> <span class='ocrx_word' id='word_1_65' title='bbox 558 1118 860 1192; x_wconf 82' lang='lat' dir='ltr'>montibus</span> <span class='ocrx_word' id='word_1_66' title='bbox 892 1117 945 1174; x_wconf 86' lang='lat' dir='ltr'>et</span> <span class='ocrx_word' id='word_1_67' title='bbox 976 1118 1265 1176; x_wconf 89' lang='lat' dir='ltr'>collibus:</span> <span class='ocrx_word' id='word_1_68' title='bbox 1298 1120 1456 1192; x_wconf 85' lang='lat' dir='ltr'>jugis</span> <span class='ocrx_word' id='word_1_69' title='bbox 1486 1122 1544 1174; x_wconf 89' lang='lat' dir='ltr'>et</span> <span class='ocrx_word' id='word_1_70' title='bbox 1574 1118 1845 1175; x_wconf 85' lang='lat' dir='ltr'>vallibus:</span> 
     </span>
    </p>
   </div>
   <div class='ocr_carea' id='block_1_14' title="bbox 202 1189 1051 1245">
    <p class='ocr_par' dir='ltr' id='par_1_14' title="bbox 202 1189 1051 1245">
     <span class='ocr_line' id='line_1_14' title="bbox 202 1189 1051 1245; baseline 0.004 -3"><span class='ocrx_word' id='word_1_71' title='bbox 202 1189 333 1243; x_wconf 59' lang='lat' dir='ltr'>Haec</span> <span class='ocrx_word' id='word_1_72' title='bbox 368 1189 510 1243; x_wconf 87' lang='lat' dir='ltr'>dicit</span> <span class='ocrx_word' id='word_1_73' title='bbox 545 1191 828 1245; x_wconf 87' lang='lat' dir='ltr'>Dominus</span> <span class='ocrx_word' id='word_1_74' title='bbox 862 1192 1051 1245; x_wconf 87' lang='lat' dir='ltr'>Deus:</span> 
     </span>
    </p>
   </div>
   <div class='ocr_carea' id='block_1_15' title="bbox 196 1259 1845 1332">
    <p class='ocr_par' dir='ltr' id='par_1_15' title="bbox 196 1259 1845 1332">
     <span class='ocr_line' id='line_1_15' title="bbox 196 1259 1845 1332; baseline 0.004 -19"><span class='ocrx_word' id='word_1_75' title='bbox 196 1261 347 1316; x_wconf 86' lang='lat' dir='ltr'>Ecce</span> <span class='ocrx_word' id='word_1_76' title='bbox 377 1276 481 1332; x_wconf 87' lang='lat' dir='ltr'>ego</span> <span class='ocrx_word' id='word_1_77' title='bbox 514 1260 570 1314; x_wconf 89' lang='lat' dir='ltr'>in</span> <span class='ocrx_word' id='word_1_78' title='bbox 596 1259 717 1315; x_wconf 88' lang='lat' dir='ltr'>zelo</span> <span class='ocrx_word' id='word_1_79' title='bbox 742 1268 964 1327; x_wconf 88' lang='lat' dir='ltr'>meo,et</span> <span class='ocrx_word' id='word_1_80' title='bbox 994 1261 1053 1316; x_wconf 93' lang='lat' dir='ltr'>in</span> <span class='ocrx_word' id='word_1_81' title='bbox 1084 1263 1276 1318; x_wconf 87' lang='lat' dir='ltr'>furore</span> <span class='ocrx_word' id='word_1_82' title='bbox 1305 1280 1432 1317; x_wconf 83' lang='lat' dir='ltr'>men</span> <span class='ocrx_word' id='word_1_83' title='bbox 1454 1261 1685 1318; x_wconf 87' lang='lat' dir='ltr'>locutus</span> <span class='ocrx_word' id='word_1_84' title='bbox 1716 1280 1845 1319; x_wconf 91' lang='lat' dir='ltr'>sum</span> 
     </span>
    </p>
   </div>
   <div class='ocr_carea' id='block_1_16' title="bbox 270 1332 1704 1405">
    <p class='ocr_par' dir='ltr' id='par_1_16' title="bbox 270 1332 1704 1405">
     <span class='ocr_line' id='line_1_16' title="bbox 270 1332 1704 1405; baseline 0.004 -20"><span class='ocrx_word' id='word_1_85' title='bbox 270 1348 339 1405; x_wconf 93' lang='lat' dir='ltr'>eo</span> <span class='ocrx_word' id='word_1_86' title='bbox 370 1333 524 1405; x_wconf 83' lang='lat' dir='ltr'>quod</span> <span class='ocrx_word' id='word_1_87' title='bbox 558 1332 959 1389; x_wconf 79' lang='lat' dir='ltr'>confusionem</span> <span class='ocrx_word' id='word_1_88' title='bbox 992 1333 1251 1405; x_wconf 89' lang='lat' dir='ltr'>gentium</span> <span class='ocrx_word' id='word_1_89' title='bbox 1286 1335 1704 1391; x_wconf 87' lang='lat' dir='ltr'>sustinueritis.</span> 
     </span>
    </p>
   </div>
   <div class='ocr_carea' id='block_1_17' title="bbox 202 1403 1304 1462">
    <p class='ocr_par' dir='ltr' id='par_1_17' title="bbox 202 1403 1304 1462">
     <span class='ocr_line' id='line_1_17' title="bbox 202 1403 1304 1462; baseline 0.003 -4"><span class='ocrx_word' id='word_1_90' title='bbox 202 1404 433 1458; x_wconf 87' lang='lat' dir='ltr'>Idcirco</span> <span class='ocrx_word' id='word_1_91' title='bbox 464 1403 586 1458; x_wconf 73' lang='lat' dir='ltr'>hzrc</span> <span class='ocrx_word' id='word_1_92' title='bbox 617 1404 759 1459; x_wconf 81' lang='lat' dir='ltr'>dicit</span> <span class='ocrx_word' id='word_1_93' title='bbox 792 1403 1081 1461; x_wconf 84' lang='lat' dir='ltr'>Dominus</span> <span class='ocrx_word' id='word_1_94' title='bbox 1114 1406 1304 1462; x_wconf 89' lang='lat' dir='ltr'>Deus:</span> 
     </span>
    </p>
   </div>
   <div class='ocr_carea' id='block_1_18' title="bbox 201 1473 1068 1546">
    <p class='ocr_par' dir='ltr' id='par_1_18' title="bbox 201 1473 1068 1546">
     <span class='ocr_line' id='line_1_18' title="bbox 201 1473 1068 1546; baseline 0.003 -17"><span class='ocrx_word' id='word_1_95' title='bbox 201 1476 327 1546; x_wconf 85' lang='lat' dir='ltr'>Ego</span> <span class='ocrx_word' id='word_1_96' title='bbox 358 1473 541 1529; x_wconf 83' lang='lat' dir='ltr'>levavi</span> <span class='ocrx_word' id='word_1_97' title='bbox 576 1492 819 1530; x_wconf 77' lang='lat' dir='ltr'>manum</span> <span class='ocrx_word' id='word_1_98' title='bbox 851 1493 1068 1541; x_wconf 88' lang='lat' dir='ltr'>meam,</span> 
     </span>
    </p>
   </div>
   <div class='ocr_carea' id='block_1_19' title="bbox 275 1548 1850 1621">
    <p class='ocr_par' dir='ltr' id='par_1_19' title="bbox 275 1548 1850 1621">
     <span class='ocr_line' id='line_1_19' title="bbox 275 1548 1850 1621; baseline 0.005 -21"><span class='ocrx_word' id='word_1_99' title='bbox 275 1551 595 1621; x_wconf 82' lang='lat' dir='ltr'>ut_gentes,</span> <span class='ocrx_word' id='word_1_100' title='bbox 625 1564 754 1617; x_wconf 63' lang='lat' dir='ltr'>quae</span> <span class='ocrx_word' id='word_1_101' title='bbox 785 1548 841 1602; x_wconf 92' lang='lat' dir='ltr'>in</span> <span class='ocrx_word' id='word_1_102' title='bbox 875 1548 1121 1603; x_wconf 85' lang='lat' dir='ltr'>circuitu</span> <span class='ocrx_word' id='word_1_103' title='bbox 1147 1551 1338 1603; x_wconf 90' lang='lat' dir='ltr'>vestro</span> <span class='ocrx_word' id='word_1_104' title='bbox 1362 1552 1521 1616; x_wconf 85' lang='lat' dir='ltr'>sunt,</span> <span class='ocrx_word' id='word_1_105' title='bbox 1555 1549 1693 1621; x_wconf 73' lang='lat' dir='ltr'>ipsae</span> <span class='ocrx_word' id='word_1_106' title='bbox 1718 1568 1850 1607; x_wconf 84' lang='lat' dir='ltr'>con-</span> 
     </span>
    </p>
   </div>
   <div class='ocr_carea' id='block_1_20' title="bbox 346 1618 1122 1691">
    <p class='ocr_par' dir='ltr' id='par_1_20' title="bbox 346 1618 1122 1691">
     <span class='ocr_line' id='line_1_20' title="bbox 346 1618 1122 1691; baseline 0.003 -20"><span class='ocrx_word' id='word_1_107' title='bbox 346 1618 638 1673; x_wconf 87' lang='lat' dir='ltr'>fusionem</span> <span class='ocrx_word' id='word_1_108' title='bbox 674 1636 842 1674; x_wconf 88' lang='lat' dir='ltr'>suam</span> <span class='ocrx_word' id='word_1_109' title='bbox 872 1624 1122 1691; x_wconf 84' lang='lat' dir='ltr'>portent.</span> 
     </span>
    </p>
   </div>
   <div class='ocr_carea' id='block_1_21' title="bbox 1341 164 2466 263">
    <p class='ocr_par' dir='ltr' id='par_1_21' title="bbox 1341 164 2466 263">
     <span class='ocr_line' id='line_1_21' title="bbox 1341 164 2466 263; baseline -0.004 -3"><span class='ocrx_word' id='word_1_110' title='bbox 1341 164 1553 263; x_wconf 51' lang='lat' dir='ltr'>LIBER</span> <span class='ocrx_word' id='word_1_111' title='bbox 1592 205 2011 259; x_wconf 71' lang='lat' dir='ltr'>EZECHIELIS</span> <span class='ocrx_word' id='word_1_112' title='bbox 2048 204 2466 257; x_wconf 72' lang='lat' dir='ltr'>PROPHETE.</span> 
     </span>
    </p>
   </div>
   <div class='ocr_carea' id='block_1_22' title="bbox 3467 212 3606 267">
    <p class='ocr_par' dir='ltr' id='par_1_22' title="bbox 3467 212 3606 267">
     <span class='ocr_line' id='line_1_22' title="bbox 3467 212 3606 267; baseline 0.014 -2"><span class='ocrx_word' id='word_1_113' title='bbox 3467 212 3606 267; x_wconf 80' lang='grc'>1050</span> 
     </span>
    </p>
   </div>
   <div class='ocr_carea' id='block_1_23' title="bbox 2104 326 3068 400">
    <p class='ocr_par' dir='ltr' id='par_1_23' title="bbox 2104 326 3068 400">
     <span class='ocr_line' id='line_1_23' title="bbox 2104 326 3068 400; baseline 0.004 -19"><span class='ocrx_word' id='word_1_114' title='bbox 2104 326 2159 381; x_wconf 90' lang='lat' dir='ltr'>in</span> <span class='ocrx_word' id='word_1_115' title='bbox 2194 329 2468 399; x_wconf 84' lang='lat' dir='ltr'>gentibus</span> <span class='ocrx_word' id='word_1_116' title='bbox 2500 329 2571 384; x_wconf 90' lang='lat' dir='ltr'>ad</span> <span class='ocrx_word' id='word_1_117' title='bbox 2606 345 2752 400; x_wconf 90' lang='lat' dir='ltr'>quas</span> <span class='ocrx_word' id='word_1_118' title='bbox 2785 326 3068 385; x_wconf 86' lang='lat' dir='ltr'>intrastis.</span> 
     </span>
    </p>
   </div>
   <div class='ocr_carea' id='block_1_24' title="bbox 1962 399 3605 479">
    <p class='ocr_par' dir='ltr' id='par_1_24' title="bbox 1962 399 3605 479">
     <span class='ocr_line' id='line_1_24' title="bbox 1962 399 3605 479; baseline 0.007 -26"><span class='ocrx_word' id='word_1_119' title='bbox 1962 399 2029 453; x_wconf 89' lang='lat' dir='ltr'>Et</span> <span class='ocrx_word' id='word_1_120' title='bbox 2050 400 2425 479; x_wconf 30' lang='lat' dir='ltr'>sanctificab-o</span> <span class='ocrx_word' id='word_1_121' title='bbox 2446 416 2656 479; x_wconf 86' lang='lat' dir='ltr'>nomen</span> <span class='ocrx_word' id='word_1_122' title='bbox 2684 417 2877 455; x_wconf 90' lang='lat' dir='ltr'>meum</span> <span class='ocrx_word' id='word_1_123' title='bbox 2903 417 3205 473; x_wconf 89' lang='lat' dir='ltr'>magnum,</span> <span class='ocrx_word' id='word_1_124' title='bbox 3232 407 3386 475; x_wconf 88' lang='lat' dir='ltr'>quod</span> <span class='ocrx_word' id='word_1_125' title='bbox 3411 407 3605 479; x_wconf 88' lang='lat' dir='ltr'>pollu-</span> 
     </span>
    </p>
   </div>
   <div class='ocr_carea' id='block_1_25' title="bbox 2102 474 2789 545">
    <p class='ocr_par' dir='ltr' id='par_1_25' title="bbox 2102 474 2789 545">
     <span class='ocr_line' id='line_1_25' title="bbox 2102 474 2789 545; baseline 0.003 -20"><span class='ocrx_word' id='word_1_126' title='bbox 2102 475 2228 545; x_wconf 80' lang='lat' dir='ltr'>tum</span> <span class='ocrx_word' id='word_1_127' title='bbox 2261 478 2351 545; x_wconf 86' lang='lat' dir='ltr'>est</span> <span class='ocrx_word' id='word_1_128' title='bbox 2382 474 2534 528; x_wconf 91' lang='lat' dir='ltr'>inter</span> <span class='ocrx_word' id='word_1_129' title='bbox 2552 478 2789 545; x_wconf 82' lang='lat' dir='ltr'>gentes,</span> 
     </span>
    </p>
   </div>
   <div class='ocr_carea' id='block_1_26' title="bbox 2031 543 3106 614">
    <p class='ocr_par' dir='ltr' id='par_1_26' title="bbox 2031 543 3106 614">
     <span class='ocr_line' id='line_1_26' title="bbox 2031 543 3106 614; baseline 0.003 -17"><span class='ocrx_word' id='word_1_130' title='bbox 2031 543 2188 614; x_wconf 89' lang='lat' dir='ltr'>quod</span> <span class='ocrx_word' id='word_1_131' title='bbox 2223 543 2515 613; x_wconf 87' lang='lat' dir='ltr'>polluistis</span> <span class='ocrx_word' id='word_1_132' title='bbox 2546 543 2606 599; x_wconf 83' lang='lat' dir='ltr'>in</span> <span class='ocrx_word' id='word_1_133' title='bbox 2639 544 2829 600; x_wconf 89' lang='lat' dir='ltr'>medio</span> <span class='ocrx_word' id='word_1_134' title='bbox 2860 560 3063 599; x_wconf 89' lang='lat' dir='ltr'>eorum</span> <span class='ocrx_word' id='word_1_135' title='bbox 3093 562 3106 600; x_wconf 91' lang='lat'>:</span> 
     </span>
    </p>
   </div>
   <div class='ocr_carea' id='block_1_27' title="bbox 1961 612 3597 691">
    <p class='ocr_par' dir='ltr' id='par_1_27' title="bbox 1961 612 3597 691">
     <span class='ocr_line' id='line_1_27' title="bbox 1961 612 3597 691; baseline 0.007 -23"><span class='ocrx_word' id='word_1_136' title='bbox 1961 612 2033 668; x_wconf 93' lang='lat' dir='ltr'>Ut</span> <span class='ocrx_word' id='word_1_137' title='bbox 2054 612 2253 669; x_wconf 79' lang='lat' dir='ltr'>sciant</span> <span class='ocrx_word' id='word_1_138' title='bbox 2281 620 2480 691; x_wconf 76' lang='lat' dir='ltr'>gentes</span> <span class='ocrx_word' id='word_1_139' title='bbox 2514 615 2617 691; x_wconf 64' lang='lat' dir='ltr'>(At.</span> <span class='ocrx_word' id='word_1_140' title='bbox 2646 620 2783 672; x_wconf 80' lang='lat' dir='ltr'>(acet</span> <span class='ocrx_word' id='word_1_141' title='bbox 2814 619 3042 691; x_wconf 85' lang='lat' dir='ltr'>gentes)</span> <span class='ocrx_word' id='word_1_142' title='bbox 3075 617 3211 688; x_wconf 87' lang='lat' dir='ltr'>quia</span> <span class='ocrx_word' id='word_1_143' title='bbox 3259 634 3364 691; x_wconf 63' lang='lat' dir='ltr'>ego</span> <span class='ocrx_word' id='word_1_144' title='bbox 3397 622 3597 679; x_wconf 84' lang='lat' dir='ltr'>Domi-</span> 
     </span>
    </p>
   </div>
   <div class='ocr_carea' id='block_1_28' title="bbox 2106 688 3085 756">
    <p class='ocr_par' dir='ltr' id='par_1_28' title="bbox 2106 688 3085 756">
     <span class='ocr_line' id='line_1_28' title="bbox 2106 688 3085 756; baseline 0.004 -17"><span class='ocrx_word' id='word_1_145' title='bbox 2106 703 2238 754; x_wconf 87' lang='lat' dir='ltr'>nus,</span> <span class='ocrx_word' id='word_1_146' title='bbox 2273 689 2355 741; x_wconf 86' lang='lat' dir='ltr'>ait</span> <span class='ocrx_word' id='word_1_147' title='bbox 2387 688 2673 742; x_wconf 88' lang='lat' dir='ltr'>Dominus</span> <span class='ocrx_word' id='word_1_148' title='bbox 2703 688 3085 756; x_wconf 82' lang='lat' dir='ltr'>exercituum,</span> 
     </span>
    </p>
   </div>
   <div class='ocr_carea' id='block_1_29' title="bbox 2030 759 3432 823">
    <p class='ocr_par' dir='ltr' id='par_1_29' title="bbox 2030 759 3432 823">
     <span class='ocr_line' id='line_1_29' title="bbox 2030 759 3432 823; baseline 0.008 -12"><span class='ocrx_word' id='word_1_149' title='bbox 2030 773 2159 811; x_wconf 89' lang='lat' dir='ltr'>cum</span> <span class='ocrx_word' id='word_1_150' title='bbox 2193 759 2588 814; x_wconf 79' lang='lat' dir='ltr'>sanctificatus</span> <span class='ocrx_word' id='word_1_151' title='bbox 2622 760 2781 814; x_wconf 87' lang='lat' dir='ltr'>fuero</span> <span class='ocrx_word' id='word_1_152' title='bbox 2814 759 2871 813; x_wconf 92' lang='lat' dir='ltr'>in</span> <span class='ocrx_word' id='word_1_153' title='bbox 2900 761 3063 815; x_wconf 91' lang='lat' dir='ltr'>vobis</span> <span class='ocrx_word' id='word_1_154' title='bbox 3097 777 3293 818; x_wconf 90' lang='lat' dir='ltr'>coram</span> <span class='ocrx_word' id='word_1_155' title='bbox 3326 764 3432 823; x_wconf 89' lang='lat' dir='ltr'>eis.</span> 
     </span>
    </p>
   </div>
   <div class='ocr_carea' id='block_1_30' title="bbox 1957 826 2987 901">
    <p class='ocr_par' dir='ltr' id='par_1_30' title="bbox 1957 826 2987 901">
     <span class='ocr_line' id='line_1_30' title="bbox 1957 826 2987 901; baseline 0.003 -18"><span class='ocrx_word' id='word_1_156' title='bbox 1957 826 2177 883; x_wconf 91' lang='lat' dir='ltr'>Tollam</span> <span class='ocrx_word' id='word_1_157' title='bbox 2211 830 2428 901; x_wconf 85' lang='lat' dir='ltr'>quippe</span> <span class='ocrx_word' id='word_1_158' title='bbox 2457 846 2559 885; x_wconf 90' lang='lat' dir='ltr'>vos</span> <span class='ocrx_word' id='word_1_159' title='bbox 2590 831 2658 885; x_wconf 92' lang='lat' dir='ltr'>de</span> <span class='ocrx_word' id='word_1_160' title='bbox 2689 832 2987 901; x_wconf 87' lang='lat' dir='ltr'>gentibus,</span> 
     </span>
    </p>
   </div>
   <div class='ocr_carea' id='block_1_31' title="bbox 2028 903 3603 976">
    <p class='ocr_par' dir='ltr' id='par_1_31' title="bbox 2028 903 3603 976">
     <span class='ocr_line' id='line_1_31' title="bbox 2028 903 3603 976; baseline 0.008 -22"><span class='ocrx_word' id='word_1_161' title='bbox 2028 905 2085 955; x_wconf 89' lang='lat' dir='ltr'>et</span> <span class='ocrx_word' id='word_1_162' title='bbox 2141 903 2503 976; x_wconf 82' lang='lat' dir='ltr'>congregabo</span> <span class='ocrx_word' id='word_1_163' title='bbox 2557 918 2656 957; x_wconf 88' lang='lat' dir='ltr'>vos</span> <span class='ocrx_word' id='word_1_164' title='bbox 2714 903 2988 973; x_wconf 52' lang='grc' dir='ltr'>(καὶαι-ει</span> <span class='ocrx_word' id='word_1_165' title='bbox 3037 906 3161 976; x_wconf 88' lang='lat' dir='ltr'>vos)</span> <span class='ocrx_word' id='word_1_166' title='bbox 3194 906 3263 962; x_wconf 86' lang='lat' dir='ltr'>de</span> <span class='ocrx_word' id='word_1_167' title='bbox 3313 908 3603 967; x_wconf 88' lang='lat' dir='ltr'>universis</span> 
     </span>
    </p>
   </div>
   <div class='ocr_carea' id='block_1_32' title="bbox 2100 971 2294 1041">
    <p class='ocr_par' dir='ltr' id='par_1_32' title="bbox 2100 971 2294 1041">
     <span class='ocr_line' id='line_1_32' title="bbox 2100 971 2294 1041; baseline 0.005 -16"><span class='ocrx_word' id='word_1_168' title='bbox 2100 971 2294 1041; x_wconf 89' lang='lat' dir='ltr'>terris,</span> 
     </span>
    </p>
   </div>
   <div class='ocr_carea' id='block_1_33' title="bbox 2030 1043 3188 1114">
    <p class='ocr_par' dir='ltr' id='par_1_33' title="bbox 2030 1043 3188 1114">
     <span class='ocr_line' id='line_1_33' title="bbox 2030 1043 3188 1114; baseline 0.003 -17"><span class='ocrx_word' id='word_1_169' title='bbox 2030 1047 2087 1098; x_wconf 94' lang='lat' dir='ltr'>et</span> <span class='ocrx_word' id='word_1_170' title='bbox 2117 1044 2406 1100; x_wconf 80' lang='lat' dir='ltr'>adducam</span> <span class='ocrx_word' id='word_1_171' title='bbox 2438 1060 2538 1100; x_wconf 91' lang='lat' dir='ltr'>vos</span> <span class='ocrx_word' id='word_1_172' title='bbox 2568 1043 2628 1099; x_wconf 90' lang='lat' dir='ltr'>in</span> <span class='ocrx_word' id='word_1_173' title='bbox 2665 1048 2878 1100; x_wconf 88' lang='lat' dir='ltr'>terram</span> <span class='ocrx_word' id='word_1_174' title='bbox 2910 1050 3188 1114; x_wconf 87' lang='lat' dir='ltr'>vestram,</span> 
     </span>
    </p>
   </div>
   <div class='ocr_carea' id='block_1_34' title="bbox 1959 1115 3278 1188">
    <p class='ocr_par' dir='ltr' id='par_1_34' title="bbox 1959 1115 3278 1188">
     <span class='ocr_line' id='line_1_34' title="bbox 1959 1115 3278 1188; baseline 0.003 -19"><span class='ocrx_word' id='word_1_175' title='bbox 1959 1115 2027 1169; x_wconf 85' lang='lat' dir='ltr'>Et</span> <span class='ocrx_word' id='word_1_176' title='bbox 2057 1116 2354 1169; x_wconf 73' lang='lat' dir='ltr'>effundam</span> <span class='ocrx_word' id='word_1_177' title='bbox 2386 1132 2562 1181; x_wconf 89' lang='lat' dir='ltr'>super</span> <span class='ocrx_word' id='word_1_178' title='bbox 2591 1133 2692 1171; x_wconf 89' lang='lat' dir='ltr'>vos</span> <span class='ocrx_word' id='word_1_179' title='bbox 2725 1133 2939 1185; x_wconf 86' lang='lat' dir='ltr'>aquam</span> <span class='ocrx_word' id='word_1_180' title='bbox 2974 1119 3278 1188; x_wconf 87' lang='lat' dir='ltr'>mundam,</span> 
     </span>
    </p>
   </div>
   <div class='ocr_carea' id='block_1_35' title="bbox 2029 1187 3601 1259">
    <p class='ocr_par' dir='ltr' id='par_1_35' title="bbox 2029 1187 3601 1259">
     <span class='ocr_line' id='line_1_35' title="bbox 2029 1187 3601 1259; baseline 0.007 -19"><span class='ocrx_word' id='word_1_181' title='bbox 2029 1191 2085 1240; x_wconf 91' lang='lat' dir='ltr'>et</span> <span class='ocrx_word' id='word_1_182' title='bbox 2100 1187 2528 1243; x_wconf 83' lang='lat' dir='ltr'>mundabimini</span> <span class='ocrx_word' id='word_1_183' title='bbox 2546 1188 2619 1241; x_wconf 89' lang='lat' dir='ltr'>ab</span> <span class='ocrx_word' id='word_1_184' title='bbox 2632 1187 3381 1259; x_wconf 82' lang='lat' dir='ltr'>omnibusinquinamentis</span> <span class='ocrx_word' id='word_1_185' title='bbox 3394 1195 3601 1251; x_wconf 85' lang='lat' dir='ltr'>vestris</span> 
     </span>
    </p>
   </div>
   <div class='ocr_carea' id='block_1_36' title="bbox 2029 1259 3421 1321">
    <p class='ocr_par' dir='ltr' id='par_1_36' title="bbox 2029 1259 3421 1321">
     <span class='ocr_line' id='line_1_36' title="bbox 2029 1259 3421 1321; baseline 0.006 -9"><span class='ocrx_word' id='word_1_186' title='bbox 2029 1264 2081 1312; x_wconf 90' lang='lat' dir='ltr'>et</span> <span class='ocrx_word' id='word_1_187' title='bbox 2113 1259 2185 1313; x_wconf 90' lang='lat' dir='ltr'>ab</span> <span class='ocrx_word' id='word_1_188' title='bbox 2212 1259 2499 1315; x_wconf 85' lang='lat' dir='ltr'>universis</span> <span class='ocrx_word' id='word_1_189' title='bbox 2531 1259 2705 1315; x_wconf 90' lang='lat' dir='ltr'>idolis</span> <span class='ocrx_word' id='word_1_190' title='bbox 2736 1260 2945 1315; x_wconf 88' lang='lat' dir='ltr'>vestris</span> <span class='ocrx_word' id='word_1_191' title='bbox 2977 1263 3273 1317; x_wconf 90' lang='lat' dir='ltr'>mundabo</span> <span class='ocrx_word' id='word_1_192' title='bbox 3304 1281 3421 1321; x_wconf 90' lang='lat' dir='ltr'>vos.</span> 
     </span>
    </p>
   </div>
   <div class='ocr_carea' id='block_1_37' title="bbox 1957 1330 2793 1398">
    <p class='ocr_par' dir='ltr' id='par_1_37' title="bbox 1957 1330 2793 1398">
     <span class='ocr_line' id='line_1_37' title="bbox 1957 1330 2793 1398; baseline 0.005 -16"><span class='ocrx_word' id='word_1_193' title='bbox 1957 1332 2026 1384; x_wconf 86' lang='lat' dir='ltr'>Et</span> <span class='ocrx_word' id='word_1_194' title='bbox 2057 1330 2208 1385; x_wconf 85' lang='lat' dir='ltr'>dabo</span> <span class='ocrx_word' id='word_1_195' title='bbox 2239 1331 2399 1386; x_wconf 89' lang='lat' dir='ltr'>vobis</span> <span class='ocrx_word' id='word_1_196' title='bbox 2427 1347 2523 1386; x_wconf 88' lang='lat' dir='ltr'>cor</span> <span class='ocrx_word' id='word_1_197' title='bbox 2555 1348 2793 1398; x_wconf 89' lang='lat' dir='ltr'>novum,</span> 
     </span>
    </p>
   </div>
   <div class='ocr_carea' id='block_1_38' title="bbox 2028 1402 3441 1474">
    <p class='ocr_par' dir='ltr' id='par_1_38' title="bbox 2028 1402 3441 1474">
     <span class='ocr_line' id='line_1_38' title="bbox 2028 1402 3441 1474; baseline 0.005 -18"><span class='ocrx_word' id='word_1_198' title='bbox 2028 1404 2085 1455; x_wconf 86' lang='lat' dir='ltr'>et</span> <span class='ocrx_word' id='word_1_199' title='bbox 2115 1402 2387 1473; x_wconf 89' lang='lat' dir='ltr'>spiritum</span> <span class='ocrx_word' id='word_1_200' title='bbox 2422 1420 2633 1458; x_wconf 89' lang='lat' dir='ltr'>novum</span> <span class='ocrx_word' id='word_1_201' title='bbox 2668 1419 2880 1474; x_wconf 91' lang='lat' dir='ltr'>ponam</span> <span class='ocrx_word' id='word_1_202' title='bbox 2914 1403 2970 1458; x_wconf 93' lang='lat' dir='ltr'>in</span> <span class='ocrx_word' id='word_1_203' title='bbox 3003 1405 3192 1460; x_wconf 91' lang='lat' dir='ltr'>medio</span> <span class='ocrx_word' id='word_1_204' title='bbox 3224 1406 3399 1463; x_wconf 87' lang='lat' dir='ltr'>vestri</span> <span class='ocrx_word' id='word_1_205' title='bbox 3428 1424 3441 1463; x_wconf 85' lang='lat'>:</span> 
     </span>
    </p>
   </div>
   <div class='ocr_carea' id='block_1_39' title="bbox 1956 1472 3289 1546">
    <p class='ocr_par' dir='ltr' id='par_1_39' title="bbox 1956 1472 3289 1546">
     <span class='ocr_line' id='line_1_39' title="bbox 1956 1472 3289 1546; baseline 0.005 -20"><span class='ocrx_word' id='word_1_206' title='bbox 1956 1472 2025 1527; x_wconf 90' lang='lat' dir='ltr'>Et</span> <span class='ocrx_word' id='word_1_207' title='bbox 2055 1472 2314 1529; x_wconf 82' lang='lat' dir='ltr'>auferam</span> <span class='ocrx_word' id='word_1_208' title='bbox 2349 1491 2447 1529; x_wconf 94' lang='lat' dir='ltr'>cor</span> <span class='ocrx_word' id='word_1_209' title='bbox 2476 1472 2737 1546; x_wconf 80' lang='lat' dir='ltr'>lapidum</span> <span class='ocrx_word' id='word_1_210' title='bbox 2771 1476 2841 1529; x_wconf 93' lang='lat' dir='ltr'>de</span> <span class='ocrx_word' id='word_1_211' title='bbox 2871 1491 3045 1531; x_wconf 88' lang='lat' dir='ltr'>carne</span> <span class='ocrx_word' id='word_1_212' title='bbox 3074 1482 3289 1546; x_wconf 89' lang='lat' dir='ltr'>vestra,</span> 
     </span>
    </p>
   </div>
   <div class='ocr_carea' id='block_1_40' title="bbox 2028 1546 2920 1607">
    <p class='ocr_par' dir='ltr' id='par_1_40' title="bbox 2028 1546 2920 1607">
     <span class='ocr_line' id='line_1_40' title="bbox 2028 1546 2920 1607; baseline 0.001 -8"><span class='ocrx_word' id='word_1_213' title='bbox 2028 1550 2083 1599; x_wconf 89' lang='lat' dir='ltr'>et</span> <span class='ocrx_word' id='word_1_214' title='bbox 2113 1546 2265 1607; x_wconf 84' lang='lat' dir='ltr'>dabo</span> <span class='ocrx_word' id='word_1_215' title='bbox 2295 1546 2459 1601; x_wconf 89' lang='lat' dir='ltr'>vobis</span> <span class='ocrx_word' id='word_1_216' title='bbox 2491 1563 2590 1601; x_wconf 92' lang='lat' dir='ltr'>cor</span> <span class='ocrx_word' id='word_1_217' title='bbox 2620 1563 2920 1601; x_wconf 88' lang='lat' dir='ltr'>carneum.</span> 
     </span>
    </p>
   </div>
   <div class='ocr_carea' id='block_1_41' title="bbox 1958 1617 3373 1688">
    <p class='ocr_par' dir='ltr' id='par_1_41' title="bbox 1958 1617 3373 1688">
     <span class='ocr_line' id='line_1_41' title="bbox 1958 1617 3373 1688; baseline 0.005 -19"><span class='ocrx_word' id='word_1_218' title='bbox 1958 1619 2023 1670; x_wconf 85' lang='lat' dir='ltr'>Et</span> <span class='ocrx_word' id='word_1_219' title='bbox 2055 1618 2329 1688; x_wconf 88' lang='lat' dir='ltr'>spiritum</span> <span class='ocrx_word' id='word_1_220' title='bbox 2363 1635 2555 1673; x_wconf 89' lang='lat' dir='ltr'>meum</span> <span class='ocrx_word' id='word_1_221' title='bbox 2593 1634 2802 1686; x_wconf 89' lang='lat' dir='ltr'>ponam</span> <span class='ocrx_word' id='word_1_222' title='bbox 2838 1617 2894 1672; x_wconf 94' lang='lat' dir='ltr'>in</span> <span class='ocrx_word' id='word_1_223' title='bbox 2925 1618 3119 1675; x_wconf 90' lang='lat' dir='ltr'>medio</span> <span class='ocrx_word' id='word_1_224' title='bbox 3151 1622 3373 1677; x_wconf 89' lang='lat' dir='ltr'>vestri:</span> 
     </span>
    </p>
   </div>
   <div class='ocr_carea' id='block_1_42' title="bbox 197 1688 3475 1769">
    <p class='ocr_par' dir='ltr' id='par_1_42' title="bbox 197 1688 3475 1769">
     <span class='ocr_line' id='line_1_42' title="bbox 197 1688 3475 1769; baseline 0.001 -28"><span class='ocrx_word' id='word_1_225' title='bbox 197 1688 318 1743; x_wconf 89' lang='lat' dir='ltr'>Vos</span> <span class='ocrx_word' id='word_1_226' title='bbox 374 1696 591 1769; x_wconf 77' lang='lat' dir='ltr'>autem,</span> <span class='ocrx_word' id='word_1_227' title='bbox 627 1688 887 1746; x_wconf 51' lang='lat' dir='ltr'>montes&#39;</span> <span class='ocrx_word' id='word_1_228' title='bbox 908 1690 1106 1761; x_wconf 90' lang='lat' dir='ltr'>Israel,</span> <span class='ocrx_word' id='word_1_229' title='bbox 1136 1707 1331 1746; x_wconf 88' lang='lat' dir='ltr'>ramos</span> <span class='ocrx_word' id='word_1_230' title='bbox 1362 1695 1584 1748; x_wconf 85' lang='lat' dir='ltr'>vestros</span> <span class='ocrx_word' id='word_1_231' title='bbox 1631 1694 1847 1765; x_wconf 88' lang='lat' dir='ltr'>germi-</span> <span class='ocrx_word' id='word_1_232' title='bbox 1879 1704 1925 1769; x_wconf 78' lang='grc' dir='ltr'><strong>Β</strong></span> <span class='ocrx_word' id='word_1_233' title='bbox 2026 1696 2078 1769; x_wconf 64' lang='grc' dir='ltr'>βι</span> <span class='ocrx_word' id='word_1_234' title='bbox 2107 1690 2315 1769; x_wconf 59' lang='lat' dir='ltr'>fficiam</span> <span class='ocrx_word' id='word_1_235' title='bbox 2350 1695 2413 1744; x_wconf 82' lang='lat' dir='ltr'>ut</span> <span class='ocrx_word' id='word_1_236' title='bbox 2441 1689 2499 1744; x_wconf 86' lang='lat' dir='ltr'>in</span> <span class='ocrx_word' id='word_1_237' title='bbox 2528 1689 2840 1769; x_wconf 63' lang='lat' dir='ltr'>praeceptis</span> <span class='ocrx_word' id='word_1_238' title='bbox 2873 1691 3019 1745; x_wconf 89' lang='lat' dir='ltr'>meis</span> <span class='ocrx_word' id='word_1_239' title='bbox 3051 1692 3475 1769; x_wconf 82' lang='lat' dir='ltr'>ambul_etis,_et</span> 
     </span>
    </p>
   </div>
   <div class='ocr_carea' id='block_1_43' title="bbox 343 1762 514 1815">
    <p class='ocr_par' dir='ltr' id='par_1_43' title="bbox 343 1762 514 1815">
     <span class='ocr_line' id='line_1_43' title="bbox 343 1762 514 1815; baseline 0.006 -1"><span class='ocrx_word' id='word_1_240' title='bbox 343 1762 514 1815; x_wconf 89' lang='lat' dir='ltr'>netis.</span> 
     </span>
    </p>
   </div>
   <div class='ocr_carea' id='block_1_44' title="bbox 267 1834 1839 1907">
    <p class='ocr_par' dir='ltr' id='par_1_44' title="bbox 267 1834 1839 1907">
     <span class='ocr_line' id='line_1_44' title="bbox 267 1834 1839 1907; baseline 0.004 -20"><span class='ocrx_word' id='word_1_241' title='bbox 267 1836 330 1887; x_wconf 86' lang='lat' dir='ltr'>et</span> <span class='ocrx_word' id='word_1_242' title='bbox 361 1834 613 1888; x_wconf 83' lang='lat' dir='ltr'>fructum</span> <span class='ocrx_word' id='word_1_243' title='bbox 645 1837 902 1907; x_wconf 84' lang='lat' dir='ltr'>vestrum</span> <span class='ocrx_word' id='word_1_244' title='bbox 937 1834 1193 1907; x_wconf 74' lang='lat' dir='ltr'>afferatis</span> <span class='ocrx_word' id='word_1_245' title='bbox 1223 1834 1440 1907; x_wconf 87' lang='lat' dir='ltr'>populo</span> <span class='ocrx_word' id='word_1_246' title='bbox 1473 1851 1600 1892; x_wconf 90' lang='lat' dir='ltr'>meo</span> <span class='ocrx_word' id='word_1_247' title='bbox 1632 1836 1839 1894; x_wconf 84' lang='lat' dir='ltr'>Israel:</span> 
     </span>
    </p>
   </div>
   <div class='ocr_carea' id='block_1_45' title="bbox 275 1904 1108 1975">
    <p class='ocr_par' dir='ltr' id='par_1_45' title="bbox 275 1904 1108 1975">
     <span class='ocr_line' id='line_1_45' title="bbox 275 1904 1108 1975; baseline 0.004 -17"><span class='ocrx_word' id='word_1_248' title='bbox 275 1921 456 1975; x_wconf 85' lang='lat' dir='ltr'>prope</span> <span class='ocrx_word' id='word_1_249' title='bbox 486 1910 577 1959; x_wconf 88' lang='lat' dir='ltr'>est</span> <span class='ocrx_word' id='word_1_250' title='bbox 605 1904 760 1959; x_wconf 86' lang='lat' dir='ltr'>enim</span> <span class='ocrx_word' id='word_1_251' title='bbox 795 1910 858 1960; x_wconf 90' lang='lat' dir='ltr'>ut</span> <span class='ocrx_word' id='word_1_252' title='bbox 886 1906 1108 1961; x_wconf 90' lang='lat' dir='ltr'>veniat:</span> 
     </span>
    </p>
   </div>
   <div class='ocr_carea' id='block_1_46' title="bbox 193 1974 1580 2049">
    <p class='ocr_par' dir='ltr' id='par_1_46' title="bbox 193 1974 1580 2049">
     <span class='ocr_line' id='line_1_46' title="bbox 193 1974 1580 2049; baseline 0.006 -21"><span class='ocrx_word' id='word_1_253' title='bbox 193 1974 350 2038; x_wconf 81' lang='lat' dir='ltr'>Quia</span> <span class='ocrx_word' id='word_1_254' title='bbox 379 1974 511 2049; x_wconf 83' lang='lat' dir='ltr'>ecce</span> <span class='ocrx_word' id='word_1_255' title='bbox 540 1977 743 2049; x_wconf 77' lang='lat' dir='ltr'>egoad</span> <span class='ocrx_word' id='word_1_256' title='bbox 776 1994 899 2042; x_wconf 90' lang='lat' dir='ltr'>vos,</span> <span class='ocrx_word' id='word_1_257' title='bbox 932 1982 989 2049; x_wconf 88' lang='lat' dir='ltr'>et</span> <span class='ocrx_word' id='word_1_258' title='bbox 1018 1981 1322 2033; x_wconf 85' lang='lat' dir='ltr'>convertar</span> <span class='ocrx_word' id='word_1_259' title='bbox 1351 1978 1421 2032; x_wconf 88' lang='lat' dir='ltr'>ad</span> <span class='ocrx_word' id='word_1_260' title='bbox 1455 1994 1580 2049; x_wconf 91' lang='lat' dir='ltr'>vos,</span> 
     </span>
    </p>
   </div>
   <div class='ocr_carea' id='block_1_47' title="bbox 266 2046 1485 2119">
    <p class='ocr_par' dir='ltr' id='par_1_47' title="bbox 266 2046 1485 2119">
     <span class='ocr_line' id='line_1_47' title="bbox 266 2046 1485 2119; baseline 0.002 -19"><span class='ocrx_word' id='word_1_261' title='bbox 266 2052 327 2101; x_wconf 88' lang='lat' dir='ltr'>et</span> <span class='ocrx_word' id='word_1_262' title='bbox 356 2046 688 2119; x_wconf 86' lang='lat' dir='ltr'>arabimini,</span> <span class='ocrx_word' id='word_1_263' title='bbox 722 2053 778 2103; x_wconf 92' lang='lat' dir='ltr'>et</span> <span class='ocrx_word' id='word_1_264' title='bbox 807 2048 1106 2119; x_wconf 85' lang='lat' dir='ltr'>accipietis</span> <span class='ocrx_word' id='word_1_265' title='bbox 1138 2053 1485 2104; x_wconf 88' lang='lat' dir='ltr'>sementem.</span> 
     </span>
    </p>
   </div>
   <div class='ocr_carea' id='block_1_48' title="bbox 190 2117 1841 2194">
    <p class='ocr_par' dir='ltr' id='par_1_48' title="bbox 190 2117 1841 2194">
     <span class='ocr_line' id='line_1_48' title="bbox 190 2117 1841 2194; baseline 0.005 -22"><span class='ocrx_word' id='word_1_266' title='bbox 190 2117 259 2172; x_wconf 92' lang='lat' dir='ltr'>Et</span> <span class='ocrx_word' id='word_1_267' title='bbox 293 2118 710 2194; x_wconf 81' lang='lat' dir='ltr'>multiplicabo</span> <span class='ocrx_word' id='word_1_268' title='bbox 735 2120 797 2175; x_wconf 89' lang='lat' dir='ltr'>in</span> <span class='ocrx_word' id='word_1_269' title='bbox 827 2117 993 2176; x_wconf 87' lang='lat' dir='ltr'>vobis</span> <span class='ocrx_word' id='word_1_270' title='bbox 1027 2120 1321 2189; x_wconf 90' lang='lat' dir='ltr'>homines,</span> <span class='ocrx_word' id='word_1_271' title='bbox 1351 2137 1707 2194; x_wconf 88' lang='lat' dir='ltr'>omnemque</span> <span class='ocrx_word' id='word_1_272' title='bbox 1738 2126 1841 2181; x_wconf 90' lang='lat' dir='ltr'>do-</span> 
     </span>
    </p>
   </div>
   <div class='ocr_carea' id='block_1_49' title="bbox 339 2190 758 2246">
    <p class='ocr_par' dir='ltr' id='par_1_49' title="bbox 339 2190 758 2246">
     <span class='ocr_line' id='line_1_49' title="bbox 339 2190 758 2246; baseline 0.005 -3"><span class='ocrx_word' id='word_1_273' title='bbox 339 2206 501 2244; x_wconf 91' lang='lat' dir='ltr'>mum</span> <span class='ocrx_word' id='word_1_274' title='bbox 536 2190 715 2246; x_wconf 88' lang='lat' dir='ltr'>Israel</span> <span class='ocrx_word' id='word_1_275' title='bbox 745 2207 758 2245; x_wconf 94' lang='lat'>:</span> 
     </span>
    </p>
   </div>
   <div class='ocr_carea' id='block_1_50' title="bbox 262 2261 1840 2387">
    <p class='ocr_par' dir='ltr' id='par_1_50' title="bbox 262 2261 1840 2387">
     <span class='ocr_line' id='line_1_50' title="bbox 262 2261 1840 2387; baseline 0.006 -72"><span class='ocrx_word' id='word_1_276' title='bbox 262 2261 788 2387; x_wconf 47' lang='lat' dir='ltr'>etbhaliitabuntur</span> <span class='ocrx_word' id='word_1_277' title='bbox 831 2262 1118 2333; x_wconf 88' lang='lat' dir='ltr'>civitates,</span> <span class='ocrx_word' id='word_1_278' title='bbox 1151 2266 1209 2318; x_wconf 87' lang='lat' dir='ltr'>et</span> <span class='ocrx_word' id='word_1_279' title='bbox 1258 2264 1498 2321; x_wconf 90' lang='lat' dir='ltr'>ruinosa</span> <span class='ocrx_word' id='word_1_280' title='bbox 1545 2265 1840 2323; x_wconf 86' lang='lat' dir='ltr'>instaura-</span> 
     </span>
     <span class='ocr_line' id='line_1_51' title="bbox 377 2350 596 2387; baseline 0 0"><span class='ocrx_word' id='word_1_281' title='bbox 377 2350 452 2387; x_wconf 88' lang='lat' dir='ltr'>un</span> <span class='ocrx_word' id='word_1_282' title='bbox 488 2350 596 2387; x_wconf 92' lang='lat' dir='ltr'>ur:</span> 
     </span>
    </p>
   </div>
   <div class='ocr_carea' id='block_1_51' title="bbox 377 2350 596 2388">
    <p class='ocr_par' dir='ltr' id='par_1_51' title="bbox 377 2350 596 2388">
     <span class='ocr_line' id='line_1_52' title="bbox 377 2350 596 2388; baseline 0.009 -2"><span class='ocrx_word' id='word_1_283' title='bbox 377 2350 556 2387; x_wconf 73' lang='lat' dir='ltr'>DIIIUP</span> <span class='ocrx_word' id='word_1_284' title='bbox 583 2350 596 2388; x_wconf 75' lang='grc' dir='ltr'><strong>Ξ</strong></span> 
     </span>
    </p>
   </div>
   <div class='ocr_carea' id='block_1_52' title="bbox 189 2402 1515 2476">
    <p class='ocr_par' dir='ltr' id='par_1_52' title="bbox 189 2402 1515 2476">
     <span class='ocr_line' id='line_1_53' title="bbox 189 2402 1515 2476; baseline 0.007 -21"><span class='ocrx_word' id='word_1_285' title='bbox 189 2402 260 2456; x_wconf 87' lang='lat' dir='ltr'>Et</span> <span class='ocrx_word' id='word_1_286' title='bbox 292 2403 529 2476; x_wconf 88' lang='lat' dir='ltr'>replebo</span> <span class='ocrx_word' id='word_1_287' title='bbox 558 2420 662 2476; x_wconf 87' lang='lat' dir='ltr'>vos</span> <span class='ocrx_word' id='word_1_288' title='bbox 694 2404 1075 2461; x_wconf 89' lang='lat' dir='ltr'>hominibus:</span> <span class='ocrx_word' id='word_1_289' title='bbox 1108 2406 1515 2476; x_wconf 86' lang='lat' dir='ltr'>etjumentis:</span> 
     </span>
    </p>
   </div>
   <div class='ocr_carea' id='block_1_53' title="bbox 260 2474 1331 2548">
    <p class='ocr_par' dir='ltr' id='par_1_53' title="bbox 260 2474 1331 2548">
     <span class='ocr_line' id='line_1_54' title="bbox 260 2474 1331 2548; baseline 0.003 -20"><span class='ocrx_word' id='word_1_290' title='bbox 260 2480 319 2548; x_wconf 79' lang='lat' dir='ltr'>et</span> <span class='ocrx_word' id='word_1_291' title='bbox 351 2474 926 2548; x_wconf 86' lang='lat' dir='ltr'>multiplicabuntur,</span> <span class='ocrx_word' id='word_1_292' title='bbox 961 2481 1017 2532; x_wconf 89' lang='lat' dir='ltr'>et</span> <span class='ocrx_word' id='word_1_293' title='bbox 1048 2474 1331 2543; x_wconf 82' lang='lat' dir='ltr'>crescent,</span> 
     </span>
    </p>
   </div>
   <div class='ocr_carea' id='block_1_54' title="bbox 186 2546 1517 2622">
    <p class='ocr_par' dir='ltr' id='par_1_54' title="bbox 186 2546 1517 2622">
     <span class='ocr_line' id='line_1_55' title="bbox 186 2546 1517 2622; baseline 0.004 -23"><span class='ocrx_word' id='word_1_294' title='bbox 186 2546 561 2622; x_wconf 77' lang='lat' dir='ltr'>Ethabitare</span> <span class='ocrx_word' id='word_1_295' title='bbox 592 2564 691 2622; x_wconf 78' lang='lat' dir='ltr'>vos</span> <span class='ocrx_word' id='word_1_296' title='bbox 722 2549 931 2622; x_wconf 83' lang='lat' dir='ltr'>faciam</span> <span class='ocrx_word' id='word_1_297' title='bbox 956 2548 1118 2622; x_wconf 85' lang='lat' dir='ltr'>sicut</span> <span class='ocrx_word' id='word_1_298' title='bbox 1143 2566 1177 2604; x_wconf 90' lang='lat' dir='ltr'>a</span> <span class='ocrx_word' id='word_1_299' title='bbox 1207 2550 1517 2622; x_wconf 91' lang='lat' dir='ltr'>principio,</span> 
     </span>
    </p>
   </div>
   <div class='ocr_carea' id='block_1_55' title="bbox 260 2618 1839 2700">
    <p class='ocr_par' dir='ltr' id='par_1_55' title="bbox 260 2618 1839 2700">
     <span class='ocr_line' id='line_1_56' title="bbox 260 2618 1839 2700; baseline 0.006 -28"><span class='ocrx_word' id='word_1_300' title='bbox 260 2618 553 2700; x_wconf 79' lang='lat' dir='ltr'>bonisque</span> <span class='ocrx_word' id='word_1_301' title='bbox 585 2620 815 2676; x_wconf 87' lang='lat' dir='ltr'>donabo</span> <span class='ocrx_word' id='word_1_302' title='bbox 850 2618 1416 2692; x_wconf 27' lang='lat' dir='ltr'>majoribus,’quam—</span> <span class='ocrx_word' id='word_1_303' title='bbox 1440 2622 1735 2679; x_wconf 89' lang='lat' dir='ltr'>habuistis</span> <span class='ocrx_word' id='word_1_304' title='bbox 1766 2626 1839 2682; x_wconf 90' lang='lat' dir='ltr'>ab</span> 
     </span>
    </p>
   </div>
   <div class='ocr_carea' id='block_1_56' title="bbox 336 2699 545 2745">
    <p class='ocr_par' dir='ltr' id='par_1_56' title="bbox 336 2699 545 2745">
     <span class='ocr_line' id='line_1_57' title="bbox 336 2699 545 2745; baseline 0.014 -2"><span class='ocrx_word' id='word_1_305' title='bbox 336 2699 502 2745; x_wconf 80' lang='lat' dir='ltr'>initio</span> <span class='ocrx_word' id='word_1_306' title='bbox 526 2708 545 2745; x_wconf 92' lang='grc'><strong>.·</strong></span> 
     </span>
    </p>
   </div>
   <div class='ocr_carea' id='block_1_57' title="bbox 260 2761 1200 2834">
    <p class='ocr_par' dir='ltr' id='par_1_57' title="bbox 260 2761 1200 2834">
     <span class='ocr_line' id='line_1_58' title="bbox 260 2761 1200 2834; baseline 0.002 -20"><span class='ocrx_word' id='word_1_307' title='bbox 260 2765 321 2815; x_wconf 91' lang='lat' dir='ltr'>et</span> <span class='ocrx_word' id='word_1_308' title='bbox 352 2761 554 2817; x_wconf 89' lang='lat' dir='ltr'>scietis</span> <span class='ocrx_word' id='word_1_309' title='bbox 585 2762 724 2834; x_wconf 90' lang='lat' dir='ltr'>quia</span> <span class='ocrx_word' id='word_1_310' title='bbox 754 2778 858 2834; x_wconf 88' lang='lat' dir='ltr'>ego</span> <span class='ocrx_word' id='word_1_311' title='bbox 890 2762 1200 2819; x_wconf 89' lang='lat' dir='ltr'>Dominus.</span> 
     </span>
    </p>
   </div>
   <div class='ocr_carea' id='block_1_58' title="bbox 182 2831 1839 2959">
    <p class='ocr_par' dir='ltr' id='par_1_58' title="bbox 182 2831 1839 2959">
     <span class='ocr_line' id='line_1_59' title="bbox 182 2831 1839 2959; baseline 0.006 -73"><span class='ocrx_word' id='word_1_312' title='bbox 182 2831 258 2886; x_wconf 87' lang='lat' dir='ltr'>Et</span> <span class='ocrx_word' id='word_1_313' title='bbox 290 2831 813 2959; x_wconf 49' lang='lat' dir='ltr'>adducalm&#39;super&#39;</span> <span class='ocrx_word' id='word_1_314' title='bbox 842 2851 943 2890; x_wconf 89' lang='lat' dir='ltr'>vos</span> <span class='ocrx_word' id='word_1_315' title='bbox 993 2835 1281 2903; x_wconf 90' lang='lat' dir='ltr'>homines,</span> <span class='ocrx_word' id='word_1_316' title='bbox 1317 2838 1593 2908; x_wconf 89' lang='lat' dir='ltr'>populum</span> <span class='ocrx_word' id='word_1_317' title='bbox 1645 2855 1839 2897; x_wconf 87' lang='lat' dir='ltr'>meum</span> 
     </span>
     <span class='ocr_line' id='line_1_60' title="bbox 365 2920 561 2959; baseline 0 0"><span class='ocrx_word' id='word_1_318' title='bbox 365 2922 499 2959; x_wconf 88' lang='lat' dir='ltr'>srae</span> <span class='ocrx_word' id='word_1_319' title='bbox 547 2920 561 2959; x_wconf 88' lang='lat'>:</span> 
     </span>
    </p>
   </div>
   <div class='ocr_carea' id='block_1_59' title="bbox 365 2920 561 2959">
    <p class='ocr_par' dir='ltr' id='par_1_59' title="bbox 365 2920 561 2959">
     <span class='ocr_line' id='line_1_61' title="bbox 365 2920 561 2959; baseline 0 0"><span class='ocrx_word' id='word_1_320' title='bbox 365 2920 520 2959; x_wconf 89' lang='lat' dir='ltr'>srael</span> <span class='ocrx_word' id='word_1_321' title='bbox 547 2920 561 2959; x_wconf 72' lang='grc' dir='ltr'><strong>Ζ</strong></span> 
     </span>
    </p>
   </div>
   <div class='ocr_carea' id='block_1_60' title="bbox 259 2976 1238 3048">
    <p class='ocr_par' dir='ltr' id='par_1_60' title="bbox 259 2976 1238 3048">
     <span class='ocr_line' id='line_1_62' title="bbox 259 2976 1238 3048; baseline 0.003 -19"><span class='ocrx_word' id='word_1_322' title='bbox 259 2978 321 3029; x_wconf 91' lang='lat' dir='ltr'>et</span> <span class='ocrx_word' id='word_1_323' title='bbox 357 2976 692 3031; x_wconf 77' lang='lat' dir='ltr'>haereditate</span> <span class='ocrx_word' id='word_1_324' title='bbox 724 2976 1111 3048; x_wconf 89' lang='lat' dir='ltr'>possidebunt</span> <span class='ocrx_word' id='word_1_325' title='bbox 1140 2980 1197 3032; x_wconf 88' lang='lat' dir='ltr'>te</span> <span class='ocrx_word' id='word_1_326' title='bbox 1219 2993 1238 3032; x_wconf 88' lang='lat'>:</span> 
     </span>
    </p>
   </div>
   <div class='ocr_carea' id='block_1_61' title="bbox 182 3047 1553 3120">
    <p class='ocr_par' dir='ltr' id='par_1_61' title="bbox 182 3047 1553 3120">
     <span class='ocr_line' id='line_1_63' title="bbox 182 3047 1553 3120; baseline 0.006 -22"><span class='ocrx_word' id='word_1_327' title='bbox 182 3049 253 3099; x_wconf 82' lang='lat' dir='ltr'>Et</span> <span class='ocrx_word' id='word_1_328' title='bbox 285 3048 403 3102; x_wconf 89' lang='lat' dir='ltr'>eris</span> <span class='ocrx_word' id='word_1_329' title='bbox 433 3047 492 3101; x_wconf 91' lang='lat' dir='ltr'>in</span> <span class='ocrx_word' id='word_1_330' title='bbox 516 3047 911 3120; x_wconf 65' lang='lat' dir='ltr'>hereditatem</span> <span class='ocrx_word' id='word_1_331' title='bbox 944 3049 1053 3119; x_wconf 77' lang='lat' dir='ltr'>(Al.</span> <span class='ocrx_word' id='word_1_332' title='bbox 1088 3049 1553 3120; x_wconf 87' lang='lat' dir='ltr'>possessionem),</span> 
     </span>
    </p>
   </div>
   <div class='ocr_carea' id='block_1_62' title="bbox 254 3118 1456 3193">
    <p class='ocr_par' dir='ltr' id='par_1_62' title="bbox 254 3118 1456 3193">
     <span class='ocr_line' id='line_1_64' title="bbox 254 3118 1456 3193; baseline 0.002 -21"><span class='ocrx_word' id='word_1_333' title='bbox 254 3124 314 3172; x_wconf 89' lang='lat' dir='ltr'>et</span> <span class='ocrx_word' id='word_1_334' title='bbox 344 3135 459 3193; x_wconf 82' lang='lat' dir='ltr'>non</span> <span class='ocrx_word' id='word_1_335' title='bbox 496 3121 680 3193; x_wconf 85' lang='lat' dir='ltr'>addes</span> <span class='ocrx_word' id='word_1_336' title='bbox 704 3118 863 3193; x_wconf 68' lang='lat' dir='ltr'>ultra</span> <span class='ocrx_word' id='word_1_337' title='bbox 890 3125 954 3175; x_wconf 91' lang='lat' dir='ltr'>ut</span> <span class='ocrx_word' id='word_1_338' title='bbox 983 3118 1208 3193; x_wconf 84' lang='lat' dir='ltr'>absque</span> <span class='ocrx_word' id='word_1_339' title='bbox 1236 3122 1321 3176; x_wconf 90' lang='lat' dir='ltr'>eis</span> <span class='ocrx_word' id='word_1_340' title='bbox 1352 3122 1456 3177; x_wconf 85' lang='lat' dir='ltr'>sis.</span> 
     </span>
    </p>
   </div>
   <div class='ocr_carea' id='block_1_63' title="bbox 174 3190 1025 3246">
    <p class='ocr_par' dir='ltr' id='par_1_63' title="bbox 174 3190 1025 3246">
     <span class='ocr_line' id='line_1_65' title="bbox 174 3190 1025 3246; baseline 0.006 -5"><span class='ocrx_word' id='word_1_341' title='bbox 174 3192 316 3244; x_wconf 67' lang='lat' dir='ltr'>Ilaec</span> <span class='ocrx_word' id='word_1_342' title='bbox 348 3190 491 3245; x_wconf 91' lang='lat' dir='ltr'>dicit</span> <span class='ocrx_word' id='word_1_343' title='bbox 524 3191 803 3246; x_wconf 90' lang='lat' dir='ltr'>Dominus</span> <span class='ocrx_word' id='word_1_344' title='bbox 834 3191 1025 3246; x_wconf 90' lang='lat' dir='ltr'>Deus:</span> 
     </span>
    </p>
   </div>
   <div class='ocr_carea' id='block_1_64' title="bbox 174 3262 1138 3333">
    <p class='ocr_par' dir='ltr' id='par_1_64' title="bbox 174 3262 1138 3333">
     <span class='ocr_line' id='line_1_66' title="bbox 174 3262 1138 3333; baseline 0.005 -20"><span class='ocrx_word' id='word_1_345' title='bbox 174 3265 289 3315; x_wconf 83' lang='lat' dir='ltr'>Pro</span> <span class='ocrx_word' id='word_1_346' title='bbox 322 3278 387 3315; x_wconf 91' lang='lat' dir='ltr'>eo</span> <span class='ocrx_word' id='word_1_347' title='bbox 416 3262 570 3333; x_wconf 90' lang='lat' dir='ltr'>quod</span> <span class='ocrx_word' id='word_1_348' title='bbox 604 3263 807 3317; x_wconf 87' lang='lat' dir='ltr'>dicunt</span> <span class='ocrx_word' id='word_1_349' title='bbox 832 3263 903 3318; x_wconf 89' lang='lat' dir='ltr'>de</span> <span class='ocrx_word' id='word_1_350' title='bbox 932 3263 1138 3318; x_wconf 89' lang='lat' dir='ltr'>vobis:</span> 
     </span>
    </p>
   </div>
   <div class='ocr_carea' id='block_1_65' title="bbox 256 3333 1831 3411">
    <p class='ocr_par' dir='ltr' id='par_1_65' title="bbox 256 3333 1831 3411">
     <span class='ocr_line' id='line_1_67' title="bbox 256 3333 1831 3411; baseline 0.005 -23"><span class='ocrx_word' id='word_1_351' title='bbox 256 3334 592 3411; x_wconf 83' lang='lat' dir='ltr'>Devoratrix</span> <span class='ocrx_word' id='word_1_352' title='bbox 649 3333 951 3389; x_wconf 88' lang='lat' dir='ltr'>hominum</span> <span class='ocrx_word' id='word_1_353' title='bbox 1010 3351 1092 3402; x_wconf 89' lang='lat' dir='ltr'>es,</span> <span class='ocrx_word' id='word_1_354' title='bbox 1136 3338 1195 3390; x_wconf 90' lang='lat' dir='ltr'>et</span> <span class='ocrx_word' id='word_1_355' title='bbox 1244 3336 1542 3393; x_wconf 80' lang='lat' dir='ltr'>suﬁ‘ocans</span> <span class='ocrx_word' id='word_1_356' title='bbox 1596 3343 1831 3411; x_wconf 84' lang='lat' dir='ltr'>gentem</span> 
     </span>
    </p>
   </div>
   <div class='ocr_carea' id='block_1_66' title="bbox 331 3410 519 3471">
    <p class='ocr_par' dir='ltr' id='par_1_66' title="bbox 331 3410 519 3471">
     <span class='ocr_line' id='line_1_68' title="bbox 331 3410 519 3471; baseline 0.005 -12"><span class='ocrx_word' id='word_1_357' title='bbox 331 3410 519 3471; x_wconf 84' lang='lat' dir='ltr'>tuam,</span> 
     </span>
    </p>
   </div>
   <div class='ocr_carea' id='block_1_67' title="bbox 173 3476 1559 3551">
    <p class='ocr_par' dir='ltr' id='par_1_67' title="bbox 173 3476 1559 3551">
     <span class='ocr_line' id='line_1_69' title="bbox 173 3476 1559 3551; baseline 0.004 -22"><span class='ocrx_word' id='word_1_358' title='bbox 173 3480 501 3543; x_wconf 58' lang='lat' dir='ltr'>Proriterea</span> <span class='ocrx_word' id='word_1_359' title='bbox 532 3476 801 3532; x_wconf 90' lang='lat' dir='ltr'>homines</span> <span class='ocrx_word' id='word_1_360' title='bbox 835 3493 945 3551; x_wconf 84' lang='lat' dir='ltr'>non</span> <span class='ocrx_word' id='word_1_361' title='bbox 979 3477 1251 3533; x_wconf 91' lang='lat' dir='ltr'>comedes</span> <span class='ocrx_word' id='word_1_362' title='bbox 1282 3479 1559 3551; x_wconf 87' lang='lat' dir='ltr'>amplius,</span> 
     </span>
    </p>
   </div>
   <div class='ocr_carea' id='block_1_68' title="bbox 254 3548 1834 3620">
    <p class='ocr_par' dir='ltr' id='par_1_68' title="bbox 254 3548 1834 3620">
     <span class='ocr_line' id='line_1_70' title="bbox 254 3548 1834 3620; baseline 0.006 -18"><span class='ocrx_word' id='word_1_363' title='bbox 254 3554 312 3603; x_wconf 89' lang='lat' dir='ltr'>et</span> <span class='ocrx_word' id='word_1_364' title='bbox 343 3554 577 3619; x_wconf 79' lang='lat' dir='ltr'>gentem</span> <span class='ocrx_word' id='word_1_365' title='bbox 613 3554 773 3603; x_wconf 91' lang='lat' dir='ltr'>tuam</span> <span class='ocrx_word' id='word_1_366' title='bbox 808 3548 961 3603; x_wconf 89' lang='lat' dir='ltr'>ultra</span> <span class='ocrx_word' id='word_1_367' title='bbox 991 3565 1105 3605; x_wconf 88' lang='lat' dir='ltr'>non</span> <span class='ocrx_word' id='word_1_368' title='bbox 1137 3548 1399 3620; x_wconf 69' lang='lat' dir='ltr'>necabis,</span> <span class='ocrx_word' id='word_1_369' title='bbox 1430 3552 1510 3607; x_wconf 87' lang='lat' dir='ltr'>ait</span> <span class='ocrx_word' id='word_1_370' title='bbox 1548 3548 1834 3612; x_wconf 89' lang='lat' dir='ltr'>Dominus</span> 
     </span>
    </p>
   </div>
   <div class='ocr_carea' id='block_1_69' title="bbox 328 3621 531 3675">
    <p class='ocr_par' dir='ltr' id='par_1_69' title="bbox 328 3621 531 3675">
     <span class='ocr_line' id='line_1_71' title="bbox 328 3621 531 3675; baseline 0 -1"><span class='ocrx_word' id='word_1_371' title='bbox 328 3621 531 3675; x_wconf 84' lang='lat' dir='ltr'>Deus:</span> 
     </span>
    </p>
   </div>
   <div class='ocr_carea' id='block_1_70' title="bbox 173 3689 1747 3764">
    <p class='ocr_par' dir='ltr' id='par_1_70' title="bbox 173 3689 1747 3764">
     <span class='ocr_line' id='line_1_72' title="bbox 173 3689 1747 3764; baseline 0.004 -17"><span class='ocrx_word' id='word_1_372' title='bbox 173 3695 299 3747; x_wconf 82' lang='lat' dir='ltr'>Nec</span> <span class='ocrx_word' id='word_1_373' title='bbox 333 3692 605 3764; x_wconf 87' lang='lat' dir='ltr'>auditam</span> <span class='ocrx_word' id='word_1_374' title='bbox 638 3689 846 3746; x_wconf 81' lang='lat' dir='ltr'>faciam</span> <span class='ocrx_word' id='word_1_375' title='bbox 880 3690 936 3745; x_wconf 89' lang='lat' dir='ltr'>in</span> <span class='ocrx_word' id='word_1_376' title='bbox 967 3694 1021 3745; x_wconf 90' lang='lat' dir='ltr'>te</span> <span class='ocrx_word' id='word_1_377' title='bbox 1052 3691 1305 3764; x_wconf 88' lang='lat' dir='ltr'>amplius</span> <span class='ocrx_word' id='word_1_378' title='bbox 1337 3695 1747 3752; x_wconf 82' lang='lat' dir='ltr'>confusionem</span> 
     </span>
    </p>
   </div>
   <div class='ocr_carea' id='block_1_71' title="bbox 371 3763 622 3827">
    <p class='ocr_par' dir='ltr' id='par_1_71' title="bbox 371 3763 622 3827">
     <span class='ocr_line' id='line_1_73' title="bbox 371 3763 622 3827; baseline -0.012 -8"><span class='ocrx_word' id='word_1_379' title='bbox 371 3763 622 3827; x_wconf 88' lang='lat' dir='ltr'>entium,</span> 
     </span>
    </p>
   </div>
   <div class='ocr_carea' id='block_1_72' title="bbox 255 3780 1839 3911">
    <p class='ocr_par' dir='ltr' id='par_1_72' title="bbox 255 3780 1839 3911">
     <span class='ocr_line' id='line_1_74' title="bbox 255 3780 1839 3911; baseline 0.004 -22"><span class='ocrx_word' id='word_1_380' title='bbox 255 3780 727 3911; x_wconf 45' lang='lat' dir='ltr'>etgoiiptiiolbriium</span> <span class='ocrx_word' id='word_1_381' title='bbox 760 3832 1117 3911; x_wconf 83' lang='lat' dir='ltr'>populorum</span> <span class='ocrx_word' id='word_1_382' title='bbox 1141 3851 1512 3911; x_wconf 71' lang='lat' dir='ltr'>nequaquam</span> <span class='ocrx_word' id='word_1_383' title='bbox 1557 3840 1839 3911; x_wconf 81' lang='lat' dir='ltr'>portabis,</span> 
     </span>
    </p>
   </div>
   <div class='ocr_carea' id='block_1_73' title="bbox 257 3905 1839 3979">
    <p class='ocr_par' dir='ltr' id='par_1_73' title="bbox 257 3905 1839 3979">
     <span class='ocr_line' id='line_1_75' title="bbox 257 3905 1839 3979; baseline 0.004 -18"><span class='ocrx_word' id='word_1_384' title='bbox 257 3911 315 3961; x_wconf 87' lang='lat' dir='ltr'>et</span> <span class='ocrx_word' id='word_1_385' title='bbox 361 3905 598 3979; x_wconf 79' lang='lat' dir='ltr'>gentem</span> <span class='ocrx_word' id='word_1_386' title='bbox 629 3908 788 3959; x_wconf 91' lang='lat' dir='ltr'>tuam</span> <span class='ocrx_word' id='word_1_387' title='bbox 835 3923 951 3961; x_wconf 89' lang='lat' dir='ltr'>non</span> <span class='ocrx_word' id='word_1_388' title='bbox 1002 3905 1247 3962; x_wconf 83' lang='lat' dir='ltr'>amittes</span> <span class='ocrx_word' id='word_1_389' title='bbox 1289 3905 1573 3979; x_wconf 63' lang='lat' dir='ltr'>amplius,</span> <span class='ocrx_word' id='word_1_390' title='bbox 1602 3913 1685 3967; x_wconf 89' lang='lat' dir='ltr'>ait</span> <span class='ocrx_word' id='word_1_391' title='bbox 1726 3905 1839 3968; x_wconf 55' lang='lat' dir='ltr'>D04</span> 
     </span>
    </p>
   </div>
   <div class='ocr_carea' id='block_1_74' title="bbox 335 3977 741 4033">
    <p class='ocr_par' dir='ltr' id='par_1_74' title="bbox 335 3977 741 4033">
     <span class='ocr_line' id='line_1_76' title="bbox 335 3977 741 4033; baseline -0.007 -1"><span class='ocrx_word' id='word_1_392' title='bbox 335 3977 536 4033; x_wconf 87' lang='lat' dir='ltr'>minus</span> <span class='ocrx_word' id='word_1_393' title='bbox 567 3977 741 4032; x_wconf 90' lang='lat' dir='ltr'>Deus.</span> 
     </span>
    </p>
   </div>
   <div class='ocr_carea' id='block_1_75' title="bbox 176 4045 1682 4120">
    <p class='ocr_par' dir='ltr' id='par_1_75' title="bbox 176 4045 1682 4120">
     <span class='ocr_line' id='line_1_77' title="bbox 176 4045 1682 4120; baseline 0.005 -18"><span class='ocrx_word' id='word_1_394' title='bbox 176 4048 254 4103; x_wconf 85' lang='lat' dir='ltr'>Et</span> <span class='ocrx_word' id='word_1_395' title='bbox 288 4049 508 4104; x_wconf 87' lang='lat' dir='ltr'>factum</span> <span class='ocrx_word' id='word_1_396' title='bbox 540 4052 630 4103; x_wconf 90' lang='lat' dir='ltr'>est</span> <span class='ocrx_word' id='word_1_397' title='bbox 657 4046 900 4103; x_wconf 89' lang='lat' dir='ltr'>verbum</span> <span class='ocrx_word' id='word_1_398' title='bbox 933 4045 1165 4103; x_wconf 89' lang='lat' dir='ltr'>Domini</span> <span class='ocrx_word' id='word_1_399' title='bbox 1197 4050 1265 4105; x_wconf 89' lang='lat' dir='ltr'>ad</span> <span class='ocrx_word' id='word_1_400' title='bbox 1297 4067 1408 4120; x_wconf 89' lang='lat' dir='ltr'>me,</span> <span class='ocrx_word' id='word_1_401' title='bbox 1443 4052 1682 4109; x_wconf 89' lang='lat' dir='ltr'>dicens:</span> 
     </span>
    </p>
   </div>
   <div class='ocr_carea' id='block_1_76' title="bbox 180 4120 612 4184">
    <p class='ocr_par' dir='ltr' id='par_1_76' title="bbox 180 4120 612 4184">
     <span class='ocr_line' id='line_1_78' title="bbox 180 4120 612 4184; baseline 0.005 -12"><span class='ocrx_word' id='word_1_402' title='bbox 180 4120 292 4174; x_wconf 87' lang='lat' dir='ltr'>Fili</span> <span class='ocrx_word' id='word_1_403' title='bbox 326 4120 612 4184; x_wconf 91' lang='lat' dir='ltr'>hominis,</span> 
     </span>
    </p>
   </div>
   <div class='ocr_carea' id='block_1_77' title="bbox 260 4189 1581 4257">
    <p class='ocr_par' dir='ltr' id='par_1_77' title="bbox 260 4189 1581 4257">
     <span class='ocr_line' id='line_1_79' title="bbox 260 4189 1581 4257; baseline 0.002 -10"><span class='ocrx_word' id='word_1_404' title='bbox 260 4193 476 4248; x_wconf 91' lang='lat' dir='ltr'>domus</span> <span class='ocrx_word' id='word_1_405' title='bbox 502 4189 679 4247; x_wconf 86' lang='lat' dir='ltr'>Israel</span> <span class='ocrx_word' id='word_1_406' title='bbox 711 4189 1123 4245; x_wconf 88' lang='lat' dir='ltr'>habitaverunt</span> <span class='ocrx_word' id='word_1_407' title='bbox 1150 4189 1209 4246; x_wconf 91' lang='lat' dir='ltr'>in</span> <span class='ocrx_word' id='word_1_408' title='bbox 1242 4191 1422 4249; x_wconf 91' lang='lat' dir='ltr'>humo</span> <span class='ocrx_word' id='word_1_409' title='bbox 1454 4212 1581 4257; x_wconf 86' lang='lat' dir='ltr'>sua,</span> 
     </span>
    </p>
   </div>
   <div class='ocr_carea' id='block_1_78' title="bbox 257 4260 1844 4337">
    <p class='ocr_par' dir='ltr' id='par_1_78' title="bbox 257 4260 1844 4337">
     <span class='ocr_line' id='line_1_80' title="bbox 257 4260 1844 4337; baseline 0.003 -18"><span class='ocrx_word' id='word_1_410' title='bbox 257 4269 315 4337; x_wconf 87' lang='lat' dir='ltr'>et</span> <span class='ocrx_word' id='word_1_411' title='bbox 348 4264 840 4337; x_wconf 28' lang='lat' dir='ltr'>pollueruntea‘m</span> <span class='ocrx_word' id='word_1_412' title='bbox 872 4260 931 4315; x_wconf 91' lang='lat' dir='ltr'>in</span> <span class='ocrx_word' id='word_1_413' title='bbox 965 4261 1070 4315; x_wconf 83' lang='lat' dir='ltr'>viis</span> <span class='ocrx_word' id='word_1_414' title='bbox 1103 4262 1248 4331; x_wconf 90' lang='lat' dir='ltr'>suis,</span> <span class='ocrx_word' id='word_1_415' title='bbox 1274 4270 1331 4320; x_wconf 89' lang='lat' dir='ltr'>et</span> <span class='ocrx_word' id='word_1_416' title='bbox 1361 4266 1418 4319; x_wconf 91' lang='lat' dir='ltr'>in</span> <span class='ocrx_word' id='word_1_417' title='bbox 1448 4267 1661 4322; x_wconf 89' lang='lat' dir='ltr'>studiis</span> <span class='ocrx_word' id='word_1_418' title='bbox 1694 4267 1844 4337; x_wconf 86' lang='lat' dir='ltr'>suis,</span> 
     </span>
    </p>
   </div>
   <div class='ocr_carea' id='block_1_79' title="bbox 249 4332 1845 4405">
    <p class='ocr_par' dir='ltr' id='par_1_79' title="bbox 249 4332 1845 4405">
     <span class='ocr_line' id='line_1_81' title="bbox 249 4332 1845 4405; baseline 0.003 -15"><span class='ocrx_word' id='word_1_419' title='bbox 249 4332 427 4405; x_wconf 71' lang='lat' dir='ltr'>juita</span> <span class='ocrx_word' id='word_1_420' title='bbox 452 4332 891 4390; x_wconf 88' lang='lat' dir='ltr'>immunditiam</span> <span class='ocrx_word' id='word_1_421' title='bbox 923 4338 1295 4390; x_wconf 67' lang='lat' dir='ltr'>menstruales</span> <span class='ocrx_word' id='word_1_422' title='bbox 1329 4337 1479 4393; x_wconf 86' lang='lat' dir='ltr'>facta</span> <span class='ocrx_word' id='word_1_423' title='bbox 1508 4344 1594 4394; x_wconf 86' lang='lat' dir='ltr'>est</span> <span class='ocrx_word' id='word_1_424' title='bbox 1625 4339 1713 4396; x_wconf 90' lang='lat' dir='ltr'>via</span> <span class='ocrx_word' id='word_1_425' title='bbox 1746 4332 1845 4395; x_wconf 55' lang='lat' dir='ltr'>eo;</span> 
     </span>
    </p>
   </div>
   <div class='ocr_carea' id='block_1_80' title="bbox 336 4419 921 4462">
    <p class='ocr_par' dir='ltr' id='par_1_80' title="bbox 336 4419 921 4462">
     <span class='ocr_line' id='line_1_82' title="bbox 336 4419 921 4462; baseline -0.007 -1"><span class='ocrx_word' id='word_1_426' title='bbox 336 4424 546 4462; x_wconf 88' lang='lat' dir='ltr'>eorum</span> <span class='ocrx_word' id='word_1_427' title='bbox 581 4422 775 4461; x_wconf 85' lang='lat' dir='ltr'>coram</span> <span class='ocrx_word' id='word_1_428' title='bbox 808 4419 921 4458; x_wconf 90' lang='lat' dir='ltr'>me.</span> 
     </span>
    </p>
   </div>
   <div class='ocr_carea' id='block_1_81' title="bbox 178 4476 1838 4553">
    <p class='ocr_par' dir='ltr' id='par_1_81' title="bbox 178 4476 1838 4553">
     <span class='ocr_line' id='line_1_83' title="bbox 178 4476 1838 4553; baseline 0.003 -20"><span class='ocrx_word' id='word_1_429' title='bbox 178 4478 257 4533; x_wconf 87' lang='lat' dir='ltr'>Et</span> <span class='ocrx_word' id='word_1_430' title='bbox 286 4479 466 4553; x_wconf 77' lang='lat' dir='ltr'>effudi</span> <span class='ocrx_word' id='word_1_431' title='bbox 500 4476 963 4553; x_wconf 79' lang='lat' dir='ltr'>indignationem</span> <span class='ocrx_word' id='word_1_432' title='bbox 998 4492 1188 4532; x_wconf 91' lang='lat' dir='ltr'>meam</span> <span class='ocrx_word' id='word_1_433' title='bbox 1221 4494 1400 4549; x_wconf 87' lang='lat' dir='ltr'>super</span> <span class='ocrx_word' id='word_1_434' title='bbox 1439 4497 1538 4537; x_wconf 91' lang='lat' dir='ltr'>eos</span> <span class='ocrx_word' id='word_1_435' title='bbox 1570 4498 1673 4553; x_wconf 90' lang='lat' dir='ltr'>pro</span> <span class='ocrx_word' id='word_1_436' title='bbox 1705 4499 1838 4538; x_wconf 84' lang='lat' dir='ltr'>san-</span> 
     </span>
    </p>
   </div>
   <div class='ocr_carea' id='block_1_82' title="bbox 333 4548 1505 4619">
    <p class='ocr_par' dir='ltr' id='par_1_82' title="bbox 333 4548 1505 4619">
     <span class='ocr_line' id='line_1_84' title="bbox 333 4548 1505 4619; baseline 0.003 -15"><span class='ocrx_word' id='word_1_437' title='bbox 333 4551 513 4619; x_wconf 84' lang='lat' dir='ltr'>guine</span> <span class='ocrx_word' id='word_1_438' title='bbox 543 4565 718 4619; x_wconf 90' lang='lat' dir='ltr'>quem</span> <span class='ocrx_word' id='word_1_439' title='bbox 753 4548 1030 4619; x_wconf 89' lang='lat' dir='ltr'>fuderunt</span> <span class='ocrx_word' id='word_1_440' title='bbox 1060 4564 1238 4619; x_wconf 90' lang='lat' dir='ltr'>super</span> <span class='ocrx_word' id='word_1_441' title='bbox 1267 4548 1505 4617; x_wconf 87' lang='lat' dir='ltr'>terram,</span> 
     </span>
    </p>
   </div>
   <div class='ocr_carea' id='block_1_83' title="bbox 258 4618 1324 4690">
    <p class='ocr_par' dir='ltr' id='par_1_83' title="bbox 258 4618 1324 4690">
     <span class='ocr_line' id='line_1_85' title="bbox 258 4618 1324 4690; baseline -0.001 -14"><span class='ocrx_word' id='word_1_442' title='bbox 258 4626 319 4677; x_wconf 85' lang='lat' dir='ltr'>et</span> <span class='ocrx_word' id='word_1_443' title='bbox 340 4618 410 4676; x_wconf 84' lang='lat' dir='ltr'>in</span> <span class='ocrx_word' id='word_1_444' title='bbox 445 4618 617 4676; x_wconf 87' lang='lat' dir='ltr'>idolis</span> <span class='ocrx_word' id='word_1_445' title='bbox 649 4620 775 4675; x_wconf 90' lang='lat' dir='ltr'>suis</span> <span class='ocrx_word' id='word_1_446' title='bbox 808 4618 1145 4690; x_wconf 85' lang='lat' dir='ltr'>polluerunt</span> <span class='ocrx_word' id='word_1_447' title='bbox 1174 4637 1324 4676; x_wconf 91' lang='lat' dir='ltr'>eam.</span> 
     </span>
    </p>
   </div>
   <div class='ocr_carea' id='block_1_84' title="bbox 180 4692 1837 4763">
    <p class='ocr_par' dir='ltr' id='par_1_84' title="bbox 180 4692 1837 4763">
     <span class='ocr_line' id='line_1_86' title="bbox 180 4692 1837 4763; baseline 0.003 -16"><span class='ocrx_word' id='word_1_448' title='bbox 180 4697 254 4748; x_wconf 85' lang='lat' dir='ltr'>Et</span> <span class='ocrx_word' id='word_1_449' title='bbox 275 4692 527 4763; x_wconf 89' lang='lat' dir='ltr'>dispersi</span> <span class='ocrx_word' id='word_1_450' title='bbox 555 4708 655 4747; x_wconf 91' lang='lat' dir='ltr'>eos</span> <span class='ocrx_word' id='word_1_451' title='bbox 682 4692 736 4746; x_wconf 93' lang='lat' dir='ltr'>in</span> <span class='ocrx_word' id='word_1_452' title='bbox 767 4695 990 4761; x_wconf 88' lang='lat' dir='ltr'>gentes,</span> <span class='ocrx_word' id='word_1_453' title='bbox 1014 4695 1069 4745; x_wconf 88' lang='lat' dir='ltr'>et</span> <span class='ocrx_word' id='word_1_454' title='bbox 1096 4692 1357 4747; x_wconf 79' lang='lat' dir='ltr'>ventilati</span> <span class='ocrx_word' id='word_1_455' title='bbox 1381 4698 1520 4749; x_wconf 90' lang='lat' dir='ltr'>sunt</span> <span class='ocrx_word' id='word_1_456' title='bbox 1546 4694 1602 4750; x_wconf 95' lang='lat' dir='ltr'>in</span> <span class='ocrx_word' id='word_1_457' title='bbox 1631 4698 1837 4752; x_wconf 87' lang='lat' dir='ltr'>terras:</span> 
     </span>
    </p>
   </div>
   <div class='ocr_carea' id='block_1_85' title="bbox 256 4763 1839 4846">
    <p class='ocr_par' dir='ltr' id='par_1_85' title="bbox 256 4763 1839 4846">
     <span class='ocr_line' id='line_1_87' title="bbox 256 4763 1839 4846; baseline 0.003 -27"><span class='ocrx_word' id='word_1_458' title='bbox 256 4765 579 4846; x_wconf 40' lang='lat' dir='ltr'>juxta-vias</span> <span class='ocrx_word' id='word_1_459' title='bbox 610 4779 811 4819; x_wconf 92' lang='lat' dir='ltr'>eorum</span> <span class='ocrx_word' id='word_1_460' title='bbox 844 4767 901 4817; x_wconf 91' lang='lat' dir='ltr'>et</span> <span class='ocrx_word' id='word_1_461' title='bbox 948 4763 1395 4821; x_wconf 89' lang='lat' dir='ltr'>adinventiones</span> <span class='ocrx_word' id='word_1_462' title='bbox 1447 4782 1649 4822; x_wconf 90' lang='lat' dir='ltr'>eorum</span> <span class='ocrx_word' id='word_1_463' title='bbox 1677 4768 1839 4838; x_wconf 90' lang='lat' dir='ltr'>judi-</span> 
     </span>
    </p>
   </div>
   <div class='ocr_carea' id='block_1_86' title="bbox 334 4851 612 4891">
    <p class='ocr_par' dir='ltr' id='par_1_86' title="bbox 334 4851 612 4891">
     <span class='ocr_line' id='line_1_88' title="bbox 334 4851 612 4891; baseline 0 -1"><span class='ocrx_word' id='word_1_464' title='bbox 334 4853 460 4891; x_wconf 70' lang='grc' dir='ltr'>σενι</span> <span class='ocrx_word' id='word_1_465' title='bbox 493 4851 612 4890; x_wconf 78' lang='lat'>€08.</span> 
     </span>
    </p>
   </div>
   <div class='ocr_carea' id='block_1_87' title="bbox 180 4905 1741 4981">
    <p class='ocr_par' dir='ltr' id='par_1_87' title="bbox 180 4905 1741 4981">
     <span class='ocr_line' id='line_1_89' title="bbox 180 4905 1741 4981; baseline 0.003 -20"><span class='ocrx_word' id='word_1_466' title='bbox 180 4907 254 4961; x_wconf 85' lang='lat' dir='ltr'>Et</span> <span class='ocrx_word' id='word_1_467' title='bbox 293 4906 543 4981; x_wconf 80' lang='lat' dir='ltr'>ingressi</span> <span class='ocrx_word' id='word_1_468' title='bbox 578 4909 714 4960; x_wconf 87' lang='lat' dir='ltr'>sunt</span> <span class='ocrx_word' id='word_1_469' title='bbox 747 4905 816 4959; x_wconf 89' lang='lat' dir='ltr'>ad</span> <span class='ocrx_word' id='word_1_470' title='bbox 849 4908 1053 4975; x_wconf 87' lang='lat' dir='ltr'>gentes</span> <span class='ocrx_word' id='word_1_471' title='bbox 1085 4905 1155 4958; x_wconf 92' lang='lat' dir='ltr'>ad</span> <span class='ocrx_word' id='word_1_472' title='bbox 1192 4922 1339 4975; x_wconf 88' lang='lat' dir='ltr'>quas</span> <span class='ocrx_word' id='word_1_473' title='bbox 1370 4907 1741 4981; x_wconf 88' lang='lat' dir='ltr'>introierunt,</span> 
     </span>
    </p>
   </div>
   <div class='ocr_carea' id='block_1_88' title="bbox 254 4979 1482 5049">
    <p class='ocr_par' dir='ltr' id='par_1_88' title="bbox 254 4979 1482 5049">
     <span class='ocr_line' id='line_1_90' title="bbox 254 4979 1482 5049; baseline 0.001 -16"><span class='ocrx_word' id='word_1_474' title='bbox 254 4983 315 5033; x_wconf 87' lang='lat' dir='ltr'>et</span> <span class='ocrx_word' id='word_1_475' title='bbox 347 4979 687 5049; x_wconf 83' lang='lat' dir='ltr'>polluerunt</span> <span class='ocrx_word' id='word_1_476' title='bbox 715 4993 921 5049; x_wconf 84' lang='lat' dir='ltr'>nomen</span> <span class='ocrx_word' id='word_1_477' title='bbox 957 4982 1227 5049; x_wconf 86' lang='lat' dir='ltr'>sanctum</span> <span class='ocrx_word' id='word_1_478' title='bbox 1265 4995 1482 5045; x_wconf 91' lang='lat' dir='ltr'>meum,</span> 
     </span>
    </p>
   </div>
   <div class='ocr_carea' id='block_1_89' title="bbox 254 5047 1767 5121">
    <p class='ocr_par' dir='ltr' id='par_1_89' title="bbox 254 5047 1767 5121">
     <span class='ocr_line' id='line_1_91' title="bbox 254 5047 1767 5121; baseline 0.003 -17"><span class='ocrx_word' id='word_1_479' title='bbox 254 5047 392 5104; x_wconf 84' lang='lat' dir='ltr'>cum</span> <span class='ocrx_word' id='word_1_480' title='bbox 426 5050 719 5104; x_wconf 88' lang='lat' dir='ltr'>diceretur</span> <span class='ocrx_word' id='word_1_481' title='bbox 749 5048 817 5102; x_wconf 87' lang='lat' dir='ltr'>de</span> <span class='ocrx_word' id='word_1_482' title='bbox 839 5048 956 5102; x_wconf 90' lang='lat' dir='ltr'>eis:</span> <span class='ocrx_word' id='word_1_483' title='bbox 984 5047 1239 5121; x_wconf 66' lang='lat' dir='ltr'>Populus</span> <span class='ocrx_word' id='word_1_484' title='bbox 1269 5050 1493 5105; x_wconf 89' lang='lat' dir='ltr'>Domini</span> <span class='ocrx_word' id='word_1_485' title='bbox 1518 5050 1627 5107; x_wconf 87' lang='lat' dir='ltr'>iste</span> <span class='ocrx_word' id='word_1_486' title='bbox 1657 5057 1767 5121; x_wconf 89' lang='lat' dir='ltr'>est,</span> 
     </span>
    </p>
   </div>
   <div class='ocr_carea' id='block_1_90' title="bbox 254 5118 1211 5191">
    <p class='ocr_par' dir='ltr' id='par_1_90' title="bbox 254 5118 1211 5191">
     <span class='ocr_line' id='line_1_92' title="bbox 254 5118 1211 5191; baseline -0.003 -15"><span class='ocrx_word' id='word_1_487' title='bbox 254 5128 315 5176; x_wconf 92' lang='lat' dir='ltr'>et</span> <span class='ocrx_word' id='word_1_488' title='bbox 346 5123 417 5175; x_wconf 92' lang='lat' dir='ltr'>de</span> <span class='ocrx_word' id='word_1_489' title='bbox 448 5127 607 5177; x_wconf 80' lang='lat' dir='ltr'>terra</span> <span class='ocrx_word' id='word_1_490' title='bbox 638 5123 767 5190; x_wconf 88' lang='lat' dir='ltr'>ejus</span> <span class='ocrx_word' id='word_1_491' title='bbox 798 5118 1021 5191; x_wconf 90' lang='lat' dir='ltr'>egressi</span> <span class='ocrx_word' id='word_1_492' title='bbox 1052 5124 1211 5174; x_wconf 89' lang='lat' dir='ltr'>sunt.</span> 
     </span>
    </p>
   </div>
   <div class='ocr_carea' id='block_1_91' title="bbox 177 5190 1196 5264">
    <p class='ocr_par' dir='ltr' id='par_1_91' title="bbox 177 5190 1196 5264">
     <span class='ocr_line' id='line_1_93' title="bbox 177 5190 1196 5264; baseline -0.003 -17"><span class='ocrx_word' id='word_1_493' title='bbox 177 5192 252 5247; x_wconf 84' lang='lat' dir='ltr'>Et</span> <span class='ocrx_word' id='word_1_494' title='bbox 283 5193 517 5264; x_wconf 90' lang='lat' dir='ltr'>peperci</span> <span class='ocrx_word' id='word_1_495' title='bbox 549 5190 937 5264; x_wconf 15' lang='lat' dir='ltr'>nominiimeo</span> <span class='ocrx_word' id='word_1_496' title='bbox 969 5196 1196 5264; x_wconf 84' lang='lat' dir='ltr'>sancto,</span> 
     </span>
    </p>
   </div>
   <div class='ocr_carea' id='block_1_92' title="bbox 255 5261 1839 5340">
    <p class='ocr_par' dir='ltr' id='par_1_92' title="bbox 255 5261 1839 5340">
     <span class='ocr_line' id='line_1_94' title="bbox 255 5261 1839 5340; baseline 0.003 -21"><span class='ocrx_word' id='word_1_497' title='bbox 255 5261 412 5340; x_wconf 74' lang='lat' dir='ltr'>quod</span> <span class='ocrx_word' id='word_1_498' title='bbox 448 5263 978 5340; x_wconf 79' lang='lat' dir='ltr'>pollueratdomus</span> <span class='ocrx_word' id='word_1_499' title='bbox 1004 5261 1176 5318; x_wconf 90' lang='lat' dir='ltr'>Israel</span> <span class='ocrx_word' id='word_1_500' title='bbox 1201 5262 1258 5317; x_wconf 89' lang='lat' dir='ltr'>in</span> <span class='ocrx_word' id='word_1_501' title='bbox 1281 5264 1555 5335; x_wconf 87' lang='lat' dir='ltr'>gentibus</span> <span class='ocrx_word' id='word_1_502' title='bbox 1586 5266 1656 5320; x_wconf 91' lang='lat' dir='ltr'>ad</span> <span class='ocrx_word' id='word_1_503' title='bbox 1690 5283 1839 5340; x_wconf 88' lang='lat' dir='ltr'>quas</span> 
     </span>
    </p>
   </div>
   <div class='ocr_carea' id='block_1_93' title="bbox 331 5334 773 5407">
    <p class='ocr_par' dir='ltr' id='par_1_93' title="bbox 331 5334 773 5407">
     <span class='ocr_line' id='line_1_95' title="bbox 331 5334 773 5407; baseline -0.009 -17"><span class='ocrx_word' id='word_1_504' title='bbox 331 5334 582 5407; x_wconf 83' lang='lat' dir='ltr'>ingressi</span> <span class='ocrx_word' id='word_1_505' title='bbox 615 5338 773 5390; x_wconf 86' lang='lat' dir='ltr'>sunt.</span> 
     </span>
    </p>
   </div>
   <div class='ocr_carea' id='block_1_94' title="bbox 185 5402 1088 5462">
    <p class='ocr_par' dir='ltr' id='par_1_94' title="bbox 185 5402 1088 5462">
     <span class='ocr_line' id='line_1_96' title="bbox 185 5402 1088 5462; baseline -0.002 -1"><span class='ocrx_word' id='word_1_506' title='bbox 185 5402 599 5462; x_wconf 37' lang='lat' dir='ltr'>Idcircovdices</span> <span class='ocrx_word' id='word_1_507' title='bbox 630 5404 830 5461; x_wconf 90' lang='lat' dir='ltr'>domui</span> <span class='ocrx_word' id='word_1_508' title='bbox 867 5402 1048 5458; x_wconf 91' lang='lat' dir='ltr'>Israel</span> <span class='ocrx_word' id='word_1_509' title='bbox 1075 5419 1088 5459; x_wconf 91' lang='lat'>:</span> 
     </span>
    </p>
   </div>
   <div class='ocr_carea' id='block_1_95' title="bbox 176 5475 1031 5534">
    <p class='ocr_par' dir='ltr' id='par_1_95' title="bbox 176 5475 1031 5534">
     <span class='ocr_line' id='line_1_97' title="bbox 176 5475 1031 5534; baseline -0.002 -3"><span class='ocrx_word' id='word_1_510' title='bbox 176 5481 316 5534; x_wconf 64' lang='lat' dir='ltr'>Haec</span> <span class='ocrx_word' id='word_1_511' title='bbox 348 5479 488 5534; x_wconf 86' lang='lat' dir='ltr'>dicit</span> <span class='ocrx_word' id='word_1_512' title='bbox 525 5477 807 5533; x_wconf 84' lang='lat' dir='ltr'>Dominus</span> <span class='ocrx_word' id='word_1_513' title='bbox 840 5475 1031 5531; x_wconf 90' lang='lat' dir='ltr'>Deus:</span> 
     </span>
    </p>
   </div>
   <div class='ocr_carea' id='block_1_96' title="bbox 178 5546 1593 5621">
    <p class='ocr_par' dir='ltr' id='par_1_96' title="bbox 178 5546 1593 5621">
     <span class='ocr_line' id='line_1_98' title="bbox 178 5546 1593 5621; baseline 0.002 -21"><span class='ocrx_word' id='word_1_514' title='bbox 178 5552 302 5605; x_wconf 78' lang='lat' dir='ltr'>Non</span> <span class='ocrx_word' id='word_1_515' title='bbox 337 5554 580 5621; x_wconf 87' lang='lat' dir='ltr'>propter</span> <span class='ocrx_word' id='word_1_516' title='bbox 608 5565 712 5605; x_wconf 88' lang='lat' dir='ltr'>vos</span> <span class='ocrx_word' id='word_1_517' title='bbox 741 5564 846 5619; x_wconf 89' lang='lat' dir='ltr'>ego</span> <span class='ocrx_word' id='word_1_518' title='bbox 882 5546 1114 5611; x_wconf 81' lang='lat' dir='ltr'>faciam,</span> <span class='ocrx_word' id='word_1_519' title='bbox 1147 5547 1363 5605; x_wconf 91' lang='lat' dir='ltr'>domus</span> <span class='ocrx_word' id='word_1_520' title='bbox 1394 5547 1593 5615; x_wconf 88' lang='lat' dir='ltr'>Israel,</span> 
     </span>
    </p>
   </div>
   <div class='ocr_carea' id='block_1_97' title="bbox 255 5620 1836 5693">
    <p class='ocr_par' dir='ltr' id='par_1_97' title="bbox 255 5620 1836 5693">
     <span class='ocr_line' id='line_1_99' title="bbox 255 5620 1836 5693; baseline 0.002 -17"><span class='ocrx_word' id='word_1_521' title='bbox 255 5620 355 5677; x_wconf 89' lang='lat' dir='ltr'>sed</span> <span class='ocrx_word' id='word_1_522' title='bbox 380 5620 618 5693; x_wconf 88' lang='lat' dir='ltr'>propter</span> <span class='ocrx_word' id='word_1_523' title='bbox 634 5636 845 5676; x_wconf 89' lang='lat' dir='ltr'>nomen</span> <span class='ocrx_word' id='word_1_524' title='bbox 864 5622 1132 5674; x_wconf 88' lang='lat' dir='ltr'>sanctum</span> <span class='ocrx_word' id='word_1_525' title='bbox 1154 5635 1372 5688; x_wconf 89' lang='lat' dir='ltr'>meum,</span> <span class='ocrx_word' id='word_1_526' title='bbox 1392 5622 1545 5692; x_wconf 91' lang='lat' dir='ltr'>quod</span> <span class='ocrx_word' id='word_1_527' title='bbox 1572 5620 1836 5693; x_wconf 87' lang='lat' dir='ltr'>polluisti</span> 
     </span>
    </p>
   </div>
   <div class='ocr_carea' id='block_1_98' title="bbox 1868 4442 1915 4507">
    <p class='ocr_par' dir='ltr' id='par_1_98' title="bbox 1868 4442 1915 4507">
     <span class='ocr_line' id='line_1_100' title="bbox 1868 4442 1915 4507; baseline 0 0"><span class='ocrx_word' id='word_1_528' title='bbox 1868 4442 1915 4507; x_wconf 88' lang='lat' dir='ltr'>D</span> 
     </span>
    </p>
   </div>
   <div class='ocr_carea' id='block_1_99' title="bbox 2015 1759 3595 1836">
    <p class='ocr_par' dir='ltr' id='par_1_99' title="bbox 2015 1759 3595 1836">
     <span class='ocr_line' id='line_1_101' title="bbox 2015 1759 3595 1836; baseline 0.004 -22"><span class='ocrx_word' id='word_1_529' title='bbox 2015 1759 2240 1836; x_wconf 84' lang='lat' dir='ltr'>judicia</span> <span class='ocrx_word' id='word_1_530' title='bbox 2256 1776 2392 1836; x_wconf 80' lang='lat' dir='ltr'>mea</span> <span class='ocrx_word' id='word_1_531' title='bbox 2414 1759 2759 1836; x_wconf 77' lang='lat' dir='ltr'>custodiatis</span> <span class='ocrx_word' id='word_1_532' title='bbox 2779 1767 2834 1817; x_wconf 90' lang='lat' dir='ltr'>et</span> <span class='ocrx_word' id='word_1_533' title='bbox 2854 1763 3172 1836; x_wconf 81' lang='lat' dir='ltr'>operemini</span> <span class='ocrx_word' id='word_1_534' title='bbox 3198 1766 3304 1831; x_wconf 85' lang='lat' dir='ltr'>(Al.</span> <span class='ocrx_word' id='word_1_535' title='bbox 3334 1759 3463 1819; x_wconf 84' lang='lat' dir='ltr'>add.</span> <span class='ocrx_word' id='word_1_536' title='bbox 3487 1764 3595 1836; x_wconf 88' lang='lat' dir='ltr'>ea).</span> 
     </span>
    </p>
   </div>
   <div class='ocr_carea' id='block_1_100' title="bbox 1951 1829 3594 1906">
    <p class='ocr_par' dir='ltr' id='par_1_100' title="bbox 1951 1829 3594 1906">
     <span class='ocr_line' id='line_1_102' title="bbox 1951 1829 3594 1906; baseline 0.004 -21"><span class='ocrx_word' id='word_1_537' title='bbox 1951 1829 2021 1884; x_wconf 86' lang='lat' dir='ltr'>Et</span> <span class='ocrx_word' id='word_1_538' title='bbox 2052 1831 2668 1906; x_wconf 75' lang='lat' dir='ltr'>habitabitisinterra</span> <span class='ocrx_word' id='word_1_539' title='bbox 2698 1849 2875 1906; x_wconf 85' lang='lat' dir='ltr'>quam</span> <span class='ocrx_word' id='word_1_540' title='bbox 2895 1829 3038 1888; x_wconf 54' lang='lat' dir='ltr'>&#39;dedi</span> <span class='ocrx_word' id='word_1_541' title='bbox 3072 1829 3340 1906; x_wconf 88' lang='lat' dir='ltr'>patribus</span> <span class='ocrx_word' id='word_1_542' title='bbox 3364 1829 3594 1892; x_wconf 80' lang='lat' dir='ltr'>vestris:</span> 
     </span>
    </p>
   </div>
   <div class='ocr_carea' id='block_1_101' title="bbox 2031 1903 2892 1975">
    <p class='ocr_par' dir='ltr' id='par_1_101' title="bbox 2031 1903 2892 1975">
     <span class='ocr_line' id='line_1_103' title="bbox 2031 1903 2892 1975; baseline 0.002 -18"><span class='ocrx_word' id='word_1_543' title='bbox 2031 1908 2088 1958; x_wconf 91' lang='lat' dir='ltr'>et</span> <span class='ocrx_word' id='word_1_544' title='bbox 2116 1904 2281 1960; x_wconf 87' lang='lat' dir='ltr'>eritis</span> <span class='ocrx_word' id='word_1_545' title='bbox 2312 1904 2455 1959; x_wconf 89' lang='lat' dir='ltr'>mihi</span> <span class='ocrx_word' id='word_1_546' title='bbox 2490 1903 2549 1958; x_wconf 91' lang='lat' dir='ltr'>in</span> <span class='ocrx_word' id='word_1_547' title='bbox 2584 1903 2892 1975; x_wconf 89' lang='lat' dir='ltr'>populum,</span> 
     </span>
    </p>
   </div>
   <div class='ocr_carea' id='block_1_102' title="bbox 2027 1975 2871 2047">
    <p class='ocr_par' dir='ltr' id='par_1_102' title="bbox 2027 1975 2871 2047">
     <span class='ocr_line' id='line_1_104' title="bbox 2027 1975 2871 2047; baseline -0.001 -15"><span class='ocrx_word' id='word_1_548' title='bbox 2027 1980 2085 2033; x_wconf 87' lang='lat' dir='ltr'>et</span> <span class='ocrx_word' id='word_1_549' title='bbox 2113 1992 2220 2047; x_wconf 88' lang='lat' dir='ltr'>ego</span> <span class='ocrx_word' id='word_1_550' title='bbox 2248 1992 2347 2032; x_wconf 92' lang='lat' dir='ltr'>ero</span> <span class='ocrx_word' id='word_1_551' title='bbox 2376 1975 2544 2031; x_wconf 91' lang='lat' dir='ltr'>vobis</span> <span class='ocrx_word' id='word_1_552' title='bbox 2574 1975 2633 2030; x_wconf 91' lang='lat' dir='ltr'>in</span> <span class='ocrx_word' id='word_1_553' title='bbox 2662 1975 2871 2031; x_wconf 89' lang='lat' dir='ltr'>Deum.</span> 
     </span>
    </p>
   </div>
   <div class='ocr_carea' id='block_1_103' title="bbox 1953 2046 3562 2130">
    <p class='ocr_par' dir='ltr' id='par_1_103' title="bbox 1953 2046 3562 2130">
     <span class='ocr_line' id='line_1_105' title="bbox 1953 2046 3562 2130; baseline 0.001 -25"><span class='ocrx_word' id='word_1_554' title='bbox 1953 2050 2018 2105; x_wconf 86' lang='lat' dir='ltr'>Et</span> <span class='ocrx_word' id='word_1_555' title='bbox 2047 2046 2279 2130; x_wconf 79' lang='lat' dir='ltr'>salvabo</span> <span class='ocrx_word' id='word_1_556' title='bbox 2308 2064 2405 2130; x_wconf 47' lang='grc' dir='ltr'>νίζε</span> <span class='ocrx_word' id='word_1_557' title='bbox 2426 2064 2495 2102; x_wconf 82' lang='lat' dir='ltr'>ex</span> <span class='ocrx_word' id='word_1_558' title='bbox 2525 2046 2815 2130; x_wconf 70' lang='lat' dir='ltr'>universis</span> <span class='ocrx_word' id='word_1_559' title='bbox 2837 2046 3297 2130; x_wconf 69' lang='lat' dir='ltr'>inquinamentis</span> <span class='ocrx_word' id='word_1_560' title='bbox 3322 2049 3562 2130; x_wconf 74' lang='lat' dir='ltr'>vestris:</span> 
     </span>
    </p>
   </div>
   <div class='ocr_carea' id='block_1_104' title="bbox 2023 2118 3365 2190">
    <p class='ocr_par' dir='ltr' id='par_1_104' title="bbox 2023 2118 3365 2190">
     <span class='ocr_line' id='line_1_106' title="bbox 2023 2118 3365 2190; baseline -0.001 -14"><span class='ocrx_word' id='word_1_561' title='bbox 2023 2124 2080 2176; x_wconf 86' lang='lat' dir='ltr'>et</span> <span class='ocrx_word' id='word_1_562' title='bbox 2108 2119 2322 2175; x_wconf 91' lang='lat' dir='ltr'>vocabo</span> <span class='ocrx_word' id='word_1_563' title='bbox 2354 2120 2732 2183; x_wconf 74' lang='lat' dir='ltr'>frumentum,</span> <span class='ocrx_word' id='word_1_564' title='bbox 2766 2118 3170 2190; x_wconf 89' lang='lat' dir='ltr'>multiplicabo</span> <span class='ocrx_word' id='word_1_565' title='bbox 3195 2120 3365 2187; x_wconf 89' lang='lat' dir='ltr'>illud,</span> 
     </span>
    </p>
   </div>
   <div class='ocr_carea' id='block_1_105' title="bbox 2022 2190 3080 2260">
    <p class='ocr_par' dir='ltr' id='par_1_105' title="bbox 2022 2190 3080 2260">
     <span class='ocr_line' id='line_1_107' title="bbox 2022 2190 3080 2260; baseline -0.003 -13"><span class='ocrx_word' id='word_1_566' title='bbox 2022 2199 2081 2247; x_wconf 88' lang='lat' dir='ltr'>et</span> <span class='ocrx_word' id='word_1_567' title='bbox 2112 2207 2224 2245; x_wconf 88' lang='lat' dir='ltr'>non</span> <span class='ocrx_word' id='word_1_568' title='bbox 2258 2190 2559 2260; x_wconf 87' lang='lat' dir='ltr'>imponam</span> <span class='ocrx_word' id='word_1_569' title='bbox 2590 2190 2757 2246; x_wconf 90' lang='lat' dir='ltr'>vobis</span> <span class='ocrx_word' id='word_1_570' title='bbox 2793 2193 2808 2226; x_wconf 77' lang='grc' dir='ltr'>ί</span> <span class='ocrx_word' id='word_1_571' title='bbox 2845 2191 3080 2245; x_wconf 80' lang='lat' dir='ltr'>famem.</span> 
     </span>
    </p>
   </div>
   <div class='ocr_carea' id='block_1_106' title="bbox 1952 2260 3508 2333">
    <p class='ocr_par' dir='ltr' id='par_1_106' title="bbox 1952 2260 3508 2333">
     <span class='ocr_line' id='line_1_108' title="bbox 1952 2260 3508 2333; baseline -0.001 -15"><span class='ocrx_word' id='word_1_572' title='bbox 1952 2265 2018 2319; x_wconf 88' lang='lat' dir='ltr'>Et</span> <span class='ocrx_word' id='word_1_573' title='bbox 2050 2260 2454 2332; x_wconf 88' lang='lat' dir='ltr'>multiplicabo</span> <span class='ocrx_word' id='word_1_574' title='bbox 2487 2262 2743 2333; x_wconf 87' lang='lat' dir='ltr'>fructum</span> <span class='ocrx_word' id='word_1_575' title='bbox 2774 2260 2919 2332; x_wconf 88' lang='lat' dir='ltr'>ligni</span> <span class='ocrx_word' id='word_1_576' title='bbox 2948 2265 3005 2316; x_wconf 89' lang='lat' dir='ltr'>et</span> <span class='ocrx_word' id='word_1_577' title='bbox 3037 2261 3332 2330; x_wconf 77' lang='lat' dir='ltr'>genimina</span> <span class='ocrx_word' id='word_1_578' title='bbox 3363 2262 3508 2333; x_wconf 88' lang='lat' dir='ltr'>agri,</span> 
     </span>
    </p>
   </div>
   <div class='ocr_carea' id='block_1_107' title="bbox 2021 2332 3595 2405">
    <p class='ocr_par' dir='ltr' id='par_1_107' title="bbox 2021 2332 3595 2405">
     <span class='ocr_line' id='line_1_109' title="bbox 2021 2332 3595 2405; baseline 0 -15"><span class='ocrx_word' id='word_1_579' title='bbox 2021 2340 2087 2390; x_wconf 90' lang='lat' dir='ltr'>ut</span> <span class='ocrx_word' id='word_1_580' title='bbox 2104 2349 2216 2389; x_wconf 92' lang='lat' dir='ltr'>non</span> <span class='ocrx_word' id='word_1_581' title='bbox 2236 2334 2481 2404; x_wconf 90' lang='lat' dir='ltr'>portetis</span> <span class='ocrx_word' id='word_1_582' title='bbox 2495 2332 2646 2387; x_wconf 90' lang='lat' dir='ltr'>ultra</span> <span class='ocrx_word' id='word_1_583' title='bbox 2660 2333 3040 2405; x_wconf 90' lang='lat' dir='ltr'>opprobrium</span> <span class='ocrx_word' id='word_1_584' title='bbox 3060 2333 3230 2389; x_wconf 83' lang='lat' dir='ltr'>famis</span> <span class='ocrx_word' id='word_1_585' title='bbox 3244 2334 3302 2388; x_wconf 92' lang='lat' dir='ltr'>in</span> <span class='ocrx_word' id='word_1_586' title='bbox 3318 2332 3595 2404; x_wconf 76' lang='lat' dir='ltr'>gentibus</span> 
     </span>
    </p>
   </div>
   <div class='ocr_carea' id='block_1_108' title="bbox 1949 2405 3591 2477">
    <p class='ocr_par' dir='ltr' id='par_1_108' title="bbox 1949 2405 3591 2477">
     <span class='ocr_line' id='line_1_110' title="bbox 1949 2405 3591 2477; baseline 0 -15"><span class='ocrx_word' id='word_1_587' title='bbox 1949 2407 2015 2462; x_wconf 88' lang='lat' dir='ltr'>Et</span> <span class='ocrx_word' id='word_1_588' title='bbox 2046 2405 2495 2477; x_wconf 88' lang='lat' dir='ltr'>recordabimini</span> <span class='ocrx_word' id='word_1_589' title='bbox 2527 2405 2753 2477; x_wconf 87' lang='lat' dir='ltr'>viarum</span> <span class='ocrx_word' id='word_1_590' title='bbox 2803 2410 3131 2460; x_wconf 88' lang='lat' dir='ltr'>vestrarum</span> <span class='ocrx_word' id='word_1_591' title='bbox 3172 2406 3591 2477; x_wconf 89' lang='lat' dir='ltr'>pessimarum.</span> 
     </span>
    </p>
   </div>
   <div class='ocr_carea' id='block_1_109' title="bbox 2093 2476 3045 2548">
    <p class='ocr_par' dir='ltr' id='par_1_109' title="bbox 2093 2476 3045 2548">
     <span class='ocr_line' id='line_1_111' title="bbox 2093 2476 3045 2548; baseline -0.002 -16"><span class='ocrx_word' id='word_1_592' title='bbox 2093 2476 2543 2548; x_wconf 79' lang='lat' dir='ltr'>studiorumque</span> <span class='ocrx_word' id='word_1_593' title='bbox 2574 2476 3045 2548; x_wconf 10' lang='lat' dir='ltr'>nonrhonorum;</span> 
     </span>
    </p>
   </div>
   <div class='ocr_carea' id='block_1_110' title="bbox 2020 2547 3599 2620">
    <p class='ocr_par' dir='ltr' id='par_1_110' title="bbox 2020 2547 3599 2620">
     <span class='ocr_line' id='line_1_112' title="bbox 2020 2547 3599 2620; baseline 0 -15"><span class='ocrx_word' id='word_1_594' title='bbox 2020 2553 2078 2605; x_wconf 90' lang='lat' dir='ltr'>et</span> <span class='ocrx_word' id='word_1_595' title='bbox 2108 2547 2504 2620; x_wconf 88' lang='lat' dir='ltr'>displicebunt</span> <span class='ocrx_word' id='word_1_596' title='bbox 2522 2548 2685 2603; x_wconf 89' lang='lat' dir='ltr'>vobis</span> <span class='ocrx_word' id='word_1_597' title='bbox 2699 2547 3037 2619; x_wconf 88' lang='lat' dir='ltr'>iniquitates</span> <span class='ocrx_word' id='word_1_598' title='bbox 3056 2550 3279 2620; x_wconf 78' lang='lat' dir='ltr'>vestrae,</span> <span class='ocrx_word' id='word_1_599' title='bbox 3298 2553 3354 2604; x_wconf 90' lang='lat' dir='ltr'>et</span> <span class='ocrx_word' id='word_1_600' title='bbox 3374 2549 3599 2605; x_wconf 87' lang='lat' dir='ltr'>scelera</span> 
     </span>
    </p>
   </div>
   <div class='ocr_carea' id='block_1_111' title="bbox 2091 2626 2303 2676">
    <p class='ocr_par' dir='ltr' id='par_1_111' title="bbox 2091 2626 2303 2676">
     <span class='ocr_line' id='line_1_113' title="bbox 2091 2626 2303 2676; baseline 0 -2"><span class='ocrx_word' id='word_1_601' title='bbox 2091 2626 2303 2676; x_wconf 89' lang='lat' dir='ltr'>vestra.</span> 
     </span>
    </p>
   </div>
   <div class='ocr_carea' id='block_1_112' title="bbox 1952 2688 3612 2763">
    <p class='ocr_par' dir='ltr' id='par_1_112' title="bbox 1952 2688 3612 2763">
     <span class='ocr_line' id='line_1_114' title="bbox 1952 2688 3612 2763; baseline -0.002 -13"><span class='ocrx_word' id='word_1_602' title='bbox 1952 2692 2074 2750; x_wconf 89' lang='lat' dir='ltr'>Non</span> <span class='ocrx_word' id='word_1_603' title='bbox 2109 2696 2345 2763; x_wconf 90' lang='lat' dir='ltr'>propter</span> <span class='ocrx_word' id='word_1_604' title='bbox 2366 2706 2600 2763; x_wconf 80' lang='lat' dir='ltr'>Vosego</span> <span class='ocrx_word' id='word_1_605' title='bbox 2625 2689 2855 2759; x_wconf 88' lang='lat' dir='ltr'>faciam,</span> <span class='ocrx_word' id='word_1_606' title='bbox 2883 2690 2965 2746; x_wconf 89' lang='lat' dir='ltr'>ait</span> <span class='ocrx_word' id='word_1_607' title='bbox 2985 2688 3270 2745; x_wconf 90' lang='lat' dir='ltr'>Dominus</span> <span class='ocrx_word' id='word_1_608' title='bbox 3298 2692 3469 2759; x_wconf 84' lang='lat' dir='ltr'>Deus,</span> <span class='ocrx_word' id='word_1_609' title='bbox 3498 2708 3532 2747; x_wconf 89' lang='lat' dir='ltr'>n</span> <span class='ocrx_word' id='word_1_610' title='bbox 3554 2706 3612 2746; x_wconf 86' lang='lat' dir='ltr'>o-</span> 
     </span>
    </p>
   </div>
   <div class='ocr_carea' id='block_1_113' title="bbox 2092 2761 2557 2818">
    <p class='ocr_par' dir='ltr' id='par_1_113' title="bbox 2092 2761 2557 2818">
     <span class='ocr_line' id='line_1_115' title="bbox 2092 2761 2557 2818; baseline -0.006 0"><span class='ocrx_word' id='word_1_611' title='bbox 2092 2761 2152 2818; x_wconf 27' lang='lat' dir='ltr'>t‘u</span> <span class='ocrx_word' id='word_1_612' title='bbox 2164 2761 2230 2817; x_wconf 47' lang='lat' dir='ltr'>m&#39;</span> <span class='ocrx_word' id='word_1_613' title='bbox 2248 2763 2325 2817; x_wconf 84' lang='lat' dir='ltr'>sit</span> <span class='ocrx_word' id='word_1_614' title='bbox 2354 2761 2519 2818; x_wconf 90' lang='lat' dir='ltr'>vobis</span> <span class='ocrx_word' id='word_1_615' title='bbox 2541 2761 2557 2815; x_wconf 69' lang='grc' dir='ltr'><strong>ξ</strong></span> 
     </span>
    </p>
   </div>
   <div class='ocr_carea' id='block_1_114' title="bbox 1949 2831 3600 2904">
    <p class='ocr_par' dir='ltr' id='par_1_114' title="bbox 1949 2831 3600 2904">
     <span class='ocr_line' id='line_1_116' title="bbox 1949 2831 3600 2904; baseline -0.001 -13"><span class='ocrx_word' id='word_1_616' title='bbox 1949 2833 2413 2902; x_wconf 87' lang='lat' dir='ltr'>Confundimini,</span> <span class='ocrx_word' id='word_1_617' title='bbox 2445 2838 2501 2888; x_wconf 92' lang='lat' dir='ltr'>et</span> <span class='ocrx_word' id='word_1_618' title='bbox 2530 2832 2857 2888; x_wconf 88' lang='lat' dir='ltr'>erubescite</span> <span class='ocrx_word' id='word_1_619' title='bbox 2887 2847 3066 2904; x_wconf 89' lang='lat' dir='ltr'>super</span> <span class='ocrx_word' id='word_1_620' title='bbox 3093 2831 3204 2887; x_wconf 91' lang='lat' dir='ltr'>viis</span> <span class='ocrx_word' id='word_1_621' title='bbox 3232 2832 3462 2901; x_wconf 87' lang='lat' dir='ltr'>vestris,</span> <span class='ocrx_word' id='word_1_622' title='bbox 3494 2834 3600 2889; x_wconf 85' lang='lat' dir='ltr'>do-</span> 
     </span>
    </p>
   </div>
   <div class='ocr_carea' id='block_1_115' title="bbox 2095 2904 2458 2962">
    <p class='ocr_par' dir='ltr' id='par_1_115' title="bbox 2095 2904 2458 2962">
     <span class='ocr_line' id='line_1_117' title="bbox 2095 2904 2458 2962; baseline -0.006 -1"><span class='ocrx_word' id='word_1_623' title='bbox 2095 2923 2227 2962; x_wconf 91' lang='lat' dir='ltr'>mus</span> <span class='ocrx_word' id='word_1_624' title='bbox 2260 2904 2458 2961; x_wconf 87' lang='lat' dir='ltr'>Israel.</span> 
     </span>
    </p>
   </div>
   <div class='ocr_carea' id='block_1_116' title="bbox 1950 2977 2777 3035">
    <p class='ocr_par' dir='ltr' id='par_1_116' title="bbox 1950 2977 2777 3035">
     <span class='ocr_line' id='line_1_118' title="bbox 1950 2977 2777 3035; baseline -0.004 -2"><span class='ocrx_word' id='word_1_625' title='bbox 1950 2983 2077 3035; x_wconf 66' lang='lat' dir='ltr'>Hec</span> <span class='ocrx_word' id='word_1_626' title='bbox 2104 2979 2244 3033; x_wconf 92' lang='lat' dir='ltr'>dicit</span> <span class='ocrx_word' id='word_1_627' title='bbox 2275 2977 2555 3033; x_wconf 86' lang='lat' dir='ltr'>Dominus</span> <span class='ocrx_word' id='word_1_628' title='bbox 2589 2977 2777 3032; x_wconf 87' lang='lat' dir='ltr'>Deus:</span> 
     </span>
    </p>
   </div>
   <div class='ocr_carea' id='block_1_117' title="bbox 1870 3044 3598 3140">
    <p class='ocr_par' dir='ltr' id='par_1_117' title="bbox 1870 3044 3598 3140">
     <span class='ocr_line' id='line_1_119' title="bbox 1870 3044 3598 3140; baseline -0.002 -34"><span class='ocrx_word' id='word_1_629' title='bbox 1870 3072 1914 3140; x_wconf 69' lang='grc' dir='ltr'>α</span> <span class='ocrx_word' id='word_1_630' title='bbox 1952 3053 2015 3106; x_wconf 94' lang='lat' dir='ltr'>In</span> <span class='ocrx_word' id='word_1_631' title='bbox 2039 3051 2151 3140; x_wconf 78' lang='lat' dir='ltr'>die,</span> <span class='ocrx_word' id='word_1_632' title='bbox 2171 3049 2662 3140; x_wconf 24' lang='lat' dir='ltr'>qua-mundavero</span> <span class='ocrx_word' id='word_1_633' title='bbox 2684 3064 2785 3103; x_wconf 91' lang='lat' dir='ltr'>vos</span> <span class='ocrx_word' id='word_1_634' title='bbox 2805 3063 2873 3102; x_wconf 81' lang='lat' dir='ltr'>ex</span> <span class='ocrx_word' id='word_1_635' title='bbox 2892 3044 3168 3102; x_wconf 87' lang='lat' dir='ltr'>omnibus</span> <span class='ocrx_word' id='word_1_636' title='bbox 3191 3045 3598 3118; x_wconf 87' lang='lat' dir='ltr'>iniquitatibus</span> 
     </span>
    </p>
   </div>
   <div class='ocr_carea' id='block_1_118' title="bbox 2094 3122 2323 3177">
    <p class='ocr_par' dir='ltr' id='par_1_118' title="bbox 2094 3122 2323 3177">
     <span class='ocr_line' id='line_1_120' title="bbox 2094 3122 2323 3177; baseline 0 -2"><span class='ocrx_word' id='word_1_637' title='bbox 2094 3122 2323 3177; x_wconf 79' lang='lat' dir='ltr'>vestris.</span> 
     </span>
    </p>
   </div>
   <div class='ocr_carea' id='block_1_119' title="bbox 2013 3188 3599 3258">
    <p class='ocr_par' dir='ltr' id='par_1_119' title="bbox 2013 3188 3599 3258">
     <span class='ocr_line' id='line_1_121' title="bbox 2013 3188 3599 3258; baseline -0.003 -8"><span class='ocrx_word' id='word_1_638' title='bbox 2013 3198 2070 3250; x_wconf 92' lang='lat' dir='ltr'>et</span> <span class='ocrx_word' id='word_1_639' title='bbox 2088 3191 2404 3248; x_wconf 88' lang='lat' dir='ltr'>inhabitari</span> <span class='ocrx_word' id='word_1_640' title='bbox 2424 3192 2610 3247; x_wconf 90' lang='lat' dir='ltr'>fecero</span> <span class='ocrx_word' id='word_1_641' title='bbox 2634 3192 2893 3257; x_wconf 88' lang='lat' dir='ltr'>urbes,et</span> <span class='ocrx_word' id='word_1_642' title='bbox 2910 3188 3311 3245; x_wconf 89' lang='lat' dir='ltr'>instauravero</span> <span class='ocrx_word' id='word_1_643' title='bbox 3335 3190 3599 3258; x_wconf 89' lang='lat' dir='ltr'>ruinosa,</span> 
     </span>
    </p>
   </div>
   <div class='ocr_carea' id='block_1_120' title="bbox 2014 3260 3011 3329">
    <p class='ocr_par' dir='ltr' id='par_1_120' title="bbox 2014 3260 3011 3329">
     <span class='ocr_line' id='line_1_122' title="bbox 2014 3260 3011 3329; baseline -0.006 -8"><span class='ocrx_word' id='word_1_644' title='bbox 2014 3271 2072 3321; x_wconf 91' lang='lat' dir='ltr'>et</span> <span class='ocrx_word' id='word_1_645' title='bbox 2102 3269 2257 3320; x_wconf 87' lang='lat' dir='ltr'>terra</span> <span class='ocrx_word' id='word_1_646' title='bbox 2288 3265 2520 3319; x_wconf 89' lang='lat' dir='ltr'>deserta</span> <span class='ocrx_word' id='word_1_647' title='bbox 2552 3262 2727 3317; x_wconf 89' lang='lat' dir='ltr'>fuerit</span> <span class='ocrx_word' id='word_1_648' title='bbox 2758 3260 3011 3329; x_wconf 82' lang='lat' dir='ltr'>exculta,</span> 
     </span>
    </p>
   </div>
   <div class='ocr_carea' id='block_1_121' title="bbox 2014 3331 3600 3409">
    <p class='ocr_par' dir='ltr' id='par_1_121' title="bbox 2014 3331 3600 3409">
     <span class='ocr_line' id='line_1_123' title="bbox 2014 3331 3600 3409; baseline -0.004 -16"><span class='ocrx_word' id='word_1_649' title='bbox 2014 3354 2142 3409; x_wconf 72' lang='lat' dir='ltr'>quae</span> <span class='ocrx_word' id='word_1_650' title='bbox 2174 3336 2473 3409; x_wconf 89' lang='lat' dir='ltr'>quondam</span> <span class='ocrx_word' id='word_1_651' title='bbox 2506 3339 2629 3390; x_wconf 86' lang='lat' dir='ltr'>erat</span> <span class='ocrx_word' id='word_1_652' title='bbox 2662 3333 2925 3390; x_wconf 86' lang='lat' dir='ltr'>desolata</span> <span class='ocrx_word' id='word_1_653' title='bbox 2954 3332 3012 3388; x_wconf 90' lang='lat' dir='ltr'>in</span> <span class='ocrx_word' id='word_1_654' title='bbox 3046 3331 3233 3389; x_wconf 88' lang='lat' dir='ltr'>oculis</span> <span class='ocrx_word' id='word_1_655' title='bbox 3264 3333 3454 3389; x_wconf 90' lang='lat' dir='ltr'>omnis</span> <span class='ocrx_word' id='word_1_656' title='bbox 3484 3332 3600 3388; x_wconf 90' lang='lat' dir='ltr'>via-</span> 
     </span>
    </p>
   </div>
   <div class='ocr_carea' id='block_1_122' title="bbox 2086 3407 2256 3474">
    <p class='ocr_par' dir='ltr' id='par_1_122' title="bbox 2086 3407 2256 3474">
     <span class='ocr_line' id='line_1_124' title="bbox 2086 3407 2256 3474; baseline -0.006 -11"><span class='ocrx_word' id='word_1_657' title='bbox 2086 3407 2256 3474; x_wconf 88' lang='lat' dir='ltr'>toris,</span> 
     </span>
    </p>
   </div>
   <div class='ocr_carea' id='block_1_123' title="bbox 2018 3480 2253 3536">
    <p class='ocr_par' dir='ltr' id='par_1_123' title="bbox 2018 3480 2253 3536">
     <span class='ocr_line' id='line_1_125' title="bbox 2018 3480 2253 3536; baseline -0.004 -1"><span class='ocrx_word' id='word_1_658' title='bbox 2018 3480 2213 3536; x_wconf 88' lang='lat' dir='ltr'>dicent</span> <span class='ocrx_word' id='word_1_659' title='bbox 2240 3496 2253 3534; x_wconf 88' lang='lat'>:</span> 
     </span>
    </p>
   </div>
   <div class='ocr_carea' id='block_1_124' title="bbox 1945 3546 3593 3619">
    <p class='ocr_par' dir='ltr' id='par_1_124' title="bbox 1945 3546 3593 3619">
     <span class='ocr_line' id='line_1_126' title="bbox 1945 3546 3593 3619; baseline -0.004 -11"><span class='ocrx_word' id='word_1_660' title='bbox 1945 3553 2123 3608; x_wconf 89' lang='lat' dir='ltr'>Terra</span> <span class='ocrx_word' id='word_1_661' title='bbox 2154 3550 2255 3606; x_wconf 90' lang='lat' dir='ltr'>illa</span> <span class='ocrx_word' id='word_1_662' title='bbox 2286 3548 2528 3619; x_wconf 88' lang='lat' dir='ltr'>inculta,</span> <span class='ocrx_word' id='word_1_663' title='bbox 2563 3548 2714 3603; x_wconf 89' lang='lat' dir='ltr'>facta</span> <span class='ocrx_word' id='word_1_664' title='bbox 2744 3552 2831 3604; x_wconf 87' lang='lat' dir='ltr'>est</span> <span class='ocrx_word' id='word_1_665' title='bbox 2877 3551 2941 3602; x_wconf 90' lang='lat' dir='ltr'>ut</span> <span class='ocrx_word' id='word_1_666' title='bbox 2984 3546 3194 3603; x_wconf 86' lang='lat' dir='ltr'>hortus</span> <span class='ocrx_word' id='word_1_667' title='bbox 3239 3546 3593 3618; x_wconf 85' lang='lat' dir='ltr'>voluptatis:</span> 
     </span>
    </p>
   </div>
   <div class='ocr_carea' id='block_1_125' title="bbox 2018 3619 3595 3690">
    <p class='ocr_par' dir='ltr' id='par_1_125' title="bbox 2018 3619 3595 3690">
     <span class='ocr_line' id='line_1_127' title="bbox 2018 3619 3595 3690; baseline -0.004 -11"><span class='ocrx_word' id='word_1_668' title='bbox 2018 3629 2075 3680; x_wconf 90' lang='lat' dir='ltr'>et</span> <span class='ocrx_word' id='word_1_669' title='bbox 2105 3624 2370 3678; x_wconf 87' lang='lat' dir='ltr'>civitates</span> <span class='ocrx_word' id='word_1_670' title='bbox 2402 3622 2666 3684; x_wconf 68' lang='lat' dir='ltr'>desertis,</span> <span class='ocrx_word' id='word_1_671' title='bbox 2689 3626 2746 3675; x_wconf 89' lang='lat' dir='ltr'>et</span> <span class='ocrx_word' id='word_1_672' title='bbox 2776 3619 3072 3675; x_wconf 71' lang='lat' dir='ltr'>destitutae</span> <span class='ocrx_word' id='word_1_673' title='bbox 3099 3624 3270 3690; x_wconf 88' lang='lat' dir='ltr'>atque</span> <span class='ocrx_word' id='word_1_674' title='bbox 3306 3620 3595 3689; x_wconf 71' lang='lat' dir='ltr'>sull‘ossae,</span> 
     </span>
    </p>
   </div>
   <div class='ocr_carea' id='block_1_126' title="bbox 2092 3694 2665 3750">
    <p class='ocr_par' dir='ltr' id='par_1_126' title="bbox 2092 3694 2665 3750">
     <span class='ocr_line' id='line_1_128' title="bbox 2092 3694 2665 3750; baseline -0.009 0"><span class='ocrx_word' id='word_1_675' title='bbox 2092 3695 2334 3750; x_wconf 70' lang='lat' dir='ltr'>munitae</span> <span class='ocrx_word' id='word_1_676' title='bbox 2366 3694 2665 3748; x_wconf 89' lang='lat' dir='ltr'>sederunt.</span> 
     </span>
    </p>
   </div>
   <div class='ocr_carea' id='block_1_127' title="bbox 1947 3760 3598 3836">
    <p class='ocr_par' dir='ltr' id='par_1_127' title="bbox 1947 3760 3598 3836">
     <span class='ocr_line' id='line_1_129' title="bbox 1947 3760 3598 3836; baseline -0.004 -13"><span class='ocrx_word' id='word_1_677' title='bbox 1947 3768 2018 3823; x_wconf 87' lang='lat' dir='ltr'>Et</span> <span class='ocrx_word' id='word_1_678' title='bbox 2062 3766 2249 3823; x_wconf 85' lang='lat' dir='ltr'>scient</span> <span class='ocrx_word' id='word_1_679' title='bbox 2296 3769 2496 3836; x_wconf 85' lang='lat' dir='ltr'>gentes</span> <span class='ocrx_word' id='word_1_680' title='bbox 2540 3777 2907 3834; x_wconf 69' lang='lat' dir='ltr'>quaecunque</span> <span class='ocrx_word' id='word_1_681' title='bbox 2955 3762 3239 3817; x_wconf 65' lang='lat' dir='ltr'>derelictae</span> <span class='ocrx_word' id='word_1_682' title='bbox 3290 3761 3509 3817; x_wconf 86' lang='lat' dir='ltr'>fuerint</span> <span class='ocrx_word' id='word_1_683' title='bbox 3540 3760 3598 3816; x_wconf 91' lang='lat' dir='ltr'>in</span> 
     </span>
    </p>
   </div>
   <div class='ocr_carea' id='block_1_128' title="bbox 2092 3836 2579 3899">
    <p class='ocr_par' dir='ltr' id='par_1_128' title="bbox 2092 3836 2579 3899">
     <span class='ocr_line' id='line_1_130' title="bbox 2092 3836 2579 3899; baseline -0.008 -6"><span class='ocrx_word' id='word_1_684' title='bbox 2092 3836 2341 3893; x_wconf 88' lang='lat' dir='ltr'>circuitu</span> <span class='ocrx_word' id='word_1_685' title='bbox 2368 3839 2579 3899; x_wconf 89' lang='lat' dir='ltr'>vestro,</span> 
     </span>
    </p>
   </div>
   <div class='ocr_carea' id='block_1_129' title="bbox 2018 3901 3599 3983">
    <p class='ocr_par' dir='ltr' id='par_1_129' title="bbox 2018 3901 3599 3983">
     <span class='ocr_line' id='line_1_131' title="bbox 2018 3901 3599 3983; baseline -0.003 -19"><span class='ocrx_word' id='word_1_686' title='bbox 2018 3909 2154 3983; x_wconf 87' lang='lat' dir='ltr'>quia</span> <span class='ocrx_word' id='word_1_687' title='bbox 2168 3925 2268 3983; x_wconf 80' lang='lat' dir='ltr'>ego</span> <span class='ocrx_word' id='word_1_688' title='bbox 2283 3906 2567 3962; x_wconf 91' lang='lat' dir='ltr'>Dominus</span> <span class='ocrx_word' id='word_1_689' title='bbox 2584 3904 2863 3959; x_wconf 61' lang='lat' dir='ltr'>aedificavi</span> <span class='ocrx_word' id='word_1_690' title='bbox 2875 3902 3183 3975; x_wconf 88' lang='lat' dir='ltr'>dissipata,</span> <span class='ocrx_word' id='word_1_691' title='bbox 3218 3901 3599 3975; x_wconf 86' lang='lat' dir='ltr'>plautavique</span> 
     </span>
    </p>
   </div>
   <div class='ocr_carea' id='block_1_130' title="bbox 2092 3979 2332 4042">
    <p class='ocr_par' dir='ltr' id='par_1_130' title="bbox 2092 3979 2332 4042">
     <span class='ocr_line' id='line_1_132' title="bbox 2092 3979 2332 4042; baseline -0.013 -7"><span class='ocrx_word' id='word_1_692' title='bbox 2092 3979 2332 4042; x_wconf 88' lang='lat' dir='ltr'>inculta,</span> 
     </span>
    </p>
   </div>
   <div class='ocr_carea' id='block_1_131' title="bbox 2019 4044 3259 4124">
    <p class='ocr_par' dir='ltr' id='par_1_131' title="bbox 2019 4044 3259 4124">
     <span class='ocr_line' id='line_1_133' title="bbox 2019 4044 3259 4124; baseline -0.006 -17"><span class='ocrx_word' id='word_1_693' title='bbox 2019 4069 2123 4124; x_wconf 87' lang='lat' dir='ltr'>ego</span> <span class='ocrx_word' id='word_1_694' title='bbox 2157 4051 2447 4124; x_wconf 70' lang='lat' dir='ltr'>Dominus</span> <span class='ocrx_word' id='word_1_695' title='bbox 2476 4048 2712 4104; x_wconf 89' lang='lat' dir='ltr'>locutus</span> <span class='ocrx_word' id='word_1_696' title='bbox 2744 4046 2879 4113; x_wconf 89' lang='lat' dir='ltr'>sim,</span> <span class='ocrx_word' id='word_1_697' title='bbox 2913 4050 2969 4101; x_wconf 86' lang='lat' dir='ltr'>et</span> <span class='ocrx_word' id='word_1_698' title='bbox 3002 4044 3259 4101; x_wconf 89' lang='lat' dir='ltr'>fecerim.</span> 
     </span>
    </p>
   </div>
   <div class='ocr_carea' id='block_1_132' title="bbox 1953 4122 2795 4179">
    <p class='ocr_par' dir='ltr' id='par_1_132' title="bbox 1953 4122 2795 4179">
     <span class='ocr_line' id='line_1_134' title="bbox 1953 4122 2795 4179; baseline -0.006 -1"><span class='ocrx_word' id='word_1_699' title='bbox 1953 4122 2081 4179; x_wconf 63' lang='lat' dir='ltr'>llaec</span> <span class='ocrx_word' id='word_1_700' title='bbox 2113 4124 2255 4178; x_wconf 88' lang='lat' dir='ltr'>dicit</span> <span class='ocrx_word' id='word_1_701' title='bbox 2285 4122 2572 4177; x_wconf 92' lang='lat' dir='ltr'>Dominus</span> <span class='ocrx_word' id='word_1_702' title='bbox 2608 4124 2795 4173; x_wconf 90' lang='lat' dir='ltr'>Deus:</span> 
     </span>
    </p>
   </div>
   <div class='ocr_carea' id='block_1_133' title="bbox 1949 4186 3597 4255">
    <p class='ocr_par' dir='ltr' id='par_1_133' title="bbox 1949 4186 3597 4255">
     <span class='ocr_line' id='line_1_135' title="bbox 1949 4186 3597 4255; baseline -0.003 -5"><span class='ocrx_word' id='word_1_703' title='bbox 1949 4196 2153 4251; x_wconf 86' lang='lat' dir='ltr'>Adhuc</span> <span class='ocrx_word' id='word_1_704' title='bbox 2183 4194 2241 4248; x_wconf 89' lang='lat' dir='ltr'>in</span> <span class='ocrx_word' id='word_1_705' title='bbox 2268 4193 2373 4248; x_wconf 90' lang='lat' dir='ltr'>hoc</span> <span class='ocrx_word' id='word_1_706' title='bbox 2397 4191 2692 4248; x_wconf 88' lang='lat' dir='ltr'>invenient</span> <span class='ocrx_word' id='word_1_707' title='bbox 2717 4206 2809 4244; x_wconf 92' lang='lat' dir='ltr'>me</span> <span class='ocrx_word' id='word_1_708' title='bbox 2832 4188 3046 4244; x_wconf 90' lang='lat' dir='ltr'>domus</span> <span class='ocrx_word' id='word_1_709' title='bbox 3070 4186 3269 4255; x_wconf 88' lang='lat' dir='ltr'>Israel,</span> <span class='ocrx_word' id='word_1_710' title='bbox 3297 4193 3361 4244; x_wconf 90' lang='lat' dir='ltr'>ut</span> <span class='ocrx_word' id='word_1_711' title='bbox 3388 4188 3597 4245; x_wconf 81' lang='lat' dir='ltr'>faciam</span> 
     </span>
    </p>
   </div>
   <div class='ocr_carea' id='block_1_134' title="bbox 2098 4262 2733 4337">
    <p class='ocr_par' dir='ltr' id='par_1_134' title="bbox 2098 4262 2733 4337">
     <span class='ocr_line' id='line_1_136' title="bbox 2098 4262 2733 4337; baseline -0.006 -17"><span class='ocrx_word' id='word_1_712' title='bbox 2098 4267 2159 4321; x_wconf 90' lang='lat' dir='ltr'>in</span> <span class='ocrx_word' id='word_1_713' title='bbox 2192 4265 2297 4337; x_wconf 83' lang='lat' dir='ltr'>(Al.</span> <span class='ocrx_word' id='word_1_714' title='bbox 2323 4274 2465 4320; x_wconf 79' lang='lat' dir='ltr'>tacet</span> <span class='ocrx_word' id='word_1_715' title='bbox 2495 4264 2579 4337; x_wconf 90' lang='lat' dir='ltr'>in)</span> <span class='ocrx_word' id='word_1_716' title='bbox 2611 4262 2733 4317; x_wconf 91' lang='lat' dir='ltr'>eis:</span> 
     </span>
    </p>
   </div>
   <div class='ocr_carea' id='block_1_135' title="bbox 1953 4331 3596 4409">
    <p class='ocr_par' dir='ltr' id='par_1_135' title="bbox 1953 4331 3596 4409">
     <span class='ocr_line' id='line_1_137' title="bbox 1953 4331 3596 4409; baseline -0.002 -16"><span class='ocrx_word' id='word_1_717' title='bbox 1953 4331 2350 4409; x_wconf 85' lang='lat' dir='ltr'>Multiplicabo</span> <span class='ocrx_word' id='word_1_718' title='bbox 2373 4353 2471 4392; x_wconf 90' lang='lat' dir='ltr'>eos</span> <span class='ocrx_word' id='word_1_719' title='bbox 2494 4331 2648 4391; x_wconf 85' lang='lat' dir='ltr'>sicut</span> <span class='ocrx_word' id='word_1_720' title='bbox 2666 4348 2902 4406; x_wconf 87' lang='lat' dir='ltr'>gregem</span> <span class='ocrx_word' id='word_1_721' title='bbox 2925 4331 3255 4401; x_wconf 90' lang='lat' dir='ltr'>hominum,</span> <span class='ocrx_word' id='word_1_722' title='bbox 3274 4336 3339 4387; x_wconf 90' lang='lat' dir='ltr'>ut</span> <span class='ocrx_word' id='word_1_723' title='bbox 3359 4347 3596 4405; x_wconf 82' lang='lat' dir='ltr'>gregem</span> 
     </span>
    </p>
   </div>
   <div class='ocr_carea' id='block_1_136' title="bbox 2096 4412 2364 4465">
    <p class='ocr_par' dir='ltr' id='par_1_136' title="bbox 2096 4412 2364 4465">
     <span class='ocr_line' id='line_1_138' title="bbox 2096 4412 2364 4465; baseline -0.007 0"><span class='ocrx_word' id='word_1_724' title='bbox 2096 4412 2364 4465; x_wconf 89' lang='lat' dir='ltr'>sanctum</span> 
     </span>
    </p>
   </div>
   <div class='ocr_carea' id='block_1_137' title="bbox 2020 4450 3491 4553">
    <p class='ocr_par' dir='ltr' id='par_1_137' title="bbox 2020 4450 3491 4553">
     <span class='ocr_line' id='line_1_139' title="bbox 2020 4450 3491 4553; baseline -0.003 -19"><span class='ocrx_word' id='word_1_725' title='bbox 2020 4450 2703 4553; x_wconf 38' lang='lat' dir='ltr'>utgg‘re‘gveum‘herusalem</span> <span class='ocrx_word' id='word_1_726' title='bbox 2736 4475 2793 4530; x_wconf 90' lang='lat' dir='ltr'>in</span> <span class='ocrx_word' id='word_1_727' title='bbox 2830 4474 3307 4553; x_wconf 79' lang='lat' dir='ltr'>solemnitatibus</span> <span class='ocrx_word' id='word_1_728' title='bbox 3339 4475 3491 4553; x_wconf 75' lang='lat' dir='ltr'>ejus.</span> 
     </span>
    </p>
   </div>
   <div class='ocr_carea' id='block_1_138' title="bbox 1948 4546 3597 4619">
    <p class='ocr_par' dir='ltr' id='par_1_138' title="bbox 1948 4546 3597 4619">
     <span class='ocr_line' id='line_1_140' title="bbox 1948 4546 3597 4619; baseline -0.003 -11"><span class='ocrx_word' id='word_1_729' title='bbox 1948 4552 2043 4608; x_wconf 90' lang='lat' dir='ltr'>Sic</span> <span class='ocrx_word' id='word_1_730' title='bbox 2074 4546 2249 4609; x_wconf 66' lang='lat' dir='ltr'>erunt</span> <span class='ocrx_word' id='word_1_731' title='bbox 2281 4552 2545 4607; x_wconf 78' lang='lat' dir='ltr'>civitates</span> <span class='ocrx_word' id='word_1_732' title='bbox 2577 4550 2842 4612; x_wconf 59' lang='lat' dir='ltr'>deserta,</span> <span class='ocrx_word' id='word_1_733' title='bbox 2862 4546 3165 4619; x_wconf 63' lang='lat' dir='ltr'>plenaeque</span> <span class='ocrx_word' id='word_1_734' title='bbox 3188 4547 3470 4619; x_wconf 86' lang='lat' dir='ltr'>gregibus</span> <span class='ocrx_word' id='word_1_735' title='bbox 3492 4546 3597 4603; x_wconf 92' lang='lat' dir='ltr'>ho-</span> 
     </span>
    </p>
   </div>
   <div class='ocr_carea' id='block_1_139' title="bbox 2094 4640 2361 4678">
    <p class='ocr_par' dir='ltr' id='par_1_139' title="bbox 2094 4640 2361 4678">
     <span class='ocr_line' id='line_1_141' title="bbox 2094 4640 2361 4678; baseline -0.004 0"><span class='ocrx_word' id='word_1_736' title='bbox 2094 4640 2361 4678; x_wconf 74' lang='lat' dir='ltr'>mtuum:</span> 
     </span>
    </p>
   </div>
   <div class='ocr_carea' id='block_1_140' title="bbox 2020 4690 2944 4764">
    <p class='ocr_par' dir='ltr' id='par_1_140' title="bbox 2020 4690 2944 4764">
     <span class='ocr_line' id='line_1_142' title="bbox 2020 4690 2944 4764; baseline -0.01 -13"><span class='ocrx_word' id='word_1_737' title='bbox 2020 4698 2077 4751; x_wconf 86' lang='lat' dir='ltr'>et</span> <span class='ocrx_word' id='word_1_738' title='bbox 2116 4696 2305 4751; x_wconf 91' lang='lat' dir='ltr'>scient</span> <span class='ocrx_word' id='word_1_739' title='bbox 2333 4692 2471 4764; x_wconf 89' lang='lat' dir='ltr'>quia</span> <span class='ocrx_word' id='word_1_740' title='bbox 2502 4708 2605 4761; x_wconf 71' lang='lat' dir='ltr'>ego</span> <span class='ocrx_word' id='word_1_741' title='bbox 2636 4690 2944 4746; x_wconf 90' lang='lat' dir='ltr'>Dominus.</span> 
     </span>
    </p>
   </div>
   <div class='ocr_carea' id='block_1_141' title="bbox 1949 4761 3599 4839">
    <p class='ocr_par' dir='ltr' id='par_1_141' title="bbox 1949 4761 3599 4839">
     <span class='ocr_line' id='line_1_143' title="bbox 1949 4761 3599 4839; baseline -0.002 -18"><span class='ocrx_word' id='word_1_742' title='bbox 1949 4766 2106 4839; x_wconf 84' lang='lat' dir='ltr'>(Cap.</span> <span class='ocrx_word' id='word_1_743' title='bbox 2135 4761 2427 4835; x_wconf 82' lang='lat' dir='ltr'>XXXVII.)</span> <span class='ocrx_word' id='word_1_744' title='bbox 2455 4765 2628 4839; x_wconf 79' lang='lat' dir='ltr'>Facta</span> <span class='ocrx_word' id='word_1_745' title='bbox 2656 4766 2952 4839; x_wconf 68' lang='lat' dir='ltr'>estsuper</span> <span class='ocrx_word' id='word_1_746' title='bbox 2984 4776 3091 4839; x_wconf 78' lang='lat' dir='ltr'>me</span> <span class='ocrx_word' id='word_1_747' title='bbox 3110 4778 3321 4817; x_wconf 89' lang='lat' dir='ltr'>manus</span> <span class='ocrx_word' id='word_1_748' title='bbox 3348 4761 3599 4827; x_wconf 88' lang='lat' dir='ltr'>Domini,</span> 
     </span>
    </p>
   </div>
   <div class='ocr_carea' id='block_1_142' title="bbox 2091 4833 3116 4905">
    <p class='ocr_par' dir='ltr' id='par_1_142' title="bbox 2091 4833 3116 4905">
     <span class='ocr_line' id='line_1_144' title="bbox 2091 4833 3116 4905; baseline -0.005 -12"><span class='ocrx_word' id='word_1_749' title='bbox 2091 4844 2148 4893; x_wconf 91' lang='lat' dir='ltr'>et</span> <span class='ocrx_word' id='word_1_750' title='bbox 2176 4839 2375 4893; x_wconf 85' lang='lat' dir='ltr'>eduxit</span> <span class='ocrx_word' id='word_1_751' title='bbox 2406 4833 2498 4890; x_wconf 86' lang='lat' dir='ltr'>me</span> <span class='ocrx_word' id='word_1_752' title='bbox 2528 4835 2584 4889; x_wconf 94' lang='lat' dir='ltr'>in</span> <span class='ocrx_word' id='word_1_753' title='bbox 2620 4833 2831 4905; x_wconf 90' lang='lat' dir='ltr'>spiritu</span> <span class='ocrx_word' id='word_1_754' title='bbox 2861 4833 3116 4888; x_wconf 90' lang='lat' dir='ltr'>Domini.</span> 
     </span>
    </p>
   </div>
   <div class='ocr_carea' id='block_1_143' title="bbox 2017 4903 3600 4976">
    <p class='ocr_par' dir='ltr' id='par_1_143' title="bbox 2017 4903 3600 4976">
     <span class='ocr_line' id='line_1_145' title="bbox 2017 4903 3600 4976; baseline -0.003 -12"><span class='ocrx_word' id='word_1_755' title='bbox 2017 4915 2074 4964; x_wconf 89' lang='lat' dir='ltr'>et</span> <span class='ocrx_word' id='word_1_756' title='bbox 2103 4909 2331 4964; x_wconf 77' lang='lat' dir='ltr'>dimisit</span> <span class='ocrx_word' id='word_1_757' title='bbox 2362 4924 2455 4963; x_wconf 88' lang='lat' dir='ltr'>me</span> <span class='ocrx_word' id='word_1_758' title='bbox 2485 4907 2545 4961; x_wconf 91' lang='lat' dir='ltr'>in</span> <span class='ocrx_word' id='word_1_759' title='bbox 2578 4903 2772 4961; x_wconf 81' lang='lat' dir='ltr'>medio</span> <span class='ocrx_word' id='word_1_760' title='bbox 2822 4905 3037 4975; x_wconf 90' lang='lat' dir='ltr'>campi,</span> <span class='ocrx_word' id='word_1_761' title='bbox 3073 4903 3176 4976; x_wconf 92' lang='lat' dir='ltr'>qui</span> <span class='ocrx_word' id='word_1_762' title='bbox 3225 4908 3346 4961; x_wconf 88' lang='lat' dir='ltr'>erat</span> <span class='ocrx_word' id='word_1_763' title='bbox 3390 4904 3600 4976; x_wconf 86' lang='lat' dir='ltr'>plenus</span> 
     </span>
    </p>
   </div>
   <div class='ocr_carea' id='block_1_144' title="bbox 2092 4982 2364 5036">
    <p class='ocr_par' dir='ltr' id='par_1_144' title="bbox 2092 4982 2364 5036">
     <span class='ocr_line' id='line_1_146' title="bbox 2092 4982 2364 5036; baseline -0.007 0"><span class='ocrx_word' id='word_1_764' title='bbox 2092 4982 2364 5036; x_wconf 90' lang='lat' dir='ltr'>ossibus:</span> 
     </span>
    </p>
   </div>
   <div class='ocr_carea' id='block_1_145' title="bbox 1947 5047 3535 5128">
    <p class='ocr_par' dir='ltr' id='par_1_145' title="bbox 1947 5047 3535 5128">
     <span class='ocr_line' id='line_1_147' title="bbox 1947 5047 3535 5128; baseline -0.006 -19"><span class='ocrx_word' id='word_1_765' title='bbox 1947 5057 2021 5108; x_wconf 82' lang='lat' dir='ltr'>Et</span> <span class='ocrx_word' id='word_1_766' title='bbox 2052 5049 2441 5108; x_wconf 84' lang='lat' dir='ltr'>circumduxit</span> <span class='ocrx_word' id='word_1_767' title='bbox 2474 5065 2570 5128; x_wconf 75' lang='lat' dir='ltr'>me</span> <span class='ocrx_word' id='word_1_768' title='bbox 2597 5064 2793 5128; x_wconf 77' lang='lat' dir='ltr'>perea</span> <span class='ocrx_word' id='word_1_769' title='bbox 2822 5047 2879 5101; x_wconf 92' lang='lat' dir='ltr'>in</span> <span class='ocrx_word' id='word_1_770' title='bbox 2913 5064 3053 5128; x_wconf 80' lang='lat' dir='ltr'>gyro</span> <span class='ocrx_word' id='word_1_771' title='bbox 3083 5064 3126 5127; x_wconf 37' lang='grc' dir='ltr'>ε.</span> <span class='ocrx_word' id='word_1_772' title='bbox 3432 5117 3442 5128; x_wconf 40' lang='grc'><strong>¹</strong></span> <span class='ocrx_word' id='word_1_773' title='bbox 3525 5116 3535 5128; x_wconf 35' lang='grc'><strong><em>⁸</em></strong></span> 
     </span>
    </p>
   </div>
   <div class='ocr_carea' id='block_1_146' title="bbox 2020 5117 3598 5191">
    <p class='ocr_par' dir='ltr' id='par_1_146' title="bbox 2020 5117 3598 5191">
     <span class='ocr_line' id='line_1_148' title="bbox 2020 5117 3598 5191; baseline -0.004 -12"><span class='ocrx_word' id='word_1_774' title='bbox 2020 5129 2188 5179; x_wconf 89' lang='lat' dir='ltr'>erant</span> <span class='ocrx_word' id='word_1_775' title='bbox 2208 5129 2401 5179; x_wconf 89' lang='lat' dir='ltr'>autem</span> <span class='ocrx_word' id='word_1_776' title='bbox 2429 5117 2616 5175; x_wconf 79' lang='lat' dir='ltr'>multa</span> <span class='ocrx_word' id='word_1_777' title='bbox 2635 5119 2803 5174; x_wconf 89' lang='lat' dir='ltr'>valde</span> <span class='ocrx_word' id='word_1_778' title='bbox 2823 5117 3000 5191; x_wconf 74' lang='lat' dir='ltr'>super</span> <span class='ocrx_word' id='word_1_779' title='bbox 3022 5117 3225 5175; x_wconf 85' lang='lat' dir='ltr'>faciem</span> <span class='ocrx_word' id='word_1_780' title='bbox 3253 5117 3468 5189; x_wconf 90' lang='lat' dir='ltr'>campi,</span> <span class='ocrx_word' id='word_1_781' title='bbox 3493 5117 3598 5172; x_wconf 83' lang='lat' dir='ltr'>sic-</span> 
     </span>
    </p>
   </div>
   <div class='ocr_carea' id='block_1_147' title="bbox 2092 5193 2722 5265">
    <p class='ocr_par' dir='ltr' id='par_1_147' title="bbox 2092 5193 2722 5265">
     <span class='ocr_line' id='line_1_149' title="bbox 2092 5193 2722 5265; baseline -0.01 -14"><span class='ocrx_word' id='word_1_782' title='bbox 2092 5212 2275 5265; x_wconf 90' lang='lat' dir='ltr'>caque</span> <span class='ocrx_word' id='word_1_783' title='bbox 2304 5193 2722 5248; x_wconf 87' lang='lat' dir='ltr'>vehementer..</span> 
     </span>
    </p>
   </div>
   <div class='ocr_carea' id='block_1_148' title="bbox 1946 5267 2453 5322">
    <p class='ocr_par' dir='ltr' id='par_1_148' title="bbox 1946 5267 2453 5322">
     <span class='ocr_line' id='line_1_150' title="bbox 1946 5267 2453 5322; baseline -0.004 -1"><span class='ocrx_word' id='word_1_784' title='bbox 1946 5270 2018 5322; x_wconf 83' lang='lat' dir='ltr'>Et</span> <span class='ocrx_word' id='word_1_785' title='bbox 2048 5267 2191 5321; x_wconf 85' lang='lat' dir='ltr'>dixit</span> <span class='ocrx_word' id='word_1_786' title='bbox 2223 5267 2294 5321; x_wconf 88' lang='lat' dir='ltr'>ad</span> <span class='ocrx_word' id='word_1_787' title='bbox 2329 5279 2453 5320; x_wconf 90' lang='lat' dir='ltr'>me:</span> 
     </span>
    </p>
   </div>
   <div class='ocr_carea' id='block_1_149' title="bbox 1949 5336 2703 5414">
    <p class='ocr_par' dir='ltr' id='par_1_149' title="bbox 1949 5336 2703 5414">
     <span class='ocr_line' id='line_1_151' title="bbox 1949 5336 2703 5414; baseline -0.003 -21"><span class='ocrx_word' id='word_1_788' title='bbox 1949 5336 2056 5393; x_wconf 84' lang='lat' dir='ltr'>Fili</span> <span class='ocrx_word' id='word_1_789' title='bbox 2091 5337 2371 5414; x_wconf 79' lang='lat' dir='ltr'>hominis,</span> <span class='ocrx_word' id='word_1_790' title='bbox 2475 5409 2483 5414; x_wconf 85' lang='lat'><strong>_</strong></span> <span class='ocrx_word' id='word_1_791' title='bbox 2692 5403 2703 5414; x_wconf 40' lang='grc' dir='ltr'><strong><em>ο</em></strong></span> 
     </span>
    </p>
   </div>
   <div class='ocr_carea' id='block_1_150' title="bbox 2019 5403 2847 5480">
    <p class='ocr_par' dir='ltr' id='par_1_150' title="bbox 2019 5403 2847 5480">
     <span class='ocr_line' id='line_1_152' title="bbox 2019 5403 2847 5480; baseline -0.007 -16"><span class='ocrx_word' id='word_1_792' title='bbox 2019 5414 2268 5480; x_wconf 89' lang='lat' dir='ltr'>putasne</span> <span class='ocrx_word' id='word_1_793' title='bbox 2299 5407 2493 5462; x_wconf 88' lang='lat' dir='ltr'>vivont</span> <span class='ocrx_word' id='word_1_794' title='bbox 2522 5420 2658 5460; x_wconf 90' lang='lat' dir='ltr'>ossa</span> <span class='ocrx_word' id='word_1_795' title='bbox 2689 5403 2847 5459; x_wconf 84' lang='lat' dir='ltr'>ista?</span> 
     </span>
    </p>
   </div>
   <div class='ocr_carea' id='block_1_151' title="bbox 1944 5479 2207 5535">
    <p class='ocr_par' dir='ltr' id='par_1_151' title="bbox 1944 5479 2207 5535">
     <span class='ocr_line' id='line_1_153' title="bbox 1944 5479 2207 5535; baseline 0.004 -2"><span class='ocrx_word' id='word_1_796' title='bbox 1944 5479 2162 5535; x_wconf 24' lang='lat' dir='ltr'>Et’dixi</span> <span class='ocrx_word' id='word_1_797' title='bbox 2188 5497 2207 5534; x_wconf 91' lang='lat'>:</span> 
     </span>
    </p>
   </div>
   <div class='ocr_carea' id='block_1_152' title="bbox 1950 5545 2702 5614">
    <p class='ocr_par' dir='ltr' id='par_1_152' title="bbox 1950 5545 2702 5614">
     <span class='ocr_line' id='line_1_154' title="bbox 1950 5545 2702 5614; baseline -0.004 -10"><span class='ocrx_word' id='word_1_798' title='bbox 1950 5551 2189 5607; x_wconf 89' lang='lat' dir='ltr'>Domine</span> <span class='ocrx_word' id='word_1_799' title='bbox 2222 5555 2398 5614; x_wconf 89' lang='lat' dir='ltr'>Deus,</span> <span class='ocrx_word' id='word_1_800' title='bbox 2427 5552 2489 5603; x_wconf 91' lang='lat' dir='ltr'>tu</span> <span class='ocrx_word' id='word_1_801' title='bbox 2524 5545 2702 5603; x_wconf 87' lang='lat' dir='ltr'>nosti.</span> 
     </span>
    </p>
   </div>
   <div class='ocr_carea' id='block_1_153' title="bbox 1945 5622 2453 5679">
    <p class='ocr_par' dir='ltr' id='par_1_153' title="bbox 1945 5622 2453 5679">
     <span class='ocr_line' id='line_1_155' title="bbox 1945 5622 2453 5679; baseline -0.008 -1"><span class='ocrx_word' id='word_1_802' title='bbox 1945 5628 2012 5678; x_wconf 85' lang='lat' dir='ltr'>Et</span> <span class='ocrx_word' id='word_1_803' title='bbox 2044 5622 2189 5679; x_wconf 84' lang='lat' dir='ltr'>dixit</span> <span class='ocrx_word' id='word_1_804' title='bbox 2217 5623 2286 5677; x_wconf 90' lang='lat' dir='ltr'>ad</span> <span class='ocrx_word' id='word_1_805' title='bbox 2322 5637 2453 5676; x_wconf 90' lang='lat' dir='ltr'>me:</span> 
     </span>
    </p>
   </div>
   <div class='ocr_carea' id='block_1_154' title="bbox 248 5758 3487 5833">
    <p class='ocr_par' dir='ltr' id='par_1_154' title="bbox 248 5758 3487 5833">
     <span class='ocr_line' id='line_1_156' title="bbox 248 5758 3487 5833; baseline -0.002 -15"><span class='ocrx_word' id='word_1_806' title='bbox 248 5765 263 5797; x_wconf 83' lang='grc'>¹</span> <span class='ocrx_word' id='word_1_807' title='bbox 299 5762 498 5819; x_wconf 86' lang='lat' dir='ltr'>Canon</span> <span class='ocrx_word' id='word_1_808' title='bbox 531 5760 1153 5831; x_wconf 84' lang='lat' dir='ltr'>Sans-Germanensis,</span> <span class='ocrx_word' id='word_1_809' title='bbox 1185 5762 1465 5833; x_wconf 77' lang='lat' dir='ltr'>imponam</span> <span class='ocrx_word' id='word_1_810' title='bbox 1495 5764 1554 5818; x_wconf 82' lang='lat' dir='ltr'>in</span> <span class='ocrx_word' id='word_1_811' title='bbox 1583 5762 1754 5821; x_wconf 77' lang='lat' dir='ltr'>vobis.</span> <span class='ocrx_word' id='word_1_812' title='bbox 1786 5763 2155 5821; x_wconf 88' lang='lat' dir='ltr'>Colbertinus</span> <span class='ocrx_word' id='word_1_813' title='bbox 2185 5763 2366 5820; x_wconf 83' lang='lat' dir='ltr'>codex</span> <span class='ocrx_word' id='word_1_814' title='bbox 2395 5759 2747 5827; x_wconf 86' lang='lat' dir='ltr'>Anicieusis,</span> <span class='ocrx_word' id='word_1_815' title='bbox 2780 5761 3059 5831; x_wconf 69' lang='lat' dir='ltr'>imponam</span> <span class='ocrx_word' id='word_1_816' title='bbox 3091 5758 3150 5813; x_wconf 76' lang='lat' dir='ltr'>in</span> <span class='ocrx_word' id='word_1_817' title='bbox 3178 5772 3287 5813; x_wconf 73' lang='lat' dir='ltr'>vos.</span> <span class='ocrx_word' id='word_1_818' title='bbox 3322 5760 3487 5812; x_wconf 72' lang='lat' dir='ltr'><strong>MART</strong></span> 
     </span>
    </p>
   </div>
  </div>
