2014 3089
87 1966 90 1969 ”
140 1965 178 1993 Et
193 1965 249 1992 erit
264 1964 291 1992 in
309 1965 373 1992 diei

146 111 217 140 1053

710 117 818 144 LIBER.
837 115 1049 151 EZECHIELIS
1067 114 1276 142 PROPHETB.

1785 117 1854 146 1054

144 177 315 205 Ascendens
331 179 428 206 autem
445 178 528 214 quasi
541 181 700 215 tempestas
715 179 822 214 venies,
839 179 867 206 et
888 177 971 214 quasi
988 177 1017 210 Α
1031 177 1063 204 Et
1078 177 1298 215 magnificabor,
1315 179 1344 205 et
1359 177 1585 215 sanctificabor:

222 215 327 247 nubes,

185 251 218 276 ut
233 250 349 285 operias
364 251 473 277 terram
488 252 531 285 tu,

186 288 214 312 et
229 286 329 322 omnia
343 285 461 322 agmina
476 288 538 321 tua,
554 287 582 313 et
595 286 693 322 populi
710 285 793 315 multi
810 286 918 314 tecum.

148 320 214 348 Haec
231 321 302 348 dicit
318 320 458 348 Dominus
476 322 560 349 Deus.

149 357 183 384 In
195 357 241 384 die
256 356 307 384 illa
323 358 482 384 ascendent
495 365 646 385 sermones
661 364 750 392 super
763 364 812 384 cor
826 358 921 392 tuum,

184 397 212 455 et
224 392 368 455 (sagitabis
385 393 592 428 cogitationem
609 393 766 429 pessimam
783 400 789 420 :

184 435 198 455 e
250 436 310 455 ices
327 436 333 454 :

184 430 212 455 et
229 428 310 455 dices
327 436 333 454 :

145 464 312 491 Ascendam
330 464 366 491 ad
382 466 491 491 terram
508 464 621 492 absque
636 472 719 491 muro
738 472 747 490 :

184 499 299 527 veniam
315 500 351 526 ad
367 500 560 535 quiescentes,
574 499 801 535 habitantesque
815 507 915 528 secure
931 507 938 527 :

144 537 254 563 Omnes
271 535 300 562 hi
316 536 368 567 (Al.
385 540 454 563 tacet
470 536 510 571 hi)
527 535 659 563 habitant
675 535 739 563 sine
755 543 850 569 muro,

148 579 152 582 '
183 573 279 598 vectes
296 574 324 598 et
339 574 427 606 portae
443 579 499 599 non
517 574 585 599 sunt
601 572 643 599 eis
660 579 666 598 :

147 606 184 634 Ut
199 606 322 642 diripias
338 607 443 642 spolia,
459 610 487 634 et
501 607 622 634 invadas
639 607 778 642 praedam,

186 645 220 670 ut
234 641 343 669 inferas
355 641 481 670 ’manum
500 645 589 679 tuam,
611 641 699 679 super
723 650 783 677 eos,
799 641 850 678 qui
867 641 973 669 deserti

222 679 348 711 fuerant,
364 681 393 705 et
408 681 508 713 postea
523 678 661 713 restituti,

185 716 318 777 etlsuper
331 713 544 750 populum,qui
560 717 604 742 est
619 715 814 750 congregatus
829 721 863 741 ex
878 713 975 749 genti-

243 758 290 777 us.

243 758 290 783 us,

186 785 237 821 qui
251 785 402 821 possidere
419 785 517 821 ccepit,
533 786 560 812 et
582 793 647 812 esse
669 784 818 812 habitator
843 783 974 812 umbilici

218 823 302 849 terrae
320 823 338 847 ⁸.

147 857 236 890 Saba,
253 859 281 884 et
298 857 405 889 Dedan,
422 859 451 885 et
466 854 809 892 negotiatoresr'lr‘barsis,

183 895 211 920 et
223 900 324 920 omnes
338 892 437 920 leones
452 891 517 927 ejus
530 891 628 919 dicent
640 891 692 918 tibi
706 899 713 918 :

143 927 285 964 Nunquid
301 928 496 964 adsumenda
511 927 605 963 spolia
619 929 651 954 tu
667 926 770 954 venis?

183 962 247 991 ecce
263 964 299 991 ad
315 963 507 999 diripiendam
524 962 652 1000 praedam
668 962 852 999 congregasti
869 962 971 990 multi-

219 1000 352 1027 tudinem
369 1002 463 1034 tuam,

184 1038 216 1062 ut
231 1035 317 1062 tollas
333 1038 499 1071 argentum,
513 1036 542 1071 et
555 1042 672 1062 aurum.

181 1073 209 1098 et
225 1071 341 1107 auferas
356 1068 579 1107 supellectilem,
597 1072 682 1107 atque
698 1068 907 1103 substantiam,

180 1109 208 1134 et
223 1106 347 1142 diripias
362 1106 675 1142 manubiasinfinitas.

143 1141 302 1177 Propterea
316 1143 485 1176 vaticinare,
503 1141 543 1169 fili
560 1141 697 1175 hominis,

181 1181 211 1205 et
223 1178 303 1214 dices
315 1178 351 1214 ad
368 1178 428 1214 Gog
442 1187 448 1206 :

141 1216 212 1241 Haec
229 1213 300 1241 dicit
315 1213 458 1242 Dominus
473 1216 552 1242 Deus
569 1220 575 1240 :
752 1227 754 1229 -

138 1249 284 1284 Nunquid
300 1258 356 1277 non
370 1250 400 1277 in
416 1250 463 1277 die
479 1249 538 1284 illo,
555 1257 621 1276 cum
639 1248 814 1285 habitaverit
844 1249 970 1285 populus

217 1293 300 1313 meus
313 1285 401 1313 Israel
415 1286 606 1318 conﬁdenter,
622 1285 697 1312 scies
707 1284 721 1311 ?

139 1320 179 1348 Et
189 1321 289 1349 venies
301 1321 335 1348 de
350 1321 412 1349 loco
425 1325 474 1349 tuo
484 1329 500 1349 a
511 1320 650 1348 lateribus
662 1319 810 1356 aquilonis
822 1322 864 1355 tu,
874 1322 902 1348 et
918 1329 970 1356 po-

216 1356 277 1392 puli
294 1357 379 1384 multi
396 1359 505 1392 tecum,
565 1392 570 1398 _
642 1391 649 1397 _

179 1400 349 1420 BSCCDSOPBB
363 1401 472 1428 equoru
478 1401 505 1421 II]
520 1400 661 1427 υηινεῐει,

179 1430 271 1456 castus
287 1426 423 1464 magnus,
438 1431 467 1457 et
479 1428 623 1456 exercitus
636 1426 808 1464 vehemens.

139 1464 325 1492 Etascendes
332 1463 419 1500 super
426 1464 566 1501 populum
573 1471 670 1491 meum
678 1463 766 1491 Israel
774 1463 857 1499 quasi
867 1463 969 1498 nubes,

181 1501 215 1527 ut
230 1500 346 1535 operias
361 1500 483 1528 terram.

142 1536 178 1563 In
194 1536 363 1564 novissimis
378 1536 481 1564 diebus
497 1535 566 1569 eris,

180 1574 208 1598 et
223 1571 366 1608 adducam
382 1574 410 1600 te
426 1580 515 1608 super
528 1573 638 1599 terram
654 1579 750 1599 meam
767 1579 774 1599 :

139 1606 180 1634 Ut
197 1607 293 1634 sciant
307 1607 362 1642 (Αι.
379 1608 444 1635 add.
462 1606 575 1641 omnes)
592 1609 692 1642 gentes
709 1615 766 1640 me,

180 1651 248 1706 cup;
263 1643 463 1672 sanctiﬁcatus
479 1643 560 1671 lucro
576 1643 605 1670 in
621 1646 648 1670 te
663 1642 691 1670 in
709 1642 802 1671 oculis
826 1650 938 1675 eorum,
955 1651 971 1670 ο

246 1687 291 1706 os.

246 1687 291 1714 og.

137 1716 212 1742 Haec
227 1715 299 1742 dicit
315 1714 455 1742 Dominus
471 1714 547 1742 Deus
564 1722 571 1741 :

139 1750 187 1778 Tu
204 1758 273 1792 ergo
289 1750 337 1778 ille
348 1759 389 1786 es,
401 1750 437 1778 de
447 1758 505 1786 quo
517 1750 634 1778 locutus
649 1758 717 1777 sum
733 1749 762 1778 in
779 1749 883 1777 diebus
894 1750 971 1778 anti-

239 1795 297 1819 uis,

239 1795 285 1814 uis

181 1794 318 1849 inqmaiiu
335 1829 484 1850 servorum
499 1829 629 1849 meorum
647 1820 857 1857 prophetarum
869 1821 970 1855 Israel,

140 1858 196 1894 qui
244 1857 473 1893 ropbetaverunt
496 1856 526 1884 in
551 1856 655 1884 diebus
669 1856 786 1884 illorum
804 1859 971 1893 temporum

218 1866 272 1928 [$41.
290 1894 395 1921 diebus
410 1893 469 1921 illis
485 1896 574 1928 atque
589 1892 793 1928 temporibus],
803 1895 836 1920 ut
847 1892 971 1920 adduce-

231 1892 395 1921 Alfdiebus
410 1893 469 1921 illis
485 1896 574 1928 atque
589 1892 793 1928 temporibus],
803 1895 836 1920 ut
847 1892 986 1922 adduce:

220 1937 279 1956 rem
296 1932 323 1956 te
339 1938 427 1956 super
443 1937 501 1956 eos.

377 1938 517 1998 ilgfigodlie
527 1964 671 1992 adventus
682 1963 754 1999 Gog,
767 1971 856 1999 super
864 1965 971 1991 terram

219 2000 318 2033 Israel,
331 2001 372 2028 ait
386 2001 530 2028 Dominus
544 2000 632 2035 Deus,

182 2036 319 2072 ascendet
335 2036 497 2072 indignatio
514 2043 580 2063 mea
593 2034 628 2062 in'
640 2034 737 2062 furore
751 2043 825 2063 meo.

143 2074 180 2099 Et
198 2072 227 2099 in
243 2071 303 2099 zelo
319 2080 393 2106 meo,

183 2107 213 2134 in
230 2107 297 2143 igne
310 2108 357 2135 ira
375 2115 444 2135 meae
461 2106 579 2134 locutus
592 2114 670 2134 sum.

143 2143 262 2206 Quialin
274 2143 320 2206 dile
335 2143 386 2171 illa
402 2143 457 2171 erit
470 2143 628 2170 commotio
644 2149 752 2178 magna
765 2150 854 2178 super
864 2143 973 2170 terram

232 2187 295 2206 srae
326 2186 333 2206 :

232 2186 306 2206 srael
326 2186 333 2206 Ξ

181 2216 211 2242 et
227 2213 489 2242 commovebuntur
504 2222 520 2241 a
538 2213 610 2249 facie
625 2221 690 2240 mea
705 2212 801 2249 pisces
830 2212 931 2245 maris,
946 2215 974 2240 et

217 2250 350 2277 volucres
365 2249 441 2283 cmli,
457 2252 486 2276 et
500 2248 599 2277 bestias
615 2249 688 2284 agri,

183 2288 213 2313 et
228 2293 313 2313 omne
329 2284 432 2320 reptile
448 2285 526 2321 quod
542 2287 674 2312 movetur
689 2292 777 2321 super
792 2284 928 2321 humum,

182 2322 340 2356 cunctique
350 2320 486 2348 homines
503 2321 552 2356 qui
569 2322 638 2348 sunt
654 2328 743 2356 super
757 2320 861 2348 faciem
878 2322 974 2348 terras:

144 2360 182 2384 Et
197 2357 406 2384 subvertentur
420 2358 546 2389 montes,
560 2358 588 2384 et
603 2356 707 2383 cadent
722 2363 818 2391 sepes,

184 2395 213 2420 et
229 2392 324 2420 omnis
341 2400 444 2419 murus
459 2393 489 2420 in
505 2394 613 2419 terram
629 2394 756 2419 corruet.

146 2429 356 2456 Etconvocabo
364 2428 504 2455 adversus
511 2436 577 2455 eum
586 2427 614 2454 in
622 2427 736 2455 cunctis
742 2426 893 2454 montibus
903 2426 976 2454 meis

223 2464 363 2495 gladium,
380 2463 420 2490 ait
435 2463 578 2491 Dominus
592 2466 693 2491 Deus:

184 2499 301 2534 gladius
311 2500 543 2534 uniuscujusque
553 2499 582 2526 in
594 2499 713 2526 fratrem
725 2506 811 2526 suum
822 2498 974 2534 dirigetur.

148 2536 182 2562 Et
193 2536 336 2570 judicabo
352 2543 416 2561 cum
436 2539 526 2570 peste,
544 2537 572 2562 et
587 2534 743 2569 sanguine,

184 2574 213 2598 et
227 2571 320 2598 imbre
338 2571 514 2602 vehementi,
531 2573 559 2597 et
569 2570 719 2605 lapidibus
735 2569 890 2597 immensis
906 2578 913 2598 :

148 2607 248 2642 Ignem
266 2610 293 2634 et
309 2606 435 2640 sulphur
452 2607 550 2642 pinam
567 2614 657 2641 super
670 2614 749 2640 eum,
760 2607 788 2633 et
803 2613 977 2641 superexer-

219 2643 309 2670 citum
326 2643 403 2677 ejus,

183 2680 211 2705 et
226 2686 316 2715 super
331 2677 456 2714 populos
473 2676 592 2712 multos,
608 2676 658 2713 qui
674 2678 825 2705 suntcum
843 2684 887 2704 eo.

195 2777 289 2816 {sunt
299 2775 358 2816 ‘alii
379 2775 456 2816 libri,
470 2775 522 2816 qui
534 2775 633 2816 ferunt
642 2775 813 2816 Habitatqres
826 2776 978 2816 Jerusalem

152 2812 279 2839 umbilici
295 2813 387 2839 terrae.
404 2811 590 2838 Martianasus
606 2812 635 2838 in
652 2811 714 2838 suis
730 2811 840 2847 aliquot
856 2811 977 2846 invenit,

151 2856 208 2876 esse
222 2849 254 2875 de
267 2847 417 2876 Jerusalem
434 2846 577 2874 habitator
589 2847 715 2874 umbilici
726 2849 817 2875 terrae.
835 2847 977 2875 Hebraice

153 2894 198 2920 est
211 2897 294 2937 γπκη
314 2896 441 2926 ’,ιω-Ἡ,
461 2895 531 2921 131m
547 2890 712 2920 habitatores
726 2899 809 2927 super
826 2891 976 2928 fartiglum

1066 215 1095 241 et
1109 216 1196 250 notus
1212 222 1260 241 ero
1275 213 1304 240 in
1321 213 1414 241 oculis
1430 215 1562 249 gentium
1579 214 1750 250 multarum,

1066 251 1095 276 et
1110 249 1201 276 scient
1218 249 1286 283 quia
1302 257 1354 283 ego
1369 250 1522 277 Dominus.

1065 285 1141 320 (Cap.
1155 285 1294 318 XXXIX.)
1305 285 1348 312 Tu
1363 287 1472 319 autem,
1487 285 1527 313 ﬁli
1543 286 1679 321 hominis,
1696 287 1852 316 vaticinare

1100 321 1256 348 adversum
1272 321 1344 356 Gog,
1360 323 1388 348 et
1404 321 1484 349 dices
1502 330 1509 349 :

1028 358 1094 384 Haec
1109 356 1180 383 dicit
1195 356 1335 384 Dominus
1352 356 1428 384 Deus
1446 365 1453 384 :

1029 392 1099 420 Ecce
1116 400 1168 427 ego
1184 400 1272 427 super
1287 394 1324 425 te,
1341 392 1412 428 Gog.

1100 428 1261 463 principem
1278 427 1517 463 capitis’Mosoch
1534 430 1561 455 et
1575 428 1688 456 Thubal
1707 438 1713 457 :

1029 463 1062 490 Et
1077 464 1306 502 circummagam
1322 466 1404 502 t_e,et
1419 463 1540 502 educam
1559 464 1612 502 (ᾼι.
1630 466 1780 502 reducam)
1792 468 1830 502 te,

1064 502 1092 527 et
1108 499 1265 527 ascendere
1280 501 1308 526 te
1323 499 1426 526 faciam
1443 499 1479 526 de
1495 500 1634 527 lateribus
1650 501 1816 536 aquilonis:

1064 538 1091 562 et
1106 536 1251 562 adducam
1267 537 1294 562 te
1311 543 1400 571 super
1416 537 1528 562 montes
1545 536 1643 563 Israel.

1027 571 1062 598 Et
1078 571 1240 606 percutiam
1257 579 1356 598 arcum
1370 573 1452 597 tuum
1469 571 1497 597 in
1516 579 1601 598 manu
1619 572 1741 599 sinistra
1755 575 1816 606 tua,

1063 611 1090 634 et
1099 607 1299 644 sagittastuas
1311 607 1345 634 de
1358 615 1447 644 manu
1459 606 1576 634 dextera
1588 609 1638 634 tua
1653 608 1788 643 dejiciam
1797 609 1851 644 (Al.

1099 642 1283 677 Et’dejiciam
1300 644 1327 669 te
1344 642 1453 677 super).

1028 679 1121 713 Super
1138 682 1251 705 montes
1269 678 1354 705 Israel
1372 679 1457 705 cades
1468 679 1655 715 tu,ot0mnia
1667 679 1850 715 agininatua,

1063 718 1089 741 et
1106 714 1204 749 populi
1222 715 1262 741 tui
1280 714 1331 749 (At.
1350 716 1417 741 lace!
1434 714 1499 748 tui),
1516 714 1565 749 qui
1582 717 1651 741 sunt
1666 717 1762 742 tecum
1781 724 1788 743 :

1027 749 1117 779 Feris,
1135 750 1247 781 avibus,
1263 750 1401 784 omnique
1417 749 1536 784 volatili,
1552 752 1580 777 et
1596 750 1697 779 bestiis
1711 755 1805 786 terrae,

1062 786 1126 813 dedi
1144 788 1170 812 te
1187 786 1330 813 devorand
1339 794 1396 813 um.

1026 823 1118 856 Super
1135 822 1237 848 faciem
1255 821 1316 856 agri
1335 821 1420 848 cades
1438 829 1443 847 :

990 858 1014 891 Β
1066 857 1134 892 quia
1151 865 1202 892 ego
1220 857 1334 884 locutus
1350 865 1426 888 sum,
1445 856 1484 883 ait
1500 856 1642 885 Dominus
1657 860 1742 886 Deus.

1030 893 1063 919 Et
1080 894 1236 920 immittam
1252 892 1348 928 ignem
1366 893 1395 919 in
1411 895 1523 927 Magog,

1062 932 1090 955 et
1106 929 1133 955 in
1152 929 1197 955 his
1212 929 1260 964 qui
1279 929 1409 955 habitant
1426 929 1452 954 in
1471 928 1576 956 insulis
1591 928 1793 958 conﬁdenter:

1062 967 1089 991 et
1105 964 1196 991 scient
1210 964 1277 999 quia
1292 973 1344 999 ego
1359 964 1510 998 Dominus,

1027 1002 1059 1027 Et
1085 1008 1189 1027 nomen
1207 1003 1340 1027 sanctum
1357 1008 1453 1027 meum
1471 1002 1572 1027 notum
1588 999 1692 1028 faciam
1708 1001 1738 1028 in
1754 1001 1848 1029 medio

1098 1036 1197 1071 populi
1216 1036 1270 1062 mei
1289 1036 1385 1068 Israel,

1061 1075 1086 1098 et
1105 1080 1159 1099 non
1178 1071 1305 1106 poilnam
1323 1079 1426 1098 nomen
1444 1074 1577 1108 sanctum
1595 1080 1693 1099 meum
1708 1072 1848 1108 amplius:

1062 1110 1089 1134 et
1106 1108 1305 1140 scientgentes
1315 1107 1384 1143 quia
1395 1116 1447 1142 ego
1462 1107 1603 1135 Dominus
1615 1110 1735 1136 sanctus
1748 1107 1847 1136 Israel.

1027 1143 1096 1170 Ecce
1110 1143 1201 1176 venis,
1219 1145 1247 1170 et
1264 1143 1373 1170 factum
1390 1146 1444 1178 est,
1461 1144 1500 1170 ait
1518 1143 1658 1171 Dominus
1685 1144 1762 1171 Deus
1786 1144 1847 1180 (ΛΖ.

1097 1182 1168 1206 tacet
1186 1179 1271 1214 Deus)
1283 1187 1288 1211 ;

1061 1214 1121 1242 haec
1138 1217 1182 1241 est
1199 1214 1260 1241 dies
1274 1215 1309 1241 de
1324 1222 1381 1249 qua
1398 1213 1513 1241 loculus
1525 1222 1599 1241 sum.

1026 1251 1059 1277 Et
1075 1251 1258 1285 egredientur
1281 1250 1460 1287 habitatores
1485 1250 1519 1277 de
1544 1250 1712 1278 civitatibus
1727 1250 1782 1287 (Al.
1798 1259 1850 1279 ur-

1097 1286 1187 1320 bium)
1206 1286 1304 1318 Israel,

1061 1325 1088 1349 et
1104 1322 1291 1355 succenderit,
1307 1323 1334 1347 et
1349 1321 1523 1347 comburent
1539 1329 1628 1355 arma,

1061 1358 1192 1393 clypeum
1210 1360 1237 1384 et
1252 1357 1362 1389 hastas,
1381 1364 1479 1383 arcum
1498 1359 1525 1383 et
1541 1357 1674 1392 sagittas,

1061 1396 1088 1420 et
1102 1393 1220 1420 baculos
1238 1400 1389 1424 manuum,
1406 1395 1434 1419 et
1449 1394 1559 1426 contos,

1061 1431 1088 1456 et
1103 1429 1280 1456 succenderit
1296 1436 1328 1455 ea
1343 1428 1401 1462 igni
1419 1430 1529 1463 septem
1545 1427 1643 1455 annis.

1024 1466 1058 1492 Et
1076 1474 1132 1492 non
1150 1466 1306 1500 portabunt
1322 1463 1401 1498 ligna
1418 1463 1647 1500 derregionibus,

1062 1498 1157 1536 neque
1171 1500 1322 1528 succident
1339 1500 1373 1526 de
1390 1498 1533 1533 saltibus;

987 1544 1008 1577 ρ
1028 1535 1169 1577 Quoniam
1187 1544 1266 1577 arma
1280 1536 1458 1577 succendent
1471 1535 1548 1577 igne,

1064 1575 1091 1600 et
1106 1572 1352 1607 depraedabuntur
1367 1579 1415 1598 eos
1432 1570 1538 1606 quibus
1555 1570 1661 1607 pradas
1672 1570 1795 1603 fuerant,

1062 1611 1089 1636 et
1105 1606 1245 1644 diripient
1260 1610 1420 1644 viastalores
1437 1615 1516 1639 suos,
1527 1606 1567 1634 ait
1583 1606 1723 1635 Dominus
1739 1607 1826 1634 Deus.

1028 1648 1059 1672 Et
1075 1645 1129 1671 erit
1143 1643 1171 1671 in
1190 1645 1236 1670 die
1251 1643 1320 1670 illa:

1062 1681 1136 1707 dabo
1148 1682 1209 1714 (Ξοε
1221 1679 1314 1705 locum
1328 1677 1510 1704 nominatum
1525 1677 1848 1713 sepulcruminlsrael:

1061 1716 1165 1743 vallem
1183 1716 1326 1742 viatorum
1342 1714 1376 1741 ad
1393 1714 1534 1741 orientem
1553 1714 1653 1748 maris,

1063 1760 1124 1787 qua:
1137 1752 1343 1792 obstupescere
1359 1749 1444 1776 faciet
1461 1750 1511 1779 (Al.
1529 1750 1604 1784 facit)
1620 1751 1849 1786 praetereuntes:

1027 1789 1061 1816 Et
1074 1786 1217 1822 Sepelient
1230 1786 1268 1813 ibi
1286 1786 1357 1821 Gog,

1063 1826 1090 1851 et
1106 1821 1221 1850 omnem
1237 1821 1455 1849 multitudinem
1473 1821 1547 1855 ejus,

1062 1862 1090 1886 et
1106 1859 1257 1886 vocabitur
1271 1857 1353 1884 vallis
1367 1856 1566 1884 multitudinis
1582 1856 1653 1892 Gog.

1027 1896 1059 1922 Et
1075 1894 1216 1929 sepelient
1233 1902 1281 1920 eos
1298 1894 1403 1919 domus
1421 1892 1518 1926 Israel,

1064 1933 1095 1957 ut
1109 1926 1252 1957 mundent
1269 1932 1375 1955 terram
1392 1930 1504 1961 septem
1522 1926 1684 1954 mensibus.

1027 1966 1154 2002 Sepeliet
1170 1967 1267 1992 autem
1285 1964 1337 2002 (.41.
1351 1963 1486 2002 addLeos)
1502 1962 1740 2002 omnis_po_pulus
1755 1965 1851 1997 terras,

1063 1997 1090 2028 et
1106 2001 1160 2029 erit
1176 2001 1217 2027 eis
1234 1997 1385 2027 nominata
1396 1998 1500 2031 dies,in
1514 2007 1570 2034 qua
1582 1997 1763 2034 glorificatus
1774 2008 1853 2032 sum,

1062 2038 1102 2065 ait
1118 2037 1261 2064 Dominus
1277 2035 1364 2062 Deus.

1028 2073 1062 2101 Et
1076 2073 1153 2100 viros
1167 2072 1276 2106 jugiter
1290 2070 1469 2098 constituent
1484 2069 1643 2106 lustrantes
1657 2070 1776 2101 terram,

1065 2109 1113 2144 qui
1132 2105 1275 2144 sepeliant
1289 2109 1318 2134 et
1334 2105 1485 2141 requirant
1499 2112 1549 2132 eos
1575 2105 1625 2139 qui
1652 2107 1856 2132 remanserant

1099 2153 1188 2179 super
1205 2143 1306 2170 faciem
1327 2144 1420 2176 terris,

1064 2182 1096 2208 ut
1111 2180 1272 2208 emundant
1287 2186 1351 2206 eam
1365 2186 1372 2204 :

990 2229 1012 2262 Β
1032 2218 1100 2262 Pos‘t
1115 2223 1232 2262 menses
1248 2214 1478 2262 aptemAseptqmn
1489 2210 1776 2262 qufperedncipient
1793 2219 1800 2239 :

1066 2254 1095 2279 et
1109 2251 1276 2279 circuibunt
1291 2250 1479 2285 peragrantes
1494 2249 1601 2275 terram
1620 2256 1627 2274 ε

1028 2282 1301 2349 Cumgpuehvigerint
1316 2293 1348 2313 os
1362 2282 1504 2317 hominis,
1521 2285 1651 2310 statuent
1672 2283 1757 2318 juxta
1781 2283 1854 2311 illud

1100 2324 1219 2350 titulum

1066 2343 1302 2399 ᾱοῖἶξέξβὲῖἰιωι
1317 2355 1388 2383 illud
1406 2355 1594 2391 pollinctores
1610 2355 1639 2383 in
1655 2355 1730 2383 valle
1754 2354 1856 2384 multi-

1101 2394 1213 2421 tudinis
1229 2393 1300 2421 Goz.

1101 2394 1213 2421 tudinis
1229 2394 1300 2427 Gog.

1030 2430 1142 2457 Nomen
1158 2433 1255 2456 autem
1274 2426 1398 2454 civitatis
1415 2427 1534 2462 Amona,

1066 2467 1095 2493 et
1107 2465 1293 2493 mundabunt
1308 2465 1426 2490 terram.

1031 2501 1074 2528 Tu
1091 2509 1171 2537 ergo,
1188 2498 1383 2537 ﬁliihominis,

1067 2534 1213 2564 hiec'dicit
1229 2534 1370 2563 Dominus
1386 2534 1482 2561 Deus:

1033 2572 1082 2600 Dic
1098 2572 1178 2600 omni
1198 2570 1320 2602 volucri,
1345 2572 1374 2597 et
1388 2569 1532 2597 universis
1549 2568 1661 2603 avibus,
1680 2568 1854 2604 cunctisque

1102 2607 1204 2635 bestiis
1220 2606 1279 2641 agri
1298 2614 1305 2632 ε

1032 2642 1199 2676 Convenite,
1217 2639 1382 2678 properate,
1396 2639 1560 2678 concurrite
1576 2639 1765 2678 und_ique_ad
1793 2639 1855 2666 vic-

1103 2675 1205 2707 timam
1217 2675 1327 2710 meam,
1344 2684 1431 2711 quam
1457 2683 1509 2712 ego
1538 2675 1659 2703 immolo
1677 2675 1729 2711 (ΑΙ.
1746 2675 1857 2702 immo-

1033 2790 1126 2814 terraz.
1138 2785 1248 2813 Castora
1263 2786 1366 2812 notum
1379 2785 1433 2817 est,
1445 2782 1673 2819 Hierosolymam
1688 2785 1769 2810 terrm
1785 2791 1855 2811 cen-

1032 2824 1111 2849 trum
1124 2822 1160 2848 ab
1172 2820 1444 2857 sntiquisrhabitam
1459 2828 1464 2845 :
1482 2819 1560 2857 unde
1571 2819 1737 2857 ethzecbiVel
1754 2827 1854 2857 supra,

1033 2866 1096 2893 cap.
1112 2866 1129 2884 v
1146 2865 1152 2884 :
1169 2859 1225 2884 [ua
1240 2855 1281 2884 est
1295 2856 1447 2884 Jerusalem
1465 2864 1474 2882 :
1489 2856 1519 2882 in
1533 2855 1623 2882 medio
1638 2856 1761 2890 gentium
1775 2856 1857 2891 posui

1031 2901 1103 2921 eam.
