4028 6178
451 189 586 244 1055

589 311 724 380 lavi)
755 312 940 380 vobis,

524 384 820 440 victimam
848 384 1122 454 grandem
1155 401 1332 456 super
1364 389 1622 440 montem
1656 385 1854 442 Israel.

524 461 588 511 ut
617 457 936 512 comedetis
967 471 1224 524 carnem,
1258 463 1314 511 et
1347 457 1558 512 bibatis
1591 458 1960 526 sanguinem.

448 527 664 584 Carnes
697 529 933 582 fortium
968 527 1304 595 comedetis,

520 605 575 655 et
601 599 946 669 sanguinem
981 599 1312 671 principum
1344 604 1510 654 terrae
1542 600 1774 668 bibetis,

519 671 792 744 arietum,
845 685 1154 744 agnorum,
1187 677 1241 726 et
1269 671 1590 744 hircorum,
1646 677 2092 744 taurorumque,

514 741 787 810 altilium,
821 741 1218 812 et’pinguium
1253 743 1543 798 omnium.

445 813 510 868 Et
541 813 858 870 comedetis
891 813 1118 882 adipem
1155 815 1212 869 in
1244 816 1635 884 saturitatem,

509 891 565 940 et
595 883 806 940 bibetis
837 885 1182 955 sanguinem
1217 886 1274 940 in
1307 883 1669 950 ebrietatem,

509 955 890 1084 debivsictima,
925 973 1100 1027 quain
1135 973 1239 1029 ego
1277 957 1595 1013 immolabo
1629 958 1736 1029 (At.
1768 956 2092 1030 immolavi)

511 1046 546 1084 ν
716 1045 728 1081 :

511 1043 725 1084 VODIBI

442 1100 510 1154 Et
555 1097 966 1156 saturabimini
999 1113 1179 1169 super
1211 1114 1476 1154 mensam
1511 1114 1701 1154 meam
1734 1099 1804 1154 de
1834 1115 2005 1170 equo,
2039 1103 2096 1156 et

585 1171 782 1242 equite
815 1170 968 1242 forti,

513 1247 568 1298 et
592 1239 695 1368 Dde
748 1241 1037 1297 universis
1073 1239 1210 1297 viris
1243 1239 1757 1313 bellatoribus,‘_'ait
1806 1242 2093 1300 Dominus

643 1331 767 1368 eus.

643 1331 767 1369 BUS.

436 1389 506 1441 Et
539 1401 753 1456 ponam
787 1383 1031 1455 gloriam
1066 1399 1257 1438 meam
1293 1383 1350 1438 in
1383 1384 1653 1456 gentibus
1689 1401 1701 1438 :

507 1455 563 1512 et
594 1456 877 1511 videbunt
907 1472 1110 1511 omnes
1142 1459 1344 1527 gentes
1367 1455 1660 1525 judicium
1696 1472 1912 1524 meum,
1937 1457 2091 1528 quod

582 1527 820 1583 fecerim
857 1545 870 1582 :

509 1604 566 1655 et
595 1615 834 1654 manum
870 1614 1085 1665 meam,
1119 1614 1295 1670 quam
1324 1598 1618 1669 posuerim
1655 1615 1833 1670 super
1863 1615 1982 1670 eos.

442 1671 513 1728 Et
568 1670 756 1726 scient
812 1671 1022 1726 domus
1080 1668 1281 1736 Israel,
1317 1668 1455 1740 quia
1489 1686 1590 1740 ego
1623 1668 1911 1726 Dominus
1939 1669 2090 1726 Deus
2117 1693 2165 1758 Β

583 1759 808 1812 eorum,

508 1831 540 1869 a
569 1814 661 1869 die
693 1813 815 1881 illa,
847 1818 903 1869 et
935 1813 1230 1883 deinceps.

440 1885 506 1941 Et
533 1887 721 1942 scient
748 1880 877 1955 (Αἰ.
910 1885 1054 1940 add.
1087 1880 1311 1952 omnes)
1343 1885 1544 1953 gentes
1575 1880 1852 1955 quoniam
1885 1880 1942 1936 in
1975 1881 2086 1955 ini-

579 1953 827 2029 quitate,
862 1973 972 2013 sua
1034 1957 1154 2029 (Al._
1212 1959 1446 2029 propter
1510 1953 1850 2024 iniquitates
1924 1954 2084 2026 suas)

578 2024 749 2099 capta
783 2027 860 2083 sit
889 2024 1101 2083 domus
1121 2024 1337 2099 lsrael,

503 2117 570 2157 eo
602 2094 754 2171 quod
787 2097 1208 2171 dereliquerint
1238 2097 1422 2161 me,et
1447 2094 1853 2150 absconderim
1879 2095 2084 2153 faciem

578 2187 766 2226 meam
801 2171 873 2225 ab
899 2171 981 2226 eis
1015 2187 1028 2224 :

504 2245 563 2298 et
591 2242 936 2298 tradiderim
969 2257 1067 2296 eos
1100 2239 1156 2294 in
1193 2254 1405 2293 manus
1435 2237 1719 2306 hostium,

505 2318 565 2370 et
597 2313 913 2369 ceciderint
944 2313 1002 2384 in
1029 2310 1223 2384 gladio
1254 2308 1531 2384 universi.

432 2385 603 2441 Juxta
637 2378 1076 2439 immunditiam
1107 2397 1310 2438 eorum
1338 2385 1395 2435 et
1427 2379 1620 2436 scelus
1647 2378 1752 2435 feci
1784 2380 1890 2446 eis,

499 2461 556 2513 et
585 2455 866 2512 abscondi
892 2455 1095 2510 faciem
1129 2469 1319 2508 meam
1351 2452 1424 2508 ab
1457 2451 1594 2506 illis.

433 2532 741 2600 Propterea
773 2527 892 2582 haec
925 2524 1392 2600 dicitDominus
1418 2524 1589 2600 Deus.

433 2595 604 2656 Nune
633 2601 908 2655 reducam
943 2596 1336 2668 captivitatem
1361 2595 1564 2668 Jacob,

501 2676 558 2728 et
585 2670 906 2798 milserebor
936 2664 1129 2725 omnis
1159 2668 1371 2723 domus
1403 2667 1508 2739 (Al.
1543 2664 1703 2720 omni
1734 2665 1959 2738 domui)
1995 2666 2078 2721 Is-

568 2759 666 2798 rae
722 2760 735 2796 :

568 2759 735 2799 P8812

500 2819 558 2870 et
585 2829 880 2869 assumam
913 2811 1102 2867 zelum
1136 2827 1239 2882 pro
1273 2809 1510 2865 nomine
1541 2813 1742 2865 sancto
1775 2824 1923 2864 meo.

430 2890 497 2942 Et
527 2886 844 2958 portabunt
874 2883 1275 2958 confusionem
1310 2897 1501 2948 suam,

504 2951 825 3040 e'tpmnem
856 2955 1537 3028 pravaricationcm,qua
1562 2951 1920 3024 praevaricati
1940 2955 2079 3009 sunt

575 3045 781 3093 Hllne,

500 3115 635 3156 cum
668 3097 1057 3154 habitaverint
1085 3097 1144 3152 in
1178 3100 1335 3152 terra
1364 3113 1473 3153 sua
1503 3095 1864 3152 confidenter
1888 3095 2076 3151 nemi-

577 3187 709 3226 nem
743 3170 1124 3226 formidantes
1161 3184 1173 3222 :

504 3247 561 3297 et
593 3243 873 3298 reduxere
904 3256 1004 3296 eos
1035 3241 1105 3295 de
1137 3237 1390 3311 populis,

502 3319 559 3369 et
580 3329 1004 3386 congregavero
1035 3313 1106 3386 de
1135 3309 1307 3386 terris
1338 3309 1722 3386 inimicorum
1741 3325 2006 3386 suorum,

504 3390 562 3440 et
591 3380 992 3441 san‘ctit‘i’catus
1051 3385 1212 3438 fuero
1243 3382 1302 3436 in
1335 3381 1440 3450 eis,
1472 3380 1533 3436 in
1573 3381 1760 3437 oculis
1815 3382 2078 3448 gentium

573 3455 988 3527 plurimarum.

431 3529 498 3582 Et
535 3521 722 3584 scient
753 3528 893 3599 quia
923 3542 1029 3597 ego
1061 3523 1349 3599 Dominus
1372 3521 1533 3599 Deus
1565 3538 1789 3599 eorum,

503 3616 570 3655 eo
603 3591 913 3670 quod'(Al.
949 3591 1119 3670 Eum)
1141 3591 1538 3670 transtulerim
1571 3609 1681 3670 eos
1703 3591 2084 3660 in’nationes,

503 3676 560 3727 et
590 3666 1070 3743 congregaverim
1102 3668 1203 3740 (At.
1241 3666 1690 3737 congregavero)
1747 3679 1847 3720 eos
1907 3681 2086 3738 super

575 3747 795 3798 terram
821 3757 1013 3808 suam,

507 3818 565 3869 et
593 3831 708 3870 non
739 3809 1151 3885 dereliquerim
1186 3808 1366 3885 ex_eis
1399 3823 1766 3885 quemquam
1787 3808 1889 3885 ibi.

429 3887 498 3942 Et
529 3903 642 3942 non
676 3879 1034 3940 abscondam
1066 3880 1219 3936 ultra
1250 3879 1456 3935 faciem
1493 3895 1684 3935 meam
1717 3880 1789 3936 ab
1821 3881 1928 3947 eis,

501 3974 566 4013 eo
598 3957 753 4028 quod
785 3956 1090 4028 eil‘uderim
1117 3951 1400 4028 epiritum
1434 3968 1628 4028 meum
1654 3967 1830 4023 super
1849 3968 2080 4008 omnem

574 4023 814 4084 domum
849 4025 1047 4091 Israel,
1076 4025 1158 4078 ait
1189 4023 1474 4079 Dominus
1509 4027 1677 4078 Deus.

431 4099 588 4172 (Cap.
621 4100 770 4172 XL.)
802 4101 862 4154 In
889 4097 1170 4172 vicesimo
1210 4098 1267 4149 et
1324 4095 1529 4172 quinto
1571 4111 1764 4172 _an_no_
1799 4095 2084 4150 transmi-

504 4165 792 4243 grationis
821 4175 1054 4243 nostrae,
1087 4167 1145 4222 in
1178 4167 1413 4222 exordio
1445 4166 1607 4243 anni,
1641 4165 1869 4222 decima
1914 4183 2084 4222 men-

508 4242 612 4306 sis.
651 4247 860 4314 quarto
893 4242 1118 4297 decimo
1149 4255 1301 4292 anno
1336 4242 1654 4310 postquam
1690 4255 1970 4310 percussa
1998 4245 2089 4294 est

581 4315 786 4369 civitas
820 4331 832 4367 :

1485 193 1543 246 8.
1586 193 1989 247 HIERONYMI
2029 191 2282 246 DIVINA
2320 188 2814 244 BIBLIOTHECA.
2915 197 2928 202 ‘

3670 193 3778 245 1056

2126 318 2178 383 Α
2280 317 2336 368 et
2368 312 2426 366 in
2458 313 2636 366 manu
2653 311 2759 366 viri
2777 310 3041 366 calamus
3074 325 3356 366 mensuras
3375 327 3468 366 sex
3483 312 3780 372 cubitorum.

2349 389 2406 438 et
2439 383 2630 438 nalmo
2665 401 2678 437 :

2205 456 2273 510 Et
2304 401 3074 527 megngziilsugtdatitudinem
3106 453 3331 508 zediﬁcii
3364 453 3573 510 calamo
3603 473 3715 527 uno,

2277 527 2653 582 altitudinem
2687 541 2919 596 quoque
2950 525 3174 580 calamo
3205 542 3340 580 uno.

2207 599 2274 653 Et
2300 598 2460 724 venit
2489 599 2558 654 ad
2595 603 2823 668 portam
2856 614 2985 668 qua:
3014 596 3361 667 respiciebat
3408 597 3548 651 viam
3579 598 3782 654 orienta-

2368 686 2482 724 em.

2368 686 2482 738 em,

2274 752 2332 796 et
2362 741 2628 797 ascendit
2656 756 2759 812 per
2788 739 3005 811 gradus
3035 739 3162 812 ejus
3195 755 3208 792 :

2204 813 2273 869 Et
2295 829 2537 869 mensus
2561 809 2850 867 est—limen
2873 815 3047 883 portis
3073 809 3296 865 calamo
3313 809 3781 883 unolatitudinem.

2273 883 2332 939 id
2365 888 2474 954 est,
2506 883 2682 939 limen
2716 881 2900 938 unum
2933 881 3157 938 calamo
3188 898 3304 936 uno
3335 882 3392 936 in
3423 881 3780 938 latitudinem:

2205 958 2275 1014 Et
2305 955 2632 1011 thalamum
2665 971 2781 1010 uno
2812 955 3039 1010 calamo
3072 954 3129 1008 in
3154 957 3417 1024 longum,

2275 1033 2333 1084 et
2363 1043 2478 1083 uno
2508 1027 2735 1082 calamo
2763 1026 2819 1080 in
2854 1026 3038 1081 latum
3074 1042 3087 1080 :

2275 1104 2332 1154 et
2364 1099 2516 1154 inter
2547 1097 2860 1164 thalamos,
2894 1097 3156 1168 quinque
3187 1096 3414 1151 cubitos
3449 1112 3462 1148 :

2204 1171 2270 1226 Et
2302 1171 2480 1226 limen
2516 1173 2691 1241 portae
2714 1169 2885 1240 juxta
2901 1166 3257 1224 vestibulum
3292 1173 3464 1240 porta:
3496 1167 3785 1222 intrinsecus

2347 1241 2573 1298 calamo
2607 1257 2744 1296 uno.

2205 1316 2271 1370 Et
2301 1330 2542 1370 mensus
2571 1318 2661 1368 est
2692 1311 3045 1367 vestibulum
3079 1315 3254 1382 portae
3286 1315 3412 1366 octo
3445 1310 3752 1379 cubitorum,

2275 1391 2330 1440 et
2362 1387 2610 1440 frontem
2641 1385 2769 1454 ejus
2801 1383 3030 1438 duobus
3063 1383 3280 1438 cubitis
3311 1399 3323 1435 :

2203 1456 2560 1512 vestibulum
2596 1453 2788 1511 autem
2822 1459 2997 1525 portae
3027 1460 3150 1510 erat
3174 1453 3545 1525 intrinsecus.

2205 1533 2375 1584 Porro
2407 1526 2649 1584 thalami
2687 1523 2864 1598 portas
2897 1526 2969 1582 ad
2993 1527 3143 1581 viam
3177 1524 3657 1591 orientalem,tres
3681 1523 3784 1579 hinc

2380 1605 2437 1654 et
2467 1605 2588 1654 tres
2620 1599 2754 1652 inde
2788 1615 2801 1651 :

2345 1687 2623 1726 mensura
2646 1687 2765 1725 una
2796 1667 2997 1736 trium,

2375 1747 2432 1797 et
2466 1757 2740 1798 mensura
2772 1757 2891 1796 una
2922 1738 3201 1795 frontium
3236 1754 3304 1794 ex
3335 1741 3568 1809 utraque
3597 1741 3743 1809 parte.

2195 1815 2264 1870 Et
2295 1830 2536 1940 mteiisus
2553 1817 2640 1869 est
2658 1812 3025 1868 latitudinem
3057 1811 3285 1867 liminis
3318 1816 3489 1882 portae
3517 1810 3688 1866 decem
3707 1825 3782 1865 cu-

2383 1903 2397 1940 i
2433 1902 2628 1940 orum.

2383 1885 2538 1941 itoru
2549 1902 2602 1940 m

2265 1960 2322 2012 et
2341 1924 2779 2039 ldhugitdd’inem
2812 1957 2992 2039 portae
3023 1952 3642 2039 tredecimcubitorum
3671 1968 3683 2007 :

2196 2028 2264 2084 Et
2291 2024 2621 2100 marginem
2648 2031 2782 2082 ante
2812 2024 3107 2100 thalamos
3137 2024 3325 2080 cubiti
3356 2025 3523 2080 unius
3558 2041 3570 2078 :

2263 2105 2319 2155 et
2349 2095 2586 2156 cubitus
2616 2115 2769 2154 unus
2803 2096 2941 2152 ﬁnis
2974 2095 3257 2168 utrinque
3293 2113 3305 2150 :

2263 2170 2508 2228 thalami
2541 2175 2738 2227 autem
2770 2186 2870 2225 sex
2899 2163 3237 2224 cubitorum
3267 2171 3428 2222 erant
3454 2165 3577 2222 hinc
3596 2163 3776 2221 etinde.

2192 2243 2263 2298 Et
2293 2259 2535 2299 mensus
2567 2246 2656 2298 est
2686 2244 2915 2314 portam
2948 2257 2982 2296 a
3007 2244 3158 2296 tecto
3219 2238 3463 2295 thalami
3518 2254 3680 2310 usque
3721 2235 3774 2290 ad

2342 2319 2564 2370 tectum
2597 2314 2746 2385 ejus,

2261 2381 2642 2442 latitudinem
2658 2383 2866 2457 viginti
2895 2386 2954 2437 et
2983 2381 3246 2454 quinque
3283 2381 3600 2438 cubitorum
3629 2397 3640 2435 :

2264 2458 2486 2514 ostium
2519 2454 2746 2512 contra'
2759 2454 2998 2511 ostium.

2187 2529 2256 2584 Et
2286 2529 2421 2585 fecit
2452 2531 2673 2584 frontes
2705 2525 3146 2600 perisexaginta
3180 2525 3417 2600 cubitos
3449 2541 3463 2579 :

2260 2606 2318 2658 et
2331 2601 2402 2657 ad
2419 2593 2931 2656 frontrem'atrium
2951 2593 3130 2671 p—ortae
3149 2599 3272 2652 und
3281 2597 3413 2671 ique
3427 2611 3520 2671 per
3531 2593 3777 2671 circuitum

2191 2673 2259 2728 Et
2309 2677 2444 2728 ante
2492 2671 2699 2727 faciem
2748 2663 3108 2742 portae,'qu:e
3151 2663 3519 2742 pertingebat
3547 2681 3702 2738 usque
3725 2663 3774 2718 ad

2332 2743 2542 2800 faciem
2571 2741 2846 2798 vestibuli
2878 2746 3056 2812 portas
3083 2741 3407 2810 interioris,

2259 2815 2720 2887 quinquaginta
2739 2812 2992 2887 cubitos.

2188 2887 2258 2942 Et
2278 2881 2577 2943 fenestra—3
2609 2885 2879 2956 obliquas
2910 2884 2968 2939 in
3001 2881 3310 2948 thalamis,

2258 2963 2315 3015 et
2345 2960 2402 3014 in
2437 2957 2727 3014 frontibus
2749 2953 2987 3020 eorum,
3020 2971 3148 3026 quae
3197 2957 3372 3010 erant
3416 2953 3560 3010 intra
3602 2954 3776 3024 portam

2330 3030 2586 3101 undique
2621 3045 2721 3100 per
2749 3027 3058 3101 circuitum
3087 3043 3101 3080 :

2107 3061 2150 3130 C
2234 3102 2246 3114 ο
2321 3061 2586 3113 ,υιιιυιιμιῠ
2621 3061 2710 3100 γει
2749 3061 3058 3108 υιιυυιιυιξι
3087 3068 3100 3080 .
3254 3097 3265 3109 ⁸
3385 3098 3394 3108 ι

2189 3101 2472 3158 Similiter
2518 3105 2714 3157 autem
2743 3103 2912 3156 erant
2937 3103 2995 3154 et
3026 3114 3084 3152 in
3120 3096 3428 3154 vestibulis
3462 3096 3686 3152 fenestra:
3712 3105 3782 3162 per

2331 3189 2537 3245 gyrum
2570 3173 2949 3245 intrinsecus,

2263 3249 2319 3301 et
2334 3239 2484 3300 ante
2516 3245 2738 3299 frontes
2772 3242 3000 3314 pictura
3031 3239 3394 3314 palmarum.

2191 3321 2261 3373 Et
2295 3317 2498 3372 eduxit
2530 3331 2622 3370 me
2654 3316 2724 3370 ad
2759 3313 2974 3370 atrium
3006 3313 3293 3383 exterius,

2261 3393 2319 3444 et
2356 3403 2486 3444 ecce
2517 3386 2956 3459 gazophylacia,
3064 3455 3077 3459 _
3168 3456 3220 3459 Α
3296 3457 3305 3459 _
3477 3454 3488 3459 _
3721 3447 3730 3458 .

2263 3465 2320 3515 et
2351 3454 2766 3531 pavimentum
2780 3462 3031 3514 stratum
3063 3455 3262 3528 lapide
3292 3457 3352 3512 in
3384 3454 3526 3512 atrio
3572 3467 3659 3526 per
3695 3454 3777 3503 cir-

2335 3531 2558 3586 cuitum
2593 3547 2606 3585 :

2263 3602 2505 3674 triginta
2535 3599 2946 3674 gazophylacia
2975 3599 3034 3654 in
3065 3599 3322 3655 circuitu
3363 3594 3668 3672 pavimenti.

2193 3673 2264 3730 Et
2293 3672 2693 3746 pavimentum
2723 3672 2779 3746 in
2813 3672 2999 3746 fronte
3030 3676 3359 3743 portarum,
3523 3744 3529 3746 _
3565 3738 3575 3746 .
3625 3736 3639 3746 ,
3693 3734 3702 3744 ,

2266 3736 2588 3802 secundum
2614 3736 3048 3816 longitudinem
3085 3736 3390 3816 portarum
3421 3736 3770 3816 erat_in_ferius.

2195 3817 2262 3872 Et
2290 3833 2531 3873 mensus
2563 3820 2652 3872 est
2679 3809 3061 3886 latitudinem
3085 3809 3120 3870 ὲ
3149 3815 3299 3871 facie
3333 3818 3501 3886 porta:
3545 3809 3774 3886 inferioris

2337 3905 2523 3960 usque
2550 3888 2619 3942 ad
2652 3887 2901 3960 frontem
2958 3885 3090 3960 atrii
3136 3881 3431 3960 inferioris
3459 3881 3775 3960 extrinsecus,

2265 3952 2496 4014 centu'm
2529 3958 2760 4014 cubitos
2791 3958 2860 4012 ad
2894 3957 3294 4032 orientem,_et
3323 3958 3397 4032 ad
3425 3952 3752 4032 aquilonem.‘

2193 4031 2425 4087 Portam
2457 4046 2898 4102 iquoque,quaa
2957 4020 3310 4102 respiciebat
3347 4020 3494 4084 viain
3546 4020 3777 4095 aquilonis

2337 4100 2468 4156 atrii
2499 4100 2822 4166 exterioris,
2920 4170 2927 4172 Α
3056 4100 3066 4102 ⁷
3544 4168 3556 4172 ,

2268 4189 2510 4299 ἓτξεηευε
2557 4182 2640 4229 est
2673 4163 2883 4228 tam-in
2915 4170 3311 4245 longitudine,
3344 4185 3514 4245 quam
3543 4168 3596 4222 in
3623 4163 3777 4218 latitu-

2310 4260 2425 4299 ine.

2310 4260 2425 4300 108.

2197 4316 2270 4371 Et
2296 4315 2584 4372 thalamos
2613 4314 2742 4385 ejus
2771 4317 2891 4370 tres
2916 4313 3074 4382 hinc,
3106 4319 3165 4370 et
3192 4318 3312 4371 tres
3342 4313 3474 4368 inde
3507 4329 3520 4365 :

505 4383 565 4479 in
599 4383 1471 4479 igsjaihatdienfacntaestsuper
1489 4397 1580 4437 me
1605 4381 2081 4450 manusDomini,
2115 4414 2164 4479 Β
2267 4392 2323 4443 et
2351 4387 2602 4442 frontem
2640 4377 2896 4479 'ejus,‘et
2922 4377 3282 4470 vestibulum
3341 4387 3464 4456 ejus
3511 4377 3776 4438 secundum

509 4460 565 4510 et
597 4454 840 4512 adduxit
865 4473 957 4510 me
989 4454 1148 4509 illuc.

444 4528 510 4583 In
541 4527 868 4583 visionibus
897 4527 997 4584 Dei
1029 4523 1272 4581 adduxit
1303 4539 1392 4578 me
1422 4522 1481 4579 in
1513 4527 1722 4579 terram
1753 4524 1952 4591 Israel,

511 4603 566 4654 et
597 4599 823 4654 dimisit
853 4615 944 4654 me
979 4613 1157 4668 super
1187 4599 1444 4668 montem
1477 4595 1772 4668 excelsum
1807 4597 1985 4652 nimis
2026 4614 2038 4651 :

508 4687 682 4742 super
713 4687 888 4742 quem
941 4667 1068 4724 erat
1094 4667 1263 4740 quasi
1291 4667 1602 4722 aediﬁcium
1653 4668 1910 4724 civitatis
1959 4686 2088 4726 ver-

503 4743 690 4812 gentis
720 4744 790 4796 ad
824 4745 1110 4812 austrum.

436 4809 862 4869 Et‘introduxit
886 4829 978 4867 me
1009 4809 1148 4866 illuc
1184 4826 1196 4863 :

503 4891 562 4942 et
592 4902 722 4941 ecce
752 4885 836 4941 vir
864 4885 1035 4953 cujus
1060 4885 1182 4938 erat
1213 4879 1435 4951 species
1466 4881 1634 4950 quasi
1670 4881 1897 4953 species
1931 4882 2086 4939 ieris:

505 4966 558 5012 el
590 4955 890 5012 funiculus
923 4956 1116 5010 lineus
1147 4953 1205 5008 in
1239 4967 1416 5007 manu
1451 4953 1606 5021 ejus,

507 5033 564 5084 et
593 5028 854 5084 calamus
887 5042 1176 5082 mensuras
1206 5022 1265 5078 in
1301 5039 1511 5080 manus
1542 5026 1668 5096 ejus
1703 5040 1716 5078 :

435 5101 640 5156 Stabat
672 5104 868 5156 autem
902 5099 959 5154 in
994 5101 1164 5168 porta
1197 5112 1209 5150 :

513 5178 570 5228 et
601 5173 832 5228 locutus
863 5175 953 5228 est
982 5166 1051 5225 ad
1083 5185 1175 5224 me
1203 5167 1357 5222 idem
1388 5166 1474 5222 vir
1511 5184 1524 5221 :

439 5245 545 5299 Fili
582 5243 858 5312 hominis,

501 5317 630 5371 vide
657 5308 853 5372 oculis
874 5312 1020 5381 tuis,
1054 5317 1111 5367 et
1141 5309 1388 5367 auribus
1426 5308 1546 5364 tuis
1572 5309 1731 5378 audi,

503 5393 561 5443 et
583 5403 739 5512 ἐξῗῃθ
773 5404 874 5443 cor
904 5390 1074 5440 tuum
1109 5383 1165 5439 in
1195 5381 1391 5438 omnia
1440 5397 1566 5453 quae
1623 5395 1724 5452 ego
1783 5383 2088 5438 ostendam

613 5476 690 5512 iii
724 5475 736 5512 :

583 5459 690 5513 tibi
724 5475 736 5513 :

506 5529 646 5598 quia
672 5535 736 5585 ut
762 5528 1157 5585 ostendantur
1185 5525 1292 5580 tibi
1322 5525 1612 5598 adductus
1641 5542 1702 5581 es
1726 5524 1841 5598 huc
1875 5542 1888 5578 :

513 5595 797 5654 annuntia
823 5599 1042 5660 omnia.
1073 5615 1196 5667 quis
1230 5602 1289 5650 tu
1324 5597 1507 5658 vides.
1539 5597 1740 5651 domui
1774 5595 1970 5651 Israel.

437 5669 509 5719 Et
562 5683 692 5788 eges
744 5686 952 5724 murus
1006 5669 1338 5724 forinsecus
1372 5667 1428 5722 in
1463 5667 1710 5723 circuitu
1741 5668 1954 5722 domus
1985 5684 2091 5722 un-

633 5752 786 5788 ioue.

633 5752 786 5804 ique,

2338 4473 2677 4515 mensuram
2712 4461 2887 4529 portae
2921 4457 3154 4528 prioris,

2269 4523 3060 4610 quinquagintacubitorum
3077 4526 3518 4610 longitudinem
3547 4523 3676 4593 ejus,

2267 4599 2324 4657 et
2349 4599 2719 4655 latitudinem
2751 4599 2957 4671 viginti
2992 4600 3253 4671 quinque
3281 4599 3616 4654 cubitorum.

2198 4673 2483 4728 Fcnestrae
2508 4676 2702 4727 autem
2735 4672 2886 4742 ejus,
2919 4677 2977 4726 et
3006 4671 3384 4738 vestibulum,

2267 4750 2325 4800 et
2345 4743 2656 4812 sculpturis
2690 4743 3017 4798 secundum
3051 4757 3387 4800 mensuram
3419 4741 3583 4812 porta:
3601 4747 3704 4806 qua:
3720 4741 3781 4782 re-

2339 4814 2624 4885 spiciebat
2655 4815 2724 4868 ad
2758 4813 3041 4869 orientem
3080 4832 3092 4868 :

2198 4887 2264 4942 Et
2293 4882 2516 4958 septem
2547 4887 2837 4957 graduum
2869 4891 2993 4941 erat
3025 4901 3310 4943 ascensus
3339 4882 3484 4953 ejus,

2267 4963 2324 5013 et
2346 4957 2702 5028 vestibulum
2739 4962 2870 5012 ante
2901 4973 3052 5012 eam.
3625 5014 3652 5028 ,,
3725 5011 3734 5020 .

2196 5029 2266 5084 Et
2295 5033 2464 5102 porta
2494 5027 2625 5102 atrii
2652 5028 2954 5102 interioris
3000 5032 3200 5084 contra
3246 5029 3471 5099 portam
3515 5014 3776 5091 aquilonis.

2338 5106 2395 5157 et
2423 5099 2787 5156 orientalem.

2269 5174 2326 5228 et
2356 5188 2600 5298 mentsus
2630 5177 2719 5227 est
2748 5189 2780 5226 a
2806 5177 2972 5243 porta
3003 5186 3192 5242 usque
3220 5168 3289 5224 ad
3324 5169 3542 5240 portam
3589 5160 3776 5215 centum

2340 5260 2408 5298 cu
2458 5260 2589 5298 ios.

2340 5243 2589 5298 cubitos.

2199 5313 2267 5368 Et
2295 5315 2495 5370 eduxit
2525 5330 2614 5369 me
2644 5313 2714 5369 ad
2748 5313 2899 5368 viam
2934 5311 3275 5374 australem.

2270 5390 2326 5441 et
2354 5402 2486 5442 ecce
2517 5389 2682 5458 porta
2713 5401 2838 5455 quis
2871 5385 3221 5458 respiciebat
3249 5381 3318 5436 ad
3353 5381 3600 5458 austrum
3631 5386 3644 5426 :

2271 5461 2328 5512 et
2357 5436 2609 5513 mensruvs'
2628 5436 2998 5512 smilion—tem
3016 5436 3268 5525 cinget
3296 5445 3625 5506 vestibulum
3658 5436 3774 5508 ejlﬂ.

2264 5529 2434 5599 juxta
2467 5543 2775 5584 mensuras
2804 5527 3220 5599 superiores._
3331 5593 3342 5599 _
3453 5589 3486 5599 __
3592 5586 3602 5596 _

2198 5576 2773 5669 Et'fenestrds-ejus:
2805 5576 3179 5655 et
3209 5596 3261 5650 in
3295 5585 3689 5656 circuitu,sicut
3714 5576 3772 5631 fo-

2345 5681 2572 5728 nestras
2603 5675 2843 5726 caeteras
2877 5688 2888 5724 :

2273 5742 2697 5816 quinquaginta
2725 5740 3059 5798 cubitorum
3091 5733 3444 5810 longitudine
