4028 6178
488 296 627 355 1063

487 428 558 482 Et
588 425 645 479 in
677 421 771 477 die
809 421 1074 498 secunda
1119 420 1325 476 offeres
1382 420 1616 479 hircum
1660 441 1972 498 caprarum
2023 422 2135 478 im-
2165 419 2219 485 Α

634 492 990 549 maculatum
1023 508 1124 564 pro
1158 498 1393 564 peccato
1419 510 1432 549 :

560 571 617 622 et
645 564 1189 649 expiabunt‘altare,
1218 564 1369 647 sicut
1399 565 1776 649 expiaverunt
1823 568 1881 623 in
1931 567 2136 625 vitulo.

491 634 754 709 Cumque
784 634 1436 710 compleveris'expiaus
1468 634 1635 710 illud,

562 707 765 781 oti‘éres
799 707 1044 781 vitulum
1076 707 1145 762 de
1176 707 1442 781 armento
1476 707 1949 781 immaculatum,

558 785 614 835 et
645 780 884 834 arietem
918 780 986 833 de
1009 795 1179 850 grege
1213 779 1677 838 immaculatum.

494 852 559 907 Et
581 852 786 906 oti‘eres
820 866 918 906 eos
949 849 1008 904 in
1041 849 1355 923 conspectu
1389 853 1622 908 Domini
1649 871 1663 920 ;

560 928 618 978 et
648 924 885 977 mittent
915 922 1247 995 sacerdotes
1277 940 1454 995 super
1484 941 1580 981 eos
1612 925 1722 992 sal,

560 1000 619 1050 et
648 995 891 1050 offerent
921 1010 1020 1049 eos
1051 993 1460 1051 holocaustum
1485 996 1752 1053 Domino.

488 1088 720 1158 Septem
744 1083 965 1158 diebus
986 1082 1162 1137 facies
1192 1083 1417 1140 hircum
1451 1102 1555 1158 pro
1580 1090 1814 1157 peccato
1835 1086 2097 1158 quotidie
2122 1103 2136 1142 :

562 1154 619 1210 et
645 1154 902 1209 vitulum
935 1154 1005 1208 de
1038 1161 1319 1225 armento,

565 1232 625 1282 et
655 1226 893 1281 arietem
928 1225 998 1280 de
1029 1227 1359 1296 pecoribus,

564 1297 979 1353 immaculatcs
1010 1297 1275 1353 offerent.

486 1373 720 1441 Septem
745 1369 958 1441 diebus
981 1368 1297 1441 expiabunt
1327 1368 1528 1438 altare,
1562 1377 1620 1428 et
1650 1373 2020 1429 mundabunt
2071 1372 2142 1427 il-

587 1442 663 1514 ud
690 1458 708 1514 :7
734 1445 792 1496 et
821 1439 1150 1514 implebunt
1183 1458 1424 1496 manum
1456 1444 1603 1514 ejus.

490 1512 748 1586 Expletis
779 1516 972 1567 autem
1006 1512 1237 1586 diebus,

561 1584 623 1640 in
660 1585 754 1639 die
785 1588 987 1639 octavo
1019 1588 1075 1639 et
1105 1584 1278 1651 ultra,

560 1656 773 1712 facient
795 1656 1126 1711 sacerdotes
1150 1672 1328 1728 super
1349 1654 1531 1713 altare
1552 1656 1893 1714 holocausta
1925 1665 2140 1726 vestra,

562 1733 619 1785 et
648 1744 773 1799 qua:
801 1743 902 1798 pro
934 1743 1075 1798 pace
1105 1728 1356 1783 offerunt
1383 1744 1396 1781 :

561 1804 618 1856 et
648 1798 915 1872 placatus
932 1814 1042 1872 ero
1070 1800 1372 1872 vobis,_ait
1403 1798 1687 1856 Dominus
1717 1801 1893 1857 Deus.

493 1869 898 1945 (σαρξΧμν.)
926 1870 995 1945 Et
1024 1869 1307 1945 convertit
1337 1887 1430 1926 me
1462 1872 1534 1945 ad
1576 1873 1728 1929 viam
1772 1879 1951 1945 porta:
2004 1889 2143 1929 san-

561 1942 769 1999 ctuarii
801 1941 1125 2015 exterioris,
1160 1960 1289 2013 quae
1323 1943 1673 2015 respiciebat
1703 1941 2097 2002 ad‘orientem
2126 1962 2139 2000 :

562 2020 619 2071 et
648 2018 772 2070 erat
803 2013 1023 2069 clausa.

489 2087 562 2141 Et
583 2086 730 2141 dixit
756 2086 1042 2159 Dominus
1074 2085 1149 2159 ad
1179 2102 1273 2141 me
1304 2102 1319 2140 :

494 2159 667 2214 Porta
699 2157 819 2212 hazc
842 2157 1044 2211 clausa
1074 2157 1185 2211 erit
1219 2173 1232 2209 :

562 2246 678 2285 non
732 2228 1047 2301 aperietur,
1098 2231 1153 2283 et
1182 2228 1269 2301 vir
1300 2244 1413 2301 non
1444 2228 1721 2301 transibit
1752 2246 1854 2301 per
1885 2247 2013 2287 eum
2043 2248 2056 2287 :

567 2299 847 2372 quoniam
873 2299 1160 2355 Dominus
1194 2299 1349 2354 Deus
1382 2299 1560 2354 Israel
1592 2299 1896 2372 ingressus
1925 2308 2015 2359 est
2045 2318 2149 2375 per

634 2386 786 2440 eam,

564 2439 798 2513 eritque
828 2441 1029 2514 clausa
1061 2439 1331 2514 principi.

635 2512 911 2584 Princeps
942 2512 1075 2584 ipse
1099 2512 1325 2569 sedebit
1353 2512 1413 2567 in
1444 2528 1533 2584 ea,

566 2590 630 2641 ut
659 2586 929 2642 comedat
960 2600 1166 2654 panem
1190 2600 1386 2640 coram
1418 2586 1661 2642 Domino
1691 2604 1706 2653 ;

492 2658 604 2713 Per
632 2658 785 2713 viam
817 2655 1090 2712 vestibuli
1124 2659 1303 2727 portaa
1326 2654 1712 2728 ingredietur,

564 2734 622 2785 et
652 2745 754 2801 per
785 2728 937 2784 viam
970 2729 1100 2799 ejus
1132 2728 1483 2799 egredietur.

495 2822 563 2874 Et
592 2817 835 2874 adduxit
865 2833 955 2873 me
1000 2833 1104 2887 per
1129 2816 1279 2872 viam
1312 2822 1492 2889 portae
1549 2817 1843 2889 aquilonis
1903 2821 1962 2877 in
2010 2836 2150 2878 con-

673 2893 871 2960 spectu
907 2890 1117 2944 domus
1146 2905 1161 2943 :

565 2967 622 3018 et
652 2959 790 3026 vidi,
822 2966 879 3033 et
910 2976 1041 3017 ecce
1072 2959 1338 3032 implevit
1387 2960 1574 3033 gloria
1619 2962 1856 3019 Domini
1907 2964 2147 3019 domum

642 3032 892 3099 Domini,
1406 3032 1409 3033 ⁷
1475 3069 1477 3071 ι

569 3108 626 3160 et
654 3105 835 3160 cecidi
864 3105 923 3158 in
956 3101 1161 3157 faciem
1197 3117 1410 3158 meam.

501 3176 569 3230 Et
598 3176 744 3230 dixit
775 3175 845 3229 ad
879 3189 971 3229 me
1002 3172 1289 3229 Dominus
1322 3190 1335 3228 :

502 3246 619 3329 Fili.
640 3245 1114 3329 hominishpo‘ne.
1135 3262 1235 3300 cor
1264 3250 1455 3314 tuum,

571 3322 629 3373 et
658 3318 790 3373 vide
820 3316 1006 3373 oculis
1031 3316 1174 3383 tuis,

571 3396 628 3445 et
659 3387 1048 3463 auribustuis
1076 3387 1217 3463 audi
1244 3387 1625 3463 omniaquae
1656 3406 1763 3461 ego
1819 3391 2025 3463 loquor
2080 3396 2153 3450 ad

646 3468 700 3515 te
733 3462 802 3515 de
837 3458 1745 3533 universiscmremoniisdomus
1772 3458 2030 3533 Domini,

570 3534 728 3587 etde
750 3533 978 3586 cunctis
1010 3529 1239 3601 legibus
1261 3530 1427 3599 ejus:

502 3604 570 3658 Et
604 3620 787 3675 pones
818 3620 917 3658 cor
946 3607 1115 3675 tuum
1148 3601 1208 3655 in
1239 3602 1349 3656 viis
1379 3601 1583 3675 templi

575 3672 677 3746 p'er
706 3692 909 3730 omnes
940 3672 1130 3729 exitus
1159 3673 1508 3743 Sanctuarii,

498 3747 569 3802 Et
598 3748 757 3803 dices
790 3747 862 3803 ad
898 3749 1337 3816 exasperantem
1364 3761 1457 3800 me
1486 3746 1727 3802 domum
1762 3748 1943 3805 Israel
1969 3764 1985 3806 :

499 3819 629 3875 Haec
661 3818 801 3874 dicit
835 3815 1115 3873 Dominus
1147 3815 1345 3873 Deus:

498 3908 810 3966 Sufﬁciant
866 3907 1032 3963 vobis
1125 3905 1324 3960 omnia
1398 3904 1617 3960 scelera
1672 3911 1885 3975 vestra,
1946 3910 2158 3966 domus

571 3980 744 4036 Israel
772 3998 784 4035 :
812 3997 877 4035 eo
912 3978 1069 4049 quod
1103 3976 1383 4032 inducitis
1408 3977 1561 4032 ﬁlios
1593 3978 1815 4035 alienos
1846 3980 2161 4037 incircum-

640 4052 794 4107 cisos
827 4048 1017 4116 corde,
1053 4055 1109 4105 et
1141 4048 1588 4104 incircumcisos
1619 4066 1816 4119 carne,

500 4130 567 4180 ut
598 4122 721 4180 sint
750 4124 809 4177 in
860 4119 1208 4178 Sanctuario
1262 4136 1411 4190 meo,
1471 4126 1530 4175 et
1587 4121 1857 4192 polluant
1913 4123 2156 4180 domum

647 4210 837 4249 meam
874 4211 887 4249 ζ

504 4268 571 4323 Et
604 4267 1043 4338 oﬂ‘ertispanes
1074 4280 1258 4338 meos,
1293 4262 1547 4338 adipem,
1568 4268 1625 4319 et
1655 4264 2005 4337 sanguinem
2032 4280 2048 4320 :

580 4344 638 4394 et
668 4333 988 4394 dissolvitis
1013 4337 1118 4408 (At.
1152 4333 1527 4408 dissolvisti‘s)
1578 4333 1811 4407 pactum
1872 4353 2068 4393 meum
2100 4336 2158 4393 in

648 4410 926 4465 omnibus
954 4406 1273 4463 sceleribus
1306 4406 1518 4461 vestris
1552 4424 1566 4473 ;

503 4482 573 4536 Et
605 4498 719 4537 non
753 4480 1029 4537 servastis
1060 4483 1351 4551 praecepta
1380 4477 1709 4551 Sanctuarii
1744 4477 1856 4534 mei
1889 4494 1903 4533 :

573 4558 630 4607 et
653 4554 937 4625 posuistis
967 4548 1748 4625 custodesiobservationum
1799 4566 2064 4608 mearum
2095 4551 2156 4609 in
2186 4552 2233 4618 D

643 4621 985 4679 Sanctuario
1019 4640 1146 4678 meo
1177 4621 1641 4693 vobismetipsis.

504 4696 633 4751 Ila-0
663 4696 806 4751 dicit
834 4694 1116 4752 Dominus
1149 4694 1342 4749 Deus:

501 4783 709 4867 Omnis
739 4781 1530 4855 alienigenaincircumcisus
1551 4782 1745 4849 corde,
1770 4785 1827 4838 et
1848 4782 2162 4841 incircum-

646 4873 805 4911 OISUS
837 4872 1032 4921 carne,

573 4944 688 4984 non
721 4924 1499 5001 egredieturSanctuarium
1533 4939 1756 5001 meum,

575 4996 958 5056 omnis'filius
994 4998 1221 5054 alienus
1254 4996 1355 5070 qui
1410 5000 1497 5051 est
1538 4996 1597 5050 in
1660 4996 1851 5053 medio
1901 4996 2155 5056 filiorum

646 5072 846 5128 Israel.

502 5143 613 5200 Sed
639 5149 697 5199 et
720 5143 946 5209 Levitae,
975 5142 1073 5213 qui
1096 5141 1268 5213 longe
1294 5143 1704 5196 recesserunta
1729 5156 1821 5196 me
1842 5139 1900 5195 in
1921 5156 2153 5199 errore:

645 5216 899 5271 filiorum
938 5213 1141 5283 Israel,

571 5292 629 5342 et
658 5291 999 5343 erraverunt
1029 5304 1062 5340 a
1094 5302 1187 5340 me

572 5364 629 5414 et
660 5362 1040 5432 portaverunt
1060 5358 1167 5427 (ΑΙ.
1194 5353 1535 5432 portabunt)
1559 5353 1928 5432 iniquitatem
1947 5372 2152 5432 suam:

574 5425 743 5486 erant
794 5432 898 5499 (Al.
950 5425 1253 5499 quierant)
1284 5427 1343 5499 in
1376 5425 1710 5481 sanctuario
1753 5443 1880 5483 meo
1925 5427 2154 5498 aeditui,

520 5500 523 5503 ’
638 5502 929 5572 janitores
961 5498 1262 5572 portarum
1298 5498 1533 5567 domus,

577 5576 629 5625 et
664 5574 914 5629 ministri
948 5574 1193 5627 domus:

508 5640 623 5709 Ipsi
657 5646 994 5701 mactabant
1021 5644 1135 5713 (Al.
1168 5640 1530 5711 mactabant)
1565 5638 1931 5707 holocausta,
1979 5646 2037 5696 et
2066 5641 2153 5698 vi-

1221 5281 1543 5356 postidola
1562 5299 1704 5356 sua,

1530 303 1590 355 Β.
1632 300 2037 356 ΗΙΕΒΟΝΥΜΙ
2074 296 2330 350 DIVINA
2364 293 2858 350 BIBLIOTHECA.

3699 308 3796 363 1064

2392 415 2603 488 ctimas
2636 417 2871 488 populi:

2318 494 2370 545 et
2402 486 2515 560 ipsi
2547 486 2789 544 stabunt
2814 488 2870 544 in
2894 494 3203 560 conspectu
3219 507 3438 559 eorum,
3462 497 3522 548 ut
3542 494 3801 556 ministrent

2386 559 2611 700 silssgxtl.
2661 562 2903 617 stabant
2933 559 3069 618 ante
3100 578 3199 618 eos
3249 570 3311 619 ut
3342 565 3701 623 ministrarent
3734 589 3801 642 pro

2454 647 2469 683 ι
2537 672 2549 684 .

2385 646 2549 684 IIIIS).

2244 709 2353 759 Pro
2385 717 2451 756 eo
2474 700 3155 783 quodministraverunt
3205 705 3319 762 illis
3353 707 3453 778 (Al.
3499 725 3590 779 pro
3639 711 3722 783 eis)
3762 715 3797 769 in

2387 777 2704 855 conspectu
2735 774 3027 855 idolorum
3060 792 3328 855 suorum,

2315 850 2373 900 et
2400 846 2533 969 factti
2559 850 2714 969 tsunt
2744 846 2947 902 domui
2979 848 3156 904 israel
3190 848 3248 904 in
3298 850 3681 908 oil‘endiculum
3722 854 3799 910 ini-

2389 933 2487 969 nui
2520 933 2553 969 a
2582 932 2632 969 is
2660 933 2672 969 :

2389 932 2632 986 quitaus
2660 933 2672 969 :

2246 988 2467 1046 Idcirco
2502 987 2680 1114 lq)vavi
2716 1004 2954 1044 manum
2989 1006 3177 1046 meam
3211 1008 3387 1063 super
3407 1009 3521 1063 eos,
3552 994 3622 1049 ait
3670 996 3802 1051 Domi-

2388 1076 2501 1114 nus
2583 1076 2707 1114 eus.

2388 1076 2501 1114 nus
2532 1076 2707 1126 ueus,

2317 1136 2373 1186 et
2394 1131 2848 1206 portabunt_(Al.
2869 1135 3270 1206 portaverunt)
3290 1134 3639 1206 iniquitatem
3657 1155 3803 1194 suam:

2244 1207 2314 1262 Et
2348 1220 2457 1257 non
2492 1203 3049 1275 appropinquabunt
3079 1207 3151 1261 ad
3176 1203 3289 1275 me,
3322 1203 3805 1265 ut'sacerdotiol’un-

2391 1280 2602 1345 gantur
2634 1273 2801 1339 mihi,

2318 1362 2510 1417 neque
2558 1347 2839 1401 accedent
2866 1346 2936 1400 ad
2998 1365 3171 1404 omne
3226 1351 3615 1407 Sauctuarium
3664 1369 3803 1407 meum

2381 1420 2551 1488 juxta
2580 1417 2792 1473 Sancta
2823 1423 3157 1475 sanctorum
3183 1436 3197 1475 :

2245 1489 2353 1548 Sed
2389 1489 2707 1563 portabunt
2736 1490 3141 1546 confusionem
3175 1508 3368 1563 suam,

2320 1560 2622 1616 et’scelera
2653 1578 2762 1615 sua
2793 1578 2918 1632 qua:
2953 1563 3235 1618 fecerunt.

2250 1635 2319 1690 Et
2349 1633 2497 1687 dabo
2530 1647 2629 1687 eos
2653 1633 2941 1702 janitores
2994 1636 3206 1691 domus
3255 1634 3314 1689 in
3363 1636 3515 1691 omni
3563 1638 3807 1693 ministerio

2321 1705 2458 1779 ejus
2483 1708 2540 1759 et
2564 1704 2621 1757 in
2656 1704 3105 1779 universisque:
3139 1708 3280 1779 [ient
3323 1707 3426 1776 (Al.
3478 1708 3631 1779 fiunt)
3670 1710 3714 1763 in
3748 1726 3806 1764 ea.

2252 1776 2594 1832 Sacerdotes
2627 1784 2819 1831 autem
2852 1781 2907 1832 et
2940 1776 3146 1832 Levita:
3172 1776 3279 1831 ﬁlii
3308 1780 3507 1844 Sadoc,

2327 1849 2428 1920 qui
2447 1848 2855 1920 custodierunt
2875 1848 3252 1905 caeremonias
3275 1850 3586 1905 Sanctuarii
3607 1852 3806 1916 mei,cum

2399 1924 2664 1973 errarent
2695 1918 2797 1973 lilii
2827 1919 3004 1975 Israel
3035 1937 3068 1976 a
3099 1936 3214 1989 me,

2327 1990 2440 2061 ipsi
2471 1990 2747 2045 accedent
2776 1991 2847 2045 ad
2880 2009 2994 2055 me,
3028 1996 3093 2047 ut
3117 1992 3457 2049 ministrent
3485 1992 3647 2048 mihi:

2256 2062 2327 2118 Et
2348 2062 2593 2134 stabunt
2611 2061 2671 2117 in
2698 2068 3015 2134 conspectu
3051 2080 3200 2133 meo,

2330 2139 2394 2189 ut
2424 2133 2669 2208 offerant
2713 2133 2861 2188 mihi
2888 2136 3145 2207 adipem,
3177 2139 3235 2191 et
3266 2134 3617 2208 sanguinem,
3643 2134 3707 2189 ait
3736 2134 3807 2190 Do-

2402 2205 2603 2260 minus
2627 2206 2804 2271 Deus,

2259 2276 2374 2350 Ipsi
2406 2276 2813 2350 i’ngredientur
2842 2278 3259 2333 Sanctuarium
3296 2295 3509 2347 meum,

2329 2353 2386 2404 et
2408 2349 2825 2474 ipsliuaccedent
2855 2350 2927 2404 ad
2951 2366 3215 2405 mensam
3244 2367 3456 2421 meam,
3483 2355 3543 2407 ut
3566 2349 3809 2406 ministrent

2398 2436 2476 2474 mi
2528 2436 2567 2474 ι.

2398 2436 2567 2487 mini,

2328 2497 2385 2548 et
2414 2489 2752 2547 custodiant
2782 2490 3159 2548 caeremonias
3184 2509 3369 2549 meas.

2257 2564 2523 2635 Cumque
2546 2563 2962 2635 iugredientur
2990 2569 3187 2635 portus
3220 2566 3356 2620 atrii
3388 2564 3672 2629 interioris,
3698 2563 3810 2618 vesti-

2398 2634 2510 2691 b’us
2541 2634 2712 2689 lineis
2741 2634 3099 2690 induentur:

2329 2722 2434 2762 nec
2464 2706 2742 2781 ascendet
2762 2724 2940 2778 super
2969 2723 3068 2781 eos
3098 2707 3423 2781 quidquam
3456 2707 3678 2781 laneum,

2330 2780 2564 2851 quando
2599 2776 2936 2834 ministrant
2966 2778 3025 2833 in
3071 2776 3284 2850 portis—
3312 2781 3441 2835 atrii
3500 2776 3739 2835 interioris
3776 2780 3811 2830 et

2402 2851 2780 2905 intrinsecus.

2258 2923 2425 2977 Vitta:
2458 2921 2621 2993 lineae
2642 2925 2827 2993 erunt
2857 2921 2915 2976 in
2948 2922 3241 2993 capitibus
3274 2939 3493 2989 eorum,

2330 2998 2385 3048 et
2420 2992 2719 3048 feminalia
2748 2992 2901 3048 linea
2931 2998 3104 3048 erunt
3132 2996 3192 3049 in
3221 2992 3445 3050 lumbis
3461 3008 3657 3061 eorum,

2260 3071 2315 3120 et
2344 3081 2460 3119 non
2494 3063 2871 3134 accingentur
2897 3064 2955 3119 in
2991 3065 3224 3121 sudore.

2261 3138 2524 3207 Cumque
2544 3131 2919 3206 egrediantur
2948 3137 3164 3191 atrium
3198 3136 3457 3192 exterius
3485 3137 3551 3191 ad
3590 3131 3812 3207 populum.

2403 3205 2615 3263 exuent
2636 3223 2697 3264 se
2726 3208 3088 3264 vestimentis
3121 3207 3267 3275 suis,
3292 3208 3353 3263 in
3376 3208 3574 3279 quibus
3592 3205 3812 3261 ministra-

2406 3282 2629 3348 verant,

2334 3355 2391 3406 et
2421 3354 2706 3423 reponent
2736 3365 2803 3406 ea
2833 3351 2890 3406 in
2922 3349 3339 3423 gaZOphylacio
3368 3348 3680 3411 Sanctuarii,

2335 3428 2393 3478 et
2422 3421 2673 3477 vestient
2703 3421 3167 3495 sevestimentis'
3184 3421 3318 3495 aliis
3337 3441 3355 3476 :
3380 3494 3387 3495 ί
3580 3490 3608 3495 η
3770 3483 3778 3495 ⁸

2336 3499 2392 3549 et
2422 3511 2537 3550 non
2570 3494 3021 3549 sanctiﬁcabunt
3046 3493 3333 3566 populum
3374 3494 3430 3548 in
3461 3490 3685 3549 vestibus
3718 3490 3812 3540 suis.

2264 3568 2449 3639 Caput
2470 3571 2666 3639 autem
2694 3582 2866 3621 suum
2891 3583 3009 3623 non
3039 3567 3272 3635 radeut,
3308 3582 3491 3636 neque
3526 3576 3711 3619 comam
3743 3573 3811 3611 nu.

2408 3638 2586 3692 trient
2618 3652 2630 3692 :

2336 3710 2435 3765 sed
2470 3709 2777 3765 tondentes
2804 3709 3117 3764 attondent
3145 3708 3344 3779 capita
3375 3726 3495 3763 sua.

2266 3783 2335 3837 Et
2354 3781 2554 3835 vinum
2586 3796 2704 3835 non
2739 3781 2895 3835 bibet
2926 3781 3116 3835 omnis
3147 3781 3443 3843 sacerdos,

2338 3852 2573 3925 quando
2603 3852 2982 3925 ingressurus
3015 3857 3106 3907 est
3132 3848 3628 3925 atrium‘interius.

2266 3926 2334 3981 Et
2358 3922 2599 3978 viduam
2633 3922 2689 3978 et
2720 3923 3083 3993 repudiatam
3117 3941 3229 3978 non
3259 3922 3537 3993 accipient
3559 3931 3739 3980 uxores,

2338 3996 2438 4051 sed
2472 3995 2729 4064 virgines
2761 3996 2831 4050 de
2862 3996 3088 4051 semine
3119 3996 3335 4050 domus
3361 3994 3563 4050 Israel:
3603 4062 3612 4064 _
3791 4049 3798 4059 ,

2336 4068 2434 4124 sed
2467 4072 2524 4121 ct
2552 4062 2948 4139 viduam,quas
2972 4066 3146 4122 fuerit
3167 4068 3343 4122 vidua
3369 4084 3401 4122 a
3432 4062 3817 4127 sacerdote,acci-

2450 4139 2590 4204 ient,

2267 4212 2336 4266 Et
2368 4155 2651 4281 pgpeullli’m
2685 4224 2882 4264 meum
2915 4208 3209 4265 docebunt
3238 4209 3381 4281 quid
3397 4205 3619 4264 sitinter
3636 4199 3821 4256 sanctum

2407 4288 2465 4334 et
2498 4280 2810 4334 pollutum.

2407 4288 2465 4336 et
2498 4286 2810 4352 pollutum,
3024 4350 3030 4352 Α
3615 4344 3628 4352 _
3700 4344 3708 4352 _
3778 4335 3784 4342 ,

2338 4357 2395 4407 et
2423 4344 2579 4409 inter
2610 4344 2899 4407 mundum
2933 4356 2989 4407 et
3018 4350 3395 4408 immundum
3445 4344 3713 4405 ostendent
3752 4348 3819 4391 etS-

2268 4426 2337 4481 Et
2366 4440 2499 4480 cum
2535 4424 2710 4479 fuerit
2739 4424 3154 4492 controversia,

2343 4498 2585 4552 stabunt
2614 4496 2672 4550 in
2697 4495 2941 4564 judiciis
2964 4496 3134 4561 meis,
3165 4501 3222 4550 et
3244 4493 3613 4566 judicabant:
3670 4553 3679 4566 ι
3764 4544 3799 4566 Ai

2267 4567 2445 4640 Leges
2471 4583 2633 4623 meas
2662 4553 2720 4623 et
2749 4573 3031 4640 praecepta
3058 4553 3186 4640 mea
3215 4553 3275 4621 in
3308 4564 3571 4622 omnibus
3611 4553 3821 4613 solemur

2414 4641 2631 4695 tatibus
2665 4638 2810 4694 meis
2843 4638 3199 4698 custodient.

2340 4716 2397 4767 et
2425 4712 2676 4766 Sabbata
2708 4727 2843 4783 mea
2868 4710 3344 4766 sanctiﬁcabunt.
3369 4780 3380 4783 _
3540 4774 3574 4783 υ

2271 4783 2339 4838 Et
2369 4783 2441 4839 ad
2484 4788 2784 4838 mortuum
2835 4782 3133 4839 hominem
3198 4797 3313 4836 non
3366 4774 3743 4850 ingrediantur,
3778 4771 3826 4813 ηε

2411 4854 2769 4927 polluantur,

2340 4925 2454 4982 nisi
2486 4926 2557 4982 ad
2592 4930 2816 4998 patrem
2850 4928 2909 4980 et
2938 4929 3208 4981 matrem.

2336 5002 2394 5054 et
2424 4996 2612 5053 filium
2646 5002 2704 5052 et
2736 4996 2946 5062 filiam,

2336 5073 2395 5125 et
2419 5071 2658 5125 fratrem
2687 5073 2746 5124 et
2776 5084 3062 5134 sororem,

2337 5157 2465 5213 qua:
2492 5141 2743 5196 alterum
2780 5140 2968 5213 virum
3004 5156 3118 5213 non
3151 5134 3496 5193 habuerit‘:

2335 5210 2395 5267 in
2420 5213 2638 5285 quibus
2673 5210 3254 5285 contaminabuutur.

2265 5288 2333 5339 Et
2364 5284 2679 5357 poStquam
2710 5284 2885 5340 fuerit
2913 5284 3287 5357 emundatus.

2337 5353 2565 5431 septem
2597 5356 2726 5431 dies
2752 5355 3220 5431 numerabantur
3248 5353 3321 5431 ei.
3407 5419 3418 5431 .
3552 5408 3607 5431 Δ]
3660 5399 3743 5431 Ah:

2264 5406 2437 5484 Et'i'nr
2452 5406 2565 5484 die-
2594 5406 3516 5483 introitus"suiﬁinqsanctuarium
3548 5408 3608 5465 ad
3650 5406 3819 5486 atrium

2409 5499 2679 5575 interius,
2713 5505 2781 5554 ut
2814 5499 3109 5553 ministret
3138 5494 3368 5575 mihiin
3401 5489 3710 5575 sanctulfffﬁi
3748 5531 3821 5575 ΔΗ

2336 5572 2539 5628 oil‘eret
2570 5542 2679 5641 pro,
2704 5575 2941 5642 peccato
2974 5585 3101 5637 suo,
3133 5569 3212 5625 ait
3257 5562 3530 5621 Dominus
3577 5554 3699 5607 Deus
3742 5536 3817 5597 Αιυ

2266 5642 2513 5699 Domino
2550 5644 2703 5711 Dco).

583 5781 600 5814 ί
634 5781 756 5856 vox
783 5781 1017 5837 alterum
1048 5798 1236 5854 neque
1262 5780 1584 5837 additurin
1621 5780 1878 5849 Hebraeo,
1914 5798 2103 5854 neque
2133 5782 2207 5840 ab
2236 5781 2587 5856 Hieronymo
2612 5784 2668 5839 in
2700 5783 3027 5839 Comment.
3063 5776 3411 5854 agnoscitur.
3445 5768 3573 5825 Vide
3613 5772 3713 5831 (λικε
3752 5742 3808 5800 ibi

512 5846 887 5905 adnotamus.
