2014 3089
87 124 158 152 1065

84 186 150 214 Non
166 185 222 213 erit
236 187 334 212 autem
351 185 394 212 eis
409 184 576 220 hereditas,

122 230 176 258 ego
193 221 348 258 haereditas
359 229 459 248 eorum
477 229 483 247 :

121 256 154 286 et
167 256 384 293 possessionem
400 265 458 284 non
475 256 584 285 dabitis
599 256 641 284 eis
657 257 686 284 in
704 256 805 289 Israel,

120 292 175 329 ego
189 295 269 320 enim
286 292 433 327 possessio
449 300 563 320 eorum.

83 328 244 392 Victiénaitn
260 331 287 355 et
301 337 352 364 pro
369 331 487 364 peccato
503 331 531 355 et
544 337 595 363 pro
619 328 725 356 delicto
742 329 798 365 ipsi
816 337 912 356 come-

179 373 214 392 en
244 372 250 391 :

179 372 230 392 ειη
244 372 250 391 Ζ

121 403 150 428 et
165 407 252 428 omne
268 400 366 425 votum
383 398 412 425 in
430 398 520 426 Israel
537 398 669 434 ipsorum
685 400 750 428 erit.

83 438 120 465 Et
136 433 445 472 primitivauomnium
461 433 724 472 primogenitorum
738 444 745 468 ;

120 469 150 499 et
165 470 264 499 omnia
279 469 439 497 libamenta
454 478 488 497 ex
503 470 641 498 omnibus
656 479 719 506 quae
735 471 908 504 otI‘eruntur,

159 506 346 535 sacerdotum
362 508 448 532 erunt
465 513 471 532 :

84 544 119 570 Et
135 541 285 578 primitiva
299 541 431 578 ciborum
442 543 610 578 vestrorum
627 541 735 578 dabitis
751 540 907 578 sacerdoti,

121 576 154 606 ut
169 579 290 613 reponat
298 576 538 613 benedictionem
554 576 655 604 domui
679 579 735 604 tua:
750 577 803 611 (Αι.
821 577 905 611 suae).

81 616 174 642 Omne
191 612 390 645 morticinum,
406 615 434 640 et
448 614 564 647 captum
581 621 598 640 a
614 613 707 640 bestia
721 613 757 640 de
767 613 870 641 avibus
882 614 911 640 et

157 650 193 677 de
209 648 364 685 pecoribus

120 694 178 712 non
195 683 349 712 comedent
359 683 537 711 sacerdotes.

80 722 164 757 (Cap.
181 721 282 757 XLV.)
300 719 434 757 Quinque
462 719 617 757 cmperitis‘
638 721 746 747 terram
777 719 908 746 dividere

155 756 259 784 sortito
273 755 328 791 (Al.
345 754 633 791 inqpossﬁessionem),

117 795 252 828 separate
278 790 588 828 primitiasDomino,
626 790 844 828 sanctificatum
872 790 907 817 de

117 826 205 860 terra,
222 826 405 861 longitudine
420 826 523 862 viginti
538 827 670 861 quinque
688 826 791 859 millia,

116 866 146 891 et
160 863 323 891 latitudene
337 862 437 890 decem
454 861 547 889 millia
562 870 569 889 :

76 899 301 928 Sanctiﬁcatum
316 898 371 925 erit
387 898 416 925 in
432 898 512 925 omni
528 897 654 925 termino
664 898 729 933 ejus
740 906 792 933 per
800 896 906 924 circui-

157 938 232 962 tum.

76 972 114 999 Et
130 970 185 999 erit
200 978 235 997 ex
250 968 330 997 omni
347 969 428 1003 parte
443 968 662 996 sanctificatum

116 1007 295 1043 quingentos
311 1012 362 1040 per
377 1005 565 1043 quingentos,

116 1040 328 1078 quadrifariam
345 1040 583 1078 per-circuitum:

74 1075 447 1115 etquinquagintacubitis
456 1076 485 1102 in
495 1076 737 1115 subprnanaejus
745 1083 905 1115 pergyrum

74 1111 145 1142 Eta
161 1111 301 1141 mensura
316 1112 372 1139 ista
389 1111 574 1139 mensurabis
596 1111 779 1147 longitudem
804 1111 905 1147 viginti

152 1149 284 1184 quinque
299 1147 436 1184 millium,

114 1188 143 1213 et
158 1181 345 1212 latitudinem
362 1183 461 1210 decem
479 1181 604 1209 millium

113 1223 143 1249 et
158 1221 188 1247 in
206 1220 268 1255 ipso
285 1218 706 1255 erittemplum,Sanctumque
722 1219 903 1255 sanctorum.

71 1252 300 1285 Sanctiﬁcatum
317 1255 352 1282 de
371 1252 448 1282 terra
458 1255 514 1281 erit
528 1253 730 1280 sacerdotibus
760 1252 904 1280 ministris

152 1290 327 1324 Sanctuarii,
345 1291 395 1325 qui
412 1290 556 1317 accedunt
571 1289 607 1316 ad
632 1288 830 1316 ministerium
848 1288 905 1315 Do-

152 1336 246 1360 mini;

113 1366 143 1392 et
159 1363 214 1390 erit
229 1359 272 1390 eis
297 1361 379 1388 locus
404 1360 434 1388 in
450 1360 564 1395 domos,
590 1363 618 1388 et
636 1360 667 1387 in
692 1359 902 1387 Sanctuarium

152 1397 316 1426 sanctitatis
326 1417 332 1423 .

71 1434 187 1471 Viginti
204 1430 555 1471 quinqueautemhmillia
571 1430 777 1471 longitudinis,

112 1465 143 1499 Et
161 1465 260 1497 decem
285 1465 379 1495 millia
403 1467 569 1494 latitudinis
594 1469 679 1493 erunt
704 1465 822 1499 Levitis,
851 1465 901 1501 qui

148 1506 203 1540 (Αι.
218 1504 323 1532 Levites
337 1502 513 1540 autemqui)
530 1502 699 1540 ministrant
713 1502 814 1529 domui
830 1509 836 1529 :

106 1537 171 1577 ipsi
188 1540 385 1577 possidebunt
392 1537 494 1577 viginti
510 1537 727 1577 gazophylacia.

68 1579 106 1605 Et
123 1573 345 1613 paseessionem
361 1573 487 1613 civitatis
502 1573 610 1601 dabitis
626 1573 758 1608 quinque

107 1611 207 1640 millia
223 1611 399 1643 latitudinis,

105 1651 138 1676 et
156 1647 350 1683 longitudinis
365 1645 467 1683 viginti
483 1644 614 1683 quinque
630 1643 732 1683 millia,

105 1680 276 1712 secundum
294 1680 509 1714 separationem
525 1680 704 1714 Sanotuarii,

106 1719 192 1748 omni
209 1719 309 1746 domui
326 1717 425 1746 Israel.

65 1755 203 1790 Principi
219 1762 334 1790 quoque
350 1754 409 1786 hic,
425 1757 450 1780 et
464 1752 532 1779 inde
548 1751 578 1779 in
594 1750 809 1786 separationem
826 1752 900 1780 San-

148 1790 266 1823 ctuarii,

108 1830 141 1855 et
157 1827 185 1854 in
204 1825 419 1861 possessionem
437 1824 575 1861 civitatis,

106 1859 215 1890 contra
230 1862 332 1888 faciem
350 1860 544 1896 separatiouis
557 1859 736 1896 Sanctuarii.

106 1901 140 1926 et
155 1902 257 1925 contra
272 1897 375 1924 faciem
385 1895 586 1931 possessionis
602 1895 684 1923 urbis
697 1903 704 1922 :

68 1939 94 1964 Δ
112 1935 208 1962 latere
223 1933 314 1960 maris
329 1940 423 1967 usque
439 1932 474 1959 ad
491 1939 581 1964 mare,

107 1972 141 1999 et
157 1978 173 1996 a
188 1969 279 1996 latere
295 1968 417 1996 orientis
434 1975 527 2002 usque
542 1967 576 1994 ad
594 1968 738 1995 orientem
756 1975 762 1994 :

103 2004 319 2040 Longitudinis
327 2004 523 2040 autem‘j’uxta
531 2011 769 2040 unamquamque
777 2005 900 2040 partem,

103 2051 122 2071 ι
141 2038 268 2102 ιεῐῖῑιίυο
280 2038 454 2067 occidentali
467 2046 560 2074 usque
576 2039 609 2066 ad
626 2039 786 2066 terminum
803 2038 900 2065 orien-

155 2079 185 2102 ta
200 2083 257 2102 em.

155 2079 257 2103 talem.

103 2114 150 2142 De
164 2114 241 2139 terra
256 2110 309 2145 (Αι.
326 2109 434 2144 Terrae)
449 2108 505 2136 erit
519 2108 544 2136 ei
561 2109 709 2145 possessio
728 2108 757 2136 in
786 2108 874 2136 Israel
892 2118 898 2137 :

100 2152 134 2176 et
152 2156 210 2175 non
227 2144 484 2182 depopulabantur
498 2145 576 2172 ultra
591 2144 741 2180 principes
756 2144 899 2180 populum

146 2191 250 2210 meum
271 2190 279 2210 ἔ

657 125 763 152 LIBER
780 124 994 152 EZECHIELIS
1014 125 1223 152 PROPBETE.

925 187 952 219 Α
1005 188 1115 214 sextam
1133 188 1245 222 partem
1262 185 1330 221 ephi
1341 185 1381 222 Vde
1397 193 1464 213 coro
1481 185 1630 219 frumenti,

1725 125 1795 152 1066

1004 224 1032 249 et
1047 221 1157 250 sextam
1174 226 1287 258 partem
1303 221 1371 257 ephi
1387 221 1422 249 de
1437 229 1502 258 coro
1520 221 1631 258 hordei.

968 257 1105 285 Mensura
1121 257 1235 293 quoque
1251 257 1317 292 olei,
1334 258 1419 284 batus
1435 257 1501 291 olei,
1518 257 1632 284 decima
1649 266 1718 293 pars
1733 259 1793 286 cori

1040 297 1108 321 est:

1003 331 1032 356 et
1047 330 1146 357 decem
1163 329 1222 357 bati
1239 338 1339 357 corum
1352 329 1464 357 faciunt
1481 337 1486 357 :

1003 366 1072 400 quia
1087 365 1186 392 decem
1204 366 1260 392 bati
1278 365 1402 400 implent
1416 373 1528 392 eorum.

966 401 1000 428 Et
1017 401 1135 427 arietem
1153 409 1243 428 unum
1261 401 1295 427 de
1311 409 1397 436 grege
1414 402 1618 435 ducentorum,

1002 436 1037 463 de
1052 436 1098 463 his
1114 444 1178 472 qua:
1196 437 1351 472 nuntriunt
1364 437 1419 471 (Al.
1437 437 1540 470 nutrit)
1558 436 1646 464 Israel
1662 436 1691 463 in
1701 437 1788 464 sacri-

1037 471 1130 505 cium,
1142 474 1171 499 et
1186 472 1213 499 in
1231 471 1447 504 holocaustum,
1464 474 1492 499 et
1507 471 1536 498 in
1553 472 1683 507 pacifica,

1002 507 1229 543 adrexpiandum
1248 516 1299 543 pro
1315 509 1367 541 eis,
1384 508 1425 534 ait
1440 507 1583 535 Dominus
1598 508 1684 535 Deus.

965 542 1068 570 Omnis
1084 542 1210 578 populus
1226 542 1320 570 terrae.

1000 577 1149 606 tenebitur
1158 579 1296 614 primitiis
1311 578 1358 606 his
1374 577 1498 614 principi
1516 578 1543 605 in
1560 578 1658 605 Israel.

965 615 997 642 Et
1007 623 1097 649 super
1109 613 1268 650 principem
1280 616 1366 642 erunt
1376 613 1588 650 holocausta.et
1599 613 1788 650 sacriﬁcium,

1035 653 1063 677 et
1077 649 1218 677 libamina
1233 650 1261 677 in
1277 649 1524 682 solemnitatibus,
1549 651 1578 677 et
1608 649 1635 676 in
1652 649 1786 677 kalendis

1035 688 1063 713 et
1080 686 1108 712 in
1125 685 1267 721 sabbatis,

999 721 1027 748 in
1042 721 1188 748 universis
1205 721 1444 749 solemnitatibus
1460 722 1565 750 domus
1584 721 1673 749 Israel
1690 730 1696 748 :

964 758 1028 792 Ipse
1043 757 1195 819 {tacietpiro
1207 761 1323 793 peccato
1336 757 1554 791 sacriﬁcium,et
1570 758 1787 791 holocaustum,

1034 800 1049 819 e
1079 801 1141 819 naci
1167 801 1210 819 ca.

1034 795 1063 820 et
1079 795 1210 828 pacifica.

998 829 1032 855 ad
1046 828 1222 863 expiandum
1237 836 1288 863 pro
1304 828 1390 856 domo
1408 828 1506 856 Israel.

923 869 946 902 Β
962 867 1027 902 ξιωο
1043 864 1113 902 dicit
1127 864 1271 891 Dominus
1286 864 1362 891 Deus
1381 872 1387 891 :

962 901 993 928 In
1015 899 1109 935 primo
1125 907 1225 927 mense
1241 908 1300 927 una
1315 899 1540 934 mensngsumes
1552 899 1676 927 vitulum
1692 900 1728 927 de
1740 908 1784 927 ar-

1034 938 1131 962 mento
1144 935 1366 963 immaculatum
1384 943 1390 962 :

997 973 1026 998 et
1039 971 1171 1005 expiabis
1187 971 1408 999 Sanctuarium.

961 1008 996 1035 Et
1010 1006 1093 1034 tollet
1107 1007 1244 1035 sacerdos
1260 1007 1295 1034 de
1311 1006 1466 1042 sanguine,
1483 1015 1541 1042 quo
1556 1007 1611 1035 erit
1636 1016 1687 1042 pro
1717 1015 1785 1043 pce-

1032 1045 1097 1070 cato
1111 1051 1117 1070 :

997 1080 1025 1105 et
1040 1080 1127 1113 ponet
1142 1078 1171 1106 in
1189 1078 1324 1114 postibus
1340 1079 1455 1113 domus,

997 1116 1025 1140 et
1040 1114 1068 1150 in
1086 1116 1213 1149 quatuor
1227 1114 1345 1149 angulis
1361 1114 1521 1150 crepidinis
1536 1114 1648 1150 altaris,

996 1152 1024 1176 et
1041 1149 1067 1176 in
1087 1150 1221 1185 postibus
1238 1153 1325 1185 portas
1343 1149 1580 1177 atrii'interioris.

960 1185 994 1212 Et
1010 1185 1051 1212 sic
1067 1185 1155 1222 facies
1171 1186 1200 1213 in
1215 1186 1342 1222 septima
1358 1185 1480 1219 mensis,
1511 1194 1561 1222 pro
1592 1193 1784 1221 unoquoque,

1032 1220 1081 1282 qpi
1098 1221 1242 1283 ignpravit
1256 1221 1309 1256 (Al.
1326 1220 1524 1257 ignoraverit)‘,
1540 1224 1567 1249 et
1582 1220 1680 1249 errore
1696 1220 1781 1249 dece-

1032 1264 1048 1283 n
1065 1264 1098 1283 us
1113 1264 1143 1283 es
1160 1277 1167 1283 .

1032 1264 1098 1290 pius
1113 1264 1167 1289 est,

960 1293 988 1328 et
1004 1291 1134 1326 expiabis
1150 1292 1204 1325 (At.
1220 1292 1385 1328 expiabitis)
1403 1302 1452 1328 pro
1469 1294 1567 1320 domo.

960 1327 993 1355 In
1011 1327 1104 1363 primo
1121 1335 1231 1360 mense,
1248 1327 1353 1363 quarta
1373 1327 1488 1356 decima
1510 1329 1556 1356 die
1584 1329 1704 1363 mensis,
1729 1328 1785 1356 erit

1029 1363 1112 1389 vobis
1128 1363 1246 1390 Pascha:
1259 1364 1431 1391 solemnitas
1446 1372 1452 1390 :

994 1399 1212 1433 septemdiebus
1228 1407 1327 1434 azyma
1342 1400 1533 1427 comedentur
1544 1400 1669 1434 (.4t.com
1675 1400 1780 1433 edent).

958 1434 993 1461 Et
1009 1434 1092 1461 faciet
1107 1435 1241 1469 princeps
1257 1436 1286 1461 in
1303 1435 1349 1461 die
1364 1435 1415 1462 illa
1429 1443 1479 1469 pro
1491 1443 1531 1466 se,
1543 1438 1571 1462 et
1582 1443 1633 1469 pro
1645 1435 1781 1462 universo

1030 1470 1134 1504 populo
1152 1473 1245 1501 terrae,
1261 1470 1386 1497 vitulum
1404 1479 1455 1505 pro
1472 1473 1599 1505 peccato.

958 1505 991 1532 Et
1001 1505 1029 1532 in
1040 1510 1148 1540 seplem
1162 1506 1275 1533 dierum
1288 1506 1563 1533 solemnitatefaciet
1574 1506 1779 1533 holocaustum

1029 1541 1150 1567 Domino
1167 1544 1277 1576 septem
1289 1541 1407 1574 vitulos,

991 1578 1019 1603 et
1028 1578 1145 1639 segem
1161 1576 1266 1605 arietes
1281 1577 1488 1605 immaculatos
1520 1577 1652 1613 quotidie
1668 1578 1779 1611 septem

1051 1621 1056 1638 I
1100 1619 1134 1639 us
1151 1619 1157 1638 :

1051 1619 1134 1639 lenus
1151 1619 1157 1638 Ζ

990 1649 1019 1674 et
1034 1656 1086 1682 pro
1102 1650 1218 1682 peccato
1235 1647 1347 1675 hircum
1361 1656 1515 1683 caprarum
1532 1647 1673 1683 quotidie.

955 1683 989 1710 Et
1005 1682 1183 1710 sacrificium
1199 1683 1266 1718 ephi
1283 1692 1333 1718 per
1345 1682 1479 1718 vitulum,

991 1721 1019 1746 et
1031 1719 1166 1754 ephiper
1182 1719 1302 1746 arietem
1319 1719 1406 1747 faciet
1422 1727 1428 1746 :

991 1757 1020 1782 et
1033 1753 1089 1781 olei
1105 1753 1155 1781 hin
1172 1762 1224 1790 per
1239 1755 1357 1790 singula
1372 1754 1450 1790 ephi.

956 1789 1086 1852 Septimo
1103 1789 1212 1852 mepSe,
1230 1789 1333 1826 quinta
1348 1789 1463 1818 decima
1477 1790 1524 1817 die
1546 1789 1656 1817 mensis
1683 1789 1711 1816 in
1729 1798 1778 1817 so-

1038 1834 1115 1852 emni
1132 1834 1148 1852 a
1162 1834 1188 1852 ο.

1038 1826 1188 1858 emnitate,

989 1861 1076 1888 faciet
1086 1861 1163 1888 sicut
1177 1869 1267 1896 supra
1278 1861 1355 1888 dicta
1366 1863 1436 1888 sunt
1451 1868 1501 1895 per
1512 1863 1622 1896 septem
1640 1860 1777 1894 dies,tam

1028 1905 1079 1930 pro
1095 1899 1222 1931 peccato,
1239 1904 1328 1931 quam
1345 1905 1396 1931 pro
1408 1896 1589 1928 holocausto,

990 1932 1063 1959 etin
1080 1932 1233 1965 sacrificio,
1251 1935 1279 1958 et
1294 1932 1324 1959 in
1344 1931 1417 1959 oleo.

956 1967 1033 2002 (Cap.
1051 1967 1162 2002 XLVI.)
1178 1967 1325 1994 HzecDicit
1341 1967 1484 1994 Dominus
1499 1970 1576 1994 Deus
1592 1974 1598 1992 ε

956 2001 1043 2030 Porta
1053 2003 1117 2030 atrii
1134 2002 1290 2036 interioris,
1308 2003 1497 2038 quaerespicit
1511 2003 1545 2029 ad
1561 2002 1713 2038 orientem,
1723 2001 1779 2027 erit

1027 2038 1126 2066 clausa
1142 2046 1191 2065 sex
1204 2037 1325 2071 diebus,
1336 2039 1364 2065 in
1382 2038 1491 2073 quibus
1507 2046 1580 2073 opus
1597 2037 1639 2071 fit,

992 2074 1038 2101 die
1053 2076 1152 2101 autem
1169 2074 1282 2101 sabbati
1299 2074 1456 2109 aperietur,

991 2110 1042 2137 sed
1058 2112 1085 2137 et
1101 2109 1129 2136 in
1145 2109 1193 2136 die
1208 2108 1407 2137 kalendarum
1425 2108 1581 2144 aperietur,

956 2147 990 2173 Et
1006 2145 1126 2186 intrabit
1140 2145 1342 2186 princepsper
1356 2145 1431 2173 viam
1445 2142 1583 2186 vestibuli
1596 2145 1685 2179 por‘aa
1698 2142 1778 2170 defo-

1028 2181 1078 2213 ris,
1094 2183 1123 2208 et
1136 2181 1227 2207 stabit
1241 2181 1270 2208 in
1281 2181 1383 2208 limine
1399 2183 1504 2216 portae;

99 2219 158 2248 sed
171 2221 280 2246 terram
293 2217 406 2245 dabunt
416 2215 518 2243 domui
526 2215 792 2249 Israel,secundum
805 2216 899 2244 tribus
914 2232 940 2264 Β
990 2218 1019 2244 et
1027 2216 1142 2264 (facient
1154 2217 1320 2244 sacerdotes
1334 2213 1539 2244 holocaustum
1554 2215 1628 2250 ejus,
1658 2217 1686 2241 et
1702 2213 1778 2249 paci-

106 2262 227 2284 eorum.

61 2293 137 2320 Haec
152 2291 224 2317 dicit
241 2288 382 2315 Dominus
401 2287 503 2314 Deus:

60 2327 208 2357 Sufficiat
223 2325 313 2359 vobis,
331 2323 478 2359 principes
497 2321 585 2359 Israel
601 2329 608 2348 ι

101 2362 298 2397 iniquitatem
307 2357 310 2359 ’
320 2357 346 2386 et
357 2357 481 2397 rapinas
497 2357 696 2397 intermittite,

103 2402 136 2427 et
148 2393 296 2433 j'udicium
314 2393 499 2433 etjuslitiam
516 2393 623 2421 facite:

100 2428 242 2470 separate
257 2428 383 2458 conﬁnia
399 2432 495 2457 vestra
510 2438 527 2457 a
545 2428 653 2464 populo
665 2429 785 2463 meo,ait
800 2428 900 2456 Domi-

60 2467 340 2544 διαιιξῖἒεῇὲδῖξῗέί
355 2500 548 2537 ephijustum
578 2500 606 2526 et
621 2498 818 2534 batusjustus
845 2500 901 2528 erit

143 2541 240 2569 vobis.

59 2577 147 2613 Ephi
162 2579 193 2604 et
208 2572 491 2613 batus‘equalia,_et
505 2571 753 2613 uniu's_m_ensuraa
765 2574 852 2599 erunt
864 2580 870 2600 :

61 2606 106 2642 Ut
123 2613 227 2644 captat
243 2606 384 2637 decimam
397 2610 508 2644 partem
523 2606 585 2644 cori
599 2606 694 2641 batus,

103 2651 139 2676 et
154 2642 301 2675 decimam
317 2642 430 2680 partem
445 2643 508 2682 cori
519 2642 586 2679 ephi
603 2651 610 2675 ;
725 2676 742 2682 __

97 2684 196 2720 juxta
211 2676 456 2720 mensuramcori
469 2679 525 2720 erit
535 2676 616 2720 aqua
632 2676 774 2720 dibrat'io‘
787 2686 898 2720 eorum.

59 2712 173 2749 SiElus
189 2720 287 2754 autem
298 2715 407 2754 viginti
418 2714 521 2754 obolos
535 2712 642 2754 habeat
656 2712 716 2753 (Al._
727 2712 838 2754 habet).

60 2759 167 2784 Porro
182 2753 284 2789 viginti
297 2748 375 2789 sicli,
384 2753 413 2778 et
423 2750 534 2789 viginta
554 2748 682 2789 quinque
693 2748 805 2789 sicli,‘et
814 2748 902 2786 quin-

148 2783 243 2817 decim
259 2787 322 2817 sicli
338 2783 572 2815 minam'facient
585 2784 639 2818 (ΑΙ.
657 2783 792 2820 faciunt).

62 2829 106 2856 Et
126 2826 174 2854 bis
190 2827 258 2853 sunt
270 2823 418 2860 primitiae,
434 2830 506 2857 quas
520 2819 630 2848 tolletis
645 2827 651 2846 :

1027 2252 1082 2279 fica
1097 2252 1162 2279 eius
1179 2260 1185 2279 :

954 2288 990 2316 Et
1002 2260 1238 2322 adgragitllzdper
1251 2287 1340 2315 limen
1358 2290 1456 2323 portae,
1473 2288 1502 2314 et
1517 2285 1682 2323 egredietur
1699 2293 1705 2312 :

991 2326 1074 2359 porta
1085 2326 1181 2359 autem
1198 2330 1255 2359 non
1272 2322 1424 2351 claudatur
1439 2331 1533 2358 usque
1549 2322 1585 2350 ad
1612 2328 1776 2359 vesperam.

954 2356 1138 2386 Et'adorabit
1150 2358 1277 2393 populus
1293 2362 1374 2386 terrea
1390 2359 1425 2386 ad
1452 2356 1559 2386 ostium
1585 2360 1673 2393 porta;
1696 2356 1777 2383 illius

1026 2395 1055 2421 in
1073 2394 1215 2427 sabbatis,

990 2433 1019 2458 et
1034 2430 1063 2457 in
1078 2430 1222 2463 kalendis,
1237 2437 1332 2456 coram
1349 2429 1483 2456 Domino.

954 2466 1161 2494 Holocaustum
1181 2467 1279 2492 autem
1296 2465 1350 2492 hoc
1365 2465 1467 2492 offeret
1482 2464 1618 2500 princeps
1634 2462 1779 2500 Domino:

989 2502 1018 2529 in
1036 2502 1082 2528 die
1098 2501 1210 2528 sabbati
1226 2509 1276 2527 sex
1291 2508 1383 2536 agnos
1398 2498 1646 2533 immaculatos,et
1658 2498 1778 2525 arietem

1028 2537 1273 2564 immaculatum:

954 2573 989 2601 Et
1006 2573 1181 2600 sacrificium
1200 2571 1266 2605 ephi
1282 2579 1333 2606 per
1345 2570 1464 2598 arietem
1478 2579 1484 2598 :

991 2609 1021 2636 in
1040 2609 1094 2643 (Al.
1115 2610 1185 2635 tacet
1212 2604 1251 2641 in)
1267 2604 1353 2643 agnis
1381 2609 1480 2634 autem
1496 2605 1684 2637 sacriﬁcium,
1701 2604 1778 2639 quod

1026 2644 1139 2671 dederit
1156 2651 1262 2670 manus
1278 2645 1353 2677 ejus,

990 2684 1017 2708 et
1032 2679 1088 2707 olei
1103 2679 1153 2706 hin
1171 2686 1225 2714 per
1238 2678 1356 2713 singula
1372 2677 1462 2714 ephi._
1541 2712 1548 2714 ν
1730 2708 1735 2713 _

956 2717 988 2744 In
1004 2715 1051 2743 die
1066 2717 1163 2742 autem
1172 2712 1374 2742 'kalendarum
1390 2712 1518 2740 vitulum
1533 2712 1568 2740 de
1583 2715 1714 2738 armento
1729 2712 1782 2735 im-

1029 2750 1211 2778 maculatum
1229 2757 1236 2776 :

992 2789 1021 2814 et
1033 2795 1083 2814 sex
1098 2785 1165 2822 agni
1174 2787 1210 2822 et
1219 2784 1332 2822 arietes
1344 2782 1526 2811 immaculati
1541 2784 1638 2810 erunt.

956 2823 991 2851 Et
1006 2822 1074 2858 ephi
1090 2820 1141 2858 per
1155 2820 1293 2855 vitulum,

104 2900 116 2917 ί
137 2896 353 2932 Longiludinem
367 2897 470 2926 autem,
487 2900 538 2929 pro
553 2890 741 2927 longitudini:
756 2897 861 2930 autem,
878 2895 1004 2932 legimus
1015 2894 1044 2922 in
1061 2902 1133 2922 mss.
1146 2892 1295 2921 omnibus.
1312 2891 1403 2919 Mm-r.

237 2958 373 2986 l’ATROL.
397 2952 537 2984 XXVIII.

1582 2950 1620 2979 3i
