4028 6178
470 282 611 340 1063

470 413 540 468 Et
571 410 627 464 in
660 406 754 462 die
792 405 1057 483 secunda
1102 405 1309 461 oll‘eres
1365 405 1599 464 hircum
1643 425 1955 483 caprarum
2005 407 2119 462 imo
2148 403 2203 470 Α

617 478 973 535 maculatum
1006 494 1109 549 pro
1142 483 1377 549 peccato
1403 494 1416 534 :

617 494 973 535 maculatum
1006 494 1109 602 pro
1142 494 1416 549 peccato:

543 557 601 607 et
628 549 1002 634 expiabunt‘a
1031 555 1172 631 tare,
1202 549 1353 632 sicut
1383 550 1760 634 expiaverunt
1805 553 1865 608 in
1914 552 2119 609 vitulo.

474 620 737 694 Cumque
768 620 1147 694 compleveris
1178 622 1420 694 expians
1452 620 1619 694 illud,

545 692 749 749 offeres
783 693 1027 747 vitulum
1060 692 1129 747 de
1160 692 1426 765 armento
1459 692 1933 765 immaculatum,

542 771 598 821 et
628 765 868 820 arietem
902 766 970 836 de
993 780 1163 836 grege
1198 763 1661 823 immaculatum.

478 838 542 892 Et
565 838 771 892 oﬁ‘eres
805 851 903 891 eos
933 835 992 889 in
1025 835 1338 908 conspectu
1373 837 1605 893 Domini
1633 856 1647 905 ;

543 914 602 964 et
632 910 868 963 mittent
899 908 1230 980 sacerdotes
1261 926 1438 980 super
1468 926 1564 965 eos
1596 909 1706 977 sal,

545 986 602 1036 et
631 981 875 1036 offerent
905 995 1004 1034 eos
1035 978 1444 1036 holocaustum
1469 981 1736 1037 Domino.

472 1073 704 1143 Septem
728 1068 948 1143 diebus
970 1067 1146 1122 facies
1176 1068 1401 1124 hircum
1434 1087 1539 1142 pro
1562 1075 1798 1142 peccato
1819 1071 2082 1143 quotidie
2106 1087 2120 1126 :

546 1139 602 1196 et
629 1139 885 1195 vitulum
919 1140 989 1193 de
1022 1146 1303 1210 armento,

550 1217 609 1267 et
639 1211 877 1267 arietem
912 1211 982 1266 de
1012 1212 1343 1281 pecoribus,

548 1284 963 1338 immaculatcs
994 1283 1259 1338 offerent.

470 1359 704 1425 Septem
729 1354 935 1409 diebus
965 1354 1281 1425 expiabunt
1311 1353 1513 1422 altare,
1547 1361 1604 1412 et
1634 1357 2004 1413 mundabunt
2055 1356 2126 1412 il-

571 1428 647 1481 ud
674 1444 687 1482 :
719 1430 776 1481 et
805 1424 1134 1498 implebunt
1167 1443 1408 1481 manum
1440 1428 1588 1498 ejus.

474 1498 732 1571 Expletis
763 1502 957 1552 autem
991 1497 1221 1571 diebus,

546 1569 607 1625 in
645 1571 739 1625 die
769 1574 971 1624 octavo
1004 1573 1059 1624 et
1090 1569 1263 1636 ultra,

544 1642 757 1697 facient
780 1641 1110 1696 sacerdotes
1134 1657 1312 1712 super
1334 1639 1515 1697 altare
1537 1640 1877 1699 holocausta
1910 1648 2124 1710 vestra,

546 1719 603 1770 et
632 1730 757 1785 quae
785 1728 887 1784 pro
918 1729 1059 1783 pace
1089 1714 1340 1768 offerunt
1368 1728 1381 1766 :

545 1790 603 1842 et
633 1783 1027 1857 placatusiero
1054 1785 1357 1857 vobis,pait
1388 1783 1671 1840 Dominus
1701 1786 1877 1841 Deus.

478 1854 882 1931 (Cap.'X_tulV.)
912 1856 980 1931 Et
1009 1854 1291 1931 convertit
1322 1872 1414 1911 me
1448 1857 1519 1931 ad
1558 1858 1713 1931 viam
1744 1862 1935 1931 porta:
1988 1873 2127 1913 san-

546 1927 754 1985 ctuarii
786 1926 1110 1995 exterioris,
1144 1945 1273 1998 quae
1308 1928 1657 1999 respiciebat
1687 1926 2081 1986 ad'orientem
2111 1945 2124 1984 :

547 2005 604 2056 et
633 2003 756 2055 erat
788 1998 1008 2055 clausa.

475 2073 547 2127 Et
568 2072 715 2145 dixit
740 2071 1027 2145 Dominus
1060 2070 1135 2145 ad
1164 2087 1257 2127 me
1290 2086 1303 2124 :

479 2145 651 2200 Porta
684 2142 804 2198 base
826 2142 1029 2197 clausa
1059 2142 1170 2196 erit
1204 2158 1216 2194 :

547 2232 663 2270 non
718 2214 1032 2286 aperietur,
1083 2217 1138 2268 et
1166 2213 1254 2286 vir
1285 2229 1398 2286 non
1430 2212 1705 2286 transibit
1736 2230 1839 2286 per
1870 2231 1997 2271 eam
2027 2232 2041 2271 :

552 2284 831 2358 quoniam
858 2284 1145 2340 Dominus
1179 2284 1334 2339 Deus
1366 2284 1544 2339 Israel
1576 2284 1880 2356 ingressus
1910 2292 2000 2343 est
2030 2302 2134 2359 per

618 2372 771 2425 eam,

549 2424 782 2499 eritque
813 2427 1014 2499 clausa
1047 2424 1316 2499 principi.

620 2496 896 2570 Princeps
927 2496 1063 2570 ipse,
1085 2496 1310 2554 sedebit
1338 2496 1398 2552 in
1429 2513 1518 2569 ea,

550 2575 616 2627 ut
645 2570 915 2627 comedat
946 2586 1152 2639 panem
1175 2584 1371 2624 coram
1404 2570 1646 2626 Domino
1676 2589 1690 2637 ;

478 2643 590 2699 Per
618 2643 771 2699 viam
803 2640 1075 2698 vestibuli
1110 2639 1697 2713 portmingredietur,

550 2720 608 2771 et
639 2730 741 2787 per
772 2713 924 2769 viam
956 2713 1086 2784 ejus
1117 2712 1468 2784 egredietur.

482 2807 549 2860 Et
579 2802 821 2860 adduxit
852 2818 942 2857 me
986 2818 1090 2872 per
1115 2801 1265 2857 viam
1299 2806 1478 2873 portae
1535 2802 1828 2874 aquilonis
1888 2805 1947 2861 in
1995 2820 2135 2861 con-

661 2879 859 2946 spectu
893 2876 1104 2929 domus
1132 2890 1147 2929 :

552 2952 610 3004 et
640 2944 777 3011 vidi,
810 2951 866 3002 et
896 2961 1028 3001 ecce
1058 2944 1325 3017 implevit
1372 2944 1559 3017 gloria
1604 2946 1841 3003 Domini
1892 2948 2133 3004 domum

630 3017 878 3084 Domini,
1462 3053 1465 3055 ›

556 3095 613 3145 et
642 3090 822 3145 cecidi
850 3090 910 3143 in
942 3086 1148 3142 faciem
1183 3102 1396 3143 meam.

488 3161 556 3216 Et
586 3161 732 3215 dixit
762 3161 832 3215 ad
866 3174 958 3214 me
989 3158 1275 3214 Dominus
1308 3175 1322 3213 :

489 3232 607 3313 Fili.
627 3230 1101 3313 hominishpone.
1122 3246 1221 3286 cor
1250 3234 1442 3298 tuum,

558 3308 617 3359 et
645 3304 777 3359 vide
808 3301 993 3359 oculis
1018 3301 1161 3369 tuis,

558 3381 616 3431 et
646 3373 1035 3447 auribus‘tuis
1063 3372 1203 3447 audi
1230 3372 1461 3447 omnia__
1485 3390 1611 3447 qua:
1642 3390 1749 3446 ego
1804 3375 2011 3447 loquor
2066 3379 2139 3435 ad

632 3454 687 3501 te
720 3448 789 3501 de
824 3443 1499 3518 universiscmremoniis
1520 3443 1732 3502 domus
1757 3443 2015 3518 Domini,

558 3521 616 3573 et
646 3520 716 3573 de
737 3518 965 3572 cunctis
996 3515 1225 3587 legibus
1248 3515 1414 3585 ejus:

491 3590 558 3644 Et
590 3606 774 3661 pones
805 3605 905 3644 cor
934 3586 1102 3661 tuum
1135 3586 1195 3640 in
1225 3587 1335 3641 viis
1365 3586 1569 3661 templi

563 3657 665 3732 p'er
694 3677 896 3717 omnes
928 3658 1117 3714 exitus
1146 3657 1495 3732 Sanctuarii,

487 3731 745 3788 Et’dices
778 3733 849 3788 ad
885 3733 1324 3802 exasperantem
1351 3746 1443 3786 me
1473 3731 1714 3786 domum
1748 3732 1928 3790 Israel
1955 3748 1970 3790 :

488 3805 617 3860 Haec
649 3804 789 3860 dicit
823 3801 1103 3859 Dominus
1135 3801 1332 3857 Deus:

487 3894 799 3951 Sufﬁciant
854 3893 1019 3949 vobis
1112 3890 1311 3946 omnia
1384 3889 1605 3946 scelera
1658 3895 1871 3960 vestra,
1932 3894 2145 3950 domus

560 3966 732 4022 Israel
760 3984 773 4021 :
800 3982 865 4021 eo
900 3964 1057 4035 quod
1090 3961 1369 4035 inducitis
1396 3962 1548 4035 ﬁlios
1580 3963 1801 4020 alienos
1833 3965 2147 4021 incircum-

629 4037 782 4093 cisos
815 4033 1005 4102 corde,
1041 4040 1096 4090 et
1130 4033 1574 4089 incircumcisos
1606 4051 1802 4104 carne,

489 4115 557 4167 ut
587 4108 709 4166 sint
739 4110 798 4163 in
848 4105 1195 4163 Sanctuario
1250 4121 1398 4176 meo,
1458 4111 1516 4161 et
1574 4106 1843 4178 polluant
1899 4108 2143 4165 domum

636 4196 825 4235 meam
863 4196 875 4234 ζ

492 4254 560 4309 Et
592 4252 1031 4323 oﬁ‘ertisipanes
1063 4265 1245 4323 meos,
1281 4247 1533 4323 adipem,
1554 4253 1613 4305 et
1642 4248 2034 4322 sanguinem:

569 4330 627 4380 et
656 4319 976 4379 dissolvitis
1001 4322 1105 4393 (Al.
1139 4319 1513 4393 dissolvistirs)
1564 4319 1799 4393 pactum
1858 4338 2055 4378 meum
2086 4322 2145 4378 in

637 4396 915 4451 omnibus
942 4392 1261 4449 sceleribus
1292 4392 1505 4447 vestris
1539 4410 1553 4459 ;

493 4468 562 4522 Et
594 4484 707 4523 non
741 4465 1017 4523 servastis
1048 4468 1338 4537 praecepta
1367 4462 1695 4537 Sanctuarii
1730 4462 1843 4519 mei
1876 4480 1890 4519 :

561 4544 617 4595 et
639 4540 925 4611 posuistis
955 4534 1735 4611 custodesobservationum
1785 4551 2051 4593 mearum
2083 4536 2143 4594 in
2173 4537 2220 4602 D

631 4606 973 4666 Sanctuario
1007 4625 1134 4664 meo
1165 4606 1629 4679 vobismetipsis.

492 4682 621 4738 Haec
650 4682 794 4738 dicit
822 4680 1104 4738 Dominus
1138 4680 1292 4735 Deus
1318 4695 1330 4734 :

489 4770 697 4827 Omnis
727 4767 1517 4841 alienigenaincircumcisus
1539 4767 1733 4834 corde,
1758 4771 1815 4824 et
1835 4767 2150 4825 incircum-

634 4842 793 4899 cisus
825 4858 1021 4909 carne,

561 4932 676 4972 non
709 4910 1487 4988 egredieturSanctuarium
1521 4925 1743 4988 meum,

563 4981 946 5043 omnisﬁlius
983 4984 1209 5041 alienus
1242 4982 1343 5056 qui
1398 4986 1484 5038 est
1526 4982 1585 5037 in
1648 4982 1839 5039 medio
1888 4981 2143 5041 ﬁliorum

634 5059 834 5116 Israel.

490 5131 601 5188 Sed
627 5136 686 5187 et
708 5131 935 5197 Levitse,
963 5128 1061 5200 qui
1085 5128 1256 5200 longe
1282 5130 1691 5182 recesserunta
1717 5142 1809 5181 me
1831 5124 1888 5181 in
1909 5141 2141 5184 errore:

632 5203 886 5259 ﬁliorum
925 5200 1129 5270 Israel,

559 5280 617 5331 et
646 5278 987 5331 erraverunt
1018 5291 1050 5327 a
1083 5267 1175 5327 me
1210 5267 1691 5343 post‘idolasua,

560 5352 618 5403 et
649 5350 1030 5422 portaverunt
1048 5344 1155 5415 (Al.
1181 5339 1523 5422 portabunt)
1546 5339 1917 5422 iniquitatem
1936 5357 2140 5422 suam;

562 5412 731 5475 erant
783 5420 886 5487 (At.
938 5412 1242 5487 quierant)
1273 5413 1331 5487 in
1364 5412 1699 5467 sanctuario
1741 5429 1869 5468 meo
1914 5412 2142 5483 aeditui,

506 5490 512 5495 ’
626 5486 916 5561 janitOres
950 5486 1250 5561 portarum
1286 5486 1521 5555 domus,

564 5565 616 5615 et
650 5561 903 5616 ministri
936 5561 1181 5614 domus:

495 5630 610 5697 Ipsi
644 5634 982 5688 mactabant
1010 5631 1123 5701 (Al.
1156 5627 1519 5698 mactabant)
1553 5624 1920 5693 holocausta,
1968 5630 2026 5682 et
2054 5626 2142 5683 νὶ-

1513 287 1573 339 S.
1615 284 2020 341 HIERONYMI
2056 280 2312 335 DIVINA
2347 277 2841 333 BIBLIOTHECA.

3674 293 3773 349 106i

2375 399 2586 472 ctimas
2618 400 2855 472 p0puli:

2301 478 2353 529 et
2386 470 2499 544 ipsi
2530 470 2772 544 stabunt
2796 472 2854 528 in
2877 477 3187 544 conspectu
3201 491 3416 543 eorum,
3440 483 3498 533 ut
3518 480 3779 542 ministrent

2370 542 2594 684 SilsisSAl.
2645 546 2886 600 stabant
2917 542 3054 601 ante
3084 562 3182 602 eos
3231 554 3293 603 ut
3324 542 3677 608 ministrarent
3711 574 3779 628 pro

2368 630 2532 668 llllSl.

2228 693 2336 743 Pro
2368 701 2434 740 eo
2457 683 3139 767 quodministraverunt
3188 688 3301 745 illis
3334 690 3431 763 (Al.
3476 710 3565 763 pro
3614 696 3698 767 eis)
3739 700 3775 755 in

2370 762 2685 828 conspectu
2720 758 3012 814 idolorum
3045 776 3310 828 suorum,

2298 833 2357 884 et
2383 827 2698 954 facttitsunt
2728 830 2931 886 domui
2963 831 3140 888 Israel
3174 832 3231 888 in
3281 833 3657 892 oﬁendiculum
3698 838 3777 895 ini-

2372 917 2471 954 oui
2504 916 2538 954 a
2566 917 2615 954 IS
2643 917 2656 954 :

2372 916 2615 970 quntaus
2643 917 2656 954 :

2230 972 2451 1030 Idcirco
2485 972 2664 1098 lgavi
2699 988 2938 1028 manum
2974 990 3161 1029 meam
3195 992 3367 1047 super
3386 993 3498 1047 eos,
3529 978 3599 1033 ait
3646 981 3780 1036 Domi-

2372 1060 2485 1098 nus
2567 1059 2690 1098 eus.

2372 1060 2485 1098 nus
2515 1059 2690 1109 usus,

2301 1120 2356 1170 et
2378 1114 2833 1190 portabunt_(Al.
2853 1118 3254 1190 portaverunt)
3273 1117 3616 1190 iniquitatem
3634 1140 3781 1179 suam:

2229 1191 2297 1246 Et
2332 1204 2441 1241 non
2476 1187 3035 1259 appropinquabant
3063 1191 3135 1245 ad
3161 1187 3272 1259 me,
3305 1187 3784 1250 utsacerdotiofun-

2374 1264 2586 1328 gantur
2617 1257 2785 1323 mihi,

2303 1346 2494 1401 neque
2543 1331 2823 1385 accedent
2851 1329 2920 1384 ad
2982 1348 3156 1387 omne
3210 1334 3593 1391 Sanctuarium
3642 1353 3782 1392 meum

2365 1404 2535 1472 juxta
2564 1401 2776 1457 Sancta
2808 1407 3141 1458 sanctorum
3168 1419 3182 1459 ί

2229 1472 2337 1532 Sed
2373 1472 2691 1547 portabunt
2721 1474 3126 1529 confusionem
3160 1491 3350 1547 suam,

2304 1549 2361 1599 et
2380 1544 2607 1600 scelera
2638 1561 2746 1599 sua
2778 1561 2903 1615 quae
2937 1548 3221 1602 fecerunt.

2234 1619 2303 1673 Et
2332 1617 2481 1671 dabo
2514 1632 2613 1670 eos
2638 1616 2925 1686 janitores
2979 1619 3191 1674 domus
3241 1617 3297 1673 in
3345 1619 3495 1674 omni
3542 1621 3787 1677 ministerio

2305 1689 2441 1762 ejus
2467 1688 2605 1742 etin
2640 1688 3090 1762 universisque:
3125 1690 3263 1762 ﬁent
3306 1690 3406 1760 (Al.
3458 1692 3610 1762 ﬁunt)
3649 1694 3693 1747 in
3728 1710 3786 1748 ea.

2160 1780 2206 1845 Β
2237 1760 2578 1845 Sacerdotes
2611 1764 2891 1845 autem-et
2924 1760 3132 1817 Levita
3152 1760 3487 1845 .ﬁliiSadoc,

2312 1833 2412 1903 qui
2432 1832 2840 1903 custodierunt
2860 1832 3237 1888 caeremonias
3260 1834 3565 1889 Sanctuarii
3586 1834 3788 1898 mei,cum

2384 1908 2649 1957 errarent
2680 1901 2781 1957 ﬁlii
2812 1903 2990 1959 Israel
3021 1921 3055 1960 a
3085 1920 3201 1973 me,

2312 1974 2425 2045 ipsi
2456 1974 2733 2029 accedent
2761 1975 2833 2029 ad
2865 1992 2980 2040 me,
3014 1980 3079 2030 ut
3103 1975 3438 2032 ministrent
3466 1975 3626 2031 mibi:

2240 2046 2311 2101 Et
2333 2046 2578 2118 stabunt
2596 2045 2656 2100 in
2684 2051 3001 2118 conspectu
3036 2064 3187 2115 meo,

2315 2122 2379 2173 ut
2408 2117 2655 2192 otl‘eran_t
2698 2117 2845 2173 mihi
2874 2120 3132 2190 adipem,
3164 2123 3223 2175 et
3250 2118 3597 2192 sanguinem,
3624 2117 3689 2173 ait
3718 2117 3791 2173 Do-

2388 2189 2587 2243 minus
2612 2189 2789 2255 Deus,

2244 2259 2359 2334 Ipsi
2390 2260 2798 2334 ingredientur
2828 2261 3244 2317 Sanctuarium
3280 2278 3490 2329 meum,

2314 2337 2371 2387 et
2393 2333 2811 2458 ipstiaccedent
2841 2333 2911 2388 ad
2938 2350 3204 2389 mensam
3231 2350 3438 2404 meam,
3465 2338 3524 2389 ut
3546 2333 3793 2390 ministrent

2383 2420 2461 2458 m1
2512 2420 2553 2458 ι.

2383 2420 2553 2471 mini,

2313 2480 2370 2531 et
2399 2473 2737 2531 custodiant
2768 2474 3145 2531 caeremonias
3170 2493 3352 2533 meas.

2242 2548 2508 2619 Cumque
2530 2546 2947 2619 ingredientur
2976 2552 3175 2618 portus
3208 2548 3339 2604 atrii
3370 2547 3655 2613 interioris,
3680 2546 3793 2601 vesti-

2383 2618 2495 2675 b’us
2526 2618 2697 2673 lineis
2726 2619 3085 2674 induentur:

2314 2706 2419 2745 nec
2449 2690 2727 2764 ascendet
2748 2707 2926 2762 super
2955 2707 3054 2764 eos
3084 2691 3406 2764 quidquam
3438 2690 3662 2764 laneum,

2315 2764 2550 2835 quando
2585 2760 2922 2818 ministrant
2952 2762 3011 2817 in
3057 2760 3269 2834 portis'
3296 2764 3424 2819 atrii
3483 2760 3723 2818 interioris
3761 2763 3795 2813 et

2388 2834 2766 2889 intrinsecus.

2244 2906 2411 2962 Vitta:
2444 2905 2606 2960 lineae
2630 2909 2813 2976 erunt
2843 2905 2900 2960 in
2934 2905 3229 2976 capitibus
3259 2922 3476 2973 eorum,

2316 2980 2371 3032 et
2405 2975 2705 3032 feminalia
2734 2976 2887 3032 linea
2916 2975 3090 3032 erunt
3118 2980 3180 3033 in
3211 2976 3429 3033 lumbis
3445 2992 3642 3043 eorum,

2245 3055 2301 3105 et
2330 3065 2446 3103 non
2480 3047 2856 3118 accingentur
2883 3048 2941 3103 in
2976 3049 3214 3104 sudore.

2246 3122 2510 3190 Cumque
2529 3114 2905 3190 egredientur
2934 3121 3151 3175 atrium
3186 3120 3441 3176 exterius
3469 3120 3535 3175 ad
3576 3114 3797 3190 populum.

2388 3188 2601 3247 exuent
2622 3207 2683 3248 se
2711 3192 3075 3248 vestimentis
3107 3191 3253 3259 suis,
3279 3191 3337 3246 in
3361 3191 3559 3263 quibus
3576 3188 3797 3244 ministra-

2392 3266 2615 3331 verant,

2320 3340 2376 3390 et
2407 3338 2692 3407 reponent
2721 3349 2789 3389 ea
2819 3334 2877 3389 in
2909 3333 3324 3407 gazophylacio
3353 3331 3666 3394 Sanctuarii,

2321 3412 2379 3463 et
2408 3406 2659 3461 vestient
2688 3422 2751 3461 se
2771 3406 3151 3462 vestimentis
3172 3406 3303 3461 aliis
3323 3425 3369 3478 :7
3565 3474 3594 3478 Δ,
3757 3467 3765 3478 ι

2322 3484 2378 3534 et
2408 3495 2521 3533 non
2556 3478 3007 3533 sanctiﬁcabunt
3034 3478 3319 3551 populum
3359 3477 3415 3532 in
3446 3474 3671 3532 vestibus
3705 3474 3799 3524 suis.

2250 3552 2651 3623 Caputautem
2680 3566 2853 3604 suum
2878 3567 2995 3606 non
3026 3551 3258 3618 radent,
3294 3566 3477 3620 neque
3512 3559 3698 3602 comam
3730 3556 3799 3594 nu-

2394 3621 2572 3676 trient
2604 3637 2617 3676 :

2322 3694 2421 3748 sed
2456 3693 2763 3749 tondentes
2791 3693 3105 3748 attondent
3132 3692 3331 3764 capita
3361 3709 3482 3746 sua.

2252 3767 2321 3822 Et
2341 3765 2541 3820 vinum
2573 3781 2690 3819 non
2726 3764 2883 3819 bibet
2913 3765 3104 3820 omnis
3133 3764 3430 3826 sacerdos,

2324 3837 2559 3909 quando
2590 3836 2969 3909 ingressurus
3002 3840 3092 3891 est
3118 3832 3615 3909 atriuminterius.

2252 3910 2320 3965 Et
2345 3906 2586 3963 viduam
2620 3906 2677 3962 et
2706 3906 3070 3977 repudiatam
3104 3924 3220 3963 non
3246 3906 3525 3978 accipient
3547 3915 3727 3961 uxores,

2325 3980 2423 4035 sed
2458 3979 2716 4048 virgines
2747 3980 2818 4034 de
2849 3980 3075 4035 semine
3107 3980 3323 4035 domus
3349 3977 3551 4034 Israel:
3591 4046 3601 4048 _
3780 4033 3787 4043 ,

2323 4052 2421 4108 sed
2455 4056 2511 4105 et
2538 4046 2935 4123 viduam,qu£e
2960 4050 3134 4106 fuerit
3156 4052 3331 4106 vidua
3357 4068 3389 4105 a
3420 4046 3805 4110 sacerdote,acc1-

2437 4123 2578 4188 ient,

2253 4196 2323 4251 Et
2354 4140 2870 4319 pgpeutiiﬁntmeum
2903 4193 3200 4250 docebunt
3228 4193 3370 4265 quid
3386 4189 3609 4248 sitinter
3626 4183 3810 4240 sanctum

2394 4282 2424 4319 e
2484 4283 2554 4319 no
2607 4281 2638 4319 u
2675 4282 2797 4319 um.

2394 4272 2452 4320 et
2484 4270 2797 4336 pollutum,

2326 4340 2383 4392 et
2404 4319 2567 4393 inter
2598 4319 2887 4392 mundum
2920 4340 2977 4391 et
3006 4335 3384 4393 immundum
3435 4327 3704 4389 ostendent
3743 4319 3809 4374 eis-
3908 4360 3909 4379 1

2254 4410 2324 4465 Et
2354 4425 2487 4465 cum
2523 4408 2698 4463 fuerit
2727 4408 3143 4475 controversia,

2330 4482 2571 4537 stabunt
2602 4480 2659 4535 in
2685 4479 2929 4548 judiciis
2952 4480 3121 4545 meis,
3153 4485 3212 4535 et
3234 4477 3605 4550 judicabant:
3662 4537 3671 4550 |
3762 4528 3789 4550 γε
3908 4477 3909 4545 ξ

2254 4552 2432 4625 Leges
2460 4567 2621 4608 meas
2650 4537 2708 4607 et
2738 4537 3175 4625 praeceptaimea
3204 4537 3265 4606 in
3298 4549 3562 4606 omnibus
3603 4537 3811 4598 solemai'

2401 4625 2618 4679 tatibus
2652 4623 2798 4679 meis
2832 4622 3188 4683 custodient.

2328 4700 2385 4752 et
2413 4696 2664 4769 Sabbata
2696 4711 2834 4769 mea
2857 4695 3334 4769 sanctiﬁcabunt.
3361 4764 3371 4769 _
3532 4760 3567 4769 υ

2258 4768 2327 4822 Et
2357 4768 2429 4823 ad
2472 4772 2772 4822 mortuum
2823 4766 3123 4823 hominem
3188 4782 3305 4821 non
3358 4758 3736 4835 ingrediantur,
3770 4756 3816 4798 ne

2398 4839 2757 4912 polluantur,

2328 4910 2441 4967 nisi
2474 4911 2545 4967 ad
2580 4914 2805 4983 patrem
2839 4912 2898 4965 et
2927 4913 3197 4966 matrem.

2324 4988 2382 5039 et
2412 4981 2601 5038 ﬁlium
2635 4986 2692 5037 et
2726 4981 2936 5047 ﬁliam,

2324 5058 2384 5110 et
2407 5056 2646 5111 fratrem
2675 5057 2735 5109 et
2765 5068 3052 5119 sororem,

2326 5142 2453 5197 qua:
2481 5126 2732 5182 alterum
2769 5125 2959 5197 virum
2994 5140 3108 5197 non
3142 5119 3451 5178 habuerit‘
3479 5134 3490 5171 :

2324 5196 2383 5252 in
2409 5198 2627 5270 quibus
2661 5196 3247 5270 contaminabuntur.

2254 5273 2322 5324 Et
2354 5276 2668 5341 postquam
2699 5270 2874 5325 fuerit
2903 5269 3279 5341 emundatus.

2326 5338 2554 5417 septem
2586 5342 2715 5417 dies
2741 5340 3212 5417 numerabantur
3241 5338 3315 5417 ei.
3402 5405 3413 5417 .
3552 5395 3606 5417 Α
3659 5385 3811 5417 “dum
3908 5346 3909 5387 1

2252 5392 2425 5469 Et‘i'nr
2442 5392 2554 5469 die“
2583 5392 3513 5468 introitu—auauiinisanctuarium
3546 5395 3606 5451 ad
3650 5392 3812 5473 fimum
3908 5440 3909 5471 Τ

2397 5485 2669 5573 interius,
2704 5489 2770 5539 ut
2803 5484 3099 5573 ministret
3129 5479 3363 5573 mihi‘in
3397 5476 3708 5573 sanetugf'l‘o;
3740 5518 3813 5573 Au

2326 5526 2669 5626 oll‘eret‘prie’
2693 5560 2932 5627 peccato
2964 5571 3093 5623 suo,
3124 5554 3203 5610 ait
3251 5549 3529 5606 Dominus
3577 5541 3698 5595 Deus
3740 5526 3798 5578 Αἶι

2254 5627 2502 5684 Domino
2538 5629 2693 5697 Deo).

570 5769 587 5801 ¹
620 5769 742 5849 Vox
770 5769 1005 5824 alterum
1037 5784 1225 5841 neque
1252 5766 1572 5823 additurin
1609 5765 1868 5835 Hebraeo,
1903 5782 2092 5839 neque
2122 5767 2196 5825 ab
2225 5766 2576 5841 Hieronymo
2601 5769 2657 5825 in
2690 5768 3018 5825 Comment.
3055 5762 3409 5840 agnoscitur.
3444 5756 3575 5813 Vide
3614 5760 3714 5819 qua
3752 5729 3803 5787 ibi
3908 5800 3909 5849 Ξ

500 5834 874 5893 adnotamus.
