2014 3089
216 124 285 152 1067

252 187 319 223 ephi
336 193 452 223 quoque
467 193 519 222 per
532 185 654 223 arietem
669 184 756 223 faciet
771 184 952 223 sacriﬁcium
970 192 977 212 :

216 224 256 251 De
267 220 318 258 (Αι.
337 220 475 263 ιὶιερίῡθῖ
485 221 570 257 agnis
585 223 694 257 autem,
709 221 787 249 sicut
802 220 947 249 invenerit
974 226 1037 248 mn-

255 265 425 333 etxiilgifl‘iiii
439 278 490 328 per
505 292 624 328 singula
641 292 720 333 ephi.

219 330 350 365 Cumque
364 329 557 365 ingressurus
571 332 616 356 est
630 328 777 365 princeps,

256 363 311 401 per
321 363 547 401 viamfvestibuli
564 363 652 400 portis
665 363 890 399 ingrediatur,et
901 371 952 399 per
961 370 1042 390 eam-

293 401 359 428 dem
374 400 450 428 viam
464 401 556 427 exeat.

222 437 258 464 Et
270 444 338 464 cum
348 436 471 463 intrabit
484 436 611 471 populus
624 438 706 463 terras
717 435 746 462 in
758 437 915 470 conspectu
927 433 1042 462 Domini

276 472 306 499 in
323 471 570 506 solemnitatibus,

257 507 307 543 qui
323 507 487 543 ingreditur
500 515 552 542 per
566 509 678 542 portam
694 506 842 541 aquilonis
857 508 889 534 ut
903 506 1014 539 adoret,

259 542 408 579 egreditur
422 543 565 579 perviam
580 544 668 578 portae
684 542 852 570 meridiana;
866 550 873 569 :

221 577 307 608 Porro
324 579 374 615 qui
390 577 553 615 ingreditur
568 577 620 614 per
632 579 709 605 viam
725 577 1009 615 portaa_meridianaa,

256 613 488 651 egrediatnr’per
501 613 578 651 viam
594 620 684 650 porta:
698 613 845 649 aquilonis
861 622 870 641 :

220 648 454 679 Nonrevertetur
464 657 516 686 per
525 648 603 677 viani
615 652 714 685 portis,
727 648 778 686 per
788 657 879 685 quam
891 648 1043 684 ingressus

292 688 345 714 est.

257 722 308 750 sed
320 730 335 748 e
350 721 470 756 regione
485 721 566 749 illius
582 722 758 757 egredietur.

224 758 366 792 Princeps
381 755 477 784 autem
495 757 525 784 in
541 755 638 785 med—io
653 765 755 785 eorum
768 765 835 785 cum
854 755 1046 792 ingredienti—

295 793 351 820 bus
368 793 562 828 ingredietur,

260 831 289 857 et
302 837 367 856 cum
384 829 601 864 egredientibus
618 829 794 865 egredietur,

226 865 301 893 Elin
314 862 545 910 npndi‘nis,et1in
556 862 794 893 solemnitatibus
804 863 860 891 erit
870 862 1046 891 sacriﬁcium
1062 878 1086 910 Β

296 900 364 935 cphi
381 908 430 935 per
446 900 582 933 vitulum,

261 938 289 964 et
303 935 370 971 ephi
389 944 437 971 per
453 937 573 963 arietem
591 946 596 963 :

225 969 425 1013 Agnis'autem
438 973 491 999 erit
502 971 678 999 sacriﬁcium
691 970 770 998 sicut
787 969 933 998 invenerit
942 977 1048 997 manus

296 1015 362 1035 eius
379 1015 385 1034 ἶ

260 1045 289 1070 et
296 1015 362 1070 illi;
375 1029 425 1069 hin
443 1050 494 1077 per
506 1041 624 1078 singula
634 1042 712 1077 ephi.

226 1081 297 1106 Cum
312 1080 410 1105 autem
428 1076 527 1105 i'écerit
544 1076 678 1112 princeps
694 1079 890 1113 spontaneum
906 1076 1045 1104 holocau-

297 1116 388 1154 stum,
404 1115 455 1154 aut
470 1113 590 1154 pacifica
603 1113 766 1154 voluntaria
780 1113 906 1154 Domino
918 1121 925 1146 ;

262 1150 410 1185 aperietur
424 1150 450 1176 ei
462 1151 545 1184 porta
560 1157 623 1184 qua)
639 1150 757 1184 respicit
772 1150 808 1176 ad
825 1150 978 1182 orientem,

262 1188 291 1225 et
308 1184 392 1226 locist
408 1184 609 1226 holocaustum
622 1187 766 1226 eu‘umhet
781 1184 903 1220 paciﬁca
918 1192 982 1218 sua,

261 1221 339 1248 sicut
354 1220 417 1248 ﬁeri
432 1220 507 1247 solet
519 1220 548 1247 in
560 1220 607 1248 die
622 1220 737 1248 sabbati
754 1229 760 1248 :

262 1259 290 1284 et
302 1256 477 1292 egredietur,
491 1255 702 1291 claudeturque
716 1258 798 1292 porta
809 1257 963 1291 postquam
974 1254 1047 1282 exie-

299 1291 347 1319 rit.

227 1328 263 1356 Et
277 1334 387 1363 agnum
403 1326 534 1363 ejusdem
547 1326 620 1363 anni
634 1326 688 1362 (ιιι.
705 1327 889 1363 anniculam)
904 1327 1050 1354 immacu-

310 1366 391 1390 atum
407 1362 492 1390 faciet
507 1361 713 1390 holocaustum
728 1363 859 1398 quotidie
874 1361 997 1391 Domino
1014 1370 1020 1389 :

262 1406 380 1434 semper
395 1406 480 1425 mane
495 1398 580 1426 faciet
595 1398 679 1426 illud.

226 1436 261 1462 Et
276 1434 450 1462 sacriﬁcium
467 1434 554 1461 faciet
567 1442 657 1470 super
672 1442 705 1462 eo
721 1434 854 1470 catelli.
881 1436 950 1462 Iacet
976 1434 1052 1469 cata)

297 1478 383 1497 mane
399 1478 485 1497 mane
500 1472 611 1498 sextam
627 1473 739 1505 partem
755 1469 835 1505 ephi,

261 1508 290 1534 et
304 1506 340 1533 de
361 1505 423 1533 oleo
439 1505 556 1541 tertiam
572 1509 685 1541 partem
705 1506 767 1539 hin,
793 1508 826 1533 ut
846 1506 899 1539 (Αι.
926 1505 965 1541 et)
995 1506 1052 1534 mi-

298 1544 414 1568 sceatur
428 1540 531 1568 similae
545 1549 551 1568 :

226 1576 410 1604 Sacriﬁcium
425 1576 549 1604 Domino
565 1576 741 1613 legitimum,

258 1613 330 1648 juge
346 1615 434 1648 atque
449 1614 636 1647 perpetuum,

228 1647 324 1675 Faciet
335 1647 536 1682 (AliFacietis)
553 1656 674 1684 agnum,
686 1651 715 1677 et
722 1649 941 1683 sacriﬁcium,et
952 1649 1051 1677 oleum

302 1686 366 1719 cata
380 1683 434 1719 (Al.
453 1686 522 1711 tacet
532 1683 606 1718 cata)
622 1692 707 1712 mane
723 1693 807 1713 mane
823 1693 830 1713 :

266 1718 473 1755 holocaustum
490 1720 715 1755 sempiternum,

229 1756 295 1781 Hec
311 1754 381 1782 dicit
398 1754 537 1782 Dominus
554 1754 630 1782 Deus
644 1764 651 1783 :

228 1790 257 1817 Si
273 1789 386 1817 dederit
400 1791 537 1825 princeps
552 1791 663 1818 donum
679 1790 766 1819 alicui
781 1792 817 1819 de
833 1791 902 1819 ﬁliis
915 1791 996 1819 suis:

265 1825 419 1853 hereditas
433 1826 508 1861 ejus,
526 1825 653 1854 ﬁliorum
669 1835 791 1855 suorum
804 1829 869 1860 erit,

266 1861 460 1897 possidebunt
475 1869 539 1889 eam
556 1861 748 1891 hereditaria.

229 1897 259 1925 Si
274 1900 372 1925 autem
388 1897 501 1924 dederit
525 1897 654 1933 legatum
678 1899 714 1926 de
734 1898 900 1926 hereditate
923 1907 977 1926 sua
1000 1898 1052 1926 uni

300 1941 419 1961 BGPVOI‘U
425 1941 451 1960 m
466 1942 587 1961 suorum
593 1954 600 1966 ν

263 1968 318 1996 erit
333 1968 414 1995 illius
426 1977 520 2006 usque
531 1969 565 2006 ad
576 1978 686 1997 annum
697 1970 922 2006 remissionis,et
934 1970 1052 2006 [ALsed]

298 2006 459 2032 revertetur
472 2005 507 2032 ad
525 2005 687 2040 principem
703 2014 710 2034 :

262 2039 420 2077 hereditas
433 2039 532 2077 autem
544 2041 619 2076 ejus,
631 2041 700 2069 filiis
716 2042 780 2077 ejus
796 2042 861 2069 erit.

226 2076 261 2104 Et
276 2084 333 2117 non
349 2075 474 2117 accipiet
489 2075 624 2117 princeps
641 2078 676 2105 de
693 2075 860 2117 haereditate
884 2078 986 2115 populi
1002 2086 1054 2114 per

300 2110 481 2148 violentiam,
491 2110 527 2148 et
541 2113 576 2140 de
592 2110 779 2148 possessione
794 2110 897 2141 eorum
914 2122 921 2141 :

262 2147 313 2175 sed
331 2147 366 2188 de
383 2147 568 2182 possessione
584 2147 638 2176 sua
652 2148 850 2177 hereditatem
875 2150 957 2178 dabit
984 2150 1053 2178 ﬁliis

300 2191 363 2211 suis
382 2190 389 2209 τ

265 2218 573 2274 utnn‘qpngispgrgztpr
584 2219 713 2256 populus
721 2228 808 2248 meus
817 2222 1021 2258 unusquisque
1036 2230 1053 2249 a
1068 2241 1098 2274 Β

302 2262 487 2289 possessione
502 2263 566 2283 sua.

229 2290 264 2317 Et
279 2290 442 2352 iiztéppgxit
456 2298 502 2318 me
516 2298 568 2326 per
582 2291 761 2327 ingressum,
778 2292 827 2328 qui
839 2294 901 2320 erat
912 2300 946 2320 ex
961 2293 1053 2321 latere

300 2334 401 2361 portes,

263 2360 515 2398 in’gazophylaeia
528 2363 688 2398 sanctuarii
705 2364 740 2391 ad
756 2364 934 2398 sacerdotes,

264 2397 395 2435 quiuit“.
406 2397 474 2435 qui)
490 2397 686 2435 respiciebant
700 2400 735 2426 ad
752 2397 945 2435 aquilonem":

263 2436 292 2461 et
302 2432 450 2496 ἓέζῑὲἕλά.)
466 2432 609 2461 θεοθίοτειι
623 2434 663 2461 ibi
681 2435 762 2463 locus
773 2432 895 2472 vergens
912 2436 947 2463 ad
978 2436 1051 2464 occi-

323 2476 430 2496 entem.

229 2505 263 2533 Et
279 2504 352 2532 dixit
362 2505 398 2532 ad
413 2511 461 2532 me
476 2512 483 2531 :

267 2541 326 2580 Iste
340 2542 384 2568 est
400 2539 481 2567 locus
495 2540 544 2580 ubi
556 2544 680 2577 coquent
690 2544 855 2572 sacerdotes
871 2550 923 2580 pro
935 2544 1053 2578 deiicto,

302 2579 331 2604 et
343 2584 395 2613 pro
412 2578 554 2613 peccator;

266 2612 315 2640 ubi
324 2612 451 2676 cpquent
461 2612 687 2647 sacriﬁeium,ut
700 2623 757 2643 non
769 2615 891 2644 eﬂ’erant
901 2616 930 2644 iu
944 2616 1051 2644 atrium

302 2657 336 2676 ex
351 2656 441 2676 enus.

302 2656 441 2680 exterius,

266 2686 295 2711 et
310 2684 509 2712 sanctiﬁcetur
524 2683 660 2719 populus.

231 2719 264 2746 Et
279 2720 380 2747 eduxit
396 2727 442 2747 me
457 2719 490 2755 in,
498 2719 607 2747 atrium
622 2721 761 2755 exterius,

268 2758 297 2782 et
312 2754 507 2796 circumduxit
522 2762 573 2796 me
584 2763 636 2796 per
650 2754 776 2796 quatuor
791 2759 914 2796 angulos
930 2759 1015 2794 atrii;

232 2789 268 2816 Et
283 2799 347 2818 ecce
362 2790 499 2818 atriolum
515 2789 617 2818 eratin
633 2789 740 2826 angulo
757 2789 833 2821 atrii;

271 2826 375 2854 etriola
389 2826 509 2862 singula,
517 2834 571 2862 per
586 2827 710 2862 angulos
726 2829 791 2856 atrii
804 2838 811 2856 :

238 2858 270 2885 In
285 2864 411 2900 quatuor
425 2858 741 2900 angulishatrii'atriola
756 2865 910 2900 disposita,

271 2896 466 2931 quadraginta
480 2897 646 2925 cubitorum
662 2906 714 2934 per
727 2896 857 2936 longum,

1053 185 1080 218 Α

1066 1560 1087 1593 C

734 123 762 148 8.
783 122 987 150 ΗΙΕΕΟΝΥΜῘ
1004 120 1132 148 DIVINA
1149 120 1396 148 BIBLIOTHECA.

1097 507 1173 542 (Cap.
1190 504 1303 532 XLVII.

1850 115 1916 144 1068

1129 185 1157 211 et
1172 182 1293 219 triginta
1309 191 1360 219 per
1375 181 1468 209 latum
1487 188 1495 208 :

1131 218 1276 258 mensurae
1292 218 1380 258 unius
1396 219 1524 258 quatuor
1538 218 1632 258 ςζῦῐιι.

1096 256 1131 284 Et
1145 255 1242 291 paries
1259 262 1309 291 per
1320 250 1473 291 circuitum
1490 252 1625 291 ambiens
1637 253 1765 291 quatuor
1794 250 1914 278 atriola:

1132 287 1160 319 et
1173 287 1277 318 culinis
1293 289 1439 317 fabricata;
1446 290 1531 316 erant
1544 288 1646 316 subter
1660 287 1792 323 porticus
1809 294 1860 322 per
1872 294 1917 322 gy-

1170 334 1247 354 rum.

1097 364 1132 391 Et
1146 362 1218 391 dixit
1233 361 1267 388 ad
1284 368 1330 388 me
1346 367 1353 387 :

1097 402 1163 427 Haec
1174 400 1219 425 est
1232 397 1339 424 domus
1349 395 1528 428 culinarum,

1133 435 1162 462 in
1169 442 1233 472 qua
1244 430 1516 472 coquentministri
1533 431 1640 472 domus
1652 428 1839 464 DomisHAl.
1851 429 1918 456 tacet

1168 466 1297 531 D‘ominill
1314 467 1450 494 victimas
1466 466 1576 501 populi.

1168 504 1279 533 .XLVl
1297 504 1315 536 .)
1339 505 1370 530 Et
1392 503 1533 530 convertit
1557 502 1611 536 (ιιι.
1639 501 1780 535 converti)
1811 508 1857 528 me
1883 500 1920 528 ad

1170 544 1283 577 portam
1301 544 1418 573 domus,

1133 580 1161 606 σι
1171 571 1242 603 ’θρεθ
1257 583 1337 610 (ltu
1354 571 1578 610 egrediebantur
1592 573 1696 600 subter
1709 571 1800 599 limen
1815 572 1921 599 domus

1169 613 1204 640 ad
1221 612 1363 639 orientem
1380 618 1387 638 :

1135 648 1222 676 facies
1238 647 1314 674 enim
1332 647 1437 673 domus
1453 644 1626 680 respiciebat
1646 644 1682 671 ad
1698 644 1845 680 orientem
1862 651 1869 680 ξ

1136 693 1217 720 aquae
1234 685 1332 720 autem
1350 679 1568 720 descendebant
1583 679 1611 706 in
1624 679 1702 707 latus
1726 679 1828 715 templi
1853 679 1923 706 dex-

1170 723 1249 747 trum
1261 719 1296 745 ad
1315 717 1465 744 meridiem
1483 716 1593 743 altaris.

1100 758 1133 785 Et
1149 755 1249 783 eduxit
1265 762 1310 781 me
1327 761 1377 789 per
1390 753 1466 789 viam
1482 755 1572 789 portae
1587 751 1744 786 aquilonis,

1135 795 1164 819 et
1179 790 1307 819 converti
1326 786 1371 816 ine
1387 788 1421 815 ad
1435 786 1510 815 viam
1529 788 1607 814 foras
1616 789 1730 822 portam
1741 786 1922 819 exteriorem,

1137 828 1213 855 viam
1229 833 1294 861 quae
1310 824 1486 861 respiciebat
1500 824 1534 850 ad
1551 823 1693 861 orientem
1710 829 1717 861 ξ

1138 867 1166 891 et
1181 858 1247 890 ecce
1263 869 1343 896 aquae
1361 858 1558 896 redundantes
1570 867 1586 885 ει
1599 859 1688 886 latere
1704 858 1818 896 dextro.

1103 901 1174 928 Cum
1190 892 1378 933 egrederetur
1388 896 1430 922 vir
1445 896 1479 922 ad
1494 895 1647 928 orientem,
1669 894 1718 929 qui
1739 893 1867 920 habebat
1882 892 1924 919 iu-

1176 932 1307 961 niculum
1324 933 1352 958 in
1370 939 1459 959 manu
1474 939 1537 958 sua.

1139 973 1167 998 et
1184 977 1305 997 mensus
1321 971 1364 995 est
1380 967 1459 994 mille
1470 966 1583 994 cubitos
1598 973 1605 992 :

1139 1009 1167 1034 et
1182 1004 1349 1033 transduxit
1363 1011 1409 1030 me
1426 1011 1474 1037 per
1490 1009 1595 1037 aquam
1614 1008 1708 1035 usque
1724 999 1760 1027 ad
1776 999 1864 1028 talos.

1104 1044 1291 1076 Rursumque
1308 1047 1427 1067 mensus
1443 1041 1488 1066 est
1503 1037 1591 1070 mille,

1138 1081 1166 1105 et
1181 1073 1347 1105 transduxit
1363 1083 1408 1102 me
1420 1081 1471 1109 per
1484 1081 1590 1108 aquam
1608 1080 1699 1108 usque
1714 1073 1751 1100 ad
1766 1079 1885 1108 genua:

1103 1115 1137 1141 Et
1157 1121 1278 1140 mensus
1294 1113 1339 1138 est
1356 1110 1446 1143 mille,

1137 1152 1165 1177 et
1179 1147 1345 1176 transduxit
1361 1154 1406 1173 me
1424 1154 1472 1180 per
1486 1153 1590 1180 aquam
1604 1152 1699 1179 usque
1714 1144 1751 1172 ad
1765 1150 1864 1172 renes.

1102 1186 1134 1213 Et
1150 1193 1271 1212 mensus
1285 1185 1328 1210 est
1345 1182 1436 1215 mille,

1136 1222 1306 1251 torrentem,
1322 1225 1408 1253 quem
1421 1226 1477 1245 non
1495 1217 1575 1253 potui
1592 1217 1768 1253 pertransirc
1782 1226 1790 1245 :

1139 1256 1279 1292 quoniam
1297 1255 1496 1292 intumuerunt
1511 1262 1594 1288 aqua:
1610 1254 1761 1292 profundae
1774 1253 1928 1292 torrentis,

1175 1292 1224 1327 qui
1241 1300 1297 1319 non
1316 1292 1413 1325 potest
1429 1289 1485 1325 (Al.
1504 1289 1626 1324 poterat)
1642 1289 1841 1317 transvadari.

1104 1332 1136 1357 Et
1153 1328 1225 1355 dixit
1245 1327 1279 1354 ad
1297 1334 1343 1353 me
1360 1334 1366 1352 ε

1140 1364 1221 1391 Certe
1233 1361 1343 1394 vidisti,
1356 1360 1396 1388 fili
1410 1359 1550 1387 hominis.

1105 1401 1140 1428 Et
1155 1398 1254 1427 eduxit
1266 1405 1324 1431 me,

1140 1438 1168 1463 et
1184 1434 1323 1463 convertit
1339 1433 1375 1460 ad
1392 1432 1486 1468 ripam
1502 1432 1650 1460 torrentis.

1106 1473 1236 1507 Cumque
1252 1477 1299 1507 me
1313 1468 1535 1507 convertissem,

1142 1502 1207 1535 ecc'e
1223 1505 1252 1533 in
1267 1505 1331 1540 ripa
1345 1503 1483 1533 torrentis
1498 1503 1579 1540 ligna
1590 1503 1681 1531 multa
1696 1502 1786 1531 nimis
1801 1511 1837 1531 ex
1853 1505 1929 1531 utra-

1176 1550 1231 1578 que
1246 1543 1339 1577 parte.

1106 1578 1334 1618 Etaitadime:
1494 1611 1514 1618 ν
1563 1613 1567 1618 ι
1614 1610 1618 1618 ι
1649 1610 1683 1618 __
1763 1611 1773 1618 ‘
1870 1611 1877 1618 _
1911 1609 1927 1618 ν

1140 1618 1230 1654 Aquas
1246 1612 1320 1675 ἱῗῐιῖξ,
1337 1619 1401 1647 quas
1417 1610 1658 1647 egrediunturlad
1675 1611 1808 1639 tumulos
1835 1609 1928 1639 sabuli

1178 1657 1258 1675 orien
1275 1657 1291 1675 a
1305 1656 1341 1675 is.

1178 1648 1341 1681 orientalis,

1141 1688 1170 1714 et
1184 1684 1366 1713 descendunt
1381 1684 1416 1711 ad
1433 1684 1521 1720 plana
1532 1683 1652 1718 deserti,

1141 1720 1295 1749 intrabunt
1310 1727 1401 1754 mare,
1417 1723 1446 1747 et
1460 1720 1591 1753 exibunt,

1142 1760 1171 1786 et
1184 1756 1370 1785 sanabuntur
1384 1763 1479 1790 aquae.

1106 1795 1139 1821 Et
1153 1792 1250 1821 omnis
1264 1790 1364 1819 anima
1377 1791 1488 1826 vivens,
1505 1799 1568 1826 qua
1581 1790 1669 1826 serpit
1684 1797 1867 1826 quocunque
1881 1797 1923 1816 ve-

1177 1828 1253 1856 nerit
1271 1828 1397 1860 torrens,

1141 1864 1220 1892 vivet
1236 1872 1242 1891 :

1106 1901 1140 1929 Et
1154 1902 1241 1928 erunt
1251 1898 1346 1935 pisces
1363 1897 1447 1925 multi
1463 1896 1536 1925 satis
1546 1897 1701 1932 postquam
1711 1896 1848 1923 venerint
1861 1895 1923 1924 illnc

1142 1939 1370 2000 etzgiifbiiimir
1383 1969 1412 1996 et
1425 1967 1524 1995 vivent
1534 1966 1644 2000 omnia,
1669 1966 1705 1993 ad
1727 1973 1793 2002 qua
1822 1967 1925 1995 venerit

1179 2010 1301 2035 torrens.

1106 2046 1140 2072 Et
1156 2044 1278 2071 stabunt
1292 2048 1381 2076 super
1394 2039 1461 2067 illas
1477 2039 1648 2076 piscatores,

1143 2080 1179 2108 ab
1194 2074 1436 2115 Engaddfusque
1451 2075 1487 2103 ad
1503 2074 1647 2111 Engallim
1666 2074 1788 2104 siccatio
1806 2084 1922 2113 sagenl-

1179 2114 1249 2143 rum’
1259 2114 1314 2142 erit
1330 2121 1337 2139 :

1109 2151 1243 2179 Plurimae
1259 2148 1370 2186 species
1383 2149 1470 2186 erunt
1485 2146 1612 2186 piscium
1627 2147 1702 2186 ejus,

1144 2187 1221 2215 sicut
1237 2182 1330 2218 pis'ces
1347 2184 1436 2212 maris
1453 2182 1564 2218 magni,
1579 2182 1779 2211 multitudinis
1805 2184 1898 2212 nimia:
1914 2191 1920 2209 :

1108 2224 1139 2251 In
1155 2217 1303 2250 littoribus
1315 2222 1413 2249 autem
1428 2217 1548 2254 ejus,’et
1558 2218 1587 2245 in
1601 2217 1785 2253 palustribus
1801 2229 1858 2248 non
1879 2226 1920 2247 sa-

1178 2258 1337 2291 nabuntur,

1142 2295 1212 2330 quia
1226 2294 1256 2321 in
1265 2290 1380 2321 salinas
1396 2290 1555 2330 dabuntur.

1105 2332 1141 2360 Et
1150 2326 1244 2366 super
1258 2330 1418 2366 torrentem
1430 2328 1539 2354 orietur
1554 2326 1669 2366 in_ripis
1679 2326 1745 2361 ejus
1755 2333 1793 2354 ex
1801 2327 1918 2360 utraque

1178 2362 1265 2402 parte
1274 2372 1361 2402 omne
1369 2363 1487 2402 lignum
1501 2362 1674 2398 pomiferum
1691 2370 1698 2390 :

1142 2398 1200 2430 noh
1216 2400 1323 2429 detinet
1337 2398 1440 2427 folium
1457 2403 1490 2425 ex
1504 2406 1548 2431 eo,

1142 2441 1171 2466 et
1185 2445 1244 2465 non
1260 2436 1375 2464 deﬁciet
1390 2435 1504 2461 fructus
1518 2434 1605 2468 ejus:

1107 2474 1159 2502 Per
1175 2472 1307 2509 singulos
1323 2478 1439 2509 menses
1455 2469 1555 2509 aﬂ‘eret
1570 2468 1728 2509 primitiva,

1142 2510 1211 2545 quia
1223 2504 1310 2544 aqua
1324 2507 1388 2542 ejus
1399 2506 1439 2548 de
1454 2505 1622 2546 sanctuario
1638 2504 1824 2540 egrediantur
1838 2510 1846 2530 :

1106 2546 1141 2574 Et
1155 2547 1241 2573 erunt
1256 2545 1368 2571 fructus
1381 2540 1614 2577 ejusrirnrmbum,

1155 2551 1241 2573 erunt
1256 2551 1368 2571 Iructus
1381 2551 1445 2575 ejus
1459 2551 1488 2567 ιιι
1503 2551 1614 2575 viuum,

1142 2583 1170 2610 et
1187 2580 1255 2609 folia
1264 2580 1328 2615 ejus
1343 2578 1381 2607 ad
1395 2576 1582 2615 medicinam,

1106 2619 1172 2645 Haec
1188 2616 1259 2644 dicit
1273 2612 1421 2643 Dominus
1432 2612 1507 2640 Deus
1525 2619 1532 2639 :

1107 2644 1208 2681 Hicesi
1225 2651 1379 2682 terminus,
1389 2649 1418 2676 in
1431 2655 1487 2682 quo
1499 2645 1687 2683 possidebitis
1697 2648 1805 2674 terram
1816 2645 1844 2673 in
1854 2644 1917 2671 duo-

1178 2688 1271 2716 decim
1288 2686 1425 2715 tribubus
1442 2682 1530 2710 lsrael
1547 2690 1554 2710 :

1143 2726 1211 2760 quia
1226 2723 1334 2759 Joseph
1352 2716 1679 2760 duplicem_fuuic_ulum
1694 2716 1791 2760 habet,

1107 2753 1403 2787 Poésidebitis'auteni
1415 2763 1478 2782 eam
1490 2753 1599 2789 singuli
1610 2760 1692 2788 aeque
1699 2755 1733 2780 ut
1744 2753 1831 2780 lrater
1838 2757 1914 2789 suns:

1143 2805 1231 2831 super
1247 2795 1306 2827 (ΑΙ.
1323 2794 1364 2831 in)
1381 2798 1469 2831 quam
1482 2786 1576 2831 levavi
1591 2786 1711 2816 manum
1724 2789 1862 2823 meam,ut
1872 2786 1917 2813 du

1179 2829 1239 2859 rem
1255 2830 1387 2867 patribus
1402 2829 1531 2867 vestris:
1547 2859 1552 2865 _

1142 2869 1172 2894 et
1186 2860 1270 2895 cade't
1284 2868 1362 2894 terra
1373 2864 1434 2892 haec
1448 2860 1531 2889 vobis
1545 2860 1575 2887 in
1591 2860 1817 2895 possessionem.

1107 2903 1160 2930 Hic
1171 2905 1215 2931 est
1229 2904 1329 2930 autem
1341 2898 1486 2928 terminus
1500 2898 1584 2924 terra!
1598 2903 1606 2922 :
