4028 6178
180 222 325 278 1077

178 347 462 418 Ego,_ego
495 345 748 417 capiam,
780 348 837 400 et
855 345 1063 418 vadam
1090 362 1104 402 :

247 416 478 484 tollam;
513 416 716 473 etnon
748 422 838 472 est
869 417 968 487 qui
998 423 1184 474 eruat.

169 490 406 547 Vadens
438 493 692 544 revertar
722 489 792 543 ad
825 487 1018 544 locum
1049 505 1287 546 meum:

247 563 434 617 donec
463 560 774 627 deﬁciatis,

244 639 304 689 et
331 633 606 703 quaeratis
638 633 844 686 faciem
873 647 1090 703 meam.

169 702 490 776 (σαρίνι.)
520 704 584 758 In
620 702 1000 760 tribulatione
1031 720 1140 760 sua
1170 719 1341 760 mane
1371 708 1727 778 consurgent
1747 705 1818 760 ad

321 790 458 830 me:

168 845 400 915 Venite,
432 850 490 901 et
521 853 886 902 revertamur
915 846 986 901 ad
1017 847 1376 903 Dominum:

165 918 318 982 Quia
347 918 474 990 ipse
505 917 678 990 cepit,
712 924 774 974 et
804 918 1043 990 ,sanabit
1066 935 1174 975 nos
1199 937 1211 976 :

242 988 552 1060 percutiet,
575 988 636 1045 et
655 989 886 1044 curabit
916 1005 1040 1045 nos.

165 1060 502 1116 Viviticabit
529 1077 637 1117 nos
667 1067 802 1132 post
829 1060 976 1117 duos
1007 1061 1173 1117 dies:

236 1134 300 1187 in
330 1133 424 1187 die
455 1133 629 1187 tertia
653 1133 968 1188 suscitabit
998 1149 1126 1199 nos,

237 1208 296 1259 et
313 1204 578 1259 vivemus
610 1204 670 1258 in
711 1209 1025 1276 conspectu
1057 1207 1224 1276 ejus;

160 1276 354 1332 Sciem
365 1291 454 1341 us,

237 1361 675 1430 sequemurque
706 1350 771 1401 ut
802 1362 1228 1430 cognoscamus
1258 1346 1614 1430 Dominum:

160 1418 344 1485 Quasi
376 1418 704 1473 diluculum
737 1423 1098 1490 preparatus
1129 1425 1219 1474 est
1247 1433 1522 1489 egressus
1552 1419 1704 1490 ejus,

235 1495 296 1546 et
323 1490 516 1562 veniet
545 1491 713 1560 quasi
745 1490 936 1546 imber
959 1490 1129 1546 nobis
1162 1494 1600 1562 temporaneus,
1631 1495 1688 1546 et
1718 1507 1812 1547 se-

306 1561 534 1616 rotinus
563 1565 749 1616 terra.

160 1632 312 1698 Quid
345 1633 556 1688 faciam
590 1632 718 1704 tibi,
750 1631 1026 1704 prraim
1047 1633 1075 1688 ‘I

240 1704 386 1776 quid
421 1703 629 1759 faciam
661 1703 792 1771 tibi,
821 1705 976 1760 Juda
1002 1703 1031 1758 ?

159 1775 570 1848 Misericordia
597 1780 792 1831 vestra
820 1776 988 1848 quasi
1020 1775 1207 1832 nubes
1239 1775 1551 1844 matutina,

235 1851 296 1902 et
324 1847 495 1919 quasi
530 1863 625 1902 ros
649 1863 820 1919 mane
842 1847 1265 1919 pertransiens,

159 1917 407 1990 Propter
436 1919 546 1974 hoc
584 1917 777 1990 dolavi
808 1917 868 1974 in
903 1918 1231 1990 prophetis,

233 1989 455 2046 occidit
487 2006 586 2046 eos
614 1989 674 2044 in
701 1989 1046 2046 verbis’oris
1077 1991 1192 2046 mei
1226 2007 1240 2047 :

232 2065 293 2118 et
319 2061 539 2133 judicia
567 2064 669 2116 tua
699 2061 858 2133 quasi
892 2063 992 2133 lux
1019 2062 1414 2132 egrediantur.

163 2133 804 2258 Quiarmisericordiam
833 2132 1022 2189 voluit
1052 2135 1157 2202 (At.
1188 2133 1364 2205 volo),
1394 2137 1453 2188 et
1481 2149 1597 2190 non
1627 2135 1812 2191 sacri-

329 2221 542 2258 icium:

329 2221 542 2260 letum:

232 2279 292 2331 et
320 2276 632 2348 scientiam
664 2275 787 2344 Dei,
817 2275 1132 2348 plusquam
1161 2276 1526 2334 holocausta.

163 2348 283 2422 _I_p_si
342 2353 538 2422 autem
574 2347 725 2422 sicut
779 2349 964 2422 Adam
984 2347 1351 2422 transgressi
1383 2356 1524 2404 sunt
1549 2354 1811 2422 pactum,

156 2418 238 2491 ibi
274 2418 636 2491 praevaricati
667 2423 806 2474 sunt
837 2419 897 2474 in
928 2435 1042 2475 me.

157 2489 622 2563 Galaadgcivitaa
647 2491 1017 2563 operantium
1049 2491 1296 2560 idolum,

233 2561 615 2633 supplantata
640 2561 949 2633 sanguine.

149 2633 226 2690 Et
260 2635 431 2760 qgasi
465 2635 663 2690 fauces
680 2632 936 2690 virerum
961 2632 1282 2700 latronum,
1306 2633 1597 2707 particeps
1620 2651 1813 2692 sacer-

350 2715 536 2760 otum.

350 2715 536 2775 otum,

230 2776 299 2832 in
320 2777 413 2832 via
438 2776 912 2833 interficientium
945 2781 1252 2849 pergentes
1282 2777 1354 2833 de
1385 2776 1616 2834 Sichsm
1642 2794 1657 2834 :

231 2849 380 2921 quia
409 2850 601 2904 scelus
630 2851 851 2921 operati
885 2852 1041 2904 sunt.

160 2921 232 2975 In
270 2920 447 2976 domo
481 2920 656 2977 Israel
672 2920 804 2976 ’vidi
832 2920 1230 2977 horrendum:

236 2990 323 3046 ibi
359 2993 773 3048 fornicationes
804 2992 1081 3062 Ephraim
1108 3008 1122 3047 :

236 3063 678 3120 contaminatus
707 3068 797 3119 est
827 3063 1026 3119 Israel.

153 3134 278 3190 Sed
310 3139 369 3190 et
399 3136 430 3191 J
440 3137 553 3191 uda
580 3152 728 3206 pone
749 3136 830 3206 (b.
861 3133 1086 3206 ponet‘)
1116 3150 1366 3206 messem
1397 3135 1525 3204 tibi,

235 3222 376 3262 cum
409 3205 744 3263 convertere
759 3205 1156 3278 Captivitatem
1192 3205 1390 3278 populi
1425 3208 1561 3262 mei.

150 3279 330 3349 (Cap.
367 3279 513 3351 VII.)
546 3277 933 3351 Cumsanare
957 3277 1165 3351 vellem
1194 3277 1398 3347 Israel,

229 3347 604 3421 revelata'est
634 3350 918 3421 iniquitas
952 3349 1248 3420 prraim,
1271 3355 1330 3404 et
1361 3347 1584 3405 malitia
1611 3354 1814 3406 Sama-

227 3420 356 3494 ria),
389 3423 529 3493 quia
558 3420 780 3494 operati
811 3421 1346 3494 suntmendacium
1373 3435 1386 3476 :

150 3491 354 3566 Et_fur
383 3491 689 3566 ingressus
720 3496 808 3566 est
836 3492 1119 3566 spolians,

227 3562 604 3621 latrunculus
632 3565 795 3620 foris.

234 3634 307 3694 Et
338 3638 560 3692 neforte
592 3637 793 3692 dicant
829 3637 888 3691 in
919 3633 1196 3691 cordibus
1217 3635 1368 3706 suis,
1390 3650 1624 3691 omnem
1645 3635 1812 3690 mali-

306 3709 451 3763 tiam
485 3725 685 3764 eorum
719 3724 812 3764 me
844 3707 1214 3762 recordatum
1247 3723 1261 3760 :

235 3797 397 3839 nunc
429 3781 942 3836 circumdederunt
969 3795 1068 3834 eos
1100 3777 1543 3834 adinventiones
1575 3794 1717 3845 suis,

237 3869 436 3911 coram
499 3852 645 3906 facie
677 3868 806 3906 mea
837 3853 995 3905 facta;
1027 3849 1108 3920 (b.
1145 3850 1304 3921 facti)
1335 3853 1494 3906 sunt.

167 3925 231 3978 In
272 3923 549 3981 malititia
579 3940 688 3979 sua
716 3923 1156 3994 laetificaverunt
1186 3937 1415 3994 regem:

242 4003 302 4053 et
331 3999 392 4050 in
428 3995 749 4050 mendaciis
781 3994 907 4048 suis
940 3993 1255 4064 principes.

168 4064 393 4124 Omnes
451 4066 868 4132 adulterantes,
901 4065 1072 4138 quasi
1129 4064 1394 4119 clibanus
1437 4077 1756 4118 succensus
1787 4077 1819 4116 a

315 4143 600 4195 conuente
623 4155 638 4193 :

429 4155 462 4192 u
503 4155 600 4193 me
623 4155 638 4193 :

283 4155 797 4282 uiggitepaululum
816 4207 1018 4264 civitas
1039 4223 1072 4262 a
1093 4205 1510 4261 commixtione
1531 4204 1822 4274 fermenti,

281 4298 426 4338 onec
458 4281 909 4337 fermentaretur
937 4283 1149 4334 totum.

161 4357 309 4412 Dies
332 4355 354 4389 ²
378 4355 531 4424 regis
554 4353 740 4408 nostri
774 4355 1076 4422 ccsperunt
1099 4347 1602 4424 principesfurere
1623 4363 1656 4401 a
1685 4346 1819 4402 vino

238 4419 503 4481 extendit
532 4441 773 4479 manum
808 4419 976 4478 suam
1009 4419 1143 4476 cum
1175 4419 1541 4475 illuseribus.

161 4499 320 4567 Quia
362 4496 775 4567 applicuerunt
803 4494 972 4566 quasi
1004 4492 1302 4549 clibanum
1327 4507 1427 4547 cor
1456 4506 1657 4557 suum,
1681 4506 1816 4545 cum

313 4566 701 4623 insidiaretur
723 4566 805 4620 eis
832 4581 846 4620 :

236 4644 366 4696 tota
397 4645 565 4695 nocte
596 4637 874 4694 dormivit
903 4649 1165 4707 coquens
1195 4649 1317 4707 eos,

242 4727 419 4767 mane
450 4711 576 4781 ipse
606 4725 927 4765 succensus
953 4704 1304 4781 quasiignis
1333 4704 1602 4760 ﬂammai.

165 4783 392 4864 Omnes
422 4776 685 4837 calefacti
715 4776 1051 4864 suntquasi
1080 4776 1372 4842 clibanus,

245 4859 304 4909 et
334 4854 758 4910 devoraverunt
780 4852 1012 4922 judices
1044 4865 1220 4905 suos:

169 4926 394 4982 Omnes
426 4940 823 4997 regesserum
855 4922 1228 4997 ceciderunt:

245 4993 612 5068 nonrestfqui
643 4995 855 5068 clamet
883 4995 943 5048 in
975 4993 1059 5048 eis
1090 4994 1160 5048 ad
1190 5007 1304 5068 me.

166 5067 457 5144 Ephraim
487 5063 548 5125 in
579 5065 812 5142 pupulis
843 5066 968 5138 ipse
990 5063 1518 5122 commiscebatur:

243 5286 260 5319 ί
296 5280 548 5337 Fallitur
591 5297 726 5336 vero
757 5279 850 5337 hic
871 5284 1073 5336 auctor
1101 5277 1278 5350 hujus
1309 5281 1366 5332 et
1386 5275 1820 5350 subsequentis

83 5388 102 5400 ο
171 5353 411 5420 scholii,
462 5370 589 5424 qua:
621 5353 738 5410 duo
767 5369 835 5407 ex
862 5348 1398 5424 Sen-Germ‘anensi
1440 5348 1820 5424 ms._protu_lit

164 5421 578 5492 Martiauzeus;
611 5425 826 5496 quippe
857 5439 988 5479 cum
1020 5422 1486 5478 luculentissima
1513 5421 1590 5477 sit
1620 5421 1677 5475 in
1711 5421 1819 5476 He-

164 5498 321 5552 δι·ωο
362 5506 492 5565 nvi,
521 5513 684 5567 pone.

239 5572 262 5605 ²
297 5571 363 5624 In
392 5564 551 5624 recto
582 5567 693 5622 dies
724 5565 1091 5621 restituimus
1113 5580 1216 5635 pro
1238 5564 1352 5632 die,
1373 5564 1526 5633 quod
1546 5564 1816 5619 Martian.

173 5640 338 5707 legit,
372 5637 992 5710 refragantibuslibris
1022 5636 1320 5704 omnibus,
1344 5642 1400 5690 et
1432 5641 1586 5690 recto
1617 5653 1816 5693 sensu.

248 5714 270 5748 ³
306 5711 421 5766 Ms.
455 5709 655 5778 codex,
685 5713 744 5765 in
773 5709 871 5778 eis,
905 5711 1003 5764 sed
1035 5713 1400 5780 corrupte,ut
1431 5723 1499 5761 ex
1520 5722 1816 5764 commen-

174 5783 347 5838 tariis
379 5781 849 5855 Hieronymianis
878 5785 1101 5838 certum
1132 5783 1343 5836 exstat.
1377 5781 1558 5836 Msa-1'.

1436 226 1650 280 LIBER
1685 225 1868 280 0838
1904 223 2324 279 PROPHETB.

1857 350 1912 416 Α
2013 344 2286 418 prraim
2317 347 2508 402 lactus
2537 347 2624 402 est
2663 343 3088 402 subcinericius
3120 345 3309 416 panis,
3343 346 3443 420 qui
3472 364 3586 403 non

3453 224 3589 278 1078

2087 422 2435 472 revereatur.

1939 489 2331 549 comederunt
2361 489 2534 544 alieni
2578 487 2756 543 robur
2806 489 2956 560 ejus,
3014 492 3072 544 et
3121 488 3248 560 ipse
3299 490 3584 546 nescivit:

2032 561 2132 632 sed
2166 565 2224 632 et
2251 560 2381 614 cani
2413 560 2582 615 effusi
2629 563 2767 632 sunt
2800 559 2856 614 in
2889 576 2976 632 eo,
3008 564 3065 632 et
3115 560 3241 632 ipse
3271 561 3581 632 ignoravit.

1937 627 2007 684 Et
2035 630 2450 687 bumiliabitur
2478 631 2751 703 superbia
2793 631 2970 703 Israel
3030 631 3089 685 in
3124 627 3264 686 facie
3297 627 3423 701 Ejus
3456 650 3470 688 :

2009 719 2112 758 nec
2147 703 2365 759 reversi
2398 708 2539 759 sunt
2559 702 2639 758 ad
2681 702 2990 758 Dominum
3022 707 3206 757 Deum
3239 719 3438 774 suum,

2007 777 2064 829 et
2086 791 2200 830 non
2232 775 2590 846 quaesierunt
2640 790 2772 830 eum
2816 775 2891 846 fin
2933 775 3221 846 omnibus
3255 775 3364 830 bis.

2008 847 2198 919 lactus
2229 845 2320 902 est
2350 846 2625 919 Ephrsim
2659 845 2829 917 quasi
2859 845 3136 902 columba
3175 847 3420 902 seducta
3463 865 3578 904 non

2007 915 2232 972 habens
2253 933 2350 973 cor
2375 933 2389 972 :

2005 988 2317 1061 Egyptum
2374 987 2742 1061 invocabant,

2008 1059 2101 1114 ad'
2120 1059 2391 1132 Assyrios
2435 1059 2726 1132 abierunt.

1933 1137 2149 1188 etcum
2185 1131 2428 1204 profecti
2461 1131 2696 1202 fuerint,
2729 1132 3054 1204 expandam
3088 1147 3266 1202 super
3319 1148 3418 1188 eos
3463 1140 3581 1194 rete

2006 1219 2201 1258 meum
2227 1221 2240 1258 ε

2003 1275 2173 1345 quasi
2201 1273 2496 1330 volucrem
2519 1273 2645 1330 ccsli
2678 1273 2980 1329 detraham
3029 1289 3150 1341 eos,

2001 1347 2217 1401 caedam
2251 1363 2350 1402 eos
2381 1347 2706 1403 secundum
2740 1345 3102 1401 auditionem
3133 1348 3320 1401 ccetus
3351 1361 3574 1401 eorum.

1929 1417 2021 1472 Va:
2052 1418 2472 1491 eis,_quoniam
2531 1421 2907 1491 recesserunt
2937 1433 3141 1491 ams:
3203 1488 3213 1491 Α
3563 1425 3568 1434 “

1999 1488 2412 1556 vastabantur,
2444 1489 2583 1560 quia
2631 1489 2991 1562 pravaricati
3024 1493 3168 1544 sunt
3198 1488 3258 1543 in
3290 1504 3384 1544 me
3417 1507 3430 1545 :

1998 1565 2054 1616 et
2083 1577 2186 1630 ego
2218 1561 2435 1618 redemi
2467 1577 2568 1615 eos
2597 1575 2611 1616 :

1998 1636 2056 1687 et
2086 1631 2199 1704 ipsi
2231 1632 2407 1688 locuti
2468 1639 2609 1688 sunt
2640 1635 2845 1704 contra
2874 1646 2968 1686 me
2999 1630 3324 1704 mendacia.

1844 1725 1893 1792 Β
1927 1703 1996 1759 Et
2025 1701 2141 1792 non
2168 1704 2573 1792 plnmaverunt
2602 1703 2796 1792 adﬁnis
2835 1703 2894 1757 in
2954 1701 3127 1786 cord'e
3157 1720 3288 1774 suo,

1995 1774 2092 1830 sed
2126 1774 2438 1830 ululabant
2466 1775 2523 1831 in
2557 1773 2856 1830 cubilibus
2886 1775 3044 1831 suis:

1987 1862 2166 1918 super
2193 1847 2456 1903 triticum
2476 1851 2534 1903 et
2561 1846 2761 1903 vinum
2794 1845 3572 1912 ruminabant,recesserunt

2059 1935 2093 1974 8
2129 1935 2247 1973 me.

1915 1989 1986 2045 Et
2025 2005 2137 2072 ego
2185 1988 2435 2072 erudivi_
2463 2005 2586 2055 eos,
2617 1995 2682 2072 et
2717 1988 3034 2072 confortavi
3061 1988 3296 2046 brachia
3325 1999 3567 2043 eorum:

1987 2064 2045 2116 et
2073 2060 2260 2134 inme
2289 2061 2692 2134 cogitaverunt
2721 2060 3029 2116 malitiam.

1918 2132 2157 2206 Reversi
2190 2136 2349 2202 sunt,
2367 2132 2448 2187 'ut
2476 2138 2676 2206 essent
2704 2133 2928 2204 absque
2943 2135 3088 2206 jugo
3109 2151 3127 2187 :

1987 2204 2125 2260 facti
2157 2205 2491 2276 suntgquasi
2524 2221 2695 2276 arcus
2739 2205 2983 2262 dolosus
3017 2204 3030 2259 :

1916 2275 2140 2332 Cadent
2167 2275 2227 2330 in
2259 2274 2455 2348 gladio
2482 2275 2783 2349 principes
2803 2292 3031 2345 eorum,
3065 2293 3099 2333 a
3127 2277 3325 2333 furore
3350 2277 3564 2353 lingua:

2096 2363 2237 2402 sum.

1917 2420 2036 2494 Ista
2065 2418 2450 2494 subsannatic
2482 2435 2686 2476 eorum
2720 2420 2778 2474 in
2836 2424 2993 2494 terra
3025 2420 3278 2494 ,Egypti.

1917 2490 2070 2562 (Cap.
2103 2489 2374 2568 VIII.)_ln
2406 2496 2642 2568 gutture
2667 2495 2773 2568 t_uo_
2830 2492 2898 2548 fit
2953 2489 3324 2564 tuba—quasi
3370 2495 3571 2568 aquila

2060 2578 2239 2633 super
2269 2563 2508 2617 domum
2544 2563 2776 2618 Domini
2804 2578 2817 2617 :

1987 2649 2092 2703 pro
2123 2649 2190 2688 eo
2217 2634 2374 2703 quod
2403 2634 2726 2705 trangressi
2745 2638 2898 2705 sunt
2929 2635 3117 2690 fmdus
3147 2651 3366 2705 meum,

1987 2710 2052 2777 et
2075 2705 2263 2777 legem
2293 2720 2481 2760 meam
2515 2704 2872 2777 praevaricati
2906 2711 3064 2761 sunt.

1916 2776 2009 2832 Me
2038 2776 2398 2832 invocabunt
2419 2793 2433 2832 :

1991 2849 2139 2920 Deus
2170 2863 2371 2920 meus,
2391 2847 2773 2920 cognovimus
2803 2851 2878 2918 te,
2907 2847 3106 2904 Israel.

1915 2919 2169 2990 Projecit
2199 2917 2375 2975 Israel
2401 2917 2620 2976 bo'num
2634 2962 2648 2984 ,

1984 2990 2263 3063 inimicus
2295 2995 2849 3063 persequetureum.

1841 3085 1885 3153 ρ
1923 3062 2039 3134 Ipsi
2069 3062 2560 3153 regnaverunt,“
2590 3079 2801 3153 non‘ex
2833 3078 2924 3119 ms
2949 3077 2962 3117 :

1995 3134 2290 3205 principes
2316 3135 2653 3201 extiterunt,
2685 3137 2742 3189 et
2767 3151 2881 3189 non
2913 3137 3156 3206 cognovi
3182 3152 3194 3190 :

1920 3208 2240 3278 Argentum
2265 3221 2440 3278 suum
2473 3210 2530 3261 et
2558 3222 2768 3261 aurum
2789 3223 2962 3262 suum
2991 3211 3250 3264 fecerunt
3271 3208 3380 3264 sibi
3409 3209 3563 3266 idola

2065 3281 2129 3331 ut
2159 3277 2505 3333 interirent:

1925 3349 2222 3421 Proiectus
2244 3352 2336 3404 est
2362 3349 2581 3404 vitulus
2611 3353 2752 3404 tuus
2783 3349 3069 3421 Samaria,

1993 3420 2180 3475 iratus
2211 3425 2301 3476 est
2331 3423 2494 3476 furor
2524 3435 2688 3476 meus
2721 3420 2780 3475 in
2812 3437 2911 3476 eos
2931 3421 2973 3489 ³,

1994 3490 2311 3564 Usquequo
2342 3510 2459 3548 non
2492 3497 2766 3564 poterunt
2794 3494 3152 3549 emundari?

1925 3563 2070 3630 Quia
2096 3580 2167 3636 ex
2189 3565 2366 3619 Israel
2398 3569 2454 3619 et
2479 3563 2606 3636 ipse
2635 3569 2726 3619 est
2751 3581 2764 3620 :

1998 3635 2205 3690 artifex
2235 3637 2370 3692 fecit
2396 3635 2586 3702 illum,
2620 3640 2677 3690 et
2708 3652 2821 3690 non
2851 3640 2940 3692 est
2970 3637 3124 3692 Deus
3149 3653 3163 3693 :

1997 3707 2273 3776 quoniam
2299 3708 2357 3762 in
2383 3723 2729 3762 aranearum
2754 3706 2900 3761 telas
2921 3709 3030 3762 erit
3049 3709 3266 3763 vitulus
3290 3710 3568 3766 Samarias

1926 3778 2073 3841 Quia
2093 3784 2327 3833 ventum
2360 3779 2756 3844 seminabunt,
2790 3783 2846 3831 et
2875 3779 3168 3834 turbinem
3202 3787 3457 3836 metent:

1998 3848 2228 3922 culmus
2269 3856 2470 3904 stans:
2509 3866 2620 3904 non
2655 3855 2743 3904 est
2773 3849 2829 3902 in
2864 3863 2931 3903 eo
2963 3866 3224 3922 germen,
3260 3868 3372 3905 non
3399 3853 3568 3907 faciet

2071 3919 2344 3975 farinam.

1928 3990 2089 4054 Quod
2123 3991 2173 4046 si
2205 3997 2263 4046 et
2297 3991 2493 4046 fecerit
2524 3989 2697 4046 alieni
2730 3993 3033 4046 comedent
3059 4007 3210 4047 eam.

1929 4063 2250 4118 Devoratus
2277 4068 2365 4119 est
2397 4062 2570 4118 Israel
2593 4080 2605 4117 :

2000 4151 2156 4190 nunc
2190 4136 2376 4191 factus
2409 4139 2497 4189 est
2521 4135 2578 4188 in
2614 4133 2951 4190 nationibus
2983 4133 3150 4206 quasi
3181 4151 3286 4191 vas
3318 4135 3571 4191 immun-

2000 4207 2161 4261 dum.

1929 4277 2075 4341 Quia
2106 4277 2216 4350 ipsi
2250 4277 2645 4350 accenderunt
2672 4277 2741 4350 ad
2774 4278 2981 4344 Assur,

2000 4349 2216 4432 onager
2245 4349 2544 4432 solitarius
2573 4349 2721 4432 sibi:

1848 4452 1897 4516 ι)
1931 4420 2203 4516 Euris
2234 4421 3209 4516 5“‘H’eii‘.‘3‘3‘325“.“}_§‘P3}?}fl“32'

1996 4494 2100 4547 Sed
2131 4500 2184 4547 et
2231 4508 2366 4548 cum
2425 4492 2690 4547 mercede
2719 4491 3102 4547 conduxerint
3133 4493 3240 4563 (Al.
3275 4493 3567 4548 conduxe-

2070 4565 2232 4634 runt)
2265 4563 2553 4627 nationes,
2589 4580 2744 4618 nunc
2771 4563 3135 4634 congregabo
3165 4579 3305 4618 eos:

1999 4637 2056 4689 et
2085 4635 2390 4706 quiescent
2421 4635 2719 4707 paulisper
2747 4636 2817 4690 ab
2849 4650 3021 4690 onere
3053 4635 3224 4705 regis,
3258 4641 3315 4690 et
3353 4635 3567 4706 princi-

2111 4723 2233 4761 um.

1928 4723 2518 4852 Qu‘iapgixﬁltiplicavit
2538 4777 2818 4852 Ephraim
2843 4777 3053 4832 altaria
3083 4778 3152 4832 ad
3177 4780 3564 4852 peccandum,

1999 4846 2162 4905 facta:
2183 4846 2323 4905 sunt
2351 4849 2402 4903 ei
2435 4865 2544 4904 arts
2575 4846 2634 4904 tn
2657 4849 2959 4904 delictum.

1926 4918 2188 4976 Scribam
2223 4921 2275 4976 ei
2306 4919 2658 4993 multiplices
2688 4922 2842 4992 leges
2871 4936 3078 4987 meas,.

2007 5008 2134 5066 qua:
2189 4993 2349 5066 velut
2377 4992 2579 5049 alienas
2611 4995 2963 5065 computata:
2986 4994 3088 5066 (Al.
3127 4995 3368 5064 putatae)
3403 4997 3565 5050 sunt.

1925 5064 2158 5124 Hostias
2178 5065 2422 5121 aﬂ'erent
2439 5066 2480 5136 ‘,

1999 5279 2234 5336 ‘Aliter
2290 5279 2488 5350 plures
2517 5275 3099 5350 mss.,ibileguunt:
3147 5278 3365 5335 Hostius
3411 5279 3568 5350 aﬂer,

1928 5351 2068 5424 aﬂ‘ef
2083 5369 2096 5419 ;
2113 5349 2703 5424 immolabantcames,
2722 5355 2809 5404 etc
2823 5349 3006 5424 Quam
3031 5349 3569 5424 interpretationem

1928 5420 1996 5478 ei
2027 5422 2265 5494 Hebraeo
2301 5432 2523 5494 unum
2560 5422 2684 5476 sine
2715 5421 2950 5494 punctis
2981 5420 3278 5494 vocalibus
3308 5426 3568 5494 sumpto,

1929 5495 2175 5550 derivari
2192 5491 2523 5548 nihilvetat.
2548 5491 3404 5563 Porro’lectionemhujusmodl
3423 5491 3566 5564 prm-

1931 5568 2124 5621 ferunt
2155 5583 2339 5621 canon
2364 5565 2953 5631 San-Germanensis,
2988 5567 3168 5620 codex
3198 5565 3566 5622 Corheiensis

1930 5654 1986 5693 n.
2021 5638 2074 5704 3,
2107 5638 2160 5691 8.
2191 5637 2464 5694 German.
2490 5653 2548 5691 n.
2581 5639 2615 5689 2
2645 5649 2700 5691 et
2725 5639 2807 5692 10.
2833 5643 2890 5691 et
2912 5637 3566 5693 ColbertinusAnicien-

1927 5709 2009 5764 sis
2042 5709 2233 5780 prima
2250 5725 2448 5764 manu.
2487 5707 3013 5782 Aliileguntutnos
3032 5708 3564 5781 posuimusMaar.
