4028 6178
410 216 546 271 1079

479 341 874 397 immolabunt
905 356 1128 409 carnes,
1169 345 1225 395 et
1255 343 1596 399 comedent:

483 414 768 470 Dominus
807 429 922 466 non
958 414 1242 484 suscipiet
1275 430 1392 468 eas.

414 486 586 541 Nunc
636 486 1042 539 recordabitur
1075 484 1408 555 iniquitatis
1451 501 1677 554 eorum,
1712 491 1768 541 et
1815 486 2078 541 visitabit

562 562 799 628 peccata
831 571 1033 609 eorum
1066 572 1078 608 :

490 626 603 697 ipsi
637 629 704 680 ad
740 626 1044 697 rEa'yptum
1079 631 1512 682 convertentur.

423 701 485 752 liii.
543 700 766 752 oblitus
803 706 889 752 est
951 699 1122 752 Israel
1159 699 1392 754 factoris
1455 699 1566 767 sui,
1600 699 1907 754 aediﬁcavit
1973 701 2076 754 de-

573 771 788 823 labra:

497 848 549 895 et
580 841 763 895 Judas
795 839 1204 911 multiplicavit
1234 841 1408 896 urbes
1441 842 1728 897 munitas:

435 915 502 969 Et
539 914 770 966 mittam
805 912 996 982 ignem
1030 912 1085 965 in
1117 913 1379 966 civitates
1410 914 1559 982 ejus,

504 991 561 1037 et
593 984 895 1037 devorabit
924 984 1076 1036 aedes
1110 983 1290 1048 illius,

430 1057 588 1127 (Cap.
621 1053 919 1178 IX.)1.Noli
969 1054 1174 1123 laetari,
1238 1053 1418 1109 Israel
1445 1053 1562 1110 noli
1595 1054 1886 1111 exsultare
1926 1057 2081 1112 sicut

576 1142 808 1178 nonux:

615 1142 808 1180 ODllllZ

615 1143 645 1180 ο
695 1143 808 1180 uu:

503 1143 994 1268 qulalornicatus
1026 1211 1086 1248 cs
1118 1213 1150 1250 a
1181 1195 1296 1251 Deo
1328 1201 1450 1252 tuo.

507 1267 761 1323 dilexisti
793 1268 1117 1322 mercedem
1151 1284 1329 1338 super
1357 1285 1562 1324 omnes
1593 1285 1758 1324 areas
1789 1269 2006 1325 tritici:

435 1346 583 1394 Area
615 1346 672 1394 et
703 1339 959 1394 torcular
988 1355 1101 1393 non
1135 1344 1333 1409 pascet
1363 1355 1483 1406 eos,

507 1416 562 1466 et
589 1411 787 1465 vinum
823 1410 1134 1465 mentietur
1163 1411 1267 1466 eis.

437 1481 562 1537 Non
596 1482 950 1537 habitabant
980 1482 1037 1536 in
1072 1485 1226 1536 terra
1257 1482 1525 1537 Domini:

508 1570 776 1608 reversus
808 1559 896 1608 est
925 1553 1198 1624 Ephraim
1229 1555 1288 1608 in
1319 1557 1655 1625 ngyptum,

511 1631 567 1680 et
598 1627 653 1697 in
688 1626 942 1697 Assyriis
976 1625 1265 1695 pollutum
1299 1625 1568 1680 comedit.

1467 223 1526 274 Β.
1569 221 1972 275 HIERONYMI
2015 218 2268 271 DIVINA
2307 215 2802 271 BIBLIOTHECA.

3683 213 3842 267 1080

2107 343 2156 409 Α
2191 343 2434 412 Propter
2481 337 2763 412 malitiam
2796 335 3275 392 adinventionum
3308 349 3532 403 eorum,
3559 337 3628 392 de
3659 337 3841 395 domo

2334 429 2461 467 mea
2491 410 2722 480 ejiciam
2755 423 2900 480 eos:

2260 500 2375 539 non
2409 479 2644 548 addam,
2678 485 2741 535 ut
2772 479 3013 549 diligam
3045 493 3165 533 eos.

2260 571 2464 609 omnes
2499 552 2791 624 principes
2822 566 3022 624 eorum
3057 550 3413 606 recedentes.

2189 622 2514 681 Percussus
2537 630 2626 679 est
2661 622 2931 694 Ephraim
2948 666 2960 686 ,

2262 698 2424 752 radix
2455 712 2656 752 eorum
2687 695 2977 749 exsiccata
3005 696 3089 748 est
3115 707 3127 746 :

2262 773 2517 823 fructum
2552 781 2927 836 nequaquam
2958 763 3191 819 facient.

2260 841 2422 905 Quod
2455 847 2512 894 et
2543 839 2588 893 si
2623 837 2957 909 genuerint,

2265 911 2611 967 interﬁciam
2628 906 3050 963 amantissima
3081 906 3229 961 uteri
3254 922 3482 962 eorum.

2189 984 2439 1054 Abjiciet
2469 999 2568 1038 eos
2600 981 2751 1054 Deus
2782 996 2970 1054 meus,
3001 979 3139 1054 quia
3172 996 3283 1034 non
3308 979 3628 1035 audierunt
3663 997 3808 1037 eum

2262 1051 2315 1111 et
2345 1060 2522 1109 erunt
2551 1053 2680 1122 vagi
2703 1051 2762 1105 in
2795 1051 3159 1106 nationibus.

2185 1128 2346 1200 (Cap.
2379 1126 2480 1193 Χ.)
2513 1120 2664 1200 Vitis
2695 1123 2971 1178 frondosa
3003 1120 3202 1200 Israel.

2266 1193 2492 1252 fructus
2525 1197 2870 1252 adaequatus
2901 1205 2992 1249 est
3021 1193 3073 1248 ei
3100 1210 3112 1247 :

2193 1269 2536 1325 Secundum
2570 1263 3006 1321 multitudinem
3042 1265 3266 1319 fructus
3297 1263 3386 1318 sui
3437 1264 3866 1338 multiplicavit

2386 1339 2559 1393 ltaria

2253 1345 2775 1482 juxtlli‘atl‘bzrtatem
2804 1412 2970 1464 terra:
2994 1423 3112 1461 suae
3135 1405 3470 1482 exuberavit
3491 1408 3868 1466 simulacris.

2195 1478 2466 1538 Divisum
2487 1487 2578 1536 est
2609 1497 2711 1535 cor
2740 1495 2966 1546 eorum,
2999 1495 3153 1534 nunc
3185 1478 3532 1548 interibunt,

2260 1555 2388 1627 ipse
2421 1552 2748 1623 confringet
2779 1550 3094 1606 simulacra
3123 1566 3352 1614 eorum,
3382 1551 3866 1622 depopulabitur

2340 1642 2472 1680 aras
2503 1639 2725 1679 eorum.

442 1697 566 1752 Non
599 1691 868 1751 libabant
900 1691 1143 1751 Do'mino
1176 1697 1398 1764 vinum,
1428 1701 1484 1752 et
1515 1713 1630 1751 non
1664 1695 1980 1766 placebunt
2010 1698 2082 1753 ei:
2123 1698 2170 1762 B
2201 1697 2346 1761 Quia
2377 1712 2532 1751 nunc
2564 1696 2795 1750 dicent:
2827 1692 2952 1766 Non
2987 1697 3082 1766 est
3106 1709 3204 1748 rex
3234 1691 3404 1747 nobis
3435 1708 3448 1746 :

513 1769 801 1823 sacrificia
830 1784 1055 1836 eorum,
1085 1767 1254 1838 quasi
1287 1767 1454 1838 pani
1485 1767 1832 1839 lugentium.

443 1845 659 1895 Omnes
680 1839 777 1910 qui
804 1841 1110 1894 comedent
1131 1841 1234 1909 (At.
1260 1840 1594 1910 comedunt)
1619 1856 1776 1907 eum,
1800 1839 2084 1895 contami-

515 1913 848 1966 nabuntur:

445 1983 590 2046 Quia
622 1983 792 2054 panis
815 1998 1016 2037 eorum
1049 1983 1253 2054 animae
1285 1982 1574 2052 ipsorum,

517 2053 635 2108 non
666 2055 906 2108 intrabit
950 2054 1056 2123 (Al.
1086 2053 1416 2123 intrabunt)
1450 2055 1506 2107 in
1541 2055 1783 2108 domum
1828 2053 2086 2108 Domini.

445 2126 592 2190 Quid
629 2126 851 2179 facietis
881 2125 940 2177 in
974 2125 1068 2178 die
1098 2125 1368 2188 solemni,

515 2197 575 2250 in
609 2195 701 2249 die
736 2195 1068 2250 festivitatis
1100 2195 1327 2248 Domini
1354 2195 1382 2248 ‘I

446 2267 591 2321 Ecce
622 2266 776 2320 enim
811 2267 1048 2337 profecti
1083 2272 1221 2320 sunt
1251 2283 1284 2320 a
1313 2265 1612 2320 vastitate:

516 2342 791 2407 Egyptus
821 2337 1200 2408 congregabit
1230 2353 1350 2404 eos,

448 2409 734 2479 Memphis
765 2409 1006 2479 sepeliet
1034 2425 1164 2462 eos:

451 2478 846 2534 Desiderabile
893 2485 1202 2550 argentum
1235 2494 1433 2533 eorum
1469 2479 1658 2534 urtica
1702 2478 2092 2535 haereditahit.

519 2551 694 2622 lappa
730 2551 788 2604 in
820 2551 1215 2622 tabernaculis
1246 2567 1470 2605 eorum.

449 2621 750 2678 Venerunt
779 2623 903 2678 dies
951 2621 1322 2689 visitationis,
1355 2626 1640 2677 venerunt
1669 2622 1795 2678 dies
1843 2623 2084 2678 retribu-

593 2694 810 2748 tionis:
1454 2729 1457 2731 -

521 2766 725 2820 scitote
755 2762 930 2820 Israel
959 2763 1208 2820 stultum
1240 2764 1883 2836 prophetam,insanum
1905 2766 2094 2820 virum

599 2837 992 2888 sniritualem.

599 2837 992 2899 spiritualem,

599 2853 992 2908 spiritualem,

525 2913 761 2980 propter
779 2907 1220 2962 multitudinem
1242 2906 1576 2978 iniquitatis
1602 2911 1738 2978 tuae,
1754 2913 1810 2965 et
1832 2906 2096 2963 multitu-

595 2981 792 3034 dinem
828 2980 1116 3033 amentia}.

446 3049 787 3122 Speculator
833 3049 1106 3122 Ephraim
1130 3066 1262 3122 eum
1296 3046 1411 3105 Deo
1442 3066 1601 3106 meo:

522 3120 805 3192 propheta
836 3121 1081 3191 laqueus
1105 3121 1488 3176 ruinzel'aetus
1505 3127 1593 3178 est
1621 3122 1883 3193 (ALtaret
1909 3122 2095 3177 factus

593 3195 706 3262 est)
740 3207 917 3262 super
946 3193 1302 3264 omnesgvias
1333 3195 1481 3264 ejus.

522 3261 756 3318 insania
785 3261 843 3318 in
870 3264 1044 3318 domo
1075 3261 1166 3318 Dei
1202 3264 1350 3334 ejus.

451 3335 744 3390 Profunda
776 3340 1179 3406 peccaverunt,
1213 3336 1366 3390 sicut
1396 3334 1454 3389 in
1489 3335 1959 3406 diebusGabaa:

523 3407 927 3461 recordabitur
975 3406 1306 3475 iniquitatis
1336 3423 1558 3474 eorum,
1582 3411 1640 3462 et
1668 3405 1927 3461 visitabit
1966 3423 2098 3478 pec-

597 3482 726 3532 cata
755 3493 978 3531 eorum.
1177 3517 1179 3519 .

457 3548 631 3611 Quasi
666 3565 806 3603 uvas
840 3549 897 3602 in
931 3549 1160 3602 deserto
1200 3547 1393 3601 inveni
1430 3547 1605 3602 Israel
1637 3565 1650 3602 :

532 3619 700 3689 quasi
732 3619 920 3691 prima
935 3635 1103 3690 poma
1127 3619 1385 3674 ﬁculneae
1408 3620 1466 3674 in
1483 3619 1786 3674 cacumine
1805 3619 1956 3690 eius,
1980 3619 2096 3674 vidi

602 3695 796 3762 patres
827 3707 1027 3747 eorum
1058 3707 1071 3747 :

458 3762 573 3834 Ipsi
607 3761 802 3818 autem
847 3763 1210 3834 intraverunt
1249 3762 1320 3816 ad
1354 3761 1770 3834 Beel-Pbegor,
1801 3766 1856 3817 et
1885 3762 2100 3818 abalie-

597 3835 716 3888 nati
749 3836 968 3889 suntin
989 3833 1420 3902 confusionem,

527 3910 584 3976 et
604 3905 736 3960 facti
753 3911 894 3960 sunt
917 3905 1346 3962 abominabiles
1370 3906 1522 3960 sicut
1539 3921 1605 3961 ea
1627 3921 1752 3976 quae
1768 3904 2100 3960 dilexerunt

456 3975 729 4049 Ephraim
765 3979 932 4049 quasi
962 3977 1084 4033 avis
1115 3977 1386 4049 avolavit,

524 4047 706 4117 gloria
736 4047 938 4104 eorum
970 4066 1004 4103 a
1028 4053 1226 4120 partu,
1247 4052 1302 4120 et
1325 4048 1397 4103 ab
1429 4051 1614 4115 utero,
1647 4052 1702 4103 et
1733 4065 1767 4103 a
1787 4052 2094 4120 conceptu.

455 4117 617 4181 Quod
651 4119 700 4175 si
732 4125 790 4174 et
817 4117 1170 4175 enutriérint
1200 4118 1351 4174 filios
1377 4135 1538 4187 suos,

527 4192 750 4262 absque
780 4190 982 4247 liberis
1011 4208 1109 4247 eos
1141 4191 1351 4246 faciam
1384 4191 1442 4245 in
1475 4190 1842 4246 hominibus:

519 4262 619 4318 sed
652 4261 709 4318 et
738 4279 818 4316 vae
849 4263 955 4330 eis,
987 4279 1123 4318 eum
1155 4278 1446 4317 recessero
1477 4263 1549 4316 ab
1581 4261 1703 4317 eis:

454 4333 752 4459 Ephrgiim,
786 4339 849 4388 ut
878 4333 1014 4402 vidi,
1047 4335 1234 4406 Tyrus
1264 4339 1386 4388 erat
1416 4334 1656 4388 fundata
1684 4333 1740 4387 in
1774 4332 2100 4404 pulchritu-

638 4421 764 4459 ine:

638 4421 764 4460 ine:

521 4481 577 4531 et
606 4476 887 4547 Ephraim
930 4478 1137 4532 educet
1169 4477 1240 4531 ad
1274 4473 1700 4530 interfectorem
1727 4475 1877 4531 ﬁlios
1931 4492 2091 4531 suos.

453 4551 533 4600 Da
560 4547 666 4613 eis,
701 4547 964 4613 Domine,

522 4618 667 4683 Quid
700 4619 868 4674 dabis
899 4619 982 4673 eis
1005 4619 1032 4674 ?

457 4693 537 4744 Da
567 4690 651 4744 eis
681 4689 909 4744 vulvam
945 4691 1071 4745 sine
1101 4689 1302 4744 liberis
1336 4692 1377 4759 ¹,

521 4767 576 4816 et
606 4761 785 4816 ubera
816 4762 1059 4817 arentia.

451 4831 666 4887 Omnes
683 4832 972 4904 nequitiae
988 4847 1183 4888 eorum
1219 4831 1276 4886 in
1300 4831 1525 4903 Galgal,

513 4906 650 4976 quia
679 4903 757 4959 ibi
789 4903 994 4960 exesos
1044 4904 1224 4959 habui
1257 4920 1394 4959 eos:

513 5100 932 5184 ‘.Ex'emplaria_
958 5101 1198 5184 canonis
1232 5101 1526 5184 duplicem
1547 5101 1810 5184 ejusdem
1847 5102 2092 5184 llebraaaa

433 5174 596 5228 vocis
629 5173 892 5228 Latinam
919 5173 1132 5229 habent
1163 5173 1729 5244 interpretationem.
1767 5174 1842 5228 Da
1865 5175 1944 5233 eis
1965 5175 2091 5230 vul-

439 5262 564 5300 vam
593 5245 836 5317 sterilem
876 5244 997 5317 sine
1026 5245 1236 5313 liberis,
1283 5251 1393 5300 etc.
1425 5244 1651 5299 Sterilis
1691 5244 1845 5299 enim
1897 5245 2090 5317 vulva,

433 5321 490 5371 et
521 5317 691 5371 vulva
723 5316 851 5372 sine
881 5315 1085 5372 liberis
1117 5325 1254 5372 sunt
1285 5331 1625 5388 synonyma.
1669 5321 1851 5371 MART.

503 5419 571 5428 ——
603 5389 913 5460 Perperam
946 5387 1174 5460 aliquot
1192 5387 1370 5458 penes
1402 5389 1667 5460 Martias.
1700 5403 1808 5442 ms.
1837 5388 2086 5443 intersa-

428 5462 570 5532 runt
582 5459 1149 5532 sterilem,glosaema
1161 5459 1576 5532 subsequentis
1592 5459 2092 5530 interpretationis

427 5531 548 5584 sine
583 5531 792 5600 liberis,
827 5529 1004 5602 quam
1032 5533 1203 5587 unice
1237 5529 1410 5586 refert
1441 5529 1677 5586 Hebraea
1701 5529 1826 5597 vex,
1859 5540 2088 5592 7131373.

471 5619 523 5694 .9
551 5619 744 5694 Canon
779 5619 1518 5694 Sun-Germanensisaddit
1539 5636 1749 5694 nomen
1775 5620 2085 5694 liierooaat:

432 5691 574 5761 sicut
604 5699 841 5744 vastatus
858 5695 938 5746 est
960 5692 1247 5747 Satlmana
1266 5709 1296 5746 a
1313 5691 1488 5761 rdomo
1513 5694 1566 5758 ej
1573 5707 1634 5744 us
1655 5692 1965 5756 Hierobaal,
1991 5694 2090 5761 qui

416 5756 690 5824 judicavit
723 5762 878 5832 Baal,
911 5767 1018 5818 etc.
1053 5763 1216 5826 Quod
1251 5780 1281 5817 e
1311 5760 1458 5818 libro
1509 5756 1676 5817 tertio
1707 5756 2078 5818 Commenta-

2273 1785 2387 1824 non
2420 1767 2576 1822 enim
2610 1767 2890 1821 timemus
2921 1764 3272 1819 Dominum:

2267 1845 2324 1896 et
2357 1856 2454 1894 rex
2486 1839 2626 1909 quid
2661 1835 3076 1909 facietgnobis?

2197 1907 2529 1982 Loquimini
2549 1909 2723 1982 verba
2744 1907 2986 1982 visionis
3007 1907 3256 1982 inutilis,
3277 1912 3348 1982 e_t_
3366 1908 3586 1982 feriatis
3613 1909 3727 1964 fazd
3742 1927 3853 1982 us:

2268 1979 2685 2063 etgerminabit
2699 1980 2867 2052 quasi
2886 1979 3216 2034 amaritudo
3230 1980 3514 2051 judicium
3529 1981 3856 2052 supersnl-

2339 2070 2438 2109 cos
2469 2069 2616 2124 agri.

2197 2125 2417 2182 Vaecas
2449 2120 2765 2179 Be'th-Aven
2799 2120 3106 2177 coluerunt
3131 2121 3489 2178 habitatores
3520 2123 3813 2178 Samaria:
3840 2140 3854 2177 :

2270 2197 2409 2269 quia
2437 2195 2588 2269 luxit
2613 2210 2790 2269 super
2818 2210 2949 2248 eum
2986 2193 3237 2264 populus
3258 2194 3419 2269 ‘ejus,

2271 2264 2328 2326 et
2356 2267 2553 2323 aeditui
2583 2264 2712 2338 ejus
2744 2281 2922 2336 super
2945 2279 3079 2320 eum
3111 2264 3552 2321 exsultaverunt
3573 2264 3635 2319 in
3659 2264 3858 2336 gloria

2342 2356 2492 2403 ejus,

2342 2355 2492 2410 ejus,

2275 2416 2413 2482 quia
2445 2408 2718 2482 migravit
2739 2407 2811 2482 ab
2843 2423 2932 2482 eo.

2203 2478 2595 2554 SiquidemEt
2623 2479 2749 2551 ipse
2777 2479 2836 2533 in
2867 2480 3051 2534 Assur
3073 2478 3303 2534 delatus
3334 2483 3442 2545 est,
3472 2495 3698 2534 munus
3731 2479 3860 2551 regi

2347 2553 2519 2608 ultori
2549 2568 2563 2606 :

2275 2624 2542 2681 confusio
2579 2621 2694 2693 Eph
2707 2621 2849 2676 raim
2872 2621 3079 2693 capiet,

2277 2703 2333 2752 et
2361 2691 2750 2752 confundetur
2774 2691 2955 2748 Israel
2984 2693 3042 2748 in
3075 2691 3369 2748 voluntate
3400 2710 3528 2748 sua.

2205 2769 2482 2825 Transire
2513 2765 2646 2821 fecit
2677 2764 2942 2820 Samaria
2972 2780 3164 2836 regem
3201 2781 3375 2819 suum

2277 2839 2445 2912 quasi
2479 2853 2751 2912 spumam
2784 2852 2962 2912 super
2993 2837 3196 2912 faciem
3233 2853 3416 2904 aquae.

2209 2912 2275 2967 Et
2295 2905 3007 2982 disperdenturexwelsa
3031 2908 3189 2982 idoli,
3225 2913 3492 2977 pacatum
3527 2907 3742 2963 Israel:

2282 2977 2458 3054 lappa
2487 2985 2544 3036 et
2574 2977 2829 3054 tribulus
2859 2981 3133 3054 ascendet
3162 2996 3340 3050 super
3369 2996 3500 3034 aras
3532 2995 3734 3035 eorum
3767 2996 3782 3034 :

2131 3051 2174 3119 C
2213 3057 2281 3112 Et
2311 3049 2506 3109 dicent
2536 3051 2868 3106 montibus:
2903 3049 3136 3121 Operite
3167 3049 3312 3118 nos;

2275 3130 2332 3182 et
2360 3123 2604 3181 collibus
2633 3139 2646 3177 :
2677 3123 2880 3177 Cadite
2911 3138 3088 3192 super
3113 3139 3239 3177 nos.

2204 3206 2274 3262 Et
2303 3197 2512 3251 diebus
2541 3194 2760 3258 Gabaa,
2787 3191 3044 3263 peccavit
3075 3192 3272 3258 Israel,
3305 3191 3384 3248 ibi
3417 3197 3710 3248 steterunt
3739 3210 3755 3247 :

2277 3286 2391 3324 non
2424 3264 2893 3336 comprehendet.
2927 3281 3028 3320 eos
3060 3265 3117 3320 in
3149 3264 3346 3321 Gabaa
3376 3263 3644 3336 praelium
3676 3280 3859 3336 super

2348 3339 2501 3394 filios
2531 3336 2884 3406 iniquitatis,

2204 3415 2377 3474 Juxta
2406 3409 2763 3464 desiderium
2797 3423 2995 3463 meum
3027 3408 3349 3480 corripiam
3371 3423 3511 3463 eos:

2279 3480 2792 3554 congregabantur
2821 3496 2999 3550 super
3022 3495 3131 3554 eos
3155 3478 3375 3554 populi,

2277 3549 2421 3610 cum
2436 3549 2824 3622 corripientur
2854 3549 3091 3624 prOpter
3115 3549 3222 3621 (Ᾱι.
3240 3549 3443 3623 ςυρθιο)
3459 3549 3609 3604 duas
3633 3549 3853 3620 iniqui-

2349 3630 2500 3680 tates
2531 3639 2692 3684 suas.

2205 3696 2484 3771 Ephraim
2517 3693 2700 3771 vitula
2725 3693 2900 3771 docta
2929 3693 3167 3771 diligere
3195 3692 3496 3771 trituram,

2274 3773 2336 3826 et
2362 3784 2466 3839 ego
2496 3765 2739 3822 transivi
2765 3781 2951 3839 euper
2966 3763 3481 3839 pulchritudinem
3514 3763 3648 3820 colli
3683 3764 3846 3834 ejus:

2274 3781 2336 3826 et
2362 3784 2466 3839 ego
2496 3781 2739 3822 transivi
2774 3781 2951 3890 super
2981 3782 3066 3836 pu.

2206 3841 2532 3898 Ascendam
2565 3853 2738 3907 super
2765 3837 2848 3908 Ep
2896 3835 3066 3902 raim,

2277 3910 2468 3968 arabit
2495 3909 2701 3964 Judas.

2279 3981 2611 4051 contringet
2637 3976 2748 4051 sibi
2782 3975 3206 4051 sulco_s_Jacob.

2205 4054 2503 4111 Seminate
2518 4049 2695 4106 “vobis
2723 4049 2781 4104 in
2808 4049 3062 4119 justitia,

2277 4130 2334 4182 et
2363 4124 2562 4180 metite
2581 4122 2641 4177 in
2671 4137 2770 4177 ore
2801 4120 3210 4176 misericordiae

2277 4198 2550 4252 innovate
2569 4193 2734 4249 vobis
2766 4191 2968 4248 navale
2993 4208 3006 4246 :

2205 4269 2462 4340 Tempus
2491 4270 2685 4340 autem
2718 4262 3051 4340 requirendi
3083 4262 3425 4340 Dominum,

2280 4334 2414 4394 cum
2446 4337 2668 4392 venerit
2697 4335 2795 4406 qui
2831 4334 3057 4390 decebit
3084 4351 3184 4390 vos
3209 4335 3527 4406 justitiam.

2128 4411 2175 4475 Β
2278 4411 2500 4466 Arastis
2527 4407 2916 4479 impietatem,

2277 4476 2648 4552 iniquitatem
2677 4476 3032 4552 messuistis.

2201 4548 2555 4610 Comedistis
2590 4551 2816 4621 frugem
2851 4548 3180 4621 mendacii:

2274 4625 2414 4696 quia
2438 4620 2788 4696 cenﬁsuses
2819 4623 2875 4696 in
2909 4621 3016 4696 viis
3047 4620 3187 4686 tuis,

2275 4691 2333 4751 ll)
2367 4693 2810 4750 multitudinem
2843 4691 3079 4746 fortium
3113 4697 3372 4746 tuorum.

2202 4769 2529 4838 Consurget
2557 4763 2936 4838 tumultusin
2973 4764 3186 4834 populo
3216 4768 3337 4828 tuo,

2274 4845 2332 4894 et
2355 4833 2562 4893 om'nes
2593 4833 3007 4890 multitudines
3036 4839 3151 4889 tute
3181 4833 3592 4901 vastabantur,

2203 4910 2365 4966 Sicut
2393 4912 2658 4965 vastatus
2689 4911 2779 4963 est
2807 4906 3085 4963 Salmana
3113 4923 3147 4960 a
3177 4907 3349 4962 domo
3379 4906 3561 4974 ejus‘,

2200 5103 2420 5176 riorum
2456 5103 2871 5176 Hieronymiin
2912 5102 3056 5158 Osee
3081 5102 3337 5176 mutuari
3363 5103 3730 5176 potuit,quia
3767 5102 3846 5156 ibi

2200 5175 2492 5246 legimus:
2525 5175 2589 5229 Et
2616 5174 2862 5246 vastatus
2892 5179 2988 5237 est,
3037 5184 3098 5229 ut
3130 5174 3190 5230 in
3249 5175 3475 5246 Ife!)er
3530 5175 3848 5246 continetur

2198 5245 2281 5302 a6
2297 5263 2497 5316 ARBEL,
2532 5246 2588 5300 id
2619 5245 2800 5316 ipsum
2814 5246 3172 5316 signiﬁcante
3195 5245 3336 5315 quod
3357 5250 3409 5300 et
3429 5247 3710 5312 Jerobaal,
3731 5245 3842 5310 sed,

2202 5317 2441 5374 breviori
2468 5317 2856 5388 disertiorique
2883 5333 3152 5373 sermone.
3186 5317 3371 5373 MART.

2269 5421 2337 5428 —
2369 5393 2481 5443 Pro
2511 5389 2703 5444 verbis
2732 5393 2849 5456 eius
2876 5388 2974 5461 qui
2993 5389 3268 5459 judicavit
3303 5389 3461 5454 Baal,
3493 5391 3722 5443 tantum
3758 5391 3843 5443 es:

2196 5477 2255 5532 in
2276 5461 2629 5555 Heb.‘m31:~t
2648 5493 2681 5555 _:_
2703 5477 2761 5531 in
2789 5478 2981 5555 Graeco
3009 5481 3117 5530 τῶν
3305 5481 3537 5555 tantum
3563 5471 3838 5555 'Icpoﬁail

2200 5549 2361 5620 quod
2393 5564 2606 5604 nomen
2632 5549 2820 5622 Grieei
2854 5550 3052 5605 itidem
3084 5566 3154 5622 eu
3187 5547 3471 5622 Hebraica
3497 5547 3840 5622 etymologia

2197 5619 2642 5704 exponunthqui
2657 5619 2932 5702 judicavit
2976 5621 3136 5704 Bonl,
3173 5620 3466 5704 utvidere
3491 5619 3581 5677 est
3613 5622 3671 5676 in
3714 5623 3838 5704 ipso

2199 5691 2651 5763 Hieronymiano
2671 5692 2966 5748 Nommum
2985 5692 3154 5748 libro.
3187 5692 3434 5748 Videtur
3449 5695 3593 5749 adeo
3617 5709 3688 5748 ex
3711 5706 3834 5762 ejus

2196 5734 2850 5830 Versiorlislectionemt
2872 5764 3211 5837 pervulgata
3225 5763 3484 5821 nominis
3503 5734 3833 5837 significatu

4013 5309 4015 5389 ι
