4028 6178
248 187 384 244 1081

324 311 426 384 qui
454 309 739 380 judicavit
766 308 904 384 Daal
938 309 1123 384 indie
1157 308 1358 382 praelii,

327 380 512 438 matre
545 398 726 452 super
757 380 904 436 filios
937 380 1129 437 allisa.

249 456 344 510 Sic
377 454 513 509 fecit
541 453 708 508 vobis
741 452 1004 507 Beth-El.

328 543 359 579 a
392 527 536 580 faeie
566 524 800 578 malitiae
833 523 1230 595 nequitiarum
1264 528 1614 579 vestrarum.

252 599 412 670 (Cap.
446 598 570 664 XI.)
606 595 793 670 Sicuti
825 612 999 670 mane
1031 595 1262 661 transit,

328 667 673 740 pertransiit
703 683 802 740 re;
831 668 1028 740 Israel.

251 737 406 806 Odia
435 757 579 809 puer
612 737 812 803 Israel,
845 743 902 793 et
931 737 1106 792 dilexi
1132 754 1307 792 eum:

329 817 386 868 et
417 829 484 866 ex
515 811 760 882 Egypto
787 811 981 865 vocavi
1012 809 1199 864 ﬁlium
1233 825 1448 864 meum.

252 883 618 938 Vocaverunt
643 898 766 947 eos,

329 955 409 1010 sic
438 954 716 1009 abierunt
745 969 780 1007 a
801 951 946 1007 facie
977 967 1214 1009 eorum:

249 1025 479 1081 Baalim
518 1023 921 1089 immolabant,

328 1103 385 1152 et
415 1095 752 1152 simulacris
777 1093 1206 1150 sacriﬁcabant.

252 1169 325 1223 Et
355 1184 461 1240 ego
492 1167 657 1238 quasi
691 1167 974 1240 nutritius
1005 1164 1306 1240 Ephraim,

334 1236 638 1312 pdrtabam
670 1255 769 1294 eos
800 1239 856 1292 in
891 1237 1148 1312 brachiis
1179 1236 1324 1291 meis
1346 1255 1364 1291 :

329 1310 384 1368 et
415 1311 752 1366 nescierunt
783 1310 936 1380 quod
969 1323 1234 1364 curarem
1266 1326 1388 1366 eos.

257 1388 326 1440 In
363 1382 645 1438 funiculis
674 1381 858 1436 Adam
890 1380 1117 1435 traham
1149 1397 1270 1447 eos,

330 1457 389 1510 in
421 1452 674 1508 vinculis
704 1452 1049 1508 charitatis:

253 1528 330 1582 Et
359 1542 457 1582 ero
489 1526 572 1580 eis
603 1525 770 1595 quasi
804 1523 1067 1579 exaltans
1087 1523 1298 1594 jugum
1319 1538 1498 1594 super
1519 1522 1785 1579 maxillas
1807 1538 1897 1577 eo-

405 1613 534 1652 rum
563 1613 576 1650 Ζ

331 1672 388 1723 et
417 1665 702 1723 declinavi
727 1667 794 1720 ad
826 1681 983 1734 eum,
1020 1669 1082 1720 ut
1110 1670 1460 1722 vesceretur.

258 1741 390 1798 Non
415 1743 734 1795 revertetur
763 1739 818 1792 in
846 1738 1340 1809 terramrzEgypti,

338 1817 392 1867 et
424 1815 609 1866 Assur
633 1811 759 1881 ipse
791 1813 880 1864 est
903 1824 1000 1864 rex
1029 1808 1156 1878 ejus
1183 1827 1195 1864 :

337 1886 616 1954 quoniam
650 1879 964 1954 noluerunt
993 1879 1270 1954 converti.

258 1951 431 2025 Cepit
461 1953 691 2025 gladius
721 1952 779 2006 in
805 1953 1151 2025 civitatibus
1180 1951 1333 2022 ejus,

341 2024 401 2082 et
429 2024 739 2080 censumet
767 2024 981 2081 electos
1010 2025 1162 2092 ejus,

343 2103 402 2152 et
430 2097 692 2151 comedet
720 2095 912 2165 capita
941 2111 1164 2149 eorum.

264 2172 343 2223 Et
374 2167 626 2238 populus
657 2182 822 2220 meus
847 2167 1119 2236 pendebit
1149 2167 1216 2238 ad
1252 2166 1503 2238 reditum
1528 2180 1722 2220 meum
1751 2180 1763 2218 :

335 2235 548 2311 jugum
583 2243 778 2311 autem
806 2235 1144 2309 imponetur
1169 2237 1251 2292 eis
1283 2235 1482 2306 simul,

340 2309 499 2381 quod
531 2326 644 2364 non
675 2309 988 2381 auferetur.

260 2379 1203 2490 01133.11:metretam
1233 2398 1247 2446 ς

337 2458 639 2523 protegam
673 2456 750 2520 te,
780 2450 957 2506 Israel
979 2450 998 2504 ‘l

261 2521 572 2589 Quomodo
605 2523 756 2578 dabo
787 2527 843 2577 te
873 2523 1026 2578 sicut
1047 2521 1291 2588 Adama,
1388 2546 1391 2547 ν

336 2611 552 2666 ponam
583 2603 635 2649 te
665 2597 730 2648 ut
748 2595 980 2649 Seboim
1003 2593 1032 2647 ‘I

260 2667 622 2722 Conversum
656 2669 746 2720 est
776 2666 834 2721 in
864 2681 954 2720 me
976 2681 1077 2720 cor
1107 2680 1326 2730 meum,

343 2738 564 2810 pariter
592 2737 938 2810 conturbata
964 2740 1055 2810 est
1089 2734 1389 2807 pcenitudo
1416 2751 1565 2790 mea.

265 2808 397 2866 Non
431 2810 638 2864 faciam
672 2808 926 2864 furorem
961 2808 1058 2863 irae
1092 2823 1270 2862 meae:

346 2897 464 2936 non
495 2887 798 2952 convertar
827 2889 889 2935 ut
919 2879 1250 2952 disperdam
1282 2877 1558 2949 Ephraim
1587 2893 1599 2930 :

271 2951 760 3024 QuoniamiDeus
792 2967 920 3024 ego,

342 3028 403 3078 et
435 3039 551 3078 non
584 3023 758 3078 homo
786 3039 799 3076 :

269 3097 335 3150 In
371 3095 562 3150 medio
591 3094 677 3148 tui
709 3097 971 3160 sanctus,

341 3170 400 3221 et
428 3182 546 3221 non
579 3165 880 3236 ingrediar
909 3164 1220 3236 civitatem.

266 3237 406 3293 Post
441 3235 752 3292 Dominum
782 3235 1193 3304 ambulabunt,

341 3308 518 3392 quasi
549 3307 638 3364 leo
668 3308 859 3392 rugiet
884 3327 898 3375 ;

264 3379 415 3444 Quia
445 3380 571 3450 ipse
601 3379 813 3450 rugiet,

341 3456 402 3507 et
431 3447 834 3506 formidabunt
865 3448 968 3504 ﬁlii
999 3447 1202 3503 maris.

265 3523 338 3577 Et
361 3522 680 3593 avolabunt
710 3522 878 3593 quasi
911 3519 1031 3576 avis
1059 3535 1125 3574 ex
1157 3523 1428 3593 Egypto,

341 3598 400 3650 et
430 3592 599 3664 quasi
631 3590 903 3649 columba
935 3593 1006 3664 de
1035 3595 1192 3664 terra
1219 3590 1628 3664 Assyriorum:

339 3672 399 3720 et
429 3659 724 3720 collocabo
754 3681 853 3721 eos
885 3665 943 3718 in
975 3663 1248 3717 domibus
1281 3659 1428 3725 suis,
1449 3659 1912 3715 dicitDominus.

266 3735 672 3793 Circumdedit
749 3753 840 3791 me
912 3735 971 3790 in
1049 3733 1356 3804 negatione
1425 3732 1532 3804 (Al.
1599 3731 1728 3786 add.
1789 3732 1918 3803 sua)

414 3807 718 3862 thraim.

549 3823 718 3869 raim,

419 3826 718 3879 mpnranm,

343 3881 401 3933 et
430 3878 488 3934 in
522 3879 657 3934 dolo
683 3879 897 3932 domus
930 3874 1110 3931 Israel
1138 3891 1151 3928 :

267 3951 451 4004 ludas
484 3955 678 4005 autem
712 3947 884 4003 testis
913 3946 1215 4002 descendit
1246 3962 1378 4001 cum
1415 3950 1548 4010 Deo,

343 4027 401 4076 et
429 4038 564 4078 eum
595 4020 816 4077 sanctis
839 4018 1050 4074 ﬁdelis.

270 4268 543 4323 Latinum
578 4270 959 4338 Interpretem
983 4264 1076 4338 hic
1109 4265 1456 4330 reddidisse,
1488 4264 1732 4338 eius‘qui
1759 4261 1921 4334 judi-

263 4342 411 4396 cavit
443 4340 616 4399 Baal;
639 4335 974 4409 quanquam
1000 4337 1370 4392 Martianaaus
1395 4352 1578 4409 unum
1599 4335 1806 4409 laudat
1828 4350 1920 4389 co-

266 4413 457 4467 dicem
469 4406 1088 4477 Sen-Germa‘nensem,
1122 4409 1218 4478 qui
1243 4409 1500 4480 pressius
1516 4408 1584 4462 ad
1597 4407 1705 4460 huc
1719 4406 1915 4461 Graeco

265 4483 462 4550 habet,
494 4482 654 4537 domo
674 4481 945 4537 Jerobaal.
961 4481 1027 4535 Et
1048 4480 1158 4534 hoc
1179 4481 1418 4551 quidem
1458 4483 1910 4548 cognomentum

266 4554 558 4609 Gedeonis
590 4553 700 4607 fuit
754 4552 1028 4607 Judicum
1074 4551 1176 4607 lib.
1234 4567 1309 4618 v1,
1369 4567 1423 4605 v.
1483 4552 1571 4617 32,
1632 4565 1808 4620 quam
1858 4553 1917 4603 et

267 4624 452 4680 alludi
485 4623 789 4679 historiam
818 4640 851 4677 a
882 4623 1188 4694 propheta,
1248 4622 1598 4694 Interpretes
1655 4620 1914 4692 plerique

265 4712 477 4752 omnes
510 4701 638 4767 post
670 4693 1065 4765 Hieroni'tim
1099 4693 1382 4748 sentiunt.
1419 4693 1600 4747 Movet
1652 4709 1743 4746 me
1783 4707 1915 4745 vero

262 4789 433 4840 tanta
455 4783 676 4839 Hebraei
704 4783 959 4838 nominis
980 4767 1176 4842 582'»:
1195 4782 1566 4837 diﬁerentiaa
1586 4783 1915 4837 Graecorum

262 4873 517 4929 lectione
547 4857 744 4936 ἣνῆν.
779 4875 1060 4927 Caeterum
1098 4887 1198 4942 pro
1235 4871 1519 4939 judicavit,
1581 4874 1920 4926 constanter

259 4946 658 5072 (EI-ieroitiymus
681 4943 740 4998 in
764 4943 1199 5000 Commentario
1217 4942 1378 5013 legit,
1405 4942 1777 5013 exponitque‘
1794 4943 1919 4996 vin-

301 5032 494 5072 zcavz.

301 5019 494 5072 icavit.

340 5091 358 5123 ¹
396 5089 576 5143 Locus
606 5084 919 5156 insigniter
948 5085 1300 5156 depravatus
1332 5083 1390 5138 in
1423 5100 1566 5156 mss.
1595 5083 1917 5156 codicibus.

257 5163 460 5215 Canon
495 5155 1060 5212 Sac-Germanensis
1095 5156 1203 5210 hoc
1263 5157 1435 5210 modo
1469 5155 1625 5224 egit:
1649 5155 1920 5222 Quomodo

257 5230 401 5285 dabo
431 5233 501 5293 te,
535 5228 802 5299 Ephraim
832 5227 1198 5299 {expugnabo
1223 5229 1296 5293 le,
1324 5226 1503 5281 Israel
1523 5226 1558 5299 ?A
1607 5225 1923 5299 Exemplar

258 5318 396 5355 vero
419 5297 906 5356 Carcassonensis
951 5298 1257 5354 Ecclesia}:
1313 5297 1590 5366 Quomodo
1650 5297 1788 5351 dabo
1846 5303 1918 5362 te,

263 5373 538 5443 Ephraim
562 5392 581 5438 ,-
609 5371 952 5443 expugnabo,
983 5379 1270 5443 protegam
1299 5369 1470 5424 Israel
1494 5372 1518 5421 .9
1545 5368 1920 5443 Colbertinus

262 5440 444 5499 codex
476 5444 815 5498 Aniciensis
847 5441 1099 5496 habebat
1129 5440 1369 5494 verbum
1398 5441 1738 5509 expugnabo,
1765 5442 1918 5511 quod

267 5532 478 5570 manus
496 5520 656 5586 poste
668 5511 793 5586 rigor}
810 5512 1079 5567 erasituti
1100 5512 1751 5586 factumconspiciturin
1768 5519 1924 5586 vetu-

269 5583 533 5642 stissimo
557 5587 666 5640 San
691 5583 1094 5650 Germanensi,
1128 5603 1181 5638 n.
1216 5585 1250 5638 3
1291 5583 1455 5640 Unde
1472 5583 1650 5638 ambo
1675 5583 1921 5638 nuncle-

265 5663 616 5783 guntutnos
631 5654 1920 5728 posuimusipsumHieronymumsecutiquia

294 5731 373 5783 Ib.
399 5727 1040 5783 mtiommentariorum
1061 5727 1122 5782 in
1143 5728 1288 5783 Osee
1313 5727 1459 5782 hanc
1479 5727 1729 5783 insemet
1749 5743 1918 5782 suam

294 5727 373 5784 ib.
399 5727 1040 5784 mtiommentariorum
1061 5727 1122 5782 in
1143 5728 1288 5783 Osee
1313 5727 1459 5782 hanc
1479 5727 1729 5799 ipsemet
1749 5743 1918 5782 suam

1504 188 1718 241 mssa
1754 187 1934 242 ossa
1979 171 2397 243 paopasms.
3162 254 3166 256 I

1927 311 1982 377 Α
2013 308 2165 382 (Cap.
2199 311 2346 383 XII.)
2378 311 2647 383 prraim
2685 313 2865 381 pascit
2895 315 3154 379 ventum,

3409 171 3412 174 ’
3518 186 3658 242 1082

2084 387 2139 436 et
2161 386 2426 438 sequitur
2456 389 2662 438 aestum
2692 400 2705 437 :

2084 454 2323 528 totadie
2357 456 2727 528 mendacium
2758 459 2814 528 et
2851 456 3199 528 vastitatem
3258 454 3646 528 multiplicat:

2012 527 2080 578 Et
2111 524 2300 599 fmdus
2331 542 2464 599 cum
2498 526 2750 599 Assyriis
2780 525 2934 583 iniit.

2083 600 2143 670 et
2168 595 2362 670 oleum
2391 598 2447 652 in
2473 595 2780 670 [Egyptum
2815 598 3054 653 ferebat.

2010 666 2308 722 Judicium
2340 685 2476 740 ergo
2510 666 2735 725 Domini
2770 685 2903 724 cum
2934 670 3102 737 Juda,

2083 744 2139 793 et
2171 739 2428 813 visitatio
2459 758 2638 813 super
2658 741 2842 796 Jacob

2009 808 2187 866 Juxta
2214 811 2338 866 vias
2369 812 2518 880 ejus,

2083 886 2140 936 et
2165 883 2326 951 iuxta
2358 883 2802 937 adinventiones
2831 883 2961 953 ejus
2991 882 3191 936 reddet
3220 881 3294 936 ei.

2011 954 2076 1006 In
2109 959 2271 1026 utero
2303 953 2707 1026 supplantavit
2735 956 2973 1026 fratrem
3004 969 3178 1007 suum
3209 969 3222 1006 :

2082 1029 2138 1096 et
2167 1025 2224 1079 in
2260 1023 2602 1080 fortitudine
2642 1042 2750 1080 sua
2777 1024 3034 1080 directus
3063 1029 3152 1080 est
3179 1041 3312 1080 cum
3346 1023 3572 1096 angelo.

2012 1094 2080 1149 Et
2111 1094 2360 1151 invaluit
2391 1099 2462 1152 ad
2497 1097 2796 1168 angelum,

2086 1173 2142 1222 et
2171 1170 2530 1225 confortatus
2561 1174 2690 1224 est:

2012 1238 2210 1304 Flevit,

2082 1316 2140 1365 et
2169 1309 2389 1380 rogavit
2418 1325 2582 1365 eum:

2083 1385 2146 1438 In
2178 1381 2419 1436 Beth-El
2450 1381 2669 1436 invenit
2699 1397 2859 1446 eum,

2081 1458 2139 1508 et
2169 1452 2247 1508 ibi
2278 1452 2510 1508 locutus
2540 1457 2628 1508 est
2653 1453 2985 1520 nobiscum,

2010 1525 2081 1580 Et
2106 1525 2392 1580 Dominus
2428 1526 2576 1579 Deus
2606 1525 2985 1591 exercituum,

2081 1597 2369 1652 Dominus
2401 1595 2736 1650 memoriale
2765 1597 2915 1666 ejus,

1937 1677 1985 1743 B
2015 1670 2081 1722 Et
2109 1672 2169 1743 tu
2205 1669 2276 1743 ad
2310 1672 2484 1743 Deum
2519 1673 2686 1743 tuum
2720 1666 3072 1743 converteris
3105 1683 3118 1722 :

2024 1753 2026 1755 '
2088 1739 2546 1795 misericordiam
2581 1739 2950 1809 etjudicium
2985 1737 3238 1803 custodi,

2084 1815 2142 1866 et
2169 1827 2341 1882 spera
2372 1811 2429 1865 in
2463 1810 2576 1866 Deo
2606 1815 2707 1866 tuo
2739 1825 3004 1881 semper:

2014 1879 2333 1950 Chanaam,
2367 1882 2424 1936 in
2459 1896 2634 1937 manu
2666 1883 2794 1952 ejus
2824 1879 3043 1936 statera
3075 1879 3298 1946 dolosa,

2086 1952 2443 2009 calumniam
2475 1952 2693 2008 dilexit.

2017 2024 2083 2080 Et
2113 2025 2258 2080 dixit
2286 2024 2566 2095 Ephraim
2602 2043 2614 2080 :

2086 2097 2296 2152 Verum
2329 2101 2526 2150 tamen
2557 2096 2718 2150 dives
2747 2095 2987 2150 effectus
3021 2111 3179 2163 sum,

2087 2168 2282 2223 inveni
2312 2167 2536 2222 idolum
2569 2165 2752 2222 mihi:

2085 2243 2302 2295 Omnes
2334 2237 2566 2294 labores
2599 2239 2713 2292 mei

2086 2327 2203 2367 non
2233 2310 2534 2366 invenient
2565 2308 2709 2363 mihi
2736 2305 3658 2379 iniquitatem,iquamhpeccavi.

2019 2382 2084 2436 Et
2112 2398 2224 2509 egg
2247 2381 2534 2507 Dominus
2564 2387 2718 2438 Deus
2752 2377 2887 2435 tuu's
2917 2379 3033 2452 (Al.
3055 2377 3398 2450 addﬁeduxi)
3421 2394 3488 2433 ex
3511 2383 3661 2432 terra

2226 2469 2334 2509 avo
2367 2471 2407 2509 1.

2342 2454 2407 2516 ti.

2088 2469 2513 2580 aditibugggzldere
2545 2529 2598 2578 te
2631 2523 2832 2578 faciam
2870 2521 2928 2576 in
2961 2519 3377 2588 tabernaculis,

2088 2597 2242 2652 sicut
2272 2597 2329 2650 in
2362 2596 2569 2650 diebus
2599 2595 2952 2650 festivitatis.

2018 2670 2086 2722 Et
2115 2667 2344 2722 locutus
2374 2682 2507 2722 sum
2541 2681 2716 2735 super
2747 2664 3082 2736 prophetas,

2091 2744 2147 2794 et
2176 2754 2282 2809 ego
2313 2737 2600 2792 visionem
2621 2734 3041 2809 multiplicavi,

2088 2815 2147 2865 et
2174 2803 2242 2864 id
2267 2825 2456 2880 manu
2482 2803 2895 2880 prophetarum
2924 2803 3285 2861 assimilatus
3316 2820 3472 2859 sum.

2018 2881 2077 2937 Si
2101 2881 2313 2936 Galaad
2345 2879 2593 2950 idolum,

2087 2957 2286 3008 tamen
2321 2951 2425 3017 (Al.
2450 2945 2609 3022 ergo)
2643 2951 2859 3006 frustra
2887 2952 3050 3004 erant
3102 2945 3162 3002 in
3219 2945 3418 3018 Galgal
3475 2945 3666 3002 bobus

2169 3022 2578 3079 immolantes:

2093 3112 2230 3150 nam
2263 3099 2320 3149 et
2345 3094 2556 3150 altaria
2585 3109 2784 3148 eorum
2820 3092 2989 3163 quasi
3022 3088 3209 3147 acervi
3249 3105 3427 3162 super
3482 3086 3668 3143 fulcos

2166 3166 2312 3240 agri.

2023 3233 2401 3309 Fugit'Jocob
2437 3236 2495 3290 in
2528 3235 2824 3309 regionem
2857 3233 3053 3306 Syriis.

2095 3308 2149 3366 et
2182 3308 2414 3364 servivit
2446 3308 2621 3363 Israel
2654 3308 2712 3360 in
2746 3323 2944 3376 uxore,

2096 3385 2152 3437 et
2183 3381 2243 3435 in
2275 3395 2453 3434 uxore
2483 3377 2753 3434 servavit.

2026 3452 2092 3508 In
2147 3451 2430 3578 pgphqta
2508 3454 2704 3506 autem
2761 3446 2960 3504 eduxit
3028 3446 3313 3503 Dominus
3368 3443 3544 3501 Israel
3601 3444 3672 3499 de

2235 3540 2345 3578 avo
2381 3537 2454 3578 o:

2352 3527 2454 3578 to:

2165 3540 2412 3596 mgypto
2438 3540 2454 3578 :

2095 3598 2152 3676 et
2182 3595 2239 3650 in
2274 3593 2559 3676 propheta
2590 3593 2856 3648 servatus
2886 3594 2994 3676 est.

2025 3666 2104 3720 Ad
2138 3660 2523 3735 iracundiam
2540 3679 2632 3718 me
2655 3662 2984 3735 provocavit
3005 3660 3279 3732 prraim
3305 3660 3363 3714 in
3388 3660 3670 3715 amaritu-

2168 3737 2407 3792 dinibus
2440 3733 2586 3799 suis,

2098 3811 2154 3861 et
2185 3807 2427 3880 sanguis
2447 3807 2582 3880 ejus
2606 3819 2781 3880 super
2813 3819 2948 3880 eum
2980 3802 3192 3880 veniet,

2096 3883 2156 3933 et
2186 3870 2568 3949 opprobrium
2601 3870 2728 3945 ejus
2759 3874 3025 3949 restituet
3058 3873 3109 3928 ei
3171 3870 3452 3927 Dominus
3504 3886 3671 3925 suus.

2027 3949 2188 4020 (Cap.
2226 3944 2408 4020 XIII.)
2435 3944 3058 4020 LoquenteAEphraim,

2101 4015 2304 4076 horror
2330 4015 2547 4074 invasit
2575 4015 2777 4082 Israel,

2097 4097 2154 4147 et
2180 4092 2427 4164 deliquit
2456 4091 2514 4146 in
2548 4090 2708 4157 Baal,

1943 3045 1986 3112 C.

2028 4285 2158 4326 esse
2177 4266 2713 4340 interpretationem
2733 4265 3021 4340 agnoscit,
3037 4263 3299 4340 quamvis
3322 4279 3449 4340 eam
3474 4266 3676 4340 postea

2030 4357 2146 4396 non
2180 4334 2415 4412 penitus
2446 4334 2821 4412 comprobet:
2858 4361 2885 4387 ‹‹
2917 4337 2975 4392 In
2997 4334 3232 4403 eoloco,
3258 4336 3470 4412 inquit,
3492 4334 3593 4412 ubi
3615 4338 3675 4412 et

1950 4410 1994 4474 D
2033 4429 2138 4468 nos
2161 4405 2217 4468 et
2240 4411 2381 4467 LXX
2405 4405 2769 4482 interpretati
2793 4425 3029 4465 sumus:
3052 4405 3408 4482 Protegam'te
3420 4407 3591 4482 Israel
3614 4405 3673 4460 in

2024 4483 2304 4553 Hebraico
2323 4479 2607 4553 scriptum
2631 4499 2692 4537 es
2703 4497 3075 4537 AMAGGENACH
3089 4483 3243 4550 quod
3259 4479 3472 4553 AquiIa
3492 4484 3680 4553 trans-

2027 4555 2166 4612 tulit
2185 4551 2343 4625 ὅπλῳ
2372 4551 2642 4607 animiam
2675 4573 2751 4616 σε,
2785 4554 2840 4606 id
2861 4557 2950 4606 est
2991 4561 3140 4606 scuto
3197 4551 3561 4625 circumdabo‘
3595 4558 3669 4604 te.

2027 4627 2187 4694 Quod
2214 4621 2346 4680 cum
2371 4627 2427 4680 in
2449 4626 2660 4680 bonam
2686 4629 2907 4696 partem
2934 4629 3278 4696 putaremus
3314 4621 3588 4696 intelligi,
3619 4625 3677 4675 et

2029 4697 2362 4770 signiﬁcare
2379 4694 2792 4770 protectionem
2814 4712 2910 4770 :ea
2923 4694 3175 4770 editione
3189 4694 3525 4770 Symmachi
3541 4708 3678 4770 con:

2027 4762 2246 4824 trarius
2272 4762 2442 4824 nobis
2463 4784 2674 4823 sensus
2699 4762 3275 4836 subjiciturdicenti's
3288 4762 3510 4818 ἐκδώσω
3524 4764 3674 4836 σε,ἱά

2029 4847 2118 4896 est
2150 4841 2366 4895 tradam
2391 4844 2458 4895 te.
2485 4839 2566 4894 Ex
2585 4835 2963 4894 translatione
2986 4855 3219 4909 quoque
3239 4835 3673 4909 Theodotionis,

2031 4929 2143 4968 non
2161 4912 2576 4986 prospera,_s_ed
2603 4904 3360 4986 adversa_demonstrantur,
3386 4904 3675 4986 amatam

2031 5002 2109 5051 σε,
2138 4975 2640 5054 quod-signiﬁcat,
2674 4982 2902 5037 nudabo
2923 4986 2994 5047 te,
3013 4991 3062 5038 cl
3083 4975 3388 5052 auferama
3406 4975 3457 5036 ιὲ
3477 4975 3671 5054 balba,

2029 5049 2138 5110 hoc
2155 5049 2269 5120 est,
2300 5049 2534 5109 sedtum
2566 5069 2681 5123 quo
2713 5060 2769 5107 te
2799 5057 2972 5108 antea
3025 5049 3410 5123 protexeram.
3463 5056 3528 5105 Et
3578 5049 3673 5104 hic

2031 5142 2241 5181 sensus
2265 5125 2453 5196 magis
2468 5123 2998 5179 convenitDomino
3013 5123 3417 5179 comminanti.
3437 5145 3462 5171 ››
3486 5126 3674 5179 MART.

2101 5262 2170 5272 —-
2193 5231 2432 5287 Accedit
2454 5229 2762 5298 ﬁdejussor
2790 5234 2848 5284 S.
2881 5230 3006 5299 ipse
3040 5230 3329 5299 Interpres
3382 5231 3438 5283 in
3501 5229 3675 5299 Com-

2033 5307 2244 5366 ment.,
2279 5323 2307 5352 «
2335 5303 2397 5357 In
2431 5318 2520 5369 eo,
2555 5303 2852 5372 inquiens,
2902 5298 3046 5367 loco,
3078 5300 3176 5355 ubi
3201 5298 3262 5356 et
3303 5317 3408 5355 nos
3457 5305 3511 5354 et
3541 5298 3678 5354 LXX

2032 5374 2402 5443 interpretati
2435 5371 2664 5442 sumus,
2683 5377 2971 5444 protegam
2994 5381 3064 5435 te,
3096 5374 3288 5437 Israel,
3313 5373 3371 5426 in
3396 5371 3677 5444 Hebraico

2031 5442 2320 5516 scriptum
2351 5449 2441 5499 est
2471 5442 2895 5512 Ammagenach,
2914 5449 3022 5499 etc.
3050 5466 3076 5491 »
3098 5445 3366 5516 Martias.
3394 5442 3570 5516 quiet
3595 5442 3677 5496 lo-

2029 5514 2167 5571 cum
2199 5516 2355 5572 hunc
2387 5515 2682 5587 integrum
2717 5516 2938 5583 laudat,
2970 5516 3291 5587 expugnabo
3321 5515 3377 5568 in
3410 5514 3539 5587 aliis
3561 5529 3674 5569 ms.

2031 5587 2354 5660 invenerat,
2386 5605 2487 5660 pro
2514 5586 2833 5659 protegam:
2860 5587 2917 5642 in
2951 5586 3086 5642 aliis
3117 5587 3309 5643 eidem
3350 5586 3526 5642 verbo
3559 5601 3678 5640 una

2021 5659 2322 5730 junctum.
