4028 6178
248 201 382 258 1081

323 326 426 398 qui
453 323 737 395 judicavit
767 323 904 398 Daal
937 324 1122 398 indie
1156 323 1357 396 praelii,

325 394 511 452 matre
544 412 725 467 super
747 394 904 467 ﬁlios
937 395 1128 452 allisa.

249 471 344 524 Sic
377 468 512 524 fecit
539 466 707 523 vobis
739 466 1002 522 Beth-El.

327 558 357 594 a
392 541 534 594 facie
564 539 798 592 malitias
832 538 1229 610 nequitiarum
1263 543 1612 594 vestrarum.

251 613 410 683 (Cap.
445 613 569 678 XI.)
605 609 792 683 Sicuti
825 609 996 665 mane
1029 610 1261 675 transit,

327 682 672 754 pertransiit
700 698 800 754 rex
829 682 1027 754 Israel.

251 752 405 820 Quia
434 772 578 824 puer
610 752 811 818 Israel,
845 759 901 807 et
929 752 1105 807 dilexi
1131 768 1306 806 eum:

328 831 385 882 et
416 843 484 880 ex
513 826 759 897 [Egypto
786 825 981 880 vocavi
1011 824 1198 878 ﬁlium
1232 839 1447 878 meum.

252 898 617 953 Vocaverunt
641 913 765 962 eos,

328 969 408 1024 sic
437 969 715 1023 abierunt
744 984 778 1022 a
800 965 945 1022 facie
975 982 1212 1022 eorum:

249 1039 478 1096 Baalim
515 1037 920 1104 immolabant,

327 1117 384 1166 et
414 1109 750 1166 simulacris
776 1107 1205 1164 sacriﬁcabant.

252 1183 324 1237 Et
354 1199 460 1255 ego
491 1183 656 1252 quasi
690 1182 972 1255 nutritius
1005 1179 1305 1255 Ephraim,

333 1251 637 1326 portabam
669 1269 768 1308 eos
799 1253 855 1306 in
890 1251 1147 1326 brachiis
1179 1251 1324 1306 meis
1345 1269 1363 1306 :

327 1324 383 1382 et
414 1325 751 1380 nescierunt
781 1324 934 1395 quod
967 1338 1233 1378 curarem
1265 1340 1387 1380 eos.

255 1402 325 1455 In
362 1396 644 1452 funiculis
673 1396 856 1450 Adam
888 1395 1115 1450 traham
1149 1411 1269 1460 eos,

329 1471 388 1524 in
420 1467 673 1522 vinculis
703 1467 1008 1523 charitatis
1033 1485 1047 1522 :

253 1542 329 1596 Et
358 1556 456 1596 ero
487 1540 570 1594 eis
601 1539 768 1610 quasi
803 1538 1066 1594 exaltans
1087 1538 1297 1610 jugum
1318 1553 1496 1609 super
1519 1537 1784 1594 maxillas
1806 1553 1896 1592 eo-

404 1627 574 1666 rum:

330 1686 386 1737 et
415 1679 701 1738 declinavi
725 1681 794 1735 ad
825 1696 982 1749 eum,
1019 1685 1081 1734 ut
1109 1684 1459 1736 vesceretur.

256 1755 388 1812 Non
413 1759 733 1809 revertetur
761 1753 818 1806 in
844 1758 1057 1807 terram
1089 1752 1338 1824 Egypti,

336 1832 390 1881 et
423 1829 608 1880 Assur
632 1825 757 1895 ipse
789 1828 879 1878 est
902 1839 999 1878 rex
1029 1823 1155 1892 ejus
1181 1842 1194 1879 :

337 1901 614 1969 quoniam
648 1893 963 1969 noluerunt
991 1893 1269 1969 converti.

256 1966 429 2040 Cepit
460 1967 690 2039 gladius
720 1966 778 2020 in
804 1967 1150 2040 civitatibus
1179 1966 1332 2036 ejus,

339 2037 399 2096 et
427 2037 737 2094 consumet
765 2037 980 2095 electos
1010 2040 1160 2106 ejus,

341 2117 400 2166 et
429 2112 690 2166 comedet
718 2110 911 2180 capita
940 2125 1163 2164 eorum.

262 2186 341 2238 Et
372 2181 624 2253 populus
655 2197 821 2235 meus
845 2181 1118 2252 pendebit
1148 2181 1216 2253 ad
1252 2181 1501 2253 reditum
1528 2195 1721 2234 meum
1750 2194 1762 2232 :

334 2249 547 2325 jugum
582 2258 776 2325 autem
805 2249 1143 2324 imponetur
1168 2251 1250 2307 eis
1283 2249 1481 2320 simul,

339 2324 496 2395 quod
529 2341 642 2378 non
674 2324 988 2378 auferetur.

258 2393 606 2460 Quomodo‘
641 2395 790 2450 dabo
816 2401 892 2458 te,
926 2393 1201 2461 Ephraim
1232 2413 1246 2461 ;

336 2412 568 2451 Iomoao
592 2412 606 2430 ι
641 2412 790 2450 uano
816 2412 892 2458 te,
930 2412 965 2448 0

336 2473 638 2538 protegam
672 2472 748 2534 te,
779 2412 1006 2521 Israelg

259 2536 570 2603 Quomodo
604 2538 754 2592 dabo
787 2542 842 2592 te
872 2538 1026 2592 sicut
1046 2536 1290 2602 Adama,

336 2625 550 2680 ponam
581 2617 634 2664 te
664 2612 728 2662 ut
747 2609 979 2664 Seboim
1003 2607 1030 2662 ‘l

259 2681 620 2737 Conversum
655 2683 744 2734 est
775 2681 832 2735 in
863 2695 953 2734 me
975 2695 1076 2735 cor
1107 2695 1325 2744 meum,

341 2752 562 2824 pariter
589 2751 937 2824 conturbata
964 2755 1053 2824 est
1088 2749 1388 2822 pcenitudo
1415 2765 1563 2804 mea.

264 2823 395 2880 Non
430 2825 637 2878 faciam
671 2823 925 2878 furorem
960 2823 1056 2877 irre
1090 2837 1268 2876 meae:

344 2911 462 2950 000
493 2901 798 2950 convertar
826 2903 888 2950 ut
917 2893 1249 2966 disperdam
1281 2891 1557 2964 Ephraim
1586 2908 1598 2945 :

269 2966 758 3038 QuoniamDeus
790 2982 919 3038 ego,

341 3043 401 3094 et
434 3054 548 3092 non
582 3037 757 3092 homo
785 3053 797 3091 :

268 3111 333 3164 In
369 3109 560 3164 medio
590 3108 676 3163 tui
707 3111 970 3175 sanctus,

339 3185 398 3236 et
428 3197 544 3236 non
579 3180 879 3250 ingrediar
907 3179 1220 3250 civitatem.

263 3251 405 3307 Post
440 3249 750 3306 Dominum
781 3249 1192 3318 ambulabunt,

340 3323 516 3406 quasi
548 3323 636 3378 leo
667 3323 857 3406 rugiet
882 3342 896 3390 ;

262 3394 414 3458 Quia
443 3395 569 3464 ipse
600 3394 812 3464 rugiet,

340 3471 401 3521 et
431 3462 833 3521 formidabunt
863 3463 967 3518 filii
999 3462 1201 3517 maris.

264 3537 336 3592 Et
360 3536 678 3608 avolabunt
702 3536 877 3608 quasi
909 3534 1030 3608 avis
1057 3550 1123 3588 ex
1155 3537 1426 3608 JEgypto,

340 3613 399 3664 et
429 3607 597 3678 quasi
629 3605 902 3662 columba
933 3607 1004 3678 de
1034 3609 1190 3678 terra
1217 3605 1627 3678 Assyriorum;

339 3686 398 3734 et
427 3674 722 3735 0011000110
752 3696 851 3736 000
883 3680 942 3732 10
974 3677 1247 3732 domibus
1279 3674 1426 3739 suis,
1447 3675 1587 3729 dicit
1603 3674 1912 3729 Dominus.

265 3749 670 3807 Circumdedit
747 3767 839 3806 me
910 3749 969 3804 in
1048 3748 1355 3818 negatione
1423 3746 1530 3818 (Al.
1598 3745 1726 3800 add.
1788 3747 1916 3818 sua)

413 3821 717 3877 Enhraim.

547 3837 717 3884 raim,

341 3896 400 3947 et
416 3840 896 3948 ndrtiillcind’omus
928 3888 1108 3945 Israel
1137 3905 1150 3943 :

265 3965 450 4019 ludas
482 3969 676 4019 autem
710 3962 882 4018 testis
912 3961 1213 4016 descendit
1245 3976 1378 4015 cum
1414 3964 1547 4025 Deo,

341 4041 400 4090 et
427 4053 561 4092 cum
594 4034 814 4090 sanctis
839 4032 1049 4088 fidelis.

267 4283 541 4338 Latinum
576 4285 956 4352 Interpretem
981 4279 1074 4352 hic
1108 4279 1454 4344 reddidisse,
1487 4279 1613 4352 eius,
1634 4279 1731 4352 qui
1758 4276 1920 4348 judi-

261 4357 409 4410 cavit
440 4355 577 4408 Baal
594 4371 615 4414 ,·
637 4349 972 4424 quanquam
998 4351 1368 4424 Μαι-11000100
1393 4367 1578 4424 unum
1596 4349 1804 4424 laudat
1827 4364 1919 4403 co-

265 4427 455 4482 dicem
467 4420 1086 4492 Sen-Germa'nensem,
1120 4423 1217 4492 qui
1241 4423 1498 4494 pressius
1515 4423 1582 4476 ad
1595 4421 1703 4474 huc
1718 4420 1914 4475 Grazco

261 4497 461 4564 habet,
493 4497 652 4552 domo
672 4496 944 4552 Jerobaal.
959 4496 1026 4550 Et
1046 4495 1156 4549 hoc
1177 4495 1416 4565 quidem
1457 4497 1910 4563 cognomentum

260 4569 556 4624 Gedeonis
588 4567 698 4622 fuit
751 4566 1026 4622 Judicum
1072 4565 1174 4621 lib.
1233 4582 1308 4632 v1,
1369 4581 1422 4619 ν.
1482 4566 1571 4631 32,
1631 4579 1806 4635 quam
1857 4567 1916 4618 et

260 4639 450 4695 alludi
483 4638 787 4693 historiam
815 4656 848 4692 a
881 4637 1186 4709 prOpheta,
1235 4635 1597 4709 interpretes
1655 4634 1914 4706 plerique

260 4653 450 4695 alludi
483 4653 787 4693 historiam
815 4656 848 4692 a
881 4653 1186 4709 prOpneta,
1249 4653 1597 4761 interﬁetes
1655 4653 1914 4706 plerique

260 4727 475 4767 omnes
508 4715 636 4782 post
669 4709 1063 4780 Hieronymm
1097 4707 1380 4762 sentiunt.
1475 4716 1599 4762 ovet
1651 4724 1742 4760 me
1781 4721 1914 4760 vero

260 4805 431 4855 tanta
454 4798 675 4854 Hebraei
701 4797 957 4853 nominis
977 4782 1174 4857 5N2»:
1193 4796 1566 4851 ditisrentiaa
1585 4799 1914 4851 ercorum

259 4888 516 4944 lectione
544 4871 742 4950 Βίων.
777 4889 1058 4941 Caeterum
1095 4901 1196 4956 pro
1234 4885 1518 4954 iudicavit,
1580 4889 1919 4940 constanter

257 4961 656 5086 ilicroottlymus
679 4958 737 5012 in
762 4957 1197 5014 Commentario
1217 4957 1376 5028 legit,
1403 4957 1776 5028 exponitque‘
1792 4957 1917 5010 vin-

299 5046 448 5086 icavi
480 5071 493 5084 .

299 5032 493 5086 icavit.

339 5105 356 5137 ¹
395 5104 574 5157 Locus
605 5099 916 5170 insigniter
946 5100 1298 5170 depravatus
1330 5097 1389 5153 in
1422 5115 1565 5154 mss.
1593 5097 1916 5153 codicibus.

255 5177 459 5230 Canon
493 5171 1058 5226 San-Germanensis
1093 5171 1201 5225 hoc
1262 5172 1434 5225 modo
1467 5171 1624 5239 egit:
1648 5170 1918 5236 Quomodo

254 5245 399 5300 dabo
429 5247 500 5307 te,
533 5243 801 5313 Ephraim
831 5242 1197 5313 {expugnabo
1221 5244 1294 5307 te,
1323 5241 1549 5296 Israel?
1607 5240 1922 5313 Exemplar

256 5333 395 5370 vero
418 5311 904 5370 Carcassonensis
948 5311 1256 5368 Ecclesiae:
1313 5313 1590 5382 Quomodo
1649 5311 1803 5366 dabo
1844 5318 1916 5377 te,

261 5387 579 5458 Ephraim;
608 5385 950 5458 expugnabo,
981 5394 1268 5458 protegam
1298 5384 1469 5438 Israel
1493 5387 1517 5436 .9
1544 5383 1918 5458 Colbertinus

260 5455 442 5514 codex
474 5458 814 5512 Aniciensis
845 5456 1098 5510 habebat
1129 5455 1368 5510 verbum
1397 5455 1736 5524 expugnabo,
1763 5456 1917 5526 quod

265 5546 476 5584 manus
494 5533 654 5600 poste
667 5525 792 5600 rigor]
809 5527 984 5581 erasit
999 5529 1078 5581 uti
1099 5527 1749 5600 factumconspiciturin
1767 5525 1923 5600 vetu-

267 5597 531 5656 stissimo
554 5601 664 5654 San
689 5597 1092 5665 Germanensi,
1127 5617 1180 5652 n.
1215 5599 1249 5652 3
1290 5597 1454 5653 Unde
1471 5597 1649 5652 ambo
1673 5597 1920 5652 nuncle-

264 5677 614 5798 guntutnos
630 5668 1919 5742 posuimusipsumHieronymumsecutiquia

292 5745 371 5798 lb.
397 5742 1039 5798 mtiommentariorum
1060 5741 1120 5797 in
1141 5741 1286 5797 0000
1311 5741 1458 5797 hanc
1479 5741 1728 5798 ipsemet
1747 5757 1916 5796 suam

292 5741 371 5799 ib.
397 5741 1039 5799 inuommentariorum
1060 5741 1120 5797 in
1141 5741 1286 5797 Osee
1311 5741 1458 5797 hanc
1479 5741 1728 5813 ipsemet
1747 5757 1916 5796 suam

1502 203 1717 256 LIBER
1753 200 1933 256 0000
1977 185 2396 258 moveam.
3163 269 3166 272 ,

1927 327 1981 392 Α
2011 323 2164 396 (Cap.
2198 325 2346 397 XII.)
2378 325 2646 398 Ephraim
2684 328 2864 396 pascit
2894 330 3153 394 ventum,

3517 201 3656 256 1082

2083 403 2138 450 ct
2160 400 2424 453 sequitur
2455 404 2660 453 mstum
2691 415 2704 452 :

2084 469 2322 543 tota‘die
2356 471 2726 543 mendacium
2757 473 2814 543 et
2849 471 3198 543 _vastitatem
3257 469 3646 543 multiplicat:

2010 541 2080 593 Et
2109 539 2298 614 foedus
2330 557 2463 614 cum
2494 541 2750 614 Assyriis
2780 540 2932 598 iniit.

2083 615 2141 684 et
2167 610 2360 684 oleum
2391 613 2446 666 in
2471 610 2780 684 [Egyptum
2814 613 3053 668 ferebat.

2009 680 2306 755 Judicium
2339 699 2475 755 ergo
2509 680 2734 740 0001101
2769 701 2902 740 cum
2933 685 3101 753 Juda,

2082 758 2138 807 et
2170 754 2427 828 visitatio
2458 772 2637 828 super
2658 756 2841 811 Jacob

2008 822 2186 880 Juxta
2213 825 2336 880 vias
2369 827 2518 895 ejus,

2081 901 2139 951 et
2164 897 2325 966 juxta
2357 897 2801 952 adinventiones
2831 898 2960 968 ejus
2991 897 3190 951 reddet
3219 897 3293 951 ei.

2011 969 2075 1021 In
2108 975 2270 1040 utero
2301 968 2706 1040 supplantavit
2734 971 2972 1024 fratrem
3003 985 3178 1023 suum
3208 984 3221 1021 :

2081 1043 2138 1111 et
2165 1039 2224 1094 10
2253 1039 2602 1111 fortitudine
2642 1057 2749 1096 sua
2777 1040 3033 1096 directus
3062 1044 3150 1095 est
3178 1056 3310 1095 cum
3345 1039 3571 1111 angelo.

2012 1109 2079 1163 Et
2109 1109 2360 1166 invaluit
2390 1113 2460 1167 ad
2497 1111 2796 1183 angelum,

2085 1187 2140 1237 et
2170 1184 2530 1240 confortatus
2561 1189 2651 1238 est
2677 1201 2689 1239 :

2010 1253 2209 1319 Flevit,

2081 1331 2139 1380 et
2167 1324 2388 1395 rogavit
2417 1340 2581 1380 eum:

2081 1399 2144 1452 In
2177 1397 2417 1451 Beth-El
2449 1396 2668 1451 invenit
2699 1411 2858 1460 eum,

2080 1472 2138 1523 et
2168 1467 2247 1522 ibi
2277 1467 2508 1523 locutus
2539 1472 2627 1522 est
2652 1468 2984 1534 nobiscum,

2009 1539 2080 1594 Et
2105 1539 2392 1595 Dominus
2427 1541 2575 1594 Deus
2605 1540 2984 1606 exercituum,

2080 1611 2368 1667 Dominus
2400 1610 2735 1666 memoriale
2764 1612 2914 1681 ejus,

1935 1692 1984 1758 Β
2015 1685 2080 1736 Et
2109 1687 2169 1758 tu
2204 1684 2275 1758 ad
2309 1687 2484 1758 Deum
2518 1687 2685 1758 tuum
2719 1681 3071 1758 converteris
3105 1697 3116 1736 :

2087 1754 2546 1810 misericordiam
2580 1754 2949 1824 etjudicium
2984 1751 3236 1817 custodi,

2084 1830 2140 1880 et
2168 1842 2340 1897 spera
2371 1826 2428 1880 10
2461 1825 2575 1880 Deo
2606 1830 2706 1880 tuo
2738 1840 3003 1896 semper:

2013 1894 2332 1965 Chana'am,
2365 1897 2424 1951 in
2459 1911 2634 1952 manu
2665 1898 2794 1967 ejus
2823 1894 3042 1952 statera
3074 1894 3297 1961 dolosa,

2085 1967 2442 2024 calumniam
2475 1967 2692 2023 dilexit.

2015 2039 2082 2094 Et
2113 2039 2257 2095 dixit
2285 2039 2566 2110 prraim
2601 2057 2614 2094 :

2086 2112 2294 2167 Verum
2329 2116 2525 2165 tamen
2555 2111 2718 2164 dives
2747 2110 2986 2164 etl‘ectus
3019 2125 3178 2178 sum,

2085 2182 2280 2238 inveni
2311 2181 2535 2236 idolum
2567 2180 2712 2236 mihi
2737 2196 2751 2235 :

2084 2258 2302 2310 Omnes
2333 2252 2565 2308 labores
2598 2253 2713 2307 mei

2086 2342 2201 2382 non
2233 2324 2533 2380 invenient
2564 2323 2708 2378 mihi
2735 2320 3656 2394 iniquitatem,iquam“peccavi.

2018 2396 2083 2451 Et
2111 2413 2222 2524 eg;3
2247 2396 2533 2522 Doininus
2563 2401 2718 2452 Deus
2751 2392 2886 2450 tuus
2917 2393 3032 2466 (Al.
3053 2392 3397 2464 add.eduxi)
3419 2409 3487 2447 ex
3509 2397 3660 2447 terra

2225 2484 2333 2524 avo
2366 2485 2406 2524 ι.

2342 2468 2406 2531 ti,

2087 2484 2513 2594 adiinugggeldere
2545 2544 2598 2593 te
2631 2537 2832 2592 faciam
2869 2536 2926 2591 in
2961 2534 3375 2603 tabernaculis,

2087 2612 2242 2666 sicut
2271 2612 2328 2664 in
2361 2611 2568 2665 diebus
2598 2609 2951 2664 festivitatis.

2017 2685 2086 2737 Et
2113 2681 2506 2762 locutusosum
2539 2696 2716 2749 super
2739 2679 3081 2805 prthetas,

2090 2759 2146 2805 et
2175 2769 2282 2805 ego
2313 2768 2598 2805 vnsnonem
2633 2768 2730 2805 mu
2761 2757 2842 2805 tu)
2871 2766 3040 2805 icav1.

2090 2759 2146 2808 et
2175 2769 2282 2824 ego
2313 2757 2598 2806 visionem
2633 2757 3040 2824 multiplicavi,

2087 2830 2146 2880 et
2173 2817 2241 2879 in
2266 2840 2444 2878 manu
2481 2817 2894 2894 prophetarum
2922 2817 3284 2875 assimilatus
3315 2835 3470 2874 sum.

2016 2896 2076 2952 Si
2099 2895 2312 2951 Galaad
2345 2894 2592 2965 idolum,

2087 2972 2284 3024 tamen
2320 2967 2424 3032 (Al.
2449 2959 2608 3037 ergo)
2642 2965 2858 3020 frustra
2886 2967 3048 3019 erant
3101 2960 3161 3016 in
3218 2959 3418 3032 Galgal
3474 2959 3664 3016 bobus

2167 3037 2576 3094 immolantes:

2093 3127 2228 3166 nam
2262 3113 2318 3164 et
2344 3109 2555 3164 altaria
2584 3123 2782 3163 eorum
2819 3106 2988 3178 quasi
3021 3102 3208 3162 acervi
3247 3119 3426 3176 super
3481 3101 3666 3158 fulcos

2165 3181 2311 3254 agri.

2022 3248 2400 3323 Fugit'Jocob
2436 3250 2495 3305 in
2527 3249 2822 3323 regionem
2855 3248 3051 3321 Syriae.

2093 3322 2147 3380 et
2181 3322 2413 3379 servivit
2446 3322 2619 3378 Israel
2653 3323 2711 3375 in
2745 3338 2942 3390 uxore,

2095 3399 2152 3452 et
2181 3395 2241 3450 10
2275 3409 2452 3449 uxore
2483 3392 2751 3448 servavit.

2025 3467 2091 3522 In
2145 3466 2429 3593 plgzophqta
2507 3469 2703 3520 autem
2760 3461 2958 3518 eduxit
3027 3460 3312 3518 Dominus
3367 3458 3541 3516 Israel
3601 3459 3671 3514 de

2234 3555 2344 3593 avo
2380 3551 2454 3592 o:

2351 3541 2454 3592 to:

2164 3555 2410 3611 mgypto
2437 3555 2454 3592 :

2093 3613 2151 3691 et
2180 3609 2238 3664 in
2273 3608 2558 3691 propheta
2588 3608 2855 3662 servatus
2885 3608 2993 3691 est.

2024 3680 2103 3734 Ad
2136 3674 2505 3736 iracundiam
2539 3693 2631 3733 me
2654 3676 2982 3749 provocavit
3003 3675 3278 3747 Ephraim
3303 3675 3362 3729 in
3387 3674 3669 3729 amaritu-

2167 3752 2406 3806 dinibus
2439 3749 2585 3813 suis,

2096 3826 2153 3876 et
2184 3821 2426 3894 sanguis
2447 3821 2580 3894 ejus
2605 3834 2780 3894 super
2811 3834 2946 3894 eum
2978 3817 3191 3894 veniet,

2095 3898 2154 3948 et
2185 3885 2566 3964 opprobrium
2600 3885 2726 3959 ejus
2758 3889 3024 3964 gestituet
3057 3888 3107 3942 ei
3170 3885 3451 3942 Dominus
3503 3901 3670 3940 suus.

2026 3964 2187 4034 (Cap.
2225 3959 2407 4035 XIII.)
2435 3959 3057 4035 LoquenteEphraim,

2099 4029 2302 4091 horror
2328 4029 2547 4090 invasit
2575 4029 2776 4097 Israel,

2096 4112 2152 4161 et
2179 4107 2426 4179 deliquit
2455 4106 2513 4161 in
2546 4104 2706 4171 Baal,

1941 3059 1985 3127 C

2027 4299 2156 4340 esse
2176 4281 2711 4354 interpretationem
2733 4280 3020 4354 agnoscit,
3036 4277 3298 4354 quamvis
3321 4294 3448 4354 eam
3472 4281 3674 4354 postea

2029 4371 2144 4410 non
2179 4349 2414 4426 penitus
2445 4349 2820 4425 comprobet:
2857 4376 2883 4402 «
2916 4353 2974 4407 10
2997 4349 3231 4418 001000,
3257 4351 3468 4426 inquit.
3491 4349 3592 4426 ubi
3614 4352 3673 4426 _et

1949 4425 1993 4488 D
2032 4443 2137 4482 nos
2159 4419 2216 4482 et
2238 4426 2380 4481 LXX
2404 4419 2768 4497 interpretati
2791 4440 3028 4480 sumus:
3051 4419 3406 4497 Prolegam'te
3419 4422 3590 4497 Israel
3613 4419 3672 4474 in

2022 4498 2304 4568 Hebraico
2322 4493 2606 4568 scriptum
2629 4513 2691 4552 es
2702 4511 3073 4552 AMAGGENACH
3088 4497 3241 4565 quod
3258 4493 3470 4568 Aquila
3490 4498 3679 4568 trans-

2025 4569 2165 4626 tulit
2184 4565 2342 4639 ὅπλῳ
2371 4565 2641 4621 mnam
2674 4587 2750 4630 σε,
2784 4569 2839 4621 id
2861 4572 2949 4621 est
2989 4576 3138 4621 scuto
3195 4565 3559 4639 circumdabo
3593 4572 3668 4618 te.

2026 4642 2186 4708 Quod
2213 4635 2345 4695 cum
2370 4641 2426 4694 in
2448 4641 2658 4694 bonam
2685 4643 2906 4710 partem
2933 4643 3277 4710 putaremus
3313 4635 3586 4710 intelligi,
3618 4640 3675 4690 et

2027 4711 2361 4784 signiﬁcare
2378 4708 2790 4780 protectionem
2813 4727 2909 4784 :ex
2922 4708 3174 4784 editione
3188 4708 3522 4784 Symmachi
3540 4722 3676 4784 00ος

2026 4777 2245 4838 trarius
2271 4777 2441 4838 nobis
2463 4798 2673 4837 sensus
2697 4781 3012 4850 subjicitur
3025 4777 3273 4836 dicentis
3286 4777 3508 4833 ἐκδώσω
3522 4798 3598 4844 σε,
3615 4778 3673 4832 id

2027 4861 2117 4911 est
2149 4855 2364 4910 tradam
2390 4859 2456 4909 te.
2484 4854 2564 4908 Ex
2584 4853 2962 4908 translatione
2985 4869 3218 4924 quoque
3237 4850 3672 4924 Theodotionis,

2029 4944 2142 4981 non
2161 4927 2576 5000 prospera,_sed
2601 4919 3358 5000 adversademonstrantur,
3385 4919 3674 5000 amatam

2029 5016 2107 5065 σε,
2137 4989 2638 5068 q'uod'signiﬁcat,
2672 4996 2900 5052 nudabo
2921 5000 2992 5061 te,
3011 5005 3060 5052 et
3081 4989 3456 5066 auferam'ate
3475 4989 3670 5068 ὅπλογ,

2027 5064 2136 5124 1100
2154 5064 2268 5134 est,
2299 5064 2532 5123 scutum
2565 5083 2680 5137 quo
2712 5074 2768 5122 te
2798 5071 2971 5122 antea
3023 5064 3409 5138 protexeram.
3462 5070 3527 5120 Et
3576 5064 3670 5119 hic

2029 5156 2240 5196 sensus
2265 5139 2452 5210 magis
2467 5139 2737 5194 convenit
2750 5138 2996 5193 Domino
3011 5137 3416 5193 comminanti.
3435 5159 3460 5185 »
3484 5140 3671 5193 MART.

2100 5276 2168 5287 —-
2192 5245 2431 5301 Accedit
2453 5244 2761 5312 ﬁdejussor
2789 5248 2846 5298 8.
2880 5244 3006 5314 ipse
3039 5245 3326 5314 Interpres
3380 5245 3436 5298 in
3499 5243 3674 5314 Con)-

2031 5321 2243 5380 ment.,
2277 5317 2396 5372 «In
2431 5333 2518 5384 eo,
2553 5317 2850 5387 inquiens,
2900 5312 3045 5381 loco,
3077 5314 3174 5369 ubi
3199 5312 3260 5370 et
3301 5319 3510 5387 noset
3539 5312 3676 5369 LXX

2030 5388 2401 5458 interpretati
2434 5386 2662 5455 sumus,
2681 5392 2969 5458 protegam
2992 5395 3062 5448 te,
3094 5388 3286 5451 Israel,
3311 5387 3369 5440 in
3394 5386 3675 5458 Hebraico

2030 5456 2316 5530 scriptum
2350 5464 2440 5514 est
2469 5456 2893 5530 Ammagenach,
2913 5463 3020 5513 etc.
3049 5479 3074 5506 »
3097 5459 3364 5530 Martian.
3392 5457 3569 5530 quiet
3593 5456 3675 5512 lo-

2027 5528 2167 5585 cum
2198 5531 2353 5586 hunc
2385 5531 2681 5600 integrum
2716 5529 2936 5597 laudat,
2968 5530 3289 5599 expugnabo
3319 5529 3375 5582 in
3409 5528 3537 5583 aliis
3561 5543 3673 5584 ms.

2030 5602 2352 5674 invenerat,
2384 5619 2486 5674 pro
2511 5610 2796 5673 protegam
2819 5619 2832 5656 :
2859 5601 2916 5656 in
2950 5600 3084 5656 aliis
3115 5601 3307 5656 eidem
3349 5600 3524 5656 verbo
3557 5615 3675 5655 una

2019 5673 2320 5744 junctum.
