4028 6178
390 284 531 343 1063

390 415 462 470 Et
492 412 548 467 in
581 408 675 464 die
713 407 977 481 secunda
1022 406 1229 461 offeres
1286 405 1519 463 hircum
1564 423 1876 481 caprarum
1927 404 2039 459 im-
2069 401 2124 467 Α

539 479 893 537 maculatum
927 494 1029 549 pro
1062 482 1297 549 peccato
1323 494 1337 533 :

539 495 893 537 maculatum
927 495 1029 603 pro
1062 495 1337 549 peccato:

464 559 522 610 et
549 551 923 633 expiabunt‘a
951 556 1092 631 tare,
1122 549 1274 631 sicut
1303 549 1680 633 expiaverunt
1727 551 1786 606 in
1835 550 2041 606 vitulo.

395 620 658 696 Cumque
688 620 1068 696 compleveris
1098 622 1341 693 expians
1372 620 1540 696 illud,

467 692 670 751 otféres
703 692 949 749 vitulum
981 692 1050 747 de
1081 692 1347 749 armento
1380 692 1854 763 immaculatum,

463 772 520 823 et
549 767 788 821 arietem
822 766 891 836 de
914 780 1085 836 grege
1118 764 1582 821 immaculatum.

399 840 464 895 Et
486 839 691 893 oﬁ‘eres
726 852 824 892 eos
854 835 913 890 in
946 835 1260 907 conspectu
1294 837 1569 903 Domini;

465 916 523 966 et
554 911 790 964 mittent
820 908 1152 980 sacerdotes
1183 925 1360 980 super
1390 925 1486 964 eos
1518 908 1629 975 sal,

466 988 524 1038 et
553 982 797 1038 offerent
827 996 926 1035 eos
958 979 1366 1035 holocaustUm
1391 980 1658 1037 Domino.

393 1076 626 1143 Septem
650 1069 871 1143 diebus
892 1068 1069 1123 facies
1099 1068 1324 1124 hircum
1357 1086 1462 1141 pro
1486 1074 1720 1141 peccato
1742 1068 2004 1142 quotidie
2029 1085 2042 1124 :

468 1141 525 1198 et
552 1141 807 1197 vitulum
842 1141 912 1195 de
944 1146 1226 1209 armento,

472 1219 531 1269 et
562 1213 800 1269 arietem
834 1212 904 1267 de
937 1212 1267 1282 pecoribus,

471 1285 886 1340 immaculatcs
918 1283 1182 1339 offerent.

393 1362 628 1426 Septem
653 1356 858 1410 diebus
889 1354 1205 1426 expiabunt
1234 1353 1436 1421 altare,
1471 1360 1528 1411 et
1558 1355 1928 1412 mundabunt
1978 1353 2049 1409 il-

495 1430 570 1483 ud
598 1446 611 1483 :
643 1432 700 1483 et
729 1425 1058 1497 implebant
1090 1442 1331 1481 manum
1364 1427 1511 1497 ejus.

398 1500 656 1573 Expletis
687 1502 881 1553 autem
914 1497 1145 1573 diebus,

469 1569 531 1627 in
568 1572 663 1626 die
693 1574 895 1625 octavo
928 1574 983 1624 et
1015 1569 1187 1635 ultra,

468 1644 682 1699 facient
703 1641 1035 1697 sacerdotes
1058 1657 1237 1713 super
1258 1638 1439 1697 altare
1461 1639 1801 1697 holocausta
1834 1646 2049 1707 vestra,

471 1720 528 1772 et
556 1731 681 1786 quae
709 1729 812 1785 pro
842 1729 984 1785 pace
1014 1713 1265 1786 offerunt
1292 1728 1305 1765 :

470 1792 527 1844 et
557 1782 951 1859 placatusfro
979 1784 1281 1859 vobis,_ait
1312 1782 1595 1859 Dominus
1626 1784 1802 1840 Deus.

402 1854 807 1933 (ϐαρῘΧΑΙέΙν.)
836 1856 905 1933 Et
933 1854 1216 1933 convertit
1246 1871 1339 1911 me
1372 1856 1444 1933 ad
1484 1856 1638 1933 viam
1667 1862 1860 1933 porta:
1896 1871 2052 1933 san-

471 1928 679 1987 ctuarii
711 1927 1035 1997 exterioris,
1069 1944 1199 1999 quae
1232 1926 1583 1999 respiciebat
1612 1926 1697 1983 ad
1717 1928 2006 1984 orientem
2036 1943 2049 1981 :

471 2007 529 2059 et
558 2005 682 2057 erat
713 2000 933 2055 clausa.

400 2075 472 2129 Et
493 2074 641 2129 dixit
667 2072 953 2146 Dominus
984 2070 1061 2146 ad
1090 2087 1183 2126 me
1216 2086 1229 2124 :

405 2147 578 2202 Porta
610 2142 730 2200 haec
752 2143 955 2198 clausa
985 2142 1096 2196 erit
1130 2157 1143 2194 :

473 2233 589 2273 non
645 2214 959 2286 aperietur,
1008 2216 1064 2268 et
1092 2212 1181 2286 vir
1212 2228 1324 2286 nou
1356 2211 1633 2286 transibit
1664 2229 1765 2284 per
1796 2229 1924 2269 eam
1953 2230 1967 2269 :

478 2283 757 2361 quoniam
784 2285 1072 2341 Dominus
1106 2284 1260 2339 Deus
1292 2283 1471 2338 Israel
1503 2283 1807 2355 ingressus
1837 2290 1927 2341 est
1957 2299 2061 2357 per

545 2373 698 2427 eam,

476 2424 710 2501 eritque
740 2427 942 2501 clausa
974 2424 1243 2501 principi.

547 2496 823 2570 Princeps
853 2496 992 2570 ipse
1011 2496 1237 2554 sedebit
1265 2496 1325 2552 in
1356 2512 1446 2568 ea,

478 2577 543 2629 ut
572 2569 841 2629 comedat
872 2569 1079 2640 panem
1103 2584 1299 2624 coram
1331 2569 1574 2625 Domino
1603 2587 1618 2636 ;

405 2646 517 2702 Per
546 2645 698 2701 viam
730 2639 1003 2699 vestibuli
1038 2645 1216 2712 porta
1238 2639 1624 2712 ingredietur,

476 2722 536 2773 et
566 2731 669 2789 per
698 2714 851 2770 viam
883 2714 1014 2785 ejus
1045 2712 1396 2784 egredietur.

409 2809 477 2862 Et
506 2804 749 2862 adduxit
780 2818 869 2859 me
914 2818 1017 2873 per
1042 2801 1192 2857 viam
1226 2806 1406 2873 portae
1463 2800 1756 2873 aquilonis
1816 2803 1875 2858 in
1922 2818 2063 2859 con-

588 2880 786 2947 spectu
821 2875 1032 2947 domus
1060 2890 1075 2929 :

480 2953 537 3005 et
566 2943 705 3013 vidi,
737 2951 794 3002 et
824 2961 956 3002 ecce
986 2944 1253 3017 implevit
1301 2943 1488 3016 gloria
1533 2944 1770 3002 Domini
1821 2946 2061 3001 domum

557 3018 807 3085 Domini,

485 3095 542 3147 et
570 3090 751 3147 cecidi
779 3091 839 3144 in
870 3086 1077 3143 faciem
1112 3102 1324 3143 meam.

416 3163 485 3218 Et
514 3163 660 3217 dixit
691 3161 761 3215 ad
796 3175 887 3214 me
918 3158 1204 3214 Dominus
1237 3175 1251 3213 :

418 3234 536 3315 Fili
556 3231 1030 3315 hominishpone'
1051 3246 1150 3285 cor
1179 3235 1371 3298 tuum,

488 3310 546 3361 et
575 3306 706 3360 vide
736 3302 922 3359 oculis
948 3302 1090 3367 tuis,

487 3383 545 3432 et
575 3376 818 3431 auribus
849 3374 965 3429 tuis
996 3372 1133 3428 audi
1160 3372 1541 3445 omniaquae
1572 3389 1679 3445 ego
1734 3374 1941 3445 loquor
1996 3377 2069 3432 ad

562 3455 617 3502 te
649 3449 719 3501 de
754 3444 1038 3501 universis
1067 3443 1429 3499 caeremoniis
1450 3443 1661 3500 domus
1688 3443 1946 3515 Domini,

489 3522 545 3574 et
575 3521 645 3574 de
667 3520 895 3573 cunctis
927 3514 1156 3587 legibus
1178 3514 1344 3584 ejus:

421 3592 488 3647 Et
522 3607 705 3662 pones
735 3606 834 3644 cor
864 3584 1033 3662 tuum
1065 3586 1125 3640 in
1156 3586 1265 3641 viis
1296 3584 1500 3662 templi

494 3656 595 3734 p'er
624 3678 826 3718 omnes
858 3658 1048 3715 exitus
1076 3656 1425 3734 Sanctuarii,

417 3730 675 3790 Et'dices
708 3734 780 3789 ad
816 3734 1255 3802 exasperantsm
1282 3745 1374 3785 me
1403 3730 1644 3785 domum
1679 3731 1859 3788 Israel
1886 3747 1901 3788 :

419 3807 547 3862 Haec
579 3805 719 3861 dicit
753 3801 1033 3860 Dominus
1066 3801 1263 3857 Deus:

417 3895 729 3953 Sufﬁciunt
785 3893 950 3949 vobis
1043 3889 1242 3945 omnia
1315 3888 1535 3945 scelera
1590 3894 1802 3958 vestra,
1864 3892 2076 3947 domus

491 3966 663 4023 Israel
691 3985 703 4022 :
731 3983 796 4022 eo
831 3964 988 4035 quod
1021 3961 1301 4035 inducitis
1328 3962 1479 4035 ﬁlios
1511 3962 1733 4018 alienos
1764 3963 2079 4019 incircum-

559 4039 713 4095 cisos
746 4033 937 4103 corde,
972 4040 1028 4090 et
1061 4033 1506 4089 incircumcisos
1537 4050 1734 4103 carne,

421 4118 488 4168 ut
518 4110 641 4168 sint
670 4110 729 4164 in
780 4104 1127 4165 Sanctuario
1181 4120 1331 4174 meo,
1390 4110 1448 4160 et
1506 4104 1775 4176 polluant
1831 4105 2074 4162 domum

567 4197 757 4237 meam
794 4197 807 4235 ἒ

424 4256 492 4311 Et
524 4253 761 4324 offertis,
781 4266 963 4324 panes
994 4265 1178 4324 meos,
1213 4246 1466 4324 adipem,
1487 4252 1545 4303 et
1574 4246 1967 4320 sanguinem:

500 4332 559 4381 et
588 4318 908 4381 dissolvitis
933 4323 1037 4394 (Al.
1072 4318 1446 4394 dissolvistis)
1497 4318 1731 4391 pactum
1791 4335 1987 4375 meum
2020 4319 2077 4375 in

569 4397 847 4453 omnibus
874 4391 1194 4449 sceleribus
1225 4391 1438 4446 vestris
1472 4409 1486 4457 ;

424 4470 494 4525 Et
526 4485 640 4524 non
674 4466 950 4525 servastis
980 4468 1271 4537 praecepta
1300 4461 1628 4537 Sanct_uarii
1664 4460 1776 4517 mei
1809 4477 1823 4517 :

494 4546 551 4596 et
573 4541 865 4613 posuistis
888 4533 1668 4613 custodesobservationum
1719 4549 1983 4591 mearum
2016 4533 2076 4591 in
2107 4533 2154 4599 D

564 4604 906 4667 Sanctuario
940 4626 1067 4665 meo
1097 4604 1562 4678 vobismetipsis.

424 4684 554 4740 Ha'c
584 4683 727 4739 dicit
755 4681 1037 4739 Dominus
1070 4680 1264 4736 Deus:

423 4771 630 4856 Omnis
661 4766 1451 4842 alienigenaincircumcisus
1472 4765 1667 4832 corde,
1692 4769 1748 4822 et
1769 4765 2083 4823 incircum-

568 4860 727 4899 ctsus
758 4859 954 4908 carne,

496 4933 610 4973 non
643 4910 1421 4988 egredieturASanctuarium
1455 4923 1677 4988 meum,

498 4978 880 5116 orunis'flilius
917 4985 1143 5041 alienus
1176 4982 1277 5056 qui
1332 4985 1419 5037 est
1460 4980 1519 5035 in
1582 4980 1773 5037 medio
1822 4978 2078 5037 ﬁliorum

596 5075 725 5116 srae
756 5100 769 5113 .

596 5060 769 5116 srael.

425 5132 535 5189 Sed
562 5137 620 5188 et
643 5131 870 5197 Levitaa,
898 5128 995 5200 qui
1020 5127 1191 5200 longe
1216 5128 1626 5181 recesserunta
1651 5139 1743 5179 me
1765 5122 1823 5179 in
1844 5139 2076 5181 errore:

567 5204 822 5260 ﬁliorum
861 5199 1064 5268 Israel,

495 5280 552 5331 et
582 5277 922 5332 erraverunt
953 5291 985 5327 a
1018 5288 1111 5326 me

495 5354 553 5404 et
584 5349 965 5421 portaverunt
984 5344 1091 5414 (Al.
1117 5337 1458 5421 portabunt)
1482 5337 1852 5421 iniquitatem
1871 5354 2076 5421 suam:

498 5410 667 5476 erant
718 5420 821 5488 (Αι.
874 5410 1177 5487 quierant)
1208 5412 1267 5488 in
1299 5410 1634 5467 sanctuario
1676 5426 1804 5466 meo
1850 5410 2078 5480 (editui,

444 5490 447 5495 ’
562 5485 852 5563 janitOres
886 5485 1185 5563 portarum
1221 5485 1456 5553 domus,

500 5562 838 5618 et’ministri
872 5562 1117 5616 domus:

430 5632 545 5701 Ipsi
580 5636 918 5690 mactabant
945 5632 1059 5703 (At.
1092 5626 1455 5698 mactabant)
1489 5623 1856 5691 holocausta,
1904 5628 1962 5679 et
1991 5623 2078 5680 vi-

1145 5266 1626 5342 postidolasua,

1433 287 1493 338 Β.
1535 282 1941 340 HIERONYMI
1977 277 2233 332 DIVINA
2267 272 2761 329 BIBLIOTHECA.

3664 276 3800 330 1064

2295 396 2507 468 ctimas
2540 395 2775 468 populi:

2222 475 2273 526 et
2306 467 2419 537 ipsi
2451 469 2693 523 stabunt
2717 467 2774 523 in
2798 471 3108 539 conspectu
3124 484 3350 535 eorum,
3376 472 3441 523 ut
3465 468 3809 525 ministrent

2290 539 2377 664 elils
2407 539 2515 680 ()Al.
2566 541 2807 595 stabant
2838 546 2975 595 ante
3005 556 3104 595 eos
3155 546 3220 595 ut
3252 540 3664 596 ministrarent
3710 558 3810 613 pro

2290 626 2307 664 1
2360 626 2408 664 IS
2441 652 2453 663 .

2150 690 2257 740 Pro
2290 626 2535 753 eldlziiod
2576 680 3061 755 ministraverunt
3109 682 3227 738 illis
3261 682 3365 754 (Al.
3415 700 3518 755 pro
3579 683 3693 755 eis)
3752 684 3804 739 in

2292 757 2607 824 conspectu
2642 753 2933 809 idolorum
2966 770 3237 820 suorum,

2220 830 2278 881 et
2304 823 2619 950 facttitsunt
2649 825 2853 881 domui
2885 825 3062 881 Israel
3096 826 3155 881 in
3206 824 3634 882 oti'endiculum
3692 826 3807 881 ini-

2294 914 2393 951 oui
2425 912 2460 951 a
2488 912 2578 950 IS:

2336 914 2537 951 Ultaus
2566 914 2578 949 :

2152 914 2373 1026 Idcirch
2408 967 2587 1041 levavi
2622 983 2860 1023 manum
2895 984 3084 1023 meam
3118 986 3297 1041 super
3316 985 3437 1039 eos,
3473 969 3556 1023 ait
3619 970 3810 1024 Domi-

2223 1116 2279 1167 et
2295 1039 2755 1183 ἒὲῗίὲξιῗιῗὶμι.
2776 1112 3178 1183 portaverant)
3199 1110 3578 1183 iniquitatem
3602 1129 3810 1167 suam:

2152 1188 2221 1243 Et
2254 1182 2364 1238 nan
2399 1182 2958 1264 appropinquabant
2986 1184 3058 1239 ad
3084 1182 3197 1252 me,
3231 1182 3659 1240 ut’sacerdotio
3685 1185 3814 1239 fun-

2298 1253 2510 1325 gantUr
2542 1253 2718 1319 mihi,

2226 1342 2417 1397 neque
2466 1327 2746 1380 accedent
2774 1324 2843 1379 ad
2905 1342 3079 1381 omne
3134 1326 3548 1384 Sanctuarium
3611 1344 3810 1383 meum

2289 1396 2459 1469 juxta
2488 1396 2700 1452 Sancta
2732 1402 3065 1453 sanctorum
3092 1413 3105 1452 :

2152 1469 2260 1528 Sed
2298 1469 2615 1541 portabunt
2645 1469 3050 1524 confusionem
3084 1485 3275 1540 suam,

2228 1540 2531 1597 et’scelera
2562 1556 2671 1594 sua
2702 1556 2827 1611 qua:
2861 1542 3143 1596 fecerunt.

2158 1615 2227 1670 Et
2257 1613 2405 1667 dabo
2439 1627 2538 1667 eos
2562 1610 2850 1682 janitOres
2903 1614 3115 1668 domus
3164 1610 3220 1666 in
3270 1612 3430 1667 omni
3484 1613 3816 1669 ministerio

2230 1686 2359 1755 ejus
2392 1684 2529 1738 etin
2565 1683 3015 1755 universisque:
3049 1685 3187 1755 ﬁent
3229 1683 3333 1753 (Al.
3390 1685 3567 1755 ﬁunt)
3618 1686 3677 1740 in
3728 1702 3812 1742 ea.

2085 1778 2131 1843 Β
2161 1753 2507 1843 Sacerdotes
2536 1759 2816 1843 uutem‘et
2848 1753 3056 1810 Levites
3076 1753 3420 1843 ﬁliil‘Sadoc,

2236 1829 2337 1900 qui
2356 1828 2764 1900 custodierunt
2784 1826 3160 1900 caeremonias
3182 1826 3510 1882 Sanctuarii
3536 1828 3815 1893 mei,cum

2309 1903 2573 1953 errarent
2605 1897 2706 1952 ﬁlii
2737 1898 2915 1953 Israel
2946 1915 2979 1954 a
3010 1914 3124 1966 me,
3556 1938 3559 1941 η

2238 1971 2349 2042 ipsi
2381 1969 2658 2042 accedent
2686 1970 2758 2024 ad
2791 1987 2905 2033 me,
2939 1974 3004 2025 ut
3028 1969 3367 2026 ministrent
3398 1969 3545 2024 mihi
3572 1987 3587 2025 :

2166 2043 2237 2099 Et
2259 2040 2503 2098 stabunt
2521 2040 2582 2096 in
2609 2046 2926 2113 conspectu
2962 2058 3110 2109 meo,

2240 2118 2304 2169 ut
2335 2113 2581 2185 otl'erant
2624 2111 2773 2168 mihi
2800 2114 3057 2185 adipem,
3089 2116 3145 2168 et
3174 2111 3548 2185 sanguinem,
3582 2111 3668 2167 ait
3709 2112 3817 2168 Do-

2314 2184 2513 2240 minus
2538 2184 2715 2250 Deus,

2170 2256 2285 2330 Ipsi
2317 2256 2724 2330 ingredientur
2753 2255 3168 2330 Sanctuarium
3203 2272 3423 2324 meum,

2241 2333 2298 2385 et
2320 2329 2737 2454 ipstiaccedent
2768 2328 2838 2383 ad
2863 2344 3128 2383 mensam
3154 2344 3366 2397 meam,
3395 2332 3462 2383 ut
3488 2328 3820 2384 ministrent

2311 2417 2388 2454 mi
2440 2416 2480 2454 1.

2311 2416 2480 2467 mini,

2240 2477 2297 2529 et
2327 2469 2664 2527 custodiant
2694 2468 3071 2526 caeremonias
3096 2486 3277 2526 meas.

2169 2545 2436 2616 Cumque
2458 2542 2874 2616 ingredientur
2904 2546 3100 2613 portas
3132 2542 3263 2597 atrii
3296 2541 3619 2609 interioris,
3654 2544 3819 2598 vesti-

2311 2614 2423 2671 b'us
2454 2614 2624 2669 lineis
2654 2615 3012 2669 induentur:

2242 2703 2347 2742 nec
2378 2686 2655 2758 ascendet
2675 2702 2853 2757 super
2882 2702 2981 2758 eos
3012 2685 3332 2758 quidquam
3367 2684 3629 2753 laneum,

2243 2760 2478 2831 quando
2512 2756 2850 2813 ministrant
2880 2757 2939 2811 in
2985 2756 3189 2828 portis
3219 2757 3351 2812 atrii
3414 2756 3714 2813 interioris
3768 2763 3821 2813 et

2316 2830 2694 2885 intrinsecus.

2172 2903 2339 2958 Vitta:
2373 2901 2535 2956 lineae
2567 2904 2741 2955 erunt
2772 2900 2829 2955 in
2862 2899 3153 2971 capitibus
3183 2916 3407 2967 eorum,

2244 2978 2300 3029 et
2334 2971 2633 3028 feminalia
2663 2971 2815 3027 linea
2845 2970 3019 3026 erunt
3048 2973 3106 3027 In
3136 2970 3357 3026 lumbis
3374 2987 3603 3041 eorum,

2174 3052 2230 3101 ct
2259 3061 2375 3100 non
2408 3043 2785 3114 accingentur
2811 3042 2870 3097 in
2906 3043 3140 3099 sudore.

2176 3119 2438 3187 Cumque
2459 3113 2834 3187 egredientur
2863 3115 3080 3170 atrium
3113 3113 3379 3187 exterius
3393 3114 3475 3187 ad
3520 3113 3820 3187 populum,

2317 3185 2530 3244 exuent
2551 3203 2612 3244 se
2641 3187 3003 3243 vestimentis
3036 3185 3177 3252 suis,
3203 3185 3262 3239 in
3286 3185 3501 3256 quibus
3524 3186 3821 3242 ministra-

2321 3262 2545 3327 verant,

2249 3336 2306 3387 et
2336 3334 2621 3403 reponent
2651 3344 2719 3385 ea
2749 3330 2807 3385 in
2839 3327 3249 3403 gazophylacio
3278 3328 3633 3393 Sanctuarii,

2251 3409 2308 3459 et
2338 3399 2589 3457 vestient
2618 3418 2681 3457 se
2702 3399 3082 3456 vestimentis
3100 3399 3229 3455 aliis
3248 3418 3266 3453 :

2252 3480 2309 3530 et
2338 3492 2452 3530 non
2486 3473 2937 3529 sanctiﬁcabunt
2964 3471 3244 3545 populum
3285 3471 3342 3525 in
3375 3470 3640 3527 vestibus
3686 3470 3818 3525 suis.

2181 3549 2582 3619 Caputautem
2610 3561 2783 3600 suum
2809 3561 2925 3601 non
2956 3546 3184 3612 radent,
3219 3559 3409 3613 neque
3447 3559 3676 3598 comam
3721 3560 3817 3597 nu-

2326 3618 2503 3673 trient
2535 3632 2547 3671 :

2253 3691 2352 3745 sed
2387 3689 2694 3745 tondentes
2721 3688 3035 3743 attondent
3063 3684 3257 3757 capita
3288 3702 3414 3740 sua.

2184 3763 2252 3819 Et
2271 3762 2471 3816 vinum
2505 3776 2622 3815 non
2657 3760 2814 3814 bibet
2844 3758 3034 3814 omnis
3065 3757 3359 3820 sacerdos,

2256 3833 2490 3906 quando
2522 3832 2901 3906 ingressurus
2933 3834 3023 3885 est
3050 3827 3570 3906 atriumuinterius.

2184 3906 2252 3961 Et
2277 3899 2516 3959 'viduam
2551 3899 2615 3957 et
2638 3901 3001 3972 repudiatam
3036 3918 3148 3956 non
3175 3899 3463 3971 accipient
3488 3917 3717 3965 uxores,

2256 3976 2355 4032 sed
2390 3975 2648 4044 virgines
2679 3975 2750 4029 de
2780 3974 3007 4029 semine
3038 3974 3250 4028 domus
3276 3972 3493 4027 Israel:

2255 4048 2352 4104 sed
2386 4052 2443 4102 et
2470 4039 2867 4118 viduum,quaa
2891 4044 3066 4101 fuerit
3087 4045 3259 4099 vidua
3286 4061 3318 4098 a
3350 4039 3823 4112 sacerdote,acci-

2369 4120 2509 4184 ient,
2772 4124 2775 4125 ⁷

2186 4193 2255 4247 Et
2286 4136 2569 4262 pgpeutiii’m
2605 4204 2802 4244 meum
2835 4187 3130 4244 docebunt
3157 4186 3298 4258 quid
3316 4184 3563 4242 sitinter
3583 4189 3826 4241 sanctum

2327 4267 2385 4317 et
2418 4260 2729 4332 pollutum,

2258 4337 2315 4389 et
2342 4326 2499 4389 inter
2531 4332 2820 4387 mundum
2853 4335 2910 4387 et
2938 4329 3314 4386 immundum
3368 4328 3685 4385 ostendent
3735 4326 3823 4382 eis.

2188 4407 2257 4462 Et
2286 4421 2419 4461 cum
2456 4404 2630 4459 fuerit
2660 4402 3076 4469 controversia,

2263 4478 2505 4533 stabunt
2534 4476 2591 4530 in
2618 4474 2861 4544 judiciis
2884 4474 3055 4539 meis,
3086 4478 3143 4529 et
3166 4472 3560 4544 judicabunt:

2188 4548 2365 4621 Leges
2393 4563 2554 4604 meas
2583 4538 2640 4603 et
2671 4538 3107 4621 praecepta‘mea
3137 4538 3196 4599 in
3228 4544 3509 4600 omnibus
3558 4538 3825 4599 solemni-

2334 4621 2552 4675 tatibus
2586 4617 2732 4674 meis
2765 4617 3120 4677 custodiant.

2261 4696 2319 4748 et
2346 4692 2597 4747 Sabbata
2629 4706 2759 4745 mea
2790 4688 3266 4745 sanctiﬁcabunt.

2192 4764 2261 4819 Et
2290 4764 2362 4819 ad
2406 4768 2707 4818 mortuum
2757 4761 3057 4817 hominem
3122 4776 3237 4815 non
3291 4757 3727 4831 ingrediantur,
3770 4768 3834 4809 ne

2332 4835 2691 4907 polluantur,

2262 4905 2375 4963 nisi
2408 4906 2479 4962 ad
2514 4910 2739 4978 patrem
2773 4906 2832 4959 et
2861 4908 3132 4960 matrem.

2258 4983 2317 5035 et
2346 4976 2534 5034 ﬁlium
2569 4982 2627 5033 et
2661 4976 2870 5042 ﬁliam,

2258 5054 2318 5106 et
2342 5052 2580 5107 fratrem
2610 5053 2669 5104 et
2699 5063 2986 5113 sororem,

2260 5138 2389 5194 quae
2416 5122 2667 5177 alterum
2703 5120 2892 5194 virum
2928 5135 3042 5194 non
3074 5115 3390 5194 babuerit‘
3419 5131 3433 5169 :

2259 5190 2317 5248 in
2343 5194 2562 5266 quibus
2596 5190 3183 5266 contaminabuutur.

2189 5269 2257 5320 Et
2288 5263 2603 5337 postquam
2634 5265 2809 5320 fuerit
2838 5263 3215 5337 emuundatus.

2261 5333 2489 5410 septem
2522 5337 2651 5410 dies
2676 5334 3150 5410 numerabuntur
3178 5333 3251 5389 ei.
3341 5401 3352 5410 _
3552 5399 3567 5410 ι
3669 5402 3677 5410 η
3721 5395 3731 5406 ⁸

2188 5409 2258 5465 Et
2289 5399 2346 5465 iri
2378 5410 2471 5465 die
2519 5407 2918 5480 introitussui
2952 5406 3008 5459 in
3044 5401 3461 5480 Sanctuarium
3488 5399 3569 5480 ad
3620 5399 3824 5480 atrium

2334 5480 2605 5548 interius,
2639 5485 2707 5534 ut
2739 5478 3035 5533 ministret
3064 5474 3217 5548 mihi
3242 5475 3301 5529 in
3336 5474 3691 5548 sanctuario,

2261 5532 2605 5622 olfere't‘pro'
2630 5532 2867 5623 peccato
2900 5565 3028 5617 suo,
3060 5549 3142 5604 ait
3189 5545 3479 5603 Dominus
3534 5544 3681 5598 Deus
3730 5532 3827 5601 Al.)

2191 5623 2438 5680 Domino
2474 5624 2629 5692 Deo).

506 5773 523 5805 ¹
557 5772 678 5825 Vox
705 5772 941 5827 alterum
972 5787 1159 5843 neque
1187 5766 1508 5826 additurin
1545 5764 1804 5834 Hebraeo,
1839 5781 2028 5838 neque
2059 5764 2132 5822 ab
2162 5762 2513 5837 Hieronymo
2538 5766 2594 5820 in
2626 5764 2954 5820 Comment.
2990 5758 3349 5834 agnoscitur.
3388 5756 3533 5813 Vide
3580 5770 3699 5827 quae
3745 5745 3817 5803 ibi

435 5838 810 5897 adnotamus.
