2014 3089
99 112 169 140 1065

97 175 162 202 Non
178 173 234 201 erit
248 175 346 201 autem
363 173 407 200 eis
422 172 588 208 haereditas,

134 218 188 246 ego
204 209 360 246 hereditas
371 217 472 236 eorum
489 217 495 235 :

133 244 166 274 et
179 245 396 281 possessionem
413 253 470 272 non
487 244 596 272 dabitis
612 244 653 272 eis
670 244 699 272 in
717 244 817 277 Israel,

132 290 185 317 ego
202 283 281 308 enim
298 281 445 315 possessio
462 288 575 308 eorum.

94 316 255 380 Victiénattn
272 319 299 343 et
314 325 365 352 pro
381 319 499 352 peccato
515 319 543 343 et
556 325 607 351 pro
631 316 737 344 delicto
754 317 810 352 ipsi
829 324 924 344 come-

192 361 226 380 en
256 360 263 379 :

192 354 242 380 ent
256 360 263 379 :

133 391 162 417 et
177 395 265 416 omne
280 388 379 414 votum
395 386 425 413 in
442 386 532 414 Israel
549 386 681 422 ipsorum
698 388 762 415 erit.

96 426 133 453 Et
149 422 457 460 primitiva__omnium
473 422 736 460 primogenitorum
750 432 757 456 ;

133 457 163 488 et
177 459 276 487 omnia
291 457 451 485 libamenta
466 466 500 485 ex
515 459 653 486 omnibus
668 467 731 494 qua
748 459 920 491 oti'eruntur,

171 494 358 523 sacerdotum
374 496 461 521 erunt
477 501 483 520 :

98 532 132 559 Et
149 530 297 566 primitiva
311 529 443 566 ciborum
455 530 622 566 vestrorum
640 528 748 566 dabitis
763 527 919 566 sacerdoti,

134 564 166 594 u't
181 567 303 601 reponat
317 564 550 592 benedictionem
567 564 667 592 domui
692 567 747 592 tua;
762 565 816 599 (At.
833 564 917 599 suae).

95 604 186 630 Omne
203 600 402 634 morticinum,
418 603 446 629 et
460 603 576 636 captum
593 609 610 628 a
626 601 719 628 bestia
733 601 769 628 de
779 600 882 628 avibus
894 601 923 627 et

169 638 206 666 de
221 636 376 673 pecoribus

134 682 191 701 non
208 671 362 700 comedent
372 671 549 699 sacerdotes.

94 710 176 745 (Cap.
193 709 295 745 XLV.)
316 708 446 745 Cumque
474 707 629 745 cmperitis‘
650 709 758 735 terram
789 707 920 734 dividere

167 745 272 772 sortito
286 743 340 779 (Al.
357 742 645 779 inqpossessionem),

130 783 264 816 separate
291 778 601 816 primitias‘Domino,
638 778 856 816 sanctiﬁcatum
884 778 920 805 de

129 814 218 849 terra,
233 814 417 849 longitudine
432 814 535 849 viginti
551 814 683 849 quinque
700 814 803 847 millia,

128 854 159 880 et
172 851 335 879 latitudene
349 850 450 877 decem
467 849 560 877 millia
575 858 582 877 :

91 887 313 916 Ssnctiﬁcatum
329 886 384 913 erit
399 886 429 913 in
444 886 525 913 omni
540 885 667 913 termino
677 886 741 921 ejus
753 884 918 921 percircui-

170 926 245 950 tum.

92 960 128 987 Et
144 959 199 987 erit
213 967 248 986 ex
263 957 342 984 omni
359 958 441 992 parte
456 956 674 984 sanctiﬁcatum

129 995 308 1031 quingentos
323 1000 374 1028 per
389 992 578 1031 quingentos,

129 1028 340 1067 quadrifariam
358 1028 596 1067 pe.r_c_ircuitu_m:

92 1070 120 1094 et
129 1063 346 1103 quinquaginta
352 1063 459 1091 cubitis
468 1064 498 1091 in
508 1063 710 1103 suburnanaej
716 1071 750 1103 us
758 1071 918 1103 pergyrum

92 1103 128 1130 Et
139 1099 158 1130 a
173 1099 313 1129 mensura
329 1100 385 1127 ista
402 1099 587 1127 mensurabis
609 1099 791 1135 longitudem
817 1099 917 1135 viginti

165 1137 296 1172 quinque
312 1135 449 1172 millium,

128 1176 156 1201 et
171 1169 357 1200 latitudinem
374 1171 474 1198 decem
492 1169 616 1197 millium

127 1211 156 1236 et
172 1209 201 1235 in
218 1208 281 1243 ipso
297 1207 353 1234 erit
363 1206 719 1243 templum,Sanctumque
735 1207 916 1243 sanctorum.

91 1240 312 1273 Sanctiﬁcatum
329 1243 365 1270 de
384 1240 461 1270 terra
471 1243 526 1269 erit
541 1241 743 1269 sacerdotibus
773 1240 916 1267 ministris

165 1278 340 1312 Sanctuarii,
358 1279 408 1313 qui
425 1278 569 1305 accedunt
584 1277 619 1304 ad
645 1276 843 1303 ministerium
860 1276 917 1303 Do-

164 1324 259 1349 mini;

127 1355 157 1380 et
172 1352 227 1379 erit
243 1347 285 1378 eis
310 1349 392 1377 locus
416 1348 446 1376 in
463 1349 577 1383 domos,
602 1351 631 1375 et
649 1348 679 1375 in
705 1347 915 1375 Sanctuarium

165 1385 329 1414 sanctitatis
338 1406 344 1412 .

90 1423 201 1459 Viginti
217 1418 568 1459 quinquc‘autemhmil‘lia
584 1417 790 1459 longitudinis,

126 1453 156 1487 Et
174 1453 273 1485 decem
299 1453 392 1484 millia
416 1455 582 1482 latitudinis
607 1456 692 1481 erunt
717 1453 835 1487 Levitis,
864 1453 914 1489 qui

162 1494 216 1528 (Αι.
232 1492 336 1520 Levita)
350 1490 526 1528 autemqui)
543 1490 712 1528 ministrant
726 1489 827 1516 domui
842 1497 849 1516 :

123 1525 184 1565 ipsi
202 1529 398 1565 possidebunt
406 1525 508 1565 viginti
523 1525 740 1565 gazophylacia.

86 1566 123 1593 Et
138 1561 359 1601 possessionem
375 1561 500 1601 civitatis
515 1561 623 1589 dabitis
639 1561 772 1596 quinque

122 1599 221 1628 millia
236 1599 412 1631 latitudinis,

121 1639 153 1664 et
169 1635 363 1671 longitudinis
378 1633 480 1671 viginti
496 1633 626 1671 quinque
643 1631 745 1671 millia,

121 1667 289 1700 secundum
307 1667 522 1706 separationem
539 1667 717 1702 Sanctuarii,

122 1708 206 1735 omni
223 1707 322 1734 domui
339 1705 438 1733 Israel.

79 1743 216 1779 Principi
233 1750 347 1778 quoque
364 1741 422 1774 hic,
438 1745 463 1768 et
478 1740 546 1767 inde
562 1739 591 1767 in
607 1738 822 1774 scparationem
839 1739 913 1767 San-

161 1778 279 1811 ctuarii,

124 1818 155 1842 et
170 1815 199 1842 in
217 1813 433 1849 possessionem
451 1811 588 1849 civitatis,

123 1847 229 1878 contra
243 1849 345 1877 faciem
363 1848 557 1884 separationis
570 1847 750 1884 Sanctuarii.

123 1888 154 1914 et
169 1890 271 1913 contra
285 1885 388 1912 faciem
398 1883 599 1919 possessionis
615 1883 697 1911 urbis
710 1891 717 1910 :

83 1927 110 1952 Α
127 1923 221 1950 latere
237 1921 328 1948 maris
343 1928 437 1955 usque
452 1919 488 1947 ad
505 1927 594 1952 mare,

124 1960 156 1986 et
171 1966 188 1984 a
202 1957 292 1984 latere
308 1956 431 1984 orientis
447 1963 540 1990 usque
556 1955 590 1982 ad
608 1955 751 1983 orientem
769 1963 775 1982 :

120 1992 333 2028 Longitudinis
340 1992 537 2028 autem'_juxta
545 1999 783 2028 unamquamque
791 1992 913 2028 partem,

120 2039 140 2058 a
156 2026 282 2056 termino
293 2026 467 2055 occidentali
481 2034 574 2062 usque
589 2027 623 2054 nd
640 2027 799 2054 terminum
816 2026 914 2053 orien-

169 2064 271 2091 talem.

120 2101 165 2129 De
178 2103 254 2127 terra
269 2098 322 2134 (Αι.
340 2097 447 2134 Terrae)
462 2096 518 2124 erit
532 2096 558 2134 ei
575 2096 722 2134 possessio
742 2096 771 2123 in
799 2096 887 2134 Israel
905 2105 911 2124 :

118 2140 151 2164 et
166 2144 224 2163 non
240 2132 497 2170 depopulabuntur
512 2132 589 2159 ultra
604 2132 754 2167 principes
770 2132 912 2168 populum

161 2179 263 2198 meum
284 2178 292 2198 Σ

668 113 775 140 LIBER
793 111 1006 139 EZECHIELIS
1025 112 1235 140 PROPHETE.

937 175 964 207 Α
1017 176 1128 201 sextam
1145 175 1257 209 partem
1274 172 1341 208 ephi
1354 173 1393 209 Vde
1409 180 1476 200 coro
1493 173 1642 205 frumenti,

1737 113 1806 139 1066

1016 212 1044 237 et
1059 208 1169 237 sextam
1186 213 1299 245 partem
1316 208 1383 244 ephi
1399 209 1434 236 de
1449 216 1515 245 coro
1532 208 1644 236 hordei.

981 245 1117 273 Mensura
1133 244 1247 281 quoque
1263 244 1328 279 olei,
1346 245 1431 272 batus
1447 244 1513 277 olei,
1530 244 1644 271 decima
1661 252 1730 280 pars
1745 245 1805 273 cori

1052 284 1120 308 est:

1016 319 1044 343 et
1059 317 1158 344 decem
1175 317 1235 344 bati
1251 325 1351 344 corum
1365 317 1476 344 faciunt
1493 324 1499 344 :

1015 353 1084 387 quia
1099 353 1198 380 decem
1216 353 1272 380 bati
1290 353 1414 388 implent
1428 361 1540 379 corum.

979 388 1013 415 Et
1029 388 1147 415 arietem
1164 397 1254 415 unum
1273 389 1307 415 de
1323 396 1410 424 grege
1426 389 1630 422 ducentorum,

1014 424 1050 451 de
1065 424 1110 450 his
1126 432 1190 459 qua:
1208 423 1362 451 nuntriunt
1376 424 1431 458 (Al.
1449 424 1552 457 nutrit)
1570 424 1658 451 Israel
1674 423 1703 451 in
1713 424 1800 451 sacri-

1049 459 1139 492 cium,
1155 461 1183 486 et
1198 459 1225 486 in
1243 459 1459 491 holocaustum,
1476 461 1504 486 et
1519 459 1548 486 in
1566 459 1696 494 paciﬁca,

1014 495 1049 522 ad
1066 495 1241 530 expiandum
1260 503 1311 530 pro
1327 496 1379 528 eis,
1396 495 1437 522 ait
1452 494 1596 522 Dominus
1610 495 1697 522 Deus.

978 530 1080 557 Omnis
1096 531 1222 566 populus
1238 533 1332 557 terrae.

1013 565 1161 593 tenebitur
1171 566 1308 601 primitiis
1323 566 1369 593 his
1386 565 1510 601 principi
1528 565 1556 592 in
1573 565 1670 592 Israel.

978 602 1010 629 Et
1019 610 1109 637 super
1120 600 1280 638 principem
1292 603 1378 638 erunt
1388 600 1600 638 holocaustaet
1611 600 1800 638 sacriﬁcium,

1047 636 1076 665 et
1089 636 1230 665 libamina
1246 638 1274 664 in
1290 637 1536 669 solemnitatibus,
1561 639 1590 664 et
1620 636 1647 663 in
1664 637 1798 664 kalendis

1048 676 1076 700 et
1091 673 1119 700 in
1137 673 1279 708 sabbatis,

1011 709 1040 735 in
1055 709 1200 736 universis
1217 708 1456 736 solemnitatibus
1472 709 1577 736 domus
1595 709 1685 736 Israel
1702 717 1708 735 :

976 746 1041 780 Ipse
1056 744 1207 807 fpcietlpiro
1219 748 1336 780 peccato
1348 744 1566 778 sacriﬁcium,et
1582 745 1799 778 holocaustum,

1047 788 1062 807 θ
1092 788 1153 807 naci
1180 788 1223 807 ca.

1047 783 1076 807 et
1091 780 1223 815 paciﬁca.

1010 816 1044 843 ad
1058 815 1234 851 expiandum
1250 823 1300 850 pro
1317 816 1403 843 domo
1420 815 1518 843 Israel.

935 857 959 890 Β
974 855 1040 890 Ilaec
1055 851 1125 890 dicit
1140 851 1283 879 Dominus
1299 852 1375 879 Deus
1393 860 1399 878 :

975 888 1006 915 In
1027 887 1121 923 primo
1137 895 1238 915 mense
1254 895 1313 923 una
1328 887 1552 922 mensisgsumes
1565 886 1688 914 vitulum
1705 888 1740 914 de
1752 895 1797 914 ar-

1046 925 1143 950 mento
1157 922 1378 950 immaculatum
1396 931 1403 949 :

1009 960 1038 986 et
1052 959 1183 993 expiabis
1199 958 1421 986 Sanctuarium.

974 995 1009 1022 Et
1023 994 1105 1022 tollet
1120 995 1257 1022 sacerdos
1273 994 1307 1022 de
1323 994 1478 1030 sanguine,
1496 1002 1553 1030 quo
1569 994 1624 1021 erit
1649 1003 1699 1030 pro
1729 1002 1798 1030 pec-

1045 1033 1109 1057 cato
1123 1039 1130 1058 :

1010 1067 1038 1093 et
1053 1068 1140 1101 ponet
1155 1065 1184 1093 in
1202 1066 1336 1101 postibus
1352 1067 1468 1100 domus,

1010 1104 1038 1128 et
1053 1102 1081 1128 in
1098 1104 1225 1136 quatuor
1240 1102 1357 1136 angulis
1374 1102 1534 1137 crepidinis
1549 1101 1661 1136 altaris,

1009 1140 1037 1164 et
1053 1137 1089 1173 in?
1099 1137 1233 1172 postibus
1250 1140 1338 1173 portes
1355 1137 1421 1164 atrii
1434 1138 1593 1164 interioris.

973 1173 1007 1200 Et
1022 1173 1064 1200 sic
1079 1172 1167 1209 facies
1183 1173 1213 1200 in
1228 1172 1354 1208 septima
1370 1173 1492 1206 mensis,
1523 1181 1574 1209 pro
1604 1180 1796 1208 unoquoque,

1045 1208 1094 1270 qpi
1111 1208 1254 1271 ignpravit
1269 1209 1321 1244 (Αι.
1339 1209 1536 1244 ignoraverit),
1552 1212 1579 1236 et
1595 1217 1692 1236 errore
1708 1209 1794 1236 dece-

1045 1252 1060 1271 n
1077 1252 1110 1270 us
1125 1252 1156 1271 es
1173 1265 1179 1271 .

1044 1252 1110 1278 plus
1125 1252 1179 1277 est,

972 1281 1000 1316 et
1017 1279 1147 1316 expiabis
1163 1280 1216 1313 (AL
1232 1280 1398 1315 expiabitis)
1415 1289 1465 1316 pro
1482 1281 1580 1308 domo.

973 1315 1006 1342 In
1023 1315 1117 1351 primo
1133 1323 1243 1347 mense,
1261 1319 1366 1351 quarta
1386 1316 1501 1343 decima
1523 1316 1568 1343 die
1597 1315 1716 1349 mensis,
1742 1315 1797 1343 erit

1042 1350 1124 1377 vobis
1141 1351 1258 1378 Pascha:
1272 1351 1444 1378 solemnitas
1459 1360 1465 1377 :

1007 1386 1224 1421 septemdiebus
1240 1395 1340 1421 azyma
1355 1387 1546 1413 comedeutur
1557 1386 1793 1421 (.4Lcomcdent).

971 1422 1005 1449 Et
1021 1422 1105 1449 faciet
1119 1422 1254 1457 princeps
1271 1423 1299 1448 in
1316 1422 1362 1449 die
1376 1422 1428 1449 illa
1441 1430 1492 1457 pro
1504 1430 1544 1453 se,
1556 1425 1584 1449 et
1595 1430 1646 1456 pro
1659 1422 1794 1449 universo

1041 1457 1147 1492 populo
1165 1459 1258 1489 terrae,
1274 1457 1399 1485 vitulum
1417 1466 1468 1493 pro
1485 1460 1612 1492 peccato.

971 1493 1004 1520 Et
1014 1493 1042 1519 in
1053 1497 1162 1528 septem
1175 1493 1288 1520 dierum
1301 1493 1576 1521 solemnitatefaciet
1587 1493 1793 1520 holocaustum

1041 1528 1163 1555 Domino
1180 1531 1290 1564 septem
1301 1529 1420 1562 vitulos,

1004 1566 1032 1591 et
1041 1566 1157 1626 gepgem
1173 1564 1279 1592 arietes
1294 1564 1500 1592 immaculatos
1533 1564 1665 1600 quotidie
1681 1565 1792 1599 septem

1063 1607 1087 1626 ie
1113 1607 1147 1626 us
1164 1607 1170 1626 ε

1063 1607 1147 1626 IEDUS
1164 1607 1170 1626 2

1004 1637 1033 1662 et
1047 1643 1098 1670 pro
1116 1637 1231 1670 peccato
1248 1635 1360 1663 hircum
1374 1643 1528 1670 caprarum
1545 1635 1685 1670 quotidie.

968 1670 1003 1697 Et
1017 1670 1195 1698 sacriﬁcium
1212 1671 1278 1706 ephi
1295 1679 1346 1706 per
1358 1671 1492 1705 vitulum,

1004 1708 1032 1733 et
1044 1706 1111 1741 ephi
1128 1714 1179 1741 per
1195 1707 1315 1734 arietem
1332 1707 1419 1734 lacict
1435 1715 1441 1734 :

1004 1714 1032 1733 et
1044 1714 1111 1768 epni
1128 1714 1179 1741 per
1195 1714 1315 1734 arietem
1332 1714 1419 1734 tacict
1435 1715 1441 1734 :

1004 1744 1062 1782 et_o
1077 1742 1102 1769 ei
1118 1741 1167 1768 hin
1185 1750 1237 1777 per
1252 1742 1463 1782 singulaoephi.

969 1777 1098 1839 Septimo
1116 1785 1225 1839 mepse,
1243 1777 1346 1813 quinta
1361 1777 1475 1806 decima
1490 1777 1537 1805 die
1558 1777 1669 1804 mensis
1696 1777 1724 1803 in
1742 1785 1791 1804 so-

1051 1821 1128 1839 emm
1145 1821 1161 1839 a
1175 1821 1201 1839 θ.

1051 1813 1201 1846 enmitate,

1002 1849 1089 1876 faciet
1099 1848 1176 1875 sicut
1190 1857 1280 1884 supra
1291 1849 1368 1876 dicta
1379 1850 1449 1875 sunt
1464 1856 1514 1882 per
1525 1850 1635 1884 septem
1653 1848 1790 1881 dies,tam

1041 1892 1092 1918 pro
1108 1886 1235 1919 peccato,
1252 1892 1341 1918 quam
1358 1892 1410 1919 pro
1422 1883 1602 1916 holocausta,

1004 1921 1032 1946 et
1048 1920 1076 1946 in
1093 1919 1247 1952 sacriﬁcio,
1264 1922 1292 1946 et
1308 1919 1338 1946 in
1358 1919 1431 1946 oleo.

969 1955 1046 1990 (Cap.
1065 1954 1175 1989 XLVI.)
1192 1954 1339 1981 HmcDicit
1354 1954 1497 1981 Dominus
1512 1957 1589 1982 Deus
1606 1961 1611 1979 :

969 1988 1056 2018 Porta
1067 1990 1131 2017 atrii
1148 1988 1303 2023 interioris,
1322 1999 1384 2025 quae
1392 1991 1510 2023 respicit
1524 1990 1559 2017 ad
1575 1989 1726 2021 orientem,
1737 1988 1792 2014 erit

1040 2025 1139 2053 clausa
1155 2034 1204 2053 sex
1217 2024 1337 2057 diebus,
1351 2027 1377 2052 in
1396 2026 1504 2060 quibus
1520 2033 1594 2060 opus
1610 2024 1652 2058 ﬁt,

1005 2061 1051 2088 die
1067 2063 1165 2089 autem
1183 2061 1295 2088 sabbati
1313 2062 1469 2096 aperietur,

1005 2098 1054 2124 sed
1071 2099 1099 2124 et
1115 2096 1142 2123 in
1159 2096 1206 2124 die
1222 2097 1420 2124 kalendarum
1439 2096 1594 2131 aperietur,

969 2135 1003 2160 Et
1019 2132 1139 2160 intrabit
1153 2132 1289 2168 princeps
1305 2140 1356 2168 per
1369 2132 1445 2160 viam
1458 2129 1596 2159 Vestibuli
1610 2132 1699 2166 por'aa
1712 2129 1791 2156 defo-

1042 2168 1091 2200 ris,
1107 2170 1137 2195 et
1149 2168 1241 2195 stabit
1254 2169 1284 2195 in
1295 2168 1397 2195 limine
1413 2171 1518 2204 portae;

116 2207 173 2236 sed
185 2209 293 2234 terram
306 2205 419 2233 dabunt
429 2202 531 2232 domui
539 2202 806 2237 Israel,secundum
818 2203 912 2231 tribus
928 2220 953 2252 Ι)
1003 2206 1032 2231 et
1040 2204 1155 2252 {facient
1167 2204 1333 2232 sacerdotes
1348 2200 1553 2232 holocaustum
1567 2202 1642 2237 ejus,
1671 2204 1700 2228 et
1716 2200 1792 2236 paci-

124 2250 241 2271 eorum.

75 2281 152 2309 Haec
165 2278 239 2306 dicit
253 2276 397 2304 Dominus
414 2275 494 2303 Deus
511 2282 517 2301 :

76 2314 222 2345 Sufﬁciat
236 2313 328 2347 vobis,
344 2311 492 2350 principes
510 2309 598 2350 Issael
615 2317 628 2350 ἱ.

118 2345 495 2385 iniquitatem'e—trrapinas
511 2345 709 2385 inter-mittite,

120 2390 151 2415 et
162 2381 310 2421 judicium
328 2381 513 2421 etjus’titiam
530 2381 616 2408 facite
631 2389 637 2407 :

118 2415 260 2483 separati)5
270 2415 398 2447 conﬁnia
412 2420 509 2445 vestra
524 2426 541 2444 τι
559 2415 667 2452 populo
679 2416 799 2451 meo,ait
814 2416 913 2444 Domi-

158 2465 217 2483 nus
263 2463 325 2483 eus.

158 2465 217 2485 nus
238 2463 325 2483 UBUS.

76 2495 204 2533 Statura
217 2492 309 2533 justa,
327 2493 354 2519 et
369 2489 436 2525 ephi
448 2489 562 2524 justum
592 2488 620 2514 et
635 2486 832 2522 batusjustus
859 2488 914 2516 erit

157 2529 254 2557 vobis.

75 2565 161 2601 Ephi
177 2567 206 2592 et
221 2560 505 2601 batus_aaqualia,_et
519 2559 767 2601 uniuls‘mensurte
779 2561 884 2588 erunt:

78 2594 124 2630 Ut
139 2601 241 2632 captat
256 2594 398 2625 decimam
411 2598 522 2632 partem
537 2594 598 2632 cori
613 2594 709 2629 batus,

122 2639 153 2664 et
168 2630 316 2663 decimam
330 2630 444 2668 partem
458 2631 522 2670 cori
533 2630 600 2666 ephi
617 2639 625 2663 ;
738 2664 756 2670 η

118 2672 210 2708 juxta
225 2664 470 2708 mensuram-cori
483 2667 539 2708 erit
548 2664 630 2708 ‘aq'ua
646 2664 788 2708 .Iibcat'io‘
800 2673 913 2708 eorum.

76 2700 188 2736 Siclus
203 2709 300 2733 autem
312 2703 416 2740 viginti
432 2702 534 2740 obolos
548 2701 656 2740 habeat
670 2700 730 2740 (Αιη
741 2700 852 2740 habet).

76 2735 181 2772 ᾖσι-το
196 2741 298 2777 viginti
310 2735 389 2777 siéli,
398 2741 427 2766 et
437 2738 547 2777 viginta
567 2736 696 2777 quinque
707 2735 819 2777 sicli,_et
829 2735 916 2773 quin.

160 2771 256 2806 decim
272 2776 336 2805 sicli
352 2771 586 2803 minam'facient
599 2771 653 2805 (ΑΙ.
672 2771 806 2807 faciunt).

79 2816 126 2844 Et
141 2815 187 2842 hae
203 2815 272 2841 sunt
284 2810 432 2848 primitiae,
448 2817 520 2845 quas
533 2807 644 2836 tolletis
659 2814 666 2834 :

1040 2240 1096 2267 ﬁca
1111 2239 1175 2267 eius
1192 2247 1199 2266 :

969 2276 1003 2303 Et
1015 2247 1251 2309 adicffagiilguper
1265 2274 1354 2302 limen
1371 2277 1469 2310 portae,
1487 2276 1516 2301 et
1531 2273 1696 2310 egredietur
1712 2281 1719 2299 :

1005 2313 1088 2347 porta
1099 2313 1195 2347 autem
1212 2318 1269 2347 non
1285 2309 1438 2338 claudetur
1453 2318 1546 2347 usque
1563 2309 1598 2337 ad
1626 2315 1790 2347 vesperam.

967 2343 1151 2374 Et'adorabit
1164 2346 1290 2381 populus
1306 2349 1388 2374 terris
1404 2347 1439 2373 ad
1466 2343 1573 2374 ostium
1598 2347 1687 2380 portae
1710 2343 1791 2370 illius

1040 2383 1069 2409 in
1087 2382 1229 2414 sabbatis,

1003 2421 1033 2445 et
1047 2417 1076 2444 in
1092 2417 1236 2450 kalendis,
1250 2424 1346 2443 coram
1363 2416 1497 2444 Domino.

968 2454 1176 2481 Holocaustum
1194 2454 1293 2480 autem
1310 2452 1364 2479 hoc
1379 2452 1480 2479 offeret
1496 2451 1632 2487 princeps
1648 2450 1772 2487 Domino
1786 2457 1792 2476 :

1003 2490 1032 2517 in
1050 2489 1096 2516 die
1112 2489 1223 2516 sabbati
1240 2496 1290 2514 sex
1305 2496 1396 2523 agnos
1412 2485 1660 2521 immaculato'sﬁt
1671 2485 1792 2513 arietem

1042 2524 1287 2551 immaculatum:

967 2561 1002 2588 Et
1019 2560 1195 2587 sacriﬁcium
1213 2559 1280 2592 ephi
1296 2566 1347 2594 per
1359 2558 1478 2586 arietem
1492 2566 1498 2585 :

1005 2596 1034 2623 in
1054 2596 1108 2630 (Al.
1129 2598 1198 2622 tacet
1225 2590 1265 2629 in)
1281 2590 1366 2630 agnis
1395 2596 1493 2622 autem
1510 2592 1698 2624 sacriﬁcium,
1715 2590 1792 2626 quod

1040 2632 1153 2659 dederit
1170 2638 1276 2657 manus
1292 2632 1366 2664 ejus,

1004 2672 1030 2695 et
1046 2667 1101 2694 olei
1118 2667 1166 2693 hin
1185 2674 1239 2702 per
1252 2665 1370 2701 singula
1386 2664 1476 2702 ephi._
1555 2699 1562 2702 _
1744 2695 1749 2700 ι

970 2705 1002 2731 In
1018 2703 1065 2730 die
1080 2704 1177 2730 autem
1186 2699 1389 2729 'kalendarum
1404 2699 1532 2728 vitulum
1547 2699 1582 2726 de
1597 2702 1728 2725 armento
1743 2699 1796 2722 im-

1043 2737 1224 2766 maculatum
1243 2744 1250 2764 :

1005 2776 1035 2802 et
1047 2782 1097 2801 sex
1112 2772 1223 2809 agniet
1233 2771 1345 2809 arietes
1358 2769 1539 2798 immaculati
1555 2770 1652 2797 erunt.

970 2811 1005 2838 Et
1020 2810 1088 2846 ephi
1105 2807 1154 2845 per
1169 2807 1307 2842 vitulum,

126 2887 135 2905 ι
151 2884 367 2920 Longitudinem
381 2885 483 2913 autem,
500 2888 552 2917 pro
567 2877 756 2914 longitudini:
770 2884 876 2917 autem,
892 2882 1018 2919 legimus
1029 2881 1058 2909 in
1075 2889 1147 2909 mss.
1160 2879 1309 2908 omnibus.
1326 2879 1417 2906 MART.

250 2946 388 2974 I’A'raon.
411 2940 551 2972 XXVIII.

1596 2937 1634 2966 3t
