4028 6178
310 216 454 272 1073

379 345 438 395 et
468 339 757 409 concepit,
785 342 842 393 et
873 337 1097 409 peperit
1126 338 1177 393 ei
1210 339 1416 394 filium.

303 418 373 466 Et
402 411 550 465 dixit
586 411 868 464 Dominus
901 411 971 464 ad
1005 426 1141 464 eum
1178 427 1191 463 :

303 485 460 537 Voca
493 497 704 536 nomen
737 481 865 550 ejus
899 481 1122 537 Jezrael
1158 497 1172 535 :

378 554 660 625 quoniam
696 553 888 607 adhuc
920 554 1244 607 modicum.

373 620 432 682 e't
459 624 709 680 visitabo
733 625 1084 694 sanguinem
1116 622 1336 679 Jezrael
1363 637 1542 692 super
1562 620 1801 694 domum
1823 621 1954 686 Jeu,

374 703 433 753 et
463 695 767 766 quiescere
801 691 1010 750 faciam
1047 710 1291 767 regnum
1323 691 1532 767 domus
1563 691 1732 767 Israel
1760 692 1800 745 ¹.

299 770 374 824 Et
424 762 498 824 in_
536 768 628 822 die
673 767 775 822 illa
833 762 1142 824 conleraui
1187 781 1388 822 arcum
1449 762 1630 819 Israel
1691 763 1748 817 in
1806 762 1954 819 valle

445 838 690 894 Jezrael.

300 911 370 966 Et
400 909 668 981 concepit
698 909 912 976 adhuc,
944 912 1001 965 et
1032 908 1258 980 peperit
1287 907 1486 963 filiam.

303 983 369 1036 Et
399 983 544 1037 dixit
575 981 625 1037 ei
661 997 673 1034 :

299 1058 457 1109 Voca
488 1069 700 1107 nomen
734 1052 894 1122 ejus;
925 1051 1160 1122 Absque
1193 1048 1641 1122 misericordis:

374 1126 514 1196 quia
544 1141 669 1196 non
691 1118 1086 1196 ad'damhullra
1117 1121 1379 1176 misereri
1407 1120 1607 1175 domui
1642 1118 1838 1188 Israel,

367 1194 467 1252 sed
501 1195 790 1250 oblivione
821 1194 1134 1250 obliviscar
1162 1208 1387 1248 eorum.

295 1269 362 1324 Et
395 1267 593 1323 domui
625 1268 774 1322 Juda
805 1267 1145 1330 miserebor,

371 1347 428 1394 et
458 1338 692 1394 salvabo
722 1354 819 1392 eos
845 1337 906 1391 in
937 1337 1186 1392 Domino
1219 1340 1330 1390 Deo
1363 1351 1470 1390 suo
1506 1351 1518 1388 :

294 1411 363 1465 Et
396 1427 510 1465 non
542 1409 778 1464 salvabo
810 1424 909 1464 eos
941 1409 1000 1462 in
1033 1423 1197 1475 arcu,
1229 1411 1286 1462 et
1313 1405 1530 1478 gladio,

367 1487 426 1538 et
455 1481 514 1536 in
547 1479 721 1549 bello,
755 1484 811 1536 et
841 1481 900 1534 in
933 1479 1124 1551 equis,
1155 1483 1212 1532 et
1241 1478 1302 1551 in
1325 1477 1656 1551 equitibus.

292 1554 363 1608 Et
397 1548 713 1608 ablactavit
741 1567 890 1618 eam,
919 1548 1047 1622 quae
1076 1554 1202 1622 erat
1232 1549 1452 1620 absque
1484 1548 1906 1617 misericordia,

365 1625 436 1679 Et
465 1623 732 1694 concepit
761 1628 818 1678 et
850 1620 1076 1695 peperit
1106 1620 1314 1675 ﬁlium.

296 1695 364 1750 Et
392 1695 544 1750 dixit
578 1711 590 1748 :

293 1766 446 1823 Voca
477 1781 688 1822 nomen
720 1766 871 1834 ejus,
904 1763 1031 1835 Non
1063 1761 1317 1835 populus
1349 1777 1516 1818 meus
1549 1777 1564 1818 :

366 1838 508 1911 quia
535 1854 636 1893 vos
667 1853 780 1892 non
809 1834 1275 1908 populus’meus,

364 1916 425 1966 et
453 1925 560 1982 ego
591 1925 708 1964 non
739 1924 836 1964 ero
856 1912 1076 1982 vester.

1571 220 1783 273 LIBER
1821 217 2009 272 OSEE
2051 218 2470 274 PROPUETE.

1983 342 2036 408 A

1971 1695 2019 1760 Β

3583 221 3721 277 1074

2212 341 2410 396 vinum
2444 357 2641 396 meum
2673 342 2732 396 in
2765 345 3027 412 tempore
3058 358 3186 408 suo,

2141 419 2200 469 et
2229 411 2490 488 liberabo
2529 413 2724 488 lanam
2759 411 2946 488 meam
2995 418 3053 488 et
3099 413 3285 468 linum
3335 431 3555 481 meum,
3587 432 3715 488 quae

2210 485 2552 555 operiebant
2580 485 2966 554 ignominiam
3001 487 3152 553 eius,

2067 555 2136 610 Et
2167 571 2323 611 nunc
2355 556 2618 638 revelabo
2671 556 2987 612 stultitiam
3019 558 3147 626 ejus
3181 556 3238 611 in
3270 557 3455 613 oculis
3487 566 3715 616 amato.

2210 643 2340 681 rum
2374 643 2502 697 ejus
2536 644 2548 680 :

2137 701 2194 752 et
2224 698 2310 751 vir
2341 715 2453 752 non
2485 701 2650 753 eruet
2680 715 2806 752 eam
2841 699 2910 752 de
2944 714 3120 753 manu
3158 715 3287 754 mea
3321 718 3334 754 :

2064 768 2131 822 Et
2161 785 2392 840 cessare
2423 770 2632 824 faciam
2665 785 2838 824 omne
2865 771 3146 840 gaudium
3179 773 3330 840 ejus,

2134 839 2567 923 solemnitatem
2617 841 2769 910 ejus,
2803 839 3172 896 neOmeniam
3210 839 3365 913 ejus,
3399 845 3710 901 sabbatum

2205 927 2356 982 ejus,

2131 987 2188 1037 et
2219 981 2419 1037 Omnia
2450 983 2598 1038 festa
2630 986 2894 1053 tempora
2926 985 3074 1052 ejus.

2061 1054 2126 1109 Et
2158 1069 2531 1127 corrumpam
2562 1054 2788 1127 vineam
2825 1055 2980 1124 ejus,
3011 1061 3068 1127 et
3099 1055 3270 1110 ficum
3306 1057 3435 1127 ejus
3470 1075 3482 1112 :

2131 1128 2202 1181 de
2233 1127 2448 1197 quibus
2479 1125 2623 1179 dixit
2657 1143 2669 1179 :
2703 1125 2997 1181 Mercedes
3025 1125 3114 1181 hae
3145 1143 3282 1182 mea:
3317 1125 3474 1194 sunt,

2129 1215 2278 1269 quas
2308 1198 2596 1252 dederunt
2628 1197 2770 1252 mihi
2805 1203 3095 1269 amatores
3121 1198 3235 1252 mei
3273 1216 3285 1252 :

2057 1269 2126 1323 Et
2149 1268 2370 1340 ponam
2401 1285 2468 1324 ea
2500 1269 2605 1340 (Al.
2635 1270 2789 1340 eam)
2821 1269 2880 1322 in
2913 1268 3126 1324 saltum
3154 1272 3194 1335 ²,

2128 1339 2183 1395 et
2213 1341 2479 1395 comedet
2511 1339 2612 1393 illa
2640 1341 2744 1403 (Al.
2780 1342 2933 1408 eam)
2963 1341 3153 1395 bestia
3181 1341 3327 1411 agri.

2056 1411 2124 1466 Et
2153 1411 2407 1484 visitabo
2435 1427 2612 1482 super
2641 1427 2768 1466 eam
2811 1412 2935 1467 dies
2968 1411 3214 1479 Baalim,
3247 1413 3464 1484 quibus
3494 1430 3702 1470 ascen-

2194 1483 2365 1538 debat
2395 1483 2725 1538 incensum.

2124 1559 2178 1610 et
2209 1555 2529 1609 ornabatur
2559 1554 2760 1609 inaure
2792 1571 2920 1619 sua,
2951 1561 3008 1609 et
3039 1553 3241 1609 monili
3275 1572 3403 1621 suo,

2124 1631 2180 1682 et
2210 1626 2332 1697 ibat
2353 1631 2485 1696 post
2505 1631 2795 1682 amatores
2817 1643 2978 1697 suos,
3007 1631 3062 1681 et
3084 1627 3196 1681 mei
3225 1627 3699 1696 obliviscebatur,

2190 1696 2331 1752 dicit
2363 1698 2646 1753 Dominus
2681 1714 2694 1750 :

2047 1769 2290 1840 Propter
2318 1768 2449 1840 hoc,
2482 1785 2614 1824 ecce
2644 1783 2749 1840 ego
2794 1767 3020 1824 laclabo
3052 1784 3204 1834 eam,
3237 1773 3293 1824 et
3322 1770 3534 1826 ducam
3568 1787 3694 1827 eam

2188 1841 2248 1896 in
2279 1839 2657 1896 solitudinem
2695 1839 2708 1893 ὲ

2115 1915 2172 1968 et
2204 1912 2409 1982 loquar
2437 1912 2508 1967 ad
2543 1928 2644 1967 cor
2670 1912 2821 1981 ejus.

290 1982 362 2037 Et
391 1976 814 2038 erit'numerus
848 1978 1099 2034 ﬁliorum
1122 1976 1300 2034 Israel
1326 1976 1494 2048 quasi
1527 1992 1701 2032 arena
1733 1976 1936 2048 maris,
2042 1982 2114 2038 Et
2141 1976 2295 2039 dabo
2323 1983 2376 2039 ei
2403 1983 2682 2038 vinitores
2701 1976 2841 2052 ejus
2872 1997 2940 2036 ex
2970 1982 3170 2036 eodem
3203 1980 3350 2051 loco,

438 2069 568 2124 quae
599 2052 726 2108 sine
756 2065 1038 2124 mensura
1067 2054 1178 2114 est,

363 2128 422 2179 et
451 2122 566 2178 non
599 2122 1026 2178 numerabitur.

287 2196 360 2251 Et
388 2195 502 2251 erit
534 2195 592 2249 in
617 2194 746 2250 loco
776 2194 873 2248 ubi
916 2193 1143 2248 dicetur
1171 2191 1277 2258 eis,
1310 2190 1432 2246 Non
1468 2189 1719 2262 populus
1769 2207 1935 2246 meus

435 2282 537 2321 vos
573 2283 586 2319 :

362 2338 595 2393 dicetur
623 2336 708 2392 eis
741 2353 754 2391 :
787 2335 912 2390 Filii
944 2335 1044 2392 Dei
1078 2332 1346 2388 viventis.

289 2409 364 2464 Et
398 2409 911 2480 ccngregabuntur
932 2406 1033 2462 lilii
1056 2406 1227 2473 Juda,
1253 2409 1312 2459 et
1343 2405 1444 2459 filii
1471 2404 1650 2461 Israel
1683 2404 1934 2480 pariter:

2116 2060 2173 2110 et
2199 2054 2406 2110 vallem
2441 2055 2631 2109 Achor
2659 2054 2730 2108 ad
2761 2053 3136 2124 aperiendam
3169 2069 3356 2124 spem,

2045 2127 2113 2181 Et
2143 2131 2319 2206 canet
2343 2125 2614 2206 ibijuxta
2647 2124 3126 2206 diesjuyentutis
3156 2141 3298 2206 suae,

2115 2202 2173 2252 et
2193 2199 2366 2270 juxta
2388 2197 2528 2270 dies
2542 2195 2922 2270 ascensionis
2939 2212 3058 2250 sua:
3089 2195 3160 2249 de
3187 2199 3341 2251 terra
3368 2197 3618 2270 lEgypti.

2045 2270 2114 2326 Et
2141 2265 2252 2324 erit
2280 2269 2340 2324 in
2371 2268 2464 2323 die
2493 2267 2616 2331 illa,
2650 2266 2732 2322 ait
2760 2265 3046 2322 Dominus
3080 2283 3092 2320 :

2115 2340 2341 2396 vocavit
2373 2355 2462 2394 me
2497 2357 2509 2393 :
2541 2339 2643 2394 Vir
2669 2354 2836 2393 meus
2868 2353 2882 2392 :

2117 2416 2176 2468 et
2202 2429 2319 2468 non
2351 2411 2578 2466 vocabit
2607 2425 2699 2466 me
2730 2409 2903 2477 ultra,
2934 2408 3092 2464 Baali
3115 2409 3160 2462 ³.

363 2485 420 2536 et
451 2477 672 2553 po'nent
701 2479 935 2535 sibimet
973 2481 1150 2549 caput
1200 2493 1398 2542 unum,
1435 2482 1491 2532 et
1521 2478 1840 2532 ascendant
1865 2477 1936 2532 de
2045 2485 2117 2540 Et
2143 2485 2404 2539 auferam
2440 2480 2679 2537 nomina
2705 2480 2925 2553 Baalim
2961 2481 3030 2536 de
3061 2495 3159 2553 ore
3185 2479 3342 2553 ejus,

437 2558 595 2608 terra
629 2567 643 2604 :

368 2624 509 2695 quia
537 2638 788 2695 magnus
819 2621 943 2695 dies
970 2618 1212 2695 Jezrael.

292 2688 460 2767 (Cap.
498 2696 588 2763 ll.)
616 2688 801 2767 Dicite
826 2691 1105 2767 fratribus
1135 2689 1342 2767 vestris
1369 2707 1382 2743 :
1407 2688 1664 2761 Populus
1687 2707 1853 2747 meus
1887 2708 1900 2746 :

367 2761 426 2822 et
454 2761 640 2822 sortiri
668 2769 878 2820 vestrae
910 2779 923 2816 :
959 2761 1417 2818 Misericordiam
1451 2768 1780 2818 consecuta.

207 2877 212 2880 -
292 2838 567 2894 Judicate
596 2842 842 2892 matrem
872 2839 1150 2898 vestram,
1174 2833 1438 2904 judicate
1470 2849 1484 2886 :

368 2909 646 2992 quoniam
693 2909 822 2980 ipsa
867 2923 984 2962 non
1034 2922 1180 2960 uxor
1229 2914 1404 2972 mea,"
1429 2909 1486 2960 et
1532 2919 1638 2977 ego
1687 2920 1802 2960 non
1851 2904 1942 2960 vir

437 2997 587 3036 81118.

437 2999 466 3035 e
498 2999 587 3036 us.

290 2999 535 3108 AuferJat
564 3049 973 3107 fornicationes
1003 3064 1142 3103 suas
1172 3064 1206 3102 a
1237 3047 1380 3102 facie
1409 3063 1536 3114 sua,

366 3127 424 3179 et
454 3121 742 3178 adulteria
771 3137 880 3176 sua
908 3121 980 3175 de
1010 3117 1200 3174 medio
1231 3119 1479 3174 uberum
1513 3135 1779 3174 suorum.

294 3194 379 3252 Ne
409 3194 554 3250 forte
587 3191 900 3264 exspoliem
931 3207 1060 3248 eam
1093 3190 1337 3264 nudam,

363 3269 420 3321 et
450 3260 710 3321 statuam
732 3279 860 3319 eam
889 3263 1215 3318 secundum
1240 3262 1395 3316 diem
1428 3260 1754 3317 nativitatis
1783 3279 1902 3318 sua:
1928 3279 1941 3316 :

294 3342 365 3392 Et
395 3353 609 3408 ponam
638 3351 765 3391 eam
796 3331 1400 3408 quasiAsolitudinem,

369 3403 428 3464 et
457 3413 709 3465 statuam
742 3403 869 3462 eam
900 3404 1063 3461 velut
1089 3408 1307 3460 terram
1340 3403 1580 3473 inviam,

371 3485 429 3535 et
457 3479 808 3535 interficiam
839 3494 965 3534 eam
997 3477 1057 3532 in
1089 3476 1209 3532 siti.

302 3551 370 3606 Et
401 3551 656 3606 ﬁliorum
690 3549 852 3605 illius
883 3566 1000 3604 non
1028 3546 1350 3604 miserebor
1381 3563 1394 3600 :

376 3623 654 3705 quoniam
689 3621 794 3705 lilii
826 3620 1278 3705 fornicationum
1311 3623 1473 3675 sunt.

299 3694 451 3759 Quia
483 3695 762 3750 fornicata
787 3696 877 3749 est
905 3694 1093 3747 mater
1118 3705 1342 3759 eorum,

374 3765 620 3822 confusa
649 3768 738 3822 est
769 3781 894 3835 quae
925 3763 1192 3834 concepit
1220 3777 1318 3817 eos
1355 3778 1367 3814 :

299 3837 671 3917 Quiadixit:
711 3837 925 3892 Vadam
960 3839 1091 3917 post
1119 3837 1413 3917 amatores
1445 3849 1627 3901 meos,

373 3908 474 3980 qui
509 3909 652 3964 dant
683 3923 864 3979 panes
895 3906 1064 3980 mihi,
1096 3910 1153 3961 et
1182 3920 1366 3975 aquas
1396 3919 1576 3971 meas,

371 3977 570 4036 lanam
606 3977 817 4046 meam,
850 3982 908 4034 et
935 3977 1122 4032 linum
1154 3992 1376 4041 meum,

371 4053 566 4107 oleum
599 4066 819 4118 meum,
848 4054 906 4105 et
936 4056 1138 4121 polum
1171 4063 1390 4121 meum.

300 4123 544 4202 Propter
567 4123 678 4202 _boc
709 4137 842 4178 ecce
870 4118 976 4194 ego
1009 4118 1232 4202 sepiam
1263 4118 1414 4173 viam
1447 4120 1608 4172 tuam
1642 4119 1851 4190 spinis,

374 4193 432 4250 et
461 4193 684 4265 sepiam
714 4209 844 4250 eam
875 4193 1146 4265 maceria,

373 4271 430 4322 et
461 4261 701 4321 semitas
731 4281 870 4321 suas
899 4280 1012 4324 non
1047 4261 1320 4318 inveniet.

300 4336 371 4392 Et
401 4341 678 4408 sequetur
735 4339 1025 4392 amatores
1078 4349 1239 4398 suos,
1272 4336 1328 4388 et
1373 4348 1488 4386 non
1549 4331 1950 4403 apprehendet

447 4425 566 4475 eos,

375 4484 434 4535 et
465 4483 682 4550 quaeret
710 4495 831 4547 eos,
863 4481 918 4534 et
948 4487 1063 4532 non
1095 4474 1373 4543 inveniet,

377 4557 432 4606 et
464 4551 618 4606 dicet
651 4567 664 4604 :

299 4621 551 4687 Vadam,
583 4626 640 4678 et
671 4624 930 4676 revertar
958 4620 1030 4675 ad
1059 4619 1251 4673 virum
1286 4634 1479 4673 meum
1515 4617 1766 4687 priorem
1805 4633 1818 4669 :

419 4693 514 4749 uia
545 4695 688 4749 bene
719 4692 866 4746 mihi
895 4695 1020 4746 erat
1050 4694 1190 4746 tunc
1219 4690 1406 4761 magis
1435 4705 1613 4761 quam
1648 4704 1824 4745 nunc.

299 4765 372 4820 Et
395 4760 523 4821 haec
571 4764 838 4830 nescivit,
871 4763 1011 4834 quia
1057 4777 1164 4832 ego
1214 4760 1346 4815 dedi
1394 4761 1446 4815 ei
1476 4762 1856 4834 frumentum
1893 4763 1950 4814 ct

376 4837 578 4892 vinum
610 4841 667 4890 et
696 4831 914 4904 oleum,
945 4837 1002 4888 et
1031 4831 1336 4904 argentum
1371 4831 1753 4902 multiplicavi
1785 4831 1860 4896 ei,
1891 4835 1949 4885 et

450 4923 682 4976 aurum,
717 4923 844 4978 qua:
876 4902 1136 4960 fecerunt
1165 4902 1324 4978 Baal.

299 4979 526 5036 Idcirco
555 4976 860 5035 convertar
886 4978 994 5046 (Al.
1030 4976 1329 5046 revertar),

376 5058 434 5108 et
465 5067 696 5108 sumam
731 5045 1093 5104 frumentum
1121 5045 1318 5102 meum
1351 5045 1408 5100 in
1438 5049 1701 5117 tempore
1733 5062 1860 5112 suo,
1893 5048 1952 5100 et

379 5193 394 5228 ¹
429 5192 623 5248 Canon
654 5194 1094 5254 San-German.,
1125 5187 1189 5244 de
1217 5187 1372 5243 domo
1403 5187 1589 5242 Israel.
1627 5186 1819 5243 Maa'r.

379 5264 400 5299 ³
432 5268 507 5319 Eo
540 5265 714 5318 modo
745 5262 886 5334 legit
934 5261 1128 5334 Canon
1179 5259 1746 5334 sanA-Germauensis
1777 5259 1952 5334 casti-

301 5339 478 5402 gatus
506 5351 518 5388 :
547 5335 645 5391 alii
679 5329 830 5390 mss:
853 5333 1072 5387 habent
1103 5330 1472 5397 femininum,
1499 5347 1625 5385 eam
1657 5329 1716 5384 in
1745 5331 1950 5386 saltum

307 5416 362 5463 et
391 5407 634 5462 comedat
667 5422 810 5474 eam,
841 5408 952 5459 etc.
987 5403 1170 5458 MART.

376 5479 398 5512 ³
428 5478 536 5532 Pro
569 5477 728 5534 Βααιὶ
756 5472 1116 5546 Ιὸεὶῐηυείὶῐι
1172 5472 1445 5527 omnibus
1495 5488 1638 5526 mss.
1693 5472 1952 5546 Baalim;

300 5550 459 5620 quod
491 5545 877 5620 exscriptores
907 5547 987 5620 ita
1017 5545 1419 5620 depravarunt
1447 5547 1684 5620 propter
1715 5545 1952 5614 imperi-

300 5615 447 5692 tiam
501 5615 716 5692 linguai:
762 5618 1078 5675 Hebraicis.
1113 5617 1284 5671 Βααιὶ
1328 5615 1484 5692 enim
1535 5615 1956 5692 interpretatur
2061 5615 2296 5690 liusque
2327 5623 2660 5674 contextum
2704 5615 3022 5688 prophetiae

306 5691 566 5748 dominus
589 5686 785 5759 imus,
836 5706 962 5759 seu,
995 5706 1084 5758 vir
1111 5703 1264 5743 meus
1295 5705 1324 5759 :A
1345 5687 1402 5741 id
1432 5695 1518 5742 est
1555 5686 1772 5759 ihabens
1818 5703 1903 5744 me
1934 5705 1953 5741 :

312 5764 533 5821 Baalim
562 5779 697 5820 vero
727 5757 1056 5819 nemenest
1081 5757 1525 5815 daemoniorum.
1553 5758 1739 5814 MART.

2118 2560 2176 2610 et
2205 2571 2318 2611 non
2354 2553 2760 2609 recordabitur
2789 2552 2944 2607 ultra
2975 2550 3232 2607 nominis
3265 2566 3488 2606 eorum.

2049 2631 2116 2682 Et
2149 2624 2469 2698 percutiam
2495 2625 2578 2680 eis
2611 2624 2798 2698 foedus
2828 2624 2886 2678 in
2917 2623 3011 2698 die
3040 2623 3162 2688 illa,

2119 2694 2251 2753 cum
2287 2697 2472 2752 bestia
2502 2696 2646 2764 agri,
2681 2703 2734 2750 el
2764 2711 2894 2749 cum
2927 2694 3158 2750 volucre
3189 2694 3340 2758 caeli,

2189 2773 2247 2824 et
2276 2784 2410 2823 cum
2441 2766 2634 2824 rentili
2664 2771 2828 2821 terra
2862 2782 2874 2818 :

2048 2841 2116 2896 Et
2146 2855 2372 2908 arcum,
2395 2843 2452 2894 et
2471 2833 2756 2910 gladium,
2776 2841 2831 2910 et
2855 2833 3074 2910 bellum
3097 2840 3396 2910 conteram
3423 2836 3492 2890 de
3515 2839 3690 2904 terra,

2188 2916 2243 2967 et
2273 2906 2530 2966 dormire
2559 2925 2658 2965 eos
2690 2907 2898 2962 faciam
2936 2906 3306 2962 ﬁducialiter.

2049 2983 2119 3038 Et
2148 2982 2440 3054 sponsabo
2471 2985 2526 3037 te
2558 2978 3248 3054 mibi_in_sempite_rnum
3281 2995 3298 3054 γε

2121 3047 2502 3125 θίέροηειώφ
2533 3055 2591 3107 te
2623 3050 2770 3125 mihi
2799 3049 2856 3106 in
2883 3047 3292 3125 justitiamLet
3317 3047 3557 3116 judicio,

2121 3129 2179 3180 et
2208 3121 2266 3180 in
2300 3123 2722 3191 misericordia,
2755 3127 2814 3178 et
2844 3121 3324 3176 miserationibus
3359 3137 3370 3174 :

2049 3201 2115 3253 Et
2144 3197 2437 3268 sponsabo
2465 3200 2523 3252 te
2554 3193 2788 3268 mihi‘in
2823 3194 2934 3268 ﬁde
2966 3209 2979 3247 :

2121 3265 2358 3324 efscies
2389 3269 2532 3339 quia
2549 3283 2664 3339 ego
2696 3265 3004 3321 Dominus.

2051 3340 2118 3394 Et
2143 3340 2256 3395 erit
2284 3340 2344 3394 in
2378 3337 2471 3394 die
2501 3337 2615 3394 iila’
2640 3356 2653 3392 :

2049 3410 2398 3476 Exaudiam,
2430 3409 2569 3465 dicit
2612 3408 2916 3475 Dominus,
2949 3404 3256 3462 exaudiam
3288 3404 3489 3473 cmlos,

2121 3489 2179 3539 et
2211 3482 2295 3537 illi
2323 3482 2640 3537 exaudient
2675 3483 2913 3535 terram.

2051 3555 2121 3610 Et
2150 3559 2304 3610 terra
2333 3553 2607 3609 exaudiet
2635 3552 2922 3616 triticum,
2949 3552 3008 3606 et
3038 3548 3264 3616 vinum,
3297 3553 3354 3603 et
3382 3547 3575 3603 oleum
3613 3564 3626 3601 :

2125 3627 2246 3681 haec
2277 3625 2592 3681 exaudient
2619 3623 2863 3679 Jezrael.

2052 3700 2120 3750 Et
2149 3697 2455 3752 seminabo
2485 3712 2613 3752 eam
2649 3694 2791 3748 mihi
2820 3694 2877 3747 in
2911 3697 3084 3759 terra,

2123 3773 2180 3824 et
2210 3768 2536 3824 miserebor
2580 3766 2731 3836 ejus,
2765 3781 2891 3834 quaa
2937 3763 3046 3817 fuit
3093 3761 3314 3832 absque
3364 3760 3699 3815 misericor-

2195 3839 2312 3893 dia.

2052 3910 2121 3964 Et
2151 3909 2340 3964 dicam
2374 3924 2490 3962 non
2541 3904 2755 3976 populo
2788 3921 2915 3959 meo
2951 3921 2963 3957 :
2996 3902 3253 3974 Populus
3297 3918 3464 3958 meus
3493 3917 3555 3956 es
3585 3906 3644 3955 tu
3681 3918 3693 3954 :

2123 3985 2180 4036 et
2207 3981 2334 4036 inse
2365 3979 2518 4034 dicet
2553 3995 2565 4032 :
2600 3982 2751 4032 Deus
2781 3991 2948 4030 meus
2977 3991 3039 4030 es
3069 3979 3129 4029 tu
3167 3990 3180 4027 :

2051 4052 2206 4122 (Cap.
2233 4047 2362 4120 III.)
2394 4051 2464 4104 Et
2493 4047 2958 4122 dixithomin‘us
2989 4047 3058 4100 ad
3092 4061 3232 4122 me:

2054 4114 2262 4178 Adhuc
2291 4114 2456 4186 vade,
2487 4125 2544 4176 et
2572 4119 2750 4192 dilige
2780 4118 3084 4174 mulierem
3119 4116 3389 4171 dilectam
3422 4114 3610 4170 amico
3642 4119 3699 4169 ct

2198 4193 2520 4248 adulteram
2559 4209 2570 4245 :

2198 4197 2520 4249 adulteram
2559 4209 2570 4245 :

2127 4266 2280 4321 sicut
2310 4263 2507 4335 diligit
2531 4257 3234 4335 Dominus_ﬁlios__lsrael,

2125 4343 2184 4394 et
2213 4337 2325 4420 ipsi
2357 4327 2682 4406 respiciunt
2709 4334 2780 4388 ad
2812 4333 2952 4388 deos
2977 4330 3218 4397 alienos,
3243 4333 3300 4384 et
3328 4327 3587 4400 diligunt
3615 4327 3701 4382 vi-

2196 4424 2362 4464 nacia
2392 4422 2662 4474 uvarum,

2056 4481 2124 4536 Et
2153 4481 2268 4535 fodi
2299 4495 2428 4536 eam
2462 4478 2609 4532 mihi
2640 4472 2974 4547 quindecim
3011 4472 3327 4547 argenteis,

2126 4555 2183 4606 et
2211 4568 2343 4606 coro
2375 4548 2599 4615 hordei,
2631 4543 2687 4604 et
2718 4546 2961 4602 dimidio
2993 4543 3124 4601 coro
3158 4543 3380 4600 hordei.

2055 4623 2122 4677 Et
2152 4623 2270 4677 dixi
2301 4623 2368 4676 ad
2398 4637 2527 4676 eam
2563 4637 2575 4673 :

2055 4695 2188 4749 Dies
2219 4693 2436 4748 multos
2467 4689 2830 4762 exspectabis
2863 4704 2952 4743 me
2987 4706 2998 4742 :

2127 4782 2240 4820 non
2275 4759 2674 4829 fornicaberis,
2706 4766 2762 4815 et
2793 4777 2906 4816 non
2941 4759 3056 4815 eris
3088 4759 3207 4814 viro
3242 4776 3254 4812 ε

2126 4838 2226 4892 sed
2264 4842 2320 4891 et
2349 4852 2454 4906 ego
2485 4833 2834 4906 exspectabo
2865 4837 2942 4888 te.

2057 4909 2204 4974 Quia
2233 4909 2359 4990 dies
2384 4900 2608 4990 inultos
2638 4904 2926 4960 sedebunt
2954 4900 3059 4956 filii
3093 4902 3268 4957 Israel
3301 4902 3427 4957 sine
3465 4916 3614 4970 rege,
3643 4902 3699 4954 et

2200 4979 2328 5034 sine
2360 4977 2639 5049 principe.

2129 5054 2188 5105 et
2218 5043 2686 5115 sine-sacriﬁcio,
2719 5049 2776 5100 et
2806 5045 2932 5100 sine
2963 5043 3132 5099 altari
3154 5049 3195 5114 ⁴,

2128 5192 2152 5226 ⁸
2177 5197 2327 5247 Sane
2354 5205 2635 5263 perquam
2671 5189 2897 5263 erudite
2921 5187 3307 5258 Hieronymus
3337 5187 3394 5240 in
3431 5201 3538 5239 suo
3567 5183 3708 5263 legit

2059 5264 2340 5318 Hebraico
2357 5254 2690 5332 exemplari
2732 5273 2904 5320 nam
2939 5275 3040 5332 pro
3069 5254 3160 5324 ea,
3192 5274 3320 5328 quea
3371 5273 3526 5332 nunc
3557 5254 3707 5309 obti-

2061 5339 2181 5401 net,
2212 5333 2518 5390 simillima
2546 5327 3108 5403 'atquedearumdem
3135 5327 3341 5403 penem
3376 5327 3704 5403 litterarum

2059 5400 2200 5460 voce
2229 5415 2414 5468 nam.
2450 5400 2670 5474 Nempe
2708 5401 2810 5456 illa
2848 5400 3036 5474 altare
3064 5401 3379 5474 significat,
3412 5403 3622 5474 quout
3651 5401 3708 5451 et

2062 5476 2305 5547 reliquis
2336 5492 2481 5531 verae
2513 5469 2815 5547 religionis
2845 5469 3260 5547 instrumentis
3290 5471 3388 5526 diu
3423 5469 3706 5547 multum-

2063 5564 2175 5632 que
2191 5543 2479 5603 'Hchraeos
2521 5543 2826 5610 carituros,
2861 5545 2931 5599 ad
2967 5543 3258 5669 prodphetze
3306 5546 3584 5601 mentem.
3618 5544 3705 5595 to-

2063 5630 2296 5669 liusaue
2327 5623 2660 5669 contextum
2704 5615 3022 5669 nronhetiae
3093 5615 3266 5669 icitur
3299 5631 3312 5669 :
3347 5613 3550 5669 altera.
3584 5613 3705 5667 sive

3093 5627 3266 5670 icitur
3299 5631 3312 5669 :
3347 5627 3550 5676 altera.
3584 5627 3707 5667 8W6

2061 5681 2224 5754 119175
2257 5694 2429 5746 sonat
2470 5681 2730 5755 statuam,
2765 5681 2880 5759 quo
2929 5685 3210 5742 vocabulo
3257 5689 3493 5741 notatur
3521 5681 3705 5739 idolo-

2060 5762 2245 5818 latriae
2276 5760 2617 5818 exercitium
2655 5778 2667 5816 :
2700 5774 2889 5831 neque
2939 5774 3110 5831 porro
3158 5759 3392 5814 credere
3441 5773 3542 5829 par
3594 5759 3704 5824 est,
