4028 6178
172 208 313 266 1085

242 334 449 388 dentes
480 331 607 400 ejus
638 332 701 384 ut
732 329 938 383 dentes
971 326 1157 400 leonis
1194 344 1207 384 :

242 410 301 459 et
328 398 580 458 molares
610 402 756 471 ejus,
791 404 855 455 ut
886 399 1061 454 catuli
1096 398 1303 454 leonis.

171 478 380 534 Posuit
408 470 649 528 vineam
671 488 860 527 meam
892 471 949 525 in
982 470 1305 539 desertum,

242 553 299 604 et
336 548 511 601 ficum
545 560 736 600 meam
767 542 1144 598 decorticavit
1178 559 1190 597 :

249 619 483 675 nudans
511 615 782 688 spoliavit
811 631 965 688 eam,
999 618 1057 668 et
1089 611 1333 685 projecit
1366 630 1381 673 :

246 689 367 745 albi
402 686 703 743 facti'sunt
737 687 883 741 rami
914 686 1060 755 ejus.

170 764 389 831 Plange
419 760 590 831 quasi
614 760 777 829 virgo
800 757 1062 815 accincta
1088 772 1261 815 sacco
1291 772 1470 828 super
1498 755 1687 813 virum
1722 772 1827 827 pu-

367 832 568 888 ertatis
600 848 717 886 suas
744 831 851 900 (Al.
871 834 1040 900 tuae).

173 904 361 962 Periit
391 898 837 959 sacriﬁcium'et
866 899 1068 961 libatio
1098 899 1167 955 de
1202 901 1374 954 domo
1412 898 1641 959 Domini
1671 914 1685 954 :

248 977 530 1031 luxerunt
559 974 891 1029 sacerdotes
944 970 1198 1025 ministri
1230 970 1479 1027 Domini.

252 1045 621 1119 Depopulata
648 1050 738 1102 est
768 1043 950 1115 regio,

246 1120 397 1175 luxit
428 1120 647 1174 humus
680 1134 692 1172 :

171 1191 461 1256 Quoniam
495 1190 864 1244 devastatum
902 1190 989 1241 est
1021 1185 1306 1257 triticum,

246 1264 565 1319 confusum
596 1264 686 1316 est
725 1258 951 1325 vinum,

246 1334 513 1403 elanguit
542 1332 736 1388 oleum
772 1347 785 1386 :

171 1399 419 1464 Confusi
450 1410 589 1460 sunt
617 1399 907 1475 agricolis.

250 1478 631 1533 ululaverunt
655 1470 935 1529 vinitores
968 1488 1145 1544 super
1175 1471 1471 1529 frumento
1498 1474 1557 1529 et
1589 1470 1829 1540 hordeo,

251 1550 393 1621 quia
424 1548 599 1621 periit
627 1546 837 1604 messis
871 1543 1016 1621 agri.

174 1614 367 1676 Vinea
397 1614 503 1675 con
520 1620 649 1673 fusa
678 1622 768 1673 est
801 1620 852 1671 et
883 1614 1029 1671 ficus
1062 1614 1375 1687 elanguit_:

1417 205 1631 263 LIBER
1666 202 1842 259 JOEL
1878 202 2293 262 PROPHBTE.

1851 326 1906 393 Α
1936 327 2113 410 Quasi
2144 334 2426 410 aspectus
2448 349 2749 410 equorum,
2783 346 3052 410 aspectus
3081 354 3281 395 eorum
3310 356 3324 395 :

3440 217 3578 273 1086

2007 403 2063 478 et
2094 402 2261 478 quasi
2297 405 2523 478 equites
2554 407 2638 461 sic
2670 402 2928 478 current,

2006 469 2158 526 sicut
2183 469 2415 555 sonitus
2434 478 2853 551 quadrigarum
2874 469 3051 554 super
3072 482 3264 555 capita
3288 482 3577 540 montium

2040 613 2050 623 _
2074 545 2363 623 exsilient,

2005 618 2157 697 sicut
2186 618 2413 697 sonitus
2447 620 2693 697 ﬂammae
2726 623 2881 695 ignis
2912 624 3242 679 devorantis
3268 626 3578 697 stipulam,

2003 686 2164 768 velut
2196 692 2446 768 populus
2479 692 2644 768 lortis
2677 686 3041 768 prii'paratus
3072 698 3141 751 ad
3176 686 3467 768 prazlium.

1933 761 1979 810 Α
2012 759 2155 813 facie
2178 759 2760 837 eju's_cruciabunt‘ur
2791 759 2988 837 populi
3025 785 3038 823 :

1980 831 2435 910 'omn‘esvultus
2469 831 2806 908 redigentur
2834 831 2891 892 in
2922 838 3119 893 ollam.

1932 899 2091 955 Sicut
2124 902 2299 957 fortes
2332 912 2586 973 current,

2006 974 2323 1102 qugsllrzirgi
2355 976 2665 1034 bellatores
2688 981 3007 1036 ascendant
3029 982 3134 1052 (Al.
3160 983 3477 1039 ascenderu
3491 986 3575 1054 nt)

1985 1120 2073 1195 et
2094 1118 2628 1195 non_deelinabunt
2658 1141 2690 1177 a
2721 1125 2950 1180 semitis
2983 1125 3131 1181 suis.

1934 1187 2030 1271 Xir
2057 1187 2163 1257 (Al.
2190 1190 2331 1271 Yiri)
2360 1193 2431 1271 lu
2453 1193 2569 1271 lviis
2597 1195 2722 1250 suis
2746 1196 3047 1268 gradietur
3066 1197 3574 1271 (ALgradientur),

1935 1256 2323 1344 Unu’squ‘ique’
2355 1264 2594 1344 fratrem
2630 1256 2803 1344 suufn
2837 1285 2951 1344 non
2985 1256 3326 1338 coarctabit,

2006 1332 2219 1403 singuli
2254 1334 2309 1389 in
2344 1335 2489 1392 calle
2516 1354 2623 1392 suo
2653 1339 3047 1395 ambulabunt
3080 1357 3093 1396 :

1932 1401 2039 1457 Sed
2074 1409 2131 1459 et
2162 1422 2263 1476 per
2294 1407 2578 1467 fenestras
2601 1412 2831 1476 cadent,

2007 1478 2065 1535 et
2096 1453 2209 1532 non
2245 1453 2744 1539 demolientur?“
2792 1453 2831 1481 ν’

1937 1545 2148 1629 Urbem
2182 1547 2607 1619 ingrediantur,

2009 1635 2066 1672 in
2102 1635 2267 1676 muro
2300 1629 2557 1679 current.

254 1691 752 1769 malogranatum,
786 1691 843 1743 et
871 1687 1086 1769 palma,
1137 1684 1484 1756 et—malum,
1534 1687 1590 1742 et
1630 1686 1831 1745 omnia
1862 1697 1908 1769 Β
1942 1692 2586 1769 Domosconscendent,

330 1761 496 1833 ligna
525 1761 647 1833 agri
682 1764 966 1815 aruerunt
998 1774 1012 1813 :

249 1827 409 1907 quia'
424 1827 734 1890 confusum
766 1835 855 1907 est
884 1829 1165 1907 gaudium
1196 1827 1398 1907 a_ﬁliie
1442 1828 1781 1907 hominum.

181 1900 488 1989 Accingite
517 1923 639 1973 vos,
669 1910 727 1986 et
749 1900 1027 1975 plangite,
1052 1902 1412 1969 sacerdotes,
1431 1900 1685 1972 ulutate,
1720 1901 1828 1960 mi.

335 1978 507 2032 nistri
540 1977 741 2032 altaris
775 1992 789 2031 :

335 1976 507 2033 nistri
540 1976 741 2033 altaris
775 1992 789 2031 :

182 2050 598 2121 Ingredimini,
632 2048 847 2121 cubate
869 2047 1155 2121 in_sacco1
1182 2044 1435 2121 ministri
1471 2044 1564 2100 Dei
1597 2044 1758 2121 mei:

256 2116 537 2192 quoniam
568 2120 791 2176 interiit
820 2119 889 2174 de
921 2119 1090 2174 domo
1122 2116 1221 2172 Dei
1254 2116 1430 2173 vestri
1474 2116 1831 2175 sacriﬁcium

331 2198 389 2248 et
418 2193 636 2248 libatio.

182 2264 562 2321 Sauctiﬁcate
590 2263 902 2335 jejunium,

258 2341 464 2392 vocate
502 2340 737 2399 emtum,

259 2412 611 2480 congregata
628 2422 834 2480 senes,

262 2475 473 2536 omnes
489 2475 862 2535 habitatores
888 2482 1055 2533 terra
1080 2478 1141 2534 in
1172 2477 1415 2535 domum
1450 2476 1545 2534 Dei
1574 2475 1750 2533 vestri
1782 2491 1798 2532 :

262 2557 322 2607 et
353 2551 604 2608 clamate
636 2551 707 2607 ad
740 2550 1059 2607 Dominum

183 2625 242 2681 Α
269 2640 306 2678 a
336 2640 390 2689 a,
438 2624 554 2678 diei

268 2695 411 2766 quia
441 2711 619 2766 prope
649 2699 738 2752 est
766 2693 891 2751 dies
924 2693 1179 2761 Domini,

266 2764 326 2822 et
355 2764 524 2838 quasi
551 2764 801 2823 vastitas
832 2783 866 2821 a
896 2770 1135 2838 potente
1166 2764 1375 2821 veniet.

186 2834 474 2909 Nunquid
508 2855 619 2894 non
653 2854 846 2894 coram
880 2834 1066 2894 oculis
1094 2838 1301 2909 vestris
1331 2834 1688 2909 (ALuostris)
1721 2834 1829 2891 ali-

338 2908 535 2982 menta
566 2912 866 2982 perierunt
894 2909 965 2982 de
994 2910 1168 2965 domo
1200 2908 1301 2965 Dei
1329 2908 1537 2977 nostri,

261 2980 467 3037 latitia
498 2986 555 3037 et
568 2980 886 3038 exsultatio
904 2980 933 3036 ?

183 3054 691 3125 Computruerunt
711 3055 986 3125 jumenta
1013 3052 1073 3109 in
1105 3056 1359 3110 stercore
1388 3069 1518 3120 suo,

264 3124 547 3181 demolita
578 3130 715 3181 sunt
745 3124 975 3193 horrea,

265 3197 566 3269 dissipate
595 3200 735 3253 sunt
762 3196 1056 3268 apotheca:
1089 3212 1102 3269 :_

266 3266 552 3338 quoniam
574 3266 883 3325 confusum
915 3271 1003 3325 est
1034 3266 1324 3323 triticum.

187 3340 347 3405 Quid
382 3340 669 3413 ingemuit
703 3339 943 3408 animal,

272 3410 611 3485 mugiérunt
639 3428 845 3485 greges
876 3410 1129 3485 armenti
1150 3410 1177 3466 7

192 3483 352 3549 Quia
377 3501 490 3540 non
523 3488 613 3540 est
640 3483 857 3555 pascua
886 3483 1009 3551 eis;

270 3556 377 3629 sed
409 3561 465 3629 et
492 3552 696 3629 greges
729 3570 1001 3629 pecorum
1034 3552 1455 3626 disperierunt.

192 3626 283 3682 Ad
318 3630 399 3691 te,
430 3626 697 3694 Domine,
728 3626 991 3683 clamabo
1022 3641 1036 3681 :

274 3699 417 3771 quia
444 3699 599 3771 ignis
629 3698 883 3756 comedit
914 3696 1179 3771 speciosa
1196 3696 1444 3771 lleserti,

273 3767 332 3826 et
364 3767 603 3827 ﬂamma
634 3767 1167 3828 succendit'omnia
1196 3767 1356 3839 ligna
1385 3768 1661 3839 regionis.

190 3842 307 3899 Sed
341 3846 398 3897 et
429 3843 625 3898 bestiae
656 3843 804 3914 agri,
836 3842 1004 3913 quasi
1034 3856 1169 3896 area
1199 3839 1405 3896 sitiens
1436 3840 1707 3905 imbrem,

274 3920 671 3984 suspexerunt
700 3916 769 3969 ad
805 3918 862 3969 te
898 3930 912 3971 :

189 3986 489 4052 Quoniam
522 3988 793 4042 exsiccati
824 3987 961 4041 sunt
991 3984 1178 4040 fontes
1207 3998 1519 4054 aquarum,

345 4062 403 4112 et
426 4056 581 4128 ignis
612 4057 910 4113 devoravit
940 4056 1199 4128 speciosa
1233 4054 1467 4110 deserti.

193 4130 361 4203 (Cap.
393 4126 487 4199 ΙΙῘ)
517 4129 720 4203 Canite
744 4129 889 4184 tuba
917 4128 977 4185 in
1000 4126 1170 4203 ASion,

274 4200 500 4255 ulutate
528 4200 589 4256 in
623 4205 817 4257 monte
847 4201 1050 4256 sancto
1082 4212 1231 4263 meo,

273 4272 702 4327 conturbantur
730 4288 931 4328 omnes
961 4268 1319 4326 habitatores
1349 4271 1515 4323 terrm
1545 4284 1558 4323 :

192 4344 353 4410 Quia
380 4344 536 4399 venit
566 4343 691 4400 dies
730 4343 985 4412 Domini,

276 4415 418 4499 quia
451 4432 627 4499 prope
656 4421 743 4499 est
772 4416 893 4499 dies
923 4415 1292 4499 tenebrarum
1322 4417 1380 4469 et
1410 4413 1677 4487 calignis,

275 4487 403 4541 dies
434 4485 610 4543 nubis
634 4492 693 4543 at
720 4485 992 4542 turbinis.

192 4557 381 4684 Qutasi
412 4574 925 4684 manetexpaneum
946 4575 1123 4631 super
1153 4563 1384 4614 montes
1414 4555 1670 4630 populus
1701 4556 1850 4612 mul-

305 4646 425 4684 use
507 4646 570 4684 or
598 4647 648 4684 is
682 4648 696 4684 :

305 4646 375 4685 us
395 4640 453 4684 et
484 4630 648 4685 fortis
682 4630 696 4686 ὲ

271 4700 491 4757 similis
515 4702 565 4757 ei
599 4719 715 4757 non
739 4701 850 4757 fuit
878 4719 911 4757 a
942 4701 1259 4773 principio,

274 4778 333 4827 et
363 4777 493 4842 post
521 4789 652 4828 eum
685 4790 825 4845 non
850 4770 958 4828 erit
999 4770 1188 4845 usque
1216 4774 1275 4828 in
1307 4790 1492 4829 annos
1522 4770 1854 4845 generatio—

349 4844 445 4916 nis
481 4849 540 4916 et
569 4844 987 4916 generationis.

194 4917 352 4971 Ante
384 4915 590 4972 faciem
619 4917 748 4985 ejus
779 4916 935 4988 ignis
965 4932 1198 4972 vorans.

274 4990 333 5039 et
365 4990 498 5067 post
518 5002 661 5067 eum
689 5004 940 5067 exurens
972 4988 1211 5067 flamma
1246 5005 1259 5042 :

195 5056 377 5137 Quasi
400 5056 609 5137 hortus
641 5058 958 5137 voluptatis
984 5064 1142 5137 terra
1172 5075 1367 5137 coram
1400 5075 1489 5137 eo,

272 5135 331 5183 et
356 5134 490 5199 post
518 5146 651 5184 eum
685 5130 939 5187 solitudo
975 5132 1208 5198 deserti,

273 5216 468 5272 neque
498 5206 586 5257 est
611 5202 709 5273 qui
743 5202 981 5275 effugiat
1010 5218 1166 5269 eum,

275 5412 290 5445 ¹
326 5411 573 5485 Palatini
609 5430 754 5469 mss.
778 5415 997 5485 quibus
1020 5416 1078 5470 in
1102 5413 1558 5471 Commentariis
1583 5430 1857 5484 recogno-

198 5484 438 5555 scendis
470 5484 561 5538 usi
586 5484 811 5549 sumus,
847 5486 905 5541 in
938 5491 1096 5541 textu
1153 5488 1491 5555 praeferunt,
1550 5490 1601 5542 et
1648 5489 1855 5541 mullus

194 5554 592 5629 misericordia
622 5562 674 5611 et
703 5558 1093 5629 deprecabilis.
1130 5558 1501 5614 Martianzeus
1529 5574 1763 5627 quoque
1793 5558 1851 5613 in

202 5643 323 5679 uno
356 5628 609 5699 alterove
640 5646 751 5683 ms.
774 5628 1168 5699 'deprecabilis,
1204 5629 1329 5685 loco
1376 5629 1716 5696 przrslatilz's
1765 5629 1853 5683 in-

197 5700 383 5772 venit.
412 5698 766 5772 Hebrzeavox
782 5698 937 5772 Dim:
955 5701 1183 5772 proprie
1207 5700 1557 5772 pamitentem
1590 5704 1779 5772 sonat.

279 5770 300 5804 ³
334 5769 399 5823 In
432 5770 742 5843 exemplari
775 5769 1030 5829 Canonis
1062 5769 1241 5829 Hebr.
1274 5772 1434 5829 verit.
1471 5776 1674 5828 nostro
1707 5771 1854 5828 San-

2050 1764 2417 1845 erfenestras
2448 1766 2755 1845 intrabunt
2783 1766 2947 1838 quasi
2982 1767 3090 1845 fur.

1937 1838 1983 1886 A
2016 1837 2160 1889 facie
2190 1837 2317 1905 ejus
2341 1838 2694 1893 contremuit
2725 1837 2899 1905 terra,
2935 1839 3077 1893 moti
3112 1842 3250 1894 sunt
3279 1838 3409 1894 cmli
3447 1856 3459 1894 :

2009 1904 2093 1961 sol
2119 1911 2176 1961 et
2195 1904 2334 1965 lana
2364 1910 2728 1965 obtenebrati
2763 1904 2926 1977 sunt,

2010 1982 2067 2032 et
2098 1978 2275 2053 stella:
2311 1986 2679 2038 retraxerunt
2712 1982 3084 2053 splendorem
3127 1998 3325 2037 suum.

1939 2049 2006 2105 Et
2038 2051 2317 2176 Dominus
2347 2052 2510 2109 dedit
2532 2049 2931 2110 vocem'suam
2965 2058 3101 2109 ante
3132 2053 3334 2108 faciem
3360 2053 3581 2109 exerci-

2111 2138 2178 2176 us
2203 2139 2295 2176 8m
2329 2140 2342 2176 :

2111 2138 2178 2177 U8
2203 2139 2295 2178 θυι
2329 2140 2342 2180 Ξ

2011 2193 2149 2267 quia
2183 2194 2364 2267 multa
2393 2199 2491 2251 snt
2522 2195 2699 2251 nimis
2724 2201 2916 2251 castra
2946 2198 3095 2267 ejus,

2011 2264 2152 2334 quia
2190 2265 2362 2323 fortia
2390 2272 2447 2325 et
2478 2267 2747 2325 facientia
2775 2264 3017 2323 verbum
3049 2268 3179 2335 ejus
3211 2283 3224 2321 :

1941 2334 2191 2407 Magnus
2222 2338 2375 2393 enim
2407 2338 2532 2394 dies
2566 2339 2816 2407 Domini,
2850 2344 2906 2395 et
2935 2334 3216 2394 terribilis
3248 2337 3436 2394 valde:

2011 2413 2068 2463 et
2099 2408 2232 2479 quis
2257 2410 2577 2467 sustinebit
2606 2427 2740 2467 eum
2762 2412 2789 2465 ἱ)

1943 2479 2109 2552 Nunc
2139 2496 2276 2552 ergo
2302 2482 2445 2538 dicit
2475 2483 2760 2539 Dominus
2796 2498 2807 2537 :

1942 2551 2361 2609 Couvertimini
2393 2554 2463 2609 ad
2498 2571 2591 2609 me
2623 2555 2681 2609 in
2710 2558 2831 2609 toto
2882 2554 3054 2609 corde
3082 2557 3296 2623 vestro,

2014 2623 2073 2677 in
2099 2623 2349 2706 jejunio,
2380 2626 2527 2706 et_in
2559 2626 2720 2706 ﬂetu,
2753 2630 2817 2706 et
2839 2625 2896 2679 in
2923 2624 3181 2706 planctu.

1942 2695 2013 2757 Et
2042 2695 2290 2751 scindite
2319 2697 2495 2753 corda
2524 2702 2735 2761 vestra,
2770 2702 2827 2752 et
2853 2695 2967 2751 non
3000 2696 3581 2750 vestimentavestra:

2016 2770 2073 2819 et
2102 2767 2512 2826 convertimini
2541 2770 2614 2824 ad
2647 2768 2958 2825 Dominum
2996 2770 3175 2823 Deum
3202 2770 3462 2822 vestrum
3499 2782 3514 2820 :

1947 2836 2092 2905 Quia
2120 2838 2413 2912 benignus
2444 2842 2503 2912 et
2530 2840 2861 2912 misericors
2891 2844 3001 2912 est,

2019 2908 2249 2981 patiens
2264 2908 2335 2966 vet
2365 2910 2559 2967 multa
2592 2911 3006 2967 misericordiae
3022 2913 3063 2974 ',

2020 2986 2076 3054 et
2107 2982 2458 3054 praestabilis
2479 2984 2499 3018 ³
2530 3000 2707 3054 super
2737 2982 2963 3039 malitia
2994 2999 3007 3037 :

1869 3063 1915 3129 ε
1954 3053 2095 3118 Quis
2124 3053 2231 3129 scit
2254 3054 2302 3109 si
2335 3053 2723 3129 convertatur,
2757 3060 2814 3110 et
2842 3054 3124 3129 ignoscat,

2023 3131 2081 3181 et
2111 3125 2405 3197 relinquat
2445 3131 2575 3197 post
2605 3143 2667 3183 se
2700 3120 3189 3197 benedictionem,
3235 3120 3589 3197 sacrificium

2091 3200 2148 3253 et
2169 3193 2426 3253 libamen
2445 3193 2695 3255 Domino
2730 3199 2846 3255 Deo
2875 3204 3069 3255 vestro
3095 3195 3201 3267 (Al.
3222 3193 3489 3265 nostro)?

1949 3267 2153 3324 Canite
2184 3268 2326 3323 tuba
2358 3270 2415 3324 in
2450 3269 2611 3335 Sion,

2020 3339 2379 3396 sanctificata
2400 3340 2718 3412 jejunium.

2017 3416 2219 3469 vocate
2246 3416 2488 3480 castum,

2019 3489 2369 3555 congregata
2399 3483 2705 3555 populum,

2022 3555 2377 3612 sanctiﬁcate
2402 3555 2751 3623 Ecclesium,

2020 3629 2345 3685 coadunate
2375 3643 2565 3698 senes,
2974 3660 2977 3663 -

2022 3704 2371 3771 congregato
2400 3691 2694 3769 parvulos,
2728 3696 3090 3771 et‘eugentes
3126 3691 3304 3747 ubera
3339 3707 3351 3746 :

1950 3768 2303 3843 Egrediatur
2333 3787 2589 3895 sgensus
2620 3770 2691 3823 de
2722 3768 2899 3823 cubili
2935 3782 3063 3829 suo,

2022 3850 2081 3895 et
2111 3858 2330 3895 snonsa
2400 3857 2431 3895 e
2453 3840 2715 3895 thalamo
2741 3854 2871 3895 suo.

2022 3840 2081 3901 et
2111 3858 2333 3915 sponsa
2361 3840 2431 3915 de
2453 3840 2871 3915 thalamo_suo,

1955 3916 2112 3971 Inter
2145 3902 2527 3968 .vostibulum
2580 3916 2637 3966 et
2687 3902 2867 3965 altare
2916 3906 3233 3979 plorabuut
3264 3902 3598 3958 sacerdotes

2096 3982 2351 4040 ministri
2385 3982 2637 4053 Domini,

2025 4061 2081 4112 et
2102 4057 2300 4112 dicent
2327 4073 2339 4111 :

1957 4131 2149 4193 Parce,
2201 4125 2462 4193 Domine,
2523 4140 2694 4196 parce
2744 4124 2853 4195 (Αι.
2911 4125 3051 4179 tacet
3109 4118 3303 4191 parce)
3380 4114 3593 4188 populo

2097 4205 2200 4255 tuo
2236 4216 2249 4253 :

2028 4276 2084 4327 et
2116 4288 2186 4327 ne
2217 4272 2321 4328 des
2350 4268 2749 4327 hereditatem
2781 4271 2946 4323 tuam
2976 4265 3033 4321 in
3063 4262 3465 4336 opprobrium,

2027 4352 2088 4399 ut
2113 4342 2491 4399 dominentur
2517 4342 2602 4398 eis
2633 4341 2919 4397 nationes.

1877 4433 1927 4502 ο
1956 4420 2146 4502 Quare
2176 4415 2381 4502 dicunt
2405 4414 2463 4469 in
2496 4412 2730 4502 populis
2762 4429 2777 4468 :

2034 4486 2143 4543 Ubi
2173 4490 2263 4542 est
2288 4494 2444 4544 Deus
2474 4483 2673 4541 eorum
2694 4483 2723 4539 ?

1964 4558 2194 4616 Zelatus
2221 4564 2307 4614 est
2336 4560 2621 4614 Dominus
2652 4561 2864 4609 terram
2898 4567 3085 4621 suam,

2032 4636 2089 4686 et
2120 4630 2378 4702 pepercit
2406 4627 2620 4702 populo
2652 4643 2758 4682 suo
2791 4642 2804 4680 :

1960 4704 2028 4758 Et
2057 4700 2362 4772 respOndit
2394 4700 2695 4763 Dominus,

2031 4778 2088 4830 et
2112 4773 2257 4831 dixit
2287 4772 2501 4844 populo
2531 4787 2688 4845 suo
2764 4839 2784 4845 Δ
2999 4841 3006 4845 Α
3229 4839 3237 4845 ι
3327 4834 3337 4845 ,

1960 4847 2104 4901 Ecce
2134 4862 2239 4970 ego
2272 4836 2501 4901 mittam
2542 4841 2710 4898 vobis
2760 4839 3138 4904 frumentum,
3189 4839 3245 4891 et
3288 4836 3511 4901 vinum,
3546 4836 3603 4889 et

2102 4933 2133 4970 ο
2162 4933 2320 4970 eum.

2102 4933 2320 4985 oneum,

2030 4992 2086 5042 et
2117 4986 2490 5059 replebimini
2523 5002 2589 5059 eo
2625 5002 2637 5040 :

1958 5061 2029 5136 Et
2059 5050 2358 5136 non-dabo
2386 5074 2489 5136 vos
2524 5057 2682 5136 ultra
2712 5054 3107 5136 opprobrium
3128 5053 3188 5136 in
3219 5050 3536 5136 gentibus.

1961 5129 2029 5184 Et
2057 5146 2215 5196 eum,
2248 5128 2349 5199 qui
2381 5130 2453 5184 ab
2486 5122 2767 5199 aquilone
2792 5122 2881 5182 est
2912 5126 3109 5198 procul
3143 5122 3602 5199 faciamavobis:

2031 5206 2089 5257 et
2120 5197 2399 5272 expellam
2434 5197 2564 5256 eum
2598 5200 2653 5254 in
2690 5197 3150 5254 terram’inviam
3182 5201 3239 5252 et
3268 5197 3553 5251 desertam
3591 5208 3604 5246 :

1961 5412 2345 5469 Germanensi
2397 5411 2612 5483 legitur
2662 5412 2719 5466 in
2772 5416 2955 5478 textu,
3013 5407 3382 5484 prastabllis,
3443 5409 3505 5484 et
3547 5404 3604 5484 in

1961 5486 2221 5554 margine
2253 5502 2353 5555 pro
2399 5477 2658 5538 varianle
2717 5484 2985 5546 lectione,
3008 5477 3411 5555 r'deprerabilz'g.
3444 5480 3516 5532 At
3548 5477 3605 5530 in

1961 5551 2230 5611 contextu
2253 5551 2515 5612 ‘Canonis
2566 5554 3051 5610 Carcassonensis
3106 5552 3316 5622 legitur
3349 5551 3605 5622 depreca-

1961 5628 2114 5753 ItG'lis,
2174 5628 2394 5699 absque
2447 5626 2565 5682 ulla
2623 5626 2882 5682 variante
2964 5619 3209 5680 lectione
3268 5619 3604 5694 marginali.

2022 5715 2152 5753 ΛΒΤ.

2022 5715 2152 5756 ΛΒΤ.
