2014 3089
236 119 302 150 1091

234 185 305 213 Ecce
319 191 373 220 ego
388 183 516 220 stride‘bo
532 183 634 212 subter
646 187 708 218 vos,

271 219 349 248 sicut
361 219 464 247 stridet
478 219 643 255 plaustrum
659 221 829 247 omnustum
846 219 922 247 feno.

237 257 271 284 Et
284 255 390 291 peribit
406 256 476 290 fuga
490 263 507 282 a
520 255 627 289 veloce,

271 290 299 319 et
314 291 397 318 fortis
411 299 467 318 non
484 291 627 319 obtinebit
641 290 778 318 virtutem
794 298 890 324 suam,

270 329 298 355 et
313 327 452 354 robustus
467 335 525 354 non
541 327 665 354 salvabit
679 326 808 355 animam
823 334 906 354 suam
924 334 931 353 :

235 364 270 391 Et
285 364 388 390 tenens
403 369 504 398 arcum
520 371 578 390 non
595 362 694 398 stabit,

271 400 299 425 et
313 398 396 426 velox
412 397 535 433 pedibus
551 398 613 426 suis
628 397 690 425 non
702 397 865 425 salvabitur
881 405 887 424 :

270 436 298 461 et
313 442 449 461 ascensor
464 434 533 469 equi
549 442 607 461 non
624 433 747 461 salvabit
762 434 891 461 animam
906 441 991 461 suam
1010 441 1016 459 :

233 470 268 497 Et
283 470 423 497 robustus
439 471 526 497 corde
542 470 618 497 inter
635 471 734 497 fortes.

271 506 368 533 nudus
383 505 464 540 ﬁgiet
478 505 508 532 in
523 506 569 533 die
584 505 645 538 illa,
661 505 732 532 dicit
748 505 898 533 Dominus.

234 541 311 577 (Cap.
330 541 391 576 lII.)
406 541 511 568 Audite
526 541 658 576 verbum,
674 541 752 577 quod
766 541 883 568 locutus
897 542 942 568 est
957 540 1055 568 Domi-

307 585 364 603 nus
380 581 468 612 super
483 582 545 611 vos,
563 577 613 603 filii
631 576 718 604 Israel
737 584 743 603 ί

270 619 360 647 super
374 612 454 639 omni
469 613 651 648 cognatione,
663 620 752 648 quam
767 612 853 639 eduxi
870 612 905 639 de
919 614 998 639 terra
1011 612 1054 639 1E-

366 647 398 682 ti,
414 647 517 676 dicens
532 657 539 676 :

366 656 385 675 ιι
414 656 478 675 uice
502 656 515 675 s
532 657 539 676 :

235 656 452 712 Tantguyrgniodo
466 657 518 711 VIus
533 685 654 720 Cognovi
670 693 704 713 ex
719 683 856 711 omnibus
872 682 1054 719 cognationi-

305 720 361 746 bus
377 722 462 747 terras
479 727 486 746 :

271 755 381 783 idcirco
396 755 518 783 visitabo
534 762 622 791 super
634 763 684 783 vos
697 763 800 783 omnes
817 754 993 791 iniquitates
1003 760 1054 782 ve-

303 792 376 818 tras.

231 826 371 863 Nunquid
387 826 582 863 ambulabunt
596 826 653 863 duo
669 826 789 863 pariter,

302 862 359 890 nisi
375 862 544 890 convenerit
558 862 623 889 eis?

231 898 385 940 Numquid.
399 898 495 940 rugiet
510 897 600 940 leo‘iu
616 897 706 940 saltu,

266 932 327 962 nisi
340 932 477 962 habuerit
492 934 618 969 praedam
632 932 646 960 ?

230 969 368 1005 Nunquid
383 969 465 997 dabit
480 968 594 997 catulus
610 968 707 1005 leonis
718 976 817 997 vocem
834 969 870 997 de
883 968 972 996 cubili
988 977 1052 1003 suo,

267 1003 323 1033 nisi
339 1004 450 1041 aliquid
468 1003 711 1041 apprehenderit‘?

231 1040 375 1076 Nunquid
388 1041 474 1103 gadet
488 1040 549 1069 avis
563 1041 591 1068 in
605 1041 741 1075 laqueum
757 1042 840 1069 terrae
862 1040 972 1077 absque
999 1049 1052 1068 au-

305 1083 378 1103 cune

305 1083 378 1104 61108

232 1084 381 1147 Νυωέυυὲἓ
392 1084 542 1173 ἓιυξθτθῖυΐ
556 1111 678 1147 laqueus
690 1111 805 1139 interra
816 1109 973 1147 antequam
981 1111 1051 1147 quid

305 1155 401 1173 ceneri

305 1147 416 1175 ceperit

233 1182 263 1210 Si
279 1156 483 1218 ﬂgitium
498 1182 527 1209 in
540 1182 667 1215 civitate,

267 1220 296 1245 et
310 1217 436 1259 populus
452 1226 509 1259 non
520 1219 691 1259 expavescet
701 1218 714 1245 7

232 1253 262 1282 Si
278 1253 334 1281 erit
350 1253 460 1281 malum
477 1253 507 1281 in
521 1253 647 1286 civitate,

266 1290 345 1324 quod
360 1289 502 1317 Dominus
517 1298 574 1317 non
590 1289 690 1317 fecerit
704 1289 757 1323 (Αι.
773 1288 851 1325 fecit)
869 1290 879 1317 ?

231 1325 304 1358 Quia
319 1333 377 1352 non
393 1325 461 1361 facit
475 1325 529 1360 (Al.
548 1325 643 1361 faciet)
659 1325 801 1352 Dominus
817 1328 895 1353 Deus
920 1325 1050 1358 verbum,

265 1360 322 1388 nisi
337 1360 507 1389 revelaverit
522 1363 668 1388 secretum
684 1368 772 1388 suum
798 1361 834 1388 ad
857 1369 955 1389 servos
980 1369 1051 1389 suos

302 1396 469 1437 propbetas,

229 1433 284 1459 Leo
300 1431 406 1468 rugiet,
423 1432 489 1468 quis
506 1440 563 1460 non
576 1431 711 1459 timebit?

228 1467 371 1496 Dominus
388 1467 463 1495 Deus
479 1468 596 1496 locutus
611 1470 666 1502 est,
688 1467 755 1503 quis
771 1476 829 1495 non
841 1467 1050 1503 propbetabit?

229 1503 370 1530 Auditum
383 1503 467 1530 facite
482 1503 512 1530 in
528 1503 639 1531 aedibus
653 1503 746 1536 Azoti,

263 1541 291 1565 et
305 1538 335 1566 in
352 1539 465 1566 aedibus
479 1541 563 1566 terra!
578 1539 692 1575 [Egypti
705 1547 712 1575 ς
729 1541 757 1566 et
771 1538 857 1567 dicite
873 1548 879 1566 :

229 1574 452 1610 Congregamini
469 1582 556 1609 super
572 1574 686 1610 montes
701 1574 851 1608 Samaria,

265 1609 404 1637 et’videte
421 1610 553 1637 insanias
568 1609 678 1637 multas
694 1610 723 1636 in
739 1610 835 1638 medio
845 1610 920 1644 ejus,

262 1647 290 1672 et
305 1645 483 1673 calumniam
497 1646 640 1681 patientes
655 1645 684 1672 in
701 1645 899 1681 penetralibus
912 1646 987 1681 ejus.

225 1681 260 1708 Et
275 1681 443 1708 nescierunt
459 1681 550 1708 facere
566 1683 689 1715 rectum,
707 1681 777 1708 dicit
794 1681 934 1709 Dominus
951 1691 957 1709 :

260 1716 494 1757 thesaurizantes
511 1717 699 1752 iniquitatem
713 1719 742 1744 et
756 1717 876 1752 rapinas
890 1717 920 1744 in
935 1717 1048 1745 aedibus

297 1759 369 1779 suis.

224 1789 382 1822 Propterea
397 1786 458 1814 bazc
469 1787 538 1814 dicit
556 1787 694 1814 Dominus
710 1790 785 1815 Deus
802 1796 808 1815 :

222 1822 435 1856 Tribulabitur,
452 1825 481 1850 et
496 1823 685 1851 circumietur
699 1825 778 1851 terra
794 1831 801 1851 :

257 1860 287 1886 et
301 1858 472 1886 detrahetur
486 1866 521 1886 ex
534 1860 563 1886 te
578 1858 718 1887 fortitudo
733 1861 795 1893 tua,

257 1896 285 1921 et
298 1894 474 1930 diripiantur
488 1895 564 1922 aedes
579 1897 646 1922 tute.

221 1931 288 1957 meo
303 1930 374 1958 dicit
391 1930 532 1958 Dominus
549 1938 556 1958 :

219 1965 371 1998 Quomodo
387 1966 408 1993 si
425 1969 507 1993 eruat
532 1968 633 2002 pastor
648 1966 684 1994 de
698 1973 746 1994 ore
762 1965 855 1994 leonis
872 1966 929 1993 duo
945 1974 1042 2002 crura,

256 2004 307 2029 aut
322 2005 483 2029 extremum
501 2001 638 2029 auricula:
656 2010 662 2028 :

220 2036 267 2065 Sic
282 2041 421 2065 eruentur
434 2037 485 2064 ﬁlii
495 2038 596 2072 Israel,
609 2037 659 2073 qui
670 2036 806 2065 habitant
817 2037 848 2065 in
863 2037 996 2066 Samaria
1011 2038 1040 2066 in

291 2073 377 2108 plaga
393 2073 503 2106 lectuli,

255 2110 284 2136 et
292 2105 332 2136 'in
342 2105 483 2136 ‘Damasci
497 2105 630 2144 grabato.

217 2144 333 2179 Audite,
351 2146 380 2172 et
394 2144 599 2172 contestamini
617 2145 645 2171 in
661 2144 748 2171 domo
764 2144 864 2178 Jacob,

254 2180 324 2218 dicit
338 2180 482 2218 Dominus
498 2182 573 2218 Deus
588 2180 768 2207 exercituum
784 2188 791 2206 :
903 2215 906 2218 _

218 2215 334 2279 Quialin
351 2216 397 2278 die
412 2224 479 2244 cum
504 2216 626 2243 visitare
651 2222 764 2251 cmpero
788 2215 1040 2251 praevaricationes

305 2259 369 2279 srae
384 2274 391 2279 .

305 2259 391 2285 sraei,

253 2295 341 2323 super
355 2295 422 2314 eum
436 2287 573 2320 visitabo,
590 2288 619 2314 et
633 2295 722 2323 super
738 2285 844 2315 altaria
860 2287 978 2315 Betb-El
995 2295 1002 2315 :

217 2321 249 2349 Et
264 2321 498 2358 amputabuntur
511 2330 622 2350 cornua
636 2321 747 2358 altaris,

253 2360 282 2386 et
297 2359 401 2386 cadent
417 2360 446 2386 in
464 2361 583 2386 terram.

216 2394 253 2421 Et
267 2394 430 2429 percutiam
447 2394 568 2422 domum
583 2393 739 2422 hiemalem
755 2402 822 2422 cum
830 2394 917 2422 domo
925 2393 1039 2422 testim:

255 2432 283 2457 at
296 2430 435 2465 peribunt
449 2430 556 2457 domus
572 2430 718 2464 eburneae,

255 2468 285 2493 et
301 2465 527 2501 dissipabuntur
543 2466 618 2493 aedes
634 2465 746 2498 multa,
762 2465 832 2493 dicit
846 2465 1000 2495 Dominus.

220 2500 299 2536 (Cap.
317 2500 499 2537 IV,)’Audite
514 2501 634 2529 verbum
651 2501 706 2529 hoc
719 2509 811 2529 vacca:
825 2501 961 2537 pingues,

255 2545 319 2573 quae
335 2537 407 2565 estis
422 2536 451 2564 in
468 2539 568 2565 monte
581 2537 718 2565 Samaria:
734 2545 741 2564 :

260 2572 323 2609 qua:
340 2573 520 2601 calumniam
550 2572 645 2601 facitis
669 2573 780 2609 egenis,
803 2574 832 2600 et
855 2572 1041 2608 confringitis

313 2617 434 2637 auneres
451 2616 457 2636 Ξ

251 2617 434 2679 ᾳυὲδὲᾗιῖἷῗὲ
441 2629 571 2672 dominis
581 2643 704 2672 vestris:
717 2644 833 2678 afferte,
854 2645 882 2672 et
893 2643 1039 2672 bibemus.

215 2678 331 2708 Juravit
346 2680 489 2708 Dominus
504 2682 581 2708 Deus
597 2679 626 2706 in
649 2682 751 2707 sancto
766 2687 819 2707 suo
837 2687 844 2707 :

253 2716 324 2751 quia
338 2724 403 2744 ecce
417 2716 480 2744 dies
495 2716 613 2743 venient
627 2723 715 2751 super
728 2723 790 2749 vos,

254 2753 283 2778 et
298 2751 439 2779 levabunt
452 2760 504 2779 vos
520 2751 548 2778 in
566 2751 670 2785 contis,

254 2789 283 2813 et
299 2787 438 2822 reliquias
453 2789 565 2815 vestras
581 2787 609 2814 in
626 2786 692 2822 ollis
707 2786 896 2822 ferventibus.

219 2819 319 2864 Etiper
333 2819 488 2864 aperturas
502 2822 618 2864 exibitis
634 2821 725 2864 altera
739 2824 843 2864 coptra
854 2821 992 2863 alteram,

253 2857 283 2891 et
297 2857 491 2891 projiciemini
505 2858 535 2885 in
551 2858 671 2891 Armon,
689 2858 760 2885 dicit
778 2858 931 2885 Dominus.

216 2887 315 2918 Venite
331 2887 366 2919 ad
383 2892 516 2925 Beth-El,
532 2895 560 2921 et
575 2887 670 2928 impie
681 2893 758 2928 agite
777 2901 784 2921 :

754 123 784 149 s.
804 115 1009 150 HIERONYHI
1027 116 1155 147 DIVINA
1172 111 1422 150 memorasse.

1070 185 1097 221 Α
1118 180 1364 221 _ad_Galgalam.
1381 182 1409 221 et
1425 181 1620 221 multiplicate
1634 183 1914 219 prevaricationem.

1872 123 1942 150 1092

1115 217 1153 252 Et.
1164 217 1267 253 afferte,
1280 225 1366 245 mane
1380 217 1521 245 victimas
1533 217 1657 253 vestras,

1144 252 1239 280 tribus
1255 252 1361 280 diebus
1376 253 1505 281 decimas
1526 257 1654 282 vestras.

1108 288 1144 315 Et
1167 288 1373 326 sacrificatedc
1385 289 1557 318 fermentato
1575 291 1627 325 (Αι.
1646 291 1801 324 fermento)
1810 291 1939 326 laudem,

1145 326 1174 361 et
1185 326 1286 361 vocate
1297 324 1477 361 voluntarias
1487 326 1690 361 oblationes,et
1701 328 1891 356 annuntiate:
1900 324 1939 357 sic

1146 358 1229 394 Cnim.
1240 359 1385 393 voluistis,
1398 360 1449 388 ﬁlii
1463 361 1560 394 Israel,
1575 358 1801 390 dicit'Dominus
1817 365 1904 391 Deus.

1111 395 1193 422 Uiide
1204 390 1295 432 etrego
1307 390 1471 423 dedi'vobis
1483 390 1621 432 stuporen
1635 398 1766 425 dentium
1783 399 1813 426 in
1826 390 1938 428 cunctis

1182 431 1306 458 urbibus
1322 432 1442 465 vestris,

1146 468 1175 493 et
1190 466 1383 502 indigentiam
1400 476 1510 503 panum
1529 468 1559 495 in
1575 468 1710 497 omnibus
1728 470 1800 498 locis
1814 471 1940 499 vestris:

1146 504 1175 528 et
1191 510 1249 529 non
1264 503 1336 530 estis
1352 504 1460 530 reversi
1476 504 1511 531 ad
1529 512 1584 537 me,
1603 505 1673 532 dicit
1688 506 1845 534 Dominus.

1111 537 1170 573 Ego
1186 545 1304 576 quoque
1319 538 1457 576 prohibui
1473 548 1489 567 a
1505 540 1587 568 vobis
1600 540 1740 575 imbrem,

1147 581 1215 600 cum
1231 573 1327 601 adhuc
1343 575 1404 602 tres
1425 576 1544 603 menses
1569 573 1760 612 superessent
1783 578 1879 613 usque
1906 578 1942 605 ad

1182 617 1319 637 messem.

1111 644 1143 671 Et
1157 644 1220 679 plui
1236 653 1325 681 super
1342 645 1490 673 civitatem
1506 655 1613 682 unam;

1147 682 1174 706 et
1190 688 1278 715 super
1292 681 1442 719 civitatem
1459 682 1580 710 alterum
1596 691 1654 710 non
1671 683 1732 719 plui
1750 692 1757 711 :

1112 715 1180 742 Pars
1197 724 1255 743 una
1270 717 1417 752 compluta
1435 719 1489 750 est,

1146 754 1174 778 et
1190 759 1257 791 pars
1280 753 1332 787 (Al.
1350 753 1412 780 add.
1431 753 1509 788 una),
1537 762 1627 789 super
1656 763 1746 790 quam
1775 757 1835 784 non
1865 756 1940 791 plui,

1181 788 1268 815 aruit.

1111 822 1364 863 Etveneruutduae’
1375 824 1403 851 et
1417 820 1476 851 tres
1487 821 1619 853 civitates
1632 826 1667 854 ad
1675 827 1825 855 civitatem
1836 836 1941 863 unam,

1181 860 1213 885 ut
1228 859 1362 901 biberent
1376 867 1495 901 a_qu_am,

1145 895 1174 921 et
1188 902 1246 922 non
1263 897 1333 922 sunt
1353 895 1465 923 satiate
1483 904 1489 923 :

1145 932 1174 956 et
1190 938 1247 957 non
1265 931 1383 958 redistis
1396 932 1430 958 ad
1446 940 1502 965 me,
1521 932 1592 959 dicit
1607 932 1759 962 Dominus.

1110 966 1245 993 Percussi
1262 974 1311 993 vos
1328 966 1356 993 in
1372 970 1457 994 vento
1474 971 1587 1000 urente,

1144 1004 1172 1028 et
1189 1001 1217 1028 in
1235 1003 1377 1037 aurugine
1406 1002 1627 1031 multitudinem
1655 1003 1808 1033 hortorum
1824 1010 1935 1035 vestro—

1179 1045 1245 1064 rum
1264 1040 1291 1064 et
1308 1038 1460 1065 vinearum
1476 1042 1640 1066 vestrarum
1658 1048 1664 1067 :

1108 1072 1215 1099 Oliveta
1231 1076 1338 1112 vestra,
1355 1076 1384 1112 et
1399 1074 1483 1112 ﬁceta
1493 1077 1589 1112 vestra
1605 1076 1732 1112 comedit
1747 1085 1839 1105 eruca
1852 1087 1861 1112 ;

1142 1111 1170 1135 et
1186 1117 1243 1136 non
1261 1109 1381 1136 redistis
1397 1110 1444 1143 ad,
1462 1118 1507 1137 me
1524 1109 1595 1138 dicit
1610 1111 1765 1140 Dominus.

1108 1144 1172 1171 Misi
1189 1144 1217 1170 in
1234 1152 1284 1183 vos
1293 1148 1422 1183 mortem
1440 1146 1469 1183 in
1486 1146 1531 1173 via
1545 1146 1671 1183 .‘Egypti,

1143 1180 1275 1221 percussi
1291 1180 1320 1207 in
1333 1181 1430 1216 gladio
1440 1182 1565 1221 juvenes
1576 1180 1698 1216 vestros,
1710 1191 1807 1219 usque
1818 1183 1856 1212 ad
1869 1193 1932 1221 cap-

1181 1215 1665 1257 tivitatemﬁquorumjestrorum
1683 1227 1690 1246 :

1106 1252 1140 1278 Et
1156 1251 1312 1279 ascendere
1325 1251 1378 1279 feci
1393 1253 1577 1287 putredinem
1591 1256 1755 1282 castrorum
1767 1257 1930 1284 vestrorum

1177 1286 1206 1314 in
1224 1295 1310 1315 nares
1326 1286 1438 1316 vestras
1454 1296 1461 1316 :

1141 1324 1171 1358 et
1185 1331 1243 1350 non
1260 1323 1363 1352 redisti
1379 1323 1414 1351 ad
1431 1332 1488 1358 me,
1503 1324 1576 1352 dicit
1588 1325 1742 1353 Dominus.

1106 1357 1239 1385 Subverti
1256 1367 1316 1391 vos,
1349 1360 1425 1387 sicut
1454 1357 1595 1387 subvertit
1625 1361 1700 1389 Deus
1727 1362 1888 1390 Sodomam
1904 1364 1930 1390 et

1177 1395 1380 1430 Gomorrbam,

1140 1431 1169 1470 et
1184 1429 1251 1457 facti
1268 1432 1338 1470 estis
1354 1432 1437 1470 quasi
1451 1433 1537 1460 torris
1554 1436 1655 1470 raptus
1670 1435 1706 1463 de
1721 1434 1858 1464 incendio
1874 1445 1882 1464 :

1140 1466 1169 1492 et
1185 1474 1241 1492 non
1259 1466 1376 1494 redistis
1393 1468 1428 1495 ad
1446 1477 1502 1502 me,
1519 1466 1596 1497 dicit
1605 1471 1749 1499 Dominus
1766 1479 1773 1498 :

1103 1499 1284 1537 Quapropter
1299 1502 1359 1529 haec
1376 1503 1479 1531 faciam
1496 1499 1562 1538 tibi,
1576 1505 1663 1534 lsrael
1682 1515 1690 1535 :

1064 1556 1086 1589 α
1106 1538 1376 1589 ροὲἱᾎῖῗῗῗηυςιὲω
1394 1539 1448 1566 hoc
1464 1540 1556 1589 fecer'p
1573 1541 1636 1589 tibi,

1141 1580 1303 1612 praeparare
1315 1574 1344 1600 in
1361 1583 1515 1603 occursum
1532 1576 1582 1603 Dei
1598 1574 1651 1611 turi,
1668 1577 1768 1606 Israel.

1103 1606 1175 1649 Quia
1189 1606 1255 1636 ecce
1269 1609 1399 1649 formans
1416 1613 1540 1649 montes,
1557 1606 1704 1649 etrcrcans
1719 1616 1857 1649 ventum,

1138 1645 1167 1685 et
1183 1644 1365 1685 annuntians
1373 1644 1650 1685 bominielcquium
1666 1658 1766 1684 suum,

1137 1678 1248 1717 faciens
1257 1681 1429 1717 matutitam
1445 1678 1597 1717 nebulam,

1137 1717 1165 1742 et
1179 1715 1316 1753 gradiens
1330 1725 1420 1753 super
1434 1719 1547 1747 excelsa
1563 1715 1646 1747 terrae
1661 1728 1668 1748 :

1100 1749 1245 1792 Dominus
1260 1751 1338 1792 Deus
1352 1749 1532 1792 exercituum
1548 1763 1655 1792 nomen
1673 1757 1749 1792 ejus.

1101 1787 1181 1820 (Cap.
1197 1786 1485 1822 V.)Audlteverbum
1496 1789 1587 1824 istud,
1603 1786 1747 1829 quod-ego
1758 1793 1823 1821 levo
1838 1801 1922 1830 super

1171 1830 1223 1850 vos
1239 1822 1402 1850 planctum.
1420 1825 1528 1850 domus
1545 1826 1645 1850 Israel,

1171 1830 1228 1863 v.05.
1239 1825 1405 1866 planctum,
1420 1825 1528 1866 domus
1544 1825 1646 1855 Israel.
1710 1825 1727 1829 “
1873 1825 1882 1830 ’

1134 1858 1254 1900 cecidit,
1272 1867 1329 1900 non
1345 1860 1476 1900 adliclet,
1492 1864 1524 1889 ut
1539 1865 1677 1899 resurgat
1701 1863 1784 1900 virgo
1810 1864 1896 1893 Israel
1912 1873 1919 1891 :

1098 1893 1232 1929 Projecta
1243 1896 1293 1936 est
1309 1895 1339 1936 in
1354 1893 1575 1936 terram’suam,

1134 1937 1192 1966 non
1207 1932 1252 1957 est
1267 1932 1318 1966 qui
1333 1932 1458 1960 suscitet
1472 1941 1548 1961 eam.

1097 1964 1170 1996 Quia
1184 1964 1245 1993 haec
1261 1964 1334 1994 dicit
1348 1966 1492 1996 Dominus
1514 1969 1591 1997 Deus
1609 1978 1615 1997 :

1096 1999 1170 2028 Urbs
1185 2001 1221 2028 de
1234 2009 1292 2064 quta
1307 2003 1533 2038 egrediebantur
1549 2004 1642 2040 mille,
1658 2005 1865 2042 relinquentur
1889 2007 1916 2034 in

1167 2045 1201 2063 ea
1216 2045 1266 2064 cen
1285 2046 1333 2064 um
1351 2046 1356 2064 :

1167 2045 1201 2063 ΘΒ.
1216 2045 1333 2065 centum
1351 2046 1356 2064 Ξ

1131 2074 1159 2099 et
1173 2072 1207 2099 de
1224 2080 1282 2112 qua
1292 2074 1516 2112 egrediebantur
1527 2076 1657 2112 centum,
1670 2075 1876 2112 relinquentur
1889 2077 1914 2104 in

1167 2116 1200 2135 ea
1216 2109 1315 2136 decem
1332 2110 1361 2136 in
1377 2110 1463 2137 domo
1482 2109 1573 2138 Israel
1591 2118 1597 2138 :

1096 2143 1169 2175 Quia
1184 2143 1244 2171 haec
1260 2145 1331 2172 dicit
1346 2146 1491 2173 Dominus
1509 2146 1609 2174 domui
1625 2146 1714 2175 Israel
1734 2155 1740 2175 :

1096 2179 1222 2211 Quaerite
1238 2188 1294 2214 me,
1312 2182 1339 2207 et
1354 2181 1466 2209 vivetis.

1098 2214 1133 2241 Et
1149 2214 1239 2277 nionlite
1255 2224 1383 2251 quaerere
1398 2216 1530 2252 Beth-El,
1546 2219 1575 2246 et
1600 2217 1629 2245 in
1659 2216 1813 2254 Galgalam
1836 2220 1918 2248 nolite

1212 2259 1285 2277 rare.

1166 2258 1285 2288 intrare,

1133 2287 1161 2313 et
1175 2286 1383 2327 inber-Saba
1398 2297 1455 2317 non
1468 2290 1634 2319 transibitis
1650 2290 1704 2327 (ΑΙ.
1731 2299 1767 2320 ne
1794 2291 1916 2320 transie-

1132 2323 1332 2421 quZigEial-gala
1342 2361 1458 2397 captiva
1471 2361 1607 2398 ducetur,
1619 2364 1649 2390 et
1658 2362 1784 2391 Betti-El
1796 2363 1853 2391 erit
1861 2363 1917 2390 iuu-

1097 2428 1222 2462 Quaerite
1237 2430 1406 2465 Dominum,
1422 2433 1450 2460 et
1464 2432 1551 2462 vivite
1567 2442 1574 2461 :

1133 2473 1169 2512 ire
1176 2465 1463 2512 Afourteyclqmburatur
1479 2469 1605 2512 ut'iglni's
1621 2469 1864 2512 domus_Josepb,

1131 2503 1159 2529 et
1168 2501 1334 2565 ἓὲἴὲτὲῗίρ,
1347 2505 1376 2531 et
1399 2512 1457 2531 non
1481 2501 1607 2540 erit'(A[.
1620 2505 1670 2540 sit)
1685 2506 1736 2541 qui
1753 2501 1913 2542 exstinguat

1097 2572 1157 2611 Qui
1167 2573 1337 2611 convertitis
1352 2575 1382 2602 in
1399 2575 1582 2604 absinthium
1595 2576 1743 2611 judicium

1133 2610 1163 2647 et
1173 2608 1323 2647 justitiam
1340 2610 1369 2638 in
1385 2613 1461 2639 terra
1479 2608 1658 2647 relinquitis.

1096 2643 1264 2672 Facientem
1282 2648 1440 2674 Arcturum
1456 2649 1485 2674 et
1503 2643 1654 2681 Orionem,

1097 2684 1124 2708 et
1139 2682 1356 2709 convertentem
1375 2682 1405 2710 in
1421 2691 1507 2711 mane
1523 2684 1670 2717 tenebras,
1685 2686 1715 2712 et
1729 2684 1807 2713 diem
1823 2684 1851 2712 in
1865 2691 1909 2711 no-

1169 2718 1245 2744 ctem
1262 2719 1426 2746 mutantem
1445 2726 1451 2746 :

1097 2751 1151 2784 Qui
1167 2754 1250 2814 \trocat
1264 2760 1356 2788 aquas
1367 2754 1470 2787 maris,
1481 2756 1511 2782 et
1525 2754 1649 2783 effundit
1659 2763 1709 2783 eas
1721 2764 1808 2792 super
1818 2755 1907 2784 faciem

1183 2795 1253 2814 erras
1271 2796 1277 2814 Ζ

1183 2795 1253 2814 erras
1271 2796 1277 2815 ε

1133 2822 1275 2860 Dominus
1292 2832 1400 2852 nomen
1416 2826 1491 2860 ejus.

1097 2857 1156 2897 Qui
1166 2859 1300 2897 subridet
1313 2857 1488 2897 vastitatem
1504 2869 1594 2896 super
1610 2861 1775 2897 robustum,

1133 2896 1161 2921 et
1176 2894 1431 2931 depopulationem
1447 2894 1703 2933 super—potentem
1720 2894 1811 2927 aﬁ‘ert.
