4028 6178
254 236 394 293 1093
880 286 889 287 ,

250 360 765 447 Odio'habuerunt
793 360 852 416 in
888 368 1056 447 porta
1085 365 1497 447 corripientem
1534 376 1585 447 ξ*

322 436 379 487 et
410 430 747 502 loquentem
780 430 1030 504 perfecte
1062 430 1386 494 abominati
1420 444 1581 495 sunt.

247 505 493 582 Idcirco,
528 519 632 582 pro
663 520 740 582 eo.
760 507 916 575 quod
949 505 1317 582 diripiebatis
1349 524 1698 582 pauperem;

318 579 377 629 et
404 574 659 645 praedam
693 574 939 632 electam
968 574 1265 639 tollebatis
1294 574 1366 637 ab
1397 574 1509 637 eo':

244 646 723 728 Dom‘osquadro
767 646 962 719 lapide
1007 650 1397 723 adificabitis,
1429 656 1487 709 et
1516 668 1632 709 non
1664 650 1901 707 habita-

394 718 534 771 bitis
564 718 625 771 in
657 719 744 773 eis
777 734 792 773 :
832 718 843 719 ί

244 786 465 843 Vineae
496 789 936 864 amantissimas
963 789 1331 864 plantabitis,

322 868 377 914 et
410 876 524 914 non
557 860 767 915 bibetis
797 860 997 917 vinum
1029 879 1258 920 earum.

245 929 396 997 Quia
424 932 666 1002 cognovi
695 932 885 988 multa
907 932 1129 991 scelera
1150 940 1363 1002 vestra,
1385 942 1444 992 et
1466 935 1640 993 fortia
1664 938 1903 1007 peccata

321 1006 1104 1151 hoﬁggrgustisocipientes
1149 1093 1385 1143 munus,
1412 1082 1471 1134 et
1518 1094 1802 1151 pauperes
1836 1077 1895 1134 in

392 1150 560 1215 perte
585 1144 981 1215 deprimentes
1013 1164 1026 1202 :

244 1214 673 1293 Ideo’prudens
704 1217 761 1293 in
794 1222 1059 1291 tempore
1088 1219 1191 1275 illo
1222 1218 1461 1289 tacebit,
1494 1221 1631 1293 quia
1658 1224 1897 1293 tempus

396 1288 619 1344 malum
650 1292 759 1343 est.
919 1288 936 1291 ⁷
1450 1288 1453 1289 ⁷
1510 1288 1525 1293 ⁷

242 1358 499 1422 Quaerite
531 1361 767 1428 bonum,
802 1363 858 1414 et
888 1377 1002 1415 non
1036 1361 1280 1430 malum,
1316 1367 1380 1417 ut
1407 1362 1617 1419 vivatis
1651 1380 1667 1419 :

321 1435 380 1485 et
407 1429 828 1512 eritpominus
860 1433 1011 1488 Deus
1038 1434 1403 1490 exercituum
1451 1435 1777 1501 vobiscum,
1823 1432 1902 1489 ei-

392 1506 490 1557 cut
518 1502 750 1556 dixistis
781 1519 793 1555 :

242 1574 420 1630 Odite
452 1572 698 1638 malum,
733 1578 791 1629 et
821 1572 1051 1645 diligite
1080 1577 1326 1645 bonum,

321 1649 377 1718 et
407 1645 742 1718 constituite
773 1645 832 1699 in
866 1655 1030 1715 porta
1052 1647 1344 1718 judicium
1381 1664 1396 1703 :

324 1717 372 1771 si
416 1716 560 1793 forte
588 1713 951 1793 misereatur
1002 1713 1287 1775 Dominus
1332 1718 1490 1775 Deus
1536 1719 1900 1776 exercituum
1934 1728 1982 1793 Β
2012 1713 2081 1793 Et
2110 1714 2275 1793 dicet
2300 1714 2349 1793 ei

398 1786 660 1870 reliquiis
686 1787 930 1870 Joseph:

247 1859 561 1929 Propterea
590 1858 710 1913 haec
739 1858 881 1914 dicit
912 1859 1196 1917 Dominus
1227 1860 1383 1918 Deus
1408 1864 1772 1919 exercituum
1805 1862 1904 1918 do-

398 1930 653 1985 minator
692 1945 705 1984 :

248 2000 318 2058 In
343 2002 619 2055 omnibus
652 2000 858 2071 plateis
892 2001 1162 2073 planctus
1197 2021 1209 2058 :

322 2075 382 2127 et
413 2073 471 2127 in
501 2073 754 2139 cunctis,
784 2087 914 2143 qua
944 2074 1086 2129 foris
1122 2079 1283 2141 sunt,
1312 2075 1529 2132 dicitur
1558 2092 1660 2144 var,
1693 2092 1776 2133 va
1814 2094 1827 2131 :

323 2148 381 2198 et
410 2144 703 2217 vocabunt
732 2144 1050 2215 agricolam
1083 2146 1155 2202 ad
1185 2146 1437 2217 luctum,

321 2220 379 2291 e_t
408 2215 481 2271 ad
509 2214 808 2291 planctum
837 2232 935 2291 eos
968 2218 1073 2291 qui
1100 2219 1297 2291 sciunt
1324 2214 1626 2291 plangere.

244 2291 318 2341 Et
346 2286 405 2340 in
437 2286 715 2342 omnibus
742 2287 930 2343 vineis
962 2286 1075 2344 erit
1101 2286 1375 2346 planctus
1408 2307 1421 2346 :

320 2357 461 2428 quia
494 2359 861 2427 pertransibo
892 2360 949 2413 in
984 2357 1175 2415 medio
1206 2362 1314 2428 tui,
1347 2361 1490 2417 dicit
1524 2362 1825 2419 Dominus.

241 2428 344 2483 Vae
378 2429 852 2485 desiderantibus
881 2429 1036 2487 diem
1068 2432 1299 2489 Domini
1339 2450 1352 2487 :

320 2501 393 2555 ad
424 2500 567 2571 quid
597 2516 725 2556 eam
757 2501 969 2557 vobis?

320 2572 444 2627 dies
481 2572 707 2627 Domini
742 2572 874 2639 ista,
911 2574 1182 2642 tenebras,
1212 2579 1269 2630 et
1301 2591 1416 2630 non
1447 2575 1564 2632 lux.

242 2644 557 2725 Quomodo
586 2643 634 2699 si
656 2644 855 2725 fugiat
881 2643 969 2698 vir
998 2662 1031 2700 a
1058 2646 1202 2702 facie
1235 2646 1445 2714 leonis,

321 2719 379 2769 et
407 2719 672 2769 occurrat
700 2719 750 2769 ei
784 2732 958 2770 ursus
994 2733 1007 2769 :

240 2786 320 2840 Et
352 2786 722 2857 ingrediatur
750 2787 993 2842 domum
1028 2804 1042 2840 :

318 2865 372 2911 et
400 2858 690 2931 innitatur
720 2874 894 2913 manu
929 2875 1038 2931 sua
1068 2874 1246 2931 super
1272 2859 1573 2930 parietem,

318 2932 379 2983 et
412 2929 673 2984 mordeat
701 2946 832 2984 eum
865 2930 1122 2986 coluber.

239 2998 547 3070 Numquid
579 3016 692 3056 non
725 3002 978 3057 tenebras
1008 3002 1135 3058 dies
1165 3001 1418 3069 Domini,
1450 3004 1509 3057 et
1537 3016 1653 3057 non
1686 2999 1786 3055 lux
1819 3017 1833 3056 :

318 3076 377 3154 et
406 3072 620 3154 caligo,
650 3075 707 3154 et
737 3072 1157 3154 nonusp‘lendor
1187 3072 1246 3154 in
1278 3089 1346 3128 ea
1367 3073 1394 3128 ‘P

235 3141 375 3207 Odi,
408 3146 464 3197 et
495 3141 710 3213 projeci
744 3141 1087 3199 festivitates
1117 3149 1342 3200 vestras
1376 3161 1392 3200 :

313 3218 374 3269 et
409 3226 522 3285 non
553 3215 779 3285 capiam
810 3216 1045 3271 odorem
1079 3222 1334 3271 coetuum
1364 3219 1715 3271 vestrorum.

231 3285 406 3350 Quod
441 3283 490 3338 si
521 3283 854 3341 obtuleritis
886 3287 997 3358 (Al.
1032 3286 1369 3357 attuleritis)
1422 3287 1565 3341 mihi
1619 3286 1895 3358 holocau-

386 3360 633 3423 tomata,
665 3362 722 3413 et
752 3373 1000 3414 munera
1028 3362 1241 3427 vestra,
1275 3374 1390 3414 non
1418 3357 1740 3428 suscipiam
1773 3374 1789 3413 :

312 3429 374 3501 et
403 3432 532 3482 vota
557 3429 864 3501 pinguium
896 3433 1221 3485 vestrorum
1253 3446 1368 3485 non
1402 3430 1736 3501 respiciam.

232 3497 422 3553 Aufer
448 3515 483 3554 a
513 3497 605 3555 me
636 3497 957 3555 tumultum
988 3500 1315 3556 carminum
1355 3497 1593 3556 tuorum
1629 3516 1644 3555 :

316 3573 376 3622 et
404 3572 632 3625 cantica
660 3571 794 3641 lyrae
827 3577 940 3627 tuae
972 3589 1088 3627 non
1116 3572 1374 3628 audiam.

244 3638 322 3693 Et
355 3638 705 3727 revelabitur
735 3644 904 3727 quasi
935 3660 1087 3714 aqua
1108 3644 1425 3727 judicium,

334 3719 386 3765 el
408 3716 643 3781 justitia
669 3716 837 3784 quasi
865 3719 1095 3771 torrens
1125 3716 1309 3771 fortis.

234 3779 544 3853 Numquid
585 3785 810 3841 hostias
839 3791 898 3841 et
927 3786 1282 3843 sacriﬁcium
1327 3786 1624 3843 obtulistis
1656 3786 1803 3842 mihi
1833 3787 1895 3842 in

388 3855 619 3929 deserto
649 3858 1042 3929 quadraginta
1071 3857 1265 3923 annis,
1284 3858 1512 3929 domus
1543 3858 1765 3915 Israel?

238 3928 313 3979 Et
340 3926 589 3996 portatis
620 3926 1062 3984 tabernaculum
1094 3928 1319 3984 Moloch
1349 3935 1561 3996 vestro,

318 4001 378 4051 et
406 3997 723 4071 imaginem
754 4000 1039 4056 idolorum
1064 4005 1413 4071 vestrorum,
1441 4002 1605 4057 sidus
1638 4001 1735 4057 Dei
1768 4017 1892 4058 ves-

387 4068 484 4141 tri,
516 4068 645 4141 quae
674 4071 896 4127 fecistis
921 4072 1109 4139 vobis,

235 4136 312 4193 Et
344 4136 595 4223 migrare
624 4158 725 4198 vos
757 4144 965 4200 faciam
1000 4136 1164 4200 trans
1194 4143 1573 4213 Damascum,
1602 4142 1744 4199 dicit
1772 4148 1889 4199 Do-

388 4227 606 4282 minus,

309 4279 468 4338 Deus
498 4279 861 4342 exercrtuum
894 4302 1105 4342 nomen
1138 4286 1289 4354 ejus.

230 4352 549 4441 (οᾳῃνι.)
568 4355 671 4441 Xa
700 4358 802 4441 qui
832 4352 1264 4441 opulenti_eetis
1295 4356 1355 4438 in
1385 4356 1547 4426 Sion,

306 4428 367 4478 et
395 4427 682 4483 conﬁditis
711 4427 769 4484 in
803 4427 1059 4484 montem
1087 4428 1360 4484 Samaria
1394 4444 1410 4483 :

305 4497 622 4573 optimates
652 4500 843 4572 capita
874 4501 1246 4573 populorum.

302 4566 1061 4699 ingredientesﬁzmpatice
1090 4573 1335 4654 domum
1368 4571 1573 4628 Israel.

225 4637 505 4695 Transito
534 4658 593 4696 in
624 4643 705 4700 Ch
807 4660 953 4700 nne.
974 4648 1029 4699 et
1065 4644 1279 4700 Videte.

314 4654 505 4695 δοειῑθ
534 4658 593 4696 ιιι
624 4654 953 4699 unamnne.
974 4654 1029 4699 οἱ
1065 4654 1254 4699 νιαθῑθ

301 4684 513 4786 εζῑῇἑέ
521 4684 594 4768 nili
603 4684 960 4771 εἚἩὶἷὶά
974 4684 1279 4786 ἲὶιὲξᾶἱῖἕ
1299 4732 1313 4769 ε

300 4785 361 4836 et
377 4782 719 4841 descendite
736 4786 795 4841 in
812 4782 1421 4843 GethPaléstinorum
1442 4804 1456 4840 :

295 4856 363 4936 et
385 4854 715 4936 adoptima
742 4874 985 4936 quisque
1014 4873 1197 4936 regna
1226 4858 1469 4936 horum;

298 4924 352 4978 si
384 4924 559 4982 latior
586 4924 1109 4985 terminus'corurﬁ
1140 4929 1393 4986 termino
1422 4924 1615 4985 vestro
1647 4932 1753 4984 est.

221 4993 336 5057 Qui
370 5000 625 5068 separati
655 5000 797 5056 estis
822 5002 879 5055 in
902 5002 1058 5056 diem
1086 5001 1311 5056 malum
1346 5018 1358 5055 :

297 5070 357 5144 et
387 5070 875 5144 appropinquatio
905 5072 1053 5128 soli-0
1083 5071 1438 5143 iniquitatis.

220 5135 334 5199 Qui
370 5135 641 5197 dormitis
674 5135 733 5199 in
764 5143 927 5200 lectis
955 5135 1253 5210 eburneis,

296 5316 310 5349 ¹
347 5314 472 5372 Non
505 5320 805 5393 tonsionem
836 5323 1006 5390 regis,
1037 5322 1137 5393 sed
1164 5328 1436 5377 tonsorem
1462 5322 1646 5392 gregis
1677 5310 1879 5392 legunt

219 5400 430 5463 omnes
462 5392 689 5447 codices
730 5410 873 5449 mss.
909 5395 971 5449 In
1004 5393 1243 5448 Hebraeo
1277 5393 1559 5448 hodierno
1586 5392 1875 5463 scriptum

219 5478 313 5528 εει
342 5460 612 5559 ’ζ’ἳὩΠ-τλ
668 5482 822 5553 θέωνι
868 5482 1241 5544 hammelech;
1286 5482 1440 5553 quod
1490 5460 1877 5553 Hieronymus

218 5560 456 5642 lcgebat
504 5568 564 5623 in
606 5570 924 5642 singulari,
953 5574 1076 5642 geni
1117 5571 1444 5627 ammelech.
1476 5570 1605 5626 Vid.
1659 5570 1786 5642 lib,
1812 5586 1877 5642 iu

217 5633 788 5714 mementarioruvm
839 5633 1093 5699 in'fnss.
1148 5643 1339 5712 libris,
1373 5644 1512 5714 quia
1560 5644 1618 5697 in
1672 5641 1877 5714 multis

219 5704 661 5785 discrepanteb
693 5716 988 5771 editorum
1020 5704 1455 5785 depravatione,
1488 5718 1545 5771 et
1575 5731 1609 5769 a
1640 5713 1876 5785 punctis

219 5725 413 5763 alacre
456 5725 558 5766 aut
587 5725 661 5767 an
693 5725 988 5771 editorum
1020 5725 1307 5785 depravati

218 5725 527 5837 vocaligus
563 5782 1085 5843 Massoretharum.
1119 5785 1307 5844 Mam

1509 243 1725 300 LIBER
1762 241 1958 297 ΔΠΟΒ
1994 238 2413 295 ΡΒΟΡΗΒΤΒ.

1927 3093 1975 3163 8

3524 258 3627 313 109

1933 367 1986 431 Α
2088 366 2147 417 et
2176 360 2456 417 lascivitis
2482 362 2541 417 in
2574 364 2772 420 stratis
2803 368 3010 425 vestris
3046 391 3059 427 :

2017 433 2131 511 Qui
2160 433 2466 511 comeditis
2488 450 2706 511 agnum
2729 438 2799 491 de
2828 454 3025 511 grege,

2084 510 2141 559 et
2169 503 2383 559 vitulos
2417 505 2487 559 de
2521 503 2713 563 medio
2751 503 3023 568 armenti.

2012 575 2129 650 Qui
2152 575 2361 650 canitis
2388 577 2459 650 ad
2487 594 2682 632 vocem
2718 580 2979 650 psalterii
3010 601 3023 637 :

2084 646 2238 719 sicut
2266 646 2825 719 Davidputaverunt
2853 670 2915 710 se
2946 655 3160 712 habere
3192 672 3326 713 vasa
3357 662 3597 717 cantici.

2013 716 2285 789 Bibentes
2317 719 2375 771 in
2408 716 2624 789 phialis
2654 722 2878 787 vinum,

2082 792 2140 843 et
2168 788 2389 863 optimo
2410 788 2726 863 unguento
2758 795 3003 851 delibuti
3038 814 3049 850 :

2084 859 2719 958 etnni‘hjlnpatie-bsntur
2748 882 2815 958 stu
2828 884 2927 958 per
2944 870 3305 958 contritione
3333 872 3570 958 Joseph.

2012 930 2377 1057 Quapirspnter
2398 949 2555 989 nunc
2580 930 2921 1007 migrabunt
2942 939 2999 996 in
3028 942 3218 1013 capite
3240 930 3664 1019 transmigran-

2084 1077 2140 1128 et
2167 1073 2467 1128 auferetur
2496 1062 2667 1131 factio
2698 1070 3146 1138 lascivientium.

2012 1144 2243 1225 Juravit
2272 1146 2552 1225 Dominus
2582 1149 2729 1205 Deus
2760 1151 2818 1205 in
2843 1154 3042 1210 anima
3065 1172 3193 1225 sua,
3218 1157 3359 1213 dicit
3380 1156 3662 1219 Dominus

2156 1216 2312 1271 Deus
2343 1218 2706 1275 exercituum
2742 1238 2756 1277 :

2016 1289 2295 1376 Detestor;
2310 1304 2416 1360 ego
2458 1291 2793 1376 superbiam
2826 1282 3353 1376 Jac_ob_,_et_do_t_nos
3383 1302 3512 1376 ejus
3543 1304 3662 1376 odi,

2082 1362 2139 1413 et
2168 1359 2397 1414 tradam
2429 1359 2720 1417 civitatem
2755 1381 2885 1422 cum
2918 1359 3350 1426 habitatoribus
3382 1359 3527 1429 suis.

2012 1429 2499 1517 Quodsireliqui
2551 1434 2767 1517 iuerint
2806 1438 3005 1495 decem
3038 1442 3145 1496 viri
3193 1443 3252 1497 in
3297 1444 3471 1501 domo
3520 1462 3663 1517 una,

2083 1506 2140 1556 et
2168 1506 2281 1560 ipsi
2321 1506 2665 1560 morientur.

2012 1572 2081 1626 Et
2111 1571 2279 1650 tollet
2304 1588 2442 1650 eum
2476 1577 2845 1650 propinquus
2877 1598 3046 1650 suus,

2084 1644 2659 1716 etgcombguret‘eufn‘,
2692 1644 2757 1707 ut
2785 1652 2988 1710 ederat
3017 1644 3153 1713 ossa
3183 1657 3253 1712 de
3281 1658 3454 1716 domo
3490 1677 3505 1715 :

2362 1760 2373 1784 ι
2405 1718 2506 1791 qui
2540 1718 2594 1773 in
2633 1724 3033 1791 penetralibus
3071 1730 3282 1785 domus
3312 1740 3398 1787 est
3431 1748 3445 1789 ε

2020 1784 2318 1866 liumquid
2346 1784 2542 1866 adhuc
2572 1784 2661 1847 est
2690 1798 2845 1866 apud
2881 1802 2935 1852 te
2955 1795 2983 1852 ?

2019 1861 2084 1911 Et
2114 1859 2488 1929 respondebit
2513 1877 2526 1915 :

2074 1928 2249 2003 {Finis
2280 1928 2400 2003 est,

2015 1996 2265 2073 Etgdicet
2293 1996 2394 2056 eiE
2708 2067 2723 2073 _
2800 2068 2813 2073 _
3092 2072 3095 2073 ν
3180 2061 3187 2073 ,λ

2085 2069 2256 2137 Tace,
2286 2076 2344 2127 et
2377 2088 2491 2127 non
2527 2067 2846 2125 recorderis
2881 2072 3134 2130 nominis
3166 2068 3420 2135 Domini.

2012 2141 2159 2205 Quia
2184 2158 2316 2199 ecce
2351 2144 2629 2199 Dominus
2662 2141 2985 2209 mandabit,

2084 2220 2139 2292 et
2172 2214 2455 2292 percutiet
2485 2214 2727 2292 domum
2755 2212 3053 2292 majorem
3073 2215 3281 2292 ruinis,

2083 2290 2140 2341 et
2170 2284 2411 2340 domum
2446 2284 2729 2340 minorem
2763 2284 3171 2344 scissionibus.

2008 2354 2311 2428 Numquid
2342 2374 2579 2434 currere
2605 2354 2829 2434 queunt
2860 2356 2916 2434 in
2952 2360 3132 2428 petris
3163 2362 3320 2433 equi,

2082 2412 2365 2508 autlarari
2400 2433 2591 2501 potest
2620 2412 2691 2508 in
2707 2412 2967 2508 bu'baI-is;

2150 2500 2425 2580 quoniam
2466 2500 2834 2557 convertistis
2884 2500 2942 2553 in
2995 2502 3449 2563 amaritudinem
3496 2512 3659 2580 judi-

2152 2587 2333 2635 cium,

2075 2646 2133 2696 et
2164 2642 2417 2697 fructum
2449 2641 2691 2711 iustitiae
2719 2638 2779 2694 in
2808 2639 3174 2699 absinthium
3201 2649 3223 2700 ἲ

2007 2713 2113 2778 Qui
2145 2712 2425 2768 laetemini
2452 2710 2518 2768 in
2554 2710 2734 2768 nihilo
2771 2727 2783 2763 :

2077 2784 2178 2855 qui
2210 2783 2408 2841 dicitis
2445 2801 2457 2837 :

2005 2852 2283 2935 Nunquid
2318 2872 2431 2911 non
2479 2853 2539 2909 in
2580 2852 2920 2935 fortitudine
2971 2860 3170 2913 nostra
3216 2864 3654 2935 assumpsimus

2148 2927 2321 2983 nobis
2347 2942 2570 2984 cornua
2587 2926 2615 2979 ?

2011 2998 2154 3053 Ecce
2186 2998 2343 3074 enim
2374 2997 2674 3074 suscitabo
2697 3012 2876 3074 super
2903 3013 3026 3067 vos,
3047 2998 3259 3056 demus
3292 3005 3490 3074 Israel,
3516 3008 3661 3066 dicit

2156 3069 2439 3125 Dominus
2467 3073 2622 3124 Deus
2656 3069 3040 3142 exercituum,
3071 3077 3304 3142 gentem
3340 3090 3354 3129 :

2083 3144 2140 3195 et
2164 3144 2464 3217 conterent
2492 3140 2695 3217 vos‘ab
2734 3139 2974 3195 introitu
3008 3138 3175 3198 Emat
3216 3162 3402 3217 usque
3433 3149 3505 3204 ad
3536 3154 3656 3207 tor-

2152 3218 2376 3269 rentem
2409 3208 2643 3267 deserti.

2006 3282 2162 3354 (Cap.
2193 3284 2339 3355 VII.)
2375 3285 2499 3338 Haec
2522 3280 2955 3355 ostenditmihi
2984 3282 3268 3355 Dominus
3296 3294 3451 3346 Deus
3484 3308 3498 3347 :

2077 3352 2135 3410 et
2165 3352 2495 3430 ecceﬁetor
2514 3354 2755 3430 locustae
2788 3352 2846 3407 in
2870 3353 3157 3427 principio
3189 3361 3652 3430 germinantium

2149 3426 2394 3482 serotini
2426 3426 2660 3506 imbris,
2812 3498 2821 3506 ι
2864 3497 2873 3506 _
2999 3495 3011 3506 .

2077 3500 2135 3575 et
2164 3513 2297 3555 ecce
2327 3499 2662 3555 serotinus‘
2698 3498 2828 3568 post
2860 3497 3188 3555 tonsionem
3222 3504 3399 3575 regis.

2007 3568 2076 3623 Et
2106 3568 2324 3625 factum
2356 3576 2445 3626 est
2479 3588 2491 3625 :

2269 3642 2742 3723 consummasset
2797 3640 3100 3696 comedere
3157 3642 3399 3703 herbam
3460 3653 3651 3723 terras,

2078 3726 2107 3765 e
2207 3729 2327 3767 1x1:

2077 3716 2133 3766 et
2164 3712 2282 3767 dixi
2316 3730 2327 3767 :

2075 3783 2319 3861 Domine
2335 3789 2532 3861 Deus,
2557 3779 2846 3861 propitius
2876 3784 3022 3849 esto,
3054 3782 3295 3861 obsecro
3332 3806 3345 3861 ς

2002 3853 2132 3923 quis
2163 3855 2479 3910 suscitabit
2503 3852 2707 3920 Jacob,
2738 3852 2879 3921 quia
2911 3853 3191 3923 parvulus
3220 3862 3309 3913 est
3328 3860 3355 3912 ?

2001 3922 2905 4003 Misertus_est_Dominus.super
2952 3922 3061 3978 hoc
3098 3940 3111 3977 :

2074 4014 2185 4052 non
2219 3997 2347 4061 erit,
2378 3996 2525 4051 dixit
2562 3996 2863 4051 Dominus.

2000 4067 2131 4124 Haec
2156 4068 2413 4124 ostendit
2444 4066 2586 4122 mihi
2609 4064 2896 4121 Dominus
2916 4063 3071 4120 Deus
3097 4081 3110 4119 :

2069 4143 2126 4195 et
2177 4154 2308 4196 ecce
2356 4140 2601 4195 vocabat
2642 4135 2938 4208 judicium
2985 4137 3056 4192 ad
3108 4136 3303 4208 ignem
3354 4136 3644 4196 Dominus

2070 4215 2449 4361 etagggravit
2618 4276 2939 4361 devorabit)
2972 4277 3250 4361 abyssum
3283 4280 3553 4351 multam,

2068 4357 2126 4407 et
2154 4354 2406 4410 comedit
2433 4349 2540 4424 (Αι.
2574 4349 2855 4419 comedet)
2885 4349 3064 4405 simul
3094 4355 3342 4423 partem.

1916 4457 1968 4520 υ
1994 4424 2263 4520 Rtndix‘i:

2064 4493 2308 4552 Domine
2337 4494 2513 4561 Deus,
2546 4492 2802 4564 quiesce,
2835 4491 3077 4564 obsecro
3111 4510 3125 4547 :

2064 4568 2198 4639 quis
2225 4565 2537 4639 suscitabit
2565 4562 2765 4639 Jacob,
2800 4562 2948 4639 quia
2970 4563 3251 4634 parvulus
3278 4565 3414 4622 est?

1988 4634 2263 4695 Misertus
2292 4642 2383 4694 est
2410 4637 2697 4693 Dominus
2727 4634 3044 4705 superhoc
3077 4652 3090 4689 :

2062 4710 2173 4765 Sed
2206 4716 2263 4765 et
2293 4712 2445 4765 istud
2483 4726 2599 4763 non
2641 4704 2772 4774 erit,
2804 4704 2954 4760 dixit
2981 4707 3256 4764 Dominus
3286 4708 3463 4767 Deus.

1990 4781 2120 4837 Haec
2150 4781 2406 4857 ostendit
2436 4779 2577 4857 mihi
2615 4795 2628 4832 :
2672 4852 2679 4857 ι
2928 4850 2931 4851 ν
2972 4850 2975 4853 _
3163 4844 3176 4857 ,

2065 4859 2123 4909 et
2156 4869 2289 4910 ecce
2318 4853 2609 4909 Dominus
2635 4852 2801 4921 stans
2829 4851 3008 4919 super
3036 4851 3272 4907 mur‘um
3304 4851 3500 4921 litum,

2030 4980 2031 4983 η
2063 4930 2120 4980 et
2151 4926 2209 4979 in
2243 4941 2421 4981 manu
2456 4924 2585 4994 ejus
2616 4918 2796 4994 trulla
2820 4918 3198 4976 cmmentarii.

1990 4993 2058 5050 Et
2087 4995 2234 5052 dixit
2264 4992 2551 5051 Dominus
2583 4992 2653 5048 ad
2688 5006 2781 5045 me
2815 5006 2827 5043 :

2058 5060 2786 5145 ριιίςυιινὶάεξειλωοετ
2879 5134 2889 5145 .
2971 5131 3006 5145 ..

2059 5139 2130 5196 Et
2158 5140 2274 5196 dixi
2306 5155 2317 5193 :
2358 5136 2622 5193 Trullam
2653 5134 3032 5190 cmmentarii.

2057 5351 2125 5361 —
2164 5319 2444 5375 Maluisse
2482 5316 2712 5372 videtur
2759 5313 3147 5390 Hieronymus
3194 5310 3254 5364 in
3300 5312 3630 5390 Comment.

1985 5401 2106 5462 post
2150 5391 2459 5447 serotinum
2508 5386 2859 5463 tonsor,_sive
2908 5380 3135 5463 tonsura
3182 5382 3355 5463 regis.
3388 5380 3451 5433 In
3505 5380 3633 5435 Cis-

1986 5454 2257 5518 terciensi
2283 5479 2394 5517 ms.
2415 5478 2523 5517 nos
2544 5454 3187 5534 inveni_mus,ser_otinu§
3201 5455 3321 5523 post
3337 5454 3632 5534 tonsorem,

1987 5534 2108 5589 sive
2156 5544 2435 5590 tonsuram
2465 5532 2629 5603 regis.
2664 5530 2747 5581 Ad
2778 5527 2937 5603 quod
2989 5526 3047 5579 in
3080 5525 3206 5603 suis
3233 5524 3516 5603 omnibus
3540 5538 3633 5577 re-

1987 5606 2141 5677 perit
2193 5595 2587 5673 Martianaaus,
2635 5595 2832 5677 gregis,
2884 5611 2984 5677 pro
3031 5597 3194 5677 regis,
3251 5595 3632 5677 manifestum

1986 5668 2075 5732 est
2105 5677 2482 5734 librariorum
2536 5668 2651 5730 aut
2667 5668 2842 5743 paulo
2874 5668 3202 5723 audacioris
3233 5668 3416 5721 critici
3469 5681 3635 5722 men-

1987 5749 2151 5804 dum.
