4028 6178
268 234 409 290 1105

640 362 655 396 l

640 362 655 396 l

267 435 339 492 Et
369 361 898 504 διξιῗὶῗῗιοίροεοοι
929 433 987 489 in
1016 433 1359 491 fortitudine
1390 436 1645 504 Domini,

339 505 398 560 in
432 478 799 561 sublimit‘ate
834 506 1093 561 nominis
1118 478 1356 562 Domini
1387 478 1660 566 ὕέἴὲίἶὶἓ

263 581 334 633 Et
362 581 802 643 convertentur,

1462 239 1678 297 LIBER
1715 241 2027 296 MICHBE
2070 239 2487 297 PROPHETE.

3551 239 3692 296 1106

2191 363 2420 422 niculos
2445 365 2472 420 ?

2047 435 2327 562 Nuntquulild
2363 437 2581 508 placari
2609 441 2805 509 potest
2835 436 3122 494 Dominus
3152 435 3212 493 in
3245 435 3512 494 millibus
3542 437 3693 495 arie-

2111 583 2213 634 aut
2243 579 2313 652 i_n_
2337 578 2541 652 multis
2565 579 2830 652 millibus
2859 579 3158 636 hircorum
3191 578 3497 652 pinguium
3520 581 3548 636 τ

341 648 1928 724 quianuncmagnificabiturusqueadterminosterras
2037 649 2320 722 Nunquid
2363 651 2515 707 dabo
2564 650 3017 724 primogenitum
3069 648 3265 708 meum
3301 648 3420 724 'pro
3471 651 3689 709 scelere

264 721 336 776 Et
363 722 469 776 erit
507 721 618 776 iste
650 737 761 792 pax
801 736 814 775 ;

262 793 548 864 Assyrius
573 791 708 847 cum
740 791 1056 864 veneritin
1090 795 1304 864 terram
1341 797 1629 860 nostram,

338 862 661 936 etquando
694 862 1009 919 calcaverit
1039 863 1097 918 in
1130 863 1403 919 domibus
1438 865 1657 920 nostris
1694 881 1708 920 :

257 938 333 992 Et
361 935 788 1016 suscitabimus
820 951 997 1060 suger
1027 951 1163 1016 eum
1197 941 1424 1008 septem
1457 940 1750 1009 pastores,

337 1013 394 1060 et
425 1012 556 1060 octo
590 1011 868 1060 primates
942 1022 1190 1060 omines.

337 1013 394 1062 et
425 1012 556 1062 octo
590 1006 868 1078 primates
899 1006 1190 1062 homines.

261 1079 334 1135 Et
365 1076 608 1150 pascent
642 1086 850 1132 terram
879 1080 1066 1150 Assur
1097 1078 1155 1132 in
1187 1076 1403 1150 gladio,

337 1148 395 1205 et
427 1155 643 1205 terram
677 1150 925 1204 Nemrod
957 1150 1015 1203 in
1045 1148 1265 1204 lanceis
1297 1151 1426 1220 ejus
1461 1165 1476 1204 :

258 1220 702 1293 Etliberabitab
725 1226 913 1276 Assur
927 1237 1062 1293 cum
1079 1221 1374 1293 veneritin
1395 1225 1609 1277 terram
1632 1225 1917 1293 nostram,

337 1298 394 1348 et
424 1310 556 1348 cum
588 1292 898 1348 calcaverit
924 1290 982 1346 in
1006 1292 1226 1347 finibus
1259 1293 1504 1348 nostris.

259 1365 335 1420 Et
355 1369 525 1421 erunt
556 1363 821 1436 reliquiae
847 1363 1021 1418 Iacob
1055 1363 1112 1436 in
1147 1365 1339 1419 medio
1376 1363 1917 1436 populorum_mul-

409 1441 624 1562 torulm,
651 1435 827 1561 1quasi
869 1451 966 1490 ros
995 1451 1028 1490 a
1057 1435 1329 1503 Domino,
1355 1434 1412 1492 et
1441 1434 1609 1506 Quasi
1631 1434 1804 1492 stilla:
1824 1451 1919 1491 su-

411 1524 512 1562 ner
585 1523 648 1562 er
693 1523 811 1562 am.

411 1524 512 1580 per
544 1523 811 1572 uernam,

335 1576 465 1649 qua:
497 1595 612 1650 non
643 1581 943 1650 exspectat
973 1577 1185 1646 virum,
1220 1581 1276 1634 et
1300 1594 1414 1633 non
1447 1576 1817 1650 praestolalur
1846 1577 1916 1632 ﬁ-

409 1649 520 1706 lios
548 1649 880 1704 hominum.

259 1722 334 1777 Et
361 1727 534 1806 erunt
575 1719 1040 1806 reliquize_.lacob
1074 1719 1132 1775 in
1156 1720 1434 1793 gentibus
1465 1720 1523 1776 in
1558 1720 1747 1776 medio
1805 1738 1913 1793 po-
1942 1744 1990 1806 Β

408 1795 680 1864 pulcrum
710 1793 1049 1859 multorum,

333 1863 502 1936 quasi
538 1863 628 1919 leo
661 1864 719 1918 in
745 1863 1366 1936 jumentissilvarum,
1414 1933 1443 1936 AA
1471 1910 1478 1913 _.

335 1933 394 1991 et
425 1936 596 2006 quasi
627 1934 860 1990 catulus
901 1933 1087 1990 leonis
1147 1934 1207 1989 in
1265 1933 1544 2006 gregibus
1592 1949 1912 2006 pecorum:

336 2005 602 2078 quicum
629 2006 951 2075 transierit,
987 2011 1042 2062 et
1072 2005 1523 2072 conculcaverit,
1557 2010 1613 2062 et
1671 2005 1911 2078 ceperit,

412 2095 526 2134 non
558 2082 648 2134 est
678 2078 778 2148 qui
811 2081 996 2132 eruat.

260 2148 630 2205 Exaltabitur
662 2147 870 2204 manus
900 2153 1001 2204 tua
1019 2164 1198 2218 super
1226 2147 1425 2204 hostes
1449 2153 1602 2215 tuos,

341 2227 624 2277 etomnes
652 2220 877 2276 inimici
909 2221 993 2276 tui
1025 2219 1368 2275 interibunt.

265 2297 341 2348 Et
371 2294 482 2349 erit
511 2293 568 2348 in
602 2290 696 2347 die
725 2291 848 2359 illa,
879 2291 1019 2348 dicit
1042 2291 1325 2347 Dominus
1360 2308 1372 2346 :

339 2366 619 2420 Aufeiam
642 2380 823 2435 equos
855 2368 990 2420 tuos
1017 2364 1085 2418 de
1120 2363 1313 2418 medio
1344 2362 1452 2431 tui,

343 2441 401 2492 et
420 2436 754 2508 disperdam
780 2435 1098 2507 quadrigas
1128 2441 1286 2492 tuas.

267 2508 344 2563 Et
376 2506 626 2580 perdam,
644 2506 904 2562 civitates
937 2513 1102 2563 terris
1134 2512 1268 2576 tum,
1296 2514 1350 2561 et
1381 2506 1682 2562 destruam
1713 2520 1919 2562 omnes

421 2579 776 2635 munitiones
807 2584 961 2647 tuas,

346 2655 404 2707 et
433 2652 694 2706 auferam
720 2649 1007 2706 maleficia
1035 2649 1107 2704 de
1140 2665 1318 2705 manu
1353 2651 1475 2716 tua,
1508 2653 1564 2704 et
1608 2647 1919 2704 divinatio-

419 2739 522 2778 nes
555 2739 671 2778 non
703 2727 875 2777 erunt
903 2721 962 2776 in
995 2725 1070 2775 te.

270 2793 345 2850 Et
377 2797 572 2921 perii:
595 2792 803 2919 fatciam
827 2791 1128 2865 sculptilis
1156 2795 1262 2847 tua
1304 2795 1362 2847 et
1391 2794 1619 2848 statuas
1667 2795 1801 2847 tuas
1846 2791 1918 2847 de

418 2881 510 2920 me
558 2882 612 2921 ιο
671 2883 772 2920 ui:

418 2866 612 2921 medio
645 2865 729 2920 tui
759 2883 772 2920 :

340 2941 400 2993 et
447 2954 562 2993 non
610 2935 878 2992 adorabis
929 2935 1082 2990 ultra
1112 2950 1287 3006 opera
1336 2950 1622 2990 manuum
1655 2938 1914 2990 tuarum.

270 3012 343 3064 Et
375 3009 616 3064 evellam
652 3008 815 3063 lucos
846 3012 974 3062 tuos
1003 3007 1073 3061 de
1106 3006 1297 3061 medio
1330 3006 1412 3061 tui
1448 3021 1462 3060 :

338 3085 396 3135 et
425 3085 722 3136 conteram
756 3079 1017 3134 civitates
1049 3083 1200 3133 tuas.

267 3156 345 3209 Et
378 3151 585 3207 faciam
619 3152 677 3206 in
713 3151 902 3206 furore
932 3155 988 3204 et
1017 3149 1074 3204 in
1103 3146 1510 3220 indignatione
1537 3146 1820 3203 ultionem

338 3223 398 3278 in
433 3224 710 3279 omnibus
742 3222 1036 3292 gentibus,
1072 3237 1198 3291 qua:
1231 3218 1345 3292 non
1381 3218 1712 3292 audierunt.

262 3295 426 3366 (Cap.
463 3295 582 3365 VI.)
611 3290 1295 3366 Audi’terquaiDo’minus
1326 3290 1591 3361 loquitur
1621 3307 1633 3344 :

267 3363 478 3438 Surge,
513 3363 797 3438 contende
821 3363 1043 3433 judicio
1074 3365 1384 3418 adversum
1412 3366 1666 3432 montes,

341 3435 635 3492 et'audian
669 3435 869 3492 tcolles
899 3452 1092 3490 vocem
1127 3441 1309 3490 tuam.

275 3510 534 3565 Audiaut
562 3508 672 3580 (Al.
705 3508 929 3576 Audite)
959 3511 1188 3561 montes
1225 3505 1520 3576 judicium
1575 3503 1831 3571 Domini,
1861 3507 1919 3558 et

421 3581 592 3636 fortia
619 3580 1001 3634 fundamenta
1031 3582 1230 3645 terrae;

348 3648 1061 3722 quiajudiciumeomiui
1097 3667 1231 3705 cum
1276 3647 1492 3719 populo
1540 3664 1647 3702 suo
1699 3651 1918 3702 etcum

429 3723 607 3779 Israel
640 3721 1080 3792 diiudicabitur.

274 3788 876 3920 Poputle)mzeus,quid
909 3793 1015 3848 feci
1050 3791 1192 3860 tibi,
1233 3794 1288 3846 et
1336 3790 1476 3862 quid
1512 3789 1797 3845 molestus
1841 3788 1923 3843 lui

451 3882 462 3919 ι
521 3884 530 3919 ι

420 3865 530 3920 tibi

349 3938 638 4008 responde
668 3935 834 3990 mihi.

269 4009 420 4073 Quia
450 4003 621 4064 eduxi
653 4015 705 4063 te
736 4009 805 4062 de
836 4010 990 4061 terra
1017 4003 1267 4076 Egypti,

347 4026 420 4064 na
450 4022 621 4064 euuxr
653 4022 705 4063 te
736 4022 805 4062 ae
836 4022 990 4061 terra
1017 4022 1153 4076 Ingy
1201 4022 1267 4071 ιι,

347 4084 406 4136 ct
435 4080 508 4134 de
541 4080 712 4134 domo
745 4077 1122 4134 servientium
1156 4022 1394 4130 iiberavi
1420 4075 1517 4130 tea
1553 4090 1566 4129 :

270 4153 345 4208 Et
379 4151 511 4206 misi
540 4158 672 4207 ante
703 4149 909 4205 faciem
944 4153 1110 4204 tuam
1144 4148 1366 4216 Mosen,

351 4229 409 4278 et
436 4225 648 4292 Aaron,
682 4226 740 4277 et
773 4219 1023 4276 Mariam
1049 4220 1077 4275 ?
1443 4287 1455 4292 _
1481 4287 1495 4292 _
1630 4283 1637 4287 _

273 4286 720 4367 Populemeus,
756 4297 1072 4367 memento,
1105 4306 1324 4363 quaeso,
1355 4287 1498 4360 quid
1543 4286 1881 4356 cogitaverit
1908 4287 1930 4322 ³

429 4365 600 4421 Balac
631 4382 731 4419 rex
760 4364 954 4433 Moab,

357 4441 414 4492 et
445 4436 585 4508 quid
620 4430 992 4508 responderit
1021 4431 1070 4508 ei
1095 4431 1327 4508 Balaam
1357 4430 1514 4486 ﬁlius
1545 4431 1708 4498 Bcor,

357 4509 427 4564 de
452 4502 655 4564 Settim
692 4502 879 4578 usque
909 4506 978 4578 ad
1013 4502 1340 4578 G_a_lgal_am,

360 4585 424 4652 ut
455 4572 841 4652 cognosceres
874 4579 893 4612 ἰ
915 4572 1182 4652 justitias
1211 4572 1462 4652 Domini.

277 4651 434 4717 Quid
466 4645 712 4722 dignum
746 4645 982 4722 oderam
1018 4645 1262 4722 Dom‘ino
1290 4645 1317 4699 ?

277 4716 721 4794 c’urvabo'genu
755 4721 871 4776 Deo
901 4718 1126 4794 excelso
1147 4716 1176 4770 ?

357 4784 625 4866 nunquid
658 4793 897 4850 offeram
929 4790 981 4845 ei
1005 4789 1496 4857 holocautomata,
1520 4788 1578 4841 et
1598 4784 1811 4842 vitulos
1835 4801 1932 4841 an-

354 5013 368 5046 ¹
405 5013 479 5064 Ut
510 5012 573 5062 ut
601 5008 730 5079 ipse
772 5006 860 5079 ita
887 5004 1040 5075 legat
1067 5003 1121 5057 S.
1174 5005 1340 5079 [fater
1398 5001 1456 5079 in
1481 5005 1931 5079 _Commentar.,

281 5073 821 5153 Symmachi'aliam
847 5073 1387 5153 interpretationem
1407 5073 1636 5153 videtur
1657 5075 1934 5153 probasse

281 5143 497 5223 m'agis.
533 5173 560 5200 ‹‹
598 5154 660 5205 Ει
691 5143 1093 5223 convertentur,
1111 5143 1342 5223 inquit,
1375 5144 1589 5223 sive,ut
1619 5143 1831 5223 melius
1853 5147 1935 5223 in-

283 5214 650 5295 terpretatus
690 5224 779 5277 est
833 5214 1248 5295 Symmachus,
1297 5214 1664 5295 habitabant;
1706 5217 1932 5295 Jasubu

282 5286 444 5351 enim
476 5294 719 5349 verbum
753 5286 1102 5346 Hebraicum
1129 5293 1442 5358 utrumque
1473 5286 1786 5358 significat.
1820 5294 1935 5345 Ha-

285 5366 564 5422 bitabunt
595 5368 791 5420 autem
824 5361 885 5417 in
917 5360 1174 5416 Ecclesia
1204 5357 1466 5425 Domini,
1499 5357 1609 5414 etc.

365 5439 387 5472 ²
417 5437 612 5492 Canon
646 5440 700 5490 8.
735 5431 1006 5490 Germani
1039 5435 1096 5487 et
1126 5446 1237 5485 ms.
1271 5445 1436 5484 num.
1470 5429 1524 5494 3,
1574 5437 1625 5484 et
1673 5429 1739 5485 de
1782 5431 1938 5487 domo

283 5507 778 5580 servituﬁgquod
811 5505 868 5560 in
900 5500 1354 5560 Commentariis
1393 5500 1605 5557 retinet
1653 5503 1710 5558 S.
1735 5503 1937 5560 Hiero-

294 5597 531 5654 nymus.
565 5579 754 5636 MART.

365 5654 387 5686 ⁸
418 5653 647 5707 Addunt
675 5649 775 5705 alii
806 5646 938 5702 libri
970 5649 1158 5702 contra
1190 5647 1262 5718 te,
1287 5645 1784 5718 quemadmodum
1815 5644 1942 5718 ipse

294 5725 476 5780 etiam
510 5720 769 5795 praelegit
796 5720 1190 5795 Commentar.
1215 5716 1282 5795 _S.
1307 5716 1502 5795 .Pater.
1536 5717 1683 5795 Sunt
1710 5716 1941 5795 γενος-οξ

286 5796 463 5852 verba
511 5784 584 5851 ex
640 5784 836 5850 Graeco
894 5788 1030 5843 κατά
1061 5784 1155 5840 σού
1198 5786 1475 5858 derivata,
1528 5787 1747 5858 quibus
1794 5787 1940 5844 nihil

1945 3108 1988 3176 ο
2025 3077 2594 3176 (εαρςηῩᾸίςὶῖδεέξλέ

2181 738 2330 789 meo,

2108 792 2614 866 fructumgventris
2647 791 2898 866 mei'pro
2931 797 3164 864 peccato
3196 793 3406 849 anima:
3442 809 3584 850 mea:
3607 794 3636 848 ?

2036 865 2324 937 Indicabo,
2343 863 2470 937 tibi,
2505 881 2537 937 ο
2565 865 2761 934 homo,
2793 863 2892 937 qui
2925 863 3004 920 sit
3033 866 3276 936 bonum,

2103 940 2160 1008 et
2190 935 2328 1008 quid
2369 935 2905 1008 Douiinusquerat
2934 941 3053 1008 ate
3080 953 3092 991 :

2035 1005 2245 1079 Utique
2264 1007 2464 1079 facere
2488 1005 2808 1079 judicium,
2839 1012 2896 1062 et
2925 1005 3166 1079 diligere
3188 1007 3679 1078 misericordiam,

2102 1077 2160 1134 et
2191 1077 2509 1134 sollicitum
2542 1077 2846 1134 ambulare
2877 1094 3010 1133 cum
3042 1077 3156 1133 Deo
3188 1083 3330 1134 tuo:

2029 1149 2152 1206 Vox
2184 1149 2412 1205 Domini
2444 1149 2512 1204 ad
2547 1149 2838 1206 civitatem
2871 1149 3110 1214 clamat,

2102 1227 2159 1276 et
2187 1221 2352 1276 salus
2381 1220 2492 1276 erit
2519 1221 2860 1278 timentibus
2882 1236 3095 1278 nomen
3127 1223 3294 1276 tuum
3324 1235 3339 1277 :

2027 1293 2264 1360 Audite,
2300 1292 2514 1359 tribus,

2098 1368 2156 1421 et
2186 1364 2320 1436 quis
2351 1363 2704 1436 approbabit
2734 1362 2928 1436 illud?

2025 1433 2231 1520 Adhuc
2265 1433 2505 1519 ignis'in
2536 1435 2709 1492 domo
2741 1434 2909 1508 impii
2939 1433 3199 1490 thesauri
3219 1433 3662 1508 iniquitatisAl.‘

2165 1507 2533 1579 impietatis).
2562 1576 2572 1579 _
2730 1576 2740 1579 _
2897 1575 2912 1579 Α

2165 1523 2533 1578 impietatis).

2095 1582 2154 1633 et
2184 1575 2465 1633 mensura
2495 1575 2696 1632 minor
2725 1576 2827 1632 ira:
2857 1575 3050 1649 plena.

2022 1649 2668 1721 Nunquidjustil‘icabo
2699 1647 2985 1721 stateram
3018 1647 3287 1720 impiam,

2093 1725 2150 1777 et
2174 1719 2369 1792 sacelli
2404 1721 2662 1792 pondera
2693 1719 2956 1792 dolosa?

2025 1794 2089 1848 In
2122 1791 2339 1865 quibus
2369 1788 2575 1865 divites
2595 1791 2959 1865 ejusrepleti
2991 1793 3133 1847 sunt
3161 1788 3492 1865 iniquitate,

2092 1860 2153 1920 et
2178 1862 2515 1935 habitantes
2544 1862 2602 1917 in
2627 1860 2704 1919 ea
2735 1860 3126 1935 loquebantur
3154 1860 3548 1935 mendacium,

2093 1941 2152 1992 et
2180 1934 2382 2006 lingua
2411 1951 2614 1991 eorum
2647 1932 3021 1991 fraudulenta
3051 1935 3108 1988 in
3130 1949 3243 2006 ore
3278 1932 3568 2004 ipsorum.

2025 2007 2094 2063 Et
2123 2021 2399 2132 egotergo
2417 2007 2574 2088 .cmpi
2601 2010 2901 2079 percutere
2917 2010 2973 2062 te
3003 2005 3329 2078 perditione
3349 2021 3525 2077 super
3545 2019 3676 2076 pec-

2165 2094 2232 2132 ca
2265 2095 2313 2132 is
2374 2094 2485 2132 uis.

2165 2094 2313 2133 catis
2345 2094 2485 2134 IIIIS.

2023 2151 2112 2206 Tu
2143 2150 2436 2215 comedes,
2467 2153 2524 2204 et
2555 2164 2669 2204 non
2705 2147 3084 2204 saturaheris.

2095 2226 2152 2277 et
2180 2220 2512 2277 humiliatio
2540 2219 2724 2275 tuain
2752 2219 2952 2276 medio
2983 2218 3070 2274 tui
3104 2235 3118 2274 :

2025 2296 2092 2348 Et
2119 2292 2547 2364 apprehendes,
2579 2297 2637 2364 et
2666 2308 2780 2364 non
2804 2290 3058 2364 salvebis
3090 2307 3104 2346 :

2095 2361 2332 2436 iit—quos
2362 2361 2696 2436 salvaveris,
2729 2363 2789 2418 in
2811 2361 3074 2435 gladium
3102 2361 3270 2418 dabo.

2026 2437 2112 2493 Tu
2144 2435 2491 2504 seminabis,
2519 2439 2576 2490 et
2607 2451 2721 2490 non
2756 2439 2940 2490 metes
2974 2451 2988 2492 :

2098 2516 2162 2563 tu
2193 2506 2444 2562 calcabis
2476 2505 2713 2573 olivam,
2747 2510 2805 2562 et
2835 2522 2950 2561 non
2983 2504 3221 2575 ungeris
3253 2504 3378 2562 oleo
3408 2520 3424 2563 :

2098 2583 2155 2635 et
2187 2584 2470 2645 mustum,
2496 2582 2552 2632 et
2582 2594 2695 2632 nun
2725 2576 2890 2632 bibes
2919 2576 3141 2631 vinum.

2028 2655 2096 2706 Et
2134 2649 2444 2777 cgitogisti
2477 2652 2760 2721 praecepta
2793 2647 2978 2716 Amri,
3003 2653 3060 2703 et
3081 2663 3256 2703 omne
3286 2663 3434 2719 opus
3463 2647 3677 2706 domus

2265 2739 2292 2775 ο
2371 2737 2384 2775 :

2265 2737 2384 2775 DD:

2026 2793 2096 2848 Et
2124 2791 2441 2848 ambulasti
2471 2789 2530 2846 in
2560 2789 2966 2846 voluntatibus
3017 2803 3242 2857 eorum,
3277 2793 3341 2845 ut
3382 2791 3583 2847 darem
3617 2794 3674 2848 te

2168 2865 2228 2918 in
2262 2862 2672 2931 perditionem,

2096 2951 2154 2990 et
2182 2931 2517 2990 habitantes
2549 2933 2604 2988 in
2635 2949 2701 2988 ea
2733 2932 2789 2986 in
2823 2931 3087 3000 sibilum,

2097 3012 2154 3062 et
2183 3005 2563 3132 opprobrium
2583 3003 2805 3132 populi.
2827 3003 2939 3059 mei
2974 3000 3302 3085 portabitis.
3501 3074 3512 3086 .

2097 3096 2178 3132 rm.
2213 3081 2255 3132 V
2293 3078 2360 3132 [.l
2390 3077 2484 3132 Va:
2518 3093 2594 3132 mi
2646 3093 2685 3132 ι.
2710 3092 2847 3132 auia
2872 3076 3060 3131 factus
3082 3090 3216 3130 sum
3239 3077 3394 3130 sicut
3415 3089 3512 3132 uui

2165 3122 2178 3134 .
2213 3075 2360 3147 VII.)
2390 3077 2484 3132 Va:
2518 3075 2689 3143 mihi,
2710 3075 2847 3147 quia
2872 3076 3060 3131 factus
3082 3090 3216 3130 sum
3239 3075 3394 3130 sicut
3415 3075 3512 3146 qui
3546 3075 3664 3131 col-

2165 3149 2298 3221 ligit
2326 3150 2384 3221 in
2417 3153 2703 3204 autumno
2736 3162 3003 3221 racemos
3027 3145 3334 3202 vindemiae
3367 3162 3382 3201 :

2093 3218 2325 3276 non—est
2353 3220 2556 3276 botrus
2586 3221 2656 3275 ad
2688 3218 3138 3286 comedendum,

2097 3309 2437 3363 praecoquae
2472 3293 2618 3347 ficus
2646 3292 2667 3326 ⁵
2696 3289 3048 3346 desideravit
3079 3288 3280 3345 anima
3311 3304 3462 3346 mea.

2025 3364 2205 3419 Periit
2235 3368 2476 3419 sanctus
2516 3363 2586 3418 de
2618 3367 2796 3430 terra,

2097 3440 2154 3490 ct
2184 3440 2379 3490 rectus
2411 3435 2468 3490 in
2503 3432 2841 3489 hominibus
2873 3449 2988 3487 non
3015 3435 3106 3488 est
3140 3447 3152 3485 :

2028 3506 2242 3579 Omnes
2272 3506 2328 3560 in
2361 3506 2646 3579 sanguine
2668 3503 3048 3579 insidiantur,

2098 3578 2193 3632 vir.
2219 3573 2658 3633 fratremsuum
2692 3581 2937 3632 venatur
2967 3577 3037 3631 ad
3099 3575 3209 3643 (Αἱ.
3267 3573 3351 3645 in)
3405 3577 3680 3630 mortem.

2031 3649 2248 3704 Malum
2283 3667 2566 3704 manuum
2602 3665 2844 3703 suarum
2871 3649 3078 3702 dicunt
3110 3649 3327 3701 bouum
3365 3661 3379 3700 :

2105 3719 2374 3792 princeps
2405 3719 2685 3792 postulat,
2712 3727 2765 3774 et
2786 3720 2967 3792 jﬁude‘x
3005 3718 3062 3792 in
3097 3717 3394 3792 reddendo
3427 3719 3518 3772 est
3548 3733 3563 3773 :

2033 3786 2386 3862 Et'magnus
2406 3786 2649 3845 'locutus
2671 3794 2759 3844 est
2787 3786 3148 3844 desiderium
3185 3786 3393 3842 animai
3425 3803 3571 3856 suae,

2104 3867 2160 3918 et
2191 3867 2362 3918 contu
2374 3862 2683 3916 rbaverunt
2709 3876 2860 3914 eam.

2037 3933 2144 3996 Qui
2176 3933 2434 4004 optimus
2463 3933 2518 3986 in
2551 3932 2637 3987 eis
2663 3935 2773 4004 est,
2803 3927 2970 4004 quasi
2990 3927 3309 4004 paliurus:

2108 4009 2166 4060 et
2197 4001 2294 4074 qui
2329 4007 2543 4068 rectus,
2575 4002 2742 4073 quasi
2774 4001 2947 4074 spina
2973 4001 3045 4074 dc
3076 4016 3235 4072 sepe.

2037 4074 2172 4132 Dies
2204 4069 2624 4147 speculationis
2656 4069 3082 4143 team—visitatio
3112 4069 3215 4127 tua
3244 4069 3404 4126 venit
3433 4083 3450 4130 :

2111 4164 2268 4202 nunc
2296 4147 2407 4203 erit
2438 4148 2682 4201 vastitas
2711 4161 2934 4200 eorum.

2039 4218 2226 4274 Nolite
2252 4219 2485 4273 credere
2516 4218 2704 4272 amico
2735 4233 2748 4270 :

2111 4294 2166 4345 et
2201 4289 2382 4345 nolite
2413 4288 2706 4344 confidere
2738 4287 2797 4342 in
2831 4286 2977 4341 duce
3009 4301 3024 4340 :

2042 4361 2121 4416 Ab
2153 4376 2219 4416 ea
2250 4379 2376 4432 quae
2400 4359 2626 4432 dormit
2657 4359 2880 4432 insinu
2913 4361 3037 4427 tuo,

2113 4428 2341 4488 custodi
2364 4431 2621 4488 claustra
2650 4430 2770 4487 oris
2799 4428 2907 4484 tui.

1962 4481 2011 4544 Ι)
2042 4481 3002 4568 οα’ῑῖιἯῙῖιᾶἕὰξιῖὧῖηὲίἰιῐηῖῑάοίι
3035 4496 3220 4567 patri;

2111 4574 2230 4630 ﬁlia
2260 4575 2565 4647 consurgit
2607 4575 2889 4629 adversus
2921 4572 3171 4625 matrem
3205 4586 3374 4626 suam
3410 4582 3424 4625 :

2109 4663 2294 4701 nurus
2327 4651 2533 4702 contra
2563 4660 2796 4701 socrum
2831 4657 3007 4696 suum
3040 4656 3054 4695 :

2107 4717 2331 4773 inimici
2363 4717 2625 4773 hominis
2656 4711 2967 4771 domestici
3000 4712 3149 4781 ejus.

2035 4792 2151 4860 Ego
2183 4793 2379 4846 autem
2415 4789 2487 4845 ad
2519 4787 2839 4852 Dominum
2871 4783 3181 4856 aspiciam,

2035 5007 2125 5060 est
2153 5003 2309 5074 quod
2339 5001 2398 5056 in
2432 5000 2709 5057 [lebraico
2731 4997 3103 5074 respondeat,

2106 5076 2128 5109 ⁴
2161 5070 2226 5130 In
2257 5075 2458 5130 eodem
2493 5075 2725 5130 Canone
2783 5070 2970 5142 tertia
2992 5085 3261 5142 persona
3318 5070 3690 5142 exprimitur,

2038 5155 2098 5202 ut
2125 5147 2492 5216 cognosceret,
2523 5149 2675 5210 etc.;
2710 5147 2770 5200 at
2817 5141 3130 5198 manifesto
3181 5141 3553 5213 exscriptoris
3600 5157 3692 5201 ero

2040 5233 2196 5275 rore.
2228 5221 2414 5272 MART.

2110 5289 2132 5323 ⁸
2161 5287 2432 5344 Ecclesiae
2447 5284 2937 5345 Carcassonensis
2966 5287 3159 5338 Canon
3180 5280 3327 5352 legit
3356 5284 3694 5342 immatura:

2039 5361 2192 5429 ficus.
2223 5363 2285 5415 In
2319 5363 2480 5416 textu
2530 5363 2727 5414 autem
2787 5352 3354 5429 Commentariorum
3406 5355 3691 5429 scriptum

2044 5422 2297 5502 legimus
2329 5429 2651 5501 primitivas
2679 5422 3693 5502 ﬁcus,deindeinexplanationibus,

2042 5494 2370 5558 imvmalurds
2407 5501 2567 5569 ﬁcus.
2601 5494 2853 5563 Frustra,
2885 5495 3078 5567 inquit
3099 5494 3486 5566 Hieronymus
3506 5494 3692 5556 disseé

2043 5573 2248 5640 rendo,
2289 5573 2518 5644 volui...
2550 5571 2721 5644 quasi
2752 5574 3336 5644 extremos_rac_emos
3368 5569 3692 5644 requirere,

2042 5649 2100 5700 et
2121 5637 2253 5699 cum
2287 5662 2402 5700 non
2434 5643 2511 5700 sit
2535 5637 2738 5699 botrus
2767 5641 2839 5696 ad
2867 5637 3310 5706 comedendum,
3334 5637 3541 5696 saltem
3587 5637 3695 5699 im;

2045 5719 2311 5801 rnatu-ras
2343 5717 2508 5783 ficus,
2543 5730 2688 5801 quas
2709 5710 2928 5801 Hebraei
2979 5725 3266 5765 nnccnoaa
3289 5719 3438 5801 ’γει
3460 5721 3690 5788 vocant,

2044 5788 2102 5844 id
2135 5793 2244 5859 est,
2277 5781 2510 5860 grossos
2541 5781 2808 5854 ficorum,
2840 5781 2969 5837 cibo
3002 5797 3256 5838 sumere.
3289 5782 3470 5842 MART.
