2014 3089
124 105 194 134 1109

157 166 212 195 viri
224 165 370 195 exercitus
387 166 416 194 in
433 166 589 195 coccineis.

123 203 218 240 Igncaa
234 203 354 240 habenae
371 211 476 240 currus
493 202 521 240 in
537 203 597 240 _die
623 202 846 239 prmparationis
872 202 947 238 ejus,

161 242 189 267 et
205 239 382 275 agitatores’
400 238 545 275 consopiti
562 238 631 266 sunt
646 248 652 266 :

125 275 158 303 In
175 274 331 302 itincribus
348 274 515 302 eonturbali
532 277 603 301 sunt

163 310 312 347 quadrigze
328 310 435 337 collisae
452 312 521 347 sunt
537 310 566 336 in
583 309 686 347 plateis
704 317 710 337 :

125 345 387 386 Aspectus’eorum
403 345 485 386 quasi
503 345 665 386 lampades,

161 382 244 418 quasi
263 382 380 418 fulgura
395 382 601 418 discurrentia.

123 417 339 446 Recordabitur
354 417 473 444 fortium
494 425 627 451 suorum,

161 456 247 481 ruent
263 454 291 480 in
307 452 463 480 itineribus
474 452 537 480 suis
554 460 560 479 :

122 490 269 518 Velociter
285 488 445 516 ascendant
461 496 563 515 muros
578 487 653 523 ejus,

160 527 190 553 et
201 524 413 561 praeparabitur
428 522 645 551 umbraculum.

122 560 218 589 Porta:
233 560 387 588 ﬂuviorum
404 561 510 594 apertas
527 561 608 593 sunt,

161 599 190 624 et
204 595 349 632 templum
366 596 402 623 ad
419 594 515 632 solum
531 594 674 622 dirutum.

123 633 159 660 Et
174 632 259 660 miles
269 631 406 667 captivus
422 631 567 658 abductus
582 633 644 658 est:

160 671 189 696 et
198 664 384 702 ancillae‘ejus
396 667 586 694 minabantur
596 666 746 701 gementes
754 667 785 693 ut
793 664 856 693 colu
863 665 948 700 mbae,

161 701 382 731 murmurantes
395 702 423 730 in
436 702 573 730 cordibus
588 701 661 729 suis.

121 740 160 768 Et
174 739 277 767 Ninive
293 738 374 774 quasi
392 738 505 774 piscina
516 745 658 774 aquarum
672 745 752 772 aquae
770 736 834 771 ejus
851 744 857 764 :

160 775 217 811 ipsi
233 783 298 802 vero
315 775 450 810 fugerunt
467 782 473 802 :

119 813 211 845 State,
229 813 312 843 state,

160 849 190 875 et
204 855 262 874 non
278 848 323 873 est
336 845 386 881 qui
402 848 572 874 revertatur.

121 882 245 918 Diripite
261 884 427 918 argentum,
441 882 561 918 diripiet
576 889 680 908 aurum
697 886 705 907 :

160 915 258 947 et'non
276 915 321 945 est
337 917 403 945 finis
418 915 587 945 divitiarum
603 925 637 945 ex
652 916 790 944 omnibus
806 915 883 944 vasis
897 916 944 943 de-

197 953 413 982 siderabilibus.

123 989 272 1026 Dissipata
285 991 342 1024 est,
357 991 385 1017 et
400 988 503 1022 scissa,
519 990 548 1026 et
563 988 722 1026 dilacerata
740 996 746 1026 ς

160 1027 191 1053 et
205 1023 253 1053 cor
278 1023 442 1059 tabescens,
459 1027 488 1052 et
511 1024 666 1052 dissolutio
686 1023 899 1060 geniculorum,
916 1024 945 1050 et

196 1061 318 1089 defectio
332 1060 362 1088 in
378 1060 491 1088 cunctis
508 1060 628 1087 renibus
645 1068 652 1087 ι

156 1099 186 1124 et
201 1096 290 1124 facies
306 1096 440 1124 omnium
457 1104 557 1123 eorum
578 1095 655 1124 sicut
671 1095 791 1131 nigredo
807 1094 880 1122 οιιω.

113 1132 173 1161 Ubi
190 1135 236 1160 est
251 1132 453 1160 habitaculum
470 1131 599 1166 leonum,

152 1171 182 1196 et
198 1176 310 1203 pascua
325 1168 489 1196 catulorum
517 1167 647 1202 leonum,
663 1167 699 1194 ad
723 1174 811 1202 quam
833 1166 883 1193 ivit
898 1165 942 1193 leo

191 1203 441 1240 utringrederetur
456 1203 538 1238 illuc,

153 1237 390 1274 catulus‘leonis,
405 1242 434 1268 et
449 1248 505 1267 non
521 1237 565 1266 est
580 1238 629 1274 qui
654 1237 820 1274 exterreat?

116 1276 177 1304 Leo
187 1275 275 1311 coepit
287 1272 467 1303 sufficienter
475 1274 581 1302 catulis
589 1272 663 1308 suis,
680 1277 708 1302 et
718 1273 831 1301 necavit
840 1272 944 1312 temnis

192 1320 255 1339 δυιὸ
272 1320 279 1339 ζ

152 1349 182 1375 et
193 1347 324 1388 implevit
334 1347 433 1384 praeda
443 1347 599 1382 speluncas
613 1354 696 1381 suas,
708 1347 736 1373 et
750 1344 844 1373 cubile
855 1353 943 1373 suum

192 1391 306 1411 P801011.

192 1392 223 1411 ΓΒ
248 1391 306 1410 ma.

119 1419 195 1447 Ecce
210 1391 263 1455 ego
277 1420 312 1446 ad
330 1421 369 1453 te,
385 1418 456 1446 dicit
472 1418 615 1446 Dominus
632 1417 823 1455 exercituum,

155 1457 185 1483 et
199 1453 373 1482 su‘ccendam
390 1462 483 1490 usque
499 1454 533 1481 ad
551 1454 665 1481 fumum
678 1453 836 1490 quadrigas
862 1454 942 1490 tuas,

155 1493 184 1518 et
200 1490 352 1518 leunculos
367 1490 420 1526 (At.
437 1488 561 1524 catulos)
584 1492 651 1517 tuos
667 1488 920 1525 comedelgladius
937 1496 944 1516 :

119 1527 157 1554 Et
172 1526 371 1554 exlerminabo
388 1527 422 1553 de
439 1528 515 1553 terra
531 1526 657 1561 praedam
675 1527 765 1556 tuam,

159 1565 188 1590 et
203 1571 260 1590 non
275 1563 411 1590 audietur
426 1561 503 1589 ultre.
517 1569 572 1589 vox
587 1561 759 1588 nuntiorum
776 1562 906 1588 tuorum.

118 1598 200 1634 (Cap.
218 1598 283 1633 HI.)
294 1597 458 1631 Vm,civitas
472 1597 661 1634 sanguinum,
674 1596 809 1624 universa
824 1596 942 1623 menda-

195 1633 232 1661 cii
248 1634 456 1661 dilaceratione
471 1633 557 1669 plena
572 1641 580 1660 :

157 1678 217 1698 non
234 1670 350 1697 recedet
364 1678 380 1697 a
395 1672 422 1697 te
438 1669 548 1704 rapina.

117 1705 185 1733 Vox
202 1706 318 1740 ﬂagelli,
331 1708 417 1733 etvox
429 1703 554 1739 impetus
568 1707 645 1735 X‘Olm,
660 1706 687 1730 et
706 1703 772 1739 equi
783 1703 943 1740 frementis,

158 1744 188 1769 et
202 1739 350 1776 quadrigae
367 1742 513 1774 ferventis,
530 1743 557 1767 et
573 1740 681 1775 equitis
697 1739 881 1776 ascendentis
897 1741 946 1766 :et

193 1775 329 1804 micantis
347 1777 445 1812 gladii,
463 1779 490 1804 et
505 1776 680 1810 fulgurantis
696 1775 797 1803 hastis.

157 1815 186 1840 et
201 1811 398 1840 multutidihis
415 1813 581 1845 interfectae,
602 1814 630 1839 et
646 1812 741 1846 gravis
757 1811 847 1838 ruina:
865 1817 872 1837 :

125 1848 185 1876 Nec
201 1851 244 1875 est
261 1849 327 1876 finis
341 1849 524 1876 cadaverum.

159 1887 187 1912 et
205 1886 342 1912 corruent
357 1885 388 1912 in
404 1884 575 1920 corporibus
591 1883 665 1920 suis.

124 1922 246 1955 Propter
282 1916 502 1948 multitudinérn
531 1916 945 1955 fornicationum_me_retricis

197 1955 347 1991 speciosae,
362 1959 390 1983 et
405 1958 501 1991 gratze,
517 1957 546 1983 et
562 1954 696 1991 habentis
713 1953 867 1991 maleficia,

162 1988 226 2027 quae
242 1992 372 2019 vendidit
387 1988 487 2027 gentes
503 1991 533 2018 in
550 1989 795 2027 fornicationibus
811 1988 884 2023 suis,

161 2026 191 2055 et
206 2027 333 2055 familias
348 2027 376 2054 in
390 2026 546 2055 maleficiis
559 2026 621 2053 suis
639 2034 645 2052 :

125 2063 200 2091 Ecce
216 2064 318 2099 egorad
337 2067 374 2094 le,
390 2063 462 2090 dicit
478 2062 617 2099 Dominus
629 2060 826 2099 exercituum,

161 2101 191 2126 et
206 2097 337 2127 revelabo
353 2098 565 2135 pudendartua
580 2098 609 2135 in
625 2097 773 2135 facie__tua.

163 2137 191 2162 et
204 2130 362 2162 ostendam’
385 2135 437 2170 (At.
468 2133 530 2162 add.
558 2133 601 2169 in]
630 2132 768 2168 gentibus
783 2130 946 2159 nuditatem

196 2172 290 2203 tuam,

162 2208 192 2233 et
208 2207 304 2242 regnis
321 2205 514 2242 ignominiam
530 2206 623 2232 tuam.

161 2295 173 2311 ²
186 2294 309 2323 Videtur
324 2295 352 2322 S.
370 2294 514 2329 interpres
530 2301 581 2329 pro
596 2300 629 2320 eo
649 2292 726 2327 quod
759 2299 836 2329 nunc
860 2290 948 2318 habet

122 2330 267 2367 Hebraeus
282 2333 388 2367 textus,
418 2327 515 2362 verbo,
532 2327 786 2367 ῂηΨῚἿΞ-ηπγιςυρςι
803 2328 858 2367 est,
872 2331 899 2367 et
914 2335 947 2354 a-

123 2366 222 2400 bicies,
241 2366 346 2402 legisse
362 2374 424 2402 non
437 2373 532 2401 usque
548 2365 624 2402 adeo
635 2362 774 2402 dissimili
790 2362 947 2402 scriptura,

124 2398 236 2430 sensus
248 2398 345 2429 autem
360 2401 466 2437 oppido
484 2398 688 2437 'coneinniori,_
708 2400 798 2434 atque
818 2398 946 2437 erudito,

125 2442 252 2467 causam
282 2438 360 2473 quod
379 2434 435 2464 ‘c'st
463 2441 488 2464 et
516 2444 636 2470 auriga,
667 2434 781 2473 siveet.
799 2434 949 2473 agitatores

124 2469 406 2509 equorumXLiquet
422 2473 549 2508 profecto
572 2479 606 2509 ex
629 2472 775 2509 contexti),
799 2469 948 2509 archetypi

126 2505 284 2536 lectionem
307 2505 507 2536 obscuriorem
525 2507 611 2543 paulo
626 2505 801 2543 sententiam
819 2505 949 2543 reddere,

125 2553 162 2573 ac
187 2544 277 2572 videri
302 2544 466 2571 scribarum
484 2541 606 2572 incuria.
623 2544 651 2569 et
665 2541 785 2576 longaevi
809 2541 950 2576 temporis

125 2580 201 2608 vitio
217 2581 413 2615 depravnlam.
431 2580 501 2608 Nam
519 2581 547 2606 et
563 2578 630 2615 LXX
641 2576 950 2615 duxeruntiiceresihi

123 2615 212 2643 aliam
228 2612 418 2647 substituere,
429 2618 480 2643 aut
496 2617 573 2642 certe
589 2613 674 2641 aliter
689 2617 776 2647 alque
792 2612 820 2639 in
836 2612 950 2639 hodier-

126 2659 166 2678 no
181 2654 226 2678 est
241 2654 317 2678 textu
334 2652 468 2687 legerunt
484 2655 618 2681 nimam
643 2649 789 2685 siquidem
810 2648 951 2683 interpre-

727 106 832 132 LIBER
853 105 984 133 ΝΔΗῸΜ
1004 105 1214 133 ΡΒΟΡΗΕΤΑΕ.

962 169 989 202 Α
1040 167 1075 194 Et
1089 167 1242 204 projicinm
1254 176 1344 204 super
1358 170 1385 197 te
1400 169 1651 204 abominationes,

1762 108 1830 137 1110

1042 205 1071 230 et
1086 203 1274 240 contumeliis
1290 203 1318 231 te
1334 204 1473 240 afﬁciam,

1041 240 1070 265 et
1091 246 1196 276 ponam
1214 241 1241 276 te
1256 239 1285 266 in
1302 239 1477 276 exemplum.

1005 276 1038 301 Et
1055 274 1134 314 erit:
1151 275 1259 314 omnis,
1276 275 1326 310 qui
1342 274 1504 314 videritis,
1521 276 1630 305 resiliet
1647 286 1663 305 α
1680 279 1718 311 te,

1040 312 1069 337 et
1089 310 1165 337 dicet
1181 318 1187 337 :
1206 310 1326 338 Vastata
1340 314 1385 339 est
1400 311 1523 340 Ninive:

1005 345 1075 378 Quis
1092 346 1291 383 Acommovebit
1308 355 1398 382 super
1413 350 1441 375 te
1455 350 1542 383 caput
1558 360 1565 375 -.

1041 381 1119 408 unde
1133 389 1262 416 quaram
1280 381 1497 411 conSolatorem
1511 383 1588 411 tibi?

1003 417 1143 452 Nunquid
1155 417 1263 455 _melior
1279 425 1309 444 es
1326 419 1365 455 ab
1375 418 1427 455 (Ai.
1437 420 1529 447 Amon
1542 419 1642 455 quam)
1653 419 1828 448 Alexandria

1075 452 1346 494 populorpmhguze
1359 452 1475 482 habitat
1489 454 1518 482 in
1535 452 1707 483 fluminibus
1717 455 1731 482 Ῥ

1040 496 1122 523 aquae
1138 489 1167 524 in
1183 489 1305 516 circuitu
1321 489 1385 524 ejus
1402 497 1410 517 ε

1039 524 1127 561 cujus
1140 523 1258 561 divitiae,
1271 523 1351 561 mare
1367 533 1373 552 ε
1389 533 1481 560 aquae,
1498 526 1574 553 muri
1590 527 1665 561 ejus.

1002 559 1147 594 Ethiopia
1164 559 1302 597 fortitudo
1317 561 1393 596 ejus,
1409 559 1438 589 et
1451 563 1604 597 Egyptus,

1038 598 1066 623 et
1082 603 1139 623 non
1155 598 1198 623 est
1213 595 1280 624 finis
1297 604 1304 623 :

1002 630 1129 667 Aphrica
1144 634 1172 658 et
1187 631 1290 667 Lybies
1302 631 1417 660 fuerent
1434 632 1463 660 in
1479 632 1588 660 auxilio
1604 634 1653 661 tuo
1670 641 1677 660 :

1002 667 1057 695 Sed
1073 668 1102 693 et
1112 666 1217 704 ipsein
1229 667 1520 704 transmigrationem
1534 668 1621 696 ducta
1632 670 1675 696 est
1688 668 1824 704 (ALtran-

1073 703 1484 743 smigrationernduciturlin
1500 704 1695 743 captivitatem
1713 713 1720 732 :

1036 738 1150 779 parvuli
1165 739 1228 774 ejus
1239 738 1307 780 elisi
1322 742 1392 767 sunt
1417 739 1470 776 (Al.
1488 738 1646 776 elidentur)
1670 740 1700 768 in
1727 741 1824 776 capite

1073 781 1204 802 omnium
1219 783 1344 808 v1arum,

1038 811 1170 872 agger
1185 810 1310 846 inclytos
1323 811 1387 846 ejus
1401 811 1545 839 miserunt
1555 810 1612 847 (Al.
1624 810 1753 846 mittent)
1764 820 1826 840 sor-

1086 853 1143 879 em,

1035 881 1065 907 et
1080 889 1182 919 omnes
1196 882 1353 919 optimates
1369 884 1435 919 ejus
1450 884 1554 912 confixi
1580 886 1651 912 sunt
1673 884 1726 918 (Αι.
1756 884 1822 912 affi-

1069 918 1155 951 gentu
1161 918 1184 952 r)
1199 918 1228 945 in
1242 920 1442 954 compedibus.

999 951 1034 979 Et
1049 954 1080 991 tu
1098 960 1166 988 ergo
1179 951 1381 988 inebriaberis,
1397 957 1427 983 et
1441 954 1498 983 eris
1513 955 1651 991 despecta
1668 963 1674 983 :

1034 989 1063 1015 et
1076 990 1106 1015 tu
1123 996 1236 1024 quaeres
1253 990 1396 1018 auxilium
1411 991 1448 1018 ab
1463 989 1593 1019 inimico.

999 1023 1303 1065 0mnes_munitiones
1329 1028 1386 1054 ture
1416 1026 1494 1055 sicut
1523 1027 1595 1054 ficus
1625 1034 1692 1055 cum
1708 1027 1820 1063 gressis

1070 1068 1134 1087 SUlS
1151 1068 1157 1087 ἶ

1035 1094 1060 1122 si
1076 1103 1225 1124 concussae
1241 1096 1360 1128 fuerint.
1371 1097 1474 1125 cadent
1489 1097 1518 1125 in
1534 1106 1566 1125 os
1582 1098 1771 1126 comedentis.

999 1130 1074 1172 Ecce
1088 1132 1297 1172 populustuus
1310 1132 1447 1172 mulieres
1463 1133 1492 1160 in
1509 1133 1603 1172 medio
1619 1133 1661 1161 tui
1677 1142 1684 1161 :

1034 1167 1163 1230 ini‘micis
1178 1167 1238 1196 tuis
1253 1168 1439 1204 adapertionc
1454 1169 1620 1204 pandentur
1635 1171 1723 1205 portae
1739 1171 1821 1197 terra:

1084 1211 1136 1230 uae.

1084 1211 1136 1235 uae,

1036 1238 1186 1267 devorabit
1202 1239 1278 1275 ignis
1294 1242 1389 1267 vectes
1406 1241 1483 1268 tuos.

999 1276 1114 1310 Aquam
1132 1278 1250 1311 propter
1264 1275 1447 1304 obsidionem
1462 1275 1545 1303 hauri
1563 1275 1628 1310 tibi,

1034 1312 1152 1338 exstrue
1169 1311 1347 1339 munitiones
1363 1314 1429 1339 tuas
1447 1321 1454 1340 ι

1000 1347 1080 1374 Intra
1093 1346 1121 1373 in
1138 1345 1245 1380 lutum,
1260 1351 1286 1374 et
1302 1346 1392 1381 calca,

1036 1382 1177 1417 subigens
1195 1385 1260 1410 tene
1276 1382 1408 1410 laterem.

1000 1418 1042 1444 Ibi
1059 1418 1192 1454 comedet
1209 1421 1235 1445 te
1264 1419 1364 1454 ignis:

1037 1453 1152 1488 peribis,
1169 1453 1266 1489 gladio
1277 1452 1432 1482 devorabit
1447 1455 1474 1481 te
1491 1455 1522 1480 ut
1537 1452 1679 1489 bruchus.

1001 1488 1185 1523 Congrcgare
1202 1490 1254 1524 (ριι.
1272 1490 1334 1517 add.
1349 1491 1429 1525 ergo)
1444 1491 1476 1517 ut
1490 1488 1621 1517 bruchus
1637 1497 1645 1516 :

960 1543 982 1575 ϐ
1040 1525 1234 1566 multiplicare
1250 1528 1282 1553 ut
1296 1525 1419 1567 locusta.

1003 1560 1102 1587 Plures
1115 1561 1208 1587 fecnsti
1223 1564 1419 1587 nenotiatione

1038 1568 1102 1587 ures
1115 1561 1208 1623 fecisti
1223 1561 1436 1598 negotiationes
1451 1562 1516 1589 tuas
1531 1569 1618 1596 quam
1639 1559 1729 1588 stellis
1753 1562 1824 1588 sunt

1071 1604 1112 1623 ca:
1128 1605 1133 1623 l
1152 1604 1159 1623 :

1071 1604 1133 1623 CCDII
1152 1604 1159 1623 ε

1035 1631 1167 1660 bruchus
1182 1640 1330 1668 expensus
1344 1634 1400 1666 est,
1412 1634 1441 1660 et
1451 1632 1585 1660 avolavit.

999 1667 1141 1695 Custodes
1157 1669 1199 1704 tui
1216 1667 1301 1704 quasi
1317 1670 1435 1696 locusta:
1450 1677 1458 1696 ε

1036 1705 1064 1731 et
1077 1703 1189 1738 parvuli
1205 1703 1267 1731 tui’
1281 1704 1364 1739 quasi
1381 1704 1498 1732 locustae
1513 1703 1705 1738 locustarum,

1036 1747 1102 1775 qua:
1117 1739 1309 1768 confiduntin
1325 1740 1445 1776 sepibus
1460 1740 1489 1767 in
1503 1739 1550 1767 die
1566 1739 1681 1775 frigoris
1698 1748 1705 1773 ;

999 1775 1046 1803 Sol
1063 1777 1145 1803 ortus
1160 1778 1214 1809 est,
1231 1778 1259 1804 et
1275 1775 1475 1808 avolaveruat,

1036 1813 1064 1839 et
1080 1819 1137 1838 non
1155 1814 1200 1839 est
1214 1812 1350 1847 cognitus
1365 1812 1446 1839 locus
1462 1819 1562 1839 earum
1580 1810 1630 1838 ubi
1645 1811 1778 1839 fuerunt.

1001 1846 1238 1883 Dormitaverunt
1253 1846 1386 1883 pastores
1401 1847 1454 1881 tui,
1472 1855 1521 1874 rex
1537 1850 1629 1874 Assur
1644 1855 1650 1874 :

1036 1882 1216 1918 sepeliantur
1231 1882 1378 1945 principes
1393 1883 1435 1910 tui
1453 1890 1459 1909 :

1036 1917 1136 1945 ititavit
1151 1926 1226 1945 nona
1244 1927 1277 1945 us
1293 1921 1363 1945 tuus
1375 1918 1403 1945 in
1417 1926 1459 1945 mc

1001 1920 1136 1946 Latitavit
1151 1926 1226 1954 popa

1071 1961 1160 1989 super
1175 1954 1312 1989 montes),

1036 1991 1065 2016 et
1079 1997 1136 2016 non
1150 1992 1194 2017 est
1209 1989 1258 2025 qui
1275 1990 1440 2025 congreget.

1000 2025 1063 2053 Non
1080 2027 1123 2052 est
1134 2025 1258 2052 obseura
1273 2025 1407 2052 contritio
1423 2027 1484 2059 tua,

1038 2060 1165 2096 pessima
1180 2064 1225 2088 est
1241 2061 1327 2097 plaga
1343 2064 1393 2088 tua
1410 2069 1416 2087 :

1002 2095 1108 2124 Omnes
1124 2096 1173 2132 qui
1190 2095 1347 2124 audierunt
1367 2095 1547 2124 auditionem
1564 2098 1657 2128 tuam,
1674 2101 1821 2130 compres-

1073 2135 1176 2160 serunt
1189 2141 1308 2160 manum
1325 2140 1415 2168 super
1430 2134 1457 2159 te
1474 2139 1480 2159 :

1037 2168 1107 2203 quia
1122 2177 1211 2223 super
1226 2177 1312 2205 quem
1331 2166 1387 2195 no‘n
1404 2167 1522 2195 transiit
1539 2166 1651 2195 malitia
1674 2168 1726 2194 tua
1747 2173 1825 2194 sem-

1075 2212 1125 2223 nnr
1136 2205 1141 2214 ί

1075 2212 1125 2239 per
1136 2205 1145 2230 ‘2

1244 1927 1277 1946 us
1293 1916 1363 1946 tuus
1375 1918 1403 1945 in
1417 1916 1821 1953 montibus(At.dispersus..,

1003 2292 1055 2320 tati
1070 2294 1149 2326 sunt,
1165 2292 1209 2318 καί
1227 2292 1251 2318 οἱ
1267 2291 1369 2324 ὶππέίς,
1385 2295 1411 2320 et
1424 2292 1548 2327 equites;
1566 2300 1630 2327 qua:
1651 2299 1720 2319 sane
1745 2298 1826 2319 com-

1003 2328 1091 2355 moda
1105 2329 1200 2356 versio
1215 2330 1269 2363 est,
1287 2330 1315 2355 et
1329 2328 1365 2355 ad
1382 2336 1470 2363 quam
1489 2327 1619 2362 proxime
1642 2327 1758 2355 videtur
1780 2336 1827 2355 ac-

1003 2364 1128 2392 cessisse
1144 2372 1234 2400 seque
1250 2364 1461 2392 comformasse
1477 2363 1666 2398 Hironymus.

1040 2408 1051 2425 ²
1065 2408 1157 2436 Aliter
1167 2408 1306 2436 Hebraeus
1321 2408 1409 2436 habet
1424 2412 1568 2451 T105131.
1585 2408 1662 2443 quod
1679 2410 1724 2436 est
1737 2412 1830 2435 satra-

1002 2453 1277 2489 penliieronymus
1306 2452 1434 2489 similem
1457 2452 1524 2489 huic
1551 2460 1650 2489 vocem
1677 2451 1826 2489 subtituit.

1004 2487 1049 2516 vel
1066 2487 1239 2524 properante
1254 2488 1349 2520 oculo,
1363 2487 1407 2524 vel
1420 2488 1503 2524 quod
1516 2487 1557 2516 ita
1572 2488 1715 2524 scriptum
1732 2488 1760 2515 in
1777 2496 1830 2524 suo

1005 2523 1162 2560 exemplari
1184 2524 1329 2552 invenerit
1345 2534 1352 2557 ;
1368 2523 1440 2559 legit
1458 2524 1535 2552 enim
1554 2532 1560 2551 :
1575 2523 1685 2567 15531:,
1719 2523 1832 2560 parvuli

1007 2569 1060 2602 tui,
1076 2577 1127 2604 pro
1141 2574 1271 2611 T110512,
1287 2572 1392 2604 slrapcs
1404 2569 1458 2602 tm‘,
1474 2568 1631 2605 Thaphsar
1646 2567 1770 2604 Assyria:
1786 2566 1831 2594 di-

1006 2612 1126 2675 gnitaéis
1143 2615 1187 2676 esti
1203 2621 1321 2646 nomen,
1338 2621 1372 2640 ex
1402 2621 1460 2648 quo
1490 2612 1579 2640 Graeci
1611 2614 1745 2647 satrapas
1761 2619 1831 2638 suos

1007 2656 1078 2675 excu
1102 2657 1174 2676 erun
1192 2669 1198 2674 .

1007 2656 1198 2676 excuderunt.

729 2719 849 2756 Explicit
865 2719 938 2748 liber
956 2719 1067 2749 Nahum
1085 2720 1236 2756 prophetae.
