2014 3089
232 109 301 136 1115

229 173 265 201 Et
280 172 372 200 ruina":
382 172 539 207 impiorum
553 174 659 201 erunt:

265 211 294 236 et
310 208 477 244 disperdam
493 208 627 236 homines
643 217 659 236 a
675 208 747 237 facie
763 211 855 244 terrae,
868 209 1053 246 dicittDomi-

302 253 367 271 HUS.

230 281 265 308 Et
280 279 431 307 extendam
448 287 567 316 manum
585 287 681 307 meam
698 289 785 315 super
800 281 919 316 Judam,

266 318 295 343 et
309 323 399 350 super
415 323 517 342 omnes
535 315 701 343 habitantes
716 317 896 345 Jerusalem:

230 352 265 379 Et
280 351 448 386 disperdam
466 351 500 378 de
513 350 576 378 loco
593 352 646 379 hoc
662 352 801 387 reliquias
817 352 895 385 Baal,

265 388 295 413 et
311 387 429 414 nomina
444 387 619 414 {edituorum
636 396 702 414 eum
720 389 939 415 sacerdotibus:

230 423 264 450 Et
280 422 395 459 cosiqui
411 422 533 450 adorant
547 431 636 457 super
649 426 726 451 tecta
743 424 879 451 militiam
895 424 971 459 cceli,

265 460 293 485 et
308 458 442 490 adorant,
459 460 487 485 et
500 458 603 493 jurant
618 458 645 485 in
663 459 797 494 Domino,

266 496 294 521 et
306 493 408 528 jurant
424 494 452 521 in
468 493 622 521 Melchom.

229 530 264 557 Et
281 529 330 564 qui
347 532 518 556 avertuntur
532 530 568 556 de
583 532 648 565 post
663 531 778 565 tergum
797 530 921 564 Domini,

265 568 294 593 et
309 565 359 600 qui
375 574 432 592 non
449 565 630 600 quresierunt
647 566 802 594 Dominum
825 574 877 594 nec
893 566 1052 602 investiga-

303 602 409 628 verunt
424 609 502 632 eum,

231 636 322 664 Silete
337 645 352 663 a
369 636 440 663 t'acie
457 636 571 663 Domini
587 636 655 670 Dei;

268 672 337 707 quia
349 672 432 707 juxta
447 675 491 699 est
506 672 566 699 dies
582 672 707 704 Domini,

268 708 337 743 quia
353 708 524 748 praeparavit
540 708 680 748 Dominus
696 707 833 742 hostiam,

268 743 462 771 sanctilieavit
477 746 595 771 vocatos
611 752 690 771 suos.

233 780 267 806 Et
282 778 355 806 erit:

232 815 264 842 In
281 814 327 842 die
343 814 446 852 hostiae
460 814 587 852 Domini,
604 814 727 842 visitabo
744 823 832 851 super
851 815 1010 852 principes,
1027 819 1055 844 et

304 858 393 886 super
408 850 482 877 ﬁlios
500 851 586 886 regis,

269 888 401 923 etisuper
415 893 526 920 omnes,
544 886 591 921 qui
609 886 790 923 indutirsunt
801 889 881 914 veste
892 887 1054 923 peregrina:

233 921 267 949 Et
281 922 406 949 visitabo
422 930 511 957 super
526 930 654 957 omnem,
671 922 721 958 qui
741 921 910 959 arroganter
926 921 1054 960 ingredi-

269 960 318 985 tur

305 1001 395 1029 super
410 993 499 1020 limen
516 993 545 1020 in
562 993 608 1020 die
624 993 693 1020 illa:

269 1029 483 1092 quitcgrnplent
499 1029 620 1056 domum
636 1029 754 1057 Domini
772 1030 820 1057 Dei
836 1030 881 1058 sui
899 1030 1057 1066 iniquitate

306 1073 321 1092 e
369 1073 384 1092 o
399 1073 425 1091 ο.

306 1067 334 1092 et
349 1066 425 1092 dolo.

234 1100 269 1128 Et
283 1101 338 1128 erit
355 1100 383 1127 in
399 1100 445 1126 die
460 1099 521 1134 illa,
535 1100 606 1127 dicit
630 1100 783 1135 Dominus,
799 1110 852 1129 vox
879 1101 1014 1129 clamoris
1041 1110 1058 1129 a

307 1138 390 1171 porta
406 1135 542 1171 piscium.

272 1173 300 1198 et
316 1171 446 1198 ululatus
462 1179 478 1198 a
493 1171 638 1205 Secunda,

272 1208 299 1234 et
315 1206 450 1234 contritio
467 1215 573 1242 magna
589 1215 605 1234 ει
620 1206 756 1236 collibus.

235 1242 363 1276 Ulalute,
379 1242 557 1270 habitatores
573 1242 637 1270 Pilce
651 1252 657 1271 :

271 1278 411 1305 conticuit
425 1278 521 1306 omnis
538 1278 664 1314 populus
678 1279 828 1314 Chanaan,

273 1313 471 1351 disperierunt
487 1322 589 1351 omnes
605 1314 727 1342 involuti
745 1317 873 1351 argento.

236 1350 269 1377 Et
286 1348 342 1377 erit
357 1348 385 1376 in
403 1351 531 1385 tempore
547 1349 612 1378 illo:

272 1385 426 1412 scrutabor
439 1385 602 1413 Jerusalem
617 1386 645 1413 in
663 1385 809 1414 lucernis:

235 1422 270 1449 Et
287 1421 413 1459 visitabo
429 1429 518 1459 super
527 1421 605 1459 viros
618 1422 727 1459 defixos
740 1422 901 1451 infamibus
913 1424 994 1451 suis:
1010 1422 1060 1459 qui

310 1457 414 1484 dicunt
429 1457 458 1484 in
475 1458 612 1485 cordibus
627 1458 711 1485 suis:

272 1493 334 1520 Non
350 1493 436 1520 faciet
452 1493 524 1520 bene
539 1493 692 1527 Dominus,
709 1496 737 1522 et
753 1503 811 1522 non
828 1495 913 1522 faciet
929 1494 1015 1523 male.

236 1529 272 1556 Et
282 1529 338 1566 erit
359 1528 497 1556 fortitudo
513 1536 616 1566 eorum,
630 1529 660 1556 in
678 1530 882 1566 direptionem,

273 1567 302 1591 et
318 1564 423 1590 domus
441 1572 541 1591 eorum
557 1564 586 1591 in
603 1564 771 1593 desertum:

237 1600 271 1627 Et
286 1599 472 1626 zedilicabunt
488 1599 599 1633 domos,
616 1603 645 1628 et
664 1609 721 1628 non
738 1601 933 1629 habitabunt:

273 1637 301 1663 et
317 1634 492 1671 plantabunt
506 1635 615 1671 vineas,
631 1638 660 1664 et
680 1645 738 1665 non
763 1637 866 1665 bibent
881 1637 979 1665 vinum
1011 1646 1061 1665 ea-

310 1679 387 1698 rum.

238 1706 328 1744 Juxta
343 1709 387 1734 est
398 1706 459 1733 dies
476 1707 741 1744 Dominimagnus,

273 1743 357 1776 juxta
372 1744 417 1769 est
431 1744 460 1769 et
475 1742 555 1769 velox
570 1742 679 1770 nimis:

239 1779 301 1805 Vox
316 1777 371 1805 diei
387 1777 503 1805 Domini
519 1786 630 1812 amara,

276 1813 467 1841 tribulabitur
481 1813 521 1840 ibi
537 1814 629 1841 fortis.

241 1849 308 1891 bis
324 1849 537 1891 “sensilia:

276 1885 339 1921 dies
354 1885 553 1921 tribulationis
569 1888 595 1913 et
611 1885 765 1921 angustiae,

277 1920 338 1948 dies
354 1920 530 1948 calamitatis
545 1923 574 1948 et
589 1920 723 1955 miseriae,

276 1957 339 1993 dies
353 1957 541 1993 tenebrarum
557 1959 585 1984 et
597 1957 734 1993 caliginis

276 1992 338 2020 dies
354 1992 467 2019 nebulae
483 1994 511 2020 et
525 1992 670 2027 turbinis}

243 2027 309 2056 Dies
325 2028 402 2055 tuba:
418 2030 446 2055 et
461 2027 607 2064 clangoris
623 2036 712 2064 super
724 2028 856 2056 civitates
872 2029 1012 2063 munitas,

278 2066 306 2091 et
321 2072 410 2099 super
425 2064 549 2099 angulos
565 2064 705 2092 excelsos.

240 2099 276 2127 Et
292 2099 438 2127 tribulabo
454 2100 599 2134 homines,

276 2138 304 2163 et
315 2134 510 2163 ambulabunt
520 2138 551 2162 ut
562 2135 717 2170 caeci,quia
729 2135 849 2163 Domino
861 2138 1061 2171 peccaverunt:

239 2171 275 2197 Et
290 2171 457 2198 etfunrletur
472 2171 593 2206 sanguis
609 2179 721 2203 eorum,
737 2172 815 2199 sicut
830 2171 950 2207 humus,

277 2209 304 2234 et
319 2215 440 2242 corpora
456 2215 557 2234 eorum
573 2207 650 2234 sicut
665 2209 802 2234 stercora.

241 2242 294 2269 Sed
306 2245 334 2269 et
349 2244 501 2276 argentum
518 2251 628 2277 eorum,
645 2244 673 2269 et
688 2251 792 2270 aurum
809 2251 908 2271 eorum

278 2286 334 2305 non
352 2279 457 2313 poterit
471 2279 593 2306 liberare
606 2287 655 2306 eos
671 2278 700 2305 in
717 2279 763 2306 die
778 2278 885 2306 furoris
901 2279 1014 2306 Domini
1032 2279 1038 2296 '
1056 2287 1063 2307 :

243 2314 275 2340 In
291 2313 357 2348 igne
371 2314 423 2341 zeli
439 2315 502 2349 ejus
514 2314 700 2341 devorabitur
714 2314 810 2342 omnis
827 2316 913 2347 terra,

276 2349 346 2384 quia
362 2350 649 2377 consummationem
673 2357 739 2377 cum
765 2350 953 2378 festinatione
978 2350 1065 2379 faciet

278 2385 392 2412 cunctis
408 2385 608 2413 habitantibus
624 2387 711 2413 terra.

242 2420 319 2456 (Cap.
341 2420 577 2483 Il.)b_$onvenite,
601 2423 629 2449 et
653 2421 885 2457 congregamini,
902 2429 975 2458 gens
1005 2430 1062 2450 non

314 2464 379 2483 ama
403 2465 411 2483 1
427 2465 469 2483 lS:

314 2464 469 2484 amamus:

241 2491 414 2555 Priusquam
432 2492 632 2528 pnriatjussio
647 2492 731 2528 quasi
748 2492 895 2529 pulverem
911 2494 1063 2521 transeun-

325 2536 370 2555 em
387 2537 395 2555 (
410 2536 475 2555 lem.

325 2536 370 2555 em
387 2536 475 2562 (nem,

276 2566 344 2591 ante
369 2572 457 2600 quam
474 2564 569 2592 veniat
584 2572 673 2600 super
685 2572 736 2592 vos
751 2564 795 2591 ira
810 2564 916 2592 furoris
936 2565 1064 2599 Domini,

277 2671 284 2688 ¹
302 2671 429 2698 Canonis
445 2670 622 2707 exemplaria
638 2671 751 2698 addunt
766 2679 871 2698 nomen
889 2679 950 2705 ινίε,
967 2672 998 2699 in
1019 2673 1064 2700 die

241 2705 294 2734 irm
305 2707 410 2740 furoris
426 2705 554 2741 [)omz'nﬁ',
568 2707 618 2734 sed
635 2707 818 2742 superﬂuum
834 2709 887 2734 est.
900 2710 990 2735 MART.

276 2742 398 2775 ’Nemo,
415 2743 465 2778 qui
491 2743 627 2770 lleliraice
652 2742 785 2769 nonnihil
810 2742 893 2775 sciat,
917 2743 1064 2771 dubitabit

241 2785 294 2811 pro
310 2785 342 2804 eo
358 2780 433 2812 quod
456 2779 596 2814 scriptum
613 2778 642 2804 in
659 2778 813 2814 archetypo
842 2781 887 2814 est
912 2784 1022 2813 nam,
1036 2782 1064 2807 et

241 2814 360 2851 ερρεζιξςίι
377 2822 426 2839 seu
442 2814 560 2847 fumosa,
578 2815 664 2851 atque
677 2813 800 2851 illustris
822 2813 939 2846 dicitur,
955 2814 1060 2842 lectum

245 2846 297 2872 abs
309 2846 492 2883 llieronymo,
504 2858 561 2877 una
573 2846 668 2876 minus
681 2849 818 2883 litterula,
830 2854 917 2882 nam,
926 2851 976 2877 aut
987 2856 1062 2881 mn.

245 2880 319 2914 quod
349 2884 402 2917 est,
416 2880 611 2919 ‘pronocatrix,
628 2889 785 2919 contumax,
802 2880 863 2912 sive
886 2880 1062 2921 eiacerbans,

753 112 783 138 S.
804 111 1005 139 HIERONYMI
1024 110 1150 138 DIVINA
1168 108 1414 137 BIBLIOTHECA.

1068 178 1091 209 Α
1109 170 1500 211 antequamveniaksuper
1517 179 1566 198 vos
1590 170 1653 198 dies
1676 170 1781 198 furoris
1808 171 1857 206 (Αι.
1883 171 1919 200 ira

1859 108 1920 136 lllﬁ

1144 206 1369 243 indignationis)
1386 206 1512 234 Domini.

1108 242 1233 277 Quaerite
1249 242 1416 276 Dominum,
1433 250 1536 269 omnes
1553 242 1699 270 mansueti
1716 242 1914 278 terras,quiju-

1179 278 1289 306 dicium
1306 278 1376 305 estis
1391 278 1499 313 operati
1514 286 1521 307 :

1144 314 1265 350 quaerite
1277 315 1403 349 justum,
1420 313 1543 350 quaerite
1557 315 1765 350 mansuetum:

1144 349 1167 377 si
1185 358 1241 385 quo
1263 349 1615 377 modoabscondaminiin
1627 349 1673 376 die
1687 349 1793 376 furoris
1804 349 1916 376 Domini.

1108 386 1182 418 Quia
1197 387 1272 413 Gaza
1287 386 1436 412 destructa
1449 386 1515 418 erit,

1143 424 1172 449 et
1186 421 1310 449 Ascalon
1327 421 1357 448 in
1374 421 1537 455 desertum,

1108 459 1231 485 Azotum
1247 457 1277 484 in
1294 456 1414 484 meridie
1429 456 1555 491 ejicient,

1144 495 1172 521 et
1187 494 1313 520 Accaron
1329 492 1537 520 eradieabitur.
1557 496 1559 498 '

1109 530 1153 557 Vae
1165 528 1213 563 qui
1223 528 1362 556 habitatis
1372 527 1535 555 funiculum
1548 526 1724 563 maris,gens
1734 526 1917 563 perditorum;

1107 562 1236 592 Verbum
1252 564 1366 592 Domini
1378 572 1467 599 super
1482 571 1542 597 vos,
1555 562 1702 597 Chanaan,
1714 565 1793 590 terra
1808 562 1920 589 Philisti-

1180 608 1297 632 norum,

1144 638 1172 663 et
1187 636 1354 671 disperdam
1370 636 1408 667 te,
1425 635 1462 662 ita
1480 636 1510 662 ut
1528 642 1584 671 non
1601 633 1639 661 sit
1654 633 1844 668 inhabitator,

1109 672 1143 700 Et
1157 672 1210 699 erit
1223 671 1373 698 funiculus
1388 671 1479 698 maris
1495 670 1611 705 requies
1628 672 1791 705 pastorum,

1145 711 1173 736 et
1189 707 1278 735 caulae
1292 715 1446 742 peccorum
1463 714 1469 733 :

1110 743 1210 771 Eterit
1223 739 1371 771 funiculus
1399 743 1475 778 ejus,
1507 741 1558 777 qui
1582 740 1758 769 remanserit
1787 740 1825 767 de
1848 739 1922 766 domo

1145 779 1237 807 Juda:

1109 814 1149 842 ibi
1167 815 1334 850 pascentur,

1072 857 1096 889 Β
1116 887 1126 889 _
1144 847 1175 889 in
1187 847 1490 889 domibus‘Ascanlonis
1506 848 1540 876 ad
1556 856 1706 889 vesperam
1724 847 1919 883 requiescant:

1111 886 1183 919 Quia
1197 886 1329 913 visitabit
1342 893 1390 913 eos
1406 884 1548 913 Dominus
1565 885 1639 911 Deus
1655 891 1769 917 eorum,

1146 925 1175 950 et
1187 924 1297 949 avertet
1310 921 1506 956 captivitatem
1523 928 1635 956 eorum,

1110 958 1215 986 Audivi
1232 953 1407 993 opprobium
1425 956 1520 991 Moab,
1537 957 1566 984 et
1588 954 1791 992 blasphemiae
1807 953 1921 981 ﬁliorum

1182 995 1324 1021 Ammon:

1148 1037 1213 1065 quae
1227 1028 1474 1065 exprobraverunt
1489 1026 1596 1063 populo
1611 1035 1686 1065 meo,

1147 1063 1176 1093 et
1191 1063 1371 1100 magnificati
1387 1068 1560 1100 suntsuper
1575 1063 1848 1100 terminoseornm,

1111 1096 1272 1136 Propter-ova
1282 1100 1346 1127 vivo
1362 1107 1426 1136 ego,
1442 1096 1519 1136 dicit
1528 1098 1670 1136 Dominus
1687 1098 1740 1134 (Αι.
1762 1096 1824 1125 add.
1851 1096 1923 1130 Deus)

1184 1135 1362 1164 exercituum
1380 1133 1455 1163 Deus
1471 1133 1570 1167 Israel,

1149 1172 1218 1207 quia
1233 1172 1317 1200 Moab
1334 1173 1365 1198 ut
1380 1171 1512 1207 Sodoma
1523 1170 1588 1205 erit,

1148 1204 1177 1235 et
1190 1208 1241 1235 filii
1257 1210 1380 1235 Ammon
1397 1206 1481 1242 quasi
1498 1204 1661 1242 Gomorrha
1677 1215 1685 1240 ς

1114 1243 1237 1272 Siccitas
1253 1241 1417 1279 spinarum,
1433 1241 1570 1279 et_acervi
1581 1241 1661 1275 salis,

1149 1283 1176 1307 et
1191 1277 1340 1307 desertum
1357 1286 1450 1313 usque
1466 1277 1495 1305 in
1510 1279 1672 1305 aeternum:

1114 1315 1255 1350 Reliquis)
1274 1314 1370 1350 populi
1391 1314 1444 1341 mei
1461 1313 1605 1350 deripient
1622 1320 1682 1350 eos,

1149 1354 1177 1379 et
1190 1346 1297 1378 residui
1313 1346 1409 1383 'genlis
1424 1358 1491 1376 meae
1508 1346 1701 1384 possidebunt
1716 1346 1794 1375 illos.

1113 1389 1173 1414 Hoc
1189 1386 1231 1414 eis
1248 1387 1359 1413 eveniet
1375 1394 1425 1420 pro
1439 1384 1573 1419 superbia
1584 1392 1637 1412 sua
1653 1392 1660 1411 :

1151 1422 1220 1459 quia
1237 1418 1523 1459 blasphemnveru’nt,
1540 1418 1760 1459 etqmagnilicati
1773 1419 1842 1446 sunt
1852 1424 1926 1452 super

1186 1457 1327 1498 populnm
1343 1456 1459 1498 D_omini
1476 1456 1669 1484 exercituum.

1115 1493 1270 1521 Horrihilis
1285 1493 1428 1520 Dominus
1444 1500 1530 1528 super
1545 1499 1607 1525 eos,

1153 1531 1181 1557 et
1196 1528 1359 1557 atlenuabit
1374 1527 1562 1555 omnes'deos
1578 1529 1680 1554 terrm:

1117 1566 1151 1593 Et
1166 1565 1332 1592 adorabunt
1347 1572 1413 1591 eum
1430 1563 1482 1591 viri
1493 1563 1528 1590 de
1542 1562 1604 1591 loco
1620 1570 1683 1597 suo,

1151 1609 1253 1628 omnes
1269 1599 1372 1628 insulas
1388 1600 1530 1635 gentium.

1116 1636 1171 1664 Sed
1188 1639 1216 1664 et
1230 1644 1291 1668 vos,
1307 1635 1466 1671 IEthiopes,

1151 1671 1295 1700 interfecti
1309 1669 1414 1708 gladio‘
1422 1678 1486 1698 meo
1501 1669 1595 1697 eritis.

1116 1708 1151 1735 Et
1167 1703 1438 1735 extendetnianum
1456 1714 1539 1734 suam
1556 1703 1833 1741 superaquilonem,

1152 1745 1180 1771 et
1196 1744 1297 1779 perdet
1311 1744 1418 1770 Assur:

1116 1779 1150 1807 Et
1166 1776 1253 1815 ponet
1268 1779 1431 1814 speciosam
1446 1777 1474 1804 in
1492 1776 1692 1815 solitudinem,

1151 1813 1181 1843 et
1195 1815 1224 1842 in
1240 1813 1364 1847 invium,
1380 1817 1408 1842 el
1422 1813 1505 1849 quasi
1521 1813 1679 1840 desertum.

1116 1850 1150 1878 Et
1164 1851 1350 1878 accubabant
1361 1850 1390 1877 in
1405 1849 1499 1877 medio
1512 1849 1575 1883 ejus
1591 1855 1703 1884 greges,

1152 1894 1255 1914 omnes
1270 1886 1368 1914 bestiae
1384 1884 1515 1921 gentium
1529 1893 1535 1912 ε

1116 1922 1151 1949 Et
1165 1922 1351 1950 onocrotalus
1366 1918 1514 1949 etericius
1530 1920 1559 1947 in
1582 1919 1735 1947 liminibus
1750 1918 1813 1953 ejus
1840 1924 1921 1944 mora-

1187 1958 1314 1986 buntur:

1153 2002 1207 2021 vox
1222 1993 1371 2022 cantantis
1383 1992 1413 2020 in
1431 1992 1568 2025 fenestra,

1152 2037 1256 2057 corvus
1272 2029 1301 2056 in
1318 2027 1549 2064 superliminari,

1154 2065 1293 2101 quoniam
1310 2062 1469 2101 attenuatio
1486 2062 1671 2101 ro»hu_r_ejus._
1770 2097 1783 2101 Α
1796 2097 1804 2101 _
1846 2095 1862 2101 Δ,

1118 2097 1182 2128 Ηεέο
1197 2103 1241 2128 est
1257 2101 1358 2128 civitas
1374 2100 1500 2136 gloriosa
1516 2098 1652 2136 habitans
1664 2098 1693 2124 in
1710 2097 1895 2124 confidentia:

1153 2145 1216 2172 quae
1232 2136 1346 2164 (licebat
1362 2134 1390 2163 in
1407 2136 1493 2163 corde
1509 2142 1582 2172 suo:
1600 2134 1658 2172 Ego
1675 2141 1753 2168 sum,

1153 2170 1181 2200 et
1196 2174 1276 2200 extra
1292 2180 1338 2199 me
1354 2180 1410 2199 non
1428 2173 1473 2199 est
1488 2170 1545 2208 alia
1560 2170 1689 2208 amplius
1701 2177 1721 2208 ς.
1754 2204 1761 2208 _
1810 2203 1826 2208 Δ.

1120 2209 1270 2241 Quomodo
1284 2208 1360 2235 facta
1375 2209 1420 2235 est
1434 2207 1465 2234 in
1480 2202 1628 2233 desertum
1645 2204 1742 2232 cubile
1754 2202 1872 2231 bestiae?

1119 2243 1221 2271 Omnis
1237 2244 1286 2280 qui
1303 2243 1469 2280 transitper
1482 2250 1558 2275 eam,
1576 2240 1717 2274 sibilabit,

1155 2282 1184 2307 et
1199 2279 1326 2307 movebit
1341 2287 1461 2308 manum
1478 2286 1575 2305 suam.

1119 2316 1195 2351 (Cap.
1214 2316 1274 2349 lll.)
1290 2317 1348 2349 Vae,
1366 2314 1545 2351 provocatrix
1561 2313 1581 2347 ε’,
1599 2314 1626 2340 et
1642 2312 1793 2346 redempta
1822 2310 1919 2337 civitas.

1191 2350 1335 2377 columba.

1191 2351 1335 2378 columba.

1118 2386 1181 2415 Non
1199 2386 1310 2414 audivit
1325 2394 1435 2418 vocem,
1451 2388 1479 2412 et
1495 2393 1550 2412 non
1568 2383 1697 2419 suscepit
1714 2381 1910 2418 disciplinam;

1117 2422 1149 2450 In
1168 2422 1289 2450 Domino
1305 2430 1361 2449 non
1377 2424 1422 2448 cst
1436 2421 1557 2453 conlisa,

1154 2458 1190 2485 ad
1207 2458 1298 2485 Deum
1315 2460 1398 2484 tuum
1416 2465 1472 2483 non
1489 2454 1746 2492 appropinquavit.

1119 2493 1267 2529 Principes
1283 2494 1347 2528 ejus
1362 2493 1389 2519 in
1406 2492 1502 2520 medio
1518 2493 1582 2526 ejus

1154 2529 1239 2564 quasi
1255 2529 1353 2557 leones
1369 2529 1536 2564 rugientes:

1117 2564 1235 2593 Judices
1251 2565 1315 2600 ejus
1330 2564 1391 2600 lupi
1409 2571 1535 2599 vespere,

1118 2681 1151 2700 ac
1179 2672 1330 2700 meliorem
1361 2672 1484 2699 fortasse
1512 2668 1608 2697 reddit
1635 2667 1821 2697 sententiam.
1852 2668 1929 2694 Porro

1118 2708 1216 2743 ipsum
1240 2708 1295 2736 hoc
1319 2707 1404 2735 velim
1430 2714 1553 2743 summa:
1573 2705 1641 2743 ejus
1668 2703 1837 2743 eruditioni,
1853 2705 1929 2739 atque

1118 2740 1228 2772 Hebraei
1246 2744 1391 2771 sermonis
1408 2742 1518 2778 peritire
1543 2740 1651 2778 tribui:
1669 2748 1765 2775 neque
1789 2740 1863 2767 enim
1886 2744 1927 2772 qut

1118 2788 1185 2807 eum
1202 2776 1415 2815 praecesserunt
1426 2778 1516 2815 Graeci
1532 2777 1582 2815 alii
1599 2776 1785 2815 interpretes,
1795 2778 1869 2815 certe
1879 2780 1928 2815 nou

1120 2809 1211 2848 LXX;
1233 2815 1284 2850 qui
1306 2817 1425 2842 vertunt
1449 2813 1594 2850 ἐπιφαγῄς,
1609 2809 1700 2850 facem
1726 2811 1764 2845 ei,
1790 2809 1928 2850 ad.refot‘-

1119 2844 1257 2879 mendam
1287 2850 1398 2879 Hebraei
1428 2844 1521 2878 lextus
1550 2844 1716 2882 lectionem,
1739 2844 1924 2883 praztnlerunt.
