4028 6178
205 250 346 307 1117

277 389 392 430 non
426 371 842 444 relinquebant
872 371 929 427 in
965 387 1158 427 mane.

203 446 517 518 Prophetas
540 446 669 518 ejus
699 444 922 509 vesani,

281 516 400 572 veri
431 516 700 572 infideles
734 531 746 570 :

201 589 551 646 Sacerdotes
584 589 713 658 ejus
746 585 1084 658 polluerunt
1119 589 1414 651 sanctum,

277 661 497 731 injuste
521 656 774 731 egerunt
803 662 1004 731 contra
1035 656 1243 729 legem.

207 729 500 789 Dominus
523 729 725 800 justus
754 729 812 784 in
847 729 1038 784 medio
1071 731 1200 800 ejus
1232 745 1346 784 non
1375 729 1547 785 faciet
1579 729 1858 800 iniquita-

283 810 402 859 tem
429 820 443 859 :
480 800 1161 871 mane,manejudicium
1181 817 1354 856 suum
1379 802 1542 856 dabit
1563 803 1622 856 in
1645 801 1855 871 lucem,

357 880 414 930 et
444 890 561 929 non
594 873 987 928 abscondetur
1018 891 1032 939 ;

204 945 463 1002 Nescivit
491 949 687 1000 autem
718 944 954 1013 iniquus
983 942 1405 998 confusionem.

204 1017 571 1089 Disperdidit
599 1021 823 1089 gentes,
854 1021 910 1071 et
943 1015 1214 1089 dissipati
1236 1021 1375 1070 sunt
1401 1015 1599 1086 anguli
1623 1031 1859 1089 earum;

281 1087 545 1145 desertas
569 1087 676 1144 feci
705 1088 828 1144 vias
858 1103 1083 1154 eorum,
1109 1087 1248 1142 dum
1283 1103 1398 1144 non
1429 1094 1520 1143 est
1549 1087 1650 1158 qui
1673 1093 1861 1143 trans-

279 1167 373 1216 eat
405 1176 422 1216 :

280 1231 552 1288 desolata:
584 1235 724 1286 sunt
757 1229 1022 1286 civitates
1071 1245 1297 1298 eorum,
1344 1245 1460 1286 non
1521 1233 1860 1286 remanente

349 1306 494 1368 viro,
529 1319 630 1358 nec
666 1301 784 1357 ullo
818 1303 1164 1356 habitatore.

207 1374 334 1430 Dixi
372 1393 386 1432 :
418 1377 688 1429 Attamen
723 1371 962 1444 timebis
987 1389 1100 1438 me,
1136 1373 1426 1444 suscipies
1457 1370 1856 1443 disciplinam:

278 1453 335 1502 et
367 1463 481 1501 non
515 1443 1164 1516 peribithabitaeulum
1198 1443 1346 1515 ejus,
1392 1449 1632 1516 propter
1661 1445 1860 1500 omnia

351 1517 412 1572 in
448 1515 662 1588 quibus
693 1515 921 1588 visitavi
947 1532 1074 1570 eam
1113 1532 1126 1569 :

200 1585 628 1646 Verumtamen
660 1585 920 1642 diluculo
951 1591 1257 1658 surgentes

277 1665 671 1732 corruperunt
699 1674 904 1714 omnes
935 1659 1317 1732 cogitationes
1340 1675 1496 1732 suas.

1435 252 1648 307 LIBER
1687 252 1932 309 AGG/EI
1969 251 2206 306 PROPII
2215 253 2388 307 ETJE.

1878 377 1929 442 A

3481 253 3616 306 1118

2110 389 2265 441 meo,

1964 445 2034 500 Et
2064 445 2466 517 derelinquam
2501 446 2558 502 in
2593 447 2785 504 medio
2809 447 2890 502 tui
2912 447 3187 520 populum
3213 463 3525 519 pauperem
3552 451 3608 503 et

2104 533 2377 588 egenum,

2032 591 2090 660 et
2121 591 2443 660 sperabunt
2475 589 2529 644 in
2564 591 2798 646 nomine
2827 590 3078 645 Domini.

1965 659 2242 733 Reliquiae
2274 662 2447 715 Israel
2483 678 2593 716 non
2626 662 2836 716 facient
2869 662 3263 733 iniquilalem,

2036 748 2142 787 nec
2171 731 2485 804 loquentur
2516 734 2910 801 mendacium,

2036 808 2094 858 et
2123 803 2599 859 noninvenietur
2632 806 2688 859 in
2721 822 2819 860 ore
2865 821 3066 859 eorum
3117 803 3316 870 lingua
3368 804 3596 859 dulosa.

1965 874 2250 940 Quoniam
2274 875 2386 946 ipsi
2422 882 2736 946 pascentur
2763 881 2821 929 et
2846 877 3231 944 accubabunt,

2037 951 2093 1001 et
2117 962 2228 1002 non
2261 945 2372 1001 erit
2401 945 2502 1017 qui
2532 951 2835 1004 exterreat.

1965 1017 2183 1083 Lauda,
2210 1018 2331 1072 filia
2359 1018 2498 1073 Sion
2533 1036 2546 1074 :

2098 1089 2368 1158 jubilate,
2402 1088 2579 1145 Israel
2614 1090 2628 1124 ¹
2665 1107 2678 1144 :

2033 1159 2245 1229 laetare,
2275 1166 2330 1215 et
2355 1160 2584 1216 exsulta
2615 1163 2670 1217 in
2699 1160 2858 1216 omni
2893 1161 3082 1226 corde,
3113 1158 3232 1215 filia
3257 1158 3603 1216 Jerusalem.

1963 1231 2225 1287 Abstulit
2256 1233 2540 1288 Dominus
2563 1233 2855 1301 judicium
2893 1238 3085 1298 tuum,

2035 1304 2243 1358 avertit
2271 1304 2541 1359 inimicos
2572 1310 2744 1359 tuos:

1965 1374 2084 1430 Rex
2109 1375 2286 1430 Israel
2311 1375 2594 1430 Dominus
2625 1377 2682 1430 in
2719 1375 2908 1430 medio
2940 1373 3045 1442 tui,

2035 1462 2150 1501 non
2183 1447 2416 1502 timebis
2450 1447 2672 1502 malum
2706 1447 2880 1501 ultra.

1962 1516 2026 1573 In
2049 1518 2141 1574 die
2173 1517 2272 1572 illa
2300 1518 2526 1572 dicetur
2553 1517 2880 1573 Jerusalem
2916 1533 2928 1570 :
2962 1515 3087 1571 Noli
3123 1515 3351 1585 timere,

1962 1589 2121 1656 Sion,
2178 1606 2293 1644 non
2344 1588 2739 1644 dissolvantur
2768 1605 2978 1644 manus
3009 1593 3145 1642 tuae.

1963 1660 2249 1716 Dominus
2267 1666 2414 1715 Deus
2435 1667 2570 1715 tuus
2595 1661 2653 1716 in
2679 1659 2967 1716 mediotui
2994 1657 3312 1730 fortis,ipse
3335 1657 3600 1726 salvabit;

203 1727 872 1817 Quapropterexspecta
903 1727 1194 1817 [ηεξρξσῆ
1223 1729 1530 1796 Dominus,
1551 1729 1609 1783 in
1639 1727 1732 1784 die
1763 1745 1854 1786 re-
1888 1751 1933 1817 Β
2035 1733 2316 1817 gaudebit
2339 1737 2596 1817 stipante
2620 1734 2676 1787 in
2707 1732 2928 1817 laetitia,

351 1803 732 1859 surrectionis
768 1818 906 1856 mea)
939 1803 995 1856 in
1030 1803 1315 1868 futurum,

278 1876 419 1948 quia
442 1875 737 1948 judicium
775 1888 968 1929 meum
1020 1878 1084 1928 ut
1128 1887 1476 1945 congregem
1527 1876 1750 1944 gentes,
1794 1877 1850 1928 et

353 1947 620 2019 colligam
654 1961 831 2017 regna
863 1961 876 1998 :

275 2017 342 2073 Et
375 2015 673 2074 effundam
705 2015 883 2089 s'uper
935 2032 1033 2071 eos
1064 2015 1172 2089 (Al.
1233 2016 1393 2072 UL...
1427 2016 1549 2089 eas)
1583 2015 1852 2089 indigna-

351 2092 568 2146 tionem
601 2087 813 2157 meam,
846 2103 1082 2144 omnem
1113 2087 1263 2143 iram
1295 2087 1510 2143 furoris
1538 2088 1650 2142 mei
1687 2105 1701 2144 :

199 2159 270 2217 In
303 2159 440 2233 igne
468 2161 625 2216 enim
655 2159 759 2216 zeli
792 2158 905 2214 mei

277 2233 656 2288 devorabitur
684 2233 878 2287 omnis
908 2235 1084 2285 terra.

199 2303 353 2370 Quia
383 2310 523 2358 tunc
555 2304 792 2360 reddam
828 2301 1061 2375 populis
1092 2301 1311 2375 labium
1332 2301 1602 2375 electum,

281 2381 348 2430 ut
378 2376 647 2431 invocent
668 2372 872 2430 omnes
897 2374 954 2428 in
981 2372 1216 2429 nomine
1240 2373 1853 2446 (At.nomen)Domini,

279 2451 338 2502 et
369 2447 625 2503 serviant
653 2447 704 2502 ei
736 2447 981 2501 humero
1011 2461 1149 2500 uno.

200 2517 375 2574 Ultra
404 2518 652 2574 ﬂumina
679 2517 1006 2589 Ethiopim,
1037 2516 1177 2589 inde
1206 2515 1504 2589 supplices
1537 2515 1672 2585 mei,

281 2590 387 2646 filii
419 2591 818 2662 dispersorum
855 2586 1416 2662 meorum,deferUnt
1439 2604 1665 2662 munus
1688 2586 1852 2643 mihi:

200 2661 273 2717 In
299 2663 393 2718 die
420 2659 664 2718 illa—non
697 2661 1074 2716 confunderis
1106 2675 1284 2730 super
1314 2660 1542 2714 cunctis
1574 2659 1852 2715 adiuven-

351 2734 616 2790 tionibus
645 2733 784 2799 tuis,

282 2805 500 2887 quibus
533 2803 909 2887 praevaricata
933 2819 994 2858 es
1024 2803 1204 2887 inme
1237 2817 1251 2884 ξ

193 2871 356 2940 Quia
385 2871 815 2932 tunc'auferam
847 2876 920 2931 de
951 2873 1141 2930 medio
1175 2873 1256 2928 tui
1290 2871 1697 2945 magniloquos
1752 2889 1852 2928 su-

353 2948 566 3019 perbim
598 2952 731 3018 ture,

275 3015 480 3076 ct'non
512 3015 750 3092 adjicies
779 3017 1019 3075 exaltari
1052 3015 1308 3089 amplius
1339 3016 1397 3071 in
1425 3019 1621 3071 monte
1652 3019 1854 3072 sancto
1887 3016 1930 3084 C

276 3201 292 3235 ¹
329 3196 581 3269 Vulgati,
603 3198 812 3264 Jubila,
844 3195 1072 3253 Israel:
1095 3194 1352 3268 plurium
1384 3197 1579 3250 autem
1610 3211 1855 3269 numero

190 3270 262 3326 in
291 3267 534 3325 Hebraeo
566 3275 658 3326 est
685 3269 1122 3339 mmmlubilute
1143 3286 1166 3322 ,ο
1189 3283 1343 3322 unus
1377 3282 1553 3338 penes
1585 3267 1851 3322 Martian.

189 3357 322 3398 ms.
355 3341 548 3397 Jubila
577 3345 658 3398 tu.

274 3413 296 3448 ³
325 3412 464 3468 Tria
494 3412 850 3484 exemplaria
892 3428 1036 3466 mss.
1091 3410 1146 3466 in
1201 3410 1495 3484 dilectione
1540 3418 1660 3465 tua.
1712 3410 1856 3484 Rro-

189 3500 422 3542 nomen
455 3481 689 3558 quoque
743 3485 1014 3542 secunda:
1068 3498 1329 3556 personae
1389 3481 1605 3538 retinet
1661 3481 1856 3538 editus

2034 1804 2232 1859 silebit
2259 1803 2316 1857 in
2350 1801 2658 1859 dilectione
2683 1821 2791 1858 sua
2819 1805 2839 1836 ²
2871 1804 2978 1869 (ΑΙ.
3012 1801 3157 1872 tua),

2029 1875 2350 1931 exsultabit
2379 1892 2556 1946 super
2582 1882 2634 1932 te
2664 1877 2722 1931 in
2755 1874 2948 1930 laude.

1967 1947 2188 2019 Nugas,
2221 1947 2319 2017 qui
2351 1963 2384 2001 a
2405 1943 2530 2020 lege
2560 1944 3336 2018 recesserant,congregabo,
3365 1943 3504 2016 quia
3535 1959 3603 1999 ex

2109 2025 2164 2073 te
2195 2022 2382 2082 erant,

2035 2095 2101 2144 ut
2132 2106 2246 2145 non
2282 2089 2432 2144 ultra
2461 2089 2675 2145 habeas
2705 2105 2882 2160 super
2909 2088 2993 2144 eis
3019 2087 3419 2159 opprobrium.

1964 2161 2108 2216 Ecce
2138 2176 2244 2233 ego
2275 2161 2619 2233 intergficiam
2651 2157 2877 2230 omnes,
2918 2160 3020 2232 qui
3060 2157 3401 2214 'alllixerunt
3438 2161 3492 2213 te
3540 2157 3601 2212 in

2107 2231 2368 2304 tempore
2399 2231 2538 2298 illo;

2035 2308 2092 2358 et
2120 2303 2359 2359 salvabo
2391 2303 2824 2358 claudicantem
2849 2322 2864 2370 ;

2035 2380 2093 2430 et
2121 2392 2271 2442 eam,
2305 2392 2430 2446 quae
2459 2375 2641 2444 ejecta
2673 2377 2881 2442 fuerat,
2909 2372 3272 2446 congregabo
3303 2387 3316 2427 :

1965 2445 2034 2502 Et
2063 2439 2275 2518 ponam
2309 2439 2407 2502 eos
2434 2439 2505 2518 in
2530 2445 2785 2518 laudem,
2834 2439 2892 2502 et
2935 2444 2994 2500 in
3023 2439 3286 2514 “nomen,
3333 2441 3390 2497 in
3439 2439 3600 2498 omni

2037 2517 2188 2573 terra
2218 2517 2580 2573 confusionis
2603 2533 2806 2573 eorum
2831 2535 2843 2573 :

1964 2590 2026 2645 In
2059 2594 2322 2663 tempore
2352 2589 2474 2657 illo,
2509 2605 2625 2661 quo
2656 2590 2942 2644 adducam
2973 2603 3113 2663 vos;

2033 2667 2092 2716 et
2120 2658 2326 2716 in'tem
2339 2677 2494 2732 pore,
2527 2658 2646 2732 quo
2676 2658 3057 2732 congregabo_
3073 2674 3192 2732 vos.

1964 2733 2121 2788 Dabo
2153 2733 2305 2788 enim
2338 2725 2438 2786 vos
2471 2725 2984 2786 in'nomenvet'in
3044 2729 3275 2784 laudem
3330 2725 3603 2782 omnibus

2103 2803 2338 2875 populis
2373 2807 2562 2868 terrae,

2030 2873 2166 2932 cum
2186 2873 2534 2930 convertero
2565 2873 2959 2944 captivitatem
2993 2875 3265 2926 vestram.

2031 2963 2225 3003 coram
2259 2945 2444 3002 oculis
2471 2945 2702 3015 vestris,
2742 2945 2881 3000 dicit
2912 2944 3216 2999 Dominus.

1963 3200 2160 3252 textus
2192 3213 2358 3253 sacer
2387 3197 2445 3252 in
2477 3194 2931 3252 Commentariis
2956 3190 3610 3264 llieronymianis;quod

1963 3272 2161 3324 tamen
2231 3273 2386 3324 stare
2445 3285 2558 3323 non
2617 3271 2810 3338 potest
2861 3283 2993 3321 cum
3060 3263 3198 3338 ipsa,
3237 3263 3610 3338 expositione

1963 3341 2017 3395 S.
2047 3339 2337 3408 Doctoris,
2358 3339 2457 3395 ubi
2489 3339 2574 3396 ait
2603 3336 2703 3394 {Et
2733 3338 2851 3394 haec
2875 3338 3044 3408 faciet
3066 3339 3128 3392 in
3159 3336 3458 3408 dilectione
3484 3349 3605 3399 sua,

1964 3428 2074 3468 non
2105 3420 2195 3468 tuo
2224 3407 2442 3478 merito,
2471 3411 2563 3468 sed
2594 3409 2982 3467 misericordia
3008 3425 3129 3464 sua.
3165 3407 3354 3462 Mam.

1385 3655 1624 3729 Explicit
1656 3655 1798 3712 liber
1826 3656 2113 3728 Sophom'az
2137 3656 2435 3729 propheta

1764 3972 1842 4033 IN
1850 3972 2050 4034 PlCl'l‘

1089 4150 1466 4244 LIBER
1533 4148 1950 4243 AGGZEI
2019 4148 2738 4244 PROPHETZE.

193 4569 362 4642 (Cap.
398 4565 464 4632 Ι.)
506 4567 579 4642 ln_
603 4581 754 4642 anno
803 4565 1058 4620 secundo
1099 4564 1274 4642 ADarii
1321 4565 1492 4637 regis,
1548 4564 1605 4620 in
1658 4579 1858 4620 mense
1887 4568 1933 4632 D
2037 4564 2293 4642 bibistis,
2328 4567 2385 4618 et
2415 4580 2529 4642 non
2560 4563 2703 4618 estis
2737 4561 3053 4642 iri-ebriati“:

349 4642 532 4705 sexto,
564 4637 622 4691 in
655 4636 748 4692 die
775 4653 893 4691 una
923 4637 1168 4703 mensis,

268 4714 510 4834 Facgum
541 4713 630 4764 est
661 4709 902 4764 verbum
935 4708 1166 4764 Domini
1201 4709 1258 4762 in
1288 4723 1463 4762 manu
1488 4707 1679 4780 Aggtei
1716 4724 1848 4778 pro-

353 4798 389 4834 ο
437 4797 467 4834 e
497 4797 562 4834 aa.

437 4786 562 4847 etze,

275 4798 696 4909 εάρὲξιῗῗιῖεὼει
733 4850 917 4905 filium
949 4849 1254 4917 Salathiel,
1289 4850 1496 4904 ducem
1527 4849 1698 4914 Juda,

273 4930 334 4982 et
357 4925 428 4978 ad
453 4923 873 4988 Jesum,filium
893 4922 1526 4990 Joscdcc,saccrdotem
1553 4936 1856 4993 magnum,

353 4994 554 5050 dicens
585 5009 600 5049 :

195 5067 337 5123 Haec
368 5067 452 5122 ait
487 5064 764 5121 Dominus
794 5066 1179 5134 exercituum,
1213 5065 1416 5120 dicens
1450 5080 1464 5121 :

276 5138 542 5208 Populus
583 5136 694 5192 iste
723 5137 866 5191 dicit
900 5153 913 5192 :

194 5206 482 5265 Nondum
515 5208 669 5263 venit
697 5211 932 5279 tempus
963 5208 1177 5263 domus
1209 5207 1435 5262 Domini
1478 5206 1855 5262 aedificandae.

197 5282 274 5337 Et
307 5282 529 5335 factum
561 5285 649 5335 est
679 5279 920 5334 verbum
953 5280 1185 5335 Domini
1213 5279 1274 5334 in
1298 5296 1475 5334 manu
1499 5281 1690 5351 Aggzei
1725 5295 1859 5350 pro-

350 5351 560 5423 phetae,
589 5352 828 5406 dicens:

197 5419 759 5495 Nunquidtempus
789 5422 953 5495 vobis
985 5426 1095 5487 est,
1131 5425 1195 5495 ut
1245 5421 1522 5477 habitetis
1573 5421 1630 5477 in
1671 5419 1856 5477 domi-

355 5493 468 5551 bus
499 5493 810 5565 laqueatis,
839 5500 894 5548 et
918 5494 1131 5548 domus
1166 5493 1279 5547 ista
1312 5495 1542 5549 deserta
1565 5496 1590 5547 '?

196 5567 278 5624 Et
306 5583 467 5622 nunc
498 5567 620 5622 haec
653 5565 798 5621 dicit
829 5567 1114 5620 Dominus
1147 5566 1549 5631 exercituum;

199 5638 416 5694 Ponite
441 5638 616 5692 corda
647 5643 840 5692 vestra
869 5654 1046 5706 super
1075 5635 1196 5690 vias
1226 5640 1472 5703 vestras,

199 5709 556 5764 Seminastis
591 5708 868 5776 multum,
901 5715 956 5763 et
986 5707 1270 5763 intulistis
1303 5723 1510 5777 parum
1549 5723 1561 5760 :

284 5779 646 5848 comedistis,
678 5788 731 5838 et
759 5795 876 5836 non
907 5779 1049 5838 estis
1080 5777 1274 5836 satiati
1303 5794 1318 5836 :

1965 4636 2283 4708 operuisﬁtis
2312 4652 2435 4701 vos,
2469 4641 2524 4708 et
2558 4652 2670 4690 nou
2701 4635 2840 4689 estis
2872 4631 3135 4708 calefacti

2032 4712 2088 4762 et
2117 4707 2214 4778 qui
2263 4707 2562 4762 mercedes
2593 4705 2987 4777 congregavit,
3021 4704 3182 4759 misit
3228 4719 3326 4758 eas
3360 4703 3416 4757 in
3475 4717 3606 4756 sac-

2107 4781 2308 4834 culum
2343 4783 2669 4849 pertusum.

1966 4854 2096 4905 Haec
2128 4849 2272 4904 dicit
2307 4847 2588 4904 Dominus
2616 4847 2974 4904 exercituum
3014 4863 3026 4901 :

1965 4923 2166 4978 Ponite
2196 4923 2367 4977 corda
2399 4927 2591 4975 vestra
2623 4936 2800 4989 super
2829 4918 2949 4973 vias
2972 4921 3195 4973 vestras
3231 4933 3243 4970 :

1969 4993 2278 5050 Ascendite
2303 4993 2361 5048 in
2396 4997 2678 5058 montem,
2700 4985 2932 5062 portate
2962 4990 3210 5061 lignum,
3245 4991 3301 5043 et
3333 4985 3611 5040 aedificato

2110 5067 2391 5120 domum:

2037 5140 2091 5191 et
2123 5135 2497 5206 acceptabilis
2529 5133 2672 5190 mihi
2721 5134 2850 5203 erit,
2912 5137 2970 5188 et
3018 5129 3412 5203 gloriﬁcabor,
3473 5125 3614 5181 dicit

2109 5209 2420 5263 Dominus.
2604 5276 2637 5278 Δγ
3024 5276 3041 5278 ξ
3348 5274 3356 5278 Α
3470 5268 3480 5278 _

1966 5280 2324 5350 Respexistis
2357 5279 2427 5333 ad
2449 5276 2738 5350 amplius,
2769 5279 2822 5331 et
2855 5291 2984 5330 ecce
3018 5274 3602 5350 faetum__est_minus

2037 5341 2096 5406 et
2125 5351 2412 5406 intulistis
2443 5349 2499 5404 in
2533 5341 2793 5423 domum,
2828 5351 2884 5402 et
2912 5345 3211 5423 exsul'ﬂavi
3245 5341 3389 5423 illud
3421 5357 3433 5394 :

1965 5425 2148 5487 Quam
2184 5423 2256 5478 ob
2288 5437 2525 5477 causam
2552 5421 2578 5475 ‘I
2611 5420 2751 5474 dicit
2785 5418 3066 5472 Dominus
3095 5418 3452 5470 exercituum
3489 5427 3502 5477 ;

2039 5495 2179 5566 quia
2211 5497 2421 5548 domus
2456 5509 2583 5566 mea
2614 5493 2842 5566 deserta
2874 5494 2980 5552 est,

2040 5558 2096 5618 et
2127 5582 2224 5620 vos
2258 5564 2550 5620 festinatis
2573 5563 2977 5632 unusquisque
3009 5559 3066 5612 in
3101 5558 3337 5632 domum
3365 5571 3556 5632 suam.

1967 5641 2212 5709 Propter
2246 5637 2352 5692 hoc
2374 5651 2550 5708 super
2569 5652 2665 5691 vos
2693 5627 2964 5705 prohibiti
2992 5633 3130 5684 sunt
3152 5627 3381 5693 cmli,ne
3405 5628 3612 5681 darent

2113 5725 2173 5762 ΓΟ
2183 5723 2238 5761 ΓΟ
2249 5725 2300 5762 [Π

2041 5750 2603 5852 διἰἒλιῖιξῖίποὴὶὺίω
2633 5778 2722 5832 est
2750 5774 2857 5847 (Al.
2891 5770 3182 5828 continuit
3220 5769 3502 5844 germen),
3538 5783 3608 5824 ne
