4028 6178
216 121 351 178 1121

219 284 645 298 -——.—-—-—_

1389 107 1604 188 mssa
1641 133 2024 191 ZACHABIB
2063 136 2482 194 mersans.

3499 148 3638 206 1122

1788 450 2078 512 INCIPIT

941 645 1332 743 LIBER
1395 650 1869 745 ZACHAI

2015 651 2089 744 Ε
2152 650 2909 751 PROPHETXE.

223 1071 483 1151 (Cn_p._I.)
518 1072 582 1126 in
627 1076 1085 1151 menseoctavo,
1111 1074 1170 1130 in
1207 1093 1376 1151 anno
1407 1081 1665 1135 secundo
1697 1081 1877 1151 Darii,
1910 1083 1958 1150 Α

305 1149 523 1222 factum
582 1149 685 1222 est
725 1145 968 1222 verbum
1038 1147 1283 1222 _I_)_omini
1358 1151 1429 1205 ad
1514 1145 1877 1222 Zachariam,

375 1215 562 1295 tilium
607 1215 963 1295 ‘Barachiaz,
1026 1219 1132 1276 ﬁlii
1215 1221 1321 1288 [ΑΙ.
1382 1222 1594 1295 ﬁlium]
1692 1215 1880 1292 Addo,

379 1286 746 1358 prophetam,
779 1286 1014 1343 dicens:

227 1357 422 1432 Iratus
443 1357 530 1412 est
551 1357 832 1432 Dominus
855 1376 1034 1431 super
1059 1365 1254 1432 patres
1277 1367 1498 1421 vestros
1549 1365 1878 1424 iracundia.

228 1431 300 1485 Et
330 1430 489 1486 dices
521 1429 591 1483 ad
625 1445 758 1485 eos:

228 1502 363 1556 Haec
394 1499 533 1555 dicit
562 1500 848 1557 Dominus
879 1502 1240 1558 exercituum
1268 1520 1283 1559 :

238 1572 662 1628 Convertimini
694 1574 764 1627 ad
798 1590 908 1639 me,
943 1575 1026 1629 ait
1057 1576 1339 1632 Dominus
1369 1579 1725 1635 exercituum
1757 1596 1771 1635 :

305 1649 364 1699 et
410 1649 713 1698 convertar
743 1645 812 1699 ad
846 1662 967 1712 vos,
1002 1645 1142 1700 dieit
1171 1647 1457 1705 Dominus
1493 1653 1876 1708 exercituum.

231 1717 316 1774 Ne
347 1715 477 1770 sitis
504 1715 663 1787 sicut
702 1721 898 1787 patres
923 1717 1122 1783 vestri,

303 1788 375 1842 ad
409 1785 922 1862 g_uos_(:lamabant
969 1789 1266 1862 prophetae
1299 1790 1542 1862 priores,
1574 1793 1876 1852 dicentes:

230 1860 364 1914 llaec
393 1857 536 1912 dicit
567 1858 851 1915 Dominus
881 1857 1287 1916 exercituum:

227 1929 650 2010 Convertimini
681 1931 753 2010 de
781 1932 888 1986 viis
920 1932 1128 2010 vestris
1161 1932 1356 2001 malis,
1387 1937 1444 1988 et
1474 1935 1544 1990 de
1575 1936 1879 2008 cogitatio-

375 2003 554 2056 nibus
582 2003 791 2056 vestris
825 2003 1132 2073 pessimis:

303 2077 362 2128 et
391 2089 514 2150 nou
538 2073 872 2150 audierunt,
908 2090 1097 2146 neque
1129 2076 1507 2132 attenderunt
1539 2079 1610 2133 ad
1644 2096 1759 2150 me,
1789 2079 1882 2134 di-

377 2143 457 2198 cit
489 2144 788 2200 Dominus.

227 2216 437 2272 Patres
469 2215 641 2270 vestri
675 2216 774 2271 ubi
806 2216 990 2271 sunt?

303 2293 362 2342 et
391 2288 686 2359 prepbeta:
719 2287 988 2360 nunquid
1022 2287 1078 2342 in
1111 2288 1534 2360 sempiternum
1569 2291 1809 2349 vivent?

227 2362 630 2436 Verumtamen
691 2359 865 2436 verba
917 2364 1163 2436 _mea,et
1217 2359 1482 2436 legitima
1541 2379 1691 2431 mea,
1752 2381 1880 2436 qua:

301 2430 571 2486 mandavi
604 2431 787 2486 servis
819 2430 964 2485 meis
994 2430 1315 2502 prophetis,

303 2502 578 2572 nunquid
629 2519 742 2577 non
785 2502 1356 2577 comprehenderunt
1385 2509 1580 2577 patres
1627 2513 1874 2577 vestros,

376 2577 434 2628 et
463 2573 725 2629 conversi
757 2581 916 2638 sunt,
949 2577 1006 2629 et
1034 2574 1307 2629 dixerunt
1335 2591 1347 2629 :

229 2645 398 2700 Sicut
448 2644 721 2715 cogitavit
752 2644 1032 2702 Dominus
1077 2647 1436 2702 exercituum
1471 2647 1657 2704 facere
1703 2649 1876 2706 nobis

373 2717 698 2772 secundum
731 2716 854 2772 vias
887 2724 1136 2772 nostras.

299 2791 358 2842 et
387 2788 711 2843 secundum
745 2789 1188 2844 adinventiones
1218 2793 1469 2854 nostras,
1503 2790 1636 2845 fecit
1668 2793 1878 2848 nobis?

224 2859 292 2913 In
326 2858 420 2932 die
449 2859 726 2914 vicesima
745 2864 800 2914 et
822 2864 1030 2929 quarta
1061 2860 1356 2932 undecimi
1391 2862 1612 2918 mensis
1632 2862 1875 2932 Sabath,

377 2930 436 2984 in
469 2948 623 2988 anno
655 2932 911 2986 secundo
949 2931 1123 2997 Darii,

228 3002 450 3058 factum
505 3007 593 3058 est
622 3004 863 3058 verbum
901 3002 1126 3057 Domini
1163 3003 1233 3057 ad
1269 3001 1633 3072 Zachariam,
1688 3005 1876 3063 ﬁlium

374 3074 688 3141 Barachize,
723 3075 828 3129 filii
861 3075 1048 3142 Addo,
1082 3073 1447 3146 prophetam,
1482 3075 1722 3133 dicens:

230 3143 365 3199 Vidi
403 3150 839 3252 parnoetem,et
867 3162 1000 3201 ecce
1029 3143 1449 3202 viraseendens
1469 3163 1874 3220 superequum

375 3234 594 3284 ruium,

299 3292 395 3414 etf
416 3289 536 3414 ipée
565 3289 760 3345 stabat
807 3288 960 3344 inter
993 3291 1261 3361 myrteta,
1287 3305 1416 3359 quae
1449 3294 1618 3345 erant
1650 3290 1706 3346 in
1745 3307 1876 3362 pro-

397 3378 471 3414 un
521 3377 594 3414 Οἱ

397 3377 552 3416 ιιῐιαο
581 3377 594 3416 ἶ

229 3435 520 3558 Etetipost
548 3448 679 3487 eum
707 3432 841 3504 equi
876 3432 1008 3499 rufi,
1042 3430 1209 3499 varii,
1246 3436 1303 3486 et
1334 3431 1474 3487 albi.

373 3519 490 3558 ixi:

279 3507 300 3556 t
330 3505 490 3559 dixi:

229 3574 375 3638 Quid
413 3579 552 3629 sunt
582 3575 698 3640 isti,
733 3575 968 3629 domine
1002 3573 1131 3628 mi?

227 3646 467 3729 Etgixit
496 3647 567 3729 ad
599 3662 692 3729 me
721 3645 979 3729 Angelus
1010 3645 1110 3729 qui
1138 3645 1492 3729 ioquebatur
1518 3644 1574 3701 in
1602 3662 1732 3702 me:

303 3719 424 3790 Ego
459 3719 763 3790 ostendam
798 3716 902 3790 tibi
935 3718 1074 3790 quid
1107 3716 1224 3790 sint
1256 3716 1398 3772 haec.

231 3788 302 3843 Et
333 3788 637 3860 respondit
667 3790 770 3854 vir,
805 3788 906 3860 qui
938 3788 1131 3845 Stabat
1152 3789 1305 3860 inter
1323 3791 1595 3859 myrteta,
1631 3788 1872 3844 etdixit:

304 3859 409 3916 Isti
434 3859 595 3930 sunt,
645 3877 794 3931 quos
824 3859 987 3914 inisit
1020 3859 1322 3929 Dominus,
1356 3865 1419 3915 ut
1469 3860 1879 3930 perambulent

379 3933 482 3998 [ΑΙ.
517 3931 1010 4004 perambularent]
1045 3937 1279 4004 terram.

234 4004 306 4059 Et
352 4001 786 4074 responderunt
814 4002 1022 4075 angelo
1070 4001 1325 4072 Domini,
1359 4002 1453 4073 qui
1488 4003 1682 4058 stabat
1728 4003 1880 4058 inter

378 4079 648 4146 myrteta,
681 4079 738 4130 et
768 4074 1078 4128 dixerunt:

306 4145 850 4201 Perambulavimus
880 4151 1119 4214 terram,

304 4223 362 4272 et
392 4234 524 4273 ecce
554 4217 747 4273 omnis
773 4223 924 4273 terra
956 4217 1275 4281 habitatur,
1307 4219 1363 4270 et
1393 4216 1660 4287 quiescit.

232 4290 302 4346 Et
334 4289 638 4361 respondit
668 4289 910 4361 angelus
942 4287 1193 4355 Domini,
1225 4293 1281 4342 et
1320 4289 1505 4342 dixit:

303 4359 550 4415 Domine
599 4359 984 4429 exercituum,
1041 4375 1350 4431 usquequo
1381 4363 1446 4414 tu
1479 4376 1592 4414 non
1632 4359 1877 4415 misere-

303 4433 462 4487 beris
510 4432 860 4501 Jerusalcm,
891 4436 948 4487 et
1003 4431 1239 4486 urbium
1283 4431 1461 4496 Juda,
1493 4432 1711 4502 quibus
1761 4431 1876 4486 ira-

380 4510 476 4559 tus
505 4520 567 4559 es
587 4505 615 4558 ?

305 4575 421 4630 Iste
451 4575 921 4647 septuagesimus
953 4589 1142 4631 annus
1173 4577 1284 4647 est.

231 4648 299 4702 Et
356 4643 986 4718 responditvDominus
1040 4646 1269 4717 angelo,
1305 4644 1404 4717 qui
1437 4643 1788 4717 loquebatur
1815 4644 1877 4702 in

385 4735 479 4774 me
507 4723 680 4774 verba
713 4721 885 4789 bona,
1227 4737 1254 4755 ευ

303 4791 480 4846 verba
513 4789 923 4846 consolatorie.

230 4863 302 4918 Et
332 4861 480 4933 dixit
508 4863 578 4918 ad
612 4877 703 4917 me
735 4862 1002 4933 angelus,
1037 4859 1136 4931 qui
1166 4858 1518 4931 loquebatur
1548 4860 1606 4915 in
1639 4875 1767 4916 me:

305 4932 530 4996 Clama.
564 4933 800 4989 dicens:

232 5004 367 5060 Haec
397 5006 539 5060 dicit
571 5005 854 5060 Dominus
883 5002 1286 5060 exercituum:

231 5077 467 5132 Zelatus
497 5094 627 5132 sum
663 5075 992 5132 Jerusalem
1024 5080 1081 5130 et
1102 5073 1238 5129 Sion
1272 5073 1393 5128 zelo
1425 5090 1662 5144 magno,

231 5149 300 5202 Et
330 5148 420 5203 ira
447 5165 661 5220 magna
690 5164 796 5220 ego
829 5149 1051 5202 irascor
1079 5161 1258 5218 super
1290 5150 1492 5218 gentes
1523 5148 1834 5216 opulentas
1861 5161 1875 5201 :

233 5219 382 5284 Quia
413 5235 519 5292 ego
549 5219 899 5276 iratussum
936 5234 1166 5290 parum,

307 5399 325 5434 ¹
361 5401 500 5453 Post
526 5397 648 5452 haec
679 5396 874 5464 verba,
908 5394 1068 5468 aliud
1100 5411 1331 5468 comma
1362 5393 1627 5468 additum
1663 5394 1881 5468 legitur

231 5467 291 5526 in
323 5468 761 5542 exemplaribus
805 5467 1058 5542 Canonis
1098 5465 1392 5521 Hebraieze
1433 5465 1747 5542 veritatis:
1798 5469 1880 5542 Ex

2066 1078 2178 1150 ipsi
2213 1096 2346 1135 vero
2378 1079 2730 1150 adjuverunt
2760 1083 2820 1139 in
2852 1084 3094 1143 malum.

1994 1151 2273 1222 Proptera
2301 1151 2422 1206 haec
2454 1152 2597 1207 dicit
2625 1153 2946 1212 Dominus:

2065 1223 2341 1278 Revertar
2369 1223 2438 1277 ad
2473 1223 2796 1280 Jerusalem
2833 1227 2889 1282 in
2924 1229 3346 1290 misericordiis
3375 1254 3388 1292 :

1989 1294 2059 1348 Et
2090 1294 2479 1374 domushmca
2537 1296 2920 1354 aediﬁeabitur
2954 1300 3011 1355 in
3067 1319 3154 1371 ea,
3212 1306 3296 1361 ait
3353 1307 3635 1368 Dominus

2132 1370 2493 1421 exercituum
2521 1383 2532 1421 :

2060 1441 2119 1518 et
2165 1437 2647 1518 perpendiculum
2683 1441 3025 1498 extendetur
3054 1461 3233 1518 super
3276 1448 3631 1509 Jerusalem.

1988 1508 2193 1562 Adhuc
2225 1508 2435 1574 clama,
2467 1509 2705 1566 dicens:

1991 1580 2120 1633 Haec
2150 1577 2290 1633 dicit
2325 1579 2604 1635 Dominus
2637 1582 2993 1640 exercituum
3022 1605 3036 1642 :

1988 1649 2197 1706 Adhuc
2223 1649 2464 1706 eiﬂuent
2492 1651 2758 1708 civitates
2789 1671 2928 1710 meae
2961 1659 3168 1714 bonis:

2060 1726 2116 1802 et
2145 1721 2548 1802 cuneolabitur
2575 1724 2861 1802 Dominus
2891 1729 3083 1786 adhuc
3115 1732 3278 1802 Sion,

2060 1796 2116 1847 et
2147 1791 2321 1862 eliget
2347 1793 2539 1848 adhuc
2565 1794 2913 1854 Jerusalem.

1989 1867 2057 1918 Et
2088 1863 2269 1918 levavi
2302 1863 2503 1920 oculos
2536 1882 2718 1933 meos,
2753 1872 2810 1924 et
2829 1871 2946 1925 vidi
2977 1889 2992 1927 :

2060 1938 2117 1990 et
2146 1951 2278 1991 ecce
2311 1941 2561 2006 quatuor
2590 1955 2826 1995 cornua.

1993 2006 2207 2084 Etﬁdiai
2243 2007 2309 2061 ad
2345 2007 2643 2084 angelum,
2677 2011 2776 2082 qui
2807 2011 3162 2084 loquebatur
3191 2017 3249 2074 in
3286 2037 3416 2078 me:

2062 2078 2208 2143 Quid
2243 2080 2533 2134 sunthaec
2553 2079 2580 2134 ‘2

2059 2155 2116 2204 et
2147 2149 2293 2203 dixit
2323 2149 2394 2204 ad
2429 2166 2560 2206 me:

1988 2225 2312 2305 Hzee'sunt
2359 2237 2601 2305 eor‘nua,
2651 2239 2775 2305 qum
2825 2227 3518 2305 ventilaveruntJudam,
3576 2243 3633 2294 et

2134 2290 2330 2355 Israel,
2363 2296 2419 2348 et
2443 2290 2792 2350 Jerusalem.

1989 2363 2348 2489 EtEotstlendit
2380 2363 2524 2419 mihi
2552 2364 2838 2422 Dominus
2869 2374 3124 2446 quatuor
3154 2375 3372 2433 fabros.

2206 2452 2278 2488 ixi
2307 2450 2322 2489 :

2113 2434 2322 2490 tdixi:
2885 2434 2920 2446 ’“

1989 2505 2136 2571 Quid
2171 2506 2269 2560 isti
2300 2505 2547 2561 veniunt
2576 2506 2813 2565 facere?

2058 2575 2164 2642 Qui
2197 2577 2299 2645 ait,
2332 2577 2572 2633 dicens:

1983 2652 2118 2703 Haec
2141 2653 2278 2773 sulnt
2300 2665 2536 2730 cornua,
2566 2666 2692 2722 quae
2716 2651 3142 2712 ventilaverunt
3162 2659 3374 2718 Judam
3397 2681 3500 2736 per
3525 2665 3639 2722 sin-

2126 2736 2197 2773 gu
2230 2737 2294 2773 os
2325 2737 2499 2773 VIPOS.

2126 2736 2294 2789 gaios
2325 2737 2499 2784 VIPOS,

2058 2793 2115 2844 et
2138 2807 2311 2846 nemo
2342 2808 2542 2867 eorum
2564 2790 2790 2867 _levavit
2823 2800 2999 2867 caput
3027 2815 3200 2855 suum
3231 2818 3244 2856 :

1985 2863 2056 2916 Et
2083 2867 2370 2942 venerunt
2418 2863 2514 2918 isti
2547 2863 2841 2942 deterrere
2873 2863 2956 2942 ea,
2994 2874 3057 2924 ut
3087 2871 3368 2942 dejieiant
3416 2894 3635 2934 cornua

2056 2933 2364 3017 geutium,
2405 2951 2529 3017 quae
2571 2933 2908 3017 levaverunt
2959 2933 3372 3017 cornu'super
3420 2933 3632 3006 terram

2127 3006 2280 3062 Juda
2309 3009 2373 3059 ut
2404 3005 2808 3077 dispergerent
2838 3025 2987 3064 eam.
3233 3039 3238 3042 -

1990 3076 2148 3147 (Cap.
2184 3077 2278 3147 ΙΙ.)
2310 3077 2379 3152 Et
2407 3076 2589 3152 levavi
2614 3076 3034 3152 oculosmeos,
3068 3087 3126 3138 et
3155 3084 3268 3140 vidi
3300 3103 3313 3141 :

1985 3152 2268 3273 Etegeece
2288 3147 2395 3215 vir,
2429 3152 2484 3204 et
2505 3149 2563 3202 in
2590 3165 2765 3205 manu
2795 3151 2924 3222 ejus
2950 3147 3246 3213 funiculus
3269 3175 3631 3218 mensorum.

2003 3234 2014 3257 ί
2125 3237 2197 3273 1x1
2226 3235 2240 3273 :

2003 3234 2055 3272 Si.
2081 3234 2197 3273 (1le
2226 3235 2240 3274 Ζ

2060 3292 2181 3356 Quo
2211 3294 2272 3344 tu
2304 3289 2469 3346 vadis
2491 3291 2518 3346 ?

1987 3360 2057 3414 Et
2081 3362 2225 3417 dixit
2252 3362 2322 3416 ad
2358 3377 2490 3416 me:

1987 3430 2060 3486 Ut
2090 3432 2299 3488 metiar
2329 3432 2676 3501 Jerusalem,

2056 3509 2112 3582 et
2140 3505 2368 3582 videam
2392 3505 2729 3582 quantasit
2760 3504 3007 3582 latitudo
3039 3511 3191 3582 ejus,

2057 3581 2115 3631 et
2143 3579 2360 3645 quanta
2390 3575 2707 3648 longitudo,
2725 3578 2873 3647 ejus.

1988 3647 2055 3700 Et
2086 3663 2227 3772 θεὲοῗ
2267 3647 2536 3718 angelus,
2568 3648 2669 3720 qui
2698 3647 3053 3723 loquebatur
3082 3654 3141 3710 in
3193 3671 3307 3725 me,
3358 3661 3626 3730 egredie-

2171 3735 2203 3772 a
2235 3735 2323 3772 ur.

2171 3735 2323 3781 amr,

2059 3788 2389 3871 etnange‘lus
2421 3788 2569 3844 alius
2601 3791 3012 3860 egrediebatur
3041 3795 3100 3848 in
3132 3812 3442 3854 occursum
3477 3803 3628 3871 ejus.

1908 3825 1950 3891 α
1991 3825 2514 3915 εἴιὶίέἶῖῖὶὶῖιῗτΐέ

2057 3930 2254 3998 Curre,
2287 3930 2524 4002 loquere
2557 3931 2622 3985 ad
2659 3947 2902 4002 puerum
2935 3933 3139 4002 istum,
3173 3939 3409 3996 dicens:

1984 4003 2221 4074 Absque
2254 4019 2421 4074 muro
2451 4001 2814 4058 habitabitur
2841 4004 3190 4073 Jerusalem,

2058 4073 2569 4200 prgmultitudine
2593 4074 2900 4131 hominum
2922 4079 3396 4148 etjumentorum
3427 4085 3484 4141 in
3511 4105 3629 4144 me-

2175 4163 2225 4200 ιο
2256 4162 2404 4200 eius.

2175 4163 2225 4201 l0
2256 4162 2404 4202 eius.

2130 4162 2225 4201 oio
2256 4163 2284 4200 c
2317 4162 2404 4202 us.

1987 4219 2056 4271 Et
2085 4162 2334 4342 ego_ur]o
2389 4217 2465 4285 ei,
2514 4217 2596 4272 ait
2645 4218 2947 4286 Dominus,
2982 4239 3188 4279 murus
3221 4225 3375 4296 ignis
3407 4227 3464 4284 in
3515 4231 3632 4286 cir-

2131 4305 2222 4342 coi
2256 4305 2330 4342 u:

2131 4305 2330 4344 ευιιυε

2059 4363 2117 4414 et
2145 4360 2204 4414 in
2237 4358 2422 4432 gloria
2451 4374 2548 4413 ero
2584 4358 2642 4414 in
2679 4360 2868 4416 medio
2899 4363 3048 4432 ejus.

1986 4433 2050 4500 Ο,
2086 4447 2117 4485 o
2169 4431 2350 4502 fugite
2373 4431 2451 4502 de
2502 4435 2653 4486 terra
2681 4433 2991 4502 aquilonis,
3025 4435 3168 4491 dicit
3228 4440 3510 4498 Dominus
3544 4445 3562 4479 ¹
3613 4461 3628 4502 :

2058 4501 2334 4587 quani-am
2369 4501 2427 4584 in
2459 4507 2712 4574 quatuor
2741 4509 2944 4560 ventos
2973 4505 3100 4561 coeli
3131 4508 3381 4582 dispersi
3433 4531 3558 4587 vos,

2059 4575 2201 4628 dicit
2227 4575 2526 4629 Dominus.

1988 4644 2031 4700 Ο
2060 4644 2328 4843 agiagi;
2363 4715 2582 4786 surge],
2614 4732 2743 4788 qua:
2774 4716 3008 4776 habitas
3039 4723 3196 4794 apud
3230 4723 3408 4783 tiliam
3441 4729 3633 4803 Baby-

1987 4858 2132 4926 Quia
2166 4859 2284 4915 haec
2318 4858 2463 4914 dicit
2490 4858 2777 4914 Dominus
2809 4862 3204 4921 exercituum:

2057 4931 2200 4986 Post
2229 4929 2474 5014 gloriam
2507 4930 2673 4985 misit
2702 4947 2794 4986 me
2826 4933 2895 4988 ad
2929 4940 3150 5006 gentes,
3183 4954 3309 5010 quae
3344 4941 3634 5014 spoliave-

2131 5008 2269 5057 runt
2291 5019 2394 5057 vos
2419 5018 2432 5056 :

1989 5072 2096 5137 Qui
2129 5074 2285 5128 enim
2317 5071 2576 5140 tetigerit
2607 5088 2730 5134 vos.

2060 5144 2248 5215 tangit
2280 5143 2564 5216 pupillam
2598 5143 2749 5199 oculi
2783 5145 2962 5202 mei':

1907 5204 1954 5267 D
1987 5216 2133 5280 Quia
2161 5204 2297 5272 Ecce
2322 5204 2444 5271 levo
2475 5231 2714 5271 manum
2740 5232 2930 5272 meam
2964 5235 3141 5291 super
3169 5238 3289 5288 eos,

1986 5399 2207 5451 textum
2241 5400 2291 5449 et
2325 5393 2582 5448 secunda
2617 5410 2814 5448 manu.
2850 5394 3033 5450 Mm'r.

2056 5467 2246 5543 apum
2305 5465 2580 5543 Hebrieus
2626 5470 2973 5543 textusuiy
3019 5468 3304 5543 tum_illo
3363 5475 3628 5543 pressius

236 5536 713 5618 quatuor-ventis
744 5539 1305 5618 ccelicolligaruvos:
1351 5539 1504 5618 quod
1540 5538 1776 5618 quidem
1819 5540 1877 5595 in
1983 5539 2042 5594 S.
2103 5539 2392 5618 interpres
2450 5538 2509 5591 in
2541 5536 2995 5603 Commentario,
3053 5540 3199 5596 oculi
3251 5536 3381 5610 eius.
3421 5548 3631 5618 praefe-

232 5608 507 5669 contextu
557 5611 748 5683 prima
775 5628 951 5683 manu
1000 5610 1258 5681 positum
1291 5608 1622 5683 invenimus
1656 5610 1714 5665 in
1764 5628 1875 5667 ms.

233 5680 758 5744 Sen-Germanensi
781 5699 796 5752 ;
821 5682 877 5738 in
910 5680 1352 5739 Careassonensi
1382 5696 1514 5738 vero
1537 5699 1715 5756 supra
1745 5699 1878 5741 con-

1985 5615 2142 5668 runt.
