4028 6178
239 198 377 254 1ί25

305 328 362 380 et
392 325 536 380 dixit
566 327 638 381 ad
674 343 766 383 me
793 345 812 382 :

232 397 384 453 Leva
416 397 614 454 oculos
639 405 791 468 tuos,

228 469 512 596 Etetiviile
543 471 681 542 quid
716 476 804 527 cst
835 470 964 544 hoc,
994 474 1145 543 quod
1181 476 1503 548 egreditur,

383 557 455 594 ixi
495 555 508 595 :

281 547 301 594 ι
338 547 508 595 dixi:

231 612 527 678 Quidnam
561 611 688 668 est?

232 684 306 738 Et
335 684 466 739 ait:

233 755 376 829 [jac
395 771 458 829 es
488 754 772 826 amphora
805 757 1110 829 egrediens
1137 775 1151 814 :

235 826 304 881 Et
323 826 472 881 dixit
505 843 518 880 :

231 902 367 954 Haec
397 903 486 954 est
512 896 718 953 oculus
749 914 954 954 eorum
999 899 1056 956 in
1092 903 1370 959 universa
1400 907 1577 960 terra.

235 987 308 1043 Et
336 1001 468 1042 ecce
498 985 782 1062 talentum
818 987 1043 1059 plumbi
1078 993 1439 1062 portabatur,

236 1063 530 1185 Etescctce
560 1058 770 1114 mulier
802 1058 920 1115 ana
967 1058 1178 1118 sedens
1222 1063 1280 1119 in
1326 1058 1519 1120 medio
1565 1065 1882 1138 amphorae.

381 1147 452 1183 le
519 1145 530 1182 Σ

381 1145 530 1183 ιχιιε

234 1206 367 1256 Haec
399 1206 488 1256 est
519 1200 818 1269 impietas.

234 1279 307 1330 Et
338 1270 584 1348 proiecit
613 1287 740 1326 eam
774 1273 830 1327 in
865 1273 1055 1348 medio
1105 1276 1422 1348 amphorae,

307 1352 364 1422 e_t
396 1345 558 1422 misit
581 1359 840 1422 massam
871 1345 1297 1422 plumbeam—in
1330 1345 1573 1422 os'ejus.

236 1421 305 1472 Et
336 1415 520 1472 levavi
555 1414 755 1470 oculos
783 1414 964 1484 meos,
999 1425 1055 1474 et
1085 1419 1203 1473 vidi
1239 1437 1252 1475 :

309 1492 366 1544 et
395 1501 528 1612 eleee
557 1487 684 1541 dua:
716 1486 992 1545 mulieres
1024 1491 1410 1563 egredientes,
1445 1498 1500 1548 et
1551 1493 1797 1566 spiritus
1830 1493 1886 1552 in

391 1575 421 1612 a
453 1575 499 1612 IS
529 1574 753 1612 earum.

391 1574 499 1612 aus
529 1574 753 1625 earum,

310 1634 366 1686 et
399 1631 692 1702 habebant
722 1630 844 1684 alas
876 1631 1042 1702 quasi
1077 1632 1205 1688 alus
1237 1633 1395 1689 milvi
1431 1652 1446 1690 :

313 1707 371 1757 et
402 1701 1115 1774 levaveruntgamphoram
1150 1706 1301 1760 inter
1321 1714 1532 1762 terram
1566 1711 1622 1763 et
1653 1705 1887 1764 cmlum.
1919 1707 1968 1773 B

243 1775 314 1828 Et
341 1773 460 1828 dixi
491 1773 563 1828 ad
595 1772 894 1843 angelum,
927 1775 1024 1844 qui
1053 1775 1402 1845 loquebatur
1433 1778 1492 1833 in
1516 1795 1608 1835 me
1641 1796 1654 1834 :

242 1848 370 1910 Quo
394 1846 526 1918 ista:
558 1845 828 1918 deferunt
856 1846 1200 1918 amphoram
1224 1847 1252 1902 ?

245 1919 314 1972 Et
345 1917 492 1970 dixit
522 1916 590 1970 ad
628 1931 767 1971 me:

243 1988 317 2044 Ut
348 1987 666 2043 aaditicetur
695 1987 746 2042 ei
779 1987 990 2044 domus
1022 1989 1080 2044 in
1116 1997 1264 2045 terra
1297 1993 1579 2058 Sennaar,

314 2065 374 2114 et
401 2058 752 2124 stabiliatur,
784 2065 841 2114 et
873 2066 1126 2130 ponatur
1156 2062 1235 2117 ibi
1267 2079 1444 2135 super
1473 2064 1674 2118 basem
1697 2079 1888 2120 suam.

240 2150 407 2222 (Cap.
465 2146 588 2219 Vl.)
651 2151 1088 2222 Et_eonversus
1145 2166 1301 2217 sum,
1361 2157 1418 2208 et
1473 2151 1657 2208 levavi
1687 2152 1890 2212 oculos

390 2236 570 2286 meos,
603 2224 660 2274 et
690 2219 806 2274 vidi
841 2236 856 2275 :

312 2296 372 2347 et
393 2295 807 2375 ecce'qu‘atuor
837 2291 1132 2375 quadrigae
1163 2293 1528 2365 egredientes
1559 2295 1629 2352 de
1661 2297 1768 2368 (Al.
1801 2296 1885 2356 in)

389 2363 580 2418 medio
603 2363 851 2418 duorum
887 2363 1178 2420 montium
1203 2363 1227 2420 Ξ

314 2439 374 2491 et
403 2439 653 2500 montes,
688 2439 918 2490 montes
951 2435 1106 2490 aerei.

245 2508 308 2562 In
345 2505 844 2578 quadrigagprima
876 2507 1012 2578 equi
1047 2507 1176 2573 rufi,

317 2577 376 2634 et
405 2578 461 2652 i_n
495 2577 782 2652 quadriga
811 2577 1068 2652 secunda
1087 2577 1425 2652 equignigri,

322 2654 377 2705 et
410 2649 468 2722 in
503 2650 794 2722 quadriga
827 2649 999 2705 tertia
1027 2649 1164 2722 equi
1197 2649 1340 2715 albi,

319 2727 376 2777 et
405 2721 462 2776 in
494 2720 783 2792 quadriga
814 2726 1022 2793 quarta
1050 2720 1185 2792 equi
1215 2723 1357 2778 varii
1389 2723 1591 2780 fortes.

249 2793 318 2848 Et
346 2793 645 2875 respondi,
678 2798 735 2847 et
763 2792 881 2847 dixi
926 2794 995 2848 ad
1032 2793 1329 2866 angelum,
1389 2796 1487 2866 qui
1542 2795 1892 2868 loquebatur

393 2881 453 2919 In
485 2881 616 2920 me:

247 2934 359 2998 Qui
390 2941 530 2990 sunt
562 2935 702 2998 haec,
736 2934 955 2990 domini
992 2935 1066 2990 mi
1092 2937 1119 2990 ‘2

250 3008 316 3062 Et
345 3007 646 3079 respondit
673 3006 937 3078 angelus,
972 3012 1029 3062 et
1076 3009 1157 3062 ait
1187 3009 1258 3064 ad
1293 3025 1426 3064 me:

244 3079 348 3134 lsti
381 3072 520 3134 sunt
549 3072 979 3152 quatuovryenti
1019 3079 1168 3146 ccnli,
1219 3080 1319 3152 qui
1365 3080 1772 3152 egrediuntur,
1827 3084 1892 3137 ut
1921 3072 1964 3138 C

393 3155 552 3206 stent
583 3166 776 3205 coram
812 3150 1185 3206 Dominatore
1215 3150 1624 3208 omnis‘terraa.

247 3223 311 3277 In
349 3237 466 3292 qua
494 3226 662 3294 erant
691 3222 824 3294 equi
858 3223 1027 3293 nigri,
1061 3222 1514 3294 egrediebantur
1565 3224 1623 3278 in
1675 3227 1894 3279 terram

388 3293 682 3419 aquilonis
721 3310 733 3348 :

406 3383 437 3419 a
466 3366 522 3419 bi
553 3381 733 3419 cares:

319 3370 375 3419 et
406 3365 522 3420 albi
553 3365 772 3434 egressi
804 3371 940 3419 sunt
975 3369 1107 3436 post
1133 3381 1233 3421 eos
1268 3382 1280 3420 :

319 3441 377 3491 et
407 3436 546 3492 varii
579 3437 794 3509 egressi
828 3441 968 3492 sunt
998 3437 1066 3492 ad
1103 3442 1318 3492 terram
1350 3436 1559 3492 austri.

253 3525 362 3589 Qui
401 3532 594 3582 autem
625 3529 790 3580 erant
820 3525 1243 3592 robustissimi,
1279 3524 1567 3596 exierunt,

324 3602 382 3670 et
403 3598 743 3670 qurerebant
761 3597 843 3652 ire
865 3603 920 3652 et
943 3597 1269 3653 discurrere
1292 3615 1394 3670 per
1409 3614 1642 3654 omnem
1661 3600 1900 3655 terram.

252 3669 322 3724 Et
352 3669 545 3725 dixit:

256 3743 364 3809 Ite,
401 3739 803 3813 perambulate
859 3743 1073 3795 terram
1105 3757 1118 3796 :

323 3817 380 3867 et
403 3812 961 3884 perambulaverunt
983 3816 1198 3866 terram
1235 3826 1247 3865 :

248 3883 319 3939 Et
346 3881 574 3940 vocavit
603 3900 717 3950 me,
749 3887 805 3940 et
834 3882 1064 3939 loeutus
1089 3887 1178 3937 est
1208 3883 1278 3937 ad
1316 3898 1406 3937 me
1439 3881 1636 3937 dicens
1667 3901 1681 3950 ;

246 3959 393 4011 Ecce
424 3957 524 4028 qui
555 3955 936 4028 egrediuntur
967 3955 1025 4028 in
1057 3961 1272 4009 terram
1306 3953 1626 4028 aquilonis,
1662 3953 1896 4028 requie.

395 4024 556 4084 scere
572 4024 1113 4098 feceruntspiritum
1131 4041 1324 4098 meum
1341 4024 1399 4098 in
1414 4030 1566 4098 terra
1579 4024 1894 4098 aquilonis.

242 4102 422 4154 Sume
479 4116 513 4154 a
567 4096 1114 4171 transmigratione,
1149 4099 1220 4152 ab
1271 4096 1498 4164 Holdai,
1531 4102 1588 4153 et
1619 4114 1652 4152 a
1679 4096 1890 4167 Tobia,

391 4175 448 4225 et
474 4171 548 4226 ab
583 4171 774 4238 ldaia;

241 4245 313 4296 Et
336 4242 532 4298 venies
568 4247 628 4297 tu
659 4243 719 4297 in
747 4241 840 4296 die
875 4240 997 4305 illa,

315 4318 372 4370 et
403 4314 649 4370 intrabis
681 4315 920 4368 domum
952 4313 1143 4384 Josize,
1177 4312 1280 4368 filii
1304 4311 1635 4385 Sophonire,
1660 4311 1758 4384 qui
1792 4326 1890 4367 ve-

389 4390 600 4441 nerunt
631 4387 702 4442 de
734 4385 1048 4457 Babylone,

239 4475 312 4531 Et
342 4491 540 4530 sumes
575 4480 907 4544 argentum.
939 4478 994 4530 et
1019 4490 1226 4529 aurum
1264 4489 1276 4528 :

313 4551 371 4602 et
404 4547 581 4602 facies
613 4543 880 4608 coronas.
936 4551 991 4601 et
1048 4562 1240 4618 pones,
1272 4546 1331 4600 in
1363 4547 1551 4618 capite
1582 4545 1743 4617 Jcsu,
1779 4543 1883 4602 ﬁlii

379 4618 647 4685 Josedee,
681 4617 1023 4674 sacerdotiis
1051 4617 1281 4688 magni;

307 4693 366 4743 et
397 4688 655 4762 loqueris
688 4691 758 4744 ad
791 4706 926 4744 eum
959 4689 1160 4762 dicens
1193 4707 1207 4745 :

234 4759 367 4814 Hcce
399 4759 490 4817 ait
513 4762 795 4818 Dominus
827 4759 1202 4827 exercituum,
1237 4759 1463 4829 dicens;

231 4831 377 4888 Ecce
407 4834 497 4888 vir
526 4833 720 4891 oriens
752 4849 963 4889 nomen
995 4833 1124 4902 ejus
1158 4849 1172 4888 :

306 5032 321 5065 ¹
355 5029 594 5102 PrOpria
625 5029 746 5085 hcce
780 5027 1039 5088 nomina.
1063 5029 1312 5098 nclama,
1337 5028 1751 5096 Tobz'deuiw,
1766 5033 1876 5085 etc.

227 5104 456 5183 ηνγτήπ
481 5104 724 5179 3131-951
750 5104 932 5185 abi-3‘7,
955 5122 1086 5190 οἱα,
1120 5117 1506 5189 Septuaginta
1529 5119 1878 5190 interpretes

223 5190 393 5262 juxta
423 5191 760 5262 Hebraicam
785 5189 1194 5262 etymologiam
1221 5191 1580 5262 transferunt
1599 5189 1712 5249 toi;
1746 5189 1878 5262 ἕρποι-

230 5258 509 5334 μένουᾳιν,
567 5261 654 5316 καὶ
709 5258 1184 5334 τοῖξχρησὲμως
1239 5259 1434 5334 αὐτῆς,
1489 5259 1577 5312 καὶ
1607 5266 1722 5320 τοῖς
1754 5258 1874 5314 ἐπε-

225 5331 500 5405 γνωκόσιν
535 5332 724 5402 αὐτὴν,
759 5331 1061 5398 οἱο.’ουοᾶ
1096 5333 1288 5405 igitur
1343 5331 1399 5386 in
1463 5349 1578 5387 uno
1627 5333 1876 5405 alterove

227 5403 343 5460 ms.
393 5406 618 5462 invenit
647 5405 1020 5461 Martianmus
1051 5403 1143 5459 hic
1175 5403 1421 5459 aditum.
1456 5406 1536 5459 eis
1567 5405 1663 5475 qui
1707 5404 1874 5460 susti-

221 5481 379 5550 nent,
413 5484 559 5550 αισα
577 5477 873 5550 glossema
907 5481 996 5534 est
1027 5475 1286 5550 nominis
1321 5475 1503 5550 "clem
1534 5492 1600 5530 ex
1635 5481 1875 5550 septua-

223 5548 386 5619 ginta
442 5547 788 5616 derivatum,
834 5566 899 5604 ac
958 5548 1206 5620 pridem,
1240 5551 1335 5620 _ut
1385 5548 1632 5613 videtur,
1694 5547 1877 5603 ascri-

223 5617 391 5690 ptum
424 5621 482 5676 in
516 5620 650 5677 libri
685 5617 974 5692 margine,
996 5619 1206 5675 deinde
1237 5617 1528 5676 introsum
1562 5625 1777 5676 temere
1815 5621 1873 5677 in

225 5695 474 5749 textum.

294 5764 316 5800 ³
350 5765 434 5822 Ita
487 5766 686 5822 Canon
720 5764 834 5821 San
875 5761 1293 5822 Germanensis
1327 5764 1526 5820 noster
1564 5777 1691 5819 cum
1741 5760 1874 5820 aliis

1394 211 1606 266 LIBER
1645 210 2027 266 ZACHARIIE
2067 211 2485 267 PROPHETE.

1911 336 1968 404 Α
2070 335 2362 415 et_subt_er
2410 350 2543 391 cum
2576 335 2818 404 orietur,
2879 339 2935 391 et
2990 337 3300 396 mdiﬁcabit
3355 342 3644 415 templum

1916 4443 1964 4508 D

3515 219 3650 274 H26

2146 409 2405 462 Domino.

1991 477 2057 531 Et
2095 476 2220 548 ipse
2249 481 2472 534 estruet
2508 476 2800 549 templum
2834 480 3076 534 Domino
3112 499 3124 536 :

2063 555 2120 604 et
2152 550 2275 620 ipse
2308 550 2561 621 portabit
2590 551 2862 620 gloriam,

2061 624 2118 674 et
2147 621 2486 695 _sedebit,_et
2516 621 2920 695 dominabitur
2950 639 3132 695 super
3163 626 3310 682 solio
3343 645 3448 683 suo
3483 645 3498 686 :

1991 694 2057 744 Et
2079 691 2188 746 erit
2220 693 2493 764 sacerdos
2525 709 2703 764 super
2732 693 2878 748 solio
2911 691 3038 763 suo,

2062 767 2119 818 et
2143 763 2457 818 consilium
2492 763 2652 833 pacis
2683 765 2792 819 erit
2823 765 2972 819 inter
3005 766 3134 822 illos
3162 769 3332 825 duos.

1991 837 2522 910 Etccro‘naserunt
2556 834 2838 910 lielem,e_t
2867 837 3060 910 Tobiae
3092 844 3147 893 et
3182 843 3376 895 Maiast
3414 844 3632 910 etllen,

2067 905 2191 980 tilio
2214 905 2544 980 Sophoniae,
2577 907 2918 980 memoriale
2949 907 3008 962 in
3042 911 3261 980 templo
3293 913 3543 968 Domini.

1991 981 2064 1032 Et
2095 976 2194 1049 qui
2221 976 2422 1058 precul
2451 982 2614 1059 sunt,
2647 977 2979 1046 venient,et
3009 976 3382 1040 aediﬁcabant
3409 986 3465 1040 in
3500 991 3642 1042 tem-

2139 1048 2230 1101 nlo
2265 1052 2488 1101 Domini
2529 1067 2541 1101 :

2139 1048 2230 1119 plo
2265 1048 2488 1104 Domini
2529 1067 2541 1104 :

2041 1123 2122 1174 et
2151 1120 2348 1245 sgietis
2379 1120 2518 1192 quia
2552 1119 2833 1176 Dominus
2896 1123 3285 1180 excercituum
3343 1127 3505 1184 misit
3549 1145 3640 1186 me

2141 1208 2172 1245 a
2246 1207 2368 1245 vos.

2141 1207 2212 1245 au
2246 1207 2368 1246 VOS.

1996 1260 2120 1316 Erit
2152 1267 2347 1317 autem
2381 1261 2508 1318 hoc.

2069 1333 2118 1388 si
2151 1334 2354 1388 auditu
2387 1333 2695 1388 audieritis
2727 1351 2924 1390 vocem
2963 1337 3189 1391 Domini
3225 1338 3324 1394 Dei
3359 1342 3555 1397 vestri.

1993 1403 2326 1486 (στερηνιι.)
2355 1406 2421 1486 Et
2453 1407 2777 1486 factumest
2798 1407 3036 1486 in_anno
3059 1416 3264 1486 quarto
3289 1413 3445 1468 Darii
3473 1415 3646 1486 regis,

2069 1477 2284 1553 factum
2313 1481 2401 1531 est
2429 1479 2671 1553 verbum
2706 1477 2949 1553 Domini
2971 1480 3040 1533 ad
3081 1481 3446 1553 Zachariam,

2070 1547 2130 1603 in
2164 1553 2378 1633 quarta
2408 1548 2628 1633 mcn‘sis
2660 1549 2824 1633 noni“.
2853 1549 2965 1633 qui.
2987 1556 3077 1604 est
3105 1552 3333 1609 Casleu.

2000 1620 2068 1674 Et
2100 1621 2388 1699 miserunt
2418 1621 2488 1699 ad
2509 1620 2761 1699 domum
2790 1620 2906 1699 Dei,
2932 1623 3195 1692 Sarasar,
3220 1632 3276 1681 et
3297 1629 3650 1699 Rogomme-

2145 1690 2295 1757 lech,
2329 1695 2386 1746 et
2414 1691 2520 1745 viri
2554 1691 2655 1762 qui
2686 1698 2855 1748 erant
2883 1710 3016 1748 cum
3047 1709 3134 1748 eo.

2073 1762 2141 1834 ad
2181 1763 2609 1834 deprecandam
2645 1763 2850 1819 faciem
2885 1764 3113 1820 Domini
3152 1784 3164 1822 :

1999 1832 2343 1911 Utdicerent
2365 1834 2768 1911 sacerdotibus
2784 1836 2996 1892 domus
3011 1837 3174 1893 Domi
3187 1839 3240 1894 ni
3257 1841 3644 1911 exercituum,

2143 1909 2199 1959 et
2226 1905 2554 1978 prophetis,
2587 1906 2895 1978 loquentes
2930 1925 2943 1963 :

1998 1975 2277 2053 Nunquid
2313 1975 2571 2053 flendum
2602 1975 2746 2053 mihi
2777 1983 2832 2053 et
2866 1981 2924 2034 in
2955 1980 3158 2053 quinto
3188 1999 3410 2053 mense,

2069 2048 2158 2103 vel
2192 2048 2560 2176 sanegiﬁcare
2594 2067 2684 2106 me
2714 2051 2918 2120 debeo,
2951 2048 3108 2107 sicut
3155 2054 3262 2110 feci
3287 2048 3412 2126 jam
3447 2057 3648 2114 multis

2141 2136 2316 2175 annis

2141 2136 2316 2175 801118

2001 2190 2067 2245 Et
2097 2190 2312 2316 fastum
2347 2195 2435 2247 est
2457 2191 2702 2247 verbum
2734 2192 2965 2248 Domini
3026 2197 3385 2253 exercituum
3428 2201 3498 2255 ad
3535 2217 3650 2270 me,

2188 2278 2345 2316 ieens
2377 2280 2390 2316 :

2188 2278 2345 2318 icens
2377 2280 2390 2318 ἶ

2001 2333 2259 2460 Loqutere
2393 2349 2626 2392 omnem
2663 2335 2943 2408 populum
2975 2340 3163 2408 terra,
3193 2343 3250 2394 et
3278 2341 3347 2396 ad
3379 2344 3652 2400 sacerdo-

2167 2422 2250 2460 es.
2326 2422 2485 2460 icens
2520 2422 2535 2460 ε

2142 2411 2250 2474 tes,
2283 2411 2485 2463 dicens
2520 2422 2535 2462 :

1998 2480 2139 2532 Cum
2166 2477 2542 2558 jejunaretis,
2575 2481 2630 2532 et
2655 2477 3015 2558 plangeretis
3049 2481 3108 2535 in
3142 2481 3346 2553 quinto
3379 2487 3434 2540 et
3466 2487 3650 2558 septi-

2143 2564 2238 2604 mo
2273 2565 2374 2615 per
2405 2549 2512 2604 bos
2544 2550 2917 2620 septuaginta
2949 2568 3136 2608 annos
3158 2549 3186 2608 ἐ

2072 2621 2340 2691 nunquid
2369 2620 2661 2689 jejunium
2687 2621 3000 2690 jejunastis
3024 2624 3167 2678 mihi
3191 2625 3218 2678 ‘2

1999 2690 2068 2745 Et
2098 2690 2233 2745 eum
2256 2691 2596 2747 comedistis
2625 2697 2684 2747 et
2714 2692 2985 2759 bibistis;

2071 2762 2480 2888 nugrgiidngn
2519 2765 2684 2819 vobis
2723 2764 3084 2834 comedistis,
3116 2769 3172 2820 et
3201 2767 3643 2840 vobismetipsis

2186 2851 2200 2886 ι
2251 2850 2299 2888 l8
2334 2851 2380 2888 ιε

2186 2833 2380 2889 ibistis

1999 2903 2296 2974 Numquid
2333 2922 2446 2960 non
2506 2909 2646 2960 sunt
2674 2905 2870 2972 verba,
2908 2921 3034 2975 qua
3064 2907 3294 2963 locutus
3332 2915 3421 2966 est
3453 2911 3646 2968 Domi-

2149 2975 2347 3050 nus
2385 2993 2560 3050 manu
2597 2976 3014 3050 prophetarum
3050 2979 3332 3050 priorum,

2075 3063 2210 3173 culm
2244 3047 2433 3173 cdhuc
2463 3047 2787 3104 Jerusalem
2811 3047 3197 3120 habitaretur,
3223 3057 3279 3106 et
3318 3047 3474 3109 esset
3503 3070 3650 3125 opu-

2174 3135 2240 3173 en
2277 3135 2331 3173 a.

2174 3123 2331 3185 enta,

2073 3188 2215 3264 ipsa
2231 3195 2288 3246 et
2319 3189 2493 3245 urbes
2523 3189 2629 3260 (Al.
2654 3189 2789 3264 _add.
2828 3190 3005 3261 illius)
3039 3192 3096 3246 in
3129 3193 3373 3250 circuitu
3409 3196 3557 3264 ejus,
3590 3201 3648 3253 et

2149 3261 2219 3316 ad
2254 3268 2544 3328 austrum,
2574 3261 2708 3316 etin
2742 3264 3167 3332 campestribus
3200 3261 3613 3323 habitaretur?

2007 3333 2073 3407 Et
2097 3332 2312 3407 factum
2337 3333 2685 3407 est‘verbum
2713 3333 2938 3407 Domini
2963 3336 3030 3389 ad
3054 3336 3644 3407 Zachariam,dicens:

2009 3404 2139 3476 time
2167 3404 2249 3476 ait
2277 3404 2564 3460 Dominus
2593 3404 2978 3476 exercituum,
3011 3407 3212 3462 dicens
3247 3425 3260 3464 :

2006 3475 2304 3532 Judicium
2336 3491 2534 3532 verum
2555 3475 2839 3545 judicate,

2079 3552 2133 3602 et
2149 3547 2607 3625 misericordiam
2632 3546 3113 3605 etmiserationes
3134 3550 3654 3625 facite,unusquis-

2154 3635 2266 3688 que
2294 3636 2426 3674 cum
2458 3620 2632 3674 fratre
2663 3635 2792 3676 suo.

2011 3690 2077 3746 Et
2107 3689 2344 3766 viduam
2380 3695 2443 3766 et
2467 3689 2780 3766 pupillum,
2808 3694 2866 3745 et
2895 3691 3202 3761 advenam,
3238 3697 3294 3748 et
3334 3711 3648 3766 pauperem

2152 3763 2329 3816 nolite
2361 3761 2706 3816 calumniari
2742 3778 2755 3814 :

2079 3837 2135 3887 et
2166 3832 2386 3904 malum
2417 3832 2505 3887 vir
2533 3831 2695 3904 fratri
2728 3848 2834 3886 suo
2867 3849 2978 3887 non
3005 3833 3218 3904 cogitet
3239 3832 3296 3885 in
3328 3836 3498 3891 corde
3515 3854 3646 3897 suo.

2009 3902 2074 3957 Et
2105 3903 2424 3958 noluerunt
2445 3903 2766 3969 attendere,
2799 3907 2856 3958 et
2887 3902 3187 3959 verterunt
3219 3905 3520 3975 scapulam
3551 3923 3642 3964 re-

2148 3976 2448 4030 cedentem
2471 3975 2512 4041 ',

2075 4050 2132 4101 et
2161 4062 2332 4102 aures
2364 4062 2502 4101 suas
2534 4049 3020 4117 aggravaverunt,
3054 4061 3123 4099 ne
3154 4046 3442 4104 audirent.

2004 4117 2070 4172 Et
2100 4135 2199 4173 cor
2222 4134 2396 4244 sucm
2424 4123 2748 4189 posuerunt
2796 4121 2860 4171 ut
2906 4117 3299 4186 adamantem,
3352 4136 3422 4175 ne
3469 4120 3639 4176 audi-

2145 4195 2274 4244 rent
2326 4205 2511 4244 errem.

2145 4195 2274 4245 rent
2304 4195 2488 4245 legem

2145 4205 2274 4245 rent
2304 4205 2488 4244 teem

2000 4259 2069 4316 Et
2097 4264 2274 4318 verba
2305 4205 2431 4333 qtﬁs
2460 4233 2622 4316 misit
2649 4259 2934 4333 Dominus
2961 4260 3320 4314 exercituum
3347 4262 3400 4315 in
3428 4263 3640 4333 spiritu

2143 4350 2252 4389 suo
2282 4332 2385 4405 per
2416 4349 2656 4388 manum
2690 4332 3105 4405 prophetarum
3141 4333 3422 4405 priorum,

2069 4409 2127 4460 et
2159 4403 2310 4460 facta
2339 4409 2429 4461 est
2459 4403 2784 4476 indignatio
2816 4419 3029 4475 magna
3068 4421 3100 4458 a
3146 4403 3389 4458 Domino
3423 4405 3638 4462 excrci-

2136 4481 2325 4532 tuum.

1995 4551 2061 4602 Et
2091 4548 2309 4605 factum
2343 4551 2432 4603 est
2462 4548 2616 4604 sicut
2642 4546 2872 4602 locutus
2905 4550 3011 4610 est,
3045 4550 3102 4600 ct
3136 4563 3248 4601 non
3283 4547 3638 4606 audierunt:

2065 4619 2148 4674 sic
2181 4620 2542 4689 clamabunt,
2575 4623 2632 4674 et
2661 4635 2777 4673 non
2811 4617 3142 4685 exaudiam,
3177 4617 3320 4674 dicit
3355 4620 3638 4677 Dominus

2135 4693 2518 4746 exercituum.

1992 4760 2061 4815 Et
2099 4762 2347 4834 dispersi
2380 4779 2485 4834 eos
2510 4777 2613 4832 per
2642 4759 2841 4834 omnia
2872 4777 3068 4834 regna,
3112 4763 3533 4834 quaenesciunt
3567 4779 3581 4818 :

2063 4837 2119 4888 et
2148 4833 2302 4890 terra
2332 4833 2594 4889 desolata
2621 4837 2710 4888 est
2741 4833 2812 4888 ab
2847 4833 2952 4900 eis,
2987 4849 3052 4888 co
3097 4833 3252 4904 quod
3313 4851 3427 4889 non
3486 4837 3639 4891 esset

1989 5049 2264 5106 omnibus
2297 5065 2440 5104 mss.
2475 5046 2778 5103 codicibus
2811 5063 3104 5104 sacrorum
3141 5047 3482 5115 Bibliorum,
3511 5065 3628 5106 uno

1989 5125 2226 5192 excepto
2257 5119 2729 5186 Careassonensi,
2757 5119 2852 5190 qui
2887 5119 3027 5192 legit
3047 5128 3365 5174 averterunt
3394 5139 3412 5174 :
3435 5126 3638 5177 contra

1989 5190 2144 5265 quod
2171 5193 2228 5247 S.
2260 5192 2880 5265 Hiei‘onymus_docuit
2906 5190 3005 5265 lib.
3030 5207 3088 5245 ιι.
3107 5192 3434 5265 Comment.
3451 5191 3508 5244 in
3530 5192 3634 5265 Zag-

1987 5261 2271 5327 cbariam,
2303 5261 2504 5318 dicens
2539 5279 2552 5317 :
2593 5284 2613 5313 α
2649 5263 2789 5317 Cum
2823 5279 2959 5334 ergo
2992 5262 3102 5315 ista
3135 5261 3627 5334 prmceperim,illi

1986 5335 2286 5390 attendere
2318 5334 2652 5401 noluerunt,
2674 5339 2730 5389 et
2754 5333 3051 5390 verterunt
3070 5333 3350 5402 scapulam
3372 5333 3634 5387 receden-

1984 5410 2112 5473 tem,
2140 5404 2260 5460 sive
2290 5405 2527 5460 dorsum
2562 5410 2980 5462 contemnens:
3014 5419 3080 5458 ex
3113 5403 3315 5457 habitu
3371 5404 3630 5473 corporis

1988 5495 2114 5534 mea
2146 5475 2393 5548 imperia
2440 5481 2804 5548 respuentcs.
2850 5474 3118 5529 Solemus
3167 5473 3336 5548 enim
3371 5475 3630 5548 quando,

1987 5554 2194 5621 rugata
2228 5544 2414 5621 fronte
2446 5552 2502 5603 et
2530 5544 2668 5604 nare
2699 5550 3017 5621 contracta,
3046 5544 3478 5621 contemnimus
3523 5544 3633 5621 ad-

1984 5615 2311 5688 mdncntes,
2344 5620 2584 5675 dorsum
2617 5619 3044 5688 vertere,juxta
3074 5615 3217 5670 illud
3267 5616 3420 5685 quod
3482 5616 3632 5674 seri-

1986 5697 2153 5767 ptum
2186 5695 2274 5748 est
2307 5707 2319 5746 :
2349 5691 2666 5767 verterunt
2699 5691 2768 5747 ad
2801 5687 2894 5745 me
2923 5689 3099 5744 dorsa
3158 5691 3214 5743 et
3273 5704 3388 5744 non
3448 5687 3628 5748 facies

1985 5765 2147 5834 anas,
2178 5769 2290 5821 etc.
2326 5785 2354 5813 »
2387 5765 2578 5819 MART.
