2025 3091
271 89 339 116 1131

797 91 825 116 S.
849 88 1050 116 IllERONYMI
1071 88 1196 115 DlVlNA
1217 88 1461 116 BIBIJO’I‘HLCL

1882 95 1932 121 lli}?

272 155 307 180 Et
322 152 440 188 praecidi
456 152 567 187 virgam
584 159 678 179 meam
698 152 869 185 secundum,
886 159 949 186 qua:
967 150 1094 187 appella-
1112 152 1136 184 Α
1152 186 1170 188 _
1187 150 1349 188 familimret
1365 151 1482 178 familia:
1498 160 1656 188 seorsum;

347 190 432 216 batur
448 187 619 219 Funiculus,

309 227 342 252 ut
369 223 558 259 dissolverem
584 222 807 259 germanitatem
837 222 913 250 inter
936 222 1044 250 Judam
1068 223 1097 249 et

343 259 420 287 inter
439 258 538 287 Israel.

274 297 306 323 Et
320 294 394 322 dixit
408 295 550 322 Dominus
564 294 599 321 ad
618 302 664 322 me
682 302 689 321 :

270 331 373 359 Adhuc
389 338 472 358 sume
487 330 540 358 tibi
554 338 624 358 Vasa
642 330 768 366 pastoris
784 329 879 358 stulti.

269 366 425 407 Quietecce
439 374 492 407 ego
507 366 817 407 suscitabo_p_as_torem
834 367 863 394 in
881 369 968 400 terra,

329 402 358 430 ui
373 401 513 430 derelicta.
528 410 586 430 non
601 401 742 435 visitabit,

328 439 474 474 ispersum
491 446 549 466 non
564 439 685 474 quaeret,

303 477 333 502 et
346 472 509 502 contritum
526 472 584 501 non
601 472 728 505 sanabit,

302 512 332 538 et
346 510 375 537 id
392 510 470 546 quod
487 512 546 537 stat
561 517 619 536 non
635 508 773 546 enutriet,

303 549 330 573 et
347 553 450 574 carnes
463 545 618 581 pinguium
631 545 774 581 comedet,

303 583 332 609 et
347 580 476 617 ungulas
492 580 593 609 eorum
609 580 760 617 dissolvet.

267 617 290 645 Ο
305 615 416 653 pastor,
432 619 460 645 et
475 617 598 652 idolum,
609 615 821 653 derelinquens
837 622 954 650 gregem
971 623 978 642 :

303 651 420 689 gladius
436 660 523 689 super
538 652 691 680 brachium
708 651 782 689 ejus,

305 688 332 716 et
347 696 436 724 super
450 688 567 716 oculum
585 688 719 715 dextrum
736 688 801 724 ejus
817 694 824 714 :

269 723 427 753 Brachium
443 725 507 759 ejus
523 724 658 751 ariditate
674 723 842 755 siccabitur,

304 763 333 789 et
345 757 564 788 oculus—dexter
574 760 638 795 ejus
654 760 859 787 tenebrescens
875 757 1091 795 obscurabitur.

267 796 344 833 (Cap.
360 797 438 833 QUI.)
453 795 534 823 Onus
548 793 628 833 verbi
644 795 758 833 Domini
775 802 863 833 super
879 793 978 833 Israel.

1151 185 1279 214 Familia:
1295 187 1399 214 domus
1415 187 1506 214 David
1528 195 1673 220 seorsum,

1187 224 1215 249 et
1230 221 1368 249 mulieres
1385 230 1487 250 eorum
1503 231 1635 251 seorsum
1654 232 1661 251 :

1151 257 1403 295 Familiaandomus
1427 258 1542 286 Nathan
1567 267 1710 295 seorsum,

1186 297 1214 321 et
1230 293 1368 322 mulieres
1384 302 1485 322 eorum
1502 303 1635 323 seorsum
1649 304 1656 323 :

1150 329 1278 356 Familia:
1295 330 1402 358 domus
1420 330 1482 358 Levi
1499 339 1645 365 seorsum,

1184 367 1213 392 et
1229 365 1368 394 mulieres
1384 374 1485 395 eorum
1502 374 1637 395 seorsum
1652 374 1660 394 :

1149 401 1277 429 Familia
1294 401 1388 431 Semei
1402 410 1549 437 seorsum,

1184 439 1212 465 et
1228 437 1365 466 mulieres
1380 446 1483 467 eorum
1499 446 1644 471 seorsum,

1149 473 1389 510 omnesrrfamilia:
1406 473 1535 510 reliquie,

1184 509 1301 537 familia:
1316 513 1344 538 et
1359 509 1479 538 familiae
1494 517 1640 544 seorsum,

1184 547 1212 572 et
1228 544 1366 574 mulieres
1382 554 1484 574 eorum
1500 554 1646 573 seorsum.

1149 580 1227 617 (Cap.
1244 581 1332 616 XIII.)
1350 582 1382 609 In
1398 582 1444 609 die
1460 581 1511 608 illa
1531 581 1585 609 erit
1604 581 1669 617 fons
1685 580 1785 616 patens
1800 579 1883 608 domui
1895 583 1934 608 Da-

1220 617 1278 650 vid,
1295 620 1323 644 et
1338 617 1541 645 habitantibus
1555 616 1732 650 Jerusalem,

1184 652 1213 679 in
1231 652 1411 690 ablutionem
1427 652 1590 690 peccatoris
1606 655 1633 690 et
1650 653 1841 690 menstruam.

1148 688 1182 715 Et
1197 688 1252 716 erit
1268 688 1296 716 in
1313 689 1360 716 die
1376 687 1437 724 illa;
1451 689 1521 716 dicit
1536 689 1675 716 Dominus
1691 687 1869 722 exercituum,

1148 724 1320 759 Disperdum
1338 726 1458 753 nomina
1472 724 1618 752 idolorum
1634 725 1670 752 de
1685 726 1772 755 terra,

1184 763 1212 787 et
1228 768 1286 787 non
1304 761 1547 789 memorabuntur
1562 760 1638 788 ultra
1653 768 1660 787 :

1149 796 1183 823 Et
1198 796 1468 833 pseudoprophclas
1478 796 1499 830 ³,

269 829 345 861 Dixit
358 829 502 860 Dominus
525 831 685 859 extendens
705 830 820 865 cmlum,
837 831 866 857 et
889 829 1019 857 fundans
1035 831 1092 857 ter-
1108 834 1132 867 B
1183 829 1211 859 et
1227 829 1570 867 spiritum-immundum
1586 831 1717 858 auferam
1735 830 1768 867 die
1783 832 1859 858 terra.

338 876 414 900 ram,

303 905 332 931 et
346 903 461 939 ﬁngens
478 902 616 938 spiritum
632 902 759 939 hominis
776 901 804 929 in
814 909 865 939 eo.

267 939 337 967 Ecce
352 936 406 981 ego
420 936 950 981 ponam“Jerusalemsuperliminare
966 936 1093 972 crapulae

303 974 442 1003 omnibus
455 975 572 1010 populis
587 975 616 1002 in
631 974 770 1007 circuitu;

268 1011 398 1074 Etemittat
411 1008 558 1038 Juda‘erit
572 1010 601 1038 in
618 1011 770 1039 obsidione
784 1011 886 1036 contra
901 1008 1073 1036 Jerusalem.

317 1055 358 1074 6H
391 1055 398 1073 ἔ

293 1046 374 1075 terit
391 1055 398 1073 :

302 1084 333 1110 In
360 1082 407 1109 die
435 1081 486 1109 illa
516 1089 622 1117 ponam
651 1080 816 1109 Jerusalem
840 1078 968 1115 lapidem
994 1079 1092 1107 oneris

337 1118 451 1145 cunctis
467 1117 598 1180 populis;

337 1161 414 1180 mes.
430 1153 481 1180 oui
514 1152 598 1180 evabi

301 1161 414 1186 omnes,
430 1150 481 1189 qui
502 1150 641 1181 levabunt
656 1153 709 1187 (Αι.
726 1150 905 1186 levaverunt)
920 1158 996 1186 eam,
1021 1158 1091 1178 con-

336 1188 446 1217 cisione
461 1188 683 1222 lacerabuntur;

301 1227 330 1253 et
353 1223 529 1260 colligantur
552 1221 693 1252 adversus
717 1231 780 1251 eam
805 1221 904 1251 omnia
928 1229 1016 1257 regna
1035 1221 1088 1258 (Al.

300 1269 404 1288 omnes
419 1261 530 1296 gentes)
547 1262 640 1288 terris.

265 1298 297 1325 In
308 1297 355 1325 die
365 1294 504 1331 illafdicit
513 1296 666 1330 Dominus,
675 1294 835 1331 percutiam
849 1301 966 1322 omnem
978 1301 1087 1329 equum

335 1332 365 1359 in
381 1333 542 1368 stuporem.

298 1370 327 1396 et
342 1365 526 1396 ascensorem
541 1367 606 1396 eius
620 1366 651 1394 in
666 1365 824 1393 amentiam
843 1373 850 1392 :

260 1404 296 1432 Et
309 1411 399 1440 super
413 1404 538 1432 Domum
551 1401 629 1431 Juda
642 1403 772 1440 aperiam
788 1401 888 1429 oculos
904 1408 996 1440 meos,

295 1442 324 1468 et
343 1436 459 1468 omnem
481 1447 589 1475 equum
614 1436 791 1475 populorum
815 1436 976 1473 percutiam
1002 1436 1085 1465 czeci-

334 1478 404 1503 tate.

260 1511 296 1539 Et
311 1511 409 1539 dicent
422 1511 511 1538 duces
525 1510 602 1538 Juda
618 1510 647 1537 in
663 1510 749 1537 corde
765 1517 818 1537 suo
836 1517 843 1536 :

261 1547 468 1575 Confortentur
479 1546 550 1574 mihi
563 1546 742 1573 habitatores
749 1543 911 1573 Jerusalem
923 1544 952 1572 in
961 1543 1084 1572 Domino

332 1582 513 1610 exercituum
531 1584 588 1609 Deo
603 1589 714 1609 eorum.

261 1618 292 1646 In
309 1618 355 1660 die
371 1617 421 1680 illis
436 1626 542 1658 ponam
556 1618 645 1645 duces
658 1617 736 1645 Juda
751 1616 827 1644 sicut
843 1616 993 1644 caminum
1009 1615 1085 1651 ignis

331 1662 361 1680 In
392 1661 479 1680 mnis.

331 1662 361 1682 in
380 1661 479 1689 lignis,

296 1691 324 1717 et
339 1688 416 1717 sicut
431 1689 523 1717 facem
538 1688 545 1705 ¹
562 1688 638 1723 ignis
654 1688 684 1715 in
700 1688 765 1715 feno
784 1696 790 1714 :

258 1726 292 1752 Et
307 1724 487 1753 devorabunt
503 1725 539 1752 ad
555 1722 703 1751 dexteram
719 1725 748 1751 ct
763 1724 798 1750 ad
815 1722 965 1751 sinistram
982 1729 1084 1750 omnes

351 1759 501 1796 opulosrin
517 1759 668 1796 circuitu»:

292 1798 321 1824 et
330 1793 518 1824 habitabitur
541 1794 703 1823 Jerusalem
730 1802 834 1823 rursus
850 1794 880 1821 in
897 1793 959 1822 loco
984 1802 1037 1821 suo
1054 1793 1083 1820 in

330 1830 505 1860 Jerusalem.
882 1832 884 1834 ’

260 1869 295 1896 Et
323 1867 456 1931 salyahiti
473 1866 616 1895 Dominus
639 1865 830 1895 tabernacula
851 1865 930 1893 Juda
953 1865 1030 1893 sicut
1054 1865 1083 1893 in

331 1911 445 1931 nriucin
459 1911 475 1931 ο
493 1911 500 1930 ;

352 1911 475 1931 τιῐιοιυιο
493 1911 500 1930 1

331 1912 475 1940 principio
493 1912 500 1930 :

298 1942 400 1967 utnon
416 1938 569 1974 magniﬁce
583 1937 724 1974 glorietur
738 1938 845 1974 domus
859 1936 946 1964 David

296 1959 331 2004 ἔξ
339 1959 825 2011 ξιᾍέίῖιέἰίἓὶἱῖιῖιῆὥῖἑῖἱιεὲῖῶ
831 1959 1064 2011 ὶέηἶῇἱῑὶυάᾳω.

260 2013 292 2040 In
306 2008 354 2039 die
363 2010 414 2047 illa
425 2012 556 2047 proteget
565 2010 709 2047 Dominus
721 2010 896 2047 habitatores
906 2008 1083 2047 Jerusalem,

295 2044 470 2110 etﬁrituqui
493 2044 647 2075 oil'enderit
667 2053 702 2073 ex
725 2046 767 2073 eis
792 2045 822 2073 in
847 2045 894 2072 die
921 2044 979 2078 illa,
998 2044 1083 2080 quasi

355 2090 400 2110 av:
439 2090 446 2109 :

355 2090 422 2110 ανια
439 2090 446 2109 Σ

259 2118 294 2146 Et
309 2118 417 2146 domus
433 2117 523 2146 David
539 2117 623 2153 quasi
639 2116 702 2151 Dei,

292 2153 508 2190 sicutangelus
523 2151 640 2181 Domini
655 2153 684 2180 in
701 2153 859 2188 conspectu
875 2159 976 2180 eorum
988 2151 1010 2179 ².

256 2191 292 2217 Et
306 2189 361 2217 erit
372 2189 402 2217 in
418 2188 464 2217 die
476 2188 545 2216 illa:

293 2233 423 2260 queram
449 2228 599 2253 conterere
615 2232 718 2252 omnes
741 2225 854 2260 gentes,
870 2231 935 2259 quae
957 2223 1079 2250 veniunt

328 2263 430 2289 contra
443 2260 617 2289 Jerusalem.

256 2296 290 2324 Et
302 2297 450 2324 eﬁundam
466 2305 556 2332 super
570 2297 692 2324 domum
714 2295 801 2323 David
817 2298 845 2323 et
859 2302 948 2331 super
965 2293 1077 2322 habita-

327 2334 405 2360 tores
419 2331 593 2365 Jerusalem,

289 2368 426 2403 spiritum
445 2368 544 2403 gratiae
562 2370 590 2395 et
606 2374 727 2403 precum
745 2375 752 2394 :

255 2404 288 2432 Et
303 2405 446 2440 aspicient
461 2404 496 2431 ad
514 2412 570 2438 me,
586 2411 674 2439 quem
689 2403 881 2440 conﬁxerunt,

325 2437 354 2468 εἰ
370 2440 508 2476 plangent
532 2437 604 2467 eum
615 2439 735 2475 planctu
751 2438 835 2474 quasi
859 2445 950 2473 super
974 2437 1076 2473 unige-

330 2476 436 2507 nitum.

289 2514 317 2539 et
333 2511 474 2540 dolebunt
487 2519 576 2547 super
591 2519 669 2545 eum,
686 2513 718 2538 ut
729 2509 819 2538 doleri
837 2509 911 2538 solet

326 2547 355 2575 in
372 2550 465 2575 morte
480 2547 679 2583 primogeniti.

252 2584 284 2611 In
299 2583 346 2611 die
361 2583 412 2611 illa
427 2581 553 2619 magnus
568 2581 624 2611 erit
638 2582 775 2619 planctus
791 2582 820 2609 in
836 2581 1012 2619 Jerusalem,

288 2619 366 2656 sicut
376 2616 512 2656 planctus
522 2616 735 2647 Adredeinmon
747 2618 776 2646 in
788 2625 891 2654 campo
901 2616 1074 2653 Mageddon.

252 2654 287 2682 Et
302 2654 422 2692 planget
438 2657 526 2684 terra.

286 2727 294 2743 ¹
312 2726 430 2754 Lectum
455 2728 550 2762 antea,
576 2725 760 2762 typographi,
776 2727 810 2753 ut
824 2724 950 2759 videtur,
966 2733 1074 2761 errore,

248 2761 351 2798 famgm
366 2771 417 2798 pro
430 2764 528 2797 facem.

284 2796 295 2833 ξ
309 2796 491 2833 Exemplarin
506 2797 643 2833 Canonis,
660 2797 689 2825 in
706 2798 849 2833 conspectu
865 2797 933 2832 ejus.
952 2799 1045 2825 MART.

284 2831 407 2868 'V_ocst'
423 2842 491 2861 vero
520 2832 615 2863 ἁπλῶς
644 2833 674 2861 in
704 2831 920 2861 Commentario
949 2833 1072 2868 Prophe-

247 2865 291 2893 tas
306 2874 315 2893 :
330 2866 443 2905 hocque
466 2869 564 2906 ipsum
580 2876 686 2897 nomen
702 2869 868 2897 cdisscrens
892 2876 927 2896 ex
949 2865 1046 2896 Graeco
1063 2876 1070 2897 :

1149 867 1184 895 Et
1194 866 1262 904 erit,
1279 876 1346 896 cum
1364 868 1548 904 prophetavit
1562 866 1712 904 quispiam
1729 866 1811 904 ultra,

1185 903 1283 931 dicent
1297 904 1323 931 ei
1339 902 1496 940 pater—ejus
1507 906 1535 932 et
1546 902 1639 930 mater
1652 903 1729 938 ejus,
1744 902 1791 938 qui
1807 904 1936 937 genuerunt

1219 946 1312 967 eum:

1148 974 1211 1003 Non
1220 975 1307 1038 [gives
1320 975 1408 1017 :_quia
1420 975 1605 1003 mendacium
1621 973 1741 1002 locutus
1751 975 1794 1001 est
1806 972 1832 1000 in
1846 972 1934 1000 nomine

1244 1018 1346 1038 0min].

1244 1011 1346 1044 omini,

1183 1049 1211 1074 et
1225 1043 1373 1083 conﬁgent
1388 1055 1455 1075 eum
1472 1048 1554 1083 pater
1568 1046 1633 1081 ejus
1649 1046 1678 1073 et
1693 1047 1788 1083 mater
1799 1044 1865 1079 ejus,
1877 1043 1935 1078 geni-

1218 1084 1296 1119 tores
1305 1081 1379 1119 'ejus
1395 1084 1448 1119 (Αι.
1464 1081 1514 1118 qui
1534 1083 1700 1118 genuerunt
1715 1081 1803 1116 eum),
1818 1088 1874 1108 cum
1887 1087 1934 1116 pro-

1218 1118 1388 1154 pbelaverit.

1146 1154 1180 1181 Et
1192 1155 1247 1182 erit
1265 1162 1271 1181 :

1146 1191 1177 1217 In
1193 1190 1239 1217 die
1255 1189 1305 1218 illa
1316 1190 1534 1218 confundantur
1544 1188 1705 1225 prophetae.
1720 1186 1901 1223 unusquisque
1911 1193 1934 1213 ex

1215 1226 1327 1254 visione
1342 1235 1396 1254 sua
1411 1234 1477 1254 cum
1495 1223 1715 1261 pro—phetaverit
1728 1232 1735 1251 :

1180 1269 1232 1289 nec
1248 1262 1415 1297 operientur
1430 1258 1518 1298 pallio
1534 1258 1662 1298 saccino,
1678 1261 1714 1288 ut
1727 1258 1904 1288 mentiantur:

1143 1297 1197 1325 Sed
1214 1296 1291 1325 dicet
1307 1306 1314 1324 :
1331 1298 1393 1326 Non
1409 1296 1475 1325 sum
1492 1296 1645 1333 propheta,

1178 1334 1266 1370 homo
1282 1334 1410 1370 agricola
1425 1342 1476 1368 ego
1492 1341 1558 1370 sum
1574 1341 1580 1360 :
1745 1367 1752 1370 _
1798 1366 1805 1370 _
1826 1365 1831 1370 η
1906 1362 1919 1370 η

1178 1365 1318 1406 quoniam
1330 1370 1370 1397 Ad
1376 1378 1423 1397 am
1434 1365 1600 1405 exemplum
1613 1375 1715 1395 meum
1726 1367 1763 1395 ab
1774 1365 1933 1394 adolescentia

1214 1414 1287 1433 mea.

1141 1441 1174 1468 Et
1188 1441 1302 1469 dicetur
1316 1441 1342 1469 ei
1361 1449 1367 1468 :

1176 1477 1250 1510 Quid
1271 1479 1340 1540 spnt
1362 1476 1453 1513 plaga:
1477 1476 1540 1504 istas
1565 1475 1594 1503 in
1620 1474 1720 1503 medio
1745 1479 1872 1502 manuum
1886 1472 1933 1498 tua-

1211 1521 1276 1540 rum

1211 1521 1276 1541 rum

1138 1549 1173 1575 Et
1187 1548 1263 1576 dicet
1279 1557 1285 1576 :

1137 1584 1188 1611 His
1198 1584 1331 1620 plagatus
1340 1592 1407 1612 sum
1418 1583 1447 1611 in
1457 1583 1544 1611 domo
1552 1590 1665 1617 eorum,
1673 1582 1729 1618 qui
1739 1580 1932 1616 diligebantme.

1136 1622 1258 1648 Framea
1274 1620 1416 1648 suscitare
1431 1628 1521 1655 super
1536 1620 1687 1655 pastorem
1703 1624 1810 1655 rosum,
1821 1653 1833 1655 ξ
1883 1649 1888 1655 _

1172 1659 1201 1684 et
1215 1664 1304 1692 super
1317 1655 1413 1683 virum
1426 1653 1619 1683 cohaerentem
1636 1653 1726 1687 mihi,
1737 1653 1807 1681 dicit
1819 1653 1932 1678 Dominus

1208 1692 1389 1720 exercituum
1408 1700 1414 1718 :

1136 1730 1256 1756 Percute
1278 1730 1438 1764 pastorem,
1465 1728 1494 1754 et
1518 1726 1829 1764 dispergentur_oves:
1844 1724 1931 1750 etcen-

1207 1760 1318 1791 vertam
1335 1771 1456 1791 manum
1473 1760 1784 1797 meam’ad’parvulos.

1136 1799 1171 1827 Et
1186 1802 1272 1827 erunt
1288 1800 1315 1827 in
1332 1799 1412 1827 omni
1430 1801 1516 1833 terra,
1532 1797 1603 1826 dicit
1616 1797 1788 1833 Dominus}

1172 1837 1271 1871 partes
1284 1835 1347 1863 duas
1363 1835 1391 1862 in
1406 1830 1671 1871 eardispergentur,
1690 1835 1720 1860 et
1735 1830 1878 1862 deﬁcient;

1171 1869 1200 1898 et
1215 1871 1301 1899 tertia
1315 1879 1381 1907 pars
1395 1869 1578 1906 relinquetur
1592 1869 1620 1896 in
1631 1877 1680 1907 ea.

1136 1907 1170 1934 Et
1185 1907 1288 1935 ducam
1307 1905 1419 1934 tertiam
1436 1905 1548 1941 partem
1565 1913 1614 1941 per
1630 1905 1742 1940 ignem,

1171 1945 1199 1970 et
1214 1951 1296 1970 uram
1312 1951 1361 1970 eos
1377 1943 1453 1970 sicut
1469 1942 1565 1969 uritur
1578 1942 1748 1976 argentum,

1171 1981 1199 2006 et
1215 1978 1343 2015 probabo
1359 1985 1409 2006 eos
1425 1978 1502 2005 sicut
1515 1977 1655 2013 probatur
1670 1982 1791 2004 aurum.

1136 2015 1201 2050 Ipse
1215 2014 1331 2042 vocabit
1345 2021 1451 2042 nomen
1468 2021 1578 2046 meum,

1170 2052 1199 2078 et
1213 2058 1266 2086 ego
1281 2050 1435 2086 exaudiam
1451 2057 1529 2077 eum.

1136 2085 1258 2114 Dicam’:
1276 2085 1408 2122 Populus
1421 2093 1504 2113 meus
1519 2093 1550 2113 es
1568 2092 1575 2111 :

1170 2125 1198 2150 et
1212 2122 1274 2158 ipse
1290 2122 1376 2154 dicet,
1393 2121 1535 2158 Dominus
1549 2122 1623 2158 Deus
1639 2126 1747 2158 meus_._
1769 2152 1787 2158 __
1831 2145 1923 2158 “ML:

1134 2158 1206 2194 (Cap
1224 2151 1317 2194 'XIV.)
1334 2151 1405 2185 Ecce
1419 2157 1537 2194 venient
1547 2156 1600 2194 (xtl.
1613 2153 1749 2194 veniunt)
1760 2152 1821 2194 dies
1830 2151 1932 2179 Domini.

1170 2190 1197 2221 et
1213 2190 1380 2220 dividentur
1395 2192 1488 2228 spolia
1504 2190 1554 2220 tua
1568 2191 1598 2218 in
1612 2190 1710 2228 medio
1727 2190 1780 2228 tui_.
1840 2222 1844 2227 η

1134 2230 1168 2257 Et
1183 2230 1364 2292 cpngregabo
1381 2224 1482 2257 omnes
1497 2229 1598 2264 gentes
1612 2227 1646 2254 ad
1658 2224 1824 2254 Jerusalem
1838 2224 1864 2249 iu
1879 2226 1933 2255 pw-

1214 2273 1287 2292 ium.

1214 2273 1287 2298 ium,

1167 2302 1195 2328 et
1210 2301 1343 2336 capietur
1356 2300 1468 2334 civitas,

1166 2339 1195 2364 et
1209 2337 1403 2364 vastabuntur
1417 2337 1534 2368 domus,

1167 2375 1196 2400 et
1211 2372 1346 2400 mulieres
1361 2372 1548 2400 violabuntur
1565 2378 1572 2397 :
1699 2403 1704 2405 Α
1804 2401 1820 2405 ν,
1842 2400 1847 2405 _

1131 2408 1165 2436 Et
1179 2408 1346 2444 egredietur
1362 2408 1457 2436 media
1474 2415 1541 2444 pars
1556 2404 1681 2444 civitatis
1698 2403 1729 2431 in
1745 2400 1933 2444 captivitatem.

1167 2437 1356 2479 etureliquum
1373 2437 1546 2480 populi‘non
1559 2441 1709 2480 auferetur
1724 2447 1759 2467 ex
1774 2437 1853 2480 urbe.

1130 2470 1322 2543 Eteg’fledietu
1328 2470 1500 2515 ribouiinus,
1510 2470 1539 2507 et
1549 2476 1734 2514 przeliabitur
1743 2475 1842 2503 contra
1851 2470 1933 2508 gentes

1202 2524 1210 2543 1
1236 2524 1279 2543 as.

1202 2524 1279 2549 nias,

1166 2551 1243 2579 sicut
1258 2547 1405 2587 prmliatus
1422 2552 1466 2579 est
1482 2552 1511 2578 in
1527 2549 1573 2587 die
1582 2547 1771 2587 certaminis.

1130 2577 1511 2622 Etstibﬁhi’ﬁééés'£an
1526 2586 1556 2613 in
1572 2585 1618 2613 die
1633 2583 1684 2612 illa
1710 2590 1802 2619 super
1826 2577 1934 2607 montem

1202 2623 1360 2650 Olivarum.

1237 2631 1360 2655 warum,

1165 2659 1216 2694 qui
1232 2661 1276 2687 est
1289 2662 1389 2687 contra
1403 2657 1568 2687 Jerusalem
1585 2656 1621 2684 ad
1636 2654 1780 2684 orientem
1796 2661 1803 2680 :

1131 2740 1144 2766 ει
1160 2730 1214 2758 Pro
1238 2729 1494 2766 pseudoprophetis,
1518 2728 1624 2765 inquit,
1644 2727 1672 2755 in
1701 2725 1840 2766 Hebraico
1858 2721 1932 2766 fitﬁt};

1129 2765 1189 2793 lute
1205 2760 1347 2802 leguntur
1365 2760 1567 2802 prophetaeﬂd-
1579 2760 1633 2799 est,
1648 2771 1752 2802 Nesis,
1769 2760 1817 2797 qui
1840 2760 1931 2802 et‘ipil

1129 2794 1401 2838 pseudo'prophet'as
1414 2794 1597 2838 ‘signiﬁcant
1608 2811 1615 2835 ;
1628 2794 1633 2799 ’
1644 2799 1695 2827 sed
1709 2837 1712 2838 ν
1733 2794 1828 2825 tamen
1839 2830 1846 2838 '
1856 2794 1881 2838 et

1128 2830 1255 2866 ethnicis
1270 2830 1436 2867 sacerdotes
1451 2830 1597 2866 idolorum
1610 2830 1756 2865 vocantur
1769 2830 1904 2870 ρνορλιιε·
1917 2835 1928 2849 ⁹
