4050 6182
403 222 542 278 1139

1440 232 1498 285 Β.
1544 233 1952 286 HIERONYMI
1987 233 2242 286 DlVlNA
2276 231 2771 286 BIBLIOTHKCA.

3686 220 3806 278 1140

406 348 675 417 mistum,
709 355 764 406 et
797 351 984 406 medie
1007 356 1393 423 temperatum
1427 369 1617 425 genus
1649 353 2054 431 translationis
2083 365 2136 433 Α
2167 353 3237 427 dumquealiudloquitur,aliudagit:
3266 351 3392 408 utsi
3429 349 3577 406 velis
3592 348 3804 420 anguil-

407 440 915 510 expresserint:et
972 441 1170 495 omnia
1199 440 1422 496 Veteris
1455 442 1832 498 lnstrumenti
1883 443 2048 498 volu-

415 527 578 583 mina
644 528 922 599 Origenes
980 528 1165 584 obelis
1246 530 1660 602 asteriscisque
1691 533 2050 602 distinxerit,

413 633 562 688 quos
575 615 658 671 vel
678 617 930 684 additos,
947 619 1034 672 vel
1063 619 1132 673 de
1145 617 1540 674 Theodotione
1563 637 1629 674 su
1642 637 1692 674 m
1705 626 1851 691 ptos,
1867 624 2056 677 trans-

409 703 612 760 lationi
671 709 924 776 antiquae
955 706 1225 776 inseruit,
1287 707 1543 780 probans
1593 709 1851 766 defuisse
1900 711 2056 784 quod

413 793 678 850 additum
712 799 820 850 est.
851 794 1092 850 Discant
1113 795 1296 867 igitur
1328 797 1752 854 obtrectatores
1773 801 1884 855 mei
1910 801 2058 856 reci-

413 898 550 955 pere
596 883 656 938 in
690 887 832 953 toto,
881 886 1036 956 quod
1087 885 1146 939 in
1181 885 1443 956 partibus
1473 894 1914 960 suscseperunt,
1961 895 2064 945 aut

415 972 961 1044 interpretationem
983 990 1172 1028 meam
1205 990 1337 1029 eum
1358 975 1658 1031 asteriscis
1679 976 1803 1032 suis
1836 979 2057 1034 radere.

417 1059 618 1132 Neque
647 1062 804 1116 enim
839 1061 961 1116 fieri
985 1067 1195 1133 potest,
1232 1069 1296 1117 ut
1320 1080 1465 1134 quos
1486 1063 1652 1135 plura
1677 1065 2066 1122 intermisisse

418 1151 822 1222 perspexerint
859 1153 898 1214 ¹.
932 1168 1046 1206 non
1106 1153 1341 1207 eosdem
1377 1153 1551 1208 etiam
1600 1154 1656 1207 in
1709 1155 2064 1226 quibusdam

419 1253 650 1294 errasse
683 1238 993 1306 fateantur,
1031 1241 1318 1312 pracipue
1350 1241 1407 1294 in
1438 1241 1550 1296 Job
1583 1260 1598 1295 :
1633 1243 1725 1298 cui
1759 1245 1806 1298 si
1841 1262 1908 1299 ea
1940 1262 2068 1316 qua:

422 1327 533 1381 sub
547 1327 847 1383 asteriscis
868 1328 1068 1383 addita
1081 1334 1240 1399 sunt,
1262 1329 1641 1400 subtraxeris,
1662 1349 1797 1402 pars
1813 1334 2070 1388 maxima

421 1414 743 1473 voluminis
788 1415 807 1450 ²
839 1416 1320 1472 detruncabitur:
1356 1422 1411 1472 et
1459 1418 1567 1474 hoc
1601 1420 1882 1475 duntaxat
1914 1423 2069 1493 apud

425 1504 676 1560 Graecos.
709 1507 989 1560 Caeterum
1021 1507 1176 1576 apud
1213 1505 1466 1575 Latinos,
1499 1513 1634 1563 ante
1666 1525 1792 1563 eam
1819 1510 2072 1565 transla-

423 1593 668 1661 tionem,
699 1611 872 1664 quam
933 1595 1043 1650 sub
1075 1596 1373 1651 asteriscis
1405 1601 1461 1650 et
1512 1597 1695 1653 obelis
1733 1615 1919 1670 nuper
1947 1601 2072 1655 edi-

426 1681 646 1753 dimus,
695 1683 1051 1756 septingenti
1095 1686 1276 1739 ferme
1336 1690 1438 1740 aut
1484 1686 1803 1758 octingenti
1871 1705 2070 1744 versus

427 1773 643 1828 desunt
674 1779 731 1839 3;
767 1778 829 1829 ut
859 1775 1202 1829 decurtatus
1255 1779 1311 1830 et
1341 1773 1634 1832 laceratus
1682 1793 2072 1850 corrosusque

427 1861 597 1932 liber,
617 1863 930 1920 foeditatem
951 1864 1038 1919 sui
1057 1864 1288 1936 publice
1305 1864 1636 1936 legentibus
1659 1869 1929 1938 praebeat.
1947 1869 2078 1926 Haec

345 1993 348 1996 .
429 1957 625 2010 autem
683 1953 989 2009 translatio
1048 1953 1278 2010 nullum
1337 1956 1408 2011 de
1440 1956 1731 2012 veteribus
1763 1960 2080 2030 sequitur‘

430 2043 814 2115 interpretum
843 2061 857 2099 :
891 2045 990 2098 sed
1025 2060 1094 2099 ex
1118 2047 1242 2115 ipso
1269 2045 1547 2100 Hebraico
1578 2048 1941 2120 Arabicoque
1964 2067 2082 2105 ser-

431 2148 627 2204 mone,
668 2138 725 2188 et
756 2133 1049 2188 interdum
1068 2134 1231 2204 Syro,
1258 2149 1413 2188 nunc
1443 2135 1636 2200 verba,
1666 2152 1822 2190 nunc
1846 2153 2079 2209 sensus,

432 2239 588 2278 nunc
628 2223 808 2278 simul
849 2228 1164 2293 utrumque
1215 2225 1530 2280 resonabit.
1589 2226 1879 2298 Obliquus
1922 2229 2080 2284 enim

434 2311 608 2368 etiam
633 2312 787 2382 apud
813 2310 1081 2368 Hebraeos
1101 2312 1420 2369 totusliber
1433 2314 1619 2369 fertur
1639 2320 1694 2370 et
1713 2315 1978 2373 lubricus
1996 2336 2009 2385 ;
2026 2322 2086 2374 et

439 2402 596 2473 quod
656 2401 851 2456 Grmce
909 2399 1174 2458 rhetores
1215 2403 1236 2437 ⁸
1291 2409 1525 2472 vocant,
1585 2401 2083 2479 ἐσχηματισμένος,

520 2621 808 2703 {_Vitiose
837 2621 1065 2703 lectum
1095 2642 1126 2678 a
1159 2624 1492 2703 Martianaao
1542 2629 1897 2703 susceperint,
1932 2633 2087 2703 quod

449 2693 678 2750 nullum
712 2695 924 2763 reddit,
958 2700 1059 2750 aut
1088 2702 1239 2752 certe
1264 2693 1705 2754 incommodum
1729 2693 1990 2760 sensum.
2026 2704 2088 2760 In

448 2765 733 2848 Apolpgian
844 2767 1032 2848 Patris
1063 2772 1263 2824 contra
1296 2769 1571 2848 Rufinum
1605 2771 1705 2826 lib.
1728 2789 1769 2827 ιι
1801 2791 1964 2832 num.
1997 2778 2088 2848 29,

448 2837 981 2918 ubiUl’riefationem
1015 2837 1164 2894 hanc
1213 2856 1380 2896 suam
1429 2842 1607 2918 _verbo
1657 2848 1828 2918 tenus
1860 2837 2090 2918 repetit,

2157 454 2273 508 tam
2289 452 2391 500 aut
2406 444 2816 500 muraenulam‘
2830 445 3054 500 strictis
3075 450 3271 499 tenere
3287 442 3804 510 manibus,quanto

2161 531 2370 589 fortius
2386 534 2688 604 presseris,
2711 539 2874 589 tanto
2887 534 3066 589 citius
3083 531 3351 589 elabitur.
3372 530 3624 586 Memini
3645 545 3732 584 me
3744 530 3804 584 ob

2159 613 2611 695 intelligentiam
2626 623 2802 694 hujus
2815 622 3151 693 voluminis,
3169 622 3486 691 Lyddasum
3503 618 3805 690 quemdam

2160 713 2180 747 ’³
2211 717 2651 784 praeceptorem,
2685 713 2824 783 quid
2853 713 3010 784 apud
3042 712 3317 768 Hebraeos
3351 709 3587 782 primus
3621 706 3809 762 haberi

2165 802 2504 873 putabatur,
2538 818 2653 856 non
2703 801 2900 874 parvis
2952 801 3276 857 redemisse
3309 798 3615 854 nummis:
3651 796 3809 866 cujus

2167 891 2433 946 doctrina
2461 907 2534 945 an
2565 890 2789 962 aliquid
2823 889 3192 962 profecerim,
3228 889 3461 944 nescio:
3489 887 3604 942 hoc
3638 901 3811 941 unum

2168 982 2312 1048 scio,
2343 999 2455 1038 non
2491 982 2758 1054 potuisse
2789 997 2882 1037 me
2914 979 3309 1052 interpretari,
3349 978 3462 1034 nisi
3498 977 3661 1049 quod
3695 981 3817 1030 ante

2168 1069 2592 1128 intellexeram.
2621 1073 2666 1126 A
2695 1070 2985 1143 principio
3017 1070 3218 1140 itaque
3243 1067 3584 1136 voluminis,
3637 1079 3815 1136 usque

2172 1160 2243 1215 ad
2276 1161 2452 1215 verba
2505 1159 2637 1224 Job,
2695 1159 2851 1231 apud
2915 1158 3188 1214 Hebreos
3219 1174 3392 1229 prosa
3448 1155 3641 1212 oratio
3691 1153 3819 1210 est'

2173 1251 2348 1306 Porro
2380 1265 2414 1304 a
2442 1249 2633 1305 verbis
2661 1248 2793 1318 Job,
2827 1248 2886 1302 in
2920 1247 3134 1320 quibus
3166 1248 3268 1317 ait,

2387 1370 2585 1422 Pereat
2615 1364 2752 1429 dies,
2785 1366 2844 1420 in
2875 1379 2982 1434 qua
3009 1371 3174 1419 natus
3205 1378 3388 1426 suum,

2465 1445 2516 1492 et
2538 1452 2676 1504 nox,
2695 1436 2754 1491 in
2771 1430 2932 1508 qua—tl
2938 1435 3104 1491 ictum
3127 1439 3532 1505 est,conceptus
3549 1435 3634 1487 est
3651 1430 3824 1496 homo,

2181 1577 2372 1634 usque
2393 1561 2464 1616 ad
2485 1577 2619 1616 eum
2645 1558 2840 1616 locum
2875 1559 2973 1615 ubi
2997 1565 3134 1615 ante
3150 1558 3326 1614 finem
3344 1555 3668 1613 voluminis
3689 1553 3828 1611 scri-

2181 1656 2351 1723 ptum
2383 1654 2474 1705 est
2503 1665 2517 1704 :

2400 1765 2629 1822 Pdcirco
2654 1765 2777 1837 ipse
2811 1781 2898 1837 me
2927 1762 3287 1837 reprehendo,

2469 1847 2522 1894 et
2544 1854 2645 1908 ago
2671 1832 3063 1908 paenitentiam
3103 1835 3164 1891 in
3187 1834 3386 1906 favilla
3417 1837 3473 1890 et
3501 1832 3696 1890 cinere
3718 1850 3736 1887 :

2186 1961 2508 2018 hexametri
2536 1977 2739 2016 versus
2771 1964 2913 2017 sunt
2940 1961 2983 2028 ο,
3015 1957 3244 2031 dactylo
3275 1958 3679 2030 spondeoque
3708 1973 3826 2011 cur-

2189 2055 2385 2106 rentes
2412 2069 2426 2108 :
2451 2055 2509 2106 et
2530 2054 2766 2122 propter
2793 2048 3007 2121 lingua:
3049 2047 3286 2114 idioma,
3311 2048 3516 2102 crebro
3559 2045 3832 2117 recipien-

2189 2144 2276 2196 tes
2309 2144 2365 2195 et
2397 2139 2544 2196 alios
2575 2139 2770 2212 pedes,
2804 2155 2921 2195 non
2952 2137 3293 2193 earumdem
3317 2135 3712 2208 syllabarum,
3740 2134 3828 2190 sed

2191 2230 2531 2286 eorumdem
2557 2233 2912 2299 temporum.
2942 2226 3245 2283 Interdum
3272 2240 3510 2297 quoque
3531 2223 3829 2296 rbytbmus

2192 2318 2320 2390 ipse
2351 2316 2539 2373 dulcis
2570 2322 2627 2373 et
2654 2315 2927 2372 tinnulus
2949 2315 3134 2371 fertur
3162 2313 3428 2370 numeris
3449 2312 3578 2385 lege
3611 2313 3830 2369 metri"

2193 2406 2401 2463 solutis
2427 2423 2440 2461 :
2475 2406 2631 2480 quod
2656 2404 2897 2462 metreci
2928 2404 3141 2477 magis,
3173 2419 3349 2476 quam
3373 2401 3629 2474 simplex
3668 2401 3833 2458 lector

2198 2645 2364 2696 num,
2424 2627 2746 2700 praesertim
2804 2643 2938 2682 cum
2999 2625 3072 2700 de
3122 2623 3315 2680 medio
3365 2622 3502 2678 libri
3537 2622 3695 2700 _J_ob_,
3727 2622 3829 2678 ait:

2199 2723 2228 2752 ‹‹
2249 2695 2502 2755 Rursum
2525 2699 2779 2771 plurima
2797 2715 2898 2771 per
2913 2697 3172 2752 medium
3196 2701 3384 2771 totum
3399 2695 3555 2766 apud
3578 2695 3835 2771 tlebraeos

2199 2771 2389 2846 posita
2407 2765 2935 2850 rppériuptuﬂnop
2959 2768 3272 2850 item‘apu‘d
3297 2783 3403 2850 n_os
3429 2765 3451 2820 Ξ
3467 2765 3837 2850 saepiusque-

2199 2840 2331 2899 turo
2363 2841 2451 2898 vel
2475 2840 2602 2897 tres
2620 2844 2859 2914 (versus
2889 2841 3123 2914 desunt)
3155 2840 3465 2914 interdum
3479 2844 3538 2893 et
3567 2842 3836 2914 quatuor:

445 2909 818 2984 restituimus
842 2910 1068 2981 pridem
1117 2911 1518 2982 perspexerint,
1567 2916 1721 2984 quod
1751 2909 1993 2972 verbum
2037 2909 2094 2974 et
2202 2914 2415 2984 decim,
2441 2909 2692 2969 sedecim
2717 2909 3215 2984 etnovemdecim.
3241 2912 3308 2966 Et
3328 2909 3588 2984 quidme
3625 2913 3841 2979 oportet

447 2981 809 3067 recte‘babet
837 2980 969 3036 cum
1001 2980 1201 3067 sepsu,
1232 2980 1284 3038 et
1309 2984 1366 3039 in
1399 2985 1471 3039 iis
1501 2980 1700 3067 etiam,
1727 3003 1875 3057 quos
1905 2990 2095 3067 editor
2203 2987 2321 3041 haec
2343 2980 2718 3067 enumerare,
2739 3002 2878 3067 qua:
2910 2983 3120 3067 m'ulto.
3146 2980 3744 3052 labore'collegimus,
3777 2995 3842 3036 ne

447 3051 853 3130 genedictinus
882 3053 1204 3130 consuluit,
1238 3071 1382 3130 mss.
1437 3051 1760 3130 codicibus'
1777 3060 2086 3130 reperitur.

445 3122 842 3198 Nihilosecius
875 3139 1032 3198 nunc
1062 3124 1261 3198 malim
1308 3127 1377 3180 ad
1412 3128 1812 3198 antiquissimi
1844 3122 2088 3188 l’alatini

447 3193 621 3269 fidem
654 3192 943 3269 quidquid
974 3194 1118 3249 illud
1141 3199 1231 3250 est
1261 3192 1690 3269 verbi,penitus
1711 3200 1846 3257 hinc
1867 3202 1976 3259 loci
2001 3219 2091 3260 ex-

448 3267 684 3344 sulare:
721 3270 784 3320 ut
815 3264 998 3344 multo
1044 3268 1370 3344 elegantius
1402 3264 1814 3344 subintelligas
1846 3289 1948 3344 pro
1997 3291 2086 3342 eo,

444 3337 718 3420 fatentur,
747 3353 814 3392 ex
870 3337 1258 3420 subsequenti
1289 3339 1504 3397 isocolo
1527 3359 1568 3420 _:
1600 3337 1928 3420 sensusque
1986 3337 2088 3414 sit,

446 3411 572 3465 lieri
604 3425 729 3485 non
745 3415 1003 3485 possent
1025 3426 1174 3479 quos
1190 3411 1464 3485 fatentur,
1484 3414 1654 3483 plura
1676 3411 2088 3485 intermisisse,

450 3497 566 3536 non
597 3483 826 3535 eosdem
861 3481 1173 3548 fateantur,
1209 3482 1268 3536 in
1295 3481 1648 3549 quibusdam
1682 3485 2006 3543 aberrasse.

520 3552 543 3586 ³
573 3553 745 3606 Abest
774 3567 807 3604 a
837 3549 1101 3629 Palatino
1147 3568 1255 3606 ms.
1287 3551 1350 3605 τό
1382 3554 1695 3629 voluminis,
1738 3557 1965 3629 integro
2000 3563 2089 3614 ta.

451 3639 586 3678 men
645 3624 1000 3700 s_ensu.h_{ox
1058 3639 1290 3700 quoque
1320 3634 1448 3680 ante
1505 3627 1808 3683 editionem
1855 3624 2088 3700 legitur,

450 3711 554 3766 pro
585 3697 712 3750 ante
734 3710 857 3750 eam
886 3693 1336 3766 translationem.

520 3767 543 3800 ³
571 3767 897 3846 Falsusest
925 3765 1020 3821 hic
1054 3782 1310 3846 nuperus
1340 3772 1562 3846 auctor,
1598 3773 1661 3846 ut
1690 3769 1749 3826 in
1777 3769 1906 3827 aliis
1946 3771 2092 3828 locis

449 3837 594 3894 bene
627 3837 854 3912 multis,
883 3853 1017 3912 cum
1052 3837 1408 3912 opinationis
1467 3840 1710 3912 proprias
1761 3850 2093 3900 commenta

444 3906 1165 3990 tanquam-intelligentia
1196 3911 1354 3990 leges
1382 3906 1550 3990 nobis
1574 3906 1826 3990 deﬁnire
1872 3932 2091 3990 praesu-

448 3983 580 4054 mit.
613 3981 919 4054 Aitiigitur
948 3981 1291 4054 lib._1,_pag.
1323 3983 1377 4050 6,
1429 3982 1694 4054 Historiae
1727 4002 1844 4040 suae
1872 3981 2090 4042 criticis

445 4051 677 4128 veteris
711 4051 1096 4128 Testamenti,
1129 4051 1444 4128 boc'modo
1477 4053 1830 4128 legendum:
1863 4058 2092 4128 Septua-

445 4125 609 4198 ginta
639 4122 816 4194 ferme
845 4125 937 4198 aut
969 4126 1244 4198 octoginta
1276 4140 1459 4198 versas
1487 4122 1704 4195 desunt,
1739 4144 1851 4183 non
1883 4122 2090 4198 sepltu-

443 4195 598 4322 penti
623 4196 923 4279 fermeaut
960 4195 1284 4278 octingenti.
1315 4196 1566 4265 Scilicet,
1589 4269 1599 4279 _
1621 4198 1840 4271 legerat
1871 4195 2090 4271 episto-

467 4284 560 4322 am
596 4267 814 4322 Ussern
866 4267 1214 4322 Amarchant
1251 4268 1320 4322 ad
1385 4267 1738 4322 Ludoncum
1791 4273 2090 4322 Canellum

467 4284 560 4323 am
596 4267 831 4342 Usserii
866 4267 1214 4342 Amarcliani
1251 4267 1738 4342 adLLudovicuin
1782 4267 2090 4342 ,Capellum

443 4341 652 4415 inqua
681 4340 770 4394 vir
808 4340 1014 4394 doctus
1070 4338 1140 4415 de
1195 4337 1486 4415 versibus,
1547 4357 1646 4395 seu
1707 4337 2090 4415 crixoielibri

2203 3075 2311 3113 nos
2341 3056 2546 3112 lateret
2575 3054 2893 3113 discrimen
2946 3054 3332 3110 Judaicorum
3390 3059 3842 3122 nostrorumque

2119 3095 2162 3162 θ
2200 3127 2622 3199 exemplarium
2651 3129 2678 3184 ‘t
2698 3150 2725 3177 ι)
2744 3129 3027 3199 caeterum
3051 3125 3320 3199 nonnulli
3346 3141 3490 3199 mss,
3522 3123 3676 3179 hanc
3701 3095 3844 3199 pile-

2195 3193 2392 3256 ferunt
2441 3199 2642 3255 eodem
2700 3199 2761 3254 in
2795 3198 2921 3255 loco
2981 3197 3302 3253 variantem
3355 3195 3669 3251 lectionem
3706 3193 3720 3248 Ξ
3755 3193 3842 3248 Se-

2192 3274 2468 3344 ptingenti
2495 3273 2672 3344 ferme
2725 3279 2829 3326 aut
2859 3271 3162 3344 octingenti
3215 3283 3408 3324 versus
3444 3274 3596 3335 sunt,
3658 3265 3846 3338 quibus

2196 3343 2508 3400 decurtatus
2539 3347 2589 3397 et
2632 3343 2922 3409 laceratus,
2955 3346 3064 3397 etc.
3090 3343 3272 3395 Maa'r.

2269 3414 2291 3448 ‘
2322 3414 2578 3470 Verbum
2634 3407 2916 3486 sequitur,
2940 3413 2998 3467 in
3056 3411 3323 3486 Palatino
3356 3424 3467 3486 m_s.
3502 3407 3597 3463 hic
3652 3412 3842 3486 tacet:

2199 3501 2336 3540 mox
2363 3486 2643 3556 renovavit
2671 3479 2899 3556 legitur
2919 3499 3027 3556 pro
3041 3483 3361 3556 resonabit.
3370 3481 3683 3556 Caeterum
3712 3485 3769 3534 et
3787 3479 3844 3534 S.

2198 3555 2516 3628 Gregorius
2557 3551 2799 3627 Magnus
2827 3551 2959 3611 Job:
2993 3554 3209 3628 librum
3242 3569 3310 3610 ex
3341 3551 3582 3607 Hebraeo
3613 3557 3679 3606 et
3708 3558 3846 3605 Ara-

2197 3625 2342 3683 bico'
2360 3643 2629 3683 sermone
2654 3625 2928 3683 constare
2957 3625 3155 3681 tradit.

2271 3699 2293 3734 ⁸
2331 3698 2576 3754 Palatia.
2613 3715 2751 3769 ms.,
2784 3698 2960 3755 Graeci
2987 3696 3252 3752 rhetores.

2271 3771 2293 3805 ⁶
2323 3769 2710 3826 Restituimus
2741 3769 3136 3831 muraenalam,
3169 3781 3348 3838 quam
3379 3768 3676 3838 vocemet
3707 3780 3848 3838 mss.

2201 3857 2404 3897 omnes
2434 3849 2488 3897 et
2505 3843 2852 3897 vetustiores
2881 3840 3168 3896 editiones
3192 3835 3528 3910 praeferunt.
3548 3835 3647 3890 Sic
3675 3835 3855 3910 etiam

2200 3913 2372 3977 Beda,
2402 3918 2575 3982 atque
2606 3912 2700 3966 alii
2736 3912 2940 3968 media:
2974 3910 3164 3966 aetatis
3184 3906 3500 3980 scriptores
3531 3906 3693 3978 apud
3722 3907 3859 3962 Hie-

2201 4000 2513 4052 ronymum
2573 3983 2797 4054 legunt.
2857 3983 3227 4054 Martianmus
3285 3985 3857 4054 autem‘mura'nagu

2202 4049 2439 4110 rescribi
2473 4049 2678 4123 voluit,
2703 4055 2812 4110 hac
2843 4055 3056 4110 ductus
3079 4053 3324 4118 ratione,
3356 4049 3512 4123 quod
3533 4050 3856 4123 murenam

2201 4119 2958 4200 ὺποκοριᾳτικῶςόειιοηυξα
3013 4125 3307 4200 diceretur
3361 4119 3398 4200 ᾖ
3455 4119 3855 4200 similitudine

2202 4193 2390 4270 piscis
2409 4198 2493 4254 sic
2544 4197 2927 4270 dictoaQuasi
2962 4195 3158 4270 minus
3215 4195 3287 4250 de
3319 4193 3498 4270 pisce,
3558 4207 3743 4270 quam
3789 4193 3859 4247 de

2201 4263 2485 4338 ejusmodi
2519 4269 2806 4336 catenula,
2840 4285 2969 4340 quae
3001 4272 3058 4322 et
3087 4267 3146 4322 in
3177 4263 3445 4340 Canticis_
3477 4265 3849 4340 canticorum

2199 4334 2361 4410 (Cap.
2396 4358 2436 4406 ι,
2469 4357 2609 4396 vers.
2645 4342 2733 4411 10)
2765 4334 3248 4411 memoratur,_ex
3273 4335 3546 4411 _nominis
3576 4334 3852 4406 analogia

439 4403 1637 4492 Job'd.i_ssercns,.appositeistudobservat
1661 4403 2086 4492 :_-_He‘sychius,
2125 4428 2166 4492 ι)
2200 4403 2399 4492 posset
2423 4403 2772 4492 diminutiva
2804 4412 2980 4492 modo
3009 4403 3314 4492 appellari.

442 4483 658 4554 inquit,
691 4483 774 4554 vel
809 4481 1144 4552 quicunque
1177 4482 1538 4554 ineditarumﬁ
1575 4483 1630 4536 in
1674 4481 2085 4542 libros—sacros

444 4553 860 4626 llypothesium
892 4558 1096 4626 auctor
1129 4553 1257 4626 fuit,
1281 4553 1658 4626 distinctione
1689 4555 1783 4610 hic
1805 4556 2090 4626 adhibita,

442 4624 660 4702 librum
713 4625 821 4680 Job
855 4625 983 4702 sine
1042 4624 1342 4702 asteriscis
1401 4625 1636 4702 quidem
1680 4628 1840 4702 i600.
1875 4625 2090 4702 στίχοις

442 4697 724 4753 habuisse
774 4701 953 4759 notat,
991 4711 1121 4751 cum
1158 4697 1459 4752 asteriscis
1490 4713 1622 4752 vero
1673 4699 1834 4753 2200.
1865 4721 1892 4747 »
1925 4697 2088 4762 Quod

443 4770 695 4841 perfecte
733 4768 980 4838 quadrat
1011 4766 1080 4841 ad
1113 4768 1516 4841 vetustissima
1546 4770 1914 4841 antiquitatis
1964 4788 2088 4826 mo-

442 4838 767 4897 numenta:
826 4855 960 4913 nam
1030 4838 1342 4913 Catalpogus
1402 4838 1705 4913 librorum'
1740 4841 2088 4913 _Scripturaa

437 4931 617 4970 sacra:
691 4910 1077 4985 concinnatus
1134 4911 1205 4966 ad
1239 4910 1258 4913 ⁷
1291 4911 1697 4985 νειυεῑὶοιδεδωΔ
1738 4910 2086 4985 Hieronymo

436 4986 704 5041 Latinam
738 4982 1077 5055 editionem,
1113 4988 1169 5055 et
1201 4989 1334 5055 ante
1364 5000 1550 5055 annos
1576 4981 1735 5037 mille
1757 4981 2087 5055 exscriptus

431 5059 490 5113 in
554 5059 666 5112 fine
700 5055 880 5110 nostri
945 5053 1262 5110 voluminis
1331 5054 1724 5125 Epistolarum
1781 5060 1838 5110 8.
1899 5053 2084 5122 Pauli,

435 5130 638 5186 tribuit
669 5128 819 5183 libro
867 5125 980 5180 Job
1015 5141 1320 5180 numerum
1357 5145 1397 5181 M
1431 5143 1500 5181 nc
1531 5143 1831 5193 versuum,
1865 5127 1920 5182 id
1971 5134 2082 5194 est,

433 5204 593 5257 1600.
631 5201 692 5256 In
750 5196 1186 5268 exemplaribus
1241 5202 1439 5253 autem
1493 5198 1746 5252 Canonis
1797 5198 2085 5255 hebraica

426 5274 724 5338 ventilatis,
758 5287 884 5342 Quae
927 5271 1207 5341 στιχηρῶς
1233 5269 1364 5324 Jobi
1395 5268 1666 5324 volumen
1701 5268 1919 5325 habent
1957 5271 2082 5327 dis-

430 5350 678 5402 tinctum
741 5361 805 5398 ac
849 5343 1232 5411 descriptum,
1292 5345 1675 5396 numerantur
1709 5357 1811 5410 per
1861 5342 1988 5396 cola
2027 5351 2082 5398 et

431 5423 725 5474 commata
783 5430 987 5468 versus
1018 5415 1128 5466 duo
1188 5413 1372 5467 millia
1401 5413 1621 5466 ducenti
1681 5415 1853 5479 vigvli
1879 5422 2078 5483 septem

429 5492 514 5544 vel
545 5487 812 5554 (nuptias.
879 5485 1040 5538 Unde
1073 5484 1447 5539 manifestum
1481 5488 1670 5539 exstat
1721 5485 1932 5538 librum
1966 5485 2075 5539 Job

429 5561 581 5630 apud
636 5560 874 5614 Latinos
905 5555 1180 5610 mutilum
1225 5555 1417 5630 fuisse
1467 5555 1862 5630 septingentis,
1895 5557 2076 5612 ferme

430 5627 695 5684 versibus
729 5634 860 5680 ante
892 5644 1016 5681 eam
1051 5627 1520 5688 translationem,
1565 5644 1740 5696 quam
1775 5629 1887 5681 sub
1919 5632 2072 5682 aste-

429 5699 597 5768 riscis
628 5706 681 5749 et
713 5699 898 5750 ulmlis
932 5698 1322 5765 Hieronymus
1352 5698 1557 5768 edidit.
1595 5699 2073 5768 [fateturquoque

423 5767 770 5838 hujusmodi
798 5769 1057 5826 defectus
1085 5768 1360 5840 Origenes
1384 5769 1440 5825 in
1471 5767 1722 5842 epistola
1753 5768 1824 5824 ad
1853 5767 2073 5826 Africa-

2268 4515 2336 4525 ——
2368 4484 2430 4538 In
2461 4483 2654 4551 editis,
2687 4483 2867 4550 inque
2927 4481 3198 4553 pluribus
3230 4494 3374 4553 mss.
3414 4492 3518 4548 pro
3541 4491 3856 4553 _mura'na,

2201 4560 2469 4622 corrupte
2491 4547 2848 4610 murennlam
2872 4547 3142 4622 legimus.
3167 4559 3220 4606 et
3243 4551 3375 4622 quis
3399 4547 3620 4622 nesciat
3640 4562 3855 4604 mura-

2197 4643 2336 4680 nam
2369 4618 2496 4682 esse
2521 4627 2736 4696 piscem
2771 4641 2883 4680 non
2913 4618 3592 4696 dissimilem'anguillaa,
3633 4633 3852 4696 mura:-

2197 4699 2392 4752 nulam
2414 4692 2607 4753 autem
2623 4697 2756 4752 colli
2780 4711 2985 4752 aurum
3010 4695 3165 4765 quod
3184 4694 3263 4748 ita
3286 4698 3588 4765 nuncupat
3605 4692 3846 4765 vulgus,

2199 4769 2545 4837 Hieronymo
2576 4769 2880 4824 tradente:
2915 4759 3058 4837 quia
3100 4765 3326 4821 scilicet
3361 4759 3606 4837 metallo
3638 4759 3848 4815 in'vir-

2196 4840 2366 4911 gulas
2415 4833 2768 4895 lentescente
2799 4833 3063 4911 quaedam
3097 4837 3322 4911 ordinis
3351 4833 3592 4911 flexuosi
3624 4842 3852 4911 _catena

2195 4903 2548 4970 contexitur.
2580 4928 2648 4966 ex
2669 4903 2848 4982 piscis
2882 4903 3679 4982 utiqueimagineyocabulo
3708 4920 3848 4982 con-

2194 4983 2467 5110 lformahtdo.
2490 4982 2634 5038 Vide
2664 4974 2831 5053 epist.
2875 4985 2954 5037 De
2972 4974 3476 5036 laudibus'Asella:
3497 4976 3570 5032 ad
3597 4974 3845 5030 Marcel~

2218 5071 2334 5110 am.
2429 5071 2556 5109 Αιτιτ.

2218 5071 2309 5109 am
2323 5097 2334 5110 .
2373 5071 2556 5110 MART.

2266 5127 2286 5161 "
2319 5126 2425 5181 Ms.
2465 5124 2686 5180 Palatin
2717 5167 2732 5190 ,
2763 5121 3015 5178 Judaeum
3071 5118 3384 5192 quemdam,
3424 5123 3536 5173 etc.
3582 5117 3843 5173 Dicimus

2191 5213 2259 5254 eo
2289 5199 2358 5252 de
2391 5197 2626 5252 homine
2659 5196 2716 5250 in
2749 5195 2809 5252 S.
2843 5191 3098 5248 Doctoris
3127 5191 3280 5245 Vita.

2259 5271 2277 5303 '
2301 5271 2435 5324 Mss.
2469 5268 2714 5339 aliquot,
2745 5267 3004 5339 prosaica
3039 5263 3228 5320 oratio
3264 5269 3366 5339 est.
3397 5259 3596 5339 _MAa-r.

2259 5341 2280 5376 ⁹
2307 5339 2387 5395 De
2407 5331 3033 5395 istiusmodi'versibus
3065 5352 3131 5391 ac
3163 5333 3364 5408 metris
3395 5331 3826 5408 Scripturarurn

2187 5411 2515 5468 divinarum
2544 5411 2776 5482 plenius
2807 5410 3176 5482 disputatum
3197 5405 3364 5461 estin
3397 5401 3825 5474 Prolegomenis

2184 5483 2366 5550 hujus
2398 5481 2792 5538 Bibliotheca.
2829 5481 3014 5535 Mm'r.
3067 5549 3080 5552 _
3256 5550 3263 5552 _
3311 5545 3322 5552 .
3387 5545 3442 5552 __
3549 5509 3556 5516 -
3602 5544 3642 5552 η
3684 5543 3695 5552 _
3805 5539 3819 5552 ,

2255 5543 2322 5594 ὲ
2349 5555 2494 5616 Quid
2555 5553 2722 5609 nobis
2752 5553 3020 5606 videatur
3051 5549 3122 5602 de
3155 5545 3359 5603 metris
3386 5545 3565 5602 hisce
3601 5543 3821 5600 Hebraii

2179 5630 2396 5691 textus,
2427 5626 2485 5680 in
2521 5624 2858 5680 Prinfatione
2897 5620 3280 5694 explicemus.
3444 5687 3459 5694 _
3567 5686 3606 5694 _
3681 5684 3692 5694 _
3765 5683 3775 5693 ,

2257 5701 2299 5733 ιυ
2329 5684 2412 5753 tta
2441 5714 2552 5752 ms.
2616 5695 2934 5752 Bibliorum
2973 5684 3295 5748 'sacrorum
3354 5687 3537 5758 codex
3567 5684 3826 5758 Ecclesia;

2181 5768 2601 5834 Narbonensis,
2641 5767 2740 5824 alii
2773 5783 2888 5824 non
2940 5764 3159 5822 habent
3213 5753 3457 5836 verbum
3492 5761 3677 5826 metri,
3725 5753 3823 5811 sed
