4050 6182
394 262 531 319 1143

1440 271 1500 323 Β.
1541 270 1949 325 ΗΙΕΒΟΝΥΜΙ
1986 269 2238 323 DIVINA
2275 266 2771 324 BlBLIOTHECA.

3665 261 3796 317 1144

1971 612 2240 670 INCIPIT

1488 812 2105 936 LIBER
2243 794 2713 935 JOB‘.

472 1237 630 1310 (Cap.
658 1237 729 1307 Ι.)
756 1235 860 1292 Vir
889 1241 1014 1293 erat
1042 1236 1101 1292 in
1131 1240 1284 1293 terra
1315 1238 1457 1305 Hus,
1509 1238 1745 1293 nomine
1791 1239 1925 1307 Job,
1984 1243 2043 1294 et
2074 1247 2127 1313 Α
2155 1253 2277 1303 eos,
2306 1239 2364 1292 et
2392 1236 2692 1293 irruerunt
2733 1234 2918 1292 Sabaei
2941 1233 3313 1307 tuleruntque
3333 1236 3555 1304 omnia,
3596 1242 3659 1293 et
3680 1253 3818 1309 pue-

404 1331 529 1383 erat
557 1326 644 1383 vir
674 1326 771 1381 ille
795 1326 1065 1399 simplex,
1099 1331 1156 1381 et
1178 1330 1395 1396 rectus,
1420 1344 1486 1383 ac
1520 1326 1733 1383 timens
1763 1328 1975 1396 Deum,
1999 1332 2057 1383 et
2163 1344 2259 1383 ros
2291 1330 2705 1397 percusserunt
2733 1324 2949 1398 gladio,
2975 1330 3032 1380 et
3059 1324 3216 1381 evasi
3245 1341 3351 1397 ego
3372 1325 3557 1395 solus,
3579 1331 3649 1382 ut
3672 1343 3821 1382 nun-

406 1416 682 1472 recedens
713 1432 747 1469 a
778 1414 970 1470 malo:
1002 1415 1241 1487 natique
1276 1420 1418 1471 sunt
1448 1414 1499 1471 ei
1532 1420 1756 1487 septem
1814 1415 1944 1482 filii,
2000 1420 2057 1471 et
2163 1414 2372 1469 tiarem
2408 1413 2535 1469 tibi.
2569 1413 2835 1485 Cumque
2864 1413 3056 1469 adhuc
3084 1413 3181 1469 ille
3239 1413 3603 1485 loqueretur,
3664 1416 3824 1471 venit

407 1509 527 1561 tres
555 1504 709 1559 filiae.
741 1508 809 1559 Et
864 1504 974 1559 fuit
1032 1504 1323 1576 possessio
1378 1505 1528 1575 ejus,
1585 1512 1807 1577 septem
1867 1504 2056 1561 millia

411 1594 626 1661 ovium,
655 1598 712 1649 et
746 1593 851 1647 tria
876 1592 1060 1648 millia
1076 1592 1459 1664 camelorum,
1486 1596 1804 1665 quingenta
1833 1610 2060 1666 quoque

405 1684 553 1756 juga
580 1683 785 1751 boum,
812 1686 869 1737 et
899 1682 1232 1754 quingentae
1265 1683 1465 1753 asinae,
1498 1700 1564 1738 ac
1596 1683 1816 1739 familia
1872 1683 2061 1739 multa

414 1772 634 1829 nimis:
668 1777 911 1843 eratque
940 1772 1027 1827 vir
1051 1771 1149 1827 ille
1179 1788 1430 1844 magnus
1462 1771 1615 1827 inter
1644 1788 1846 1829 omnes
1867 1773 2063 1829 orien-

414 1862 585 1919 tales.
620 1863 688 1916 Et
722 1862 887 1916 ibant
908 1861 1012 1916 ﬁlii
1036 1862 1187 1932 ejus,
1218 1868 1275 1917 et
1298 1862 1585 1918 faciebant
1605 1863 1938 1918 convivium
1964 1879 2065 1935 per

421 1955 651 2018 domos,
682 1951 1093 2023 unusquisque
1123 1950 1182 2005 in
1215 1950 1307 2007 die
1338 1968 1465 2007 suo.
1487 1953 1556 2007 Et
1580 1952 1875 2008 mittentes
1898 1969 2065 2007 voca-

423 2042 566 2097 bant
595 2045 713 2096 tres
744 2057 973 2096 sorores
1005 2058 1168 2108 suas,
1202 2046 1267 2095 ut
1287 2041 1660 2097 comederent
1689 2046 1745 2096 ct
1802 2042 2068 2097 biberent

425 2146 561 2187 cum
585 2130 689 2185 eis.
722 2130 986 2200 Cumque
1018 2130 1076 2185 in
1108 2130 1307 2185 orbem
1345 2130 1699 2185 transissent
1756 2130 1881 2185 dies
1930 2147 2067 2185 con-

425 2219 584 2285 vivii,
642 2218 910 2272 mittebat
965 2218 1036 2272 ad
1110 2234 1208 2273 eos
1286 2218 1444 2285 Job,
1522 2223 1579 2273 et
1664 2218 2070 2274 sanctiﬁcabat

426 2308 560 2363 illos
581 2322 1063 2377 consurgensque
1094 2305 1353 2363 diluculo
1401 2307 1680 2363 offerebat
1732 2306 2070 2363 holocausta

425 2413 532 2469 per
560 2395 827 2467 singulos
856 2396 962 2466 (Al.
988 2395 1114 2467 pro)
1145 2395 1417 2467 singulis.
1450 2395 1689 2451 Dicebat
1740 2397 1935 2453 enim:
1987 2396 2071 2452 Ne

424 2486 574 2541 forte
605 2483 974 2555 peccaverint
1002 2482 1107 2537 ﬁlii
1140 2484 1277 2552 mei,
1310 2487 1367 2540 et
1396 2484 1800 2540 benedixerint
1839 2485 1955 2541 Deo
2010 2484 2069 2539 in

422 2573 699 2631 cordibus
730 2573 876 2629 suis.
899 2573 991 2627 Sic
1015 2572 1258 2628 faciebat
1286 2574 1396 2629 Job
1426 2574 1649 2629 cunctis
1671 2574 1896 2630 diebus.
1921 2576 2070 2640 Qua-

424 2663 561 2717 dam
595 2665 790 2717 autem
820 2661 935 2730 die,
968 2676 1101 2716 cum
1134 2660 1435 2718 venissent
1465 2661 1570 2715 ﬁlii
1607 2661 1727 2731 Dei,
1758 2670 1816 2717 ut
1837 2663 2072 2719 assiste-

425 2755 555 2808 rent
586 2767 783 2806 coram
814 2749 1084 2816 Domino,
1113 2749 1303 2805 adfuit
1333 2751 1485 2806 inter
1514 2767 1613 2807 eos
1644 2752 1819 2807 etiam
1871 2756 2070 2807 Satan.

425 2840 528 2897 Cui
558 2839 703 2895 dixit
732 2838 1019 2896 Dominus
1046 2856 1060 2895 :
1102 2839 1264 2895 Unde
1292 2840 1499 2896 venis?
1551 2839 1659 2907 Qui
1692 2841 2071 2913 reSpondens,

428 2931 545 2987 ait:
578 2928 829 2985 Circuivi
858 2933 1100 2999 terram,
1119 2934 1177 2985 et
1201 2929 1594 2999 perambulavi
1626 2946 1777 2986 eam.
1804 2930 2073 3002 Dixitque

427 3018 712 3073 Dominus
743 3018 815 3073 ad
843 3033 1013 3073 eum:
1047 3017 1344 3090 Numquid
1396 3018 1782 3074 considerasti
1837 3034 2071 3074 servum

428 3122 627 3163 meum
675 3104 806 3173 Job,
869 3106 1025 3176 quod
1087 3122 1202 3161 non
1262 3106 1339 3161 sit
1396 3107 1449 3161 ei
1506 3106 1719 3162 similis
1775 3107 1834 3162 in
1894 3112 2070 3175 terra,

426 3196 603 3251 homo
638 3193 903 3265 simplex,
934 3198 991 3249 et
1019 3198 1236 3263 rectus,
1266 3199 1324 3250 et
1349 3196 1564 3252 timens
1620 3200 1828 3263 Deum,
1860 3212 1926 3252 ac
1984 3213 2073 3252 re-

426 3286 639 3341 cedens
670 3300 704 3340 a
734 3282 928 3340 malo?
959 3283 1064 3338 Cui
1094 3285 1458 3355 respondens
1481 3289 1680 3355 Satan,
1714 3285 1797 3340 ait
1843 3303 1856 3342 :
1888 3289 2073 3340 Num-
2131 3278 2137 3284 ’

426 3374 565 3446 quid
612 3373 829 3428 frustra
856 3372 1025 3429 timet
1054 3374 1163 3429 Job
1194 3379 1378 3429 Deum
1402 3374 1429 3428 ?
1471 3390 1665 3429 nonne
1721 3378 1785 3428 tu
1842 3371 2074 3428 vallasti

423 3478 582 3532 eum,
613 3478 680 3516 ac
710 3462 949 3517 domum
982 3463 1132 3532 ejus,
1168 3463 1618 3534 universamque
1677 3461 2071 3517 substantiam

426 3567 530 3624 per
558 3549 895 3618 circuitum,
927 3551 1206 3621 operibus
1237 3567 1524 3606 manuum
1546 3552 1675 3622 ejus
1698 3550 2071 3615 benedixisti,

426 3642 483 3695 et
512 3638 810 3711 possossio
850 3636 1013 3694 illius
1069 3639 1250 3695 crevit
1295 3639 1355 3694 in
1412 3640 1611 3695 terra?
1669 3640 1775 3696 Sed
1829 3638 2074 3697 extende

428 3727 733 3801 paululum
765 3743 1007 3783 manum
1030 3733 1215 3798 tuam,
1237 3732 1295 3784 et
1315 3733 1490 3802 tange
1512 3734 1721 3785 cuncta
1738 3746 1864 3801 quae
1885 3734 2073 3803 possi-

428 3818 545 3888 det,
574 3818 688 3873 nisi
718 3818 777 3872 in
807 3818 955 3873 facie
984 3823 1085 3873 tua
1133 3819 1240 3889 (Al.
1273 3819 1480 3874 faciem
1512 3819 1696 3891 tuam)
1753 3821 2070 3879 benedixe-

428 3908 506 3963 rit
536 3907 661 3963 tibi.
693 3907 851 3963 Dixit
878 3923 1014 3980 ergo
1045 3904 1329 3964 Dominus
1359 3909 1431 3964 ad
1460 3913 1635 3964 Satan
1670 3926 1683 3963 :
1718 3910 1881 3979 Ecce,
1934 3911 2069 3967 uni-

2102 2619 2149 2685 Β

2166 1504 2333 1572 alter,
2364 1507 2421 1559 et
2450 1502 2597 1558 dixit
2629 1518 2642 1558 :
2676 1502 2835 1575 Ignis
2870 1502 2965 1558 Dei
2996 1503 3210 1558 cecidit
3234 1519 3265 1559 e
3314 1503 3481 1574 coelo,
3516 1509 3572 1559 et
3632 1508 3824 1561 tactas

2168 1610 2301 1649 oves
2333 1608 2665 1664 puerosque
2695 1590 3080 1663 consumpsit,
3113 1596 3172 1647 et
3197 1592 3371 1665 effugi
3404 1609 3508 1663 ego
3539 1592 3731 1662 solus,
3760 1598 3825 1649 ut

2168 1681 2503 1739 nuntiarem
2534 1681 2663 1737 tibi.
2696 1682 2810 1737 Sed
2840 1685 2897 1737 et
2928 1680 3026 1737 illo
3054 1681 3247 1737 adhuc
3305 1680 3607 1754 loquente,
3665 1682 3826 1738 venit

2171 1772 2345 1838 alius,
2376 1774 2433 1826 et
2462 1770 2644 1825 dixit:
2677 1770 2931 1827 Chaldaei
2970 1770 3237 1826 fecerunt
3290 1774 3410 1827 tres
3470 1776 3724 1840 turmas,
3770 1782 3826 1827 et

2170 1862 2512 1918 invaserunt
2541 1859 2820 1926 camelos,
2869 1864 2926 1916 et
2980 1860 3244 1916 tulerunt
3301 1877 3423 1928 eos,
3482 1877 3711 1916 necnon
3768 1866 3825 1917 et

2174 1966 2388 2023 pueros
2419 1952 2837 2020 percusserunt
2866 1948 3077 2021 gladio,
3110 1954 3169 2005 et
3221 1966 3327 2021 ego
3382 1950 3507 2022 fugi
3539 1950 3703 2007 solus
3760 1956 3823 2007 ut

2175 2039 2508 2095 nuntiarem
2540 2037 2665 2092 tibi.
2697 2037 2902 2093 Adhuc
2924 2038 3275 2109 loquebatur
3294 2038 3414 2094 ille.
3439 2045 3497 2095 et
3514 2056 3649 2096 ecce
3671 2040 3821 2096 alius

2175 2126 2437 2197 intravit,
2467 2130 2525 2182 et
2554 2126 2699 2181 dixit
2723 2142 2736 2181 :
2772 2125 2934 2181 Filiis
2963 2126 3086 2182 tuis
3115 2130 3173 2182 et
3198 2127 3431 2182 ﬁliabus
3449 2130 3821 2185 vescentibus

2176 2220 2233 2273 et
2264 2215 2601 2271 bibentibus
2631 2216 2833 2271 vinum
2859 2216 2919 2270 in
2945 2216 3118 2272 domo
3150 2216 3349 2272 fratris
3380 2217 3472 2273 sui
3531 2219 3826 2290 primoge-

2180 2305 2310 2372 niti,
2341 2310 2578 2375 repente
2632 2309 2843 2361 ventus
2891 2304 3207 2361 vehemens
3266 2306 3441 2361 irruit
3498 2322 3534 2361 a
3588 2308 3818 2380 regione

2180 2394 2417 2463 deserti,
2449 2399 2506 2450 et
2527 2396 2825 2450 concussit
2855 2398 3105 2466 quatuor
3134 2393 3383 2467 angulos
3411 2395 3649 2465 domus,
3702 2411 3815 2469 quae

2180 2500 2460 2541 corruens
2488 2484 2780 2556 oppressit
2809 2482 3025 2540 liberos
3054 2488 3212 2553 tuos,
3237 2489 3294 2541 et
3324 2485 3544 2540 mortui
3575 2491 3741 2555 sunt,
3768 2492 3819 2542 et

2181 2572 2353 2645 effugi
2368 2589 2473 2645 ego
2487 2572 2673 2638 solus,
2687 2574 3097 2629 utnuntiarem
3119 2572 3251 2629 tibi.
3266 2574 3432 2631 Tunc
3451 2575 3819 2631 surrexitJob

2178 2666 2236 2717 et
2252 2662 2427 2718 scidit
2447 2662 2708 2718 tunicam
2731 2678 2901 2718 suam
2925 2663 2966 2730 ³,
2982 2667 3040 2718 et
3063 2666 3235 2719 tonso
3256 2663 3446 2735 capite
3470 2679 3750 2720 corruens
3766 2664 3819 2720 in

2178 2756 2418 2821 terram,
2451 2752 2731 2823 adoravit,
2763 2755 2820 2807 et
2851 2750 3032 2807 dixit:
3067 2751 3275 2809 Nudus
3304 2768 3579 2825 egressus
3602 2769 3734 2809 sum
3757 2753 3821 2810 de

2181 2846 2345 2898 utero
2378 2841 2585 2897 matris
2617 2856 2780 2910 meae,
2812 2841 3009 2897 nudus
3028 2844 3086 2896 et
3110 2841 3217 2913 (AL
3243 2845 3301 2897 et
3323 2840 3542 2913 nudus)
3571 2847 3822 2898 revertar

2180 2930 2321 2987 illuc
2349 2948 2362 2985 :
2390 2929 2670 2986 Dominus
2691 2929 2853 2987 dedit
2876 2929 3161 2985 Dominus
3184 2930 3466 2986 abstulit:
3488 2930 3578 2987 Sit
3617 2948 3822 2989 nomen

2178 3020 2412 3077 Domini
2444 3018 2819 3076 benedictum
2846 3019 2887 3073 ³.
2917 3019 2978 3074 In
3000 3018 3279 3079 omnibus
3310 3018 3404 3075 his
3431 3036 3550 3076 non
3571 3019 3827 3091 peccavit

2177 3111 2289 3167 Job
2312 3112 2354 3180 ‘,
2387 3125 2572 3181 neque
2603 3108 2848 3164 stultum
2868 3107 3011 3180 quid
3033 3112 3237 3163 contra
3253 3108 3437 3165 Deum
3459 3108 3703 3166 locutus
3724 3113 3826 3166 est.

2252 3199 2407 3271 (Cap.
2442 3202 2535 3268 ll.)
2572 3198 2807 3253 Factum
2831 3202 2919 3253 est
2941 3200 3159 3267 autem,
3184 3213 3317 3253 cum
3337 3197 3594 3268 quadam
3620 3198 3719 3255 die
3739 3216 3831 3254 ve-

2180 3288 2409 3345 nissent
2438 3286 2544 3342 filii
2568 3287 2690 3354 Dei,
2723 3290 2780 3342 et
2809 3290 3031 3342 starent
3059 3302 3255 3342 coram
3278 3286 3552 3353 Domino,
3573 3290 3831 3343 venisset

2181 3393 2414 3450 quoque
2444 3376 2623 3432 Satan
2651 3375 2802 3430 inter
2820 3390 2945 3443 eos,
2966 3378 3021 3431 et
3044 3378 3229 3431 staret
3248 3375 3305 3431 in
3330 3380 3657 3448 conspectu
3686 3378 3830 3448 ejus,

2181 3470 2247 3522 ut
2277 3466 2495 3522 diceret
2520 3463 2805 3521 Dominus
2830 3464 2900 3519 ad
2926 3463 3106 3520 Satan
3132 3480 3144 3519 :
3177 3464 3341 3522 Unde
3368 3464 3534 3521 venis
3560 3465 3589 3519 7
3608 3465 3721 3529 Qui
3753 3481 3834 3521 re-

2181 3555 2482 3628 spondens
2533 3554 2651 3609 ait:
2704 3552 2957 3609 Circuivi
3016 3557 3257 3621 terram,
3317 3558 3375 3609 et
3431 3554 3829 3625 perambulavi

2179 3660 2331 3701 eam.
2366 3643 2434 3698 Et
2463 3642 2611 3698 dixit
2640 3641 2923 3697 Dominus
2954 3642 3027 3698 ad
3051 3642 3229 3698 Satan
3255 3658 3271 3700 :
3308 3641 3592 3713 Nunquid
3645 3643 3830 3699 consi-

2178 3732 2393 3789 derasti
2428 3748 2666 3788 servum
2690 3747 2887 3787 meum
2919 3731 3028 3787 Job
3055 3748 3068 3787 :
3101 3731 3257 3802 quod
3290 3747 3407 3787 non
3439 3730 3519 3786 sit
3547 3731 3601 3787 ei
3624 3730 3834 3788 similis

2176 3822 2237 3878 in
2269 3826 2444 3889 terra,
2478 3820 2567 3876 vir
2596 3818 2849 3892 simplex
2880 3824 2940 3876 et
2970 3824 3185 3890 rectus,
3217 3836 3285 3875 ac
3302 3819 3519 3875 timens
3551 3819 3762 3876 Deum.
3782 3824 3833 3875 et

2176 3911 2451 3967 recedens
2488 3928 2520 3965 a
2549 3910 2717 3978 malo,
2741 3912 2798 3964 et
2818 3909 3010 3965 adhuc
3026 3908 3283 3964 retinens
3300 3907 3832 3965 innocentiami'Tu

429 4013 596 4053 versa
628 4012 757 4069 quas
787 3997 981 4068 habet,
1014 3997 1074 4052 in
1107 4013 1284 4052 manu
1333 4002 1435 4052 tua
1487 4002 1662 4053 sunt:
1725 4003 1956 4055 tantum
2014 4001 2075 4056 in
2109 3995 2153 4063 C
2192 4003 2388 4055 autem
2418 3998 2790 4055 commovisti
2822 4014 2914 4054 me
2944 3998 3225 4054 adversus
3247 4012 3407 4066 eum,
3431 4003 3497 4053 ut
3523 3998 3839 4071 affligerem

428 4102 565 4141 eum
607 4102 680 4142 ne
711 4088 986 4141 extendas
1019 4102 1263 4142 manum
1296 4092 1490 4143 tuam.
1542 4089 1949 4161 Egressusque
2006 4099 2100 4151 est,
2198 4088 2368 4145 illum
2398 4090 2634 4145 frustra.
2666 4088 2767 4144 Cui
2803 4087 3162 4160 respondens
3191 4088 3393 4153 Satan,
3448 4086 3571 4143 ait:
3633 4087 3840 4144 Pellem

429 4177 609 4233 Satan
640 4192 674 4231 a
705 4176 849 4233 facie
878 4176 1134 4233 Domini.
1167 4181 1310 4233 Cum
1341 4182 1538 4234 autem
1572 4180 1829 4250 quadam
1860 4178 1953 4235 die
1989 4173 2095 4234 ﬁlii

426 4269 484 4321 et
531 4265 664 4320 filiae
696 4267 823 4336 ejus
854 4268 1225 4323 comederent
1245 4272 1299 4323 et
1324 4269 1591 4324 biberent
1612 4270 1811 4324 vinum
1836 4269 1896 4323 in
1919 4269 2093 4324 domo

428 4355 626 4426 fratris
657 4355 749 4410 sui
782 4356 1175 4427 primogeniti,
1209 4358 1454 4413 nuntius
1483 4358 1641 4413 venit
1670 4359 1743 4413 ad
1800 4359 1933 4429 Job,
1991 4357 2093 4428 qui

433 4444 689 4502 diceret:
725 4450 901 4503 Boves
933 4447 1198 4515 arebant,
1232 4450 1288 4501 et
1309 4446 1486 4503 asinae
1508 4448 1907 4519 pascebantur
1920 4448 2095 4519 juxta

2199 4196 2302 4251 pro
2333 4177 2589 4250 pelle,'et
2618 4181 2828 4233 cuncta
2872 4193 2998 4248 qua:
3048 4176 3223 4231 habet
3271 4176 3469 4243 homo,
3531 4176 3699 4233 dabit
3745 4192 3839 4248 pro

2197 4268 2394 4324 anima
2424 4285 2532 4324 sua
2563 4285 2576 4324 :
2607 4266 2867 4339 alioquin
2900 4266 3066 4321 mitte
3097 4281 3337 4320 manum
3372 4269 3559 4333 tuam,
3590 4270 3649 4321 et
3680 4270 3841 4336 tange

2196 4373 2261 4413 os
2293 4359 2422 4428 ejus
2453 4361 2510 4413 et
2531 4372 2789 4426 carnem,
2821 4358 2879 4411 et
2907 4359 3048 4411 tunc
3094 4354 3318 4410 videbis
3376 4354 3529 4425 quod
3585 4355 3647 4410 in
3701 4354 3838 4410 facie

2195 4450 2298 4502 tua
2328 4446 2636 4502 benedicat
2662 4446 2683 4480 ⁸
2714 4444 2841 4500 tibi.
2872 4442 3029 4499 Dixit
3058 4457 3196 4515 ergo
3224 4442 3510 4499 Dominus
3534 4442 3606 4499 ad
3632 4442 3841 4499 Satan:

510 4664 529 4698 ί
563 4662 824 4719 Palatino
854 4663 1140 4719 hactenus
1172 4663 1409 4720 laudato
1449 4680 1561 4720 ms.
1624 4664 1876 4720 alterum
1935 4682 2092 4721 nunc
2196 4676 2337 4716 num
2372 4676 2405 4713 a
2433 4662 2593 4714 textu
2623 4657 2928 4727 Hebraico,
2961 4657 3061 4713 sed
3094 4672 3303 4729 puram
3332 4656 3429 4713 hic
3460 4662 3843 4729 represeth

432 4735 744 4808 jungimus
776 4752 841 4790 ex
872 4734 1074 4808 eadem
1106 4734 1383 4808 Vaticana
1410 4736 1783 4804 bibliotheca,
1817 4736 1917 4807 qui
1948 4736 2087 4792 olim

442 4806 657 4879 reginae
688 4811 1006 4862 Succorum
1039 4806 1169 4876 fuit,
1204 4824 1367 4863 num.
1400 4809 1434 4859 7
1480 4806 1892 4878 praenotatum,
1947 4825 2091 4865 sane

442 4880 860 4952 perantiquum
901 4883 1077 4948 atque
1106 4880 1503 4952 emendatum.

514 4951 535 4985 ²
566 4950 815 5023 Palatin.
851 4966 961 5006 ms.
994 4966 1129 5005 cum
1162 4950 1409 5023 vulgatis
1440 4951 1770 5007 vestimenta
1789 4968 1907 5007 sua.

513 5023 659 5076 3Duo
692 5022 784 5077 hic
817 5023 1144 5077 retinentur
1174 5022 1591 5092 additamenta,
1627 5041 1741 5079 non
1774 5024 1967 5079 solum
2026 5022 2086 5078 in

441 5093 615 5149 editis
647 5093 813 5165 libris
847 5111 913 5149 ac
945 5093 1400 5165 quampluribus
1434 5111 1602 5164 mss.,
1636 5096 1737 5151 sed
1796 5094 1973 5150 etiam
2026 5095 2086 5151 in

438 5164 758 5236 exemplari
809 5164 1062 5222 Canonis
1119 5164 1175 5221 S.
1235 5168 1528 5235 Germani,
1569 5168 1669 5221 ubi
1729 5166 2087 5222 Scholiastes

442 5253 603 5293 more
636 5254 742 5292 suo
765 5238 1001 5293 criticas
1019 5237 1291 5309 apposuit
1309 5238 1649 5309 hujusmodi
1678 5238 2087 5309 adnotationes

442 5309 503 5363 in
532 5310 792 5381 margine
826 5324 838 5362 :
871 5332 898 5358 «
933 5310 999 5365 Η.
1035 5307 1149 5365 non
1180 5307 1561 5381 haben—Sicut
1602 5310 1835 5365 Domino
1866 5307 2086 5381 placuit

2192 4730 2521 4813 versionem
2538 4730 3089 4813 .Hieronymianam,
3115 4734 3180 4813 u‘t
3204 4745 3312 4785 nos
3332 4729 3651 4813 edidimus:
3668 4746 3845 4813 porro

2193 4804 2659 4861 additamentum
2692 4800 2855 4872 prius
2887 4802 3266 4871 desumptum
3290 4806 3379 4857 est
3398 4816 3469 4857 ex
3494 4800 3639 4856 LXX
3666 4803 3843 4857 inter-

2194 4874 2479 4947 pretibus,
2515 4874 2804 4944 posterius
2834 4889 2865 4929 e
2892 4888 3059 4929 versu
3092 4872 3156 4927 10
3186 4872 3430 4945 capituli
3471 4872 3841 4945 subsequen-

2192 4948 2288 5003 tis.
2316 4947 2505 5001 MART.

2264 5049 2330 5059 —
2355 5016 2504 5072 Illud
2530 5014 2891 5072 sententiolae
2914 5014 3277 5087 addititium,
3299 5017 3442 5070 sicut
3464 5016 3704 5087 Domino
3718 5016 3843 5087 pla-

2189 5091 2328 5157 cuit,
2364 5091 2445 5144 ita
2471 5090 2680 5159 factum
2710 5095 2815 5159 est,
2840 5087 2995 5158 quod
3026 5086 3119 5141 hic
3144 5102 3212 5159 ex
3232 5086 3440 5159 Graeco
3482 5086 3843 5144 interserunt

2192 5162 2412 5216 nedum
2442 5156 2658 5231 vulgati
2688 5156 2977 5225 libri,'sed
3010 5162 3069 5231 et
3102 5156 3366 5231 plerique
3414 5174 3667 5231 omnes,
3695 5176 3839 5231 quos

2189 5233 2457 5288 Martian.
2492 5229 2713 5300 laudat,
2742 5246 2883 5285 mss.
2922 5229 3162 5301 penitus;
3185 5229 3417 5301 ignorat
3446 5231 3517 5284 ad
3571 5229 3835 5285 Hebraici

2190 5307 2502 5360 contextus
2528 5299 2706 5358 fidem
2730 5299 3039 5372 antiqu’iss.
3067 5299 3393 5356 Palatinus.
3427 5301 3685 5373 sequiori
3734 5318 3836 5357 au-

445 5380 533 5459 ita‘
554 5369 761 5451 [actam
791 5385 891 5435 est.
953 5405 981 5431 ››
1013 5386 1069 5437 et
1101 5380 1310 5437 deinde
1335 5369 1408 5459 :_'<<
1442 5386 1512 5437 Η.
1548 5398 1659 5459 non
1696 5369 1890 5449 habet,
1909 5380 2084 5459 _la__biis
2113 5369 2160 5433 D
2191 5380 2307 5459 tem
2322 5391 2510 5459 ,πραου
2537 5374 2595 5428 in
2628 5369 3393 5459 alteroreginyieSueocorum
3426 5369 3759 5454 ascribitur.

444 5453 579 5507 suis.
618 5475 638 5499 ι
676 5455 738 5507 In
772 5469 991 5508 canone
1023 5456 1265 5509 Carcass
1312 5454 1476 5507 abest
1524 5453 1797 5507 ultimum
1856 5453 2085 5507 addita-

448 5526 647 5576 mentu
661 5539 735 5588 m,
770 5524 937 5595 labiis
964 5528 1116 5580 suis:
1150 5524 1208 5578 in
1243 5525 1439 5595 codice
1469 5530 1665 5579 autem
1696 5524 1851 5595 regio
1870 5522 2088 5579 Biblio-

450 5608 580 5645 rum
611 5594 1003 5665 existrinsecus
1031 5596 1150 5649 haec
1182 5596 1370 5665 posita
1404 5594 1676 5662 leguntur
1730 5594 1787 5650 ct
1833 5595 2087 5650 secunda

451 5676 649 5742 manu:
666 5664 927 5742 Denique
949 5669 1128 5722 codex
1149 5664 1510 5722 COrbeiensis
1526 5665 2089 5742 litterisuncialibus

452 5731 777 5808 descriptus
801 5731 932 5808 ante
952 5742 1276 5808 nongentos
1300 5754 1508 5804 annos,
1530 5738 1627 5807 qui
1648 5737 1704 5808 in
1739 5737 2092 5808 bibliotheca

453 5802 511 5853 Β.
542 5804 815 5863 Germani
836 5806 1011 5867 habet
1040 5802 1351 5868 numerum
1379 5802 1507 5883 660,
1542 5802 1686 5867 nihil
1705 5808 1917 5867 retinet
1945 5807 2086 5867 alie-

2270 5450 2291 5481 ‘
2320 5446 2422 5502 Hic
2454 5461 2684 5526 quoque
2714 5444 2940 5526 addunt
2970 5444 3195 5526 Vulgati
3230 5444 3397 5526 (abii:
3414 5445 3549 5526 suis,
3575 5461 3828 5526 quasvo:

2199 5536 2294 5577 ces
2325 5536 2395 5574 ex
2423 5514 2837 5588 subsequentis
2868 5514 3108 5588 capituli
3138 5532 3309 5588 versu
3330 5516 3571 5588 decimo
3589 5514 3824 5571 derivari

2240 5591 2575 5661 erspicuum
2602 5586 2709 5661 est,
2743 5603 2871 5643 cum
2908 5586 3361 5661 ncip_siqqu_idem
3388 5587 3536 5643 LXX
3560 5586 3821 5644 habeant.

2240 5609 2575 5661 crsplcuum
2602 5609 2709 5655 88E,
2743 5609 2871 5643 cum
2908 5609 2977 5642 DC
2996 5609 3104 5657 ψει
3127 5609 3361 5656 «ιυιαθω
3388 5609 3444 5642 14.

2199 5609 2348 5719 gnat
2382 5659 2764 5717 nihilominus
2798 5660 2856 5713 in
2891 5675 3007 5713 uno
3039 5658 3299 5714 Palatino
3330 5674 3444 5713 ms.

2270 5736 2289 5767 ⁵
2320 5735 2479 5861 liter?
2514 5730 2691 5789 Palat.
2728 5747 2835 5787 ms.
2874 5746 3007 5786 cum
3070 5728 3233 5803 Vulg.
3293 5728 3461 5785 libris
3516 5730 3578 5784 in
3633 5730 3823 5801 [acim

2270 5822 2329 5861 ne
2371 5819 2441 5861 ιει
2472 5843 2486 5859 .

2199 5805 2486 5866 benedicti.
