4050 6182
421 246 554 304 1151
632 250 635 253 ’

488 373 692 432 stellas
725 373 946 430 claudit
976 374 1149 445 quasi
1181 375 1292 431 sub
1325 374 1630 445 signaculo
1658 393 1677 433 :

424 447 535 511 Qui
563 447 824 503 extendit
852 445 1023 502 caelos
1054 446 1237 514 solus,

494 523 552 574 et
582 517 851 590 graditur
880 533 1058 589 super
1082 518 1298 574 ﬂuctus
1329 518 1529 575 maris.

421 589 699 672 Qui-facit
729 593 1080 672 Arcturum,
1115 596 1173 646 et
1201 590 1436 659 Oriona,
1467 597 1525 646 et
1559 590 1805 663 Hyadas.

497 667 554 717 et
582 662 873 715 interiora
897 662 1103 716 austri.

424 732 533 800 Qui
566 732 703 803 facit
732 748 967 803 magna,
998 738 1053 787 et
1086 732 1725 803 incomprehensibilia,

498 808 556 859 et
587 802 901 876 mirebilia,
927 820 1178 876 quorum
1217 802 1332 858 non
1363 810 1453 859 est
1474 802 1778 862 numerus.

421 875 482 931 Si
533 873 759 946 venerit
815 876 885 930 ad
944 873 1057 943 ine,
1118 891 1233 931 non
1280 876 1528 931 videbo:
1566 876 1615 932 si
1668 876 1893 946 abierit,
1956 893 2073 933 non

569 945 897 1018 intelligam
929 964 1086 1017 eum,

424 1018 480 1073 Si
511 1022 755 1090 repente
776 1017 1120 1088 interroget,
1156 1017 1290 1089 quis
1323 1019 1700 1090 respondebit
1728 1020 1828 1075 ei?

492 1088 746 1165 vel'quis
803 1090 995 1145 dicere
1028 1088 1191 1165 potes
1221 1104 1233 1142 :
1266 1089 1382 1165 _Gur
1422 1088 1543 1161 (Αἰ.
1574 1091 1701 1147 add.
1734 1091 1836 1165 ita)
1869 1092 2013 1149 facis
2046 1090 2075 1147 ?

424 1166 604 1229 Deus,
634 1160 813 1231 cujus
842 1177 1013 1217 nemo
1042 1161 1139 1215 irae
1167 1160 1439 1216 resistere
1470 1165 1684 1232 potest,

492 1240 551 1290 et
574 1233 839 1359 ἓυὲθᾶυᾶ
861 1236 1182 1290 curvantur
1214 1232 1328 1304 (Αι.
1350 1233 1692 1306 turbantur)
1716 1235 1817 1305 qui
1839 1238 2077 1307 portant

613 1322 639 1359 r
784 1348 796 1359 .

574 1320 796 1360 ornem.

425 1380 692 1449 Quantus
724 1391 860 1447 ergo
891 1391 1023 1449 sum
1055 1391 1183 1449 ego,
1212 1375 1314 1446 qui
1347 1376 1733 1449 respondeam
1765 1375 1840 1449 ei,

498 1451 555 1502 et
584 1448 792 1519 loquar
812 1447 1009 1519 verbis
1044 1447 1189 1501 meis
1220 1463 1452 1519 cumeeo
1472 1447 1499 1502 ‘I

429 1519 540 1586 Qui
572 1517 746 1644 etiaiin
766 1517 826 1644 gi
877 1518 1138 1574 habuero
1170 1517 1478 1591 quidpiam
1508 1518 1763 1590 justum,
1805 1536 1921 1575 non
1953 1537 2076 1577 res-

573 1607 685 1644 non
734 1606 762 1644 e
807 1606 860 1644 ο.

573 1606 860 1662 ponueno,

501 1661 602 1717 sed
637 1678 831 1718 meum
860 1661 1121 1732 judicem
1152 1662 1550 1733 deprecabor;

502 1739 559 1789 et
589 1750 723 1789 cum
757 1734 1123 1789 invocantem
1157 1733 1481 1788 exaudierit
1510 1749 1621 1802 me,

1467 252 1529 303 8.
1570 251 1979 309 HIERONYMI
2019 250 2273 309 DIVINA
2309 253 2802 310 BIBLIOTHECA.

2112 1748 2161 1815 B

3693 247 3817 303 1152

2102 380 2158 447 Α
2188 378 2486 452 Numquid
2521 377 2675 452 oculi
2707 377 2902 452 carnei
2933 374 3042 433 tibi
3063 376 3249 452 sunt?

2258 444 2547 507 aut'sicut
2579 449 2736 505 videt
2766 448 2965 513 homo,
2996 452 3055 504 et
3083 453 3145 503 tu
3170 446 3394 503 videbis
3423 448 3435 482 ¹
3472 446 3581 519 (Al.
3611 444 3825 517 vides)?

2183 521 2480 592 Numquid
2510 521 2663 577 sicut
2692 520 3106 592 dieshominis
3138 520 3261 574 dies
3293 519 3403 587 tui,

2253 600 2312 650 et
2340 591 2480 649 anni
2512 592 2598 648 tui
2635 593 2791 648 sicut
2819 591 3083 647 humana
3112 596 3255 647 sunt
3286 596 3568 660 tempora,

2184 666 2258 722 Ut
2287 682 2517 737 quaeras
2547 664 2923 736 iniquitatem
2957 679 3173 737 meam,

2254 734 2322 793 et
2337 741 2639 808 peccatum
2658 734 2867 808 meum
2900 734 3183 808 scruteris
3203 734 3231 787 ?

2182 809 2253 865 Et
2282 804 2436 865 scias
2467 806 2608 879 quia
2639 806 2785 861 nihil
2812 806 3067 879 impium
3102 804 3363 872 fecerim,

2255 897 2388 936 cum
2424 873 2503 1006 eiii
2531 895 2698 981 ne‘mo
2724 878 2822 951 qui
2855 873 2926 933 de
2950 894 3128 933 manu
3161 883 3263 933 tua
3292 873 3479 948 possit
3498 889 3705 930 eruere
3723 874 3824 943 (Al.

2326 968 2432 1006 eva
2478 967 2617 1006 ero..

2326 967 2592 1007 evadere.
2603 967 2617 1019 ,'

2184 1022 2396 1079 Manus
2428 1030 2536 1077 tum
2569 1021 3014 1094 plasmaveruut
3040 1034 3154 1094 me,

2253 1099 2312 1150 et
2340 1087 2601 1151 fecerunt
2633 1108 2726 1148 me
2757 1096 2942 1147 totum
2971 1091 3032 1144 in
3063 1088 3313 1145 circuitu
3341 1087 3452 1158 (Al.
3484 1088 3686 1161 gyro):

2254 1170 2313 1222 et
2346 1165 2431 1221 sic
2463 1172 2698 1237 repente
2730 1163 3059 1288 praecipuas
3090 1162 3227 1216 me?

2254 1243 2495 1288 amento.
2526 1251 2741 1288 quaeso.
2773 1250 2889 1288 auo
2962 1234 3118 1288 sicut
3148 1232 3227 1287 lui

2182 1241 2495 1307 Memento,
2526 1229 2747 1307 quaeso;
2773 1229 2926 1307 quod
2962 1234 3118 1289 sicut
3148 1232 3338 1289 lutum
3370 1229 3577 1287 feceris
3608 1246 3723 1301 me,

2254 1309 2399 1365 etin
2432 1306 2727 1379 pulverem
2761 1306 3008 1379 reduces
3038 1320 3152 1360 me.

2184 1381 2388 1437 Nonne
2418 1377 2570 1436 sicut
2596 1379 2686 1434 lac
2718 1377 2973 1433 mulsisti
3006 1385 3120 1445 me,

2255 1456 2314 1508 et
2342 1453 2499 1507 sicut
2523 1466 2753 1506 caseum
2776 1465 2865 1505 me
2898 1445 3220 1517 coagulasti
3247 1445 3261 1501 l

2185 1523 2339 1580 Pelle
2369 1527 2426 1578 et
2456 1522 2730 1578 carnibus
2760 1520 2982 1576 vestisti
3015 1534 3129 1582 me,

2255 1600 2313 1651 et
2342 1595 2579 1650 ossibus
2608 1598 2665 1648 et
2694 1592 2887 1648 nervis
2917 1588 3265 1661 compegisti
3299 1602 3393 1661 me
3417 1602 3434 1661 _:

2181 1666 2375 1722 Vitam
2407 1671 2464 1721 et
2490 1664 2951 1721 misericordiam
2983 1655 3246 1717 tri'bu'isti
3282 1658 3452 1728 mihi,
3491 1660 3549 1713 et
3578 1655 3833 1712 visitatio

2331 1742 2434 1792 tua
2465 1735 2777 1793 custodivit
2806 1734 3079 1807 spiritum
3114 1747 3333 1787 meum.

499 1822 616 1861 non
648 1805 819 1862 credo
851 1805 1006 1877 quod
1056 1805 1305 1861 audierit
1335 1805 1456 1877 (Αι.
1489 1804 1836 1877 exaudierit)
1881 1820 2081 1863 vocem
2112 1804 2158 1815 ”
2194 1809 2354 1865 Licet
2383 1808 2505 1864 haec
2526 1808 2676 1865 celes
2706 1808 2767 1863 in
2800 1804 2973 1863 corde
3001 1809 3125 1874 tuo,

572 1894 788 1932 meam.

428 1950 490 2005 In
517 1949 753 2005 turbine
782 1948 942 2004 enim
976 1951 1246 2006 conteret
1277 1963 1391 2017 me,

500 2025 554 2077 et
604 2019 1035 2091 multiplicabit
1079 2019 1321 2075 vulnera
1352 2034 1482 2091 mea
1512 2020 1687 2074 etiam
1721 2018 1847 2076 sine
1887 2036 2083 2077 causa.

427 2093 555 2149 Non
586 2093 853 2166 concedit
883 2091 1250 2166 requiescere
1265 2090 1549 2166 spiritum
1582 2108 1807 2166 meum,

393 2222 400 2229 ,
504 2170 560 2220 et
590 2163 797 2234 implet
828 2179 921 2218 me
952 2162 1480 2218 amaritudinibus.

435 2237 495 2293 Si
531 2232 809 2291 fortitudo
844 2235 1152 2305 quzeritur,
1187 2232 1638 2289 robustissimus
1663 2238 1791 2289 est:

508 2308 557 2363 si
585 2305 831 2377 aequitas
866 2304 1104 2376 'judicii,
1138 2320 1309 2361 nemo
1343 2322 1442 2375 pro
1476 2319 1568 2360 me
1600 2306 1777 2361 audet
1820 2304 2089 2362 testimo-

578 2376 743 2432 nium
776 2376 989 2432 dicere.

438 2450 496 2505 Si
541 2448 871 2520 justiﬁcare
902 2463 996 2503 me
1023 2446 1285 2519 voluero,
1315 2464 1381 2503 os
1437 2463 1635 2503 meum
1675 2447 2091 2505 condemnabit

514 2519 647 2577 me:
681 2520 729 2646 sbi
762 2519 1135 2647 iantioceutem
1166 2520 1496 2588 ostendere,
1527 2536 1774 2592 pravum
1806 2536 1901 2576 me
1929 2536 2087 2577 com-

580 2607 686 2647 nro
733 2608 765 2647 a
810 2608 825 2645 ι
861 2630 878 2647 .

624 2591 878 2648 robabit.

624 2610 878 2648 ῐόοεωιῐ..

444 2610 640 2720 Ειίαέι
674 2662 723 2720 si
742 2661 993 2735 simplex
1014 2662 1198 2729 fuero,
1220 2660 1330 2718 hoc
1351 2661 1549 2735 ipsum
1574 2661 1869 2736 ignorabit
1893 2662 2089 2719 anima

583 2752 736 2803 mea,

511 2810 571 2862 et
601 2806 839 2864 taedebit
869 2821 961 2862 me
999 2806 1127 2861 vitae
1159 2822 1321 2862 mea.

440 2878 634 2936 Unum
668 2882 759 2935 est
789 2877 1400 2950 quod-locutussum,

513 2954 571 3005 et
600 2948 976 3005 innocentem
1008 2954 1066 3005 et
1094 2948 1345 3020 impium
1377 2948 1505 3021 ipse
1534 2948 1854 3005 consumit.

444 3022 505 3079 Si
534 3021 809 3093 ﬂagellat,
842 3021 1303 3093 occidatsemel,

514 3098 571 3147 et
601 3090 716 3149 non
748 3093 819 3147 de
850 3092 1038 3163 poenis
1070 3090 1470 3163 innocentium
1503 3090 1711 3148 rideat.

443 3165 624 3236 Terra
650 3164 789 3236 data
815 3162 906 3236 est
932 3162 991 3236 in
1024 3178 1204 3236 manu
1235 3162 1349 3234 (Al.
1384 3164 1617 3236 manus)
1648 3162 1837 3236 impii,

510 3234 743 3290 vultum
768 3233 1060 3306 judicium
1090 3234 1220 3305 ejus
1243 3233 1454 3306 ’operit.

516 3307 682 3371 Quod
713 3305 911 3363 sinon
931 3305 1043 3378 ille
1073 3310 1183 3373 est,
1215 3307 1351 3377 quis
1380 3321 1517 3378 ergo
1550 3305 1687 3361 est?

445 3379 578 3435 Dies
611 3378 728 3433 mei
760 3377 1077 3434 velociores
1105 3377 1343 3433 fuerunt
1372 3377 1646 3432 cursore:

515 3451 819 3521 fugerunt,
850 3454 906 3505 et
931 3465 1048 3504 non
1074 3448 1348 3521 viderunt
1370 3448 1616 3503 bonum.

441 3519 922 3577 Pertransierunt
952 3519 1121 3591 quasi
1153 3535 1328 3591 naves
1358 3535 1532 3591 poma
1563 3520 1883 3590 portantes,

512 3592 666 3648 sicut
694 3591 893 3662 aquila
919 3590 1123 3647 volans
1148 3590 1220 3646 ad
1251 3590 1465 3646 escam.

442 3665 589 3721 Cum
619 3663 848 3718 dixero:
883 3663 1268 3734 Nequaquam
1298 3662 1380 3717 ita
1411 3663 1620 3734 loquar
1645 3677 1659 3717 :

511 3742 807 3791 commuto
839 3733 1044 3791 faciem
1074 3749 1286 3799 meam,
1318 3736 1376 3789 et
1410 3733 1607 3789 dolore
1636 3736 1941 3805 torqueor.

437 3806 694 3865 Verebar
721 3806 922 3862 omnia
948 3820 1126 3878 opera
1156 3821 1305 3872 mea,

513 3878 707 3936 sciens
737 3879 898 3950 quod
927 3875 1042 3950 non
1076 3891 1344 3950 parceres
1375 3875 1766 3947 delinquenti.

443 3951 503 4007 Si
536 3954 747 4021 autem,
769 3953 826 4004 et
855 3949 939 4005 sic
970 3949 1191 4021 impius
1220 3964 1377 4021 sum,

558 4036 697 4076 uare
729 4020 950 4076 frustra
974 4019 1233 4076 laboravi
1256 4019 1284 4074 ?

558 4039 697 4076 uare
729 4039 950 4076 rrusrra
974 4039 1233 4076 ianoraw
1259 4039 1282 4074 γ

443 4039 694 4150 εἱἹῡῑυε
726 4091 887 4147 fuero
919 4092 1087 4163 quasi
1120 4091 1296 4163 aquis,
1322 4089 1491 4163 nivis,

516 4168 572 4220 et
603 4163 875 4219 fulserint
904 4161 1065 4218 velut
1095 4161 1501 4218 mundissima:
1533 4176 1745 4217 manus
1775 4176 1915 4217 meae
1942 4178 1955 4218 :

447 4238 671 4292 Tanem
706 4234 980 4290 sordibus
1008 4234 1270 4306 intinges
1300 4248 1415 4306 me,

520 4314 579 4363 et
607 4306 1107 4362 abominabuntur
1134 4321 1227 4360 me
1257 4305 1603 4360 vestimenta
1630 4320 1778 4360 mea.

444 4379 646 4451 Neque
673 4378 831 4451 enim
863 4377 986 4432 viro
1017 4377 1119 4451 qui
1150 4376 1365 4451 similis
1396 4375 1505 4430 mei
1536 4380 1643 4443 est,
1676 4377 2088 4451 ’respondeﬁbo:

520 4448 627 4507 nec
658 4450 760 4522 qui
790 4464 1021 4505 mecum
1054 4448 1112 4503 in
1140 4448 1363 4522 judieio
1384 4462 1452 4522 ex
1472 4462 1635 4517 azquo
1663 4449 1848 4518 possit
1878 4448 2090 4505 audiri.

448 4527 578 4580 Non
611 4518 702 4577 est
730 4522 830 4592 qui
865 4518 1183 4592 utrumque
1212 4518 1403 4592 valeat
1434 4534 1698 4592 arguere,

524 4599 582 4649 et
611 4590 821 4664 ponere
851 4590 1104 4647 manum'
1125 4607 1295 4648 suam
1326 4590 1385 4645 in
1418 4590 1729 4646 ambobus.

456 4665 695 4722 Auferat
724 4681 757 4719 a
787 4679 879 4719 me
912 4665 1133 4735 virgam
1164 4679 1356 4732 suam,

526 4742 584 4793 et
612 4752 793 4808 pavor
823 4736 952 4806 ejus
983 4752 1100 4808 non
1128 4751 1225 4808 me
1255 4736 1491 4790 terreat.

456 4806 711 4880 Loquar,
743 4810 799 4863 et
829 4823 944 4880 non
976 4806 1197 4863 timebo
1227 4819 1394 4862 eum:

526 4876 719 4953 neque
748 4878 905 4953 enim
937 4894 1179 4953 possum
1212 4881 1484 4933 metuens
1515 4876 1884 4953 respondere.

450 4947 728 5024 (Cap.'X.)
755 4947 955 5024 Taedet
980 4951 1239 5006 animam
1272 4964 1463 5024 meam
1492 4947 1620 5024 vitae
1650 4964 1815 5015 meae,

526 5019 824 5079 dimittam
857 5022 1167 5077 adversum
1199 5037 1292 5075 me
1323 5019 1622 5091 eloquium
1654 5035 1875 5089 meum,

527 5095 737 5167 loquar
762 5093 823 5149 in
856 5093 1253 5167 amaritudine
1281 5091 1490 5167 animae
1524 5106 1687 5147 meae.

456 5164 659 5223 Dicam
691 5167 805 5223 Deo
832 5182 843 5219 :
878 5166 1006 5221 Noli
1041 5181 1131 5221 me
1162 5164 1589 5220 condemnare:

526 5239 723 5295 indica
756 5237 899 5293 mihi
922 5253 1027 5292 cur
1056 5254 1149 5292 me
1180 5237 1261 5291 ita
1282 5236 1560 5306 judices?

458 5310 757 5380 Numquid
806 5310 1028 5365 bonum
1062 5308 1167 5363 tibi
1194 5308 1445 5373 videtur,
1477 5307 1527 5361 si
1557 5305 1935 5363 calumnieris
1985 5305 2098 5379 (Al.

601 5381 730 5437 add.
765 5384 904 5447 me).

530 5455 589 5507 et
616 5452 918 5523 opprimas
949 5467 1041 5506 me
1071 5467 1222 5522 opus
1253 5465 1536 5506 manuum
1570 5452 1825 5523 tuarum,

531 5526 588 5578 et
617 5521 930 5579 consilium
962 5521 1278 5593 impiorum
1308 5523 1545 5593 adjuves
1567 5521 1594 5575 ?

2126 4490 2174 4554 D

2265 1885 2461 1936 tamen
2493 1880 2613 1935 scio
2644 1879 2785 1950 quia
2814 1870 3226 1950 universorum
3254 1870 3615 1950 memineris.

2196 1952 2256 2008 Si
2288 1951 2543 2024 peccavi,
2577 1955 2634 2024 et
2660 1943 2733 2007 ad
2764 1950 2969 2006 horam
3001 1946 3311 2024 pepercisti
3342 1943 3486 1999 mihi
3512 1959 3526 1998 :

2194 2019 2308 2079 cur
2331 2024 2404 2149 2b
2431 2023 2765 2149 .inquuitate
2812 2036 2944 2078 mea
2974 2019 3260 2075 mundum
3294 2033 3388 2072 me
3416 2030 3547 2072 esse
3574 2030 3692 2071 non
3734 2029 3832 2086 pa-

2362 2110 2479 2149 eris

2336 2093 2479 2151 teris

2194 2170 2265 2222 Et
2294 2167 2342 2223 si
2376 2165 2595 2237 impius
2626 2165 2811 2230 fuero,
2834 2180 2924 2237 vae
2953 2160 3102 2237 mihi
3133 2164 3255 2237 est:

2267 2242 2324 2293 et
2353 2238 2402 2294 si
2426 2234 2811 2309 justusknon‘
2833 2234 3039 2291 levabo
3071 2235 3268 2309 caput,

2267 2303 2570 2366 saturatus
2616 2306 2930 2363 afflictione
2958 2312 3014 2361 et
3044 2303 3301 2359 miseria.

2195 2383 2267 2438 Et
2296 2384 2531 2452 propter
2560 2378 2916 2452 superbiam
2929 2376 3103 2452 quasi
3134 2374 3376 2452 lemnam
3409 2371 3607 2445 capies
3642 2387 3755 2443 me,

2268 2444 2654 2522 reversusque
2685 2444 3037 2506 mirabiliter
3064 2463 3159 2502 me
3190 2444 3438 2503 crucias.

2197 2525 2503 2580 Instauras
2533 2527 2712 2578 testes
2742 2525 2877 2577 tuos
2909 2524 3113 2576 contra
3141 2533 3256 2588 me,

2268 2600 2326 2650 et
2357 2593 2716 2666 multiplices
2748 2593 2896 2666 iram
2931 2596 3093 2647 tuam
3123 2591 3407 2647 adversus
3439 2602 3557 2655 me,

2267 2674 2321 2721 et
2352 2663 2821 2737 poenae'militant
2850 2663 2909 2718 in
2944 2678 3059 2737 me-

2196 2732 2386 2806 Quare
2415 2739 2487 2793 de
2517 2736 2689 2793 vulva
2718 2734 2971 2791 eduxisti
3003 2732 3145 2788 me?

2268 2809 2365 2880 qui
2397 2809 2625 2880 utinam
2658 2809 3055 2880 consumptus
3074 2817 3291 2880 essem,

2268 2875 2343 2937 ne
2372 2879 2577 2936 oculus
2607 2895 2702 2935 me
2731 2878 2839 2949 (Αι.
2872 2875 3062 2947 meus)
3090 2875 3333 2931 videret.

2200 2952 2466 3008 Fuissem
2495 2950 2664 3022 quasi
2696 2967 2813 3022 non
2843 2964 3058 3022 essem,

2268 3024 2341 3079 de
2371 3015 2534 3079 utero
2564 3020 2891 3077 translatus
2918 3020 2988 3075 ad
3021 3015 3343 3074 tumulum.

2119 3117 2163 3186 ο
2198 3093 2499 3186 ququi‘d
2554 3110 2670 3150 non
2700 3092 2964 3165 paucitas
3010 3090 3242 3146 dierum
3291 3102 3560 3143 meorum
3609 3084 3831 3141 ﬁnietur

2272 3165 2427 3223 brevi
2452 3165 2480 3219 ‘2

2342 3235 2578 3293 dimitte
2606 3250 2744 3306 ergo
2778 3250 2895 3301 me,
2921 3236 2987 3290 ut
3018 3230 3296 3305 plangam
3326 3228 3655 3302 pendulum

2339 3307 2604 3364 dolorem
2638 3322 2838 3363 meum
2869 3323 2883 3362 :

2196 3381 2527 3506 Antelquam
2556 3379 2788 3451 vadam,
2816 3383 2874 3434 et
2902 3392 3021 3433 non
3053 3375 3314 3431 revertar
3340 3372 3411 3428 ad
3443 3374 3661 3428 terram
3686 3373 3831 3427 tene-

2383 3466 2597 3506 rosam.

2383 3466 2597 3518 rosam,

2269 3526 2327 3578 et
2356 3516 2619 3594 opertam
2651 3518 2861 3594 mortis
2892 3516 3183 3594 caligine:

2269 3589 2507 3650 Terram
2540 3591 2789 3648 miseriae
2822 3594 2880 3646 et
2907 3589 3311 3657 tenebrarum,

2269 3664 2380 3720 Ubi
2413 3665 2623 3721 umbra
2650 3662 2860 3718 mortis
2883 3662 2905 3695 ²
2935 3665 2990 3717 et
3022 3658 3225 3716 nullus
3254 3656 3419 3725 ordo,

2269 3741 2328 3793 et
2356 3736 2753 3809 sempiternus
2783 3734 2989 3790 horror
3017 3729 3361 3787 inhabitans
3394 3723 3502 3799 (Al.
3535 3723 3820 3792 inhabitat)

2270 3868 2634 3909 RESPONDENS
2653 3866 2844 3907 AUTEM
2885 3864 3110 3904 SOPHAR
3140 3861 3553 3912 NMMATBITBS,
3576 3859 3720 3898 Dle‘l'
3740 3856 3752 3896 Ζ

2196 3950 2510 4078 (οὲξὲιξι.)
2540 3948 2838 4020 Numquid
2873 3946 2971 4019 qui
3004 3944 3192 4002 multa
3212 3943 3493 4015 loquitur,
3518 3946 3575 3999 et
3600 3957 3707 3997 non
3723 3954 3816 3994 au-

2311 4038 2361 4079 ιθ

2341 4097 2445 4150 aut
2471 4093 2560 4148 vir
2586 4092 2867 4147 verbosus
2893 4088 3320 4161 justiﬁcabitur
3339 4087 3367 4141 ‘I

2197 4164 2327 4221 Tibi
2360 4163 2467 4221 soli
2498 4164 2777 4220 tacebunt
2806 4161 3075 4217 homines
3094 4160 3122 4214 ‘?

2271 4241 2330 4292 et
2360 4252 2493 4291 cum
2526 4239 2766 4291 caeteros
2814 4232 3094 4298 irriseris,
3126 4248 3160 4287 a
3191 4228 3353 4285 nullo
3400 4220 3819 4284 confutaberis?

2199 4307 2413 4363 Dixisti
2445 4308 2596 4363 enim
2623 4325 2636 4363 :
2675 4306 2862 4361 Purus
2892 4308 2984 4360 est
3014 4318 3211 4359 sermo
3243 4317 3432 4368 meus,

2272 4383 2329 4435 et
2356 4378 2615 4435 mundus
2646 4393 2776 4433 sum
2811 4376 2883 4447 in,
2904 4378 3226 4447 conspectu
3256 4375 3379 4429 tuo.

2204 4455 2394 4523 Atque
2424 4451 2654 4523 utinam
2680 4449 2843 4523 Deus
2872 4446 3213 4523 loqueretur
3240 4448 3460 4512 tecum,

2278 4518 2335 4578 et
2366 4522 2588 4597 aperiet
2620 4519 2782 4597 labia
2804 4535 2914 4576 sua
2950 4518 3079 4597 tibi.
3108 4588 3111 4591 ν
3182 4588 3193 4597 _
3281 4585 3317 4597 Α,

2212 4593 2287 4650 Ut
2315 4588 2649 4651 ostenderet
2677 4591 2785 4647 tibi
2816 4595 3039 4647 secreta
3069 4588 3393 4659 sapientiae,

2283 4670 2340 4738 et
2370 4666 2525 4738 quod
2560 4662 2867 4738 multiple;
2897 4664 3054 4738 esset
3083 4660 3372 4738 lex_ejus:

2211 4736 2281 4793 Et
2310 4726 2688 4871 iqﬁallliggres)
2715 4726 2873 4807 quod
2906 4733 3090 4789 multo
3123 4726 3354 4787 minora
3383 4726 3634 4801 exigaris
3663 4742 3694 4782 a
3725 4728 3834 4781 Deo

2451 4850 2463 4863 .
2496 4825 2528 4862 a
2599 4822 2665 4862 eo
2697 4846 2712 4871 ,

2451 4822 2570 4863 .an
2599 4822 2665 4862 ΘΟ

2356 4809 2463 4871 (At.
2496 4808 2570 4862 ab
2599 4808 2712 4874 eo),

2281 4896 2459 5007 quam
2493 4883 2757 4960 meretur
2783 4875 3073 4959 iniquitas
3104 4876 3225 4929 tua.

2326 4955 2550 5007 orsitan
2584 4956 2835 5007 vestigia
2868 4952 2966 5003 Dei
2997 4961 3123 5003 com
3137 4961 3225 5007 pre

2326 4951 2550 5007 orsitan
2584 4948 2835 5020 vestigia
2868 4943 2966 5003 Dei
2997 4961 3123 5003 com
3136 4943 3482 5020 prehendes,

2283 5004 2350 5078 et
2370 5004 2559 5094 usque
2591 5004 3020 5094 adieperfectum
3053 5004 3531 5094 omnipotentem
3550 5004 3857 5094 reperies?

2282 5094 2363 5158 (h.
2395 5084 2719 5164 Numquidl
2749 5090 2999 5164 vestigia
3030 5088 3136 5164 Dei
3176 5084 3654 5164 comprehendere,
3683 5084 3782 5164 aut

2282 5153 2472 5237 usque
2503 5153 2586 5221 ad.
2608 5153 2936 5236 perfectum
2958 5153 3430 5231 Omnipotentem
3464 5157 3711 5229 reperies
3731 5153 3758 5206 ‘I

2209 5236 2502 5293 Excelsior
2531 5237 2674 5292 coelo
2700 5239 2786 5291 est
2814 5240 2872 5290 et
2901 5233 3039 5293 quid
3067 5231 3291 5287 facies?

2256 5248 2502 5293 XCBISIOI‘
2531 5248 2674 5292 CCBIO
2700 5248 2786 5291 8813
2814 5248 2872 5290 et
2901 5248 3039 5293 qum
3067 5248 3282 5287 180188?

2294 5252 2502 5293 celsior
2531 5252 2674 5292 C(Blo
2700 5252 2786 5291 est
2814 5252 2872 5290 et
2901 5252 3039 5306 qum
3067 5252 3245 5287 180188
3272 5252 3289 5285 :

2290 5309 2633 5379 profundior
2663 5308 2912 5373 interno,
2944 5310 3001 5362 et
3031 5302 3187 5379 unde
3220 5316 3538 5375 cognosces
3558 5299 3587 5355 ?

2219 5375 2474 5453 Longior
2499 5384 2657 5453 terra
2687 5393 2969 5453 mensura
2997 5375 3148 5447 ejus,

2365 5449 2421 5508 et
2451 5451 2624 5507 latior
2653 5449 2845 5521 mari.
3014 5519 3025 5521 _
3068 5518 3077 5521 Α
3554 5518 3563 5521 _
3705 5512 3717 5521 .

2212 5522 2275 5579 Si
2308 5522 2663 5580 subverterit
2692 5520 2913 5591 omnia,
2944 5519 3032 5577 vel
3064 5518 3124 5574 in
3158 5533 3343 5574 unum
3373 5512 3769 5573 coarctaverit.

546 5732 792 5811 {ganea
841 5734 1343 5811 Carcassonensis,
1378 5736 1442 5790 Ει
1470 5734 1713 5811 tepidas
1742 5738 1764 5790 P
1805 5735 1963 5794 Idem
1997 5739 2133 5810 post
2163 5741 2389 5811 septem
2421 5750 2648 5805 versus,
2682 5736 2749 5792 Et
2778 5738 3026 5807 fecerunt
3064 5736 3345 5791 metatum
3374 5732 3435 5785 in
3466 5731 3642 5803 gyro?
3685 5723 3863 5783 MART.

548 5799 571 5835 '
602 5802 846 5861 Palatin.
881 5822 1018 5878 ms.,
1064 5807 1157 5864 sub
1185 5799 1383 5864 umbra
1410 5808 1619 5865 mortis.
