4050 6182
242 193 373 250 1157
1745 192 1841 247 I.ll

2041 191 2138 247 313.
3506 189 3640 246 1153

242 319 360 373 Non
396 315 623 370 recedet
655 314 723 368 de
757 311 1049 387 tenebris:
1911 318 1961 382 Α
1999 315 2139 368 Ecce
2167 312 2321 387 enim
2356 313 2556 367 breves
2586 311 2690 382 (At.
2728 310 2907 383 brevi)
2937 311 3074 366 anni
3105 317 3467 387 transecunt,

307 405 499 442 ramos
529 388 658 457 ejus
687 385 962 458 arci‘apiet
997 389 1256 458 ﬂamma,
2063 393 2120 442 et
2151 386 2444 458 semitam,
2496 402 2594 458 per
2624 400 2797 454 quam
2830 401 2944 438 non
2977 393 3248 458 revertar,
3299 385 3632 448 ambulabo.

307 467 363 515 ct
394 454 689 536 auferetur
721 454 965 536 spiritus
999 456 1116 536 oris
1145 456 1281 536 sui._
1995 462 2150 536 (Cap.
2185 456 2383 536 Χνιξ.)
2410 455 2663 536 Spiritus
2696 471 2862 536 meus
2892 454 3315 526 attenuabitur,

233 531 354 588 Non
388 531 585 586 credat
617 530 833 583 frustra
862 542 1065 598 errore
1086 528 1386 598 deceptus,
2000 526 2011 536 “
2067 526 2193 587 dies
2226 527 2339 582 mei
2372 526 2807 594 breviabuntur,
3223 553 3225 556 ‹

303 603 458 674 quod
499 601 698 674 aliquo
731 598 914 674 pretio
949 597 1324 674 redimendus
1357 599 1455 674 sit.
1488 671 1498 674 _
2067 609 2124 658 et
2149 600 2342 654 solum
2372 597 2519 674 mihi
2552 603 2820 670 superest
2850 598 3213 672 sepulcrum,

232 669 554 745 Antequam
586 669 711 745 dies
736 669 870 741 ejus
901 669 1280 741 impleantur,
1315 671 1569 743 peribit:
1996 677 2123 732 Non
2154 669 2408 745 peccavi,

309 750 368 800 et
398 739 610 799 manus
642 739 1080 812 ejus’arescs'nt;
1315 739 1334 743 ⁷
1722 808 1724 810 ν
2067 751 2125 801 et
2155 739 2213 797 in
2248 739 2746 796 amaritudinibus
2780 747 3045 797 moratur
3073 743 3280 801 oculus
3313 762 3502 807 meus.

240 818 504 872 Lzedetur
533 816 701 888 quasi
731 813 996 888 vineaoin‘
1021 812 1383 888 primoflore
1405 813 1620 888 botrus
1651 813 1804 888 ejus,
2000 819 2203 875 Libera
2237 812 2656 888 7me,_Domine,
2691 817 2746 866 et
2777 829 2926 888 pone
2958 815 3240 884 mejuxta
3273 823 3348 888 te,

307 895 366 944 et
414 883 581 960 quasi
611 885 764 941 oliva
795 883 1109 956 projiciens
1149 885 1256 956 (Al.
1294 885 1626 957 projicient)
1682 885 1886 941 ﬂorem
2070 893 2128 945 et
2157 883 2421 960 cujusvis
2455 900 2628 960 manu
2660 883 2898 960 pugnet
2915 883 3117 960 contra
3150 905 3261 945 me.

383 953 586 1014 suum.
743 1027 749 1028 7
796 953 814 956 ⁷
852 1027 862 1028 7
898 953 911 955 ⁷
1082 1025 1090 1028 7
1157 953 1164 956 ⁷
1609 953 1617 957 ⁷
1999 965 2107 1018 Cor
2136 953 2336 1013 eorum
2369 954 2540 1026 longe
2568 953 2813 1028 fecislifa
2843 955 3175 1028 disciplina,

225 1030 265 1086 Ο
281 1029 628 1102 ongregatio
661 1027 817 1102 enim
835 1025 1170 1102 hypocrita:
1204 1025 1444 1102 sterilis,

2115 1034 2378 1100 ropterea
2411 1025 2524 1100 non
2557 1025 2992 1100 exaltabuntur.

307 1050 628 1102 Ingregauo
661 1050 817 1082 Clllm
853 1050 1170 1098 υγρυυΐιιίε
1204 1050 1444 1095 διθτιιιε,

307 1109 365 1156 et
393 1103 545 1174 ignis
577 1098 874 1174 devorabit
901 1098 1279 1174 tabernacula
1309 1113 1534 1166 eorum,
2073 1050 2112 1158 β

2120 1097 2334 1156 raedam
2369 1097 2678 1170 pollicetur
2702 1097 2898 1153 sociis.

307 1168 688 1245 qui'munera
719 1170 970 1225 libenter
1001 1171 1317 1245 accipiunt.
1377 1241 1388 1245 _
2074 1179 2132 1231 et,
2159 1171 2311 1245 oculi
2348 1168 2601 1245 filiorum
2635 1170 2762 1240 ejus
2782 1168 3073 1245 deiicient.

233 1241 512 1315 Concepit
539 1243 817 1316 dolorem,
852 1246 909 1296 et
942 1243 1166 1316 peperit
1196 1241 1606 1316 iniquitatem,
2004 1244 2208 1303 Posuit
2240 1258 2330 1297 me
2361 1241 2528 1316 quasi
2561 1241 2618 1296 in
2653 1241 3025 1316 proverbium
3054 1241 3242 1316 vulgi,

310 1322 370 1372 et
401 1312 601 1371 uterus
633 1315 764 1384 ejus
796 1318 1085 1384 praeparat
1115 1312 1321 1379 dolos,
2075 1323 2134 1396 et
2155 1312 2490 1396 exemplum
2522 1312 2666 1396 sum
2690 1329 2886 1396 coram
2911 1312 3114 1396 eis}...

1556 1444 1570 1458 ,
2003 1386 2289 1460 Caligavit
2331 1385 2441 1456 (Αἰ.
2484 1385 2840 1456 caliginavil)
2873 1385 2944 1439 ab
2994 1385 3406 1458 indignatione
3447 1390 3654 1448 oculus

563 1444 932 1485 RESPONDENS
970 1444 1165 1484 AUTEM
1213 1445 1340 1494 σου,
1383 1445 1571 1484 mxrr.
2151 1473 2339 1523 meus,

236 1532 406 1605 (Cap.
431 1528 603 1605 XVI.)
630 1527 840 1582 Audivi
871 1525 1213 1605 frequenter
1242 1525 1405 1596 talia,
1448 1598 1480 1605 _7
2077 1535 2134 1587 et
2165 1528 2431 1605 membra
2470 1525 2801 1605 meaquasi
2832 1527 2891 1605 in
2924 1527 3177 1605 nihilum
3211 1532 3444 1588 redacta
3493 1539 3650 1591 sunt.

313 1597 1217 1674 consolaturesonerosiomnes
1242 1616 1342 1654 vos
1373 1598 1537 1654 estis.
1579 1671 1588 1674 _
2006 1599 2504 1674 Stupebuntjusti
2537 1599 2644 1666 (Al.
2671 1597 2898 1674 iniusti)
2931 1616 3110 1674 super
3150 1601 3276 1674 hoc,

239 1672 544 1744 Numquid
566 1670 867 1744 habebunt
895 1671 1069 1744 finem
1105 1671 1280 1726 verba
1309 1677 1549 1744 ventosa
1573 1671 1609 1744 ?_
1927 1677 1973 1744 Β
2077 1669 2136 1730 et
2169 1676 2452 1744 innocens
2481 1675 2686 1744 contra
2715 1669 3077 1740 hypocrita'm
3109 1673 3511 1733 suscitabitur.

316 1739 670 1813 aul'aliquid
703 1742 826 1815 tibi
848 1741 1156 1815 molestum
1187 1747 1276 1815 est
1304 1742 1353 1797 si
1382 1741 1644 1815 loquaris
1669 1744 1693 1797 Ρ
1927 1739 1965 1744 ⁷
2005 1751 2071 1802 Et
2101 1743 2546 1815 tenebitjustus
2575 1739 2731 1815 viam
2755 1739 2947 1815 suam,

248 1818 523 1873 Poteram
547 1812 613 1868 et
643 1829 750 1884 ego
782 1812 1000 1867 similia
1031 1814 1206 1885 vestri
1237 1812 1431 1885 loqui:
1464 1812 1480 1815 ⁷
1598 1884 1603 1885 7
2075 1823 2132 1874 et
2164 1813 2402 1871 mundis
2430 1814 2537 1882 (Αι.
2563 1813 2835 1885 mundus)
2859 1815 3135 1872 manibus
3168 1817 3343 1874 addet
3361 1819 3659 1877 fortitudi-

318 1894 496 1958 atque
527 1885 754 1940 utinam
778 1890 933 1939 esset
949 1884 1146 1940 anima
1164 1884 1357 1958 vestra
1387 1901 1491 1957 pro
1513 1884 1709 1941 anima
1730 1900 1894 1941 mea:
2022 1921 2026 1926 -
2149 1889 2318 1942 dem.

241 1955 593 2017 Consolarer
623 1961 682 2012 et
709 1971 812 2026 ego
843 1972 943 2033 vos
973 1955 1405 2024 sermonibus,“
2007 1959 2195 2033 Igitur
2229 1971 2564 2033 vosomnes
2594 1955 3023 2033 convertimini,
3059 1962 3117 2013 et
3146 1960 3356 2017 venite.

322 2036 382 2104 et
416 2043 703 2085 moverem
737 2032 913 2097 caput
944 2043 1141 2083 meum
1176 2044 1355 2101 super
1383 2045 1506 2084 vos.
2035 2027 2136 2087 'et
2167 2047 2295 2104 non
2326 2027 2620 2104 inveniam
2653 2027 2712 2104 in
2744 2027 2906 2083 vobis
2937 2028 3123 2086 ullum
3155 2033 3503 2104 sapientem.

246 2103 608 2159 Roborarem
639 2115 740 2154 vos
770 2115 868 2155 ore
900 2114 1061 2155 meo:
1252 2098 1269 2101 ⁷
2008 2104 2147 2160 Dies
2181 2100 2293 2157 mei
2326 2098 2690 2154 transierunt
2716 2114 2729 2152 :

321 2178 379 2247 et
416 2187 709 2247 moverem
742 2168 898 2247 labia
932 2187 1083 2239 mea,
1115 2170 1286 2242 quasi
1321 2187 1564 2244 parcens
1589 2169 1775 2227 vobis.
2080 2173 2469 2246 cogitationes
2501 2185 2641 2225 mem
2663 2168 2962 2241 dissipatae
2993 2176 3153 2241 sunt,
3189 2177 3529 2247 torquentes
3561 2195 3659 2236 cor

249 2245 369 2302 Sed
404 2243 546 2315 quid
580 2241 800 2315 agam?
1125 2241 1149 2315 _’
1322 2241 1357 2315 ‘7
1409 2312 1419 2315 _
2154 2241 2376 2309 meum,

323 2316 382 2370 Si
410 2311 644 2371 l'ocutus'
673 2314 856 2378 fuero,
888 2329 1002 2368 non
1036 2312 1301 2385 quiescet
1329 2312 1495 2370 dolor
1523 2330 1691 2370 meus
1717 2329 1732 2370 :
2010 2317 2248 2374 Noctem
2279 2316 2579 2370 verterunt
2608 2311 2666 2366 in
2689 2311 2868 2385 diem,

326 2392 385 2442 et
413 2387 462 2442 si
492 2391 750 2452 tacuere,
782 2401 898 2440 non
930 2384 1161 2441 recedet
1183 2402 1216 2440 a
1246 2401 1360 2442 me.
2083 2394 2140 2445 et
2170 2403 2410 2443 rursum
2446 2387 2579 2456 post
2608 2384 2880 2456 tenebras
2910 2399 3080 2454 spero
3112 2385 3325 2447 luccm.

244 2459 424 2515 Nunc
455 2458 970 2530 autemoppressit
1005 2472 1093 2530 me
1125 2456 1291 2512 dolor
1320 2473 1509 2513 meus.
1755 2527 1764 2530 _
2011 2460 2067 2515 Si
2101 2455 2462 2530 sustinuero,
2495 2455 2761 2530 infernus
2793 2455 3005 2530 domus
3037 2473 3165 2514 mea
3186 2467 3296 2530 est,

332 2538 390 2586 et
419 2531 478 2584 in
512 2525 785 2584 mihilum
809 2527 1025 2583 redacti
1058 2532 1197 2583 sunt
1225 2544 1432 2585 omnes
1462 2532 1624 2584 artus
1655 2527 1769 2584 mei
1790 2530 1830 2583 ¹.
2084 2534 2143 2587 in
2177 2528 2438 2587 tenebris
2468 2527 2646 2582 stravi
2679 2525 2960 2582 lectulum
2990 2544 3206 2586 meum.

246 2608 439 2675 Ruga
472 2617 612 2675 mea:
636 2599 1040 2675 testimonium
1075 2600 1280 2675 dicunt
1308 2604 1511 2675 contra
1540 2616 1654 2675 me,
2017 2601 2314 2660 Putredini
2349 2599 2463 2654 dixi
2490 2615 2501 2653 :
2541 2599 2706 2653 Pater
2736 2615 2903 2653 meus
2928 2615 3013 2665 os,

331 2670 389 2730 οἱ
416 2673 739 2729 suscitatur
787 2670 1137 2741 t'alsiloquus
1168 2671 1447 2728 adversus
1474 2671 1682 2728 faciem
1713 2686 1904 2726 meam
2088 2679 2278 2730 mater
2310 2687 2440 2740 mea
2469 2674 2525 2724 et
2556 2686 2722 2725 soror
2755 2685 2906 2735 mea,
2937 2673 3255 2728 vermibus.

402 2745 812 2800 contradicens
845 2741 1014 2798 mihi.
1043 2812 1053 2815 _
2014 2747 2123 2803 Ubi
2154 2750 2242 2802 est
2270 2760 2410 2815 ergo
2434 2757 2588 2796 nunc
2620 2741 2970 2815 przestol‘atio
3003 2759 3151 2809 mea,

249 2816 510 2889 Collegit
541 2817 797 2890 furorem
832 2830 1006 2890 suum
1027 2812 1114 2890 in_
1134 2829 1246 2882 me,
1288 2886 1298 2890 _
1479 2889 1483 2890 7
1733 2885 1748 2890 _
1841 2883 1875 2890 __
2088 2823 2146 2874 et
2177 2812 2517 2890 patientiam
2552 2829 2740 2890 meam
2765 2812 2896 2890 q‘uis
2927 2815 3258 2890 considerat
3279 2817 3306 2871 ‘I

333 2883 795 2961 etcomminans
825 2885 993 2952 mihi,
1024 2885 1330 2943 infremuit
1359 2889 1562 2943 contra
1592 2901 1685 2942 me
1716 2883 1910 2941 denti-
2019 2890 2082 2946 In
2134 2883 2691 2961 profundissimum
2725 2883 3020 2961 infernum
3050 2885 3426 2961 descendent
3465 2891 3664 2948 omnia

406 2959 518 3031 bus
541 2957 702 3014 suis:
894 3028 925 3031 __
1276 3028 1310 3031 77
1512 3030 1517 3031 7
1644 3029 1651 3031 7
2090 2954 2254 3017 nica:
2291 2963 2558 3031 putasne,
2587 2954 2797 3011 saltem
2831 2955 2909 3010 ibi
2941 2956 3052 3011 erit
3081 2959 3312 3030 requies
3330 2960 3520 3018 mihi?

332 3030 522 3087 hostis
555 3046 720 3114 meus
771 3026 1134 3084 terribilibus
1165 3028 1350 3084 oculis
1381 3045 1476 3085 me
1507 3029 1755 3085 intuitus
1795 3032 1905 3085 est.
1941 3046 1984 3114 ρ

250 3107 636 3176 Aperuepunt
665 3116 840 3173 super
872 3115 963 3155 me
992 3116 1094 3155 ora
1124 3116 1255 3170 sua,
1941 3088 1984 3114 υ
2165 3088 2772 3176 ΒεξῐίίῗῗῐῗςΝε--ΑΗΤΕΜ
2815 3088 3028 3176 ῈΪΑιῨΑῙ)
3069 3091 3276 3143 εωτεε,
3329 3093 3520 3137 οιχιτε

331 3169 758 3251 exprobrantes
780 3178 1193 3251 percusserunt
1225 3169 1520 3228 maxillam
1553 3188 1765 3229 meam.
2023 3176 2178 3251 ((Ιᾳρἶ
2231 3169 2468 3251 Χνζῐξ.)
2535 3169 2727 3242 Usque
2780 3172 2852 3226 ad
2911 3172 3086 3229 finem
3144 3177 3320 3233 verba
3360 3180 3667 3251 jactabitis

250 3243 461 3303 satiati
493 3249 631 3300 sunt
665 3243 850 3316 pmnis
884 3243 1054 3313 meis,
1092 3313 1102 3316 _
1157 3313 1168 3316 _
2023 3243 2132 3316 (Al.
2155 3243 2468 3316 jactatis)?

254 3316 569 3376 Conclusit
599 3312 692 3371 me
714 3315 872 3388 Deus
900 3312 1056 3386 apud
1088 3313 1424 3388 iniquum,77
2029 3312 2040 3320 ⁷
2093 3312 2411 3388 intelligite
2432 3313 2616 3388 prius,
2650 3317 2710 3368 et
2740 3313 2824 3369 sic
2853 3312 3210 3388 loquamur:

335 3396 393 3444 et
427 3389 702 3444 manibus
735 3385 1474 3459 impiorummetradidit.
2020 3390 2210 3454 Quare
2239 3385 2490 3459 re'putati
2521 3401 2729 3440 sumus
2762 3387 3130 3459 utjumenta,

253 3463 416 3532 Ergo
448 3459 546 3516 ille
578 3456 872 3532 quondam
893 3459 914 3492 ²
944 3457 1283 3532 opulentus,
2092 3465 2149 3516 et
2179 3456 2518 3532 sordiuimus
2550 3473 2743 3512 coram
2775 3456 2990 3532 vobis?

340 3528 895 3604 Fepentc'contritus
926 3529 1106 3584 sum?
1284 3601 1301 3604 _
1407 3601 1417 3604 _
2023 3533 2129 3599 Qui
2166 3528 2646 3604 perdisanimum
2673 3535 2834 3604 tuam
2866 3529 3154 3604 in__furore
3188 3537 3313 3602 tuo,

256 3600 480 3684 Tenuit
510 3603 790 3684 cervicem
814 3617 1038 3684 meam,
1074 3604 1136 3683 et
1162 3601 1448 3684 confregit
1480 3618 1592 3672 me,
2097 3600 2385 3684 numquid
2418 3605 2654 3684 propter
2683 3605 2738 3655 te
2771 3600 3216 3684 derelinquetur
3240 3600 3426 3684 terra,

344 3681 403 3731 et
434 3675 631 3746 posuit
657 3689 748 3730 me
778 3673 890 3746 sibi
923 3671 1090 3746 quasi
1124 3671 1182 3746 in
1214 3671 1472 3745 signum.
1578 3671 1581 3672 ⁷
2094 3683 2151 3731 et
2181 3671 2613 3746 transferentur
2643 3688 2816 3746 rupes
2851 3673 2918 3726 de
2950 3671 3076 3730 loco
3110 3694 3217 3733 suo
3238 3679 3264 3733 ?

265 3742 676 3804 Circumdedit
702 3761 785 3800 me
817 3742 1034 3801 lanceis
1067 3745 1212 3814 suis,
1273 3742 1296 3745 ⁷
2024 3746 2229 3802 Nonne
2259 3744 2359 3800 lux
2387 3743 2555 3814 impii
2577 3742 3001 3814 egistinguetur,

343 3816 785 3874 convulneravit
814 3816 1046 3889 lumbos
1077 3811 1257 3881 meos,
1291 3820 1350 3872 et
1375 3832 1492 3889 non
1519 3815 1808 3889 pepercit,
2035 3888 2044 3889 7
2098 3832 2203 3872 nec
2234 3811 2564 3889 splendebit
2593 3811 2836 3889 ﬂamma
2858 3814 3012 3885 ignis
3040 3815 3216 3889 ejus?

346 3895 404 3945 et
434 3889 640 3944 effudit
667 3889 726 3944 in
758 3893 914 3960 terra
939 3887 1162 3943 viscera
1192 3903 1323 3960 mea
1350 3887 1429 3958 (b.
1461 3884 1546 3943 fel'
1567 3884 1809 3957 meum.)
2028 3888 2152 3944 Lux
2180 3884 2621 3943 obfenebrescet
2649 3886 2708 3938 in
2743 3884 3115 3942 tabernaculo
3149 3887 3330 3960 illius,

265 3960 650 4036 Conciditme
679 3959 924 4036 vulnere
945 3975 1122 4036 super
1150 3958 1388 4032 vulnus,
2044 4033 2053 4036 _
2099 3966 2156 4036 et
2187 3962 2444 4036 lucerna,
2473 3973 2599 4029 quae
2631 3971 2813 4036 super
2837 3972 2970 4036 eum
2995 3962 3102 4036 est,
3136 3958 3560 4036 exstinguetur.

347 4032 521 4088 irruit
549 4032 605 4086 in
637 4047 730 4087 me
750 4031 925 4104 quasi
957 4027 1142 4104 gigas.
1373 4027 1383 4032 ⁷
2026 4031 2422 4104 Aretabuntur
2441 4027 2681 4104 gressus
2711 4027 3128 4104 virtutisejus,

264 4111 521 4184 Saccum
555 4099 1192 4184 consui'super'c'utem
1228 4119 1440 4172 meam,
2031 4176 2052 4184 _
2101 4107 2157 4158 et
2188 4099 2570 4184 praecipitabit
2598 4115 2732 4184 eum
2767 4099 3077 4184 copsilium
3110 4118 3306 4178 suum,

347 4181 406 4231 et
431 4175 632 4246 operui
666 4171 1122 4246 cinere'carnem
1158 4190 1370 4230 meum.
1426 4171 1431 4172 ⁷
2031 4171 2288 4230 Immisit
2319 4171 2566 4246 enimin
2601 4177 2719 4246 rete
2741 4172 2916 4246 pedes
2948 4189 3111 4246 suos,

271 4241 486 4303 Facies
514 4263 643 4302 mea
675 4245 959 4302 intumuit
980 4263 1012 4301 a
1043 4245 1204 4311 ﬂetu,
2103 4250 2161 4301 et
2187 4247 2252 4302 in
2283 4242 2534 4300 maculis
2566 4243 2694 4313 ejus
2712 4241 2996 4301 ambulat.

353 4324 412 4374 et
444 4318 732 4390 palpebra:
763 4334 904 4374 meae
933 4317 1353 4390 caligaverunt.
2033 4317 2360 4390 Tenebitur
2385 4315 2588 4388 planta
2613 4313 2774 4369 illius
2805 4313 3036 4390 laqueo,

273 4395 415 4446 Haec
443 4388 654 4482 passos
684 4406 817 4445 sum
849 4390 1069 4482 absqjue
1097 4389 1406 4482 iniqtfl‘itate
1437 4404 1650 4444 manus
1681 4403 1846 4456 meae,
1953 4417 2000 4482 D
2047 4463 2064 4482 Α
2085 4394 2163 4482 Let
2193 4389 2765 4482 exardescetco‘ntra
2794 4403 2929 4482 eum
2957 4388 3107 4470 sitis,

356 4457 490 4516 cum
523 4461 797 4517 haberem
835 4457 1084 4516 mundae
1118 4457 1406 4516 (id—Deum
1437 4477 1662 4532 preces,
1953 4457 2000 4482 υ
2033 4461 2392 4516 Abscondita
2412 4458 2596 4532 estin
2619 4463 2775 4513 terra
2801 4457 3003 4530 pedica
3030 4457 3182 4530 ejus,

276 4534 486 4598 Terra,
520 4550 591 4588 ne
621 4533 852 4604 operias
880 4532 1225 4604 sanguinem
1260 4529 1479 4601 meum,
1520 4603 1525 4604 7
1647 4529 1652 4532 ⁷
2040 4603 2053 4604 7
2105 4537 2162 4589 et
2192 4531 2464 4603 decipula
2491 4529 2649 4604 illius
2680 4529 2862 4604 super
2886 4529 3182 4589 semitam.

359 4620 552 4676 neque
580 4601 1041 4676 inveniatlocum
1068 4605 1125 4659 in
1158 4609 1213 4659 te
1235 4603 1456 4660 latendi
1482 4603 1705 4659 clamor
1742 4619 1931 4660 meus.
2037 4601 2642 4676 Undiqueiterrebunt
2671 4601 2806 4676 eum
2841 4602 3204 4676 formidines,

285 4677 437 4733 Ecce
458 4674 715 4753 'enim_in
750 4675 892 4732 cmlo
925 4677 1091 4753 tostis
1119 4691 1304 4753 meus,
2055 4750 2063 4753 _
2096 4681 2164 4753 et
2194 4674 2487 4753 involveot
2514 4689 2646 4728 eum
2670 4674 2862 4753 pedes
2892 4675 3022 4745 ejus
3042 4677 3149 4746 (At.
3181 4680 3323 4733 tacet
3356 4679 3525 4753 ejus),

360 4753 420 4804 et
448 4747 725 4802 conscius
756 4764 926 4804 meus
957 4748 1014 4804 in
1049 4746 1316 4816 excelsis,
2035 4750 2392 4802 Attenuetur
2421 4747 2572 4801 fame
2603 4745 2782 4801 robur
2811 4747 2959 4816 ejus,

282 4819 532 4875 Verbosi
564 4819 676 4875 mei
708 4818 880 4876 amici
905 4819 948 4888 ³,
2111 4827 2166 4874 et
2197 4819 2395 4874 inedia
2425 4817 2660 4872 invadat
2689 4826 2882 4873 costas
2913 4817 3094 4874 illius.

360 4891 433 4946 ad
467 4890 650 4946 Deum
699 4891 884 4947 stillat
935 4891 1144 4947 oculus
1179 4907 1365 4946 meus.
1654 4960 1659 4962 7
1727 4960 1736 4962 7
2041 4891 2288 4947 Devoret
2317 4888 2819 4962 pulchritudinem
2852 4890 3002 4944 cutis
3032 4892 3183 4961 ejus,

283 4963 476 5034 Atque
497 4962 721 5018 utinam
745 4962 1143 5033 sicjudicetur
1163 4960 1668 5034 (ALjudicaretur)
1689 4960 1776 5016 vir
1804 4976 1938 5017 cum
2113 4960 2423 5035 consumat
2453 4960 2690 5035 brachia
2718 4960 2879 5035 illius
2910 4960 3298 5035 primogenita
3330 4983 3508 5023 mors.

439 5038 615 5106 000,7
716 5105 720 5106 7
824 5031 861 5106 7—
1080 5105 1083 5106 7
1172 5031 1178 5034 ⁷
1280 5031 1299 5034 ⁷
1396 5105 1403 5106 7
1464 5105 1467 5106 7
1651 5031 1657 5034 ⁷
1796 5103 1829 5106 7_
2041 5033 2337 5106 Avellatur
2365 5033 2437 5088 de
2465 5031 2838 5088 tabernaculo
2869 5049 2976 5106 suo
3005 5031 3218 5090 ﬁddcia
3247 5037 3392 5106 ejus;

363 5105 661 5179 quomodo
701 5105 1003 5177 judicatur
1034 5105 1191 5163 {ilius
1247 5105 1505 5162 hominis
1536 5122 1668 5163 cum
1721 5103 1944 5176 collega
2047 5175 2091 5188 η
2115 5104 2386 5188 etcaIcet
2415 5119 2594 5188 super
2621 5120 2778 5188 eum,
2811 5105 2980 5188 quasi
3013 5123 3144 5188 rex,
3165 5103 3457 5188 interitus.

443 5192 572 5234 suo.
705 5175 719 5177 ⁷
1882 5175 1893 5176 ⁷
2047 5175 2321 5233 Habitent
2341 5176 2400 5232 in
2426 5175 2802 5233 tabernaculo
2822 5175 2984 5234 illius
3005 5179 3146 5234 socii
3175 5179 3301 5250 ejus
3316 5180 3418 5250 qui
3442 5197 3556 5237 non
3578 5183 3689 5237 est.

372 5395 388 5429 ι
426 5390 487 5447 In
522 5388 783 5447 Palatino
833 5407 944 5447 ms.
978 5409 1196 5462 gressus
1226 5409 1328 5465 pro
1358 5399 1511 5448 artus
1539 5389 1774 5464 legitur,
1817 5407 1945 5463 qua:
2122 5392 2142 5427 ⁴
2172 5395 2299 5446 Huc
2329 5389 2388 5446 in
2421 5391 2652 5447 Canone
2700 5391 3225 5451 San-Cermanensi
3260 5392 3695 5452 transtulerunt

372 5463 545 5516 :idem
578 5461 749 5516 lectio
779 5463 1104 5516 incongrua
1137 5466 1268 5516 insa
1299 5481 1411 5516 non
1445 5467 1554 5516 est.
2049 5465 2402 5516 excrintores
2436 5463 2692 5516 primum
2724 5465 3073 5516 versiculum
3103 5465 3314 5516 canitis
3343 5467 3411 5516 30
3443 5483 3694 5516 seauen-

299 5464 545 5536 quidem
578 5464 749 5519 lectio
779 5464 1104 5536 incongrua
1137 5464 1268 5537 ipsa
1299 5481 1411 5519 non
1445 5467 1554 5518 est.
2049 5465 2402 5534 excriptores
2433 5464 2692 5535 primum
2724 5465 3073 5520 versiculum
3103 5465 3314 5536 capitis
3343 5467 3411 5520 30
3443 5483 3694 5538 sequen-

318 5607 348 5610 _
373 5536 394 5569 ²
427 5533 620 5610 Nostri
654 5551 859 5610 omnes
892 5552 1034 5592 mss.
1070 5537 1209 5592 dum
1240 5534 1497 5607 vulgatis
1529 5549 1762 5607 quoque
1783 5532 1950 5591 libris
2053 5537 2128 5590 tis
2161 5551 2175 5590 :
2210 5539 2583 5610 Nuncautem
2613 5535 2864 5592 derident
2892 5552 2977 5592 me
2996 5536 3255 5606 juniorcs
3285 5547 3539 5606 tempore,
3567 5554 3697 5610 quo-

307 5607 424 5682 Egp
452 5605 871 5682 Ilioqumziiarn,
904 5613 1016 5664 etc.
1161 5680 1167 5682 7
1197 5677 1209 5682 Α
1347 5605 1369 5607 ⁷
1466 5678 1489 5682 _
1548 5605 1596 5682 '_
1670 5605 1716 5682 ⁷-
1802 5675 1835 5682 7_
2052 5624 2179 5682 rum
2209 5606 2626 5682 @nﬂignabar
2651 5612 2837 5682 partes
2860 5605 3066 5682 ponere
3096 5625 3221 5682 cum
3250 5605 3480 5666 canibus
3505 5605 3694 5682 gr'egis

376 5679 398 5752 ἓ
431 5675 606 5733 Addit
636 5678 881 5734 Palatin.
919 5696 1027 5736 ms.
1059 5680 1169 5734 mei
1195 5677 1427 5736 iterum.
1466 5678 1531 5734 In
1565 5677 1678 5732 tice
1702 5675 1845 5748 legit
1873 5691 1955 5732 δε·
2053 5679 2182 5752 mei.
2210 5675 2430 5752 Eadem
2453 5678 2628 5752 verba
2651 5675 2924 5752 leguntur
2954 5679 3012 5735 in
3037 5680 3299 5752 margine
3330 5699 3438 5740 ms.
3463 5675 3698 5740 CElber-

309 5750 509 5808 mitam
537 5766 702 5824 quam
729 5767 840 5807 non
871 5759 1138 5820 revortar,
1173 5751 1417 5808 ambulo.
2055 5750 2162 5807 tini
2191 5749 2540 5824 Aniciensis,
2573 5751 2674 5808 sed
2706 5749 2884 5807 manu
2926 5749 3231 5808 recentiori
3263 5754 3472 5828 posita.
3506 5760 3696 5816 MART.
