4050 6182
189 287 311 346 1161

255 419 310 471 et
340 413 412 470 de
442 415 641 469 ventre
673 411 834 469 illius
866 411 1131 469 extrahet
1157 429 1256 469 eas
1277 418 1452 470 Deus.

187 487 370 559 Caput
397 486 877 559 aspidumsuget
909 485 1014 559 (AI.
1051 487 1297 557 surget),

256 556 482 614 occidet
510 573 642 612 eum
676 556 878 628 lingua
923 557 1155 627 viperea.

184 634 325 698 (Non
379 628 571 683 videat
604 627 825 683 rivulos
865 627 1150 692 tluminis,

249 705 536 756 torrentes
566 698 757 754 mellis
789 704 844 753 et
876 699 1118 770 butyri.)

190 774 322 828 Luet
353 789 478 842 quis
513 771 647 825 fecit
676 771 896 840 omnia,
938 787 1042 825 nec
1071 775 1267 825 tamen
1301 773 1718 826 consumetur:

242 845 416 914 juxta
449 843 889 898 multitudinem
921 842 1404 897 adinventionum
1444 859 1710 911 suarum,
1745 842 1830 898 sic

322 919 381 969 et
423 914 757 969 sustinebit.

181 985 460 1053 Quoniam
493 985 829 1057 confrigens
859 983 1419 1057 nudavitpauperes
1452 1003 1473 1041 :

243 1058 488 1113 domum
526 1055 740 1128 rapuit,
773 1060 830 1110 et
858 1055 1322 1128 nonnaedificavit
1352 1072 1503 1114 eam.

175 1130 286 1185 Nec
329 1134 418 1184 est
449 1127 700 1184 satiatus
726 1131 926 1182 venter
948 1127 1077 1197 ejus
1101 1143 1112 1181 :

244 1205 304 1255 et
335 1215 468 1255 cum
501 1199 773 1255 habuerit
798 1215 924 1270 quae
957 1198 1354 1270 concupierat,
1379 1199 1679 1271 possidere
1709 1215 1825 1256 non

361 1271 555 1328 oterit.

361 1289 555 1328 ment.

178 1341 302 1398 Non
323 1289 617 1398 Iremansit
649 1340 719 1396 de
753 1340 881 1396 cibo
930 1341 1076 1412 ejus.

241 1419 300 1470 et
333 1423 636 1486 pr0pterea
666 1411 822 1486 nihil
857 1411 1227 1486 permanebit
1254 1413 1325 1468 de
1360 1411 1530 1468 bonis
1563 1414 1714 1482 eius.

176 1483 599 1541 Cum—satiatus
649 1483 873 1551 fuerit,’
906 1483 1254 1553 arctabitur,

245 1558 547 1626 aestuabit,
610 1560 668 1610 et
699 1556 888 1611 omnis
940 1555 1104 1611 dolor
1136 1555 1320 1612 irruet
1370 1557 1429 1611 in
1455 1558 1562 1624 (At.
1624 1555 1823 1628 super)

240 1646 402 1684 eum.

168 1700 401 1757 Utinam
435 1698 752 1770 impleatur
780 1701 984 1770 venter
1023 1697 1182 1768 ejus,

234 1777 303 1828 ut
325 1769 558 1827 emittat
587 1769 646 1824 in
677 1785 810 1826 eum
843 1769 990 1824 iram
1014 1769 1238 1840 furoris
1276 1769 1394 1840 sui,

233 1849 292 1900 et
328 1844 493 1916 pluat
525 1856 705 1916 super
735 1841 904 1896 illum
935 1839 1152 1898 bellum
1187 1839 1386 1897 suum.

170 1913 376 1988 Fugiet
406 1931 571 1988 arma
616 1913 822 1979 ferrea,

238 1986 299 2042 et
333 1986 518 2042 irruet
547 1986 606 2040 in
639 2000 840 2039 arcum
867 1998 1106 2038 aereum.

169 2059 456 2124 Eductus,
483 2061 542 2128 et
569 2055 876 2128 egrediens
907 2055 977 2110 de
999 2053 1212 2128 vagina
1243 2071 1370 2122 sua,
1403 2059 1460 2111 et
1486 2054 1816 2127 fulgurans,

240 2130 302 2186 in
348 2126 739 2185 amaritudine
787 2143 896 2182 sua
923 2126 1084 2181 vadit
1116 2129 1132 2162 ί
1162 2143 1177 2182 :

238 2207 299 2257 et
333 2201 564 2256 venient
592 2215 770 2271 super
798 2197 1312 2271 eum__borribile_s.

169 2273 392 2329 Omnes
423 2267 1052 2341 tenebrae'absconditze
1085 2272 1224 2324 sunt
1253 2269 1309 2323 in
1370 2267 1618 2324 occultis
1645 2269 1814 2341 ejus:

233 2343 546 2400 devorabit
571 2357 706 2397 eum
739 2340 912 2412 ignis,
938 2339 1038 2412 qui
1070 2356 1183 2396 non
1217 2341 1636 2412 succenditur;

229 2417 535 2486 afﬂigetur
563 2411 802 2486 relictus
829 2411 1298 2486 intabernaculo
1329 2429 1458 2467 suo.

166 2483 531 2544 Revelabunt
560 2483 688 2540 cceli
725 2483 1100 2555 iniquitatem
1133 2483 1286 2553 ejus,

230 2565 292 2616 et
330 2565 483 2614 terra
513 2554 844 2627 consurget
863 2554 1154 2627 adversus
1166 2571 1242 2627 eu
1256 2572 1333 2609 m.

163 2636 454 2704 Apertum
487 2629 598 2684 erit
621 2625 860 2704 germen
889 2627 1101 2704 domus
1142 2625 1325 2704 illius,

237 2702 589 2758 detrahetur
619 2697 676 2753 in
702 2698 792 2754 die
825 2698 1036 2753 furoris
1065 2697 1188 2752 Dei.

159 2773 426 2848 Hmc_est
455 2789 591 2848 pars
633 2769 891 2848 hominis
920 2767 1084 2848 impii
1115 2787 1146 2824 a
1175 2768 1314 2848 Deo.
1411 2838 1422 2848 .

223 2851 286 2902 et
320 2841 632 2900 hereditas
687 2841 1002 2897 verborum
1034 2841 1162 2912 ejus
1193 2858 1227 2895 a
1262 2841 1526 2895 Domino.

487 2974 847 3016 RESPONDENS
886 2972 1085 3014 AUTEM
1122 2973 1244 3022 ποθ,
1295 2966 1446 3012 DIXIT
1477 2973 1490 3010 ε

152 3063 322 3134 [Cap.
356 3058 530 3134 XXI.)
561 3058 796 3134 Audite,
818 3073 1047 3134 quaeso,
1081 3073 1384 3113 sermones
1413 3071 1596 3124 meos,

226 3129 288 3189 et
324 3132 481 3204 agite
521 3129 953 3204 paenitentiam.

151 3199 460 3261 Sustinéte
494 3199 605 3270 me,
638 3209 691 3258 et
722 3216 826 3272 ego
858 3199 1103 3272 loquar;

224 3281 288 3333 et
323 3279 466 3347 post
485 3289 634 3338 mea,
668 3272 718 3328 si
750 3269 1060 3347 videbitur,
1095 3269 1291 3347 verba,
1323 3270 1526 3347 ridete.

152 3341 477 3418 Numquid
505 3348 708 3400 contra
740 3343 1047 3418 hominem
1081 3341 1400 3418 disputatio
1442 3358 1572 3397 mea
1601 3343 1708 3406 est,

228 3423 302 3475 ut
339 3413 546 3472 merito
578 3432 691 3471 non
724 3415 965 3470 debeam
1001 3413 1330 3469 contristari
1367 3413 1390 3468 ?

153 3489 469 3547 Attendite
491 3504 603 3555 me,
634 3491 690 3542 et
720 3486 1139 3558 obstupescite,

226 3567 291 3619 et
324 3558 703 3632 superponite
732 3556 982 3632 digitum
1014 3556 1095 3632 ori
1127 3562 1350 3611 vestro:

157 3635 228 3689 Et
253 3649 371 3705 ego
402 3626 638 3705 quando
669 3626 1004 3686 recordatus
1045 3628 1230 3705 fuero,
1266 3626 1637 3698 pertimesco,

229 3703 590 3762 et'concutit
618 3717 855 3756 carnem
915 3715 1106 3755 meam
1151 3704 1392 3754 tremor.

158 3779 363 3843 Quare
391 3790 531 3845 ergo
587 3772 755 3844 impii
781 3774 1000 3845 vivunt,

231 3839 537 3904 sublevati
579 3839 738 3908 sunt,
779 3841 1212 3913 confortatique
1243 3839 1463 3913 divitiis
1511 3841 1538 3896 ?

153 3919 376 3976 Semen
404 3933 603 3974 eorum
635 3922 932 3987 permanet
963 3929 1160 3969 coram
1215 3912 1323 3987 eis,

233 3984 711 4064 propinquorum
729 3987 903 4042 turba
925 3990 982 4041 et
1005 3989 1281 4057 nepotum
1307 3984 1366 4038 in
1393 3985 1709 4055 conspectu
1734 3998 1824 4038 eo-

319 4078 476 4117 rum.

153 4141 398 4190 Domus
432 4147 635 4188 eorum
680 4145 900 4184 securze
931 4131 1072 4182 sunt
1103 4130 1152 4182 et
1191 4131 1430 4196 pacatae,

236 4211 306 4261 et
337 4221 451 4260 non
485 4208 576 4259 cst
606 4201 1106 4279 virga__l)ci_super
1133 4198 1310 4279 illos._
1359 4269 1369 4279 .

155 4282 280 4335 Bos
312 4292 521 4332 eorum
552 4269 839 4344 concepit,
872 4275 928 4326 et
977 4287 1090 4325 non
1126 4269 1431 4344 abortivit:

235 4365 424 4424 vacca
455 4344 699 4418 peperit,
731 4341 922 4424 etnon
960 4347 1048 4398 est
1079 4341 1302 4424 privata
1333 4342 1448 4395 fetu
1484 4355 1608 4395 suo.

155 4411 580 4493 Egrediuntur
610 4416 778 4487 quasi
808 4430 1018 4493 greges
1033 4411 1538 4493 parvulineorum,

237 4483 305 4548 et
339 4491 592 4546 infantes
623 4483 836 4544 eorum
858 4483 1154 4541 exsultant
1181 4483 1434 4539 lusibus.

157 4565 410 4620 Tenent
441 4566 810 4632 tympanum,
855 4561 919 4632 Aet
953 4557 1262 4632 citharam,

237 4639 307 4691 et
339 4627 600 4706 gaudent
637 4631 707 4706 and
742 4629 998 4706 sonitum
1034 4627 1259 4699 organi.

157 4701 422 4764 Ducu'nt
453 4704 510 4758 in
543 4701 714 4758 bonis
746 4701 870 4756 dies
925 4716 1086 4764 suos,

242 4783 314 4833 et
345 4777 405 4850 in
439 4773 762 4850 punctoad
797 4768 1436 4850 infernadescendunt.

157 4850 286 4916 Qui
324 4840 600 4903 dixerunt
657 4849 810 4900 Deo:
858 4843 1082 4900 Recede
1110 4858 1142 4896 a
1173 4840 1367 4916 nobis,

243 4924 314 4978 et
346 4917 650 4975 scientiam
682 4918 908 4972 viarum
942 4919 1181 4970 tuarum
1211 4910 1512 4967 nolumus.

160 4991 336 5060 Quid
371 4988 903 5064 estAOmnipotens,
933 4992 999 5064 ut
1028 4985 1354 5064 serviamus
1384 4981 1487 5064 ci‘t

241 5067 312 5120 et
343 5061 485 5135 quid
519 5051 690 5117 nobis
723 5051 963 5131 prodest
1001 5059 1050 5114 si
1083 5056 1444 5114 oraverimus
1475 5051 1644 5108 illum
1674 5055 1696 5127 ἓξ

251 5277 271 5313 ³
313 5273 509 5332 Nostri
541 5290 746 5330 omnes
779 5271 1013 5344 ipsique
1066 5267 1283 5344 vulgati
1319 5268 1418 5344 l_ib_.
1453 5267 1674 5344 habent
1702 5268 1838 5344 polu-

162 5350 345 5406 rium
383 5363 629 5402 numero
661 5339 854 5401 eadem
881 5360 892 5397 :
917 5339 1058 5408 quin
1092 5343 1267 5396 etiam
1293 5341 1364 5394 ab
1395 5339 1502 5394 hoc
1527 5340 1700 5395 verbo
1729 5339 1841 5396 iso-

163 5420 363 5478 colon
401 5417 557 5489 quod
589 5415 991 5489 subsequitur,
1017 5429 1120 5468 seu
1151 5409 1506 5489 versiculum
1540 5411 1838 5489 inchoant.

163 5491 374 5549 Hebr.
409 5483 518 5544 hac
549 5483 1067 5544 circumlocutione
1094 5500 1207 5539 non
1241 5483 1446 5552 utitur,
1483 5499 1548 5538 ac
1605 5484 1841 5556 proprie

158 5561 442 5621 verbum
479 5559 623 5616 illud
679 5558 882 5615 nescit.

251 5635 282 5668 ²
320 5631 551 5705 Regina:
586 5648 698 5686 ms.
747 5632 930 5686 Posset
955 5627 1008 5683 ei
1044 5642 1374 5705 numerum,
1406 5629 1539 5695 etc.,
1573 5631 1844 5700 corrupte

155 5712 234 5764 ta
247 5698 434 5773 men:
455 5703 701 5776 ipsoque
731 5705 892 5776 textu
923 5698 1379 5776 contradicente.

249 5777 280 5812 ³
324 5769 534 5831 Eodem
567 5769 742 5832 sensu
775 5773 983 5844 legunt
1008 5771 1208 5844 plures
1239 5786 1383 5844 mss.
1420 5769 1669 5844 codices,
1703 5772 1766 5826 Et
1793 5769 1846 5826 .ςί

157 5863 467 5910 numerus
497 5847 723 5905 dierum
780 5840 897 5916 citis
952 5840 1296 5900 diinidietur.
1359 5840 1708 5899 Scholiastes
1740 5845 1843 5899 aut

518 5963 781 6028 Pusam.
825 5961 1094 6025 XXVIII.

1696 289 1910 344 LIBER
1947 290 2091 344 J03.

3403 355 3406 358 .
3445 301 3587 357 1162

1861 428 1914 494 Α
1946 412 2360 472 Verumtamen
2391 417 2531 489 quia
2580 434 2696 474 non
2729 427 2866 476 sunt
2895 420 2954 477 in
2991 437 3166 480 manu
3200 442 3401 482 eorum
3434 427 3589 484 bona

2015 557 2326 643 consilium
2359 558 2681 643 impiorum
2712 561 2882 635 longe
2913 565 3050 621 sita
3079 583 3193 623 me.
3383 515 3514 566 sua,

1941 627 2179 711 Quoties
2211 627 3261 711 lucernaiimpiorurn“erstinguetur,

2012 705 2069 754 et
2100 703 2476 771 superveniet
2507 703 2589 758 eis
2614 704 2942 764 inundatio.

2012 771 2319 827 etdolores
2350 773 2564 829 dividet
2599 776 2820 833 furoris
2851 779 2978 833 sui!

1939 843 2310 919 Eruntsicut
2345 844 2521 919 paleae
2560 853 2693 902 ante
2738 850 2943 904 faciem
2976 852 3155 919 venti,

2011 920 2068 967 et
2098 913 2251 968 sicut
2283 913 2676 994 faviliaquam
2713 922 2886 994 turbo
2921 913 3227 994 dispergit.

1938 984 2094 1067 Deus
2126 984 2569 1067 servabit__ﬁ_liis_
2594 989 2752 1067 illius
2783 984 3043 1067 dolorem
3077 984 3298 1067 patris:

2009 1060 2067 1129 et
2089 1072 2230 1129 cum
2259 1059 2601 1129 reddiderit,
2643 1066 2782 1117 tunc
2813 1064 2976 1120 sciet.

1938 1127 2234 1204 Videbunt
2264 1129 2415 1184 oculi
2454 1127 3081 1204 ejusinterfectionem
3110 1153 3298 1204 suam,

2008 1204 2083 1281 et.
2106 1199 2174 1253 de
2200 1199 2401 1281 furore
2446 1199 3086 1281 omnipotentisbibet.

1935 1270 2086 1351 Quid
2119 1270 2274 1351 enim
2318 1273 2389 1326 ad
2421 1289 2555 1328 eum
2589 1270 2940 1351 pertinetnde
2970 1280 3144 1351 domo
3176 1295 3285 1334 sua
3311 1285 3441 1351 post
3481 1283 3588 1337 se?

2009 1346 2065 1396 et
2094 1341 2143 1396 si
2175 1358 2454 1418 numeros
2488 1341 2783 1418 mensium
2816 1349 2944 1418 ejus
2972 1341 3327 1405 dimidietur‘
3349 1353 3368 1386 ³
3389 1353 3418 1407 ?

1937 1413 2228 1494 Numquid
2261 1419 2447 1494 locum
2479 1417 2777 1494 quispiam
2831 1413 3060 1476 docebit
3093 1421 3439 1479 scientiam:

2010 1485 2109 1555 qui
2143 1485 2401 1542 excelsos
2422 1485 2694 1557 judicat?

1938 1555 2060 1632 Iste
2084 1558 2335 1632 moritur
2364 1555 2644 1632 robustus
2675 1564 2732 1616 et
2774 1578 2976 1632 sanus,

2007 1626 2169 1682 dives
2199 1628 2304 1699 (Al.
2351 1630 2596 1698 divisus)
2627 1636 2683 1686 et
2716 1632 2870 1688 felix.

1935 1697 2172 1777 Viscera
2203 1697 2334 1777 ejus
2379 1701 2550 1773 plena
2581 1709 2720 1777 sunt
2749 1705 2939 1777 adipe,

1849 1803 1897 1868 Β
1997 1775 2063 1852 ⁸εἰ
2095 1771 2395 1826 medullis‘
2419 1789 2550 1829 ossa
2579 1773 2741 1829 illius
2772 1771 3115 1849 irrigantur.

1927 1841 2090 1896 Altus
2143 1859 2278 1896 vero
2313 1844 2560 1896 moritur
2589 1846 2647 1896 in
2679 1848 3074 1896 amaritudine
3107 1867 3115 1896 ι

1996 1840 2090 1896 ius
2143 1859 2278 1898 vero
2313 1844 2560 1900 moritur
2589 1846 2648 1900 in
2679 1840 3074 1904 amaritudine
3107 1848 3314 1906 anime
3344 1851 3366 1886 ‘

1995 1913 2220 1984 absque
2278 1914 2421 1988 ullis
2449 1917 2688 1988 opibus,

1925 1982 1992 2038 Et
2021 1982 2216 2039 tamen
2247 1985 2425 2041 simul
2471 1982 2528 2042 in
2562 1982 2796 2060 pulvere
2825 1990 3138 2048 dormient.

1993 2064 2050 2110 et
2079 2071 2306 2113 vermes
2337 2059 2601 2128 operient
2629 2077 2752 2117 eos.

1921 2125 2086 2182 Certe
2117 2128 2275 2182 novit
2318 2125 2708 2200 cogitationes
2755 2137 3000 2200 vestras,

1993 2212 2049 2276 et
2077 2199 2634 2276 sententiaspontra
2667 2219 2784 2276 rme
2816 2199 3072 2276 iniquas.

1923 2269 2346 2349 Dicitisenim:
2383 2271 2489 2327 Ubi
2521 2279 2610 2349 est
2643 2275 2855 2349 domus
2886 2269 3193 2349 principis,

1993 2346 2047 2418 et
2081 2342 2179 2396 ubi
2231 2344 2608 2418 tabernaoula
2640 2342 2999 2418 impiorum?

1921 2415 2280 2486 Interrogate
2311 2415 2632 2486 quemlibet
2672 2415 2742 2472 de
2775 2418 3141 2474 viatoribus?

1991 2490 2046 2561 et
2075 2483 2423 2561 hae—cendem
2455 2504 2586 2561 eum
2623 2489 2948 2561 intelligere
2998 2491 3383 2561 cognoscetis.

1921 2556 2065 2620 Quia
2097 2556 2339 2682 in'diem
2377 2560 2722 2630 perditionis
2771 2556 3036 2617 sérvatur
3067 2556 3179 2631 (Al.
3213 2562 3568 2636 servabitur)

2065 2645 2158 2682 ma
2189 2645 2277 2682 us.

2065 2645 2277 2695 matus,

1989 2703 2046 2753 et
2076 2699 2144 2753 ad
2181 2699 2333 2754 diem
2369 2700 2582 2757 furoris
2613 2701 2884 2767 ducetur,

1921 2770 2061 2834 Quis
2103 2776 2308 2841 arguet
2332 2788 2530 2827 coram
2561 2790 2628 2828 eo
2659 2773 2811 2828 viam
2844 2776 2994 2842 ejus,

1991 2845 2047 2895 et
2095 2857 2220 2912 quae
2255 2843 2409 2914 fecit,
2443 2845 2578 2914 quis
2635 2845 2840 2900 reddet
2867 2845 3002 2900 illi?

1921 2911 2053 2984 Ipse
2084 2911 2155 2985 ad
2189 2911 2748 2985 sepulcra—ducetur,

1990 2989 2047 3058 et
2071 2984 2137 3058 in
2165 2984 2438 3058 congerie
2464 2991 2829 3058 mortuorum
2863 2985 3133 3058 vigilabit
3161 3005 3174 3042 :

1920 3054 2116 3110 Dulcis
2155 3056 2264 3111 fuit
2290 3054 2507 3128 glareis
2539 3057 2645 3130 (Ai.
2699 3054 3172 3130 gladiistocyti,

2001 3131 2056 3180 et
2088 3133 2218 3198 post
2240 3146 2301 3183 se
2332 3146 2561 3184 omnem
2606 3128 2903 3184 hominem
2933 3128 3144 3201 trahet,

1999 3207 2051 3254 et
2083 3204 2217 3254 ante
2275 3217 2338 3255 se
2372 3201 2855 3256 innumerabiles.

1926 3269 2049 3333 Quo
2084 3271 2250 3326 modo
2282 3271 2459 3341 igitur
2488 3272 2870 3327 consolamini
2904 3288 2996 3326 me
3029 3273 3233 3343 fustra,

1997 3358 2131 3416 cum
2166 3343 2468 3414 responsio
2501 3349 2692 3400 vestra
2722 3360 3050 3416 repugnare
3067 3349 3302 3401 ostensa
3332 3343 3410 3400 sit
3429 3343 3577 3400 veri-

1824 3432 1826 3434 '
1924 3413 2028 3466 tati
2055 3413 2083 3466 ?

1961 3546 2328 3587 RESPONDENS
2385 3548 2579 3587 AUTEM
2635 3549 2864 3590 ειιΡΠΔΖ
2916 3551 3298 3605 THEMANITES,
3351 3550 3537 3591 DIXIT:

1927 3630 2091 3711 (Cap.
2125 3629 2328 3696 XXII.)
2360 3631 2661 3699 Numquid
2687 3635 2798 3688 Deo
2821 3633 3147 3715 comparari
3179 3637 3377 3758 potest
3397 3633 3574 3690 homo

2001 3709 2174 3754 etiam
2227 3717 2360 3754 cum
2395 3702 2664 3758 perfectae
2695 3703 2868 3757 fuerit
2900 3710 3158 3758 scientia:

2001 3702 2174 3754 etiam
2227 3717 2360 3754 cum
2395 3702 2664 3770 perfectae
2695 3702 2868 3757 fuerit
2900 3702 3158 3759 scientia:

1934 3770 2081 3835 Quid
2117 3772 2358 3843 prodest
2393 3773 2502 3827 Deo
2535 3773 2804 3842 sijustus
2837 3774 3062 3829 fueris?

2005 3842 2277 3911 aut’quid
2311 3842 2361 3897 ei
2413 3844 2664 3909 confers,
2697 3844 2746 3898 si
2778 3843 3170 3900 immaculata;
3226 3846 3444 3902 fuerint
3472 3846 3575 3902 vis

2004 3917 2116 3968 tua:
2147 3917 2188 3968 ⁵.

1931 3984 2228 4055 Numquid
2289 3984 2505 4040 timens
2535 3989 2592 4040 te
2624 3988 2826 4053 arguet
2859 3988 2934 4052 te,

2005 4060 2063 4111 et
2091 4056 2277 4110 veniet
2308 4061 2496 4111 tecum
2536 4056 2594 4111 in
2623 4056 2937 4127 judicium,

1936 4129 2002 4184 Et
2031 4144 2144 4202 non
2170 4132 2414 4202 propter
2447 4127 2752 4202 malitiam
2788 4134 2950 4202 tuam
2983 4127 3323 4202 plurimam,

2005 4204 2060 4254 et
2091 4199 2353 4270 inﬁnitas
2379 4199 2721 4270 iniquitates
2759 4203 2890 4255 tuas
2909 4200 2936 4254 ?

1936 4269 2242 4344 Abstulisti
2267 4272 2422 4325 enim
2449 4269 2664 4344 pignus
2691 4272 2937 4344 fratrum
2962 4275 3198 4330 tuorum
3219 4275 3346 4331 sine
3375 4290 3576 4344 causa,

2007 4345 2064 4396 et
2096 4342 2284 4414 nudos
2324 4343 2659 4414 exspoliasti
2689 4343 2972 4400 vestibus.

1935 4415 2156 4483 Aquam
2188 4413 2344 4469 lasso
2378 4413 2492 4468 nun
2526 4415 2759 4470 dedisti.

2011 4489 2067 4540 et
2095 4484 2374 4541 esurienti
2419 4485 2756 4541 subtraxisti
2812 4501 3042 4557 panem.

1860 4540 1907 4606 D
1939 4559 2001 4612 In
2035 4540 2328 4632 fortudine
2363 4557 2582 4632 brachii
2611 4540 3066 4632 tuipossidebas
3093 4563 3332 4632 terram,

2011 4632 2068 4683 et
2098 4627 2544 4699 potentissimus
2596 4627 2902 4686 obtinebas
2931 4646 3084 4687 eam.

1939 4698 2162 4755 Viduas
2190 4699 2469 4755 dimisisti
2499 4716 2734 4768 vacuas,

2012 4775 2068 4826 et.
2100 4771 2343 4827 lacertos
2382 4770 2743 4843 pupillorum
2795 4773 3226 4834 comminuisti.

1945 4842 2250 4913 Propterea
2282 4842 2681 4916 circumdatus
2733 4861 2796 4900 es
2827 4843 3076 4916 laqueis,

2015 4919 2072 4970 et
2102 4915 2408 4970 conturbat
2441 4919 2496 4969 te
2529 4916 2778 4971 formido
2809 4915 3025 4972 subita.

1944 4989 2012 5040 Et
2043 4987 2292 5057 putabas
2320 4994 2374 5042 te
2420 4988 2691 5043 tenebras
2740 5004 2852 5043 non
2890 4989 3196 5058 visurum;

2015 5063 2074 5114 et
2105 5059 2324 5130 impetu
2347 5075 2637 5130 aquarum
2662 5059 3080 5117 inundantium
3106 5079 3221 5118 non
3246 5077 3593 5136 oppressum

1948 5270 2098 5326 alius
2130 5271 2475 5326 emendator
2507 5269 2762 5328 Canonis
2795 5273 2945 5328 delet
2975 5273 3031 5327 in
3069 5291 3176 5328 ms.
3211 5273 3602 5328 Sen-Germa-

1948 5343 2116 5398 nensi
2143 5341 2489 5415 particulam
2522 5345 2592 5407 si,
2626 5347 2683 5415 et
2704 5343 2762 5397 in
2798 5345 3062 5415 margine
3090 5345 3341 5398 litteram
3363 5345 3392 5398 b
3417 5359 3598 5415 appo-

1951 5415 2087 5540 init,
2122 5413 2189 5468 ut
2219 5413 2508 5468 indicaret
2566 5414 2875 5470 Hebrarum
2908 5413 3098 5486 legere
3128 5415 3349 5485 absque
3380 5413 3598 5470 ullosi.

2016 5502 2138 5540 ΑΜ.

2016 5502 2138 5540 ART.

2023 5557 2044 5591 ⁸
2074 5556 2252 5628 Addit
2295 5555 2539 5610 Palatin.
2575 5555 2752 5610 codex
2781 5569 2936 5612 sua}:
2971 5556 3124 5626 quod
3157 5571 3477 5628 pronomen
3509 5570 3598 5611 re-

1953 5627 2095 5682 ticet
2123 5627 2430 5682 Hebraeum
2465 5629 2784 5698 exemplar.

2027 5699 2048 5733 ⁸
2079 5698 2290 5754 Minori
2315 5714 2560 5772 nnmero
2581 5698 2735 5772 idem
2761 5713 2872 5772 m_s.
2899 5714 3029 5772 cum
3063 5698 3316 5772 vulgatis
3339 5698 3531 5772 habet,
3548 5699 3606 5772 si

1955 5771 2315 5827 immaculata
2341 5769 2518 5844 fuerit
2549 5770 2639 5824 via
2656 5773 2785 5844 tua.
2814 5769 2878 5824 In
2904 5769 3290 5844 subsequenti
3311 5770 3600 5830 versiculo

1957 5845 2157 5900 timens
2181 5839 2375 5915 arguet
2405 5841 2534 5898 sine
2570 5845 2622 5896 te
2654 5839 3022 5897 intermedio.

3205 5963 3284 6025 37
