4050 6182
159 60 306 89 ἏΠἾῬ

205 279 342 336 1165

187 401 438 474 Deditei
465 401 618 458 Deus
650 401 846 458 locum
881 403 1260 474 paenitentiae,

259 479 315 529 et
344 472 441 546 ille
466 473 729 528 abutitur
758 491 824 529 eo
856 472 913 529 in
945 472 1280 546 superbiam
1317 492 1330 530 :

254 545 406 601 oculi
440 551 634 600 autem
666 547 794 615 ejus
817 551 958 601 sunt
980 545 1038 600 in
1067 547 1173 602 viis
1205 546 1385 603 illius.

182 617 400 673 Elevati
433 622 574 672 sunt
603 617 674 671 ad
709 618 1024 684 modicum,
1059 624 1117 674 et
1147 636 1260 674 non
1293 619 1635 686 subsistent,

257 693 312 744 et
345 687 818 743 humiliabuntur
844 689 999 744 sicut
1030 691 1249 757 omnia,
1283 694 1340 744 et
1371 691 1728 746 auferentur.

257 766 314 815 ct
343 759 495 832 sicut
525 760 903 832 summitates
934 761 1229 832 spicarum
1263 767 1659 830 conterentur,

187 831 347 895 Quod
385 831 574 906 sinon
599 831 820 898 estita,
861 831 994 903 quis
1041 849 1132 888 me
1186 837 1376 905 potest
1425 851 1668 906 arguere
1699 850 1830 890 esse

294 904 625 970 mentitum,

254 979 311 1030 et
342 991 556 1046 ponere
583 980 716 1030 ante
743 974 926 1030 Deum
959 975 1131 1030 verba
1156 991 1285 1030 mea
1315 975 1342 1029 ?

328 1089 692 1128 RESPONDENS
732 1089 926 1128 AUTEM
969 1089 1186 1128 BALDAD
1228 1090 1444 1140 SUITBS,
1487 1091 1687 1131 DIXIT:

180 1187 581 1261 (ϐαρηΧΧν.)
617 1188 881 1261 Potestas
913 1192 966 1243 et
999 1193 1186 1244 terror
1216 1189 1370 1260 apud
1404 1207 1539 1246 eum
1571 1195 1681 1260 est,

255 1259 358 1331 qui
389 1259 500 1330 (Αι.
533 1260 606 1325 si)
632 1259 766 1313 facit
797 1261 1165 1316 concordiam
1216 1259 1272 1314 iu
1307 1259 1831 1319 sublimibus’suis.

181 1332 485 1402 Numquid
518 1335 609 1386 est
644 1346 922 1384 numerus
959 1331 1216 1386 militum
1250 1333 1377 1401 ejus
1409 1333 1436 1387 ‘?

251 1408 311 1458 et
342 1418 513 1472 super
544 1407 719 1474 quem
755 1418 867 1474 non
897 1409 1099 1474 surget
1125 1403 1322 1458 lumen
1346 1403 1552 1459 illius?

181 1474 488 1545 Numquid
511 1472 831 1543 justiﬁcari
863 1472 1046 1546 potest
1080 1473 1255 1530 homo
1279 1479 1658 1546 comparatus
1692 1481 1832 1546 Deo,

254 1552 359 1600 aut
389 1560 680 1616 apparere
712 1545 968 1616 mundus
994 1551 1164 1600 natus
1194 1563 1260 1601 ex
1301 1545 1592 1602 muliere?

184 1617 329 1672 Ecce
361 1615 534 1689 etiam
567 1617 673 1686 (Al.
708 1615 886 1682 enim)
917 1615 1059 1671 luna
1091 1634 1206 1673 non
1238 1616 1530 1689 splendet,

251 1702 312 1742 et
341 1688 521 1742 stellae
555 1691 842 1762 n_on_sunt
873 1689 1104 1762 mundae
1139 1689 1197 1744 in
1221 1688 1537 1762 conspectu
1581 1690 1710 1761 ejus
1745 1707 1760 1747 :

183 1759 418 1831 Quanto
453 1759 640 1831 magis
673 1757 848 1831 homo
881 1760 1151 1831 putredo,

258 1836 318 1887 et
348 1830 506 1886 ﬁlius
539 1830 796 1885 hominis
830 1831 1043 1886 vermis
1073 1829 1086 1885 Σ

498 1943 860 1982 BESPONDENS
897 1945 1086 1984 AUTEM
1129 1945 1253 2000 JOB,
1301 1947 1500 1986 DIXIT:

185 2042 620 2126 (Cap._X)§YII.)
653 2043 1097 2126 Cujus'adjutor
1125 2061 1186 2101 es
1208 2047 1235 2100 ‘I
1262 2046 1548 2118 numquid
1575 2047 1835 2103 imbecil-

361 2115 432 2168 lis
463 2116 570 2182 (Αἰ.
603 2114 939 2182 imbecilli),

257 2191 321 2259 et
345 2190 652 2259 sustentes
677 2186 982 2259 brachium
1006 2188 1156 2258 ejus,
1180 2189 1280 2259 qui
1316 2206 1429 2244 non
1462 2193 1550 2245 est
1583 2190 1747 2246 fortis
1773 2191 1800 2245 ‘I

185 2258 287 2312 Cui
325 2257 537 2311 dedisti
573 2257 880 2312 consilium
907 2256 934 2311 ?

254 2328 508 2384 forsitan
545 2328 651 2402 illi,
684 2329 783 2398 qui
819 2345 929 2382 non
965 2328 1142 2384 habet
1171 2330 1544 2402 sapientiam,

248 2405 312 2455 et
351 2399 724 2474 prudentiam
753 2404 913 2474 tuam
947 2399 1256 2457 ostendisti
1278 2402 1617 2474 plurimam.

183 2472 371 2536 Quem
405 2474 608 2526 docere
638 2471 898 2538 voluisti,

250 2559 450 2598 nonne
482 2558 616 2598 eum
649 2545 748 2613 qui
783 2543 918 2597 fecit
947 2542 1377 2608 spiramentum
1409 2545 1436 2599 ?

181 2615 329 2697 Ecce
359 2615 629 2697 gigantes
658 2619 902 2697 gemunt
933 2615 1272 2697 spb‘aquis‘,

247 2691 309 2760 et
344 2685 445 2756 qui
476 2685 744 2760 habitant
775 2702 907 2739 cum
939 2685 1022 2740 eis
1053 2687 1136 2760 (h.
1171 2687 1504 2744 habitantes
1537 2688 1595 2743 in
1628 2688 1754 2760 eis),

176 2758 391 2812 Nudus
423 2762 512 2812 est
541 2757 808 2812 infernus
841 2773 1037 2812 coram
1072 2756 1194 2825 illo,

246 2834 312 2886 et
346 2828 573 2884 nullum
605 2833 694 2883 est
725 2829 1152 2901 operimentum
1181 2830 1512 2901 perditioni.

176 2901 292 2966 Qui
328 2901 587 2972 extendit
617 2900 950 2970 aquilonem
984 2917 1161 2972 super
1187 2900 1461 2971 vacuum,

248 2978 315 3027 et
342 2971 614 3042 appendit
647 2976 861 3025 terram
901 2971 1078 3040 super
1104 2972 1292 3027 nihili.

179 3045 293 3108 Qui
333 3043 474 3113 ligat
507 3060 691 3113 aquas
723 3043 779 3096 in
813 3043 1070 3097 nubibus
1103 3044 1249 3112 suis,

246 3120 321 3170 ut
347 3118 428 3182 (h.
464 3117 541 3184 et)
577 3131 688 3186 non
721 3121 1035 3186 erumpant
1071 3116 1282 3186 pariter
1311 3116 1606 3171 deorsum.

171 3189 281 3253 Qui
323 3191 481 3240 tenet
507 3185 732 3239 vultum
769 3185 897 3239 solii
932 3186 1045 3250 sui,

243 3263 310 3314 et
342 3258 620 3328 expandit
651 3273 826 3327 super
854 3257 996 3311 illud
1034 3256 1308 3312 nebulam
1338 3275 1523 3314 suam.

171 3327 514 3386 TerminUm
549 3327 938 3384 circumdedit
969 3329 1162 3399 aquis,

243 3416 444 3470 usque
471 3399 611 3453 dum
647 3400 925 3454 finiantur
962 3398 1063 3454 lux
1093 3404 1148 3454 ct
1178 3399 1430 3455 tenebrae
1465 3401 1504 3456 ¹.

175 3473 483 3529 Columna:
515 3471 639 3525 cmli
673 3471 1156 3540 contremiscunt,

245 3549 311 3600 et
347 3548 558 3613 pavent
587 3543 656 3597 ad
693 3548 899 3597 nutum
936 3543 1086 3612 ejus.

173 3615 234 3670 In
271 3613 620 3686 fortitudine
653 3613 814 3668 illius
838 3619 1072 3684 repente
1086 3613 1270 3668 maria
1291 3619 1642 3686 congregata
1667 3619 1831 3682 sunt,

247 3692 311 3742 et
341 3685 655 3755 prudentia
685 3686 814 3755 ejus
846 3686 1136 3757 percussit
1165 3686 1510 3757 superbum.

180 3758 456 3830 Spiritus
487 3758 617 3830 ejus
647 3757 875 3812 ornavit
905 3756 1080 3812 caelos
1116 3773 1128 3810 :

249 3834 317 3886 et
349 3828 763 3884 obstetricante
787 3845 966 3884 manu
998 3827 1430 3899 ejus,'eductus
1461 3833 1551 3885 est
1596 3828 1836 3884 coluber

334 3904 644 3956 tortuosos
669 3900 751 3972 (h.
783 3899 1006 3971 vectis).

181 3973 358 4039 Ecce,
392 3972 511 4026 haec
543 3987 612 4026 ex
642 3970 802 4042 parte
833 3970 991 4027 dicta
1021 3974 1158 4026 sunt
1184 3970 1408 4026 viarum
1445 3973 1594 4041 ejus,

256 4051 324 4100 et
356 4059 494 4125 cum
521 4043 615 4097 vix
647 4059 884 4114 parvam
915 4043 1135 4098 stillam
1159 4044 1449 4098 sermonis
1481 4046 1610 4114 ejus
1634 4043 1838 4097 audie-

332 4131 541 4178 rimus,

252 4185 395 4258 quis
417 4185 626 4257 poterit
649 4185 930 4241 tonitrum
954 4185 1378 4259 magnitudinis
1400 4185 1557 4240 illius
1574 4184 1838 4240 intuerit?

179 4318 431 4358 ADDIDIT
458 4317 686 4363 QUOQUE
715 4318 838 4368 JOB,
882 4318 1170 4357 ASSUMENS
1194 4303 1217 4336 ³
1272 4318 1607 4358 ΡΔΠΟΒΟΕΛΜ
1657 4317 1836 4370 ευΑΜ,

868 4389 934 4428 ΕΤ
975 4389 1178 4428 υικιτε

187 4471 352 4544 (Cap.
384 4468 670 4542 XXVIII.)
714 4469 869 4526 Vivit
897 4471 1072 4541 Deus,
1132 4470 1231 4542 qui
1282 4469 1838 4541 abstulitjudicium

263 4557 790 4694 etmgrlrlirbli’potens,
838 4611 936 4684 qui
997 4613 1068 4668 ad
1101 4613 1556 4669 amaritudinem
1602 4612 1848 4669 adduxit

343 4699 608 4738 animam
642 4700 851 4739 meam.

190 4755 347 4823 Quia
377 4756 563 4810 donec
594 4759 863 4826 superest
889 4752 1112 4809 halitus
1146 4754 1203 4808 in
1237 4772 1344 4823 me,

262 4830 322 4883 et
356 4826 603 4898 spiritus
633 4827 728 4882 Dei
764 4826 822 4881 in
855 4826 1098 4881 naribus
1132 4827 1300 4894 meis,

271 4951 288 4985 ¹
331 4948 586 5004 Palatia.
621 4964 732 5003 ms.
766 4956 826 5003 ut
855 4949 1116 5006 tenebrae.
1150 4950 1328 5005 Hebr.
1359 4965 1484 5004 cum
1515 4950 1774 5006 tenebris.

271 5023 296 5056 ²
329 5023 510 5076 Tacet
539 5019 784 5093 Palatia.
821 5037 933 5076 ms.
967 5021 1060 5076 hic
1091 5021 1331 5076 verbum
1359 5038 1662 5092 assumens,
1692 5022 1849 5093 quod

197 5097 293 5149 est
325 5099 526 5147 tamen
563 5091 620 5146 in
653 5091 913 5162 Hebraeo.

273 5164 298 5198 ³
330 5165 494 5220 Idem
521 5179 632 5218 ms.
667 5163 866 5219 Docebo
896 5179 986 5219 vos
1008 5164 1234 5218 verbum
1265 5164 1410 5218 Dei:
1444 5165 1595 5234 quod
1630 5163 1851 5234 impro-

197 5252 345 5308 bare
379 5267 495 5307 non
549 5250 764 5319 ausim,
794 5267 932 5306 nam
975 5251 1112 5306 licet
1142 5251 1198 5306 in
1235 5251 1474 5306 Hebraeo
1506 5253 1602 5317 sit,
1635 5236 1711 5311 ΒΝ
1754 5261 1854 5315 ἐνι

202 5326 269 5379 in
302 5340 475 5379 manu
504 5323 623 5395 Dei,
647 5327 969 5378 connotant
999 5327 1197 5378 tamen
1231 5340 1358 5395 qum
1391 5323 1546 5378 Deus
1575 5323 1731 5395 fecit,
1754 5327 1856 5378 aut

196 5393 684 5468 praestaregvalet,
716 5411 913 5468 opera,
939 5410 1004 5448 ac
1032 5411 1124 5468 res
1149 5393 1300 5451 Dei:
1335 5410 1460 5465 quae
1493 5411 1562 5449 ex
1589 5393 1853 5465 Scriptu-

206 5465 420 5522 rarum
453 5465 650 5536 phrasi
681 5465 847 5520 verba
879 5466 1272 5536 appellantur.

279 5537 305 5570 ‘
336 5538 401 5591 In
429 5537 672 5593 Palatia.
711 5553 820 5592 ms.
851 5552 965 5592 non
994 5537 1367 5607 plorabuntur
1391 5553 1410 5590 :
1441 5552 1556 5607 quo
1587 5551 1764 5590 sensu
1799 5537 1855 5590 et

196 5608 594 5679 Septuaginta
626 5606 1196 5679 Hebrzeumyerbum
1224 5606 1499 5679 videntur
1518 5606 1809 5678 accepisse
1837 5621 1850 5660 :

199 5675 397 5753 116:9“
427 5675 483 5753 δὲ
513 5677 688 5733 αὺτῶν
723 5677 901 5740 οὐύείς
938 5677 1151 5747 ἐλεήσει
1187 5695 1200 5737 :
1234 5678 1417 5737 viduis
1465 5675 1671 5735 eorum'
1697 5692 1854 5733 nemo

204 5750 590 5808 miserebitur.

281 5823 306 5859 ⁵
337 5821 527 5880 Nostri
563 5837 702 5880 mss.
754 5821 1062 5890 hominum,
1097 5823 1340 5896 propius
1373 5820 1628 5894 Hebraeo,
1659 5829 1854 5882 sua:

1707 283 1922 338 LIBER
1957 280 2103 336 JOB.

1869 412 1922 476 Α
1952 405 2078 459 Non
2119 401 2435 481 loquentur
2465 402 2620 460 labia
2649 406 3210 481 m_ea_i_niquitatem,

1940 3399 2007 3453 Et
2038 3399 2230 3452 mittet
2259 3413 2434 3467 super
2463 3413 2619 3462 eum,
2653 3403 2710 3453 et
2741 3416 2853 3454 non

3469 291 3608 345 1166

2025 490 2129 528 nec
2163 474 2359 544 lingua
2400 491 2530 530 mea
2564 474 2946 535 meditabitur
2979 474 3376 539 mendacium.

1939 547 2112 622 Absit
2140 562 2173 599 a
2203 561 2292 622 me
2314 548 2602 622 iutjustos
2633 565 2761 603 esse
2791 568 2888 605 vos
2911 553 3175 622 judicem
3212 571 3226 610 :

2011 619 2195 672 donec
2228 618 2513 685 deficiam,
2539 636 2652 674 non
2681 618 2947 678 recedam
2984 627 3055 680 ab
3086 626 3418 682 innocentia
3454 643 3601 682 mea.

1935 688 2429 744 Justitic-ationem
2455 706 2668 758 meam,
2713 709 2891 764 quam
2925 697 3070 768 οωρί
3102 704 3320 770 tenere,
3347 715 3464 754 non
3498 701 3602 754 de-

2080 775 2270 815 seram
2311 777 2324 815 Ζ

2010 847 2116 886 nec
2145 831 2773 913 enimocomprehe‘ndit
2793 835 3377 913 (ALcomprehendit)
3397 858 3489 899 me
3508 858 3608 899 cor

2084 919 2278 956 meum
2312 905 2368 956 in
2403 905 2562 958 omni
2597 905 2716 959 vita
2752 923 2911 962 mea.

1939 973 2025 1029 Sit
2052 978 2112 1028 ut
2144 973 2384 1044 impius,
2419 975 2697 1030 inimicus
2733 993 2902 1034 meus
2939 999 2954 1036 :

2013 1049 2069 1098 et
2101 1045 2477 1121 adversarius
2509 1062 2676 1121 meus
2710 1049 2881 1118 quasi
2913 1049 3185 1121 iniquus.

1941 1118 2080 1198 Quae
2109 1116 2440 1198 eniin__spes_
2463 1123 2550 1198 est
2583 1116 2901 1198 hypocrita
2938 1123 2988 1177 si
3020 1116 3192 1198 avare
3218 1126 3425 1198 rapiat.

2013 1195 2068 1243 et
2099 1205 2213 1272 non
2242 1187 2464 1272 liberet
2481 1187 2642 1244 Deus
2665 1187 2921 1271 animam
2943 1265 2954 1272 _
2978 1195 3110 1272 ejus
3156 1196 3240 1265 (h.
3287 1187 3594 1272 Numquid

2121 1259 2391 1336 liberabit
2424 1259 2576 1315 Deus
2609 1261 2869 1336 animam
2905 1259 3101 1336 ejus)?

1943 1330 2238 1399 Numquid
2271 1329 2583 1404 clamorem
2617 1332 2744 1402 ejus
2779 1329 3182 1404 Deus'au'diet,

2018 1418 2150 1456 cum
2185 1401 2408 1478 venerit
2437 1419 2616 1478 super
2649 1404 2808 1459 illum
2845 1409 3171 1478 augustia?

1942 1474 2054 1528 Aut
2087 1473 2298 1550 poterit
2329 1473 2387 1526 in
2406 1474 2832 1550 pinnipotente
2865 1473 3166 1550 delectari,

2014 1551 2072 1600 et
2099 1545 2372 1622 invocare
2405 1544 2587 1600 Deum
2624 1545 2679 1600 in
2713 1549 2881 1622 omni,
2908 1544 3217 1622 tempore?

1941 1616 2302 1696 Docebonvos
2336 1633 2444 1696 per.
2470 1633 2710 1696 manum
2747 1621 2845 1674 Dei
2868 1621 2890 1654 ³

2017 1705 2146 1759 qua:
2179 1687 2562 1758 Omnipotens
2597 1689 2832 1761 habeat,
2867 1709 2970 1748 nec
2997 1695 3377 1751 abscondam.

1866 1787 1914 1852 B
1949 1760 2090 1852 Eccp
2121 1775 2222 1852 ves
2253 1775 2455 1852 ptnnes
2489 1760 2696 1852 nostis,

2019 1837 2074 1886 et
2127 1835 2194 1954 tit
2221 1830 2364 1952 i(AI.
2405 1840 2506 1886 (ac.
2542 1833 2626 1902 ut)
2660 1831 2800 1903 quid
2852 1833 2981 1890 sine
3013 1851 3191 1892 causa
3220 1855 3369 1895 vana
3398 1839 3592 1912 loqui-

2093 1918 2128 1954 n
2159 1918 2212 1954 in
2248 1941 2258 1953 .

2093 1918 2258 1954 ΠἸΙΠΙ.

1945 1977 2074 2028 Haec
2105 1975 2194 2047 est
2225 1988 2361 2047 pars
2392 1970 2646 2047 hominis
2680 1974 2844 2046 impii
2870 1978 3023 2047 apud
3058 1978 3264 2045 Deum,

2017 2051 2074 2100 et
2105 2042 2415 2124 hereditas
2446 2042 2851 2116 violentorum,
2873 2042 3048 2119 quam
3071 2052 3146 2106 ab
3176 2042 3590 2124 omnipotente

2087 2119 2430 2184 suscipient.
3355 2119 3372 2124 “

1945 2187 2002 2242 Si
2042 2185 2416 2268 multiplicati
2447 2186 2660 2241 fuerint
2696 2187 2798 2268 filii
2831 2189 2981 2268 ejus,
3009 2190 3064 2245 in
3098 2191 3291 2263 gladio
3322 2200 3516 2265 erunt,

2015 2266 2064 2334 et
2097 2262 2335 2334 nepotes
2367 2262 2641 2334 ejusnon
2677 2262 3303 2334 saturabuntur’pane.

1944 2328 2523 2406 Quircliquifuerint
2552 2345 2624 2406 et
2653 2346 2750 2406 eo,_
2771 2328 3214 2406 sepelientur'in
3249 2337 3516 2406 interitu,
3538 2341 3596 2393 et

2014 2398 2208 2454 vidua:
2233 2398 2390 2454 illius
2425 2417 2536 2454 non
2573 2398 2885 2471 plorabant
2906 2405 2945 2458 ⁴.

1939 2471 1997 2524 Si
2032 2472 2484 2551 comportaverit
2514 2474 2683 2542 quasi
2719 2479 2932 2530 terram
2979 2475 3062 2546 (h.
3115 2477 3439 2551 pulverem)
3497 2497 3588 2536 ar-

2085 2546 2351 2613 gentum,

2009 2619 2066 2668 et
2088 2615 2240 2668 sicut
2269 2613 2458 2667 lutum
2495 2615 2902 2684 prmparaverit
2931 2617 3297 2675 vestimenta.

1939 2685 2292 2756 Prmparabit
2322 2684 2585 2754 quidem,
2619 2685 2718 2738 sed
2743 2687 2943 2755 justus
2964 2690 3349 2747 vestieturilli
3383 2709 3396 2748 :

2009 2763 2065 2810 et
2096 2761 2404 2826 argentum
2438 2757 2716 2811 innocens
2746 2757 2982 2812 dividet.

1936 2828 2259 2882 IE‘lilicavit
2289 2827 2442 2881 sicut
2473 2827 2629 2882 tinea
2659 2828 2896 2884 domum
2930 2847 3122 2899 suam,

2008 2904 2064 2953 et
2095 2899 2247 2953 sicut
2277 2904 2474 2952 custos
2510 2899 2640 2952 l'ccit
2667 2900 3099 2957 umbrticulum.

1940 2970 2106 3024 Dives
2139 2987 2270 3024 cum
2314 2969 2635 3037 dormierit,
2672 2971 2815 3024 nihil
2858 2989 3058 3027 secum
3093 2977 3319 3031 auleret
3351 2994 3364 3032 :

2009 3041 2233 3111 aperiet
2266 3040 2466 3095 oculos
2497 3059 2656 3108 suos,
2691 3048 2746 3096 et
2768 3043 2914 3097 nihil
2948 3045 3222 3102 inveniet.

1943 3113 2452 3193 Apprchendcteu
2465 3129 2517 3193 n1
2553 3113 2721 3193 quasi
2754 3130 2905 3185 aqua
2930 3116 3154 3193 inopia,

2015 3191 2184 3256 nocte
2212 3188 2504 3255 opprimet
2528 3201 2661 3256 cum
2696 3188 3047 3256 tempestas:

1937 3255 2122 3311 Tollet
2155 3272 2286 3330 eum
2314 3259 2502 3330 ventus
2540 3255 2619 3330 (li.
2649 3273 2762 3311 non
2788 3255 2984 3330 habet)
3018 3275 3216 3324 urens,
3253 3264 3309 3317 et
3335 3262 3583 3330 auferet,

2009 3336 2064 3382 et
2096 3326 2252 3380 velut
2282 3327 2452 3381 turbo
2483 3326 2669 3397 rapiet
2699 3345 2832 3383 cum
2866 3329 2936 3384 de
2968 3326 3093 3385 loco
3114 3349 3240 3388 suo.

2038 3407 2230 3452 mittet
2259 3413 2434 3467 super
2463 3413 2619 3462 eum,
2653 3407 2710 3453 et
2741 3416 2853 3454 non
2888 3407 3084 3470 parcet
3115 3419 3129 3458 :

2011 3471 2081 3546 de
2113 3486 2289 3546 manu
2323 3470 2450 3537 ejus
2483 3469 2716 3539 fugiens
2747 3470 2856 3538 (AI.
2887 3481 2992 3527 (ac.
3024 3473 3280 3546 fugiens)
3313 3475 3511 3546 fugiet.

1941 3541 2197 3608 Stringet
2227 3556 2404 3609 super
2433 3557 2566 3595 eum
2593 3559 2804 3597 manus
2836 3560 2996 3610 suas,

2012 3617 2068 3667 et
2099 3611 2362 3688 sibi-[abit
2386 3628 2568 3688 super
2600 3611 2789 3682 illum,
2815 3614 3052 3670 intuens
3085 3615 3277 3672 locum
3310 3618 3461 3688 ejus.

1942 3683 2092 3756 (Cap.
2127 3682 2400 3764 XXVIII.)
2429 3684 2614 3738 Habet
2643 3690 2974 3756 argentum,
3009 3703 3292 3744 venarum
3337 3682 3583 3745 suarum

2086 3771 2374 3824 principia
2409 3768 2421 3805 ε

2014 3829 2072 3880 et
2099 3842 2240 3880 auro
2271 3824 2432 3879 locus
2459 3828 2568 3888 est,
2597 3824 2656 3878 in
2692 3841 2806 3894 quo
2837 3827 3145 3883 conflatur.

1947 3898 2184 3953 Ferrum
2220 3897 2289 3951 de
2330 3900 2485 3949 terra
2515 3894 2746 3950 tollitur
2778 3913 2791 3952 :
2974 3917 2976 3920 '

2015 3975 2073 4024 et
2101 3968 2253 4040 lapis
2281 3967 2510 4040 solutus
2542 3967 2731 4040 calore
2760 3967 2819 4023 in
2850 3986 2927 4024 ωε
2956 3969 3226 4026 vertitur.

1947 4042 2205 4112 Tempus
2237 4039 2431 4110 posuit
2463 4039 2742 4112 tenebris,

2015 4117 2072 4166 et
2098 4110 2514 4166 universorum
2549 4110 2723 4182 finem
2759 4110 2882 4182 ipse
2913 4111 3267 4180 considerat,

2019 4183 2270 4253 lapidem
2296 4199 2526 4252 quoque
2549 4181 2837 4252 caliginis,
2870 4189 2928 4238 et
2957 4184 3226 4238 umbram
3255 4183 3482 4240 mortis.

2018 4254 2326 4322 Dividit(h.
2354 4253 2574 4326 divisit)
2607 4258 2834 4308 torrens
2855 4271 2888 4308 a
2917 4255 3131 4326 populo
3157 4255 3590 4326 peregrinante,

2018 4342 2294 4408 cosuuos
2320 4324 2538 4379 oblitus
2559 4329 2647 4380 est
2683 4341 2782 4394 pes
2814 4324 3043 4397 egentis
3077 4324 3384 4393 hominis-5,
3413 4332 3467 4384 et
3501 4327 3591 4384 in-

2097 4415 2241 4452 VIOS.

1950 4469 2148 4534 Terra,
2182 4469 2251 4523 de
2284 4484 2395 4539 qua
2429 4466 2728 4522 oriebatur
2758 4467 2950 4537 panis,

2023 4539 2083 4593 in
2117 4540 2240 4596 loco
2271 4556 2378 4594 suo
2415 4539 2547 4609 igne
2577 4539 2858 4594 subversa
2888 4544 2998 4595 est.

1961 4611 2138 4667 Locus
2171 4609 2430 4681 sapphiri
2462 4609 2689 4680 lapides
2721 4611 2870 4681 ejus,

2027 4680 2293 4754 etgleb’ae
2325 4680 2486 4735 illius
2512 4697 2746 4754 aurum.

1882 4761 1893 4771 ‘
1958 4751 2232 4810 Semitam
2267 4751 2556 4822 ignoravit
2583 4752 2728 4817 avis,

2028 4842 2134 4881 nec
2166 4820 2412 4880 intutius
2441 4827 2530 4881 est
2559 4839 2685 4878 eam
2709 4823 2730 4858 ⁸
2759 4820 2964 4878 oculus
2989 4823 3262 4882 vulturis.

1959 4965 2028 5005 ea:
2061 4948 2298 5014 homine,
2331 4948 2450 5020 sive
2479 4962 2548 5001 ea:
2577 4945 3446 5020 hominibuthegins:praeterea
3463 4951 3592 5006 cod.

1957 5031 2008 5077 et
2035 5025 2219 5092 mulus
2249 5019 2421 5092 habet
2454 5033 2554 5088 pro
2584 5026 2635 5073 et
2667 5017 2866 5074 invios.
2899 5017 3071 5074 Adito
3093 5017 3201 5076 loci
3227 5020 3403 5092 hujus
3426 5021 3598 5092 longe

1959 5091 2353 5148 difﬁcillimini
2386 5091 2755 5160 interpretes.

2031 5173 2052 5205 ⁶
2085 5171 2151 5228 In
2181 5168 2615 5240 exemplaribus
2654 5168 2930 5240 Canonis,
2973 5185 3038 5225 ac
3063 5169 3120 5224 in
3146 5186 3257 5225 ms.
3286 5170 3479 5226 codice
3496 5170 3600 5225 Re-

1962 5243 2056 5313 gio
2089 5245 2252 5298 abest
2273 5239 2591 5313 pronomen
2627 5239 2769 5313 illud
2808 5257 2820 5295 :
2855 5241 2915 5295 in
2945 5241 3179 5313 egregio
3210 5245 3405 5296 autem
3437 5240 3603 5313 vola;

1964 5311 2122 5369 mine
2145 5311 2384 5383 majOris
2405 5312 2737 5383 Monasterii
2787 5311 3122 5382 appositum
3149 5317 3239 5367 est
3263 5311 3601 5383 bujusmodi

1963 5381 2582 5453 scholion'marginale
2614 5399 2626 5436 :
2653 5405 2680 5431 ‹‹
2707 5382 2812 5436 Pro
2827 5381 2962 5437 eam
2996 5383 3245 5438 habetur
3274 5381 3603 5439 in'Hebraao

1961 5473 2110 5512 eum.
2139 5477 2164 5503 ››
2200 5455 2378 5525 quue
2408 5470 2609 5508 verum
2640 5453 3076 5525 comprobatur,
3102 5453 3241 5524 quia
3261 5454 3436 5509 verbo
3467 5461 3602 5515 mn:

1964 5526 2189 5592 natbib,
2216 5523 2370 5596 quod
2395 5525 2663 5580 semitam
2686 5523 3005 5596 signiﬁcat,
3031 5523 3387 5596 respondent
3405 5525 3606 5596 afﬁxa,

1963 5615 2073 5670 seu
2099 5595 2446 5670 pronomina
2475 5595 2826 5670 maseulina,
2859 5599 2922 5650 ut
2957 5595 3182 5652 nomini
3217 5598 3411 5652 formai
3442 5595 3606 5653 mas-

1964 5666 2170 5726 culine
2197 5669 2254 5723 in
2289 5667 2542 5723 Ilebrteo.
2578 5666 2767 5722 MART.

2033 5779 2100 5790 —
2129 5748 2306 5803 Tacet
2335 5745 2540 5816 Regia.
2566 5762 2676 5820 ms.
2712 5759 3032 5820 pronomen
3055 5761 3198 5815 eam,
3221 5748 3604 5820 quemadmo-

1964 5819 2104 5876 dum
2135 5820 2274 5885 duo,
2305 5815 2451 5893 quos
2481 5815 2746 5883 Martian.
2780 5815 2999 5871 laudat.
