4050 6182
499 265 638 323 1167
1154 240 1155 243 γ
1537 262 1599 315 s.
1640 258 2047 316 HIERONYMI
2083 258 2338 315 DIVINA
2372 259 2867 316 BIBLIOTHECA.
3744 267 3866 322 uas

498 392 625 449 Non
651 387 1023 445 calcaverunt
1050 400 1179 442 eam
1204 384 1309 440 filii
1348 384 1687 440 institorum
1716 383 1799 457 (h.
1851 382 2134 455 superbi),
2168 389 2222 457 Α
2251 383 2425 440 Auris
2457 384 2706 457 audiens
2736 385 3108 441 beatificahat
3139 402 3251 442 me.

573 477 678 533 nec
710 458 1084 533 pertransivit
1136 457 1243 528 [Αι.
1283 461 1388 513 tae.
1423 457 1822 528 pertransivit]
1856 473 1958 528 per
2003 472 2131 512 eam

643 532 843 587 lemna.

490 606 575 663 Ad
606 604 829 660 silicem
851 600 1111 657 extendit
1144 616 1387 655 manum
1425 616 1620 668 suam,

569 674 856 733 subvertit
884 689 917 728 a
948 672 1245 728 radicibus
1278 677 1526 743 montes,

498 750 562 805 In
595 746 774 817 petris
805 745 958 800 rivos
989 743 1183 809 scidit,

570 813 630 875 et
660 833 831 874 omne
862 818 1184 888 pretiosum
1216 815 1361 888 vidit
1391 813 1597 870 oculus
1631 815 1781 885 ejus.

501 890 801 947 Profunda
831 886 1065 959 quoque
1097 886 1405 959 ﬂuviorum
1432 892 1738 959 scrutatus
1769 890 1878 955 est,

576 968 635 1018 et
664 957 1009 1018 abscondita
1041 958 1319 1030 produxit
1350 958 1409 1012 in
1431 957 1645 1014 lucem.

508 1032 810 1107 Sapientia
838 1046 971 1107 vero
1002 1029 1101 1085 ubi
1130 1029 1443 1107 invenitur,

583 1100 639 1161 et
668 1104 804 1176 quis
828 1106 919 1158 est
946 1101 1112 1176 locus
1141 1100 1561 1176 intelligentiae.

512 1174 712 1233 Nescit
742 1175 925 1245 homo,
951 1174 1203 1245 pretium
1236 1174 1386 1243 ejus,

586 1264 691 1304 nec
741 1241 1034 1301 invenitur
1088 1245 1150 1299 in
1198 1241 1379 1299 terra
1414 1243 1674 1299 suaviter
1701 1242 2019 1299 viventium
2068 1241 2151 1314 (h.

657 1320 781 1375 Non
813 1315 1105 1372 invenitur
1128 1317 1188 1370 in
1219 1321 1373 1371 terra
1402 1315 1765 1387 viventium).

514 1392 778 1461 Abyssus
810 1388 952 1461 dicit
984 1387 1155 1461 :iNon
1185 1392 1275 1461 est
1304 1388 1362 1442 in
1394 1404 1487 1441 me
1521 1403 1533 1440 :

586 1458 644 1518 et
672 1477 831 1517 mare
859 1459 1123 1531 loquitur
1153 1476 1167 1515 :
1201 1458 1326 1514 Non
1360 1465 1447 1513 est
1478 1473 1732 1513 mecum.

516 1535 644 1591 Non
678 1532 919 1588 dabitur
947 1547 1157 1586 aurum
1192 1531 1469 1601 obryzum
1503 1546 1605 1601 pro
1631 1546 1717 1597 ea,

588 1621 693 1662 nec
723 1604 1413 1684 appendeturargen'tum
1441 1601 1498 1655 in
1522 1601 1984 1684 commutatione
2007 1601 2156 1672 ejus.

514 1678 643 1735 Non
675 1672 1007 1734 conferetur
1036 1672 1236 1729 tinctis
1268 1674 1443 1729 Indiae
1470 1672 1783 1742 coloribus,

2322 460 2379 510 et
2409 456 2615 512 oculus
2647 458 2853 513 videns
2877 458 3276 514 testimonium
3308 458 3587 516 reddebat
3623 461 3774 520 mihi.

2241 527 2404 590 Quod
2437 529 2543 595 (Al.
2574 532 2649 583 Eo
2702 529 2881 602 quod)
2930 529 3274 586 liberassem
3315 548 3635 604 pauperem
3680 536 3859 593 vocife-

2386 604 2635 665 rantem,

2316 674 2375 726 et
2406 672 2697 745 pupillum
2719 671 2766 745 ?,
2793 672 2884 745 cui
2920 688 3033 728 non
3065 677 3221 729 esset
3244 675 3501 745 adjutor.

2248 744 2581 799 Benedictio
2615 743 2857 815 perituri
2889 760 3065 815 super
3106 761 3199 800 me
3220 743 3508 813 veniebat,

2320 819 2376 869 et
2406 831 2505 870 cor
2532 815 2717 869 viduae
2748 814 3084 872 consolatus
3114 833 3267 871 sum.

2250 886 2485 960 Justitia
2512 886 2753 960 indutus
2785 903 2937 957 sum,
2963 892 3020 960 et
3049 888 3280 943 vestivit
3302 890 3403 959 (At.
3433 888 3662 950 vestivi)
3696 906 3796 960 me,

2324 958 2475 1032 sicut
2497 957 2845 1032 vestimento
2875 964 2931 1014 et
2954 957 3548 1032 diademate,‘judicio
3579 978 3728 1019 meo.

2255 1028 2473 1086 Oculus
2507 1028 2589 1084 fui
2613 1045 2782 1097 cmco,

2328 1106 2387 1156 et
2418 1117 2518 1173 pes
2548 1099 2775 1157 claudo.

2260 1172 2431 1228 Pater
2456 1188 2613 1227 eram
2639 1187 2960 1244 pauperum
2995 1188 3008 1226 :

2333 1250 2390 1300 et
2420 1243 2659 1319 caueam
2692 1260 2870 1315 quam
2898 1243 3253 1313 nesciebam,
3306 1244 3756 1319 diligentissime
3798 1249 3872 1305 in-

2404 1315 2788 1387 vestigabam.

2264 1384 2651 1445 Conterebam
2685 1386 2872 1458 molas
2895 1384 3105 1458 iniqui,

2338 1464 2394 1514 et
2409 1460 2494 1542 ‘de
2524 1457 2978 1542 dentibusillius
2996 1458 3334 1542 auferebam
3368 1462 3648 1542 praedam.

2268 1532 2661 1601 Dicebamque
2696 1548 2710 1586 :
2744 1531 2807 1585 ln
2849 1529 3050 1585 nidulo
3083 1546 3209 1586 meo
3240 1529 3480 1600 moriar,

2339 1607 2396 1675 et
2427 1600 2581 1658 sicut
2609 1600 2805 1674 palma
2834 1602 2916 1670 (h.
2952 1603 3149 1673 arena)
3181 1602 3586 1675 multiplicabo
3619 1605 3765 1663 dies.

2269 1674 2451 1730 Radix
2482 1690 2612 1729 mea
2640 1678 2843 1746 aperta
2873 1678 2963 1746 est
2992 1688 3170 1746 secus,
3193 1674 3396 1746 aquas,

587 1747 884 1819 neelapidi
907 1746 1270 1817 sardonycho
1295 1742 2157 1817 pretiosissimo,velsapphiro.
2189 1775 2237 1840 Β
2342 1751 2398 1801 et
2427 1762 2521 1801 ros
2554 1742 2877 1801 morabitur
2904 1744 2962 1799 in
2997 1742 3288 1801 messioue
3321 1763 3468 1802 mea.

587 1838 644 1874 in
670 1818 1079 1874 adamuabitur
1099 1819 1149 1873 ei
1168 1833 1379 1872 aurum
1412 1816 1499 1874 vel
1531 1816 1767 1874 vitrum.
2271 1816 2466 1874 Gloria
2499 1833 2629 1873 mea
2658 1833 2891 1874 semper
2919 1817 3310 1874 innovabitur.

516 1827 644 1878 Non
670 1816 1079 1890 adaequabitur
1099 1816 1149 1873 ei
1168 1816 1379 1872 aurum
1412 1816 1499 1875 vel
1531 1816 1767 1885 vitrum,

594 1909 698 1949 nec
728 1887 1253 1947 cofumutabuntur
1285 1906 1389 1960 pro
1421 1905 1488 1943 ea
1517 1905 1656 1943 vasa
1684 1887 1836 1945 auri.

521 1964 762 2023 Excelsa
790 1967 847 2019 et
877 1960 1196 2016 eminentia
1227 1977 1343 2015 non
1404 1960 1892 2016 memorabuntur
1933 1973 2165 2030 compa-

667 2035 892 2092 ratione
924 2033 1072 2102 ejus.

598 2107 852 2164 trahitur
879 2110 1073 2159 autem
1106 2102 1391 2174 sapientia
1420 2102 1490 2157 de
1521 2102 1787 2157 occultis.

526 2180 649 2236 Non
677 2175 1082 2248 adaequabitur
1110 2174 1161 2229 ei
1176 2172 1527 2248 'topaziumf
1561 2175 1633 2248 de
1659 2172 1971 2243 Ethiopia,

600 2266 703 2306 nec
734 2242 1001 2303 tinctura:
1036 2242 1439 2301 mundissima:
1473 2245 1555 2315 (h.
1592 2245 1716 2303 Non
1748 2242 1890 2300 auro
1922 2242 2165 2313 mundo)

670 2322 1117 2391 componentur.

531 2393 695 2450 Unde
725 2385 862 2474 ergo
894 2389 1183 2516 sapientia
1211 2387 1405 2470 veniet
1433 2388 1541 2471 (At.
1573 2385 1804 2458 venit)?

598 2469 656 2516 et
687 2479 821 2516 auis
852 2466 942 2516 est
992 2476 1133 2516 ocus
1166 2458 1607 2516 intelligemus?

598 2469 656 2521 et
687 2458 822 2535 quis
852 2466 942 2518 est
965 2458 1133 2535 locus
1166 2458 1607 2535 intelligentia}?

525 2529 884 2591 Abscondita
912 2536 1001 2588 est
1027 2532 1099 2587 ab
1132 2530 1315 2587 oculis
1346 2529 1610 2586 omnium
1643 2529 1988 2595 viventium,

598 2607 864 2663 volucres
892 2601 1285 2675 quoquecmﬁ
1315 2602 1481 2658 latet.

526 2678 783 2737 Perditio
815 2682 871 2733 et
902 2673 1063 2731 mors
1094 2673 1366 2729 dixerunt
1396 2690 1409 2729 :

527 2750 785 2809 Auribus
818 2747 1033 2804 nostris
1064 2745 1399 2803 audivimus
1432 2746 1648 2801 famam
1680 2744 1830 2815 ejus,

530 2823 689 2881 Deus
720 2819 995 2892 intelligit
1014 2817 1171 2892 viam
1203 2817 1351 2892 ejus,

600 2900 659 2951 et
684 2894 809 2966 ipse
839 2888 994 2966 novit
1026 2888 1434 2966 locum__il_lius.

530 2969 664 3041 Ipse
692 2960 849 3041 enim
879 2963 1027 3018 fines
1057 2960 1260 3041 mundi
1290 2960 1552 3041 intuetur
1583 2975 1598 3015 :

604 3044 661 3094 et
690 3035 909 3103 omnia,
941 3050 1069 3105 quae
1102 3033 1213 3089 sub
1244 3032 1385 3088 cmlo
1418 3036 1558 3087 sunt
1589 3028 1847 3101 respicit.

534 3110 639 3178 Qui
671 3107 806 3163 fecit
833 3106 1022 3162 ventis
1053 3105 1303 3178 pondus,

604 3184 662 3236 et
691 3194 875 3250 aquas
906 3175 1184 3250 appendit
1219 3175 1276 3250 in
1312 3188 1590 3250 mensura
1621 3189 1635 3227 :

532 3245 777 3318 Quando
810 3245 1063 3322 ponebat
1093 3245 1310 3318 pluviis
1340 3246 1550 3371 legem,

603 3328 659 3371 et
683 3322 834 3371 viam
868 3318 1135 3371 nrocellis
1162 3318 1392 3371 sonanti
1444 3334 1533 3371 us.

603 3328 659 3379 et
683 3318 835 3377 viam
868 3318 1135 3392 procellis
1162 3318 1533 3392 sonantibus,

534 3397 699 3452 Tunc
730 3388 1089 3456 viditillam,
1123 3395 1180 3445 et
1209 3388 1519 3443 enarravit.

601 3470 659 3522 et
689 3461 1033 3589 praeparavit
1062 3466 1120 3515 et
1150 3458 1539 3529 investigavit,

601 3537 777 3589 ,dix1t
851 3549 1033 3589 omini
1087 3530 1174 3589 (h.
1214 3530 1420 3589 Adam)
1461 3546 1474 3585 :
1521 3530 1539 3583 Ι

531 3537 602 3594 Et
630 3535 777 3613 dixit
809 3535 1033 3613 homini
1069 3535 1206 3613 _(h._.

676 3609 808 3681 ipsa
836 3610 927 3681 est
953 3602 1294 3681 sapien_tia_:
1336 3676 1344 3681 _
1576 3668 1612 3681 η

608 3684 665 3737 et
693 3669 962 3735 recedere
992 3669 1231 3743 a'malo,
1266 3669 1675 3742 intelligentia.

571 3812 803 3854 Αῡῡιοιτ
831 3809 1060 3858 QUOQUE
1097 3807 1220 3860 JOB,
1265 3801 1567 3844 ASSUMENS
1595 3801 1929 3842 PARABOLAM
1962 3800 2140 3854 SUAM,

1209 3879 1275 3917 ET
1313 3876 1465 3916 DIXIT
1497 3875 1511 3914 Ξ

539 3968 696 4042 (Cap.
728 3965 975 4042 XXlX.)
995 3962 1131 4027 Quis
1165 3960 1307 4017 mihi
1330 3959 1572 4025 tribuat,
1602 3962 1665 4013 ut
1687 3956 1985 4029 simjuxta
2015 3971 2181 4012 men-

687 4054 783 4095 ses
814 4036 1115 4105 pristinos,

614 4099 942 4168 secundum
970 4099 1344 4176 dies'quibus
1377 4107 1531 4176 Deus
1564 4099 1933 4157 custodiebat
1964 4116 2056 4155 me
2086 4100 2110 4154 ?

542 4183 786 4250 Quando
803 4174 1157 4254 splendebat
1173 4176 1407 4254 lucerna
1428 4174 1556 4254 ejus
1570 4190 1634 4254 s_u
1647 4176 1936 4254 p‘crcaput
1958 4188 2179 4237 meum,

611 4259 668 4311 et
697 4254 766 4310 ad
800 4244 998 4308 lumen
1030 4249 1159 4319 ejus
1183 4245 1562 4319 ambulabam
1592 4244 1650 4298 in
1674 4244 1955 4300 tenebris.

535 4327 699 4383 Sicut
730 4325 811 4380 fui
844 4324 901 4378 in
929 4316 1136 4377 diebus
1160 4316 1561 4373 adolescentiae
1595 4332 1755 4384 meas,

609 4397 846 4470 quando
878 4397 1099 4470 secreto
1157 4390 1311 4445 Deus
1370 4388 1451 4459 (h.
1510 4395 1777 4444 secretum
1824 4386 1944 4458 Dei)
1975 4384 2180 4442 eratin

678 4463 1056 4524 tabernaculo
1088 4478 1255 4529 meo;

534 4540 772 4614 Quando
803 4543 929 4614 erat
949 4535 1340 4614 _Omnipotens
1374 4546 1601 4614 mecum
1638 4546 1650 4585 :

605 4617 660 4666 et
694 4612 751 4666 in
783 4610 1031 4665 circuitu
1064 4622 1193 4662 meo
1229 4610 1391 4677 pueri
1424 4610 1565 4677 mei:

533 4683 774 4749 Quando
806 4681 1075 4756 lavabam
1104 4674 1292 4756 pedes
1314 4690 1472 4756 meos
1502 4674 1735 4756 butyro,

603 4759 661 4810 et
689 4758 855 4827 petra
881 4744 1161 4827 fundebat
1194 4746 1339 4827 mihi
1372 4744 1527 4827 rivos
1557 4744 1704 4827 olei;

530 4814 777 4890 Quando
809 4822 1191 4890 procedebam
1226 4819 1295 4874 ad
1330 4822 1557 4890 portam
1590 4814 1868 4890 civitatis,

597 4843 777 4881 Januo
848 4843 1191 4880 roceuenam
1226 4843 1295 4874 uu
1330 4843 1557 4889 portatu
1590 4843 1843 4870 υιγιιιιιιδ

597 4902 656 4953 et
685 4898 743 4951 in
778 4843 1278 4968 plateaparabant
1300 4889 1659 4968 cathedram
1684 4886 1850 4968 mihi.

522 4959 815 5025 Videbant
845 4983 937 5023 me
959 4959 1229 5037 juvenes,
1260 4964 1318 5016 et
1349 4959 1864 5037 abscondebantur
1896 4974 1909 5011 :

595 5044 652 5096 et
681 5055 852 5097 senes
877 5033 1255 5108 assurgentes
1286 5033 1543 5108 stabant.

524 5111 825 5195 Principes
856 5103 1168 5167 cessabant
1201 5103 1439 5195 loqyii‘
1479 5174 1556 5195 με

595 5187 653 5241 et
682 5177 935 5257 digitum
968 5177 1444 5257 superponebant
1475 5177 1560 5229 ori
1590 5190 1715 5230 suo.

521 5248 933 5313 Vocem'suam
964 5248 1319 5309 cohibebant
1344 5248 1544 5312 duces,

593 5332 653 5385 et
680 5328 881 5401 lingua
909 5340 1110 5382 eorum
1138 5318 1363 5395 gutturi
1387 5334 1495 5374 suo
1525 5315 1878 5373 adhaerebat.

594 5548 610 5584 ί
646 5545 938 5617 Topaziam
966 5553 1175 5617 genere
1208 5532 1699 5617 neutrali'legunt
1748 5548 1860 5617 me.
1910 5530 2165 5617 codices,

519 5602 887 5672 Corbei'ensis
907 5602 1062 5668 un'us
1080 5610 1259 5666 habet
1282 5602 1732 5678 tapazionjuxta
1756 5603 1818 5678 id
1852 5604 2008 5678 quod
2029 5602 2164 5676 legi-

521 5702 657 5741 mus
672 5686 906 5756 Apocal.
928 5700 1047 5756 xxi,
1068 5684 1161 5748 20,
1183 5685 1239 5736 et
1266 5674 1469 5756 Ex'odi
1488 5691 1687 5741 xxvm,
1718 5675 1804 5744 l7,
1837 5674 1936 5729 ubi
1957 5674 2166 5756 .Graaca

521 5749 876 5825 egemplaria
903 5752 1166 5821 τοπάζιου
1226 5754 1281 5808 et
1338 5751 1611 5806 neutrum
1646 5761 1832 5818 genus
1886 5749 2162 5803 retinent.

522 5822 713 5882 Mitan

851 3533 1033 3590 omini
1087 3530 1174 3593 (h.
1214 3523 1420 3601 Adam)
1461 3546 1474 3585 :
1521 3528 1665 3583 Ecce
1712 3525 1889 3582 timor
1919 3523 2177 3595 Domini,

2344 1816 2466 1873 oria
2499 1833 2629 1873 mea
2658 1833 2891 1888 semper
2919 1817 3310 1887 innovabitur,

2342 1894 2399 1944 et
2420 1905 2591 1945 arcus
2623 1904 2791 1944 meus
2819 1888 2880 1943 in
2910 1904 3091 1943 manu
3126 1905 3255 1944 mea
3283 1890 3734 1947 instaurabitur.

2270 1962 2376 2026 Qui
2411 1977 2502 2015 me
2533 1960 2867 2027 audiebant,
2899 1962 3317 2031 exspectabant
3342 1965 3725 2029 sententiam,

2344 2037 2399 2087 et
2430 2031 2637 2086 intenti
2665 2032 2933 2087 tacebant
2956 2033 3024 2087 ad
3059 2031 3369 2087 consilium
3394 2050 3612 2103 meum,

2271 2104 2479 2159 Verbis
2511 2102 2657 2158 meis
2687 2104 2902 2158 addere
2932 2102 3078 2157 nihil
3103 2104 3421 2172 audebant,

2344 2181 2402 2230 et
2432 2191 2606 2244 super
2637 2174 2767 2229 illos
2797 2173 3055 2229 stillabat
3084 2174 3385 2246 eloquium
3419 2192 3650 2245 meum;

2275 2246 2703 2318 Exspectabant
2736 2262 2827 2301 me
2858 2246 3011 2301 sicut
3040 2245 3321 2317 pluviam,

2329 2324 2385 2375 et
2403 2334 2653 2373 ossuum
2676 2318 3013 2389 aperiebant
3036 2318 3203 2388 quasi
3220 2319 3290 2373 ad
3305 2319 3553 2374 imbrem
3570 2320 3882 2385 serotinum;

2277 2392 2337 2447 Si
2368 2391 2605 2461 quando
2632 2389 2893 2461 ridebam
2928 2390 2998 2443 ad
3028 2405 3148 2456 eos,
3183 2408 3297 2445 non
3333 2392 3677 2460 credebant,

2348 2460 2404 2517 et
2436 2462 2533 2516 lux
2561 2460 2758 2516 vultus
2783 2460 2896 2515 mei
2929 2478 3043 2516 non
3076 2462 3394 2517 cadebatin
3427 2467 3668 2520 terram.

2276 2533 2333 2588 Si
2373 2532 2692 2588 voluissem
2719 2533 2801 2587 ire
2828 2532 2897 2587 ad
2932 2549 3054 2597 eos,
3087 2533 3363 2589 sedebam
3391 2534 3619 2604 primus
3654 2552 3668 2590 :

2352 2619 2604 2729 cumlquse
2638 2604 2900 2660 sederem
2933 2604 3105 2677 quasi
3138 2621 3256 2677 rex,
3297 2606 3717 2662 circumstante
3756 2621 3890 2662 exer-

2422 2692 2470 2729 cn
2504 2694 2539 2729 u
2593 2719 2607 2729 .

2422 2692 2539 2730 cuu

2347 2764 2507 2802 eram
2542 2719 2741 2801 tamen
2774 2746 3151 2802 mmrentium
3184 2747 3538 2805 consolator.

2279 2819 2431 2891 (Cap.
2464 2818 2659 2887 XXX.)
2693 2817 2859 2873 Nunc
2919 2823 3117 2874 autem
3181 2820 3448 2876 derident
3505 2837 3598 2877 me
3656 2821 3895 2892 juniores

2422 2894 2706 2961 tempore,

2355 2977 2610 3036 quorum
2644 2977 2757 3036 non
2800 2960 3087 3036 dignabar
3117 2966 3311 3035 patres
3338 2980 3551 3036 ponere
3600 2980 3733 3020 cum
3765 2960 3899 3019 cani-

2430 3034 2545 3089 bus
2577 3031 2768 3112 gregis
2799 3031 2912 3089 mei
2947 3050 2959 3087 :

2201 3143 2244 3210 C
2285 3105 2543 3210 Quqruln
2573 3105 2757 3185 virtus
2788 3120 3072 3210 mapuu+m
3107 3109 3236 3210 erait.
3262 3106 3403 3191 mihi
3428 3124 3532 3180 pro
3565 3106 3769 3164 nihilo.

2355 3181 2412 3232 et
2440 3176 2556 3230 vita
2587 3174 2716 3250 ipsa
2739 3176 3363 3250 putabanturindigni.

2285 3246 2644 3319 Egestateie’t
2674 3246 2825 3302 fame
2855 3247 3107 3319 steriles,

2358 3318 2766 3401 quirodebapt
2788 3319 2845 3373 in
2868 3318 3205 3390 solitudine,
3228 3321 3567 3392 squalentes
3593 3322 3898 3379 calamitate

2428 3395 2483 3445 et
2514 3395 2771 3444 miseria.

2286 3463 2354 3517 Et
2386 3461 2751 3535 mandebant
2780 3460 3011 3526 herbas,
3042 3465 3099 3517 et
3129 3462 3405 3535 arborum
3438 3466 3703 3535 cortices,

2358 3539 2416 3588 et
2446 3532 3033 3604 radixrjuniperorum
3057 3539 3181 3589 erat
3210 3534 3378 3592 cibus
3400 3553 3626 3593 eorum.

2286 3605 2395 3670 Qui
2426 3603 2789 3659 convallibus
2821 3605 2933 3659 ista
2965 3605 3277 3676 rapientes,

2358 3692 2491 3732 cum
2524 3676 2758 3748 singula
2815 3676 3187 3748 reperissent,
3247 3678 3314 3733 ad
3376 3695 3444 3734 ea
3498 3695 3631 3735 cum
3674 3680 3897 3736 clamore

2465 3751 2796 3804 currebant.

2289 3820 2351 3873 In
2379 3818 2621 3875 desertis
2652 3818 2993 3874 habitabant
3021 3819 3393 3887 torrentium,

2360 3889 2502 3965 e_t_in
2536 3890 2798 3965 cavernis
2827 3890 3117 3965 terrai_v_el
3148 3908 3325 3965 super
3351 3893 3632 3965 glaream.

2289 3961 2397 4025 Qui
2430 3961 2581 4037 inter
2616 3961 3021 4037 hujuscemodi
3052 3961 3403 4020 laetabantur
3429 3966 3513 4037 (h.
3544 3967 3695 4023 inter
3735 3965 3890 4021 arbu-

2432 4037 2521 4089 sta
2551 4032 2942 4105 laetabantur).

2360 4107 2419 4180 et
2448 4121 2576 4180 esse
2606 4105 2714 4161 sub
2740 4106 3005 4180 sentibus
3031 4104 3276 4180 delicias
3305 4110 3737 4180 computabant,

2292 4174 2420 4249 Filii
2451 4176 2762 4249 stultorum
2796 4181 2853 4232 et
2890 4176 3258 4249 ignobilium,

2364 4247 2421 4302 in
2452 4254 2606 4304 terra
2637 4248 2869 4319 penitus
2900 4247 3012 4303 non
3047 4254 3337 4320 parentes.

2290 4317 2542 4393 Nunciin
2577 4317 2779 4375 eorum
2811 4317 3105 4393 canticum
3135 4337 3340 4393 versus
3369 4339 3525 4393 sum,

2360 4395 2417 4445 et
2449 4392 2637 4465 factus
2662 4408 2815 4447 smm
2851 4392 2936 4447 eis
2964 4392 3076 4465 (At.
3109 4392 3235 4447 add.
3272 4393 3353 4461 in)
3389 4392 3749 4465 proverbium
3781 4410 3794 4446 :

2290 4462 2718 4536 Abominautur
2747 4480 2859 4532 me,
2888 4468 2946 4519 et
2976 4462 3145 4535 longe
3165 4462 3456 4536 fugiunfa
3486 4482 3601 4533 me,

2205 4525 2248 4588 D
2282 4538 2408 4607 __et
2445 4535 2649 4590 faciem
2684 4525 2876 4607 meum
2908 4525 3378 4607 conspuuerevnon
3409 4525 3700 4593 verentur.

2279 4604 2619 4662 Pbaretram
2650 4606 2803 4662 enim
2836 4624 3006 4679 suam
3037 4604 3288 4679 aperuit,
3317 4612 3376 4663 et
3401 4610 3607 4665 afﬂixit
3634 4625 3740 4670 me.

2350 4680 2659 4751 etifrenum
2693 4679 2888 4751 posuit
2917 4678 2976 4751 in
3009 4678 3323 4751 os’meum.

2275 4750 2360 4804 Ad
2394 4750 2963 4805 dexteram’orientis
2995 4750 3354 4809 calamitates
3392 4767 3533 4808 meae
3585 4752 3733 4808 illico
3770 4764 3887 4805 sur-

2418 4824 2690 4876 rexerunt
2723 4838 2735 4877 :

2347 4893 2526 4963 pedes
2558 4909 2718 4949 meos
2749 4890 3188 4963 subverterunt,

2346 4967 2853 5036 etoppresserunt
2882 4964 3046 5033 quasi
3078 4964 3356 5021 ﬂuctibus
3387 4965 3616 5023 semitis
3645 4966 3780 5021 suis.

2274 5035 2713 5106 Dissipaverunt
2744 5036 2953 5091 itinera
2983 5052 3134 5105 mea,

2345 5107 2605 5181 insidiali
2635 5112 2775 5181 sunt
2804 5106 2972 5181 mihi,
3005 5112 3064 5163 et
3095 5108 3545 5181 prmv'aluerunt,

2345 5186 2399 5234 et
2431 5196 2543 5235 non
2577 5178 2688 5234 fuit
2718 5178 2819 5250 qui
2854 5179 3028 5233 ferret
3058 5178 3366 5236 auxilium.

2272 5251 2448 5324 Quasi
2476 5254 2647 5322 rupto
2680 5244 2871 5317 muro,
2895 5254 2951 5305 et
2975 5256 3178 5323 aperta
3193 5253 3381 5324 janua
3401 5252 3661 5324 (h./‘racla
3674 5244 3872 5322 janua},

2416 5322 2713 5379 irruerunt
2746 5337 2923 5395 super
2954 5322 3068 5379 me.

2343 5535 2364 5570 ²
2391 5533 2617 5607 Reginae
2646 5551 2758 5593 ms.
2789 5551 3043 5609 egenum,
3075 5538 3275 5594 minus
3313 5538 3462 5596 bene
3493 5541 3562 5597 ad
3606 5538 3866 5597 Hebreum

2270 5616 2457 5668 mnu.

2339 5680 2361 5714 ³
2388 5678 2565 5736 Addit
2594 5678 2750 5737 idem
2782 5696 2896 5737 ms.
2924 5696 3063 5753 meo,
3097 5685 3299 5740 contra
3331 5683 3553 5741 Hebraei
3596 5684 3768 5739 textus
3809 5672 3859 5728 ﬁ-

2270 5750 2425 5808 dem.
