4050 6182
431 209 566 265 1171

501 352 568 391 eo
596 335 750 404 quod
777 335 976 405 justus
1008 333 1118 388 sibi
1156 333 1471 388 videretur.

429 409 502 464 Et
533 408 718 461 iratus
752 407 1211 476 indignatusque
1234 405 1357 459 Eliu
1399 411 1410 442 ¹

505 478 662 533 ﬁlius
695 474 971 532 Baraehcl
1009 474 1241 530 Buzites
1271 477 1340 530 de
1371 474 1659 546 cogitione
1693 474 1861 542 Ram,

504 551 691 605 iratus
721 555 811 603 est
841 555 1036 602 autem
1073 548 1383 603 adversum
1413 548 1547 614 Job,

505 637 570 676 eo
603 621 757 692 quod
782 620 1011 690 justum
1047 635 1175 692 esse
1208 619 1515 692 sediceret
1541 633 1737 672 coram
1769 615 1907 671 Deo.

436 689 949 748 Porro'adversum
979 690 1200 745 amicos
1231 691 1359 760 ejus
1389 689 1730 760 indignatus
1761 693 1874 751 est,

508 780 576 818 eo
607 763 760 833 quod
799 779 912 818 non
944 759 1309 818 invenissent
1358 759 1795 832 responsionem
1833 759 2090 813 rationa-

584 835 783 897 bilem,

515 905 616 960 sed
682 904 1094 960 tantummodo
1151 904 1641 958 condemnassent
1678 901 1787 957 Job
1821 901 1903 972 (h.
1939 901 2093 955 unde

585 978 1081 1032 condemnassent
1109 975 1264 1043 Job).

443 1048 630 1120 Igitur
661 1047 786 1120 Eliu
817 1046 1139 1120 expectavit
1163 1047 1271 1120 Job
1305 1045 1638 1120 loquentem
1675 1059 1688 1097 :

513 1136 579 1175 eo
614 1119 765 1190 quod
800 1115 1059 1174 seniores
1086 1134 1146 1172 se
1171 1119 1191 1151 2
1223 1115 1420 1172 essent
1451 1117 1546 1187 qui
1583 1115 1991 1190 loquebantur.

440 1190 584 1246 Cum
619 1189 811 1246 autem
842 1190 1256 1259 vidissetquod
1291 1197 1408 1244 tres
1441 1189 1792 1259 respondere
1826 1203 1937 1241 non
1965 1201 2094 1256 pos-

587 1267 719 1316 sent
748 1262 833 1332 (Al
892 1261 1275 1332 potuissent),

515 1333 704 1388 iratus
733 1338 822 1388 est
852 1333 1246 1388 vehementer.

510 1464 991 1510 RESPONDENSQUE
1030 1465 1158 1502 ELIU
1204 1464 1389 1502 FILIUS
1430 1461 1724 1502 BARACHEL
1765 1461 2020 1513 BUZITES,

1170 1536 1324 1574 DIXIT
1352 1537 1366 1575 ζ

443 1616 654 1674 Junior
683 1634 811 1672 sum
849 1621 1134 1688 tempore,

517 1706 618 1744 vos
649 1695 845 1743 autem
879 1689 1260 1760 antiquiores,

518 1760 756 1828 idcirco,
791 1759 1046 1816 demisso
1078 1759 1286 1831 capite,
1322 1759 1541 1814 veritus
1572 1775 1703 1814 sum

522 1832 782 1887 indicare
811 1833 978 1887 vobis
1009 1833 1114 1903 (Αι.
1148 1828 1274 1886 add.
1309 1834 1435 1903 ego)
1466 1847 1675 1903 meam
1719 1828 2096 1882 sententiam.

449 1904 770 1975 Sperabam
805 1904 956 1958 enim
996 1900 1148 1976 quod
1177 1909 1316 1976 a3tas
1347 1900 2024 1976 prolixiorloqueretur,

520 1980 577 2029 et
607 1991 894 2029 annorum
931 1973 1247 2029 multitudo
1280 1975 1512 2029 doceret
1542 1973 1918 2044 sapientiam.

450 2046 580 2111 Sed,
616 2052 679 2099 ut
711 2047 896 2113 video,
931 2046 1186 2117 Spiritus
1219 2052 1304 2100 est
1333 2046 1391 2099 in
1428 2047 1784 2117 hominibus,

524 2123 583 2183 et
611 2117 916 2188 inspiratio
948 2113 1382 2188 Omnipotentis
1418 2117 1515 2170 dat
1543 2113 2010 2185 intelligentiam.

452 2189 577 2244 Non
610 2193 752 2243 sunt
781 2187 1022 2258 longaevi
1054 2187 1374 2258 sapientes,

524 2275 629 2315 nec
661 2273 830 2313 senes
863 2259 1202 2330 intelligunt
1225 2259 1538 2330 judicium.

454 2331 590 2386 Ideo
617 2331 804 2384 dicam
831 2347 842 2384 :
877 2331 1094 2385 Audite
1126 2347 1238 2397 me,

523 2401 833 2458 ostendam
867 2403 1032 2457 vobis
1063 2402 1238 2458 etiam
1267 2417 1368 2471 ego
1403 2416 1591 2456 meam
1653 2398 1961 2455 scientiam
1993 2397 2096 2469 (At.

593 2472 985 2544 sapientiam).

449 2544 790 2614 Exspectavi
824 2545 977 2599 enim
1011 2559 1315 2599 sermones
1345 2547 1594 2610 vestros,

521 2614 717 2670 audivi
752 2616 1120 2686 prudentiam
1155 2621 1433 2684 vestram,

519 2687 704 2740 donec
734 2685 1209 2758 disceptaremini
1242 2685 1636 2742 sermonibus.

456 2758 525 2813 Et
545 2759 727 2812 donec
751 2756 1024 2829 putabam
1045 2775 1144 2813 vos
1170 2757 1388 2829 aliquid
1416 2756 2102 2829 dicere,considerabam:

529 2829 654 2896 sed,
691 2828 967 2896 ut’video,
1002 2847 1117 2884 non
1148 2835 1237 2884 est
1273 2828 1382 2900 qui
1432 2844 1677 2899 arguere
1735 2829 1921 2899 possit
1975 2828 2102 2898 Job,

528 2905 586 2955 et
615 2903 969 2972 respondere
1000 2919 1067 2956 ex
1095 2902 1260 2956 vobis
1292 2901 1666 2972 sermonibus
1692 2905 1842 2972 ejus.

459 2971 542 3027 Ne
571 2971 958 3044 forte’dicaris
987 2973 1072 3044 (h.
1106 2973 1250 3028 forte
1282 2971 1610 3042 diceretis):
1649 2971 1986 3026 Invenimus
2018 2986 2107 3026 sa-

603 3042 904 3113 pientiam,

458 3119 613 3168 Deus
643 3115 885 3184 projecit
915 3129 1071 3184 eum,
1105 3119 1162 3169 et
1192 3130 1308 3168 non
1341 3113 1537 3169 homo.

459 3183 616 3238 Nihil
646 3183 876 3240 loeutus
907 3191 996 3240 est
1027 3185 1191 3254 mihi,

530 3260 722 3382 et:ng
757 3273 870 3382 npln
905 3258 1228 3312 secundum
1273 3271 1576 3311 sermones
1607 3261 1831 3312 vestros
1865 3272 2109 3328 respon-

643 3346 670 3382 e
717 3345 793 3382 οι
848 3345 884 3382 ι.

643 3345 748 3382 000
780 3345 884 3383 IIII.

453 3396 882 3470 Extimuerunt,
918 3416 1031 3454 non
1065 3400 1168 3467 (Al.
1202 3403 1258 3470 et
1289 3401 1427 3464 non)
1468 3399 1898 3470 responderunt
1929 3397 2105 3467 ultra,

523 3469 1016 3540 abstuleruntque
1045 3489 1077 3524 a
1107 3487 1170 3525 se
1201 3469 1452 3540 eloquia.

450 3538 733 3602 Quoniam
763 3538 947 3612 igitur
975 3538 1326 3611 exspectavi,
1359 3545 1415 3594 et
1448 3557 1560 3612 non
1589 3545 1727 3595 sunt
1767 3539 1942 3594 locuti
1980 3556 1993 3593 :

522 3615 828 3681 steterunt,
865 3627 968 3666 nec
1002 3613 1428 3682 responderunt
1458 3611 1611 3666 ultra
1645 3629 1658 3667 :

451 3681 836 3754 Respondebo
867 3689 925 3738 et
956 3699 1062 3754 ego
1100 3681 1320 3754 partem
1359 3699 1588 3753 meam;

519 3759 576 3808 et
607 3756 908 3810 ostendam
943 3755 1245 3809 scientiam
1282 3771 1494 3808 meam.

449 3824 666 3881 Plenus
696 3843 828 3881 sum
859 3826 1014 3880 enim
1048 3826 1441 3888 sermonibus,

523 3902 580 3951 et
609 3903 867 3953 coarctat
891 3914 982 3952 me
1012 3899 1257 3968 spiritus
1292 3899 1435 3952 uteri
1468 3897 1600 3951 mei.

449 3968 534 4023 En
562 3974 766 4024 venter
797 3985 962 4024 meus
996 3967 1163 4041 quasi
1197 3974 1456 4024 mustum
1511 3970 1735 4040 absque
1784 3967 2099 4038 spiraculo,

521 4041 675 4111 quod
699 4041 1044 4114 lagunculas
1076 4059 1255 4096 novas
1286 4041 1626 4114 disrumpit.

452 4115 679 4183 Loquar
707 4112 1095 4184 et'rcspirabo
1128 4112 1475 4184 paululum;

519 4184 778 4254 aperiam
810 4183 967 4239 labia
996 4183 1143 4250 mea,
1173 4190 1230 4240 et
1263 4183 1626 4253 respondebo

448 4253 572 4309 Non
606 4256 887 4326 accipiam
924 4272 1232 4326 personam
1267 4256 1394 4322 viri,

518 4332 576 4380 et
612 4333 787 4382 Deum
822 4327 1045 4381 homini
1081 4345 1195 4382 non
1229 4328 1489 4396 aequabo.

447 4397 654 4471 Nescio
685 4399 839 4452 enim
877 4399 1137 4471 quandiu
1171 4399 1516 4471 subsistam,

517 4473 574 4522 et
604 4470 650 4522 si
688 4475 816 4538 post
849 4469 1143 4524 modicum
1177 4469 1342 4524 tollat
1372 4486 1463 4523 me
1495 4469 1700 4522 Factor
1727 4481 1912 4520 meus.

445 4540 601 4609 (Cap.
625 4542 904 4600 XXXIII.)
931 4542 1078 4596 Audi
1113 4542 1312 4612 igitur,
1344 4540 1475 4604 Job,
1501 4539 1734 4612 eloquia
1766 4554 1914 4606 mea,

515 4615 572 4664 et
598 4628 803 4666 omnes
836 4610 1331 4667 sermones—meos
1357 4610 1647 4667 ausculta.

445 4681 588 4736 Ecce
623 4682 823 4753 aperui
847 4699 911 4738 os
944 4700 1159 4748 meum,

521 4752 794 4826 loquatur
822 4753 1025 4826 lingua
1057 4771 1187 4809 mea
1219 4753 1276 4808 in
1313 4754 1578 4808 faucibus
1612 4752 1780 4808 meis.

446 4823 710 4896 Simplici
743 4823 1075 4882 corde—meo
1106 4842 1408 4880 sermones
1440 4825 1578 4896 mei,

518 4891 955 4952 et'sententiam
980 4900 1060 4969 (h.
1084 4897 1412 4967 scientiam)
1436 4895 1593 4951 labia
1623 4911 1753 4949 mea
1776 4909 1982 4966 puram
2007 4891 2092 4948 lo-

591 4973 866 5040 queatur.

440 5110 770 5184 glexerunt,
796 5110 894 5184 qui
914 5111 1132 5184 Jobum
1156 5127 1475 5184 exposuere
1498 5110 1685 5166 sancti
1707 5113 1926 5184 Patres,
1952 5108 2091 5184 Gre-

438 5181 654 5253 gorius,
689 5183 1018 5255 Philippus,
1055 5181 1467 5251 Beda,‘auctor
1509 5181 1927 5255 Commentarii
1981 5183 2091 5255 sub

436 5252 772 5325 Hieronymi
810 5252 1067 5320 nomine,
1102 5261 1280 5326 atque
1335 5257 1434 5310 alii
1486 5255 1786 5324 deinceps.
1824 5254 1879 5306 In
1913 5252 2090 5326 veteri

437 5335 634 5382 tamen
673 5327 918 5398 Vulgata
950 5329 1018 5382 ad
1055 5325 1294 5382 modum
1331 5326 1733 5398 inscriptionis
1765 5325 2088 5380 exstabant:

435 5401 511 5452 ιῑε
546 5402 870 5469 quieverunt
905 5401 1065 5454 verba
1097 5399 1218 5453 Joh.

511 5469 866 5589 ‘lPatlatinus
925 5487 1036 5524 ms.
1088 5470 1302 5539 Helius,
1335 5473 1391 5525 et
1449 5470 1697 5524 Baraciel
1756 5473 2093 5522 constanter

538 5557 622 5589 fle
663 5582 673 5589 .

538 5541 673 5604 egit.

514 5611 534 5641 ε
564 5609 839 5664 Voculam
880 5627 937 5664 se
985 5628 1116 5665 cum
1176 5609 1427 5677 vulgatis
1485 5616 1640 5666 tacet
1698 5609 1940 5666 Palatin.
1977 5625 2087 5666 ms.

447 5693 572 5746 qua:
608 5685 800 5734 tamen
833 5681 890 5734 in
925 5682 1159 5737 lIebrzeo
1189 5686 1379 5736 sonat.

519 5749 540 5781 ³
569 5749 848 5807 Hebraeus
876 5750 1052 5811 habet
1078 5761 1267 5822 753m,
1297 5757 1351 5811 et
1380 5768 1577 5810 manus
1607 5767 1768 5822 mea;
1798 5752 1900 5809 sed
1931 5751 2091 5809 vide-

1483 214 1541 264 S.
1586 210 1988 264 HIERONYMI
2027 209 2284 262 DIVINA
2320 210 2814 265 BIBLIOTHECA.

2117 335 2168 398 Α
2201 331 2451 402 Spiritus
2483 333 2581 388 Dei
2614 333 2746 388 fecit
2780 349 2893 402 me,

3700 204 3828 258 1172

2273 409 2326 457 et
2358 404 2718 473 spiraculum
2751 400 3182 474 Omnipotentis
3215 400 3528 456 viviticavit
3561 415 3672 455 me.

2195 476 2250 528 Si
2288 482 2470 544 potes,
2505 476 2794 546 responde
2827 475 2994 539 mihi,

2267 543 2321 600 et
2354 543 2636 602 adversus
2671 549 2872 602 faciem
2910 562 3096 599 meam
3124 543 3402 600 consiste.

2197 621 2359 683 Ecce,
2393 623 2449 673 et
2482 635 2573 673 me
2605 619 2760 674 sicut
2791 625 2848 673 et
2879 624 2936 672 te
2970 617 3106 672 fecit
3137 621 3313 682 Deus,

2268 695 2326 743 et
2359 690 2429 743 de
2459 691 2663 744 eodem
2692 691 2815 745 luto
2847 705 2952 760 ego
2985 705 3220 760 quoque
3253 689 3540 760 formatus
3570 701 3726 760 sum.

2197 761 2613 816 Verumtamen
2631 758 2984 817 miraculum
3004 758 3208 815 meum
3235 759 3313 831 (b.
3333 758 3512 813 timor
3535 759 3835 828 mcus)non

2343 837 2398 886 te
2428 837 2663 898 terreat,

2271 906 2328 957 et
2354 903 2686 974 eloquentia
2719 920 2850 960 mea
2875 903 2897 936 ³
2922 918 3035 957 non
3070 900 3148 974 sit
3178 902 3282 957 tibi
3315 901 3534 974 gravis.

2205 974 2408 1029 Dixisti
2439 973 2573 1048 ergo
2609 976 2666 1030 in
2701 975 2943 1030 auribus
2977 973 3145 1039 meis,

2272 1053 2328 1100 et
2358 1042 2553 1101 vocem
2587 1048 2896 1102 verborum
2929 1051 3166 1100 tuorum
3197 1045 3220 1078 ι
3248 1042 3444 1098 audivi
3482 1059 3495 1096 :

2202 1117 2458 1172 Mundus
2490 1135 2621 1173 sum
2653 1135 2781 1188 ego,
2817 1118 3039 1188 absque
3077 1113 3284 1171 delicto
3317 1111 3762 1181 immaculatus,

2271 1194 2327 1271 et
2362 1205 2474 1244 non
2507 1195 2595 1272 est
2625 1189 2912 1272 iniquitas
2945 1191 3004 1242 in
3039 1204 3152 1272 mle.

2201 1259 2346 1323 Quia
2377 1261 2646 1331 querelas
2676 1259 2746 1315 in,
2771 1277 2860 1314 me
2893 1260 3128 1331 reperit,

2274 1327 2411 1386 ideo'
2433 1334 2750 1388 arbitratus
2781 1336 2869 1387 est
2900 1327 2993 1386 me
3024 1329 3329 1384 inimicum
3362 1327 3498 1383 sibi.

2204 1403 2404 1458 Posuit
2431 1403 2488 1457 in
2524 1421 2699 1459 nervo
2733 1404 2909 1474 pedes
2945 1418 3126 1468 meos,

2274 1475 2589 1530 custodivit
2618 1473 2824 1531 omnes
2855 1473 3098 1529 semitas
3130 1485 3311 1526 meas.

2203 1545 2319 1601 Hoc
2350 1550 2440 1600 est
2471 1562 2629 1618 ergo,
2653 1547 2709 1600 in
2746 1563 2860 1617 quo
2893 1563 3005 1618 non
3031 1544 3472 1618 esjustificatus
3507 1556 3522 1596 :

2277 1610 2636 1688 respondebo
2667 1610 2797 1686 tibi,
2828 1616 2969 1688 quia
3003 1610 3190 1685 major
3231 1615 3308 1668 sit
3338 1612 3492 1668 Deus
3522 1610 3788 1688 homine.

2126 1701 2175 1766 B
2210 1683 2501 1766 Adversus
2535 1689 2614 1756 (h.
2643 1691 2758 1766 (ξαν
2782 1683 3255 1766 ἑᾶγθιιευξγθυηι
3289 1683 3624 1766 contendis...

2278 1761 2431 1830 quod
2466 1752 2583 1814 non
2617 1761 2684 1814 ad
2723 1759 2920 1815 omnia
2948 1759 3126 1814 verba
3158 1755 3529 1829 responderit
3561 1752 3670 1809 tibi
3704 1768 3718 1807 :

2205 1831 2393 1886 Semel
2427 1832 2688 1902 loquitur
2717 1832 2892 1896 Deus,

2279 1908 2336 1958 et
2364 1899 2621 1958 secundo
2654 1903 2913 1973 idipsum
2943 1915 3058 1957 non
3090 1899 3318 1970 repetit.

2208 1974 2315 2028 Per
2347 1975 2645 2029 somnium
2678 1974 2737 2028 in
2771 1973 2993 2029 visione
3023 1978 3333 2037 nocturna,

2279 2046 2514 2116 quando
2545 2045 2716 2100 irruit
2746 2062 2921 2116 sopor
2946 2059 3129 2116 super
3158 2042 3449 2111 homines,

2279 2115 2336 2172 et
2361 2116 2664 2171 dormiunt
2694 2116 2752 2171 in
2787 2115 3020 2172 lectulo.

2207 2192 2367 2242 Tunc
2399 2189 2586 2258 aperit
2615 2204 2786 2243 aures
2819 2187 3103 2258 virorum,

2279 2263 2336 2314 et
2365 2253 2638 2334 erudiens
2667 2276 2764 2334 eos
2797 2253 3399 2334 instruitdisciplina.

2210 2331 2281 2386 Ut
2309 2336 2526 2385 avertat
2557 2331 2855 2385 hominem
2891 2331 2960 2385 ab
2993 2329 3087 2384 his
3117 2343 3244 2397 qua:
3276 2327 3435 2392 facit,

2281 2407 2338 2456 et
2363 2401 2572 2457 liberet
2598 2419 2732 2457 eum
2765 2403 2835 2456 de
2865 2398 3180 2472 superbia:

2211 2473 2432 2546 Eruens
2464 2475 2721 2546 animam
2755 2473 2883 2543 ejus
2916 2467 3386 2546 a'corruptio‘ne:
3452 2536 3463 2546 _
3529 2537 3566 2546 Π

2282 2548 2338 2598 et
2367 2545 2543 2600 vitam
2575 2545 2756 2614 illius,
2781 2536 2850 2598 ut
2882 2560 2994 2598 non
3029 2536 3291 2614 transeat
3321 2539 3376 2593 in
3411 2536 3699 2614 gladium.

2211 2616 2473 2686 Increpat
2495 2609 2858 2691 quoqueper
2887 2614 3148 2670 dolorem
3178 2613 3234 2665 in
3264 2609 3501 2691 lectulo,

2283 2692 2340 2742 ct
2366 2681 2565 2742 omnia
2596 2681 2732 2743 ossa
2758 2681 2890 2757 ejus
2923 2698 3280 2740 marcescere
3311 2681 3468 2757 facit.

2215 2757 2720 2831 Abominabilisei
2754 2753 2904 2831 ﬁtin
2937 2757 3056 2811 vita
3087 2772 3195 2831 sua
3228 2753 3444 2831 panis,_

2286 2835 2342 2884 et
2371 2831 2580 2884 anima:
2613 2830 2771 2885 illius
2800 2829 2967 2885 cibus
3000 2832 3133 2882 ante
3160 2821 3592 2880 desiderabilis.

2213 2901 2492 2957 Tabescet
2522 2918 2655 2956 caro
2685 2903 2812 2973 ejus
2839 2919 2853 2968 ;

2288 2978 2342 3027 et
2374 2989 2529 3042 ossa,
2561 2989 2687 3043 quas
2712 2965 2878 3028 'recta
2910 2971 3160 3043 fuerant,
3193 2965 3596 3043 nudabuntur,

2221 3039 2724 3116 Appropin’quavit
2753 3044 2772 3078 ⁵
2803 3041 3163 3116 corruptioni
3195 3039 3389 3094 anima
3411 3039 3562 3108 ejus,

2294 3121 2352 3170 et
2380 3117 2497 3169 vita
2527 3114 2686 3171 illius
2718 3114 3054 3170 mortiferis.

2218 3185 2276 3240 Si
2308 3187 2482 3241 fuerit
2501 3204 2604 3258 pro
2627 3203 2691 3242 eo
2715 3185 2959 3258 angelus
2989 3184 3238 3256 loquens
3270 3196 3453 3236 unum
3477 3179 3549 3234 de
3571 3175 3847 3232 millibus‘

2362 3258 2442 3328 (h.
2483 3257 2636 3313 Unus
2667 3259 2737 3314 de
2771 3257 2974 3327 mille),

2291 3325 2698 3384 ut‘annuntiet
2729 3325 2988 3385 hominis
3018 3325 3351 3397 aequitatem
3387 3337 3400 3377 :

2218 3399 2593 3455 Miserebitur
2619 3401 2769 3472 ejus,
2797 3406 2853 3454 et
2883 3400 3036 3472 dicet
3058 3395 3314 3472 :Libera
3344 3409 3503 3472 eum,

2289 3477 2352 3525 ut
2379 3473 2485 3542 (Al.
2523 3473 2601 3537 et)
2634 3464 3098 3542 non-descendat
3129 3468 3188 3522 in
3221 3464 3675 3538 corruptionem.

2286 3540 2478 3597 inveni
2513 3543 2570 3598 in
2604 3561 2719 3613 quo
2751 3543 2800 3598 ei
2833 3540 3132 3616 propitier.
3256 3607 3294 3616 __
3338 3607 3371 3616 Η

2211 3614 2572 3685 Consumpta
2603 3607 2689 3669 est
2719 3607 2852 3668 caro
2883 3607 3011 3682 ejus
3041 3627 3074 3664 a
3103 3607 3430 3685 suppliciis.

2286 3681 2609 3741 revertatur
2639 3687 2708 3740 ad
2742 3686 2865 3740 dies
2898 3681 3299 3738 adolescentia:
3333 3695 3471 3733 sua.

2210 3755 2628 3826 Deprecabitur
2661 3759 2858 3825 Deum,
2891 3761 2948 3809 et
2980 3750 3284 3826 placabilis
3315 3751 3366 3805 ei
3397 3749 3506 3804 erit
3535 3765 3549 3804 :

2281 3823 2338 3882 et
2367 3828 2589 3883 videbit
2623 3823 3065 3896 facicmrjus'in
3090 3823 3306 3894 jubilo,

2282 3904 2338 3953 et
2364 3901 2566 3954 reddet
2596 3899 2817 3954 homini
2840 3895 3135 3966 jtistitiam
3163 3909 3394 3966 suam.“
3602 3961 3633 3966 _
3794 3955 3807 3966 ,

2208 3971 2500 4041 Respiciet
2534 3971 2799 4025 homines
2840 3961 2950 4040 ’(Αι.
2982 3967 3204 4038 homo),
3235 3970 3292 4020 et
3339 3963 3492 4018 dicet
3525 3979 3539 4017 :
3600 3961 3831 4024 Peccavi,

2279 4049 2337 4096 et
2364 4058 2492 4096 vere
2524 4041 2766 4112 deliqui,

2279 4119 2335 4187 et
2366 4119 2428 4166 ut
2457 4130 2621 4187 eram
2652 4109 2888 4184 dignus,
2923 4126 3039 4164 non
3073 4109 3284 4179 recepi.
3385 4179 3397 4187 Δ
3439 4176 3450 4187 _
3530 4174 3542 4186 ο
3596 4178 3607 4187 ⁸
3684 4172 3694 4182 .

2210 4183 2503 4239 Liberavit
2533 4177 2789 4238 animan
2823 4177 3109 4247 suam,ne
3142 4177 3405 4250 pergeret
3439 4177 3491 4230 in
3527 4177 3828 4238 interitum,

2350 4257 2449 4309 sed
2484 4257 2678 4311 vivens
2712 4255 2897 4308 lucem
2931 4253 3170 4306 videret.

2208 4326 2350 4380 Ecce
2382 4327 2500 4380 haec
2532 4327 2728 4381 omnia
2757 4329 3032 4397 Operagtur
3061 4323 3214 4397 Deus

2125 4432 2172 4495 D
2277 4398 2467 4452 tribus
2497 4398 2726 4453 vicibus
2758 4394 2861 4468 per
2889 4394 3172 4465 singulos.

2210 4469 2275 4524 Ut
2307 4475 2532 4524 revocet
2563 4470 2791 4524 animas
2819 4483 3021 4522 eorum
3054 4465 3134 4524 (h.
3169 4486 3172 4514 ;

2307 4475 2532 4552 revocet
2563 4461 2791 4524 animas
2819 4461 3021 4522 eorum
3054 4465 3134 4537 (h.
3169 4463 3428 4519 animam
3479 4461 3631 4533 ejus)
3662 4477 3693 4515 a
3721 4471 3829 4511 cor-

2347 4546 2638 4611 ruptione.

2275 4615 2331 4663 et
2363 4611 2656 4666 illuminet
2686 4610 2868 4664 lucem
2903 4609 3244 4664 viventium.

2202 4683 2468 4747 Attende,
2494 4683 2626 4753 Job,
2659 4688 2716 4736 et
2744 4681 2878 4735 audi
2913 4697 3006 4735 me
3038 4696 3051 4734 :

2273 4759 2331 4807 et
2359 4741 2466 4823 (Αιξ
2497 4741 2715 4823 ιασ.’θῑ)
2739 4757 2884 4826 tace,
2917 4753 3057 4826 dum
3089 4767 3195 4826 ego
3218 4746 3571 4826 loquar(.4l.
3596 4741 3824 4826 loquor).

2200 4826 2257 4880 Si
2289 4817 2486 4880 autem
2519 4817 2708 4881 babes
2730 4823 2886 4894 quod
2921 4817 3197 4892 loquaris,
3222 4817 3508 4894 responde
3540 4818 3703 4882 mihi,

2274 4896 2515 4965 loquere
2547 4913 2560 4950 :
2595 4899 2724 4951 volo
2750 4893 2910 4950 enim
2946 4899 3000 4950 te
3031 4909 3309 4965 apparere
3331 4893 3588 4962 justum.

2274 4913 2328 4950 ιο
2377 4913 2515 4952 uere
2547 4913 2560 4950 :
2595 4913 2724 4951 velo
2756 4913 2910 4950 enim
2946 4913 3000 4950 te
3031 4913 3172 4965 appa

2201 4913 2367 5032 Quod
2398 4968 2446 5022 si
2480 4985 2594 5023 non
2627 4967 2831 5034 babes,
2862 4965 2999 5021 audi
3032 4982 3127 5021 me
3159 4981 3172 5018 :

2202 5116 2302 5167 tur
2329 5112 2388 5167 S.
2425 5111 2715 5182 interpres
2773 5109 3006 5165 duobus
3066 5107 3342 5182 distincte
3384 5105 3584 5182 verbis
3642 5099 3827 5173 legisse

2201 5194 2263 5246 ’Ξ
2304 5193 2434 5268 ἾΝῚ,
2469 5179 2598 5256 (μιδὲ
2626 5182 2862 5254 quidem
2899 5197 3068 5237 voces
3113 5179 3486 5253 eloquentiam
3534 5191 3706 5231 meam
3750 5185 3827 5225 so-

2205 5278 2367 5334 nant,
2401 5272 2520 5327 sive
2547 5272 2618 5326 ad
2654 5271 2918 5334 verbum,
2949 5275 2998 5326 et
3023 5270 3250 5326 omnino
3279 5284 3341 5322 os
3373 5283 3576 5322 meum.

2276 5348 2293 5378 ‘
2346 5348 2671 5398 Prononien
2732 5347 2973 5406 tuorum,
3039 5342 3191 5412 quod
3252 5339 3554 5412 nequeiin
3613 5334 3824 5390 Hebraeo

2200 5420 2357 5472 textu
2392 5415 2648 5480 additur,
2681 5415 3006 5470 rectissime
3032 5411 3276 5468 Palatin.
3311 5428 3422 5484 ms.
3458 5411 3695 5484 ignorat:
3770 5474 3779 5484 α

2271 5488 2292 5521 ⁵
2322 5487 2534 5569 Iterum
2569 5476 2742 5570 patilo
2777 5485 2990 5541 rectius
3022 5485 3082 5539 in
3116 5485 3311 5541 futuro
3361 5476 3511 5538 idem
3547 5497 3648 5534 ms.
3682 5476 3820 5546 legit,

2303 5566 2680 5600 irnm'nrmnhil

2202 5558 2700 5631 Aprmpinquabit.
3595 5622 3607 5634 ⁸

2206 5632 2293 5700 __°
2326 5630 2553 5700 Reginae
2605 5644 2715 5700 ms.
2751 5643 2904 5700 cum
2933 5625 3267 5700 Colbertino
3316 5625 3610 5682 Anicienst
3662 5629 3812 5692 penes

2205 5697 2475 5758 Martiah.
2510 5715 2654 5755 unus
2683 5698 2747 5754 de
2776 5697 3050 5755 millibus.
