4050 6182
250 253 387 309 1173
1765 257 1980 309 LIBER
2014 255 2162 309 JOB.
3523 245 3661 301 1174

316 387 467 449 tace,
499 381 557 434 et
588 377 810 436 docebo
836 383 890 435 te
919 378 1292 451 sapientiam.

1765 257 1980 311 LIBER
2014 255 2162 312 JOB.

1927 381 1984 448 Α
2012 380 2160 447 Quia
2188 393 2325 453 ergo
2354 395 2460 453 ego
2491 379 2886 453 locutu_s__su_m
2919 375 2989 432 ad
3021 374 3232 444 Deum,

2080 457 2139 507 te
2170 449 2418 524 qusque'
2437 468 2549 506 non
2578 449 2918 522 prohibebo.

237 511 634 552 PRONUNTIANS
670 511 878 558 mons
917 512 1078 566 ELIU,
1102 513 1273 552 mm:
1314 513 1436 552 nam
1469 512 1722 552 LOCUTUS
1749 514 1848 552 ss'r
1881 514 1894 552 :
2007 523 2062 566 ςς
2099 511 2279 566 ρννλνί

233 594 387 666 (Cap.
426 591 700 666 XXXIV.)
736 593 970 666 Audite,
1004 595 1322 664 sapientes,
1355 595 1531 651 verba
1562 611 1714 662 mea,

308 671 366 720 et
395 665 636 732 eruditi,
670 664 1003 720 auscultate
1037 682 1130 721 me
1163 683 1176 722 :

239 736 412 792 Auris
443 735 599 790 enim
634 737 810 790 verba
842 737 1069 807 probat,

309 812 367 880 et
393 811 791 880 guttur‘escas
822 807 1346 880 gustudijudicat,

236 879 535 936 Judicium
566 878 858 950 eligamus
891 878 1079 935 nobis.

307 956 366 1008 et
396 951 546 1023 inter
577 949 683 1007 nos
712 951 1014 1007 videamus
1037 951 1143 1022 (Al.
1164 949 1474 1022 eligamus)
1496 950 1635 1023 quid
1668 951 1746 1007 sit
1768 968 1890 1010 me-

415 1021 554 1076 lius.

231 1092 377 1157 Quia
405 1093 548 1147 dixit
575 1091 683 1147 Job
720 1107 734 1146 :
767 1092 981 1148 Justus
1014 1109 1170 1156 sum,

300 1169 361 1220 et
389 1170 543 1220 Deus
575 1164 863 1219 subvertit
887 1164 1181 1235 judicium
1207 1181 1429 1220 meum.

229 1236 287 1290 In
315 1236 636 1306 judicando
663 1235 819 1290 enim
849 1252 962 1302 me,
999 1237 1371 1292 mendacium
1399 1240 1491 1292 est
1524 1249 1538 1290 :

293 1307 552 1379 violenta
577 1306 797 1378 sagitta
828 1324 956 1363 mea
987 1309 1211 1379 absque
1243 1308 1363 1365 ullo
1393 1311 1651 1379 peccato.

225 1378 365 1445 Quis
397 1383 487 1434 est
519 1379 627 1445 vir,
664 1383 728 1433 ut
758 1382 849 1434 est
880 1379 1012 1443 Job,

293 1449 395 1532 qui
428 1450 575 1532 bibit
608 1450 1133 1532 subsannationem
1164 1451 1333 1532 quasi
1364 1467 1598 1532 aquam,

224 1521 330 1586 Qui
364 1521 631 1595 graditur
656 1537 791 1576 cum
823 1521 1206 1595 operantibus
1231 1521 1628 1595 iniquitatem,

293 1597 354 1648 et
370 1591 649 1648 iambulat
681 1608 816 1648 cum
847 1591 988 1664 viris
1015 1593 1214 1664 impiis
1235 1593 1262 1649 ?

224 1664 381 1736 Dixit
411 1665 567 1720 enim
603 1681 616 1720 :
651 1664 778 1719 Non
811 1663 1064 1736 placebit
1093 1663 1182 1720 vir
1209 1669 1344 1736 Deo,
1384 1664 1394 1670 ’

292 1735 470 1791 etiam
505 1737 553 1791 si
587 1737 914 1791 cucurrerit
942 1753 1075 1792 eum
1107 1752 1194 1792 eo.

222 1807 381 1871 Ideo,
413 1807 521 1862 viri
553 1807 795 1875 cordati,
829 1807 1025 1865 audite
1058 1825 1170 1876 me,

290 1878 450 1934 absit
482 1896 515 1933 a
545 1879 660 1934 Deo
699 1878 992 1950 impietas,

285 1954 348 2005 et
379 1950 450 2005 ab
483 1951 900 2022 Omnipotente
925 1951 1232 2022 iniquitas.

214 2021 382 2094 Opus
413 2023 569 2078 enim
603 2021 865 2094 hominis
898 2021 1104 2094 reddet
1133 2022 1208 2085 ei,

286 2093 544 2166 etjuxta
571 2093 696 2149 vias
719 2093 1090 2166 singulorum
1145 2093 1413 2166 restituet
1440 2093 1546 2154 (Al.
1579 2092 1710 2148 add.
1744 2092 1874 2165 eis).

214 2165 365 2221 Vere
395 2165 549 2220 enim
582 2171 736 2220 Deus
769 2164 884 2220 non
917 2164 1334 2221 condemnabit
1366 2165 1606 2234 frustra,

285 2251 399 2292 nec
429 2237 812 2304 Omnipotens
839 2238 1136 2293 subvertet
1159 2236 1475 2308 judicium.

216 2312 403 2373 Quem
439 2309 746 2364 constituit
773 2308 951 2364 alium
979 2325 1157 2380 super
1185 2313 1402 2364 terram
1425 2307 1453 2363 ?

2007 523 2066 578 Si
2099 523 2394 590 erravi,’tu
2428 524 2568 579 doce
2601 538 2692 578 me
2727 539 2740 577 ε

2077 594 2127 650 si
2157 586 2528 666 iniquitatem
2560 595 2789 650 locutus
2822 607 2978 657 sum,
3012 587 3168 666 ultra
3199 586 3581 666 nonaddam.

2003 656 2303 738 Numquid
2322 673 2423 722 ate
2445 667 2600 721 Deus
2622 667 2843 738 expetet
2866 656 3017 730 eam,
3037 660 3178 731 quia
3202 656 3499 731 displicuit
3519 657 3656 714 tibi?

2073 742 2136 793 tu
2168 735 2324 794 enim
2357 738 2583 808 cmpisti
2618 735 2887 808 loqui,__et
2918 750 3032 808 non
3066 748 3173 803 ego
3205 747 3218 785 :

2075 809 2228 892 quod
2262 803 2485 892 siquid
2523 808 2673 892 nosti
2696 803 2935 892 melius,
2968 803 3225 892 loquere.

2002 875 2117 936 Viri
2150 875 2542 953 intelligentes
2573 879 2890 953 loquentur
2919 875 3086 931 mihi.

2070 953 2140 1008 Et
2169 953 2256 1007 vir
2287 952 2522 1024 sapiens
2553 952 2755 1007 audiat
2786 965 2897 1024 me.

1995 1023 2108 1080 Job
2140 1028 2336 1100 autem
2358 1015 2471 1100 (At.
2504 1029 2610 1079 tac.
2645 1020 2862 1091 autem)
2885 1015 3326 1100 stultelocutus
3357 1019 3469 1085 est,

2070 1099 2128 1151 et
2158 1096 2334 1152 verba
2363 1087 2521 1151 illius
2552 1111 2668 1150 non
2695 1087 2906 1148 sonant
2935 1087 3334 1159 disciplinam,

1998 1166 2165 1222 Pater
2196 1166 2296 1233 mi,
2333 1168 2608 1238 probetur
2636 1159 3318 1238 Jobuusque_ad_finem_:

2069 1254 2141 1293 ne
2174 1227 2410 1295 desin‘as
2442 1238 2501 1294 in
2532 1227 3235 1304 hominibus—iniquitatis
3265 1231 3286 1264 ²
3314 1228 3398 1300 (b.
3431 1227 3651 1300 iniqui-

2136 1313 2368 1364 tatem).

1992 1310 2544 1452 Quiatziiedrillgsuper
2575 1382 2816 1452 peccata
2838 1393 2948 1452 sua
2977 1371 3434 1452 blasphemiam,

2062 1451 2218 1506 inter
2249 1449 2627 1525 nosfin‘terim
2651 1449 3097 1525 constringatur
3128 1461 3142 1501 :
3338 1513 3370 1525 η
3596 1512 3609 1524 ο

2059 1528 2117 1578 et
2147 1528 2287 1579 tunc
2317 1524 2387 1578 ad
2413 1523 2712 1594 judicium
2773 1514 3045 1594 provocet
3083 1514 3470 1594 sermonibus
3518 1514 3645 1569 suis

2059 1599 2244 1650 Deum
2287 1594 2370 1665 (b.
2414 1588 2486 1650 'et
2544 1599 2688 1650 tunc
2745 1588 3099 1663 multiplicat
3146 1601 3449 1644 sermones
3503 1600 3646 1641 suos

2130 1667 2202 1722 ad
2231 1665 2461 1738 Deum),

2163 1799 2360 1839 IGITUR
2391 1798 2524 1838 ELlU
2559 1798 2685 1838 HEC
2727 1795 3004 1836 RURUSUM
3045 1792 3282 1832 LOCUTUS
3320 1791 3457 1830 EST:

1984 1881 2137 1953 (Cap.
2169 1881 2422 1955 XXXV).
2459 1879 2758 1953 Numquid
2791 1895 2959 1952 aequa
2981 1876 3090 1932 tibi
3122 1875 3355 1932 videtur
3403 1876 3506 1929 tua
3537 1889 3639 1928 co-

2124 1952 2352 2036 εῑὲειιίοι
2386 1952 2392 1955 ⁷
2462 2026 2486 2036 -
2571 2025 2606 2036 ..

2055 2024 2374 2081 ιινάίοειιθε
2409 2042 2422 2080 :
2454 2025 2680 2080 Justior
2709 2024 2826 2080 Deo
2859 2037 3016 2079 sum.

1982 2094 2190 2166 Dixisti
2221 2099 2377 2152 enim
2413 2112 2426 2150 :
2459 2097 2586 2152 Non
2615 2095 2721 2151 tibi
2755 2093 2945 2166 placet
2978 2089 3132 2164 quod
3165 2092 3390 2166 rectum
3423 2091 3514 2144 est
3546 2101 3560 2142 :

2053 2165 2140 2222 vel
2171 2169 2313 2239 quid
2347 2167 2450 2224 tibi
2484 2160 2772 2241 proderit:
2799 2165 2847 2222 si
2881 2160 3378 2241 ego—peccavero?

1982 2232 2207 2322 Itaque.
2239 2255 2345 2322 ego
2373 2232 2736 2322 respondebo
2768 2232 3144 2293 sermoni—bus
3179 2232 3294 2288 tuis

2053 2315 2109 2365 et
2139 2311 2345 2366 amicis
2377 2311 2497 2368 tuis
2526 2315 2743 2366 tecum.

289 2384 394 2436 aut
428 2396 603 2453 quem
637 2380 834 2452 posuit
862 2398 1039 2453 super
1057 2378 1298 2447 'orbem,
1343 2395 1518 2452 quem
1553 2378 1874 2437 fabricatus
1979 2381 2226 2453 Suspice
2255 2382 2465 2438 coelum
2498 2387 2557 2438 et
2589 2383 2838 2446 intuere,

376 2455 467 2506 est
488 2452 516 2506 ?

228 2523 286 2579 Si
325 2521 604 2578 direxerit
633 2523 703 2577 ad
736 2539 869 2578 eum
903 2539 1003 2579 cor
1033 2539 1231 2589 suum,

291 2593 572 2660 spiritum
604 2593 764 2650 illius
794 2599 850 2650 et
875 2595 1079 2650 ﬂatum
1111 2596 1182 2650 ad
1217 2608 1279 2650 se
1309 2592 1523 2650 trahet.

223 2665 471 2722 Deﬁciet
500 2665 691 2721 omnis
722 2683 856 2722 caro
887 2665 1088 2730 simul,

300 2741 362 2793 et
391 2737 566 2793 homo
597 2737 656 2792 in
689 2737 944 2794 cinerem
978 2740 1321 2794 revertetur.

221 2809 281 2864 Si
317 2809 505 2865 habes
534 2824 638 2880 ego
670 2809 1055 2877 intellectum,
1089 2809 1225 2864 audi
1258 2808 1413 2880 quod
1440 2807 1677 2876 dicitur,

295 2885 360 2936 et
387 2880 655 2952 ausculta
683 2897 880 2936 vocem
915 2881 1132 2952 eloquii
1164 2880 1297 2935 mei.

221 2951 529 3023 Numquid
560 2951 664 3023 qui
695 2970 808 3008 non
838 2956 998 3008 amat
1019 2950 1338 3023 judicium,
1369 2950 1562 3006 sanari
1597 2955 1785 3021 potest
1816 2967 1831 3006 :

292 3029 353 3080 et
384 3025 678 3094 quomodo
711 3031 770 3078 lu
805 3040 963 3094 eum,
1012 3023 1110 3094 qui
1152 3025 1352 3096 justus
1383 3027 1492 3092 est,
1543 3025 1600 3078 in
1640 3027 1868 3080 tantum

369 3096 722 3150 condemnas
744 3097 772 3150 ‘I

215 3165 342 3232 Qui
375 3167 519 3222 dicit
546 3167 691 3238 regi,
723 3171 988 3238 apostata
1021 3183 1034 3220 :

301 3239 408 3320 qui
427 3243 592 3293 vocat
609 3239 788 3320 duces
816 3239 1050 3310 impios.

219 3306 340 3373 Qui
371 3327 485 3365 non
517 3309 727 3381 accipit
750 3306 1033 3382 personas
1065 3306 1398 3382 principum
1433 3323 1445 3362 :

291 3397 404 3436 nec
437 3378 707 3452 cognovit
735 3378 1080 3454 tyrannum,
1110 3395 1245 3434 cum
1296 3378 1648 3449 disceptaret
1678 3382 1880 3435 contra

374 3469 695 3525 pauperem
733 3470 744 3507 :

294 3520 452 3595 opus
499 3520 663 3580 enim
697 3541 979 3580 manuum
1013 3523 1139 3593 ejus
1165 3525 1307 3578 sunt
1342 3520 1597 3576 universi
1631 3523 1880 3594 (ΛΖ.υηὶ-

372 3613 561 3659 versa)
574 3639 584 3659 ,

219 3597 816 3735 Subitgrgiadrientur,
847 3671 903 3722 et
933 3666 991 3721 in
1025 3664 1225 3721 media
1267 3667 1435 3719 nocte
1487 3665 1884 3722 turbabuntur

371 3739 597 3812 populi,
629 3744 686 3794 et
717 3739 1179 3812 pertransibunt,

297 3809 662 3866 et'auferent
689 3809 1006 3866 violentum
1041 3811 1264 3878 absque
1296 3823 1496 3862 manu.

221 3879 394 3936 Oculi
430 3883 588 3938 enim
625 3882 755 3951 ejus
781 3899 958 3953 super
987 3882 1111 3936 vias
1141 3879 1475 3953 hominum,

297 3958 359 4007 et
389 3971 595 4010 omnes
624 3950 873 4024 gressus
891 3969 1094 4009 eorum
1126 3950 1482 4024 considerat.

219 4024 352 4080 Non
389 4032 532 4080 sunt
560 4021 836 4095 tenebrae,
870 4029 926 4080 et
957 4043 1071 4082 non
1106 4029 1194 4078 est
1224 4021 1433 4076 umbra
1465 4021 1693 4095 mortis,

2052 2445 2116 2509 et
2139 2454 2536 2525 contemplare
2567 2455 2785 2508 ethera
2812 2445 2965 2522 quod
2998 2447 3174 2525 altior
3203 2449 3260 2525 ῳ
3291 2445 3390 2501 sit.

1979 2524 2037 2579 Si
2069 2517 2595 2597 peccaveris,quid
2627 2526 2733 2596 (Al.
2769 2517 3241 2597 eum)‘noceb‘is?

2051 2586 2109 2652 et
2137 2598 2188 2679 si
2219 2586 2858 2679 multiplicatae‘fuerint
2879 2586 3222 2679 iniquitates
3242 2591 3354 2643 tuae
3379 2586 3632 2660 (b.erro-

2050 2685 2143 2724 res
2174 2670 2285 2737 tui)
2317 2662 2457 2740 quid
2492 2669 2668 2724 facies
2695 2671 2901 2740 contra
2929 2662 3111 2740 eum?

1981 2739 2154 2824 Porro
2185 2741 2235 2796 si
2258 2729 2420 2824 justo
2451 2739 2666 2824 egeris,
2696 2737 2838 2811 quid
2871 2733 3120 2824 donabis
3150 2729 3242 2788 ei?

2051 2816 2152 2867 aut
2179 2805 2318 2882 quid
2344 2813 2414 2866 de
2445 2805 2622 2866 mvanu
2649 2805 2756 2865 tua
2784 2805 3074 2882 accipiet?

1979 2871 2212 2955 Homini
2245 2883 2327 2954 (b.
2359 2882 2526 2952 viro),
2558 2883 2658 2955 qui
2691 2871 3023 2938 similis'tui
3069 2877 3179 2942 est,
3227 2871 3459 2929 nocebit
3508 2871 3622 2926 im-

2049 2959 2458 3098 eiiiiiiﬁii‘ﬁf
2509 3024 2692 3098 ﬁlius)
2733 3021 2992 3098 hominis
3041 3017 3346 3090 adjuvabit
3386 3013 3622 3086 justitia

2122 3103 2226 3153 tua
2247 3094 2674 3167 (Alﬁjustitiam
2704 3094 2914 3167 tuam).

1986 3173 2226 3240 Propter
2246 3160 2682 3226 multitudinem
2740 3160 3234 3240 calumniatorum
3263 3160 3627 3216 clamabunt:

2055 3234 2116 3295 et
2141 3241 2449 3311 ejulabunt
2479 3243 2718 3311 propter
2745 3238 2861 3292 vim
2895 3234 3558 3311 brachiityrannorum.

1986 3311 2055 3367 Et
2085 3304 2199 3368 nou
2232 3312 2378 3368 dixit
2409 3329 2422 3367 :
2461 3304 2564 3368 Ubi
2589 3304 2679 3367 est
2709 3315 2879 3373 Deus,
2910 3307 3012 3380 qui
3042 3304 3317 3375 fecit’me,

2058 3384 2158 3466 qui
2192 3385 2355 3466 dedit
2381 3383 2464 3452 (b.
2499 3381 3054 3466 dans)_carmi_na.in
3089 3381 3302 3434 nocte?

1986 3454 2094 3519 Qui
2126 3456 2294 3511 docet
2321 3472 2430 3511 nos
2461 3470 2640 3525 super
2661 3454 3157 3525 jumentaterrm,

2057 3531 2114 3583 et
2144 3545 2324 3599 super
2351 3517 2615 3582 volucres
2637 3517 2766 3581 c'nali
2797 3523 2992 3599 erudit
3023 3517 3405 3594 (ALerudiet)
3436 3534 3564 3576 nos.

1989 3599 2072 3655 Ibi
2106 3595 2479 3663 clamabunt,
2511 3602 2568 3655 et
2595 3615 2712 3653 non
2745 3595 3034 3662 exaudiet,

2061 3675 2296 3741 propter
2325 3670 2660 3743 superbiam
2695 3669 3008 3743 malorum.

1988 3734 2114 3796 Non
2148 3734 2285 3813 ergo
2316 3734 2830 3813 (h.serumtamen)
2863 3741 3080 3794 frustra
3105 3734 3305 3813 audiet
3335 3739 3506 3813 Deus,

2059 3817 2116 3884 et
2145 3805 2517 3884 omnipotens
2547 3811 2910 3884 singulorum
2944 3824 3152 3884 causas
3185 3805 3532 3884 intuebitur.

1988 3883 2177 3940 Etiam
2209 3878 2343 3939 cum
2375 3883 2592 3940 dixeris
2621 3878 2899 3954 (h.Etiam
2932 3880 3073 3952 quia
3089 3878 3332 3949 dixisti):
3353 3881 3479 3932 Non
3501 3889 3640 3930 con-

2053 3956 2542 4097 judigzgtcoram
2575 4024 2698 4093 illo,
2727 4027 2784 4080 et
2812 4025 3096 4097 exspecta
3115 4037 3272 4097 eum.

295 4100 366 4151 ut
397 4090 836 4168 abscondantur
869 4099 884 4132 ί
922 4097 1000 4152 ibi
1035 4095 1139 4168 qui
1168 4097 1486 4163 operantur
1508 4094 1880 4164 iniquitatem
1990 4090 2158 4153 Nunc
2188 4099 2344 4154 enim
2380 4115 2494 4153 non
2528 4090 2704 4152 infert
2735 4090 2990 4168 furorem
3011 4090 3638 4167 (Al.judicium)suum,

217 4167 429 4238 Neque
460 4169 616 4224 enim
650 4167 804 4222 ultra
829 4168 886 4222 in
920 4167 1180 4223 hominis
1213 4168 1500 4234 potestate
1529 4169 1638 4237 est,

295 4245 365 4294 ut
394 4240 590 4295 veniat
621 4240 691 4294 ad
728 4244 906 4294 Deum
932 4239 989 4294 in
1014 4238 1333 4310 judicium.

217 4315 500 4368 Conteret
530 4310 750 4366 multos
770 4309 1258 4377 innumerabiles,

294 4390 354 4438 el
387 4387 543 4439 stare
576 4383 756 4437 fuciet
788 4383 934 4438 alios
966 4400 1071 4454 pro
1101 4383 1207 4437 eis.

217 4455 398 4511 Novit
431 4455 580 4510 enim
613 4469 791 4524 opera
821 4470 1020 4510 eorum
1047 4472 1061 4510 :

298 4530 357 4580 et
389 4527 608 4581 idcirco
639 4525 876 4581 inducet
906 4530 1161 4590 noctem,
1192 4531 1250 4582 et
1283 4526 1681 4582 conterentur.

219 4597 406 4662 Quasi
440 4598 652 4668 impios
685 4598 974 4667 percussit
1002 4614 1100 4653 eos
1135 4597 1196 4652 in
1228 4599 1353 4654 loco
1384 4595 1709 4650 videntium
1731 4635 1744 4648 .

219 4670 333 4734 Qui
368 4669 538 4740 quasi
569 4670 640 4724 de
665 4669 958 4740 industria
985 4675 1354 4726 recesserunt
1383 4669 1456 4724 ab
1489 4684 1578 4733 eo,

299 4746 358 4797 et
386 4739 593 4796 omnes
623 4739 746 4796 vias
774 4741 902 4808 eius
933 4740 1256 4812 intelligere
1280 4740 1615 4806 noluerunt,

220 4813 301 4870 Ut
333 4814 634 4884 pervenire
664 4812 924 4868 facerent
955 4813 1024 4868 ad
1058 4810 1190 4868 enin
1219 4813 1536 4870 clamorem
1569 4810 1762 4882 egeni,

297 4891 356 4940 et
381 4884 613 4941 audiret
643 4900 840 4940 vocem
876 4900 1225 4956 pauperum.

222 4961 362 5030 Ipso
396 4957 552 5012 enim
580 4956 960 5030 _concedente
1000 4955 1241 5028 pacem,
1294 4957 1428 5026 quis
1478 4959 1570 5012 est
1599 4955 1701 5026 qui
1737 4971 1882 5010 con-

297 5030 540 5084 demnet
576 5027 604 5080 ?

296 5117 365 5156 ex
399 5116 516 5171 quo
545 5098 915 5154 absconderit
943 5098 1197 5168 vultum,
1235 5098 1370 5170 quis
1401 5104 1490 5156 est
1511 5099 1608 5171 qui
1632 5101 1888 5154 contem-

372 5171 565 5243 pletur
598 5186 755 5225 eum.

296 5248 353 5299 et
372 5241 569 5313 super
598 5245 829 5312 gentem
860 5244 917 5313 et
943 5257 1123 5312 super
1153 5256 1359 5298 omnes
1390 5241 1708 5297 homines?

221 5315 336 5379 Qui
401 5312 645 5386 regnare
705 5312 847 5386 facit
901 5312 1198 5370 hominem
1245 5314 1606 5386 hypocritam
1653 5315 1890 5386 propter

373 5383 613 5458 peccata
648 5383 875 5456 populi.

307 5533 323 5565 ί
360 5529 564 5600 Monet,
583 5527 853 5584 Scholion
882 5529 1204 5600 marginale
1236 5548 1344 5586 ms.
1371 5531 1586 5587 codicis
1619 5529 1889 5600 Majoris-

223 5599 758 5663 Monasteriihunc
779 5599 1243 5657 versum’abesse
1265 5602 1324 5658 in
1359 5605 1596 5660 Hebraeo
1627 5619 1640 5657 :
1668 5602 1764 5656 sed
1789 5599 1888 5655 fal-

227 5691 338 5730 sus
360 5677 450 5728 est
473 5677 680 5728 auctor
714 5671 1133 5738 adnotationis,
1166 5678 1266 5728 aut
1296 5681 1447 5730 certe
1482 5693 1651 5731 usum
1682 5672 1889 5728 habuit

229 5744 430 5800 mutili
463 5761 528 5801 ac
560 5743 890 5816 imperfecti
922 5743 1186 5816 Hebraici
1217 5747 1585 5816 exemplaris.
1642 5746 1829 5801 Maa'r.

311 5819 332 5852 ²
355 5817 500 5875 Cum
529 5815 800 5888 Vulgatis
831 5814 1061 5888 Reginae
1094 5834 1206 5874 ms.
1239 5835 1306 5876 ne
1335 5814 1550 5875 desinas
1571 5818 1635 5874 ab
1667 5818 1887 5874 homine

2063 4187 2167 4225 nec
2195 4170 2500 4225 ulciscitur
2531 4169 2724 4224 scelus
2753 4167 2940 4223 valde.

1991 4240 2141 4312 Ergo
2171 4241 2280 4297 Job
2313 4242 2534 4296 frustra
2565 4241 2754 4312 aperit
2780 4256 2844 4295 os
2875 4253 3076 4312 suum,

2063 4307 2120 4369 et
2153 4314 2372 4384 absque
2403 4307 2646 4368 scientia
2675 4312 2850 4367 verba
2879 4307 3258 4382 multiplicat.

2209 4445 2413 4485 ADDENS
2451 4445 2671 4495 QUOQUE
2699 4443 2826 4484 suo
2859 4446 2976 4483 nam
3015 4442 3243 4482 LOCU'I‘US
3271 4439 3378 4500 ssr
3410 4435 3426 4479 :

1911 4493 1958 4558 Π
1996 4527 2160 4599 ((‘ap.
2198 4493 2848 4599 XXXVI.)VSustine_me
2895 4521 3226 4599 paululum,
3271 4495 3329 4599 e_t
3370 4519 3642 4599 indicabo

2141 4598 2245 4652 tibi
2275 4616 2288 4654 :
2323 4591 2514 4654 adhuc
2546 4598 2702 4654 enim
2736 4591 2922 4653 habeo
2953 4595 3109 4668 quod
3155 4610 3258 4666 pro
3288 4592 3406 4650 Deo
3436 4591 3647 4665 loquar

2069 4670 2178 4741 (Al.
2214 4671 2467 4741 prodens
2498 4671 2742 4740 loquar),

2000 4735 2279 4826 Repetam
2311 4735 2616 4798 scientiam
2654 4735 2843 4796 meam
2876 4737 3214 4812 (h.scientia
3245 4735 3394 4809 mea)
3425 4753 3461 4792 a
3493 4735 3646 4808 prin-

2138 4830 2289 4868 ClDlO

2067 4831 2518 4956 etcdgsgatorem
2551 4899 2747 4940 meum
2780 4881 3313 4956 probabojustum.

1995 4955 2140 5012 Vere
2168 4951 2322 5012 enim
2352 4959 2575 5027 absque
2607 4951 2911 5027 mendacio
2942 4969 3243 5027 sermones
3264 4951 3400 5023 mei,

2068 5032 2125 5083 et
2155 5029 2410 5100 perfecta
2440 5024 3058 5100 scientiaprobabitur
3085 5024 3213 5078 tibi.

1998 5093 2438 5226 Deus'gootentes
2469 5100 2551 5170 (b.
2603 5093 2730 5183 qui"
2760 5099 2932 5181 corde
2987 5101 3255 5168 potentes
3311 5093 3472 5165 sunt)
3524 5108 3641 5149 non

2138 5189 2172 5226 a
2217 5177 2362 5226 ιιοιι.
2389 5187 2520 5226 cum
2552 5175 2610 5226 et
2639 5187 2764 5226 inse
2794 5174 2872 5226 sit
2897 5174 3125 5226 potens.

2138 5170 2369 5247 abjicit,
2389 5187 2520 5247 cum
2552 5175 2610 5226 et
2627 5171 2764 5247 ipse
2794 5170 2872 5247 sit
2897 5174 3125 5247 potens.
3387 5237 3420 5247 __
3542 5238 3554 5247 ,
3597 5234 3609 5247 ,

1997 5242 2108 5298 Sed
2141 5237 2254 5298 no'n
2287 5243 2472 5299 salvat
2500 5237 2734 5314 impios,
2766 5246 2823 5297 et
2842 5237 3133 5312 judicium
3160 5237 3518 5310 pauperibus
3539 5237 3642 5291 tri-

2139 5315 2271 5370 buit
2302 5315 2413 5382 (AI.
2447 5314 2714 5385 tribuet,)

1996 5385 2120 5442 Non
2153 5387 2378 5443 auferet
2408 5389 2428 5422 ³
2459 5404 2492 5442 a
2518 5387 2680 5456 justo
2698 5383 2911 5440 oculos
2943 5399 3106 5451 suos,

1997 5532 2336 5614 ξηξᾳιιξιαιξις.
2373 5530 2545 5586 Hebr.
2578 5531 2646 5585 ad
2682 5526 3022 5594 verbum,ad
3051 5522 3487 5597 respondendum
3507 5523 3644 5579 viris

1998 5608 2658 5740 ml’qghtgduscholiastes
2690 5670 2912 5726 mavult
2940 5671 2999 5726 in
3031 5667 3271 5726 instanti
3301 5665 3509 5740 aufert,
3537 5671 3648 5724 Pa-

1999 5745 2161 5804 latin.
2195 5761 2426 5818 quoque
2459 5762 2568 5800 ms.
2607 5743 2855 5816 prmfcrt.
