4050 6182
275 167 412 225 1177

345 299 450 350 aut
479 293 613 369 quis
645 292 873 369 dimisit
901 293 1155 369 lapidem
1191 294 1527 367 angularem
1559 298 1712 369 ejus,

273 367 420 424 Cum
457 382 548 421 me
581 366 889 420 laudarent.
919 366 1098 421 simul
1132 366 1290 422 astra
1322 366 1637 437 matutina,

347 443 407 510 et
428 437 756 510 jubilarent
787 454 988 493 omnes
1022 437 1126 492 filii
1159 439 1305 494 Dei?

274 509 417 577 Quis
448 509 736 564 conclusit
767 509 934 564 ostiis
971 526 1152 576 mare,

349 581 584 652 quando
614 581 961 655 erumpebat
988 581 1158 655 quasi
1211 582 1282 637 de
1319 581 1521 638 vulvas
1554 585 1877 655 procedens
1909 599 1922 639 :

283 655 428 709 Cum
462 668 742 725 ponerem
763 654 978 707 nubem
1001 653 1426 725 vestimentum
1460 653 1608 725 ejus,

348 729 405 780 et
422 722 671 792 caligine
684 722 830 795 illud
846 723 1012 795 quasi
1026 727 1242 795 pannis
1260 722 1520 781 inl‘antié
1534 725 1930 782 obvolverem?

287 794 663 851 Circumdedi
693 793 836 850 illud
864 793 1135 851 terminis
1168 796 1336 866 meis,

353 871 411 923 et
442 866 610 938 posui
639 871 888 938 vectem,
928 871 984 922 et
1014 867 1164 938 ostia
1191 884 1205 923 :

279 943 356 994 Et
385 938 530 1064 dixit
559 953 573 992 :
610 937 806 1009 Usque
835 937 950 993 huc
983 937 1197 1008 venies,
1237 942 1294 994 et
1331 955 1445 996 non
1497 939 1775 1012 procedes
1805 956 1928 996 am-

358 1027 393 1064 n
422 1025 536 1064 tus.

422 1025 536 1076 ius,

358 1027 604 1136 Ριὲιίῗῦἰο
635 1079 970 1152 confringes
999 1084 1296 1136 tumentes
1327 1083 1538 1138 ﬂuctus
1573 1086 1708 1138 tuos

277 1151 556 1224 Nunquid
587 1151 945 1224 postrortum
977 1155 1145 1224 tuum
1179 1155 1506 1224 praecepisti
1537 1153 1822 1221 diluculo,

351 1228 408 1280 et
437 1223 746 1278 estendisti
777 1240 1000 1278 aurorae
1032 1223 1229 1279 locum
1263 1223 1435 1281 suum
1461 1224 1485 1280 ?

277 1299 354 1352 Et
383 1293 625 1350 tenuisti
656 1297 994 1350 concutiens
1025 1301 1286 1353 extrema
1314 1301 1500 1364 terrae,

354 1371 414 1420 et
433 1365 745 1421 excussisti
777 1367 986 1437 impios
1017 1383 1086 1422 ex
1115 1383 1184 1423 ea
1206 1368 1233 1422 ?

279 1437 649 1512 Restituetur
674 1437 755 1512 (_b.
789 1437 1079 1512 Vertetur)
1114 1444 1176 1493 ut
1205 1439 1396 1494 lutum
1428 1439 1831 1512 signaculum,

356 1515 415 1565 et
445 1509 628 1564 stabit
656 1509 811 1564 sicut
839 1509 1259 1566 vestimentum
1289 1526 1304 1566 :

281 1581 601 1652 Auferetur
625 1579 696 1634 ab
727 1579 925 1652 impiis
946 1581 1045 1636 lux
1076 1598 1206 1648 sua,

359 1656 418 1707 et
447 1650 753 1724 brachium
783 1650 1075 1708 excelsum
1108 1652 1529 1724 confringetur.

287 1723 572 1796 Nunquid
605 1722 910 1796 ingressus
940 1741 1002 1780 es
1035 1725 1323 1796 profunda
1347 1722 1554 1778 maris.

356 1800 414 1850 et
444 1795 503 1850 in
537 1795 877 1867 novissimis
904 1795 1097 1867 abys’si
1129 1795 1522 1867 deambulasti
1543 1799 1568 1849 .9

279 1866 560 1950 Nunquid
596 1872 806 1950 apertas
837 1867 946 1922 tibi
975 1866 1323 1950 suntportaa
1357 1866 1584 1934 mortis,

357 1943 416 1993 et
446 1938 597 1993 ostia
625 1939 935 1993 tenebrosa
965 1938 1207 1993 vidisti?

276 2009 562 2135 Nunquid
593 2009 1017 2136 cgnsiderastis
1046 2009 1391 2066 latitudines
1422 2008 1930 2083 (Al,latitudincm)

465 2097 604 2136 erras

436 2086 604 2136 terrae

355 2151 550 2207 indica
578 2151 744 2220 mihi,
777 2151 827 2208 si
861 2151 1036 2222 nosti,
1067 2152 1288 2223 omnia,

288 2223 358 2280 In
391 2239 504 2296 qua
533 2224 628 2279 via
657 2223 881 2278 habitet
910 2224 1030 2296 lux,

359 2294 421 2367 et
450 2297 826 2350 tenebrarum
857 2296 992 2367 quis
1021 2295 1186 2350 locus
1216 2294 1295 2350 sit
1327 2310 1340 2350 :

283 2365 364 2422 Ut
395 2366 596 2448 ducas
626 2365 1093 2439 unumquodque
1141 2367 1249 2438 (Al.
1301 2366 1806 2438 unumquemque)
1856 2367 1928 2423 ad

427 2443 712 2509 terminos
739 2455 900 2509 suos,

353 2512 411 2564 et
440 2507 732 2581 intelligas
763 2507 1008 2566 semitas
1039 2509 1253 2564 domus
1282 2509 1431 2580 ejus.

283 2581 528 2637 Sciebas
557 2580 698 2636 tunc
729 2582 887 2653 quod
920 2581 1256 2636 nasciturus
1285 2596 1444 2636 esses
1463 2580 1492 2634 ?

359 2657 414 2706 et
445 2650 763 2708 numerum
789 2653 1016 2708 dierum
1047 2658 1282 2724 tuorum
1315 2667 1558 2707 noveras
1589 2650 1672 2722 [h,
1706 2651 1930 2724 nosti]?

285 2722 571 2795 Nunquid
605 2723 910 2796 ingressus
935 2741 1003 2796 es
1026 2723 1543 2796 thesaurosnivis,

358 2801 461 2850 aut
490 2795 798 2852 thesauros
829 2795 1134 2867 grandinis
1165 2795 1492 2867 aspexisti?

278 2865 420 2930 Quae
448 2867 762 2938 praeparavi
797 2864 858 2922 in
886 2873 1135 2938 tempus
1157 2864 1342 2923 hostis
1374 2865 1487 2938 (Al.
1521 2864 1724 2937 hosti),

348 2937 412 2994 in
448 2937 602 2994 diem
639 2955 845 3010 pugnis
879 2943 936 2994 et
961 2937 1146 3010 belli?

272 3009 594 3082 Periquam
627 3009 780 3065 viam
812 3009 1110 3082 spargitur
1138 3009 1259 3076 lux,

352 3081 632 3137 dividitur
661 3087 837 3138 aestus
869 3081 1183 3154 (b.7urens,
1220 3082 1272 3135 id
1327 3085 1434 3148 est,
1484 3082 1715 3153 ventus)
1751 3097 1928 3153 super

424 3157 641 3208 terram
663 3155 691 3208 ?

281 3222 428 3288 Quis
458 3224 620 3280 dedit
645 3223 1167 3280 vehementissimo
1197 3221 1375 3278 imbri
1406 3239 1669 3290 cursum,

354 3299 412 3349 et
444 3295 596 3350 viam
629 3296 893 3352 sonantis
924 3296 1187 3359 tonitrui,

281 3365 364 3439 Ut
390 3367 620 3439 plueret
650 3384 826 3438 super
856 3373 1068 3439 terram
1092 3369 1315 3439 absque
1346 3365 1604 3433 homine,

350 3437 409 3492 in
445 3439 698 3504 deserto,
726 3437 830 3494 ubi
863 3437 1064 3494 nullus
1108 3437 1443 3494 mortalium
1493 3447 1927 3508 commoratur;

273 3507 350 3564 Ut
384 3509 658 3582 impleret
687 3510 902 3565 inviam
936 3516 993 3565 et
1023 3509 1345 3566 desolatam
1388 3510 1495 3577 (Al.
1529 3516 1638 3565 lac.
1667 3515 1724 3565 et
1754 3507 1925 3567 desoé

349 3655 366 3688 ι
401 3653 598 3708 Nostri
637 3671 842 3710 omnes
874 3671 1018 3711 mss.
1049 3658 1101 3709 et
1128 3652 1465 3724 superﬁcies,
1493 3657 1602 3708 etc.
1639 3669 1743 3724 pro
1770 3661 1819 3709 et
1837 3657 1922 3724 [a-

273 3731 388 3779 cles
402 3724 642 3796 legunt.

346 3796 368 3830 ³
401 3793 711 3867 Exémplar
731 3796 1280 3867 San-Germanense
1299 3793 1556 3867 canonis
1579 3795 1703 3865 jam
1726 3813 1927 3852 emen-

269 3865 504 3934 datum,
554 3865 630 3923 ad
677 3868 982 3923 nebulam:
1019 3873 1192 3923 antea
1241 3865 1470 3937 legebat
1516 3883 1648 3922 cum
1701 3869 1926 3925 caeteris

265 3937 551 3994 omnibus
583 3956 754 4009 mss.,
787 3942 847 3994 in
878 3940 1099 3995 nebula.
1132 3943 1316 3995 MART.

342 4043 368 4116 ξ
396 4044 666 4100 Notabile
697 4050 786 4101 est
817 4063 932 4116 prae
968 4045 1168 4101 multis
1200 4043 1462 4101 scholion
1515 4045 1671 4099 istud
1708 4046 1924 4116 margi-

271 4115 435 4180 nale,
469 4118 607 4188 quia
638 4115 846 4172 nullib’i
878 4117 1000 4173 sive
1029 4118 1086 4172 in
1115 4117 1360 4183 Lexicis,
1395 4117 1514 4171 sive
1545 4118 1700 4187 apud
1736 4115 1923 4172 inter-

273 4191 472 4312 grates
504 4188 652 4272 hanc
682 4188 1134 4273 significantiam
1157 4190 1409 4270 Hebraeae
1431 4187 1774 4271 vocjsrjm't:
1793 4190 1922 4244 lub-

313 4263 406 4312 olh
435 4275 693 4312 Invenire
725 4267 906 4312 notm.
941 4260 1159 4312 Volunt
1187 4261 1426 4312 quidem
1467 4263 1650 4312 crtt1c1
1681 4261 1922 4312 verbum

313 4263 406 4313 01a
435 4259 693 4316 invenire
725 4259 906 4332 potui.
941 4260 1159 4332 Volunt
1187 4259 1426 4331 quidem
1467 4259 1650 4332 critici
1681 4261 1922 4316 verbum

269 4339 463 4403 mnu,
495 4347 597 4387 seu
647 4331 838 4393 mnus
892 4331 1228 4403 signiﬁcare
1274 4331 1585 4403 praecordia
1629 4336 1686 4386 et
1741 4349 1924 4402 renes,

271 4401 596 4458 abscondita
615 4409 672 4458 et
692 4405 907 4458 occulta
942 4401 977 4458 ;“
991 4407 1047 4458 at
1077 4404 1147 4458 de
1168 4402 1466 4457 visceribus
1495 4418 1717 4458 ovorum
1737 4401 1920 4460 altum
1951 4404 1998 4471 D

270 4473 430 4546 apud
464 4474 597 4529 illos
620 4491 783 4546 teque
814 4491 878 4530 ac
901 4476 1055 4546 apud
1085 4475 1424 4529 Judzeorum
1448 4475 1713 4546 doctores
1741 4475 1916 4531 silen-

269 4545 447 4619 tium.
481 4546 641 4600 Sicut
669 4545 806 4619 ergo
839 4545 995 4602 renes
1025 4546 1398 4619 appellantur
1441 4545 1668 4619 lubholh
1700 4553 1802 4602 aut
1829 4551 1916 4602 lu-

266 4615 439 4688 cholh
471 4621 710 4688 propter
729 4615 961 4688 adipem
983 4615 1259 4688 quo'sunt
1288 4617 1522 4672 obducti
1549 4621 1708 4672 velut
1737 4624 1914 4674 tecto-

270 4687 485 4751 rio,ita’
507 4687 898 4745 meditulliu’m
924 4687 1221 4745 etluteum
1247 4705 1483 4743 ovorum
1520 4689 1726 4744 merito
1747 4700 1914 4752 mm:

267 4757 506 4832 lultholh
535 4760 899 4832 denominari
935 4766 1182 4831 possunt
1211 4761 1268 4816 in
1302 4760 1502 4832 lingua
1534 4760 1815 4816 Hebraica
1845 4763 1916 4818 ab

268 4830 660 4905 absconsione
708 4839 766 4888 et
818 4830 1290 4905 tegumentorum
1344 4830 1913 4905 superinductione:

266 4919 483 4957 nomen
509 4903 663 4958 enim
701 4904 935 4959 tuli/iolla
959 4905 1256 4960 derivatur
1285 4921 1316 4958 a
1350 4903 1542 4958 radice
1576 4913 1692 4962 mu
1726 4906 1914 4960 tua/th.

261 4990 396 5100 quas
427 4973 684 5046 oblinire,
715 4975 984 5031 obducere
1013 4980 1069 5031 et
1099 4978 1413 5030 incrustare
1445 4976 1917 5046 signiticat.Gau-

305 5053 400 5100 eat
431 5063 588 5100 nunc
620 5046 800 5100 lector
827 5046 1100 5100 curiosus
1127 5048 1463 5100 restitutam
1496 5047 1608 5100 sibi
1641 5046 1822 5100 fuisse
1845 5049 1916 5100 ab

305 5053 400 5100 eat
431 5063 588 5102 nunc
620 5046 800 5102 lector
827 5046 1100 5102 curiosus
1127 5048 1463 5102 restitutam
1496 5047 1608 5102 sibi
1641 5046 1822 5103 fuisse
1845 5049 1916 5103 ab

261 5116 963 5190 scholiasteiperantiquo
996 5118 1242 5175 Hebraeae
1273 5117 1551 5172 dictionis
1576 5118 1915 5189 signiﬁcan-

264 5188 412 5315 tiam
447 5188 896 5316 gfculiaremmc
924 5205 1108 5261 usque
1138 5188 1664 5262 impraesentiarum
1693 5191 1919 5247 inaudi-

289 5276 409 5315 am.
504 5279 633 5316 aa'r.
1138 5305 1146 5311 ι

262 5264 409 5315 tam.
447 5264 633 5318 Man'r.

333 5397 404 5406 --
435 5367 596 5430 Quod
633 5373 794 5424 notat
827 5368 1175 5424 scholiastes
1231 5385 1328 5438 pro
1382 5370 1442 5423 in
1492 5369 1791 5424 visceribus
1820 5370 1914 5424 ho-

259 5440 448 5504 minis,
475 5440 531 5493 in
568 5441 808 5495 Hebraeo
840 5458 988 5502 esse,
1024 5442 1084 5495 in
1115 5440 1418 5496 visceribus
1456 5456 1699 5506 ovorum,
1739 5458 1913 5495 unam

263 5513 464 5564 textus
491 5528 688 5584 vocem
724 5512 874 5567 hanc
907 5512 1082 5566 habet
1112 5522 1318 5571 mmo:
1367 5529 1504 5584 quze
1546 5511 1640 5565 hic
1674 5512 1911 5584 quidem

261 5582 570 5651 praecordia
605 5584 789 5654 magis
834 5584 1090 5648 placeret
1138 5583 1508 5654 interpretari
1564 5582 1705 5639 cum
1750 5586 1910 5640 Aben

260 5657 428 5719 Ezra,
464 5670 642 5724 quam
681 5663 745 5710 ut
776 5655 912 5711 alibi
947 5656 1297 5725 renes,quod
1331 5655 1636 5714 cordi,ncn
1673 5657 1911 5710 renibus

267 5727 562 5794 sapientia
594 5727 865 5784 insideat.
900 5728 1181 5784 Creterum
1231 5726 1516 5798 quidquid
1567 5733 1909 5798 coopertum

264 5800 355 5871 est
385 5801 561 5870 atque
590 5799 1025 5870 absconditum,
1058 5803 1232 5871 atque
1254 5797 1530 5856 adeo’bas
1559 5797 1720 5872 ipsas
1743 5798 1910 5872 peni-

1781 174 1994 228 LIBER
2031 174 2176 228 JOB.

1953 299 2010 366 A

3548 176 3684 232 1178

2183 299 2407 372 latam),

2110 376 2170 444 et
2199 370 2544 444 produceret
2573 370 2784 426 herbas
2815 371 3068 428 virentes
3089 371 3117 427 ?

2035 443 2186 515 Quis,
2204 443 2298 499 est
2329 444 2538 514 pluvia;
2571 450 2734 515 pater
2755 444 2782 498 Ἰ

2104 513 2193 570 vel
2225 513 2782 586 qui’genuit‘stillas
2812 513 3009 586 roris?

2034 590 2118 642 De
2147 584 2318 657 cujus
2352 584 2514 642 utero
2543 603 2780 658 egressa
2810 593 2898 640 est
2928 584 3144 656 glacies
3163 587 3192 641 ?

2109 662 2166 712 et
2194 658 2326 730 gelu
2359 657 2602 730 degcmlo’
2623 657 2767 730 quis
2799 658 3047 728 genuit?

2040 731 2104 785 In
2137 729 2586 785 similitudinem
2620 729 2833 800 lapidis
2864 745 3028 799 aquae
3063 729 3372 796 durantur,

2111 805 2168 856 et
2202 801 2379 857 facies
2413 802 2429 836 ¹
2462 801 2660 872 abyssi
2693 800 3137 872 constringitur.

2039 871 2331 944 Nunquid
2353 871 2708 943 conjungere
2729 871 2950 926 valebis
2966 871 3256 927 micantes
3283 871 3484 927 stellas
3503 872 3685 928 Pleia-

2183 945 2289 999 das
2319 944 2426 1015 (Al.
2461 944 2746 1013 Plyades),

2113 1021 2216 1071 aut
2244 1011 2451 1087 gyrum
2483 1011 2968 1087 Arcturi’poteris
2999 1011 3330 1084 dissipare?

2039 1085 2317 1158 Nunquid
2340 1087 2614 1159 producis
2636 1085 3050 1158 (ALproduces,
3077 1085 3684 1158 Luciferum(b.astra)

2183 1159 2240 1214 in
2274 1164 2536 1230 tempore
2567 1175 2696 1222 suo,

2112 1233 2168 1283 et
2199 1227 2504 1302 vesperum
2536 1247 2715 1302 super
2744 1227 2896 1282 filios
2924 1231 3097 1302 terrae
3127 1243 3479 1298 consurgere
3498 1229 3685 1285 facis?

2041 1298 2318 1373 Nunquid
2350 1298 2801 1373 nostiiordinem
2834 1298 2986 1373 coeli,

2115 1369 2388 1444 et'pones
2420 1372 2701 1429 rationem
2734 1373 2861 1444 ejus
2894 1371 2952 1444 in
2984 1369 3190 1444 terra?

2041 1439 2318 1516 Nunq'uid
2354 1444 2609 1500 elevabis
2652 1445 2709 1499 in
2744 1439 2955 1498 nebula
2979 1439 3101 1511 9(b.
3123 1442 3193 1497 ad
3218 1441 3459 1516 nubem)
3484 1459 3682 1500 vocem

2111 1513 2298 1588 tuam,
2326 1521 2383 1571 et
2412 1517 2668 1588 impetus
2700 1530 2987 1588 aquarum
3014 1516 3236 1584 operiet
3267 1513 3366 1569 te?

2039 1586 2316 1659 Nunquid
2351 1585 2549 1642 mittes
2582 1585 2926 1659 fulgura,r_e_t
2953 1585 3140 1659 ibunt,

1961 1667 2009 1732 Β
2052 1728 2072 1732 _
2111 1664 2168 1732 et
2194 1656 2546 1732 revertentia
2577 1656 2772 1732 dicent
2802 1657 2908 1732 tibi
2947 1674 2959 1711 :
2990 1656 3342 1732 Adsumus?

2041 1728 2146 1793 Qui
2180 1730 2374 1802 posuii
2408 1731 2463 1785 in
2501 1729 2822 1786 visceribus
2881 1728 3140 1783 hominis
3195 1727 3216 1761 ³
3274 1727 3355 1800 (h.
3415 1728 3684 1800 ovorum)

2183 1801 2576 1873 Sapientiam?

2109 1872 2198 1928 vel
2230 1869 2362 1944 quis
2394 1875 2553 1929 dedit
2581 1871 2732 1944 gallo
2763 1869 3230 1944 intellligentiam
3267 1887 3280 1926 :

2040 1943 2182 2011 Quis
2211 1943 2505 2001 enerrabit
2534 1943 2814 2001 cmlorum
2848 1943 3154 2012 rationem,

2110 2021 2167 2071 et
2196 2022 2542 2072 concentum
2578 2015 2705 2070 coeli
2738 2015 2873 2087 quis
2903 2014 3158 2070 dormire
3189 2013 3406 2087 faciet?

2039 2088 2280 2152 Quando
2314 2088 2670 2143 fundebatur
2699 2085 2780 2158 (b‘.
2833 2087 3122 2158 funditur)
3174 2085 3365 2158 pulvis
3400 2085 3473 2158 in
3506 2087 3684 2158 terra,

2111 2165 2168 2214 et
2196 2158 2382 2230 glebas
2409 2156 2968 2231 conpingebantur_‘
3000 2157 3080 2227 (b.
3115 2156 3533 2229 compingitur)
3564 2156 3591 2210 ?

2037 2229 2317 2314 Nunquid
2347 2229 2546 2314 capies
2575 2229 2766 2314 lefenze
2801 2229 3093 2312 praedam,
3206 2297 3220 2314 τ
3265 2298 3276 2314 ’
3309 2298 3319 2308 υ

2181 2297 2238 2358 et
2267 2297 2524 2358 animum
2558 2297 2888 2358 catulorum
2921 2301 3048 2370 ejus
3080 2297 3379 2369 implebis,

2039 2374 2278 2438 Quando
2311 2375 2529 2429 cubant
2558 2373 2617 2428 in
2652 2371 2859 2440 antris,
2892 2379 2943 2427 et
2972 2372 3030 2426 in
3079 2370 3374 2442 specubus
3402 2370 3511 2439 (Al.
3545 2384 3678 2440 spe-

2180 2446 2352 2517 culis)
2383 2445 2744 2502 insidiantur
2769 2443 2796 2499 ?
3225 2451 3232 2457 '

2038 2516 2180 2582 Quis
2214 2516 2697 2589 przeparatcorvo
2729 2531 2920 2589 escam
2951 2531 3144 2589 sua_m_,

2109 2583 2350 2659 quando
2375 2588 2520 2659 pulli
2551 2589 2680 2658 ejus
2710 2587 2971 2659 clamant
2997 2586 3068 2640 ad
3091 2585 3314 2659 ADeum,
3343 2585 3622 2655 vagantes
3640 2583 3682 2653 ⁵,

2178 2677 2244 2716 eo
2277 2656 2432 2730 quod
2466 2656 2595 2714 noni
2612 2659 2869 2730 habeant
2899 2657 3060 2730 cibos
3087 2656 3112 2709 ?

2039 2730 2194 2800 (Cap.
2229 2725 2500 2802 XXXIX.)
2530 2729 2808 2802 Nunquid
2842 2728 2996 2802 nosti
3047 2732 3283 2802 tempus
3332 2730 3538 2798 partus
3570 2725 3682 2779 ibi-

2181 2819 2315 2878 cum
2350 2803 2457 2878 (Al.
2485 2799 2812 2872 hircorum)
2843 2799 3191 2878 in‘petris,”

2109 2873 2195 2946 vcl
2222 2869 2612 2946 parturientes
2644 2869 2841 2928 cervas
2873 2869 3193 2926 observasti
3220 2869 3247 2922 Τ

2111 2943 2508 3000 Dinumerasti
2543 2960 2776 3000 menses
2806 2946 3122 3013 conceptus
3151 2956 3379 3006 earum,

2108 3021 2165 3071 et
2194 3016 2356 3072 scisti
2389 3022 2620 3088 tempus
2655 3020 2857 3086 partus
2888 3029 3088 3088 earum
3112 3013 3140 3068 ?

2038 3088 2423 3143 lncurvantur
2453 3085 2530 3142 ad“
2559 3085 2763 3156 fetum,
2795 3090 2852 3140 et
2884 3085 3142 3158 pariunt,

2101 3163 2160 3214 et
2187 3160 2414 3230 rugitus
2445 3159 2744 3214 emittunt.

2030 3229 2388 3299 Separantur
2416 3231 2518 3285 filii
2553 3247 2778 3297 earum,

2103 3307 2353 3373 pergunt
2384 3303 2455 3357 ad
2487 3307 2722 3374 pastum
2750 3320 2763 3367 ;

2101 3371 2506 3445 egrEdiuntur,
2540 3378 2598 3428 et
2630 3390 2742 3428 non
2777 3375 3146 3427 revertuntur
3174 3371 3246 3426 ad
3279 3385 3398 3425 eas.

2029 3444 2170 3508 Quis
2196 3444 2422 3500 dimisit
2451 3461 2738 3508 onagrum
2769 3443 3041 3508 liberum,

2081 3462 2170 3498 lllS
2196 3460 2422 3498 αιωιειῐ,
2451 3461 2738 3498 ΟΠΗΕΙὍΙΪΙ
2771 3460 3017 3498 ΙΙΟΒῙἪΠΙ

2100 3462 2170 3499 ns
2196 3461 2422 3500 armis".
2451 3461 2738 3516 onagrum
2771 3461 3041 3512 nnerum,

2100 3522 2157 3572 et
2185 3517 2415 3572 vincula
2446 3518 2572 3587 ejus
2605 3517 2683 3583 (b.
2718 3515 2935 3572 eteberi
2966 3516 3007 3585 ⁸)
3041 3514 3174 3586 quis
3209 3513 3429 3569 solvit?

2028 3641 2292 3714 tissimas
2322 3641 2589 3714 corporis,
2616 3645 2810 3713 partes
2843 3643 3024 3714 notat,
3061 3656 3165 3714 nec
3199 3639 3309 3693 nisi
3340 3655 3407 3692 ex
3437 3637 3570 3714 ejus
3598 3638 3678 3692 si-

2031 3709 2734 3784 gniﬁcationis-analogia
2784 3713 3010 3783 Opinor,
3064 3712 3135 3766 ad
3183 3726 3421 3765 ovorum
3467 3709 3676 3764 intima

2029 3785 2417 3850 signiﬁcanda
2449 3801 2618 3854 posse
2651 3784 2882 3838 deduci.

2102 3856 2122 3889 ‘
2153 3858 2214 3910 In
2245 3849 2484 3910 Hebraeo
2530 3864 2695 3940 ’φὶ-τη
2730 3863 2922 3919 ενι-ππ,
2973 3852 3230 3940 urqabiai
3276 3849 3671 3940 jcdubacuLgid

2032 3946 2118 3998 est
2145 3945 2194 3996 el
2223 3941 2406 4012 glebae
2437 3937 2949 4012 com-pingebaulur,
2985 3946 3049 3994 ut
3097 3938 3316 4012 Optime
3345 3938 3514 4012 vertit
3543 3937 3675 4012 Hie-

2029 4009 2333 4083 ronymus.
2387 4009 2628 4068 Fallitur
2658 4009 2939 4083 'proinde
2987 4010 3332 4066 scholiastes
3399 4009 3491 4063 hic
3539 4009 3672 4077 loci,

2031 4085 2172 4139 dum
2205 4102 2307 4156 pro
2340 4084 2550 4155 plurali
2579 4086 2818 4139 verbum
2853 4085 2909 4138 in
2942 4083 3227 4156 singulari
3260 4098 3507 4154 persona
3529 4083 3673 4135 sub-

2031 4157 2273 4212 stituere
2305 4157 2547 4211 curavit.
2582 4159 2762 4210 MART.

2101 4229 2122 4261 ⁵
2154 4228 2384 4283 Rectius
2419 4228 2592 4282 videri
2632 4228 2813 4295 possit
2843 4226 3033 4296 legere
3083 4242 3215 4280 eum
3272 4224 3412 4278 Sixti
3444 4223 3510 4288 V,
3545 4223 3671 4278 edi-

2032 4299 2194 4354 tione
2226 4300 2544 4370 paucisque
2577 4299 2707 4353 aliis
2738 4298 2988 4368 vulgatis
3022 4298 3188 4352 libris
3233 4296 3533 4370 Palatinus
3563 4312 3671 4350 ms.

2033 4368 2315 4441 vagientes
2347 4368 2464 4442 pro?
2485 4380 2740 4442 vagantes
2762 4389 2784 4434 ;
2816 4387 2949 4424 curn
2982 4371 3174 4442 vagire
3195 4368 3429 4442 quidem
3457 4383 3562 4420 suo
3584 4372 3677 4420 ut-

2031 4439 2262 4513 cunque
2295 4439 2489 4510 In—odo,
2525 4439 2766 4497 minime
2796 4458 2927 4496 vero
2958 4440 3152 4511 vagari
3203 4439 3431 4513 possint
3475 4455 3676 4513 corvo-

2029 4509 2336 4585 rum'pulli
2371 4514 2770 4583 implumes,ct
2802 4509 3106 4583 parentum
3132 4509 3240 4582 ope
3271 4509 3675 4585 de_stituti.Ni-

2030 4579 2344 4642 hilosécius
2373 4591 2430 4640 et
2460 4579 2737 4640 Hebrazus
2767 4579 2921 4648 tum,
2953 4588 3010 4637 et
3031 4579 3263 4637 Graecus
3293 4579 3668 4652 πλανώμενοι,

2026 4662 2282 4726 vagantes
2311 4657 2597 4727 scriptum
2642 4674 2674 4711 a
2723 4657 2780 4712 S.
2836 4656 3154 4726 interprete
3195 4653 3490 4709 evincunt.
3525 4654 3670 4708 Puta

2025 4733 2222 4783 autem
2257 4729 2315 4782 in
2350 4728 2476 4799 ipso
2507 4733 2763 4795 vagantes
2794 4728 2928 4782 nido
2961 4727 3098 4782 dici.

2097 4801 2117 4833 ⁸
2146 4797 2524 4870 Septuaginta
2553 4817 2618 4854 ac
2655 4799 3043 4870 Hieronymus
3075 4810 3192 4860 N19
3224 4802 3279 4852 et
3310 4807 3464 4870 "my,
3497 4797 3670 4870 Puere

2025 4874 2082 4924 et
2110 4871 2266 4926 arod.
2303 4869 2632 4941 promiscue
2679 4869 2998 4941 accipiunt,
3053 4869 3510 4941 tanquamrsint
3553 4869 3668 4941 duo

2027 4943 2266 4998 nomina
2295 4938 2561 5012 ejusdem
2596 4945 2724 4997 form
2755 4938 2820 4998 et'
2844 4942 3083 5012 pecudis
3122 4940 3402 4995 silvestris
3437 4956 3448 4994 :
3478 4938 3668 5012 Sebo-

2022 5011 2203 5068 lastes
2232 5010 2363 5069 vero
2394 5014 2552 5068 aliud
2593 5031 2781 5085 genus
2821 5010 3096 5068 animalis
3146 5013 3404 5067 indicare
3433 5010 3666 5085 videtur

2027 5100 2272 5156 monens
2305 5102 2406 5154 pro
2439 5080 2676 5140 relativo
2707 5088 2830 5156 ejus
2873 5087 3026 5153 quod
3077 5100 3344 5154 onagrum
3405 5080 3662 5156 respicit,

2022 5154 2084 5211 in
2117 5151 2357 5212 Hebraeo
2387 5174 2514 5213 esse
2542 5151 2768 5223 elebers,
2802 5158 2860 5211 id
2879 5151 2974 5222 est,
3010 5165 3144 5218 ηππν
3167 5151 3310 5210 arod
3341 5170 3440 5208 seu
3473 5151 3666 5220 gurod,

2027 5243 2202 5298 quam
2235 5245 2433 5284 vocem
2461 5230 2659 5284 Latine
2690 5229 2859 5283 vertit
2891 5230 3190 5282 eleborum.
3220 5227 3391 5280 Nunc
3417 5225 3555 5298 quid
3583 5223 3666 5277 sic

2024 5295 2271 5354 eleborus
2301 5317 2411 5354 non
2449 5319 2763 5370 possumus
2795 5301 3074 5356 divinare.
3108 5299 3247 5370 quia,
3277 5313 3380 5370 nec
3411 5295 3539 5349 vola
3564 5310 3666 5347 nec

2024 5371 2332 5441 vestigium
2370 5369 2546 5436 huius
2582 5372 2838 5427 nominis
2864 5369 3131 5440 apparuit
3162 5369 3328 5441 nobis
3362 5369 3417 5421 in
3454 5383 3668 5441 magna

2024 5440 2308 5497 librorum
2356 5443 2755 5510 multitudine,
2805 5460 2951 5513 quos
2995 5440 3403 5511 investigando
3454 5440 3671 5513 frustra

2024 5513 2397 5587 revolvin‘ius.
2431 5517 2595 5570 Credi
2638 5509 2867 5587 quoque
2900 5513 3044 5567 nihil
3083 5509 3234 5587 vetat
3264 5527 3459 5587 errore
3490 5509 3664 5587 libra:

2025 5584 2243 5659 riorum
2280 5593 2612 5659 corruptam
2657 5581 2730 5640 ad
2776 5581 2891 5659 ἠυξ
2945 5585 3278 5659 pervenisse
3313 5581 3665 5659 ‘bujusmodi

2023 5656 2356 5722 lectionem,
2402 5653 2472 5713 et'
2510 5675 2610 5728 pro
2660 5658 2887 5719 etebcri,
2940 5653 3083 5710 torte
3125 5655 3449 5728 legendum
3489 5653 3544 5728 id
3589 5657 3668 5706 est

2019 5729 2254 5799 feri,aut
2287 5730 2426 5802 quid
2463 5725 2675 5786 simile.
2698 5731 3027 5786 Uoctiorum
3055 5728 3145 5784 hic
3171 5725 3664 5855 adsiltujudicium.

3358 5813 3486 5853 ΛΒΤ.

3358 5813 3486 5853 ΛΒΤ.
