4050 6182
404 196 542 251 1179

403 322 504 380 Cui
537 322 670 377 dedi
706 321 762 376 in
795 321 1408 390 solitudinexdomum,

475 398 532 450 et
563 394 934 448 tabernacula
964 383 1180 465 ejusin
1214 397 1368 448 terra
1393 383 1731 465 salsuginis.

401 465 734 523 Contemnit
767 464 1204 520 multitudinem
1240 465 1511 534 civitatis,

478 538 786 608 clamorem
821 536 1107 591 exactoris
1143 553 1256 591 non
1289 538 1475 608 audit(
1503 540 1578 592 al.
1613 537 1878 608 audivit).

401 607 814 678 Circumspicit
846 613 1076 662 montes
1110 625 1338 678 pascuae
1371 625 1512 678 sua},

474 687 529 736 et
560 679 801 733 virentia
833 695 1077 750 quasque
1111 681 1417 751 perquirit.

403 752 681 822 Nunquid
714 751 866 805 volet
898 751 1237 806 rhinoceros
1278 751 1493 806 servire
1527 751 1656 820 tibi,

473 829 576 878 aut
609 822 955 894 morabitur,
990 823 1060 877 ad
1097 839 1350 894 praesepe
1383 831 1547 877 tuum
1571 825 1596 875 ’ἒ

403 894 681 964 Nunquid
705 892 976 962 alligabis
1000 892 1362 948 rhinocerota
1384 896 1451 948 ad
1472 895 1756 949 arandum
1773 894 1898 950 loco
1920 895 2051 950 tuo?

547 969 647 1020 aut
677 966 1006 1035 confringet
1037 966 1236 1036 glebas
1268 966 1512 1020 vallium
1549 972 1680 1033 post
1713 971 1767 1020 te
1792 966 1820 1020 ?

406 1038 674 1106 Nunquid
710 1036 986 1109 ﬁduciam
1025 1037 1317 1092 habebitis
1351 1038 1407 1091 in
1442 1054 1655 1109 magna
1706 1037 2049 1093 fortitudine

473 1109 622 1178 ejus,
655 1113 710 1162 et
739 1107 1109 1179 derelinques
1141 1109 1192 1162 ei
1225 1109 1451 1164 labores
1477 1107 1610 1164 tuos
1634 1109 1661 1162 ?

402 1179 681 1251 Nunquid
716 1181 917 1234 credes
947 1182 996 1234 ei
1033 1181 1185 1250 quod
1221 1187 1543 1235 sementem
1570 1181 1774 1236 reddat
1803 1179 1931 1249 tibi,

476 1258 534 1307 et
563 1267 759 1306 aream
794 1256 956 1306 tuam
984 1257 1296 1322 congregat
1317 1251 1344 1305 ?

402 1324 600 1378 Penna
631 1323 1030 1377 struthionum
1066 1323 1279 1378 similis
1312 1328 1399 1377 est
1432 1324 1640 1390 pennis
1685 1323 1910 1380 herodii
1947 1328 2054 1392 ’,ει

548 1394 840 1466 accipitris
873 1395 952 1464 (b.
989 1393 1233 1449 Cieoniae
1265 1399 1321 1450 et
1354 1395 1558 1456 milvi).

407 1467 650 1533 Quando
678 1465 1038 1536 derelinquit
1068 1466 1124 1520 in
1159 1471 1314 1521 terra
1345 1484 1449 1522 ova
1482 1483 1609 1521 sua.

476 1542 539 1592 tu
573 1538 811 1592 forsitan
849 1537 907 1590 in
939 1537 1175 1608 pulvere
1197 1537 1498 1593 calefacies
1521 1555 1587 1592 ea
1607 1537 2047 1609 (b.derelinquit

545 1609 698 1681 enim
733 1609 791 1662 in
825 1616 976 1663 terra
999 1626 1104 1664 ova
1126 1626 1256 1676 sua,
1290 1614 1346 1681 et
1376 1611 1432 1664 in
1460 1609 1698 1680 pulvere
1720 1609 2048 1681 calefiunt)?

404 1679 786 1735 Obliviscitur
815 1681 968 1751 quod
1007 1698 1107 1752 pes
1139 1680 1443 1736 conculcet
1464 1679 1561 1736 ica.

476 1756 577 1806 aut
607 1751 808 1806 bestia:
840 1753 961 1822 agri
995 1751 1326 1808 conterent.

407 1823 668 1878 Duratur
699 1823 769 1878 ad
804 1822 956 1878 filios
989 1840 1131 1879 suos
1163 1825 1333 1890 quasi
1365 1841 1478 1878 non
1513 1824 1633 1879 sint
1663 1823 1777 1890 sui,

477 1841 668 1878 iratur
699 1841 769 1878 aa
804 1841 956 1878 unos
989 1841 1131 1879 suos
1209 1841 1333 1879 uas:
1365 1841 1478 1878 non
1513 1841 1633 1879 sint
1663 1841 1768 1890 sui,

477 1896 694 1950 frustra
726 1894 1032 1965 laboravit,
1069 1841 1230 1950 nulth
1263 1897 1473 1950 timore
1506 1901 1768 1967 cogente.

405 1966 655 2021 Privavit
686 1967 840 2021 enim
876 1983 1004 2022 eam
1039 1967 1192 2022 Deus
1230 1967 1542 2037 sapientia,

475 2055 578 2093 nec
609 2038 769 2092 dedit
796 2037 879 2091 illi
912 2038 1376 2109 intelligentiam.

405 2108 548 2164 Cum
591 2114 824 2180 tempus
858 2109 1055 2176 fuerit,
1086 2108 1146 2164 in
1181 2110 1366 2164 altum
1397 2110 1520 2165 alas
1551 2108 1721 2180 erigit
1755 2126 1768 2164 :

476 2181 700 2235 deridet
735 2197 954 2251 equum
985 2190 1038 2235 et
1069 2197 1440 2236 ascensorem
1476 2183 1623 2251 ejus.

405 2250 683 2322 Nunquid
723 2250 1010 2322 praebebis
1040 2269 1190 2322 equo
1223 2250 1653 2319 fortitudinem,

478 2327 580 2377 aut
619 2323 1014 2379 circumdabis
1064 2323 1210 2378 collo
1269 2325 1396 2393 ejus
1457 2324 1752 2378 hinnitum
1810 2322 1892 2392 (b.
1953 2325 2056 2377 aut

553 2393 793 2448 induisti
830 2393 1043 2448 collum
1076 2396 1203 2463 ejus
1235 2396 1636 2450 cervicositate
1665 2395 1714 2460 2)

410 2464 694 2538 Nunquid
733 2465 1051 2521 suscitabis
1081 2483 1216 2522 eum
1248 2467 1418 2538 quasi
1449 2467 1706 2522 locustas
1728 2463 1755 2518 ?

481 2534 667 2606 gloria
700 2538 931 2592 narium
962 2538 1091 2606 ejus
1123 2534 1330 2594 terror.

403 2607 642 2680 Terram
677 2609 900 2680 ungula
931 2609 1094 2679 fodit,

481 2679 734 2735 exsultat
763 2679 1042 2735 audacter
1075 2696 1088 2737 :

475 2749 536 2804 in
568 2767 875 2807 occursum
911 2752 1095 2824 pergit
1126 2750 1388 2824 armatis.

405 2823 736 2894 Contemnit
765 2821 1058 2894 pavorem,
1091 2839 1196 2878 nec
1227 2823 1379 2877 cedit
1409 2821 1623 2894 gladio.

403 2893 592 2964 Super
620 2893 818 2964 ipsum
851 2895 1084 2950 sonabit
1116 2894 1408 2966 pharetra,

478 2966 730 3021 vibrabit
761 2967 928 3022 hasta
959 2971 1016 3021 et
1045 2966 1283 3038 clypeus
1315 2968 1357 3022 ³.

409 3037 660 3092 Fervens
691 3041 748 3092 et
780 3039 1033 3093 fremens
1065 3037 1262 3092 serbet
1289 3040 1529 3105 terram,

482 3125 586 3191 nec
613 3114 848 3191 reputat
873 3109 1026 3191 tubae
1059 3125 1268 3191 sonare
1297 3108 1648 3191 clangorem.

413 3177 522 3233 Ubi
556 3177 806 3236 audierit
835 3180 1168 3245 buccinam,
1202 3179 1354 3235 dicet
1384 3181 1492 3251 (Al.
1529 3179 1689 3248 dicit)
1725 3195 1738 3233 :
1772 3177 1933 3233 Vah!

485 3251 687 3321 procul
719 3253 998 3308 odoratus
1031 3251 1271 3316 bellum,

482 3322 948 3379 exhortationem
979 3325 1220 3386 ducum.
1254 3329 1306 3377 et
1341 3321 1634 3377 ululatum
1670 3320 1980 3376 exercitus.

409 3395 689 3464 Nunquid
726 3411 826 3465 per
857 3395 1204 3464 sapientiam
1239 3399 1402 3448 tuam
1427 3393 1739 3465 plumerscit
1757 3392 2052 3464 accipiter,

477 3464 812 3536 expandens
845 3467 966 3520 alas
998 3468 1019 3501 ⁴
1048 3483 1186 3521 suas
1219 3466 1290 3519 ad
1324 3464 1640 3536 austrum?

407 3534 683 3607 Nunquid
717 3539 786 3592 ad
821 3544 1173 3609 prmceptum
1216 3541 1382 3590 tuum
1415 3535 1734 3609 elevgabitur
1763 3534 1980 3608 aquila,

481 3612 538 3662 et
568 3607 862 3680 inarduis
891 3607 1058 3680 ponet
1094 3609 1295 3662 nidum
1329 3607 1550 3680 suum?

407 3679 469 3733 In
505 3678 687 3750 petris
718 3677 938 3748 manet,
975 3680 1116 3736 etin
1153 3680 1461 3751 praeruptis
1501 3677 1769 3733 silicibus
1797 3694 2055 3734 commo-

478 3755 644 3805 ratur
2000 3775 2006 3780 -

550 3827 725 3894 atque
757 3821 1072 3878 inaccessis
1107 3823 1374 3892 rupibus.

406 3893 545 3948 Inde
575 3895 1052 3964 contemplantur
1079 3911 1296 3962 escam,

477 3967 639 4038 etde
670 3965 842 4038 longe
873 3966 1026 4022 oculi
1055 3967 1185 4036 ejus
1219 3964 1606 4038 prospiciunt.

406 4034 559 4090 Pulli
592 4037 719 4105 ejus
751 4034 1013 4093 lambent
1043 4034 1386 4104 sanguinem
1423 4055 1436 4093 :

477 4111 534 4163 et
567 4108 908 4181 ubicunque
938 4110 1183 4165 cadaver
1213 4109 1409 4179 fuerit,
1443 4107 1639 4163 statim
1672 4107 1858 4162 adest.

487 4241 554 4280 ET
593 4238 816 4282 ADJECIT
855 4242 1135 4292 DOMINUS,
1177 4242 1244 4280 ET
1282 4241 1536 4280 LOCUTUS
1576 4241 1675 4279 EST
1711 4241 1783 4279 AD
1822 4240 1922 4278 JOB
1955 4239 1969 4279 Ξ

477 4322 558 4393 (b.
597 4324 665 4378 Et
695 4323 997 4394 respondit
1027 4323 1314 4378 Dominus
1347 4323 1415 4376 ad
1448 4321 1580 4394 Job,
1611 4325 1669 4376 et
1699 4321 1845 4394 dixit
1879 4337 1892 4376 :

410 4393 685 4465 Nunquid
723 4392 818 4464 qui
855 4394 1155 4450 contendit
1185 4411 1317 4448 cum
1357 4399 1467 4449 Deo
1499 4392 2028 4464 (b.0mnipotente)

551 4472 672 4522 tam
707 4466 872 4522 facile
904 4465 1308 4536 conquiescit?

480 4537 682 4610 utique
723 4539 822 4610 qui
853 4535 1046 4610 arguit
1075 4539 1282 4607 Deum,
1315 4536 1486 4592 debet
1516 4535 1871 4608 respondere
1903 4535 1977 4590 ei.

606 4670 972 4708 RESPONDENS
1009 4671 1201 4708 AUTEM
1240 4669 1342 4707 JOB
1383 4669 1617 4719 DOMINO,
1661 4669 1812 4707 DIXIT
1845 4669 1858 4707 Σ

411 4750 518 4817 Qui
550 4749 753 4805 leviter
782 4749 1015 4806 locutus
1046 4767 1203 4818 sum,
1236 4751 1524 4822 responde
1569 4749 1706 4818 quid
1767 4765 2006 4821 possum
2034 4749 2057 4804 ?

477 4823 558 4894 (h.
594 4823 697 4886 Qui
734 4823 862 4878 vilis
893 4839 1054 4890 sum,
1085 4824 1436 4894 respondere
1467 4822 1604 4893 quid
1642 4822 1952 4893 possum)?

479 4911 720 4949 manum
757 4911 947 4950 meam
981 4912 1192 4966 ponam
1227 4911 1405 4964 SUpCI‘
1434 4911 1499 4949 08
1531 4910 1748 4948 meum.

479 4971 674 5023 Unum
707 4965 936 5021 locutus
969 4963 1570 5036 sum,quod’utimam
1604 4982 1717 5021 non
1752 4963 2053 5021 dixissem:

479 5043 536 5094 et
569 5037 822 5094 alterum
875 5038 955 5101 (h'.
1003 5039 1162 5109 duo),
1212 5038 1427 5108 quibus
1475 5037 1626 5092 ultra
1659 5054 1773 5092 non
1820 5037 2052 5092 addam.

477 5182 632 5236 ‘Pro
691 5182 933 5243 hcrodz'o,
993 5182 1134 5252 quod
1203 5181 1262 5236 in
1330 5183 1552 5239 Hebraeo
1626 5181 1838 5237 dicitur
1893 5197 2054 5236 ASIDA

409 5255 667 5324 (aven),
701 5255 893 5323 inquit
928 5255 1332 5326 Hieronymus,
1367 5254 1540 5324 epist.
1593 5255 1671 5306 ad
1700 5254 1976 5326 Sunniam
2004 5256 2054 5308 et

402 5328 694 5388 Frelclam,
736 5351 757 5374 ιι
793 5325 1184 5397 Symmachus
1217 5325 1416 5391 ἷκτῖνα,
1449 5326 1505 5380 id
1559 5329 1668 5393 est,
1702 5325 1932 5380 miluum
1964 5325 2051 5379 in-

399 5403 766 5468 terpretatus
798 5403 910 5452 est.
948 5399 1206 5466 Denique
1237 5403 1292 5452 et
1325 5415 1429 5453 nos
1460 5398 1536 5451 ita
1555 5397 1839 5452 vertimus
1873 5397 1928 5450 in
1955 5397 2056 5452 La-

398 5468 589 5523 tinum
627 5486 640 5522 :
683 5471 766 5523 Ibi
810 5486 932 5523 ares
971 5470 1353 5540 nidi/icabimt,
1421 5469 1581 5524 milvi
1632 5469 1794 5523 abies
1839 5469 2052 5524 domus

402 5544 544 5598 est,»
579 5540 878 5603 etc.,Vii_le
913 5542 1062 5596 infra
1091 5543 1161 5596 ad
1196 5541 1488 5611 psalmum
1523 5541 1786 5596 ειν.Ηίοο
1809 5545 2053 5611 apparet

404 5611 579 5686 verba
613 5611 1036 5686 llebraicapon
1073 5630 1189 5666 uno
1235 5613 1406 5666 modo
1439 5631 1469 5666 a
1501 5612 1558 5666 S.
1596 5612 1834 5686 Doctore
1870 5611 2050 5668 fuisse

408 5683 784 5745 interpretata
818 5683 870 5735 in
909 5684 1178 5738 Latinum
1212 5700 1566 5738 sermonem.
1601 5684 1784 5740 MART.

483 5747 502 5780 ²
535 5747 788 5806 Barbara
815 5769 922 5809 vox
953 5772 1055 5826 pro
1094 5772 1377 5828 equorum
1428 5755 1598 5828 juba,
1630 5754 1718 5810 vel
1751 5754 2047 5827 superbia,

1453 201 1512 252 s.
1531 179 1536 184 ’
1558 199 1959 254 HIERONYMI
1997 201 2254 254 mva
2289 200 2782 256 BIBLIO'I‘HECA.

3682 199 3821 256 1180

2082 327 2136 391 Α
2168 339 2538 379 RESPONDENS
2576 340 2770 379 AUTEM
2809 339 3071 380 DOMINUS
3109 341 3211 379 JOB
3252 341 3324 379 DE
3356 340 3630 394 TURBINE,
3672 341 3826 381 υιιιτ

2161 440 2316 511 (Cap.
2353 439 2494 507 XL.)
2524 438 2775 510 Accinge
2806 439 2962 493 sicut
2990 439 3078 494 vir
3105 439 3338 495 lumbos
3369 444 3504 496 tuos
3537 455 3552 494 :

2231 511 2614 582 interrogabo
2645 515 2723 579 te,
2755 515 2812 565 et
2841 511 3040 565 indica
3071 512 3240 566 mihi.

2158 582 2447 654 Nunquid
2482 583 2717 654 irritum
2753 582 2930 637 facies
2955 583 3250 652 judicium
3284 599 3473 637 meum
3513 600 3527 637 :

2233 659 2292 708 et
2328 653 2756 709 Condemnabis
2787 670 2902 719 me,
2935 660 2999 708 ut
3030 659 3088 708 tu
3115 654 3512 722 justiticeris?

2157 726 2227 780 Et
2261 726 2309 781 si
2350 725 2533 780 habes
2570 725 2876 780 brachium
2915 725 3066 780 sicut
3095 726 3270 795 Deus,

2230 801 2285 850 et
2320 796 2382 852 si
2413 813 2548 852 voce
2583 797 2764 851 simili
2792 801 2962 852 tonas
2983 797 3011 851 Ἰ

2159 868 2468 924 Circumda
2497 869 2604 922 tibi
2636 869 2925 934 decorem,

2236 944 2294 993 et
2327 939 2386 993 in
2421 939 2678 995 sublime
2709 939 2952 1010 erigere,
2987 943 3043 994 et
3073 943 3196 994 esto
3228 937 3541 1010 gloriosus,

2233 1019 2290 1064 et
2321 1011 2604 1082 speciosis
2636 1009 2881 1066 induere
2910 1009 3189 1065 vestibus.

2160 1083 2447 1154 Disperge
2479 1085 2767 1154 superbos
2802 1083 2997 1138 furore
3028 1086 3150 1151 tuo,

2232 1151 2288 1208 et
2323 1151 2650 1225 respiciens
2683 1170 2917 1210 omnem
2951 1156 3322 1224 arrogantem
3359 1151 3624 1207 humilia.

2163 1225 2409 1296 Respice
2437 1234 2680 1281 cunctos
2714 1226 3026 1297 superbos,
3057 1230 3114 1280 et
3147 1225 3438 1280 confunde
3469 1240 3590 1293 eos,

2232 1303 2288 1351 et
2320 1301 2557 1352 contere
2591 1297 2890 1369 impiosin
2925 1297 3049 1352 loco
3073 1313 3201 1369 suo.

2160 1369 2473 1441 Absconde
2502 1385 2600 1424 eos
2634 1367 2692 1422 in
2727 1368 2961 1441 pulvere
2995 1367 3196 1441 simul,

2232 1446 2290 1495 et
2319 1439 2500 1495 facies
2530 1439 2743 1495 eorum
2767 1441 3041 1496 demerge
3074 1439 3132 1494 in
3167 1441 3391 1494 foveam
3421 1453 3436 1492 :

2159 1511 2231 1566 Et
2259 1527 2364 1583 ego
2387 1512 2712 1566 confitebor
2733 1513 2887 1583 quod
2918 1509 3142 1567 salvare
3161 1514 3217 1565 te
3237 1509 3422 1581 possit
3441 1509 3676 1564 dextera
3695 1512 3813 1564 tua.

2160 1583 2304 1638 Ecce
2339 1583 2681 1648 Behemoth,
2717 1600 2892 1654 quem
2925 1583 3034 1638 feci
3068 1589 3279 1650 tecum,

2084 1686 2131 1748 Β
2165 1729 2200 1748 η
2235 1656 2433 1748 tantum
2467 1655 2774 1748 quasibqs
2806 1655 3091 1748 coLmedet,

2160 1727 2460 1781 Fortitudo
2484 1725 2614 1796 ejus
2643 1727 2700 1780 in
2733 1725 2953 1781 lumbis
2985 1727 3133 1795 ejus,

2233 1803 2290 1851 et
2321 1794 2698 1853 virtus'illius
2730 1799 2789 1852 in
2825 1794 3106 1852 umbilico
3136 1794 3358 1850 ventris
3387 1795 3540 1864 ejus,

2229 1868 2476 1940 Stringit
2519 1871 2540 1936 (
2640 1869 3026 1941 Constringit)
3069 1867 3315 1924 caudam
3364 1866 3387 1900 ⁸
3435 1881 3602 1921 suam
3648 1865 3811 1938 quasi

2299 1941 2563 2008 cedrum,

2230 2011 2391 2065 nervi
2425 2009 2862 2066 teesticulorum
2896 2010 3030 2082 ejus
3061 2008 3314 2082 perplexi
3345 2012 3506 2064 sunt.

2159 2083 2305 2137 Ossa
2333 2084 2462 2150 eius
2491 2082 2650 2138 velut
2682 2082 2890 2136 fistulas
2923 2081 3075 2146 aeris,

2230 2154 2510 2226 cartilago
2543 2153 2705 2208 illius
2738 2152 2903 2226 quasi
2936 2151 3414 2226 laminasferreaa.

2159 2229 2290 2297 Ipse
2323 2223 2678 2297 principium
2711 2223 3057 2297 estviarum
3079 2223 3214 2297 ,Dei,

2231 2293 2338 2367 qui
2363 2297 2494 2352 fecit
2519 2293 3012 2368 eum,applicabit
3040 2295 3302 2366 gladium
3335 2295 3462 2365 ejus
3486 2293 3799 2364 (h.suum).

2157 2369 2307 2423 Huic
2341 2373 2565 2423 montes
2597 2367 2810 2422 herbas
2843 2367 3081 2422 ferunt:

2228 2456 2434 2495 omnes
2467 2441 2668 2495 bestia;
2696 2439 2823 2511 agri
2856 2439 3063 2494 ludent
3093 2437 3196 2492 ibi.

2156 2511 2273 2566 Sub
2305 2514 2514 2566 umbra
2543 2511 2763 2566 dormit

2230 2583 2288 2637 in
2321 2589 2543 2638 secreto
2577 2582 2805 2648 calami,
2833 2585 2891 2636 et
2922 2581 2980 2635 in
3011 2580 3158 2635 locis
3188 2578 3599 2634 humentibus.

2156 2654 2477 2725 Protegunt
2509 2654 2740 2725 umbras,
2761 2653 3218 2725 umbramejus,

2229 2721 2676 2780 circ—umdabunt
2707 2724 2788 2791 (h.
2823 2724 3058 2792 circ....)
3088 2721 3222 2778 eum
3265 2721 3472 2776 salices
3503 2723 3798 2776 torrentis.

2157 2799 2300 2853 Ecce
2331 2797 2667 2852 absorbebit
2697 2795 2963 2866 fluvium,
3015 2799 3073 2850 et
3120 2811 3236 2850 non
3294 2793 3605 2848 mirabitur
3639 2794 3716 2864 (b.
3749 2798 3800 2849 et

2301 2885 2414 2923 non
2446 2869 2776 2938 feslinabit).

2229 2939 2404 2994 habet
2430 2935 2704 2994 fiduciam
2739 2938 2887 3010 quod
2921 2938 3132 2992 influat
3160 2935 3435 2992 Jordanis
3465 2936 3524 2990 in
3556 2953 3625 2992 os
3656 2937 3797 3007 ejus,

2166 3013 2226 3066 In
2261 3010 2447 3067 oculis
2477 3013 2604 3079 ejus
2636 3010 2800 3082 quasi
2835 3009 3009 3082 hamo
3037 3010 3229 3080 capiet
3259 3024 3414 3082 eum,

2234 3088 2290 3138 et
2323 3084 2380 3137 in
2416 3081 2665 3138 sudibus
2690 3081 3008 3153 perforabit
3039 3097 3211 3153 nares
3240 3081 3386 3149 ejus.

2158 3160 2247 3210 An
2278 3155 2578 3209 extrahere
2605 3151 2822 3219 poteris
2853 3152 3163 3207 Leviatban
3200 3151 3394 3219 hamo,

2231 3230 2289 3280 et
2321 3227 2456 3282 fune
2488 3225 3202 3297 ligabislinguamejus?

2160 3297 2433 3367 Nunquid
2471 3293 2651 3368 po’nes
2681 3293 2967 3368 circulum
2990 3293 3069 3368 in
3093 3293 3334 3368 naribus
3366 3293 3518 3368 ejus,

2232 3374 2289 3424 et
2315 3362 2426 3440 (Al.
2459 3362 2582 3439 aut)
2615 3367 3199 3440 armillaperforabis
3232 3365 3529 3419 maxillam
3563 3362 3731 3430 ejus?

2161 3438 2452 3510 Numquid
2490 3438 2920 3510 multiplicabit
2935 3439 3004 3493 ad
3037 3443 3093 3510 te
3124 3452 3346 3510 preces,

2233 3508 2636 3582 aut—loquetur
2667 3508 2769 3566 tibi
2805 3508 3009 3565 mollia
3039 3509 3058 3562 ?

2159 3583 2430 3653 Nunquid
2466 3583 2629 3638 feriet
2667 3589 2860 3638 tecum
2895 3584 3156 3652 pactum,

2232 3659 2289 3709 et
2313 3649 2569 3726 accipies
2599 3671 2729 3710 eum
2753 3649 2985 3709 servum
3017 3649 3494 3726 sempiternum?

2159 3721 2677 3804 Nunquid'illudes
2710 3726 2768 3804 ei
2794 3725 2963 3804 quasi
2995 3724 3087 3804 avi
3119 3721 3580 3804 (hz‘pas_seri),m
3624 3791 3657 3804 ῃ
3711 3791 3722 3801 0

2232 3790 2331 3852 aut
2355 3797 2571 3868 ligabis
2588 3814 2719 3852 cum
2753 3790 3023 3868 (Aleum)
3054 3790 3288 3850 ancillis
3311 3790 3788 3866 (h.puellis)tuis?

2160 3869 2479 3924 Concident
2508 3885 2641 3924 eum
2673 3869 2870 3936 amici,

2232 3940 2492 3995 divident
2521 3958 2653 3996 eum
2687 3938 3124 4012 negotiatores?

2158 4012 2436 4083 Nunquid
2479 4003 3046 4085 implebisvsagenas
3095 4009 3180 4081 (h.
3223 4005 3625 4076 tabernacula)
3655 4003 3787 4078 pelle

2231 4100 2380 4150 ejus,

2260 4100 2765 4225 llestgurgustium
2797 4153 3048 4226 piscium
3083 4150 3271 4223 capite
3303 4149 3462 4204 illius
3485 4147 3514 4202 ?

2161 4232 2316 4282 Pone
2345 4243 2522 4302 super
2551 4243 2695 4302 enni
2718 4243 2960 4302 manum
2993 4230 3156 4302 tuam
3191 4239 3204 4277 :
3249 4293 3261 4302 _
3386 4291 3397 4302 ο

2235 4291 2530 4353 τηθτηθήιο
2562 4296 2832 4366 belli,nec
2855 4295 3007 4352 ultra
3038 4295 3220 4350 addas
3243 4291 3397 4364 loqui
3417 4295 3555 4363 (non
3588 4291 3792 4360 habet).

2165 4371 2329 4435 Ecce,
2362 4386 2496 4440 spes
2526 4371 2656 4439 ejus
2687 4368 3074 4424 frustrabitur
3097 4381 3255 4440 eum,

2040 4435 2051 4459 ν
2087 4421 2133 4485 D
2167 4421 2652 4496 “ausaausa;
2681 4421 2918 4496 etiam;
2941 4421 3419 4512 praecipitatum,

2167 4513 2320 4583 (Cap.
2353 4513 2522 4583 XLI.)
2551 4513 2672 4568 Non
2709 4513 2877 4584 quasi
2908 4507 3164 4584 crudelis
3193 4507 3492 4584 suscitabo
3526 4521 3656 4584 eum
3683 4507 3704 4559 ?

2239 4573 2371 4653 quis
2393 4573 2547 4639 enim
2570 4573 2843 4639 resistere
2868 4586 3060 4654 potest
3081 4580 3425 4654 (Al.poter_it)
3447 4578 3628 4654 vultui
3651 4573 3794 4632 meo?

2167 4650 2305 4720 Quis
2338 4662 2480 4710 ante
2511 4657 2673 4710 dedit
2703 4650 2880 4711 mihi.
2905 4660 2968 4708 ut
2999 4653 3080 4723 (h.
3119 4650 3210 4718 et),
3233 4651 3470 4706 reddam
3503 4650 3553 4704 ei
3587 4666 3600 4703 :

2239 4727 2435 4782 omnia
2465 4745 2592 4798 qum
2625 4729 2735 4782 sub
2764 4726 2906 4782 cmlo
2938 4730 3096 4793 sunt,
3131 4739 3258 4778 mea
3289 4727 3445 4777 sunt.

2167 4799 2288 4854 Non
2324 4816 2557 4870 parcam
2590 4799 2665 4867 ei,

2237 4876 2294 4927 et
2323 4865 2514 4942 verbis
2548 4865 2906 4942 potentibus,
2939 4871 2996 4924 et
3025 4867 3098 4923 ad
3131 4865 3567 4938 deprecandum
3587 4874 3795 4932 compo-

2309 4941 2458 4996 sitis.

2171 5013 2314 5078 Quis
2347 5011 2629 5068 revelabit
2661 5011 2864 5067 faciem
2898 5008 3228 5066 indumenti
3261 5008 3434 5075 ejus?

2241 5089 2298 5140 et
2329 5084 2388 5140 in
2431 5085 2694 5139 medium
2731 5083 2848 5139 oris
2879 5084 3009 5153 ejus
3038 5081 3172 5154 quis
3201 5076 3494 5135 intrabit?

2165 5238 2222 5294 ni
2259 5237 2658 5309 fallor,'posita
2681 5239 2752 5292 ab
2777 5235 3093 5296 scholiaste
3115 5233 3328 5309 infima:
3353 5230 3678 5309 L_atin_i_tatis
3701 5227 3794 5282 bo-

2181 5309 2337 5366 mine
2373 5328 2384 5364 :
2421 5303 2648 5364 si'bene
2672 5309 2892 5364 adverti
2923 5309 2980 5362 in
3018 5304 3472 5381 Prolcgomenis.
3506 5303 3729 5381 MART.”

2234 5383 2258 5416 ³
2291 5382 2453 5448 Quod
2491 5381 2583 5435 hic
2617 5383 2892 5436 Hebraeus
2938 5379 3144 5450 praefer
3173 5393 3408 5442 nomen,
3456 5385 3593 5465 j'nz,
3626 5378 3794 5446 potius

2169 5472 2418 5526 lanceam
2451 5475 2642 5535 sonat,
2677 5487 2851 5539 quam
2885 5470 3152 5540 clypeum.

2236 5541 2425 5596 ‘Plus
2475 5530 2706 5596 habent.
2742 5530 3116 5596 nostriwmss.
3182 5535 3510 5606 expanden:
3561 5530 3792 5604 expandit

2163 5613 2306 5682 alas,
2335 5618 2446 5667 etc.
2504 5614 2636 5669 Mox
2689 5630 2844 5668 unus
2898 5611 3152 5684 Reginae,
3206 5612 3316 5664 Aut
3371 5608 3443 5663 ad
3497 5611 3792 5681 precepts»:

2164 5691 2349 5748 tuum.
2381 5689 2492 5740 etc.

2232 5759 2254 5794 ⁸
2291 5757 2426 5830 Ms.,
2461 5755 2702 5829 Stringit
2730 5754 2984 5812 caudam.
3020 5753 3209 5812 MART.
