4050 6182
293 224 429 280 1181

283 352 489 408 Portas
523 352 720 407 vultus
751 350 887 422 ejus
912 349 1045 422 quis
1078 351 1338 422 aperiet?

360 440 461 494 per
493 439 699 494 gyrum
733 421 998 476 dentium
1035 421 1164 492 ejus
1201 425 1474 479 formido.

277 498 507 566 Corpus
539 494 703 548 illius
734 495 902 564 quasi
937 501 1104 566 scuta
1137 494 1354 562 fusilia,

357 566 735 636 Compactum
768 565 1037 635 squamis
1069 582 1131 621 se
1165 567 1589 637 prementibus.

281 636 407 692 Una
444 638 544 692 uni
577 638 983 708 conjungitur,

354 714 410 763 et
441 725 513 763 ne
544 708 911 779 spiraculum
943 707 1179 778 quidem
1213 708 1432 763 incedit
1460 726 1562 780 per
1589 726 1684 764 eas
1716 725 1729 764 :

285 779 410 835 Una
445 780 610 835 alteri
645 781 712 833 ad
725 779 990 846 hierebit,

354 857 411 906 et
442 855 708 906 tenentes
741 867 803 906 se
836 866 1208 922 nequaquam
1243 851 1690 920 separabantur.

281 922 643 978 Sternutatio
675 924 804 993 ejus
836 922 1116 994 splendor
1142 923 1293 992 ignis
1321 922 1402 993 (h.
1436 923 1730 994 luminis),

352 999 407 1049 et
441 994 594 1049 oculi
624 997 774 1063 ejus,
810 999 873 1048 ut
904 993 1192 1064 palpebrze
1225 994 1490 1049 diluculi.

279 1066 360 1120 De
392 1082 491 1120 ore
521 1067 648 1136 ejus
683 1065 986 1136 lampades
1018 1066 1362 1136 procedunt,

354 1138 508 1192 sicut
542 1137 682 1191 taede
711 1138 864 1207 ignis
895 1153 1175 1192 accensae.

280 1208 358 1262 De
391 1208 636 1263 navibus
669 1210 799 1279 ejus
832 1209 1091 1278 procedit
1124 1209 1344 1275 fumus,

350 1280 504 1334 sicut
533 1279 660 1333 ollae
692 1296 982 1334 succensae
1015 1285 1189 1349 atque
1219 1281 1327 1350 (Αι.
1362 1279 1548 1350 aquze)
1582 1279 1875 1334 ferventis.

271 1350 501 1424 Halitus
527 1353 656 1421 ejus
692 1368 910 1422 prunas
941 1352 1143 1424 ardere
1176 1352 1314 1424 facit
1343 1352 1426 1420 (h.
1459 1368 1660 1422 pruna:
1693 1351 1933 1424 at...s.),

348 1428 406 1477 et
432 1423 671 1494 flamma
694 1421 773 1477 de
803 1439 901 1477 ore
928 1423 1061 1494 ejus
1084 1421 1412 1494 egreditur.

275 1493 340 1548 In
375 1493 523 1548 collo
556 1493 685 1562 ejus
713 1493 1042 1549 morabitur
1074 1493 1374 1560 fortitudo,

347 1570 405 1619 et
435 1565 642 1637 faciem
674 1566 803 1635 ejus
835 1565 1108 1637 praecedit
1133 1570 1363 1637 egestas
1394 1563 1596 1637 (h......
1631 1566 1763 1636 as.).

272 1636 537 1691 Membra
567 1636 846 1692 carnium
867 1638 996 1706 ejus
1029 1636 1378 1692 eohzerentia
1411 1636 1546 1702 sibi,

350 1709 545 1762 mittet
575 1714 779 1762 contra
808 1709 892 1778 (h.
925 1709 1122 1779 super)
1155 1725 1288 1762 eum
1324 1707 1595 1771 fulmina,

347 1785 404 1834 et
435 1780 505 1834 ad
539 1779 731 1834 locum
766 1780 946 1834 alium
981 1778 1392 1834 nonferentur
1422 1779 1502 1844 (h.
1539 1778 1796 1849 feretur).

268 1850 384 1906 Cor
407 1851 537 1922 ejus
571 1850 945 1906 indurabitur
974 1851 1143 1921 quasi
1171 1850 1344 1922 lapis,

343 1926 401 1977 et
431 1921 754 1994 stringatur
783 1923 950 1994 quasi
986 1921 1337 1977 malleatoris
1361 1921 1528 1994 incus
1550 1921 1922 1994 (ALincude).

267 1993 416 2048 Cum
450 1992 718 2049 sublatus
753 1992 944 2060 fuerit,
979 1994 1273 2050 timebunt
1303 1992 1495 2064 angeli
1522 1993 1607 2063 (h.
1641 1993 1764 2064 dii),

345 2069 402 2119 et
431 2065 617 2120 territi
651 2083 721 2136 pu
734 2066 1082 2137 rgabuutur.

267 2137 538 2208 Cumque
558 2135 1010 2207 apprehenderit
1041 2152 1174 2192 eum
1197 2135 1783 2207 gladius,subsistere
1806 2151 1922 2190 non

465 2209 660 2275 oterit,

425 2225 660 2280 petent,

345 2293 536 2351 neque
567 2279 756 2346 hasta,
792 2294 980 2351 neque
1013 2279 1236 2334 thorax.

273 2349 591 2421 Reputabit
621 2351 777 2406 enim
812 2349 981 2422 quasi
1011 2351 1208 2422 paleas
1240 2350 1480 2419 ferrum,

349 2427 406 2476 et
436 2423 607 2493 quasi
640 2421 865 2494 lignum
901 2421 1227 2494 putridum,
1255 2437 1357 2476 aes.

275 2491 404 2548 Non
440 2491 666 2565 fugabit
691 2491 824 2549 eum
854 2491 943 2565 vir
970 2493 1337 2565 sagittarius,

350 2565 409 2618 in
442 2562 727 2636 stipulam
759 2564 906 2620 versi
939 2562 1080 2620 sunt
1104 2566 1157 2620 ei
1186 2564 1413 2636 lapides
1439 2562 1655 2619 fundae.

282 2635 461 2700 Quasi
491 2635 772 2706 stipulam
806 2636 1122 2690 aestimabit
1153 2635 1452 2703 malleum,

353 2713 413 2780 et
433 2704 730 2780 deridebit
758 2709 864 2780 (Al.
897 2708 1131 2780 derisit),
1155 2708 1481 2780 vibrantem
1515 2704 1774 2780 hastam.

277 2779 399 2833 Sub
429 2778 552 2850 ipso
584 2776 867 2850 erunt'(b.
899 2796 1010 2834 non
1045 2776 1220 2834 habet
1247 2779 1443 2848 erunt)
1475 2777 1618 2833 radii
1651 2776 1813 2843 solis,

346 2855 568 2906 sternet
596 2851 705 2932 sibi
737 2866 946 2932 aurum
979 2851 1144 2932 quasi
1177 2850 1390 2932 lutum:

275 2919 622 2977 Fervescere
649 2923 820 2978 faziet
848 2919 1017 2993 quasi
1049 2921 1221 2976 ollam
1256 2921 1638 2993 profundum,

341 3009 504 3050 mare
536 3000 711 3065 ponet
739 2989 905 3062 quasi
937 3010 1070 3047 cum
1105 2989 1405 3064 unguenta
1436 2989 1714 3046 bulliunt.

264 3066 407 3118 Post
433 3081 566 3119 eum
600 3066 817 3119 lucebit
846 3065 1077 3119 semita.

313 3080 407 3118 osr
433 3081 566 3120 eum
600 3080 817 3121 lucebit
846 3080 1077 3128 semita,

334 3137 664 3192 aestimabat
693 3137 973 3205 abyssum
1009 3135 1174 3206 quasi
1209 3138 1638 3190 senescentem.

261 3205 385 3261 Non
419 3213 508 3262 est
537 3225 715 3279 super
743 3214 958 3263 terram
990 3205 1270 3278 potestas,
1304 3223 1431 3277 quae
1463 3208 1833 3279 comparetur

404 3279 485 3348 (h.
519 3276 698 3350 super
724 3284 940 3335 terram
975 3276 1130 3350 quod
1163 3276 1554 3350 comparetur)
1584 3276 1666 3343 ei;

332 3350 442 3413 Qui
477 3349 665 3406 factus
696 3357 803 3416 est,
840 3355 903 3405 ut
935 3350 1164 3406 nullum
1195 3349 1450 3404 timeret.

261 3419 448 3476 Omne
479 3422 730 3478 sublime
755 3423 927 3489 videt,

334 3493 467 3563 Ipse
497 3498 585 3548 est
614 3510 713 3549 rex
740 3506 919 3566 super
937 3493 1239 3550 universos
1263 3491 1413 3549 filios
1443 3489 1912 3563 superbize(h...).

482 3626 844 3664 RESPONDENS
882 3626 1070 3666 AUTEM
1098 3626 1200 3664 JOB
1228 3625 1469 3678 DOMINO,
1503 3625 1652 3663 DIXIT
1684 3625 1698 3664 ἒ

261 3705 417 3776 (Cap.
450 3705 668 3778 XLIII.)
699 3707 829 3763 Scio
861 3708 1000 3778 quia
1029 3707 1228 3763 omnia
1259 3712 1423 3778 potes

330 3782 388 3850 et
421 3779 584 3832 nulla
613 3785 668 3834 te
699 3779 840 3834 latet
869 3781 1162 3850 cogitatio.

255 3849 399 3922 Quis
430 3854 521 3922 est
549 3849 681 3915 iste,
713 3852 812 3922 qui
845 3849 995 3906 celat
1023 3850 1337 3904 consilium
1371 3850 1594 3921 absque
1625 3849 1912 3907 scientia?

325 3919 460 3975 ideo
492 3919 839 3991 insipienter
870 3922 1101 3978 loeutus
1129 3938 1286 3990 sum,

323 3997 535 4063 etquae
559 3993 709 4048 ultra
732 3995 974 4050 modum
997 3995 1343 4050 excederent
1365 3992 1670 4048 scientiam
1695 4010 1907 4050 meam.

245 4062 402 4136 Audi
427 4062 491 4118 et
521 4080 627 4136 ego
658 4064 869 4136 loquar
896 4082 909 4120 :

319 4135 695 4208 interrogabo
726 4135 804 4207 te,
836 4140 892 4193 et
927 4137 1214 4209 responde
1245 4135 1390 4191 mihi
1424 4139 1466 4193 ί.

1801 228 2013 282 LIBER
2047 229 2194 282 JOB.

1964 357 2015 422 Α
2045 353 2260 408 Auditu
2293 354 2455 409 auris
2487 355 2682 410 audivi
2717 360 2791 420 te,

1956 1723 2004 1788 B

3562 231 3700 284 1182

2122 442 2276 480 nunc
2307 433 2502 481 autem
2536 427 2744 482 oculus
2780 443 2944 481 meus
2974 426 3130 481 videt
3164 430 3238 482 te.

2049 496 2269 551 Idcirco
2303 497 2426 567 ipse
2460 516 2550 552 me
2583 498 2970 568 reprehendo,

2117 575 2174 622 et
2205 585 2312 640 ago
2348 572 2748 640 paenitentiam
2782 570 2840 622 in
2874 568 3067 623 favilla
3093 573 3148 624 et
3173 569 3388 624 cinere.

2047 671 2350 719 POSTQUAM
2381 657 2464 728 (h.
2501 658 2564 712 Et
2597 659 2705 712 fuit
2737 662 3067 728 postquam)
3099 675 3292 713 aurem
3324 673 3574 715 LOCUTUS
3601 676 3698 715 EST

2260 836 2521 874 DOMINUS
2553 837 2678 875 HJEC
2707 838 2777 874 AD
2803 837 2925 884 JOB,
2960 837 3113 874 DIXIT
3141 837 3213 873 AD
3245 837 3479 874 ELIPHAZ

2635 908 2992 947 THEMANITEN
3022 893 3042 925 ²
3071 908 3085 946 :

2117 1027 2306 1079 Iratus
2329 1029 2417 1078 est
2441 1025 2600 1078 furor
2623 1041 2788 1079 meus
2813 1025 2871 1078 in
2893 1029 3031 1093 te,et
3053 1025 3109 1078 in
3136 1024 3281 1078 duos
3297 1025 3687 1090 amicostuos,

2043 1113 2322 1184 quoniam
2359 1130 2470 1168 non
2500 1113 2642 1168 estis
2673 1113 2852 1168 locuti
2883 1129 3078 1167 coram
3112 1128 3204 1166 me
3237 1117 3482 1178 rectum,
3537 1113 3693 1166 sicut

2042 1219 2246 1258 servus
2272 1219 2437 1256 meus
2456 1203 2819 1257 Job.Sumite
2847 1203 3030 1272 igitur
3051 1201 3212 1254 vobis
3227 1206 3447 1271 septem
3465 1205 3691 1266 tauros,

2041 1296 2098 1345 et
2124 1296 2346 1361 septem
2379 1292 2612 1359 arietes,
2645 1297 2702 1346 et
2734 1292 2811 1346 ite
2842 1292 2912 1346 ad
2947 1306 3179 1346 servum
3231 1305 3424 1343 meum
3467 1289 3598 1354 Job,
3634 1292 3690 1342 et

2040 1379 2240 1433 offerte
2272 1378 2686 1434 holocaustum
2720 1396 2823 1450 pro
2854 1379 3022 1434 vobis
3057 1395 3070 1433 :
3103 1377 3212 1432 Job
3245 1383 3439 1431 autem
3483 1392 3688 1431 servus

2039 1483 2205 1521 meus
2237 1468 2430 1522 orabit
2462 1485 2564 1538 pro
2597 1467 2794 1534 vobis;
2829 1467 3031 1524 faciem
3065 1468 3194 1536 ejus
3235 1465 3578 1536 suscipiam,
3624 1470 3690 1518 ut

2038 1572 2152 1610 non
2178 1557 2343 1612 vobis
2366 1553 3687 1628 imputeturstultitiaznequeenimlocuticstis

2038 1645 2110 1699 ad
2145 1661 2238 1700 me
2267 1651 2444 1714 recta,
2479 1647 2632 1701 sicut
2661 1662 2865 1701 servus
2897 1661 3064 1700 meus
3091 1645 3223 1700 Job.

2123 1805 2405 1844 ABIERUNT
2433 1805 2580 1843 ERGO
2612 1805 2839 1843 ELIPIIAZ
2868 1805 3241 1851 THEMANITES,
3277 1804 3343 1841 ΕΤ
3371 1803 3592 1842 BALDAD

2353 1876 2569 1926 SUITES,
2604 1878 2672 1915 ET
2700 1877 2912 1916 SOPIIAR
2941 1875 3350 1915 NAAMATHITES.

2105 2003 2171 2056 Et
2199 2001 2458 2057 fecerunt
2480 2003 2633 2057 sicut
2655 2001 2884 2057 locutus
2911 2003 3096 2058 fuerat
3118 2003 3186 2057 ad
3216 2018 3314 2057 eos
3346 2001 3449 2073 (At.
3475 2008 3580 2055 tae.
3608 1999 3678 2054 ad

2033 2092 2154 2160 eos)
2184 2090 2563 2157 Dominus,et
2594 2094 2853 2163 suscepit
2880 2092 3160 2147 Dominus
3191 2091 3395 2146 faciem
3428 2088 3683 2146 Job.Do-

2034 2179 2234 2234 minus
2262 2196 2494 2251 quoque
2519 2196 2838 2236 conversus
2859 2182 3041 2236 estad
3067 2179 3467 2252 pcenitentiam
3486 2177 3688 2250 (ὴ.Πο-

2035 2269 2233 2324 minus
2256 2286 2488 2341 quoque
2509 2270 2792 2325 convertit
2814 2269 3236 2341 captivitatem)
3256 2269 3528 2336 Job,cum
3554 2287 3684 2327 ora-

2035 2362 2122 2414 ret
2153 2357 2250 2413 ille
2282 2376 2384 2430 pro
2411 2359 2619 2414 amicis
2650 2359 2794 2414 suis.
2817 2363 2884 2415 Et
2911 2359 3138 2414 addidit
3166 2359 3454 2414 Dominus
3483 2360 3684 2416 omnia

2035 2463 2400 2518 quacunque
2428 2450 2657 2503 fuerant
2684 2448 2817 2518 Job,
2849 2448 3121 2520 duplicia.
3155 2447 3455 2503 Venerunt
3485 2452 3682 2504 autem

2035 2537 2103 2590 ad
2139 2553 2271 2591 eum
2300 2553 2502 2592 omnes
2535 2538 2741 2593 fratres
2767 2537 2943 2607 sui,et
2967 2537 3248 2592 universze
3280 2553 3508 2592 sorores
3539 2554 3682 2604 suae,

2035 2630 2091 2681 et
2111 2625 2303 2680 cuncti
2328 2625 2426 2698 qui
2451 2631 2874 2681 noveranteum
2893 2626 3681 2698 prius,etcomederuntcum

2035 2730 2101 2769 eo
2136 2730 2341 2785 panem
2375 2714 2431 2768 in
2466 2716 2639 2769 domo
2673 2714 2799 2788 ejus
2834 2732 2847 2769 :
2881 2721 2938 2770 et
2972 2718 3278 2770 moverunt
3326 2731 3504 2786 super
3545 2732 3680 2770 eum

2034 2808 2231 2874 caput,
2264 2807 2319 2857 et
2341 2803 2624 2858 consolati
2649 2808 2788 2858 sunt
2810 2820 2943 2858 eum
2969 2820 3146 2875 super
3167 2803 3323 2858 omni
3348 2802 3500 2858 male
3525 2805 3679 2874 quod

2033 2892 2314 2948 intulerat
2343 2891 2628 2947 Dominus
2659 2910 2836 2964 super
2864 2897 3085 2948 eum:et
3110 2893 3684 2961 dederuntei,unus-

2033 2982 2285 3053 quisque
2317 2997 2482 3036 ovem
2516 2999 2719 3051 unam,
2743 2987 2800 3036 et
2831 2982 3092 3036 inaurem
3125 2998 3363 3036 auream
3397 2998 3532 3036 una.
3566 2982 3682 3037 Do-

1948 3085 1990 3150 C
2032 3071 2229 3126 minus
2257 3075 2453 3125 autem
2483 3071 2780 3126 benedixit
2803 3070 3134 3126 novissimis
3155 3071 3265 3125 Job
3292 3070 3479 3142 magis
3501 3088 3678 3142 quam

2027 3159 2314 3231 principio
2344 3159 2566 3228 ejus.Et
2592 3160 2739 3214 facta
2768 3165 2908 3215 sunt
2939 3159 2990 3215 ei
3023 3159 3470 3232 quatuordccim
3495 3159 3681 3216 millia

2026 3247 2308 3317 ovium,et
2341 3265 2442 3303 sex
2465 3248 2649 3302 millia
2668 3249 3113 3318 camelorum,et
3135 3247 3451 3320 millejuga
3473 3249 3672 3317 boum,

2026 3342 2083 3392 et
2112 3337 2272 3393 mille
2305 3338 2501 3392 asinae.
2535 3337 2604 3391 Et
2637 3338 2872 3392 fuerunt
2903 3338 2952 3392 ei
2981 3343 3204 3409 septem
3255 3336 3381 3404 ﬁlii,
3433 3343 3490 3393 et
3541 3337 3672 3391 filiae

2027 3428 2238 3482 lres.Et
2259 3427 2483 3482 vocavit
2505 3443 2716 3481 nomen
2743 3427 2918 3482 unius
2942 3427 3191 3495 Diem,et
3222 3443 3433 3481 nomen
3477 3442 3684 3482 secun-

2025 3517 2110 3571 da:
2143 3516 2402 3572 Cassiam
2437 3517 2544 3587 (Al.
2580 3516 2838 3587 Οειεεὶω),
2871 3520 2930 3571 et
2962 3531 3173 3570 nomen
3219 3516 3399 3570 tertiae
3450 3517 3671 3571 Cornu-

2026 3606 2206 3662 stibii.
2241 3607 2364 3661 Non
2396 3611 2537 3660 sunt
2566 3609 2756 3661 autem
2791 3605 3036 3660 inventae
3071 3604 3344 3659 mulieres
3394 3606 3667 3676 speciosa:

2026 3697 2177 3752 sicut
2205 3695 2333 3750 filiae
2354 3695 2462 3751 Job
2486 3695 2542 3750 in
2568 3695 2837 3749 universa
2870 3698 3026 3748 terra
3047 3712 3059 3748 :
3084 3694 3359 3764 deditque
3391 3693 3474 3748 eis
3508 3699 3672 3765 pater

2025 3801 2170 3839 suus
2201 3785 2600 3839 hereditatem
2635 3783 2786 3837 inter
2818 3783 3024 3836 fratres
3055 3780 3436 3836 earum.Vixit
3469 3787 3666 3837 autem

2021 3873 2126 3929 Job
2162 3878 2295 3944 post
2325 3872 2465 3938 haec,
2499 3876 2735 3926 centum
2767 3869 3156 3942 quadraginta
3186 3869 3378 3936 annis,
3433 3873 3490 3924 et
3520 3870 3668 3925 vidit

2018 3962 2178 4016 ﬁlios
2212 3966 2437 4025 suos,et
2459 3960 2609 4016 filios
2634 3959 2886 4014 filiorum
2912 3975 3155 4014 suorum
3180 3975 3368 4030 usque
3390 3958 3459 4012 ad
3488 3974 3662 4029 quar-

2018 4055 2140 4106 tam
2172 4051 2628 4122 generationem,
2661 4054 2717 4105 et
2749 4053 3014 4105 mortuus
3045 4053 3133 4104 est
3163 4064 3338 4103 senex
3368 4051 3423 4103 et
3453 4046 3662 4119 plenus

2020 4137 2270 4193 dierum.

1648 4300 1891 4372 Explicit
1922 4301 2065 4357 liber
2090 4299 2186 4356 Job
2217 4302 2261 4356 ³.

319 4473 568 4548 "Nostri
605 4491 747 4531 mss.
778 4483 830 4532 et
874 4477 1106 4532 ostende
1151 4476 1314 4547 mihi,
1368 4477 1609 4548 propius
1659 4480 1898 4536 Hebraeo

242 4545 427 4600 verbo
458 4556 724 4610 ’JL’Tﬂm.

315 4618 339 4698 ξ
373 4617 651 4700 ῌοιειῑυω
686 4619 742 4674 in
778 4619 1010 4692 Reginae
1042 4636 1154 4675 ms.
1202 4619 1530 4689 majoribus
1574 4619 1782 4676 litteris
1831 4639 1900 4678 ex

245 4703 457 4745 minio.

553 4797 672 4853 HIC
710 4798 940 4854 PROS)
982 4799 1251 4855 ORATIO
1291 4799 1581 4856 INCIPIT.

311 4902 541 4976 ’jAldit
567 4921 674 4959 nec
724 4905 944 4960 frustra
993 4905 1294 4961 Palatinus
1345 4907 1542 4976 codex,
1592 4907 1895 4964 secundum

234 4973 724 5032 Hebraeum.Sunt
754 4977 911 5032 enim
938 4977 1034 5032 alii
1072 4977 1331 5049 mss.qui
1361 4979 1510 5034 hanc
1531 4973 1724 5050 ipsam
1764 4980 1891 5036 Ilie-

2011 4477 2583 4552 ronymianamebi
2616 4477 2944 4552 versionem
2974 4477 3298 4552 continent,
3331 4493 3479 4547 quos
3508 4477 3662 4533 inter

2011 4547 2165 4607 unus
2193 4553 2244 4607 S-
2263 4551 2447 4620 Sergii
2468 4547 3103 4620 Juliomagensis,satis
3126 4549 3406 4618 antiquus
3430 4565 3495 4603 ac
3521 4566 3656 4620 pro-

2008 4624 2092 4677 ba:
2126 4629 2273 4678 notae
2305 4639 2337 4676 a
2378 4624 2438 4678 P.
2487 4620 2745 4675 Calmeto
2798 4619 3119 4690 inspectus,
3167 4636 3231 4674 ac
3280 4619 3546 4675 subdunt
3596 4621 3653 4675 in

2007 4695 2166 4750 calce
2195 4699 2446 4750 veterem
2479 4691 2640 4746 illam
2673 4690 3116 4757 additionem,in
3148 4707 3263 4762 qua
3295 4693 3365 4746 de
3395 4691 3659 4758 Jobi,aut

2004 4767 2214 4822 Jobabi
2247 4764 2588 4838 genealogis
2619 4765 2689 4818 ab
2724 4763 2871 4838 Esau
2907 4763 3238 4838 disseritur,
3263 4781 3450 4838 Aquam
3484 4764 3653 4838 addi—

2005 4840 2223 4894 tionem
2253 4835 2383 4909 ipse
2415 4835 2803 4908 Hieronymus
2832 4835 3123 4909 inQuzgst,
3157 4837 3232 4909 z'n_
3250 4835 3378 4890 Gen.
3435 4835 3658 4909 respuit

2004 4927 2071 4966 ea
2105 4906 2391 4982 praecipue
2423 4912 2493 4964 de
2525 4906 2722 4978 causa,
2756 4906 2909 4976 quod
2935 4908 2993 4960 in
3026 4906 3324 4962 Hebraicis
3355 4907 3654 4962 codicibus

2004 5000 2122 5038 non
2156 4983 2462 5039 habeatur.
