4050 6182
244 234 387 291 1185

1601 241 1714 295 LIB
1722 242 1816 296 RR
1853 238 2319 295 PSALMORUM.

3526 239 3671 296 1186

244 375 552 418 sermones
584 375 730 432 pene
770 359 1042 432 singulos
1075 364 1400 432 asserebat,
1433 381 1550 421 non
1580 364 1664 422 ita
1701 363 1906 421 haberi
1936 365 1989 431 Α
2019 381 2158 436 roga
2189 361 2514 436 quemlibet
2539 362 2941 431 lIebrzeorum,
2975 366 3032 418 et
3062 362 3288 434 liquido
3315 363 3670 434 pervidebis,

253 451 314 507 in
351 451 610 517 Hebraeo,
641 454 704 504 ut
735 454 798 504 tu
832 451 900 506 de
933 453 1313 526 Septuaginta
1346 455 1776 528 Interpretibus
1807 472 1909 526 op-

250 541 536 614 ponebas,
568 538 1010 595 studiosissime
1026 541 1360 615 postulasti,
1395 550 1459 600 ut
1479 551 1612 617 post
1637 543 1911 617 Aquilam

259 636 318 686 et
339 628 759 702 Symmachum
786 629 1340 698 etTheodotionem,
1364 651 1573 690 novam
1598 635 1916 691 editionem

257 719 465 776 Latino
487 735 756 775 sermone
777 720 1178 777 transferrem.
1213 723 1426 780 Aiebas
1457 725 1613 780 enim
1646 729 1700 780 te
1731 723 1918 795 magis

256 808 643 880 interpretum
667 808 947 864 varietate
967 811 1192 867 turbari
1223 816 1279 867 et
1299 829 1498 869 amore
1519 815 1624 882 (At.
1657 829 1916 869 amorem

271 899 466 966 tuum)
521 914 637 968 quo
697 897 936 965 laberis,
995 899 1083 954 vel
1144 901 1549 971 translatione,
1577 902 1918 974 veljudicio

263 1003 393 1042 meo
440 1003 569 1042 esse
616 991 980 1043 contentum.
1013 987 1178 1044 Unde
1246 990 1542 1064 impulsus
1593 1008 1628 1047 a
1679 997 1756 1061 te,
1823 991 1918 1048 cui

259 1081 320 1132 et
379 1092 508 1148 quae
541 1093 808 1147 possum,
868 1077 1072 1149 debeo,
1131 1084 1190 1135 et
1245 1095 1373 1152 quae
1430 1098 1547 1137 non
1581 1098 1848 1155 possum,
1898 1085 1915 1119 ί

264 1181 507 1221 rursum
589 1181 683 1221 me
761 1166 1224 1224 obtrectaturum
1309 1169 1622 1226 latratibus
1678 1171 1917 1241 tradidi,

267 1255 573 1325 maluique
634 1260 690 1310 te
749 1255 900 1311 vires
954 1257 1148 1328 potius
1195 1273 1355 1315 meas
1413 1277 1591 1333 quam
1648 1260 1920 1317 volunta-

265 1349 384 1400 tem
419 1344 479 1398 in
514 1343 772 1400 amicitia
803 1361 1082 1416 quaerere.
1117 1346 1283 1404 Certe
1312 1350 1674 1406 confidenter
1703 1351 1919 1422 dicam,

264 1439 324 1489 et
355 1432 574 1488 multos
605 1432 782 1503 hujus
807 1436 1001 1506 operis
1029 1440 1207 1493 testes
1233 1439 1447 1508 citabo,
1473 1455 1562 1495 me
1581 1439 1750 1508 nihil,
1774 1443 1922 1496 dun-

266 1527 433 1579 taxat
463 1523 746 1578 scientem
769 1524 811 1594 2,
835 1525 905 1580 de
932 1524 1216 1582 Hebraica
1236 1527 1474 1584 veritate
1494 1533 1770 1585 mutasse.
1797 1529 1923 1585 Sic-

267 1612 372 1668 ubi
403 1628 540 1684 ergo
563 1611 741 1668 editio
785 1628 915 1669 mea
945 1630 980 1670 a
1008 1615 1304 1672 veteribus
1336 1616 1702 1689 discreparit,
1738 1618 1921 1674 inter-

2023 470 2114 507 me
2146 454 2216 508 ab
2246 451 2477 508 aemulis
2507 452 2725 507 frustra
2747 451 3015 522 lacerari,
3047 452 3148 524 qui
3170 452 3674 508 maluntcontem-

2026 558 2163 597 nere
2221 539 2771 614 videri3praeclara,
2832 557 3012 613 quam
3053 542 3293 596 discere.
3353 542 3677 598 Perversis—

2024 631 2157 686 simi
2191 630 2482 686 homines.
2521 629 2665 686 Nam
2700 647 2834 685 cum
2857 632 2878 665 ⁴
2909 647 3141 702 semper
3190 647 3370 686 novas
3403 635 3679 702 expetant

2022 720 2392 792 voluptates;
2426 723 2483 775 et
2515 718 2662 791 gulae
2697 736 2896 775 eorum
2930 719 3122 775 vicina
3157 719 3345 774 maria
3373 736 3489 774 non
3517 720 3676 774 suffi-

2025 810 2217 866 ciant:
2251 825 2357 864 cur
2389 809 2445 864 in
2479 808 2600 864 solo
2631 809 2827 864 studio
2863 809 3320 880 Scripturarum,
3371 808 3548 862 veteri
3582 825 3679 863 sa-

2023 916 2162 972 pore
2193 899 2447 954 contenti
2472 900 2657 952 sunt?
2685 897 2799 952 Nec
2816 897 2924 952 hoc
2952 898 3102 964 dico,
3129 915 3244 968 quo
3268 897 3678 966 praecessores3

2025 1006 2186 1044 meos
2219 989 2541 1056 mordeam,
2576 991 2678 1042 aut
2708 986 3031 1058 quidquam
3061 987 3130 1040 de
3175 986 3266 1041 his
3301 985 3550 1041 arbitrer
3580 985 3676 1040 de-

2025 1078 2406 1144 trahendum,
2446 1092 2700 1148 quorum
2736 1074 3184 1130 translationem
3226 1073 3680 1146 diligentissime

2026 1169 2423 1235 emendatam,
2448 1166 2588 1221 olim
2620 1181 2760 1220 mete
2787 1164 3002 1236 linguae
3021 1162 3364 1219 hominibus
3383 1163 3676 1231 dederim;

2025 1257 2125 1312 sed
2158 1255 2315 1328 quod
2349 1253 2509 1309 aliud
2545 1254 2623 1309 sit
2655 1253 2712 1307 in
2749 1251 3023 1307 Ecclesiis
3055 1251 3285 1306 Christo
3315 1251 3682 1307 credentium

2027 1344 2291 1399 Psalmos
2320 1342 2536 1415 legere,
2571 1341 2731 1396 aliud
2755 1339 2975 1396 Judaeis
3005 1339 3240 1410 singula
3261 1339 3435 1394 verba
3460 1339 3680 1394 calum-

2026 1432 2332 1488 niantibus
2367 1431 2744 1503 respondere.
2776 1430 2938 1494 Quod
2985 1426 3337 1500 Opusculum
3371 1443 3592 1493 meum,
3630 1427 3680 1484 si

2027 1525 2090 1580 in
2122 1521 2388 1576 Graecum
2414 1521 2506 1591 (ut
2537 1518 2854 1591 polliceris)
2886 1515 3277 1583 transtuleris,
3309 1513 3678 1592 ἀντιφιλονει-

2026 1631 2135 1666 κων
2167 1613 2284 1670 τοῖς
2341 1605 2736 1682 κατασύρουσιν
2767 1609 2789 1643 ⁸
2817 1611 2874 1663 et
2931 1605 3234 1678 imperitiae
3281 1620 3424 1660 meae
3464 1605 3682 1661 doctis-

347 1846 361 1924 ?
394 1848 481 1924 Ita
512 1845 853 1924 adalterius
900 1848 1286 1924 vetustissimi
1321 1850 1567 1924 Reginae,
1599 1868 1711 1908 ms.
1746 1856 1802 1908 et
1846 1853 1918 1908 ad
1951 1848 1997 1912 B
2029 1850 2334 1924 imperitiae
2373 1866 2510 1906 mea:
2545 1847 2921 1924 doctissimos
2956 1847 3109 1924 viros
3143 1849 3324 1924 testes
3358 1847 3556 1924 facere
3588 1862 3690 1902 vo—

271 1917 486 1972 veteris
517 1917 787 1973 editionis
819 1935 911 1973 an.
948 1921 1085 1974 1406
1119 1921 1290 1976 {idem
1321 1917 1515 1978 loc'um
1559 1923 1714 1979 hunc
1746 1927 1918 1980 resti-

275 1990 524 2064 tuimus.
580 1988 978 2064 Nulloautem
1013 1991 1191 2048 ferme
1223 2009 1398 2049 sensu
1451 2011 1582 2050 cum
1619 1995 1717 2050 alii
1760 1995 1919 2064 libri,

275 2067 409 2116 tum
443 2059 1124 2137 Martian.__legerat,_cai
1177 2067 1228 2137 et
1256 2079 1383 2136 quae
1436 2082 1678 2137 possum,
1719 2059 1922 2137 negare

277 2149 394 2188 non
438 2148 674 2210 possum.
711 2133 960 2210 Verbum
992 2135 1155 2210 debeo
1187 2133 1501 2193 Vaticanus
1533 2133 1764 2210 quoilue
1792 2133 1916 2194 ins.

274 2203 566 2280 agnoscit,
595 2206 832 2280 tametsi
864 2210 1095 2260 tantum
1136 2207 1311 2278 legat,
1341 2210 1435 2263 cui
1463 2213 1513 2264 et
1549 2203 1922 2280 'non'possum

265 2277 463 2340 debeo,
493 2276 782 2349 verbis,_el
812 2291 938 2349 qua:
964 2276 1658 2349 possum'prietermissis.
1690 2276 1816 2338 Alia
1855 2299 1924 2338 ex

270 2353 439 2417 parte
472 2363 577 2418 pro
607 2347 847 2420 vocibus
874 2347 1042 2420 debeo
1083 2354 1155 2414 et,
1188 2347 1329 2420 quas,
1365 2351 1480 2407 duo
1510 2351 1610 2408 alii
1643 2369 1672 2408 e
1705 2354 1922 2408 nostris

272 2435 423 2472 mss.
487 2433 617 2494 eum
648 2418 820 2494 editis
871 2418 1053 2494 libris
1083 2418 1322 2490 negare,
1365 2437 1432 2478 eo
1491 2439 1606 2494 quo
1665 2425 1923 2480 diximus

268 2505 453 2575 sensu
506 2489 727 2575 leg-unt,
788 2489 983 2575 Malim
1043 2489 1242 2575 itaqne
1283 2489 1764 2575 concurrentibus
1823 2514 1924 2575 pro

272 2561 431 2637 virili
483 2567 644 2637 parte
675 2561 924 2637 singulis
969 2561 1304 2637 codicibus,
1368 2567 1680 2637 perfectius
1739 2561 1926 2622 multo

271 2631 497 2687 locum’
528 2632 611 2687 ita
670 2633 920 2698 restitui,
953 2633 1054 2688 Cui
1109 2644 1160 2690 et
1203 2651 1330 2706 qua?
1369 2631 1593 2707 possum
1647 2638 1844 2694 debeo:
1876 2643 1927 2694 et

272 2718 403 2774 ριιίε
433 2719 785 2779 ηοηᾼροςςξωη
815 2721 1018 2779 negare
1045 2722 1154 2760 non
1173 2722 1412 2777 possum.
1445 2708 1702 2765 Pronum
1724 2725 1926 2779 nempe

273 2781 367 2830 est
397 2775 707 2847 suspicari,
752 2776 1094 2832 earumdem
1137 2775 1383 2834 occursu
1432 2795 1642 2836 vocum
1676 2775 1926 2836 solem—ni

274 2863 474 2902 errore
538 2847 810 2918 deceptos
872 2864 1284 2916 amanuenses,
1352 2851 1604 2907 alterum
1667 2852 1926 2907 isocolon

281 2918 744 2989 praetermisisse.
790 2919 1500 2995 Nihilominusicongoruo
1532 2940 1693 2994 aeque
1725 2940 1928 2995 sensu,

282 2995 344 3045 et
375 2995 616 3066 utroque
649 2996 868 3045 retento
900 2992 1093 3066 verbo,
1129 2992 1344 3066 legitur
1386 2995 1446 3066 in
1482 2992 1755 3066 Apologia
1787 2992 1928 3050 con;

283 3067 377 3116 tra
412 3061 683 3137 Ruﬁnum
717 3063 975 3137 secunda
1007 3061 1270 3128 num.30,
1301 3065 1397 3119 ubi
1417 3061 1748 3137 postrenam
1778 3068 1930 3122 hanc

285 3150 408 3187 sure
463 3132 819 3188 Praelationis
866 3137 1089 3205 partem
1124 3132 1487 3208 recognoscit
1515 3141 1571 3192 S.
1608 3138 1795 3208 Pater,
1839 3137 1931 3192 cui

2030 1919 2234 1992 lue—ris,
2269 1940 2383 1978 non
2417 1939 2586 1978 secus
2619 1920 2796 1976 l'acies
2826 1937 3003 1990 quam
3029 1919 3132 1992 illi,
3168 1919 3266 1992 qui
3288 1919 3686 1992 antearhores

2030 1989 2400 2052 ramusculos
2426 1995 2718 2048 atl‘erunt:
2754 1989 2910 2046 unde
2941 1991 3144 2046 merito
3176 1990 3364 2045 dicam
3399 1990 3503 2044 tibi
3539 1989 3683 2044 illud

2027 2066 2454 2123 Horatianum:
2488 2064 2550 2120 in
2573 2066 2769 2119 silvam
2797 2079 2866 2118 ne
2894 2063 3058 2131 ligna
3105 2065 3274 2132 fera—3.
3339 2067 3469 2117 Haec
3501 2077 3687 2131 quan-

2031 2139 2248 2194 tumvis
2281 2139 2394 2192 sibi
2427 2142 2714 2191 Cohaerere
2747 2134 3080 2201 videantur,
3113 2150 3228 2188 non
3253 2133 3397 2188 mihi
3429 2133 3686 2187 multum

2033 2211 2330 2275 arrident;
2383 2214 2504 2262 tum
2537 2207 2691 2277 quod
2725 2205 3020 2260 sententia
3053 2206 3308 2277 perfecta
3339 2204 3417 2258 sit
3463 2205 3690 2274 absque

2033 2283 2124 2336 his
2155 2281 2366 2336 Graecis
2400 2275 2632 2333 verbis:
2689 2284 2811 2334 tum
2847 2277 2990 2348 quia
3031 2275 3406 2346 reperiuntur
3453 2277 3688 2348 codices

2035 2370 2172 2408 mss.
2207 2352 2266 2406 in
2299 2349 2510 2421 quibus
2533 2350 2775 2421 absunt
2809 2347 3154 2418 hUjusmodi
3189 2361 3394 2421 voces:
3427 2347 3567 2421 talis
3599 2352 3692 2402 est

2030 2417 2410 2490 Sorbonicus,
2471 2420 2603 2476 talis
2660 2427 2715 2476 et
2748 2417 3066 2474 Vaticanus
3128 2436 3182 2472 n.
3234 2418 3378 2490 344.Δ
3425 2417 3692 2490 Denique

2037 2512 2141 2550 nec
2181 2488 2453 2548 Erasmus
2483 2509 2588 2547 nec
2630 2491 2932 2546 Marianus
2966 2490 3251 2562 proverbii
3283 2488 3457 2562 istius
3506 2489 3690 2562 Graeci

2035 2567 2354 2622 meminere
2380 2564 2440 2620 in
2471 2565 2594 2618 suis
2614 2562 2850 2617 edition.
2877 2582 2891 2630 ;
2927 2559 3121 2617 nescio
3143 2578 3215 2615 an
3233 2560 3311 2614 rei
3340 2559 3689 2616 difﬁcultate

2041 2638 2198 2703 victi,
2228 2654 2301 2691 au
2352 2634 2546 2706 potius
2579 2635 2806 2706 defectu
2841 2633 3224 2706 vetustiorum
3256 2631 3682 2706 exemplarium

2039 2725 2181 2764 mss.
2218 2703 2435 2780 quibus
2467 2723 2574 2761 nos
2605 2705 2998 2775 abundamus,
3052 2704 3362 2757 manitesto
3394 2703 3541 2757 satis
3573 2719 3685 2757 nu-

2040 2781 2217 2835 mine.
2256 2783 2438 2832 Man'r.

2107 2879 2180 2892 —
2210 2849 2316 2903 Vix
2356 2849 2513 2903 dictu
2547 2851 2658 2912 est,
2689 2863 2863 2918 quam
2900 2845 2957 2901 in
2999 2845 3108 2900 hoc
3138 2844 3264 2918 loco
3289 2843 3681 2918 _rest_ituen_do

2040 2939 2141 2993 pro
2173 2938 2280 2976 suo
2313 2920 2564 2993 quisque
2597 2914 2830 2993 ingenio
2866 2914 3557 2993 laboraverinthomines
3589 2916 3686 2993 do-

2039 2987 2312 3054 ctissimi,
2328 2987 2417 3046 'ab
2435 2987 2698 3061 ekposita
2715 2989 2969 3061 primum
2993 3005 3091 3061 per
3108 2987 3543 3061 Benedictinum
3560 2987 3687 3041 edi-

2041 3071 2222 3120 torem
2255 3063 2452 3119 Graeca
2485 3057 2626 3116 mss.
2661 3057 2927 3116 codicum
2961 3057 3205 3114 lectione
3235 3058 3306 3112 ad
3326 3057 3475 3112 hanc
3499 3073 3688 3128 usque

2043 3137 2235 3190 diem:
2275 3136 2491 3207 priores
2515 3132 2672 3188 enim
2703 3132 2954 3207 editores
2977 3136 3034 3207 et
3067 3129 3268 3207 critici.
3299 3129 3494 3207 Grmca
3519 3130 3692 3207 paulo

285 3208 339 3291 et
385 3221 505 3275 quae
535 3220 640 3291 iam
668 3200 911 3291 ῃοεδςυῆ,
971 3200 1307 3291 ηςθαναμιιῇξ
1339 3207 1551 3291 ἀθρεομ
1585 3200 1794 3291 eaque.
1826 3211 1936 3264 lor-
1969 3217 2010 3283 ρ
2045 3200 2413 3291 corruptiore
2433 3205 2725 3260 elementa
2768 3203 2862 3291 hic
2894 3203 3004 3257 loci
3034 3201 3178 3291 quid
3222 3205 3421 3291 essent
3449 3206 3503 3284 et
3552 3200 3693 3291 quid

284 3282 443 3352 tasse
470 3279 564 3352 est
604 3275 844 3352 reliquis
878 3278 1239 3352 praeferenda
1289 3278 1479 3352 lectio.
1513 3275 1776 3352 Denique
1831 3297 1938 3336 nec

285 3347 438 3404 male
470 3347 644 3402 habet
676 3347 1133 3418 antiquissimus
1162 3350 1392 3420 Regina:
1425 3351 1589 3418 liber,
1620 3347 1715 3408 cu'i
1742 3356 1791 3408 et
1819 3367 1942 3424 quae

284 3437 395 3476 non
417 3435 656 3491 possum,
689 3435 902 3488 negare
930 3435 1039 3474 non
1066 3436 1310 3492 possum,
1333 3427 1444 3477 etc.

363 3511 385 3544 ³
422 3510 480 3564 In
515 3507 692 3563 veteri
722 3508 945 3563 dudum
988 3508 1224 3564 laudata
1268 3510 1540 3575 editione.
1601 3512 1750 3568 nihil
1796 3515 1942 3568 dun-

290 3585 452 3656 taxat
495 3582 802 3656 sententiae,
855 3597 958 3652 pro
988 3582 1268 3637 scientem.
1322 3587 1455 3649 Quae
1489 3583 1729 3656 quidem
1773 3584 1945 3639 lectio

294 3651 674 3708 incommoda
705 3652 830 3722 ipsa
861 3651 1091 3723 quoque
1123 3669 1236 3707 non
1278 3660 1366 3708 est
1397 3679 1411 3720 ;
1446 3651 1694 3711 fortasse
1748 3659 1946 3711 autem

291 3729 353 3779 et
385 3723 575 3797 verior
604 3723 786 3777 videri
822 3723 1122 3797 nonnullis
1156 3725 1356 3794 possit,
1401 3727 1500 3797 qui
1548 3727 1949 3795 Ilieronymiao

293 3811 432 3850 nam
466 3793 893 3866 interpretandi
919 3793 1204 3850 rationem
1225 3813 1290 3852 ac
1314 3793 1577 3865 modum,
1605 3798 1659 3853 id
1697 3793 1807 3865 est,
1834 3816 1949 3854 non

294 3867 541 3920 verbum
575 3882 605 3920 e
637 3867 830 3933 verbo,
863 3867 962 3920 sed
995 3883 1233 3923 sensum
1266 3885 1296 3922 e
1327 3869 1710 3935 sensu,innui
1746 3871 1946 3924 velint.

299 3938 520 4012 Verum
553 3939 747 4012 obstat
776 3937 1048 4012 geminus
1076 3937 1213 3993 huic
1244 3938 1406 4012 locus
1447 3940 1506 4012 in
1540 3939 1782 4012 Prologo
1831 3941 1951 3995 Ga-

301 4011 478 4082 leato,
512 4008 609 4063 ubi
641 4008 711 4082 de
761 4008 868 4064 s'ua
897 4009 1023 4080 ipse
1076 4010 1434 4066 conscientia
1462 4008 1740 4082 loquens:
1795 4011 1948 4081 Mihi,

296 4080 516 4152 inquit,
538 4079 762 4136 omnin)
782 4079 1056 4138 consaus
1078 4099 1189 4136 non
1216 4098 1361 4148 sum,
1394 4099 1480 4138 me
1510 4079 1720 4154 aliquid
1740 4083 1810 4139 de
1842 4079 1958 4139 Ile-

304 4154 498 4209 ι)ναίοα
526 4154 762 4208 veritate
799 4155 1052 4208 mutasse.

378 4241 401 4275 ³
431 4241 706 4297 Fortasse
755 4240 974 4296 rectius
1027 4240 1333 4310 legendum
1365 4245 1474 4309 est,
1526 4252 1869 4299 contemnere
1906 4247 1960 4298 et

309 4313 583 4380 invidere,
619 4317 754 4378 etc.,
790 4329 894 4383 pro
926 4311 1120 4368 videri.
1156 4314 1323 4368 Paria
1351 4313 1441 4368 his
1476 4319 1670 4371 tamen
1694 4315 1870 4370 habet
1899 4315 1960 4370 S.

309 4385 484 4439 Pater
540 4385 598 4438 in
661 4383 919 4456 prologis
969 4385 1055 4456 ad,
1088 4385 1414 4456 versionem
1477 4386 1839 4441 Psalnorum
1896 4402 1966 4441 ex

308 4456 538 4521 Graeco,
571 4459 628 4527 et
665 4454 745 4510 ad
778 4454 994 4510 librum
1042 4455 1546 4527 Paralipomenon.
1605 4457 1964 4513 Sententiam

308 4532 511 4582 autem
543 4526 772 4582 videtur
801 4544 834 4582 a
863 4527 1051 4582 Plinio
1080 4526 1396 4599 accepisse.

2051 3279 2163 3334 sibi
2195 3271 2407 3333 vellent
2439 3293 2551 3331 non
2597 3275 2873 3341 assecuti,
2915 3271 3148 3346 penitus
3178 3271 3700 3346 praetermiserunt.

2053 3355 2372 3421 Postquam
2410 3347 2736 3421 verqlecta
2769 3345 3084 3421 utcunque
3115 3345 3353 3399 fuerunt
3392 3361 3426 3398 a
3463 3345 3700 3421 Martia-

2055 3414 2436 3491 nzeofatque
2492 3419 2606 3474 alio
2669 3421 2912 3491 tandem,
2964 3414 3172 3491 Latino
3225 3417 3700 3491 sensurdpnata,

2055 3487 2194 3548 cum
2223 3509 2325 3548 nec
2343 3487 2548 3546 Ὀρωοο
2579 3494 2774 3544 tamen
2807 3489 2952 3543 satis
2983 3493 3134 3543 recte
3162 3487 3462 3554 haberent,
3499 3487 3703 3541 Latine

2057 3563 2248 3620 conati
2310 3568 2450 3619 sunt
2479 3578 2640 3632 aeque
2671 3561 2768 3615 alii
2825 3559 3135 3632 infeliciter
3162 3575 3174 3612 ε
3200 3563 3274 3632 ut
3306 3564 3438 3629 post
3473 3559 3699 3632 variam

2057 3636 2364 3691 hominum
2399 3629 2854 3698 contentionem,
2889 3631 3026 3703 quid
3061 3629 3494 3703 signiﬁcarent,
3519 3631 3705 3703 incer-

2059 3709 2176 3762 tius
2205 3707 2627 3778 propemodum
2659 3711 2811 3778 esset
2843 3700 3018 3778 quam
3044 3700 3710 3778 antea:_§e_aitﬂi_t_l_eiin:

2059 3771 2288 3832 venisse
2316 3771 2375 3831 in
2397 3776 2795 3829 vetustnribus
2829 3771 3140 3842 scriptum,
3165 3771 3703 3842 ANTl<bAONth2N

2059 3853 2324 3906 TOBAIA
2383 3847 2737 3909 Cl‘POl‘ClN,
2798 3840 3086 3914 quae—legi
3147 3858 3319 3912 posse
3350 3842 3534 3896 docet.
3590 3840 3710 3914 avri

2063 3919 2323 3991 φοινίκων
2354 3917 2439 3991 ᾲτὰ
2469 3913 2898 3991 βαίηᾼσῦρουξιν,
2955 3930 3020 3967 ac
3052 3913 3236 3991 reddi,
3281 3928 3461 3991 coram
3504 3913 3708 3991 patinis

2063 3979 2244 4049 ramos
2271 3979 2753 4062 palmm'trahurit.
2791 3987 2860 4042 Ut
2907 4001 3116 4062 sensus
3149 3984 3244 4062 sit,
3278 3984 3324 4038 si
3352 3979 3706 4062 opusculum

2067 4055 2356 4120 meum'in
2403 4061 2668 4116 Graecum
2701 4056 3094 4122 transtuleris,
3122 4061 3178 4109 et
3210 4055 3512 4126 imperitiae
3565 4071 3707 4110 mea:

2067 4133 2442 4191 doctissimos
2471 4131 2624 4186 viros
2656 4135 2835 4185 testes
2870 4130 3053 4182 facere
3085 4127 3358 4192 volueris,
3391 4143 3504 4181 non
3540 4142 3709 4181 secus

2072 4206 2267 4272 facies,
2303 4220 2477 4275 quam
2509 4203 2616 4275 illi,
2640 4201 2742 4275 qui
2765 4203 2896 4254 ante
2922 4201 3157 4275 arbores
3179 4197 3549 4275 ramusculos
3569 4199 3705 4275 alle-

2073 4281 2209 4334 runt
2232 4267 2435 4331 {unde
2466 4267 2674 4329 merito
2691 4273 2880 4327 dicam
2916 4271 3016 4325 tibi
3051 4269 3194 4324 illud
3222 4270 3618 4330 Horatianum,
3647 4267 3710 4322 in

2072 4350 2271 4406 silvam
2300 4364 2367 4402 ne
2397 4346 2548 4414 ligna
2576 4351 2744 4416 /era.s.
2777 4348 2960 4410 Quam
2994 4358 3123 4396 vero
3154 4341 3298 4416 l'alsa
3319 4357 3386 4416 ea
3415 4340 3492 4394 sit
3520 4339 3712 4416 lectio,

2075 4435 2370 4493 quamque
2401 4411 2528 4489 ipsa
2558 4411 2902 4493 incongrua,
2926 4418 3099 4493 atque
3122 4413 3376 4493 absurda
3405 4411 3714 4493 sententia,

2078 4483 2145 4548 ex
2175 4483 2292 4557 his,
2317 4483 2442 4560 quai
2475 4505 2608 4543 mox
2647 4483 3180 4560 explicandajsunt,
3218 4485 3373 4560 nein
3398 4499 3466 4560 ea
3509 4483 3717 4560 confu-

2079 4563 2257 4620 tanda
2274 4554 2602 4643 perdamus
2651 4554 2912 4630 operam,
2929 4555 3115 4643 .plane
3133 4554 3462 4643 constahit.
3489 4558 3716 4643 “Quan-

387 4617 410 4650 ι
439 4615 525 4670 his
583 4616 764 4671 codex
791 4615 828 4671 S
995 4615 1030 4670 h
1131 4616 1143 4628 ,
1201 4584 1236 4628 ,⁵
1398 4616 1408 4627 ,
1705 4617 1716 4629 ,
1997 4584 2042 4648 D
2079 4584 2257 4620 tanna
2286 4584 2602 4643 [)BI‘UWUUL?
2651 4584 2912 4630 Upurulu,
2947 4584 3115 4626 pmuc
3152 4584 3462 4637 U.UU:DL(1UIL.
3512 4584 3716 4637 μεμαυ-

910 4614 1968 4706 ﬁctilemPesz'wtomaremylta
2076 4650 2250 4706 quam
2290 4625 3716 4706 Inhopmmuspeccstumvellmatlsrttsnmo»

313 4688 405 4744 sic
435 4687 612 4741 habet
669 4687 870 4742 addita
900 4691 957 4743 et
988 4693 1249 4743 mutata:
1292 4687 1313 4738 ὲ
1352 4688 1436 4744 Me
1468 4689 1540 4743 ab
1571 4688 1802 4743 aemulis
1846 4690 1966 4743 fru-

311 4766 441 4815 stra
475 4757 708 4824 laniari,
741 4759 840 4831 qui
872 4759 959 4814 vel
992 4759 1214 4831 invidia
1243 4758 1332 4814 vel
1376 4759 1692 4831 supercilio
1737 4759 1967 4814 malunt

312 4835 692 4902 contemnere
708 4829 896 4902 videri
922 4829 1220 4902 praeclara,
1255 4847 1430 4902 quam
1455 4829 1699 4886 discere.
1732 4835 1967 4887 Perver-

311 4901 828 4975 sissimihomines
855 4919 868 4956 :
901 4901 1050 4957 etde
1075 4901 1411 4975 turbulento
1436 4903 1624 4975 magis
1646 4903 1766 4958 rivo
1779 4918 1966 4975 quam

316 4976 393 5029 de
428 4972 742 5043 purissimo
778 4974 932 5028 fonte
965 4974 1170 5044 potari.
1207 4979 1352 5029 Nam
1385 4972 1606 5044 cumf»
1641 4979 1751 5030 etc.
1777 4974 1964 5028 MART.

395 5063 417 5096 ⁵
446 5063 816 5119 Prazcessores
865 5061 1079 5118 habent
1131 5074 1298 5132 mss:,
1352 5080 1467 5118 non
1523 5063 1964 5135 praedecessores.

316 5140 880 5260 M’E—ifriiestituimus
908 5220 1278 5275 prxeessores,
1309 5205 1464 5274 quod
1499 5221 1637 5260 mss.
1671 5205 1803 5260 libri
1836 5222 1964 5261 om-

317 5294 427 5334 nes
472 5279 645 5348 atque
676 5276 818 5331 editi
849 5277 1197 5332 vetustiores
1229 5275 1562 5348 praeferunt.
1594 5279 1774 5332 Antea
1819 5281 1964 5344 erat,

313 5347 762 5423 praedecessor“,

391 5421 412 5454 ⁸
440 5420 680 5474 Addunt
733 5421 843 5475 hoc
871 5418 998 5475 loco
1048 5418 1370 5475 vetustiora
1407 5418 1760 5490 exemplaria
1799 5437 1970 5490 quas-

317 5492 455 5548 dam
480 5492 706 5548 Grtecas
723 5507 916 5555 voces,
948 5509 977 5546 e
1009 5492 1226 5562 quibus
1251 5491 1478 5546 nullum
1499 5508 1735 5546 sensum
1761 5491 1967 5546 elicere

364 5563 487 5618 otui
519 5580 532 5618 :
567 5561 1113 5619 ΑΝΤΙΦΑΟΝΙΚΩΝ
1160 5563 1423 5618 ΤΟΒΑῙΑ
1455 5561 1812 5629 ΟΥΡΟΥΟΙΝ,
1850 5562 1966 5617 nisi

344 5634 636 5706 egeadum
693 5635 792 5712 sit,
823 5632 939 5688 ἀντὶ
996 5633 1252 5712 φοινὶκῳν
1298 5633 1366 5687 τὰ
1400 5635 1524 5712 [iam
1578 5631 1852 5712 σρρουσιν,
1905 5634 1963 5712 id

323 5712 414 5762 est
443 5707 860 5778 coramipalmae
883 5707 1067 5764 ram'os
1094 5707 1300 5778 palmae
1327 5707 1574 5762 trahunt.
1600 5707 1820 5778 sensus
1853 5709 1964 5771 est,

328 5778 380 5836 si
411 5777 764 5851 opusculum
824 5795 1020 5836 meum
1073 5777 1134 5835 in
1166 5777 1428 5836 Graecum
1482 5777 1877 5849 transtuleris,
1909 5782 1966 5836 et

2075 4697 2404 4774 damusque
2424 4703 2572 4759 ultro
2595 4697 2846 4774 veniam,
2871 4699 2998 4774 siin
3023 4714 3302 4774 perquam
3325 4697 3552 4774 difﬁcili
3575 4714 3718 4774 con-

2069 4769 2376 4848 jungenda
2396 4781 2578 4848 atque
2604 4772 2972 4848 explananda
2993 4769 3285 4848 sententia
3309 4769 3587 4848 deceptus
3609 4772 3717 4823 est.

2079 4841 2228 4904 lllu‘d
2254 4847 2440 4918 magis
2466 4841 2942 4918 improbandum,
2962 4842 3111 4911 quod
3137 4857 3204 4896 ea
3226 4841 3570 4918 ipsaverba,
3591 4853 3716 4918 quae

2077 4921 2188 4976 sibi
2221 4912 2446 4990 optime,
2472 4912 2758 4990 conterere
2787 4915 3158 4990 videbantur,
3193 4912 3374 4966 vetuit
3405 4912 3462 4965 in
3496 4916 3718 4990 textum

2077 4983 2294 5060 rccipi':
2328 5006 2392 5044 ac
2437 4988 2658 5063 levibus
2691 5002 2830 5041 sane
2863 4987 2931 5063 de
2963 4986 3354 5063 causi_s,_put_a
3385 4983 3541 5063 quod
3594 4997 3719 5063 per-

2077 5055 2263 5119 fectus
2313 5061 2594 5116 orationis
2625 5075 2835 5114 sensus
2865 5058 3089 5126 absque
3121 5055 3236 5110 illis
3269 5055 3366 5115 sit,
3402 5061 3525 5126 tum
3577 5055 3721 5123 quia

2077 5135 2192 5190 duo
2241 5133 2473 5189 codices
2505 5147 2647 5186 mss.
2699 5125 3106 5200 suppetebant,
3142 5143 3296 5200 unus
3334 5125 3718 5200 Sorbonicus,

2073 5206 2222 5261 alter
2262 5203 2604 5277 Vaticanus,
2629 5197 2906 5277 a_qu‘ibus
2958 5214 3122 5277 voces
3170 5197 3281 5277 illa:
3339 5197 3599 5277 aberant,
3634 5198 3722 5277 te-

2077 5293 2234 5333 mere
2269 5268 3360 5348 repudiavit_.__Enimvero‘si‘quimss.
3395 5268 3467 5348 iis
3497 5270 3720 5348 carent,

2077 5365 2249 5404 nemo
2309 5337 2423 5402 n‘on
2469 5342 2993 5415 intelligit,librarii
3027 5337 3276 5415 alicujus
3325 5337 3513 5415 Latini
3573 5337 3722 5415 hanc

2075 5421 2259 5476 fuisse
2320 5417 2576 5490 culpam,
2623 5408 2726 5490 qui
2756 5408 2966 5490 Graeca
3021 5408 3392 5490 sibih'ignota
3441 5408 3725 5490 vacabula

2076 5480 2490 5565 praetermisit}
2527 5480 2661 5565 nam
2702 5487 2824 5565 fieri
2860 5481 3195 5565 vixOpotu-it,‘
3226 5484 3289 5534 ut
3317 5480 3375 5533 in
3428 5480 3724 5565 plerisque

2077 5550 2211 5619 aliis
2257 5559 2711 5633 exemplaribus,
2752 5562 2930 5627 atque
2964 5554 3034 5608 iis
3084 5557 3140 5606 et
3182 5550 3724 5633 longeyetustioris

2075 5633 2284 5698 aetatis,
2317 5636 2376 5704 et
2409 5621 2666 5704 melioris
2700 5621 2870 5704 notae,
2899 5642 2966 5680 ea
3010 5638 3314 5704 perperam
3347 5621 3417 5704 de
3449 5639 3556 5677 suo
3589 5623 3728 5704 quis

2074 5694 2385 5762 addiderit.
2423 5703 2482 5758 ld
2516 5717 2684 5774 porro
2715 5701 2935 5774 ipsum,
2969 5695 3132 5774 quod
3157 5694 3332 5748 etiam
3367 5694 3726 5774 sipeverbis

2072 5777 2192 5837 illis
2223 5775 2478 5850 perfecta
2516 5765 2757 5832 'constet
2785 5767 3095 5842 sententia,
3117 5766 3178 5824 in
3208 5781 3386 5825 causa
3414 5765 3526 5826 fuit
3554 5765 3739 5841 impe'
