4050 6182
382 223 520 280 1187

1419 225 1478 276 S.
1519 222 1924 278 HIERONYMI
1963 221 2217 275 DIVINA
2254 218 2749 276 BIBLIOTHECA.

3651 217 3795 272 1188

382 351 565 408 simos
596 347 958 421 quoque(Al.
991 346 1277 418 quosque)
1314 345 1467 402 viros
1498 351 1675 402 testes
1709 347 1893 402 facere
1915 363 2014 402 νο·
2047 349 2096 415 Α
2132 345 2328 402 labore
2386 344 2681 400 communi
2742 341 3094 414 intelligam,
3129 341 3271 397 mihi
3319 345 3377 397 et
3427 341 3689 409 laudem,
3741 359 3793 411 et

387 441 590 510 lueris,
619 440 806 493 dicam
841 437 942 491 tibi
976 435 1117 490 illud
1152 435 1576 491 Horatianum‘
1612 454 1625 493 :
1660 439 1719 492 In
1741 439 1936 492 silvam
1956 451 2024 491 ne

385 532 540 602 ligna
587 530 753 598 feras.
787 526 908 581 Nisi
944 526 1100 597 quod
1133 525 1240 581 hoc
1290 525 1514 582 habebo
1545 525 1828 597 solamen,
1861 526 1909 582 si
1961 526 2022 581 in

386 707 498 761 rito
554 705 777 769 scribzn,
839 707 903 756 ut
957 718 1084 772 quae
1144 701 1341 757 minus
1397 701 1779 768 intelligebat,
1838 702 2023 757 tutius

384 779 884 849 praetermitteret:
931 780 1105 849 atque
1137 773 1248 849 alia
1277 791 1346 828 ex
1375 779 1538 849 parte
1571 775 1755 849 magis
1777 775 2021 849 evincit,

383 845 498 904 non
547 865 674 903 esse
702 847 802 900 illa
867 862 897 900 e
927 845 1273 917 glossatoris
1308 846 1560 917 protecta
1596 846 1848 916 ingenio,
1896 863 2025 917 quas

383 919 528 975 nihil
561 935 708 990 opus
741 919 930 972 fuerat
978 916 1271 990 supplere.
1305 923 1448 971 Sunt
1482 916 1662 990 igitur
1691 934 1864 987 quam
1899 916 2024 989 quae

382 988 634 1047 maxime
694 989 1172 1058 Hieronymiana,
1225 1004 1350 1057 quze
1411 988 1718 1058 repudiare
1751 993 1882 1058 post
1919 988 2026 1044 tot

380 1061 802 1134 exemplarium
832 1059 1254 1134 auctoritatem
1291 1076 1402 1113 non
1435 1058 1666 1134 licebat.
1703 1063 1914 1134 verum
1955 1061 2026 1115 de

381 1130 566 1189 recta'
593 1149 795 1188 eorum
831 1131 1076 1186 lectione
1125 1147 1190 1184 ac
1235 1147 1412 1185 sensu
1448 1130 1868 1200 inquirendum
1914 1136 2022 1186 est.

379 1211 579 1276 Nuper
609 1205 760 1276 alius
783 1205 852 1257 de
884 1201 1392 1276 Benedictinorum
1425 1218 1598 1276 grege
1630 1203 1916 1276 Martinus
1947 1203 2028 1258 ita

382 1273 581 1334 Grazca
636 1275 796 1346 legit,
831 1282 892 1328 ut
950 1274 1317 1346 nescioquid
1361 1275 1431 1346 de
1462 1273 1728 1346 Syrorum
1787 1274 2026 1344 Conopco

381 1349 603 1404 dictum
651 1343 804 1411 velit,
839 1351 894 1400 et
926 1344 1280 1416 persuadere,
1307 1344 1485 1416 vulgo
1512 1343 1714 1399 multis
1742 1343 2025 1416 conetur,

381 1421 671 1489 nobisque
704 1414 1120 1487 dicamfprout
1150 1420 1239 1470 est
1271 1414 1526 1489 hominis
1559 1415 1884 1485 ingenium,
1918 1417 2028 1470 im-

379 1487 600 1563 peritiae
636 1490 947 1563 impingat.
982 1488 1214 1563 Librum
1241 1489 1376 1563 ejus
1396 1487 1535 1542 olim
1563 1504 1667 1541 nos
1684 1493 1820 1542 ante
1842 1504 2029 1543 annos

383 1557 504 1618 l'ere
535 1557 738 1616 decem
796 1557 982 1614 oculis
1013 1557 1395 1613 lustravimus
1439 1575 1608 1629 quem
1635 1575 1767 1613 cum
1795 1575 1900 1613 nec
1945 1565 2032 1613 te-

381 1633 567 1688 runcii
603 1634 948 1698 taceremus,
975 1631 1252 1684 adnotare
1285 1630 1422 1700 quid
1447 1631 1744 1699 ejusesset
1769 1635 1862 1685 stu
1877 1630 2030 1699 pidi-

380 1706 520 1794 tatils
566 1703 898 1794 pmisimps.
936 1701 1208 1794 JCleLricus
1253 1703 1404 1794 ᾼςιίε
1449 1700 1680 1794 Critiae
1734 1707 1900 1794 parite
1938 1719 2024 1794 in,
2060 1730 2103 1794 Β

377 1781 518 1832 sect.
564 1779 613 1844 1,
647 1791 774 1846 cap.
812 1775 896 1840 14,
929 1774 1239 1828 doeturum
1273 1772 1328 1846 id
1361 1788 1444 1835 se,
1490 1773 1631 1826 satis
1663 1773 2023 1846 confidenter

377 1844 737 1920 pronuntiat,
769 1851 941 1920 atque
973 1861 1088 1920 uno
1108 1847 1279 1920 verbo
1311 1844 1830 1920 interpretaturum
1863 1845 2018 1915 quod

377 1915 738 1976 i’arisieuses
800 1915 1155 1972 Benedictini
1221 1915 1456 1985 assequi
1509 1933 1621 1970 non
1685 1921 2019 1985 potuerunt.

378 1997 645 2047 Attamen
688 1989 863 2061 (quod
900 2004 1083 2057 operm
1119 1988 1368 2061 pretium
1406 1986 1631 2061 fuisset)
1664 2003 1734 2041 ne
1765 1987 2024 2042 litterula

377 2063 613 2134 quidem
676 2057 792 2115 una
823 2061 893 2112 ab
926 2075 1125 2134 eorum
1164 2057 1407 2134 lectione
1441 2059 1718 2134 inGrmco
1770 2064 2018 2134 mutata,

374 2127 718 2189 vertendum
765 2136 996 2185 tantum
1030 2131 1128 2192 ait,
1161 2145 1258 2198 pro
1289 2127 1548 2198 duca/lis,
1584 2145 1762 2182 ramos
1793 2130 2020 2184 trahen-

375 2206 563 2259 tibus:
610 2201 1188 2274 quodegregiumin
1225 2201 1329 2253 hoc
1361 2199 1484 2254 loco
1535 2216 1774 2274 sensum
1813 2202 2022 2274 habere

379 2270 698 2340 contendit,
742 2270 1030 2344 siquidem
1061 2273 1311 2344 obscure
1345 2276 1519 2344 atque
1549 2270 1844 2341 eleganter
1886 2272 2021 2344 Hie:

379 2364 660 2417 ronymus
683 2342 878 2399 illudit
897 2343 1129 2417 Grecis,
1154 2342 1601 2417 quiversionem
1627 2347 1848 2397 tantum
1878 2343 2019 2417 LXX

381 2413 767 2488 Interprctum
828 2416 1006 2485 hujus
1057 2413 1189 2488 libri
1228 2413 1780 2488 legebanttquam
1848 2415 2019 2488 tacite

379 2483 603 2544 confert
655 2488 833 2542 ramis
872 2483 1058 2540 fructu
1092 2484 1412 2549 destitutis,
1449 2483 1651 2555 quales
1686 2490 1825 2538 sunt
1872 2485 2018 2540 rami

377 2562 707 2632 palmarum
724 2577 746 2632 γε
766 2558 1104 2632 Hebraicam
1123 2572 1252 2610 vero
1270 2555 1568 2632 veritatem
1587 2557 1819 2632 [ructui,
1845 2572 2020 2626 quem

381 2626 520 2686 dum
555 2631 734 2686 Graeci
790 2647 851 2685 se
883 2631 1188 2699 decerpere
1222 2627 1525 2699 putabant,
1582 2626 1811 2699 frustra
1833 2633 2020 2696 erant,

376 2710 433 2758 et
465 2703 693 2758 steriles
726 2703 1008 2756 duntaxat
1039 2698 1233 2754 ramos
1252 2698 1559 2771 vehebant.
1595 2698 1722 2752 Haec
1753 2704 1874 2754 tota
1893 2701 2020 2771 ejus

374 2773 738 2830 ratiocinatio
797 2776 903 2838 est,
941 2788 1117 2841 quam
1145 2787 1211 2824 ex
1269 2769 1462 2835 Plinii,
1496 2770 1597 2824 lib.
1641 2787 1742 2836 x11,
1776 2769 1935 2842 capf
1966 2772 2018 2842 4,

372 2846 708 2902 testimonio
759 2845 827 2899 de
862 2843 1071 2914 palmae
1102 2846 1334 2914 natura,
1364 2859 1488 2914 qua:
1521 2857 1760 2911 pomum
1820 2841 1930 2896 lert
1960 2841 2019 2896 in

370 2918 700 2982 cacumine,
760 2912 878 2970 non
933 2916 1084 2969 inter
1115 2912 1271 2977 folia,
1321 2912 1660 2966 insultando
1692 2919 2019 2983 exaggerat.

374 2990 651 3059 lteposuit
679 3005 810 3042 vero
827 2989 1211 3059 Martinnzcus,
1239 3000 1407 3037 suam
1437 2988 1679 3038 conatus
1701 2985 1768 3038 de
1789 2986 2022 3059 l'endere

376 3057 579 3116 multis
605 3060 795 3114 verbis
825 3057 1393 3129 interpretationem,
1418 3061 1569 3129 certe
1593 3060 1814 3126 quanta
1838 3058 2024 3129 potuit

374 3131 773 3193 animositate,
835 3127 1008 3200 atque
1065 3128 1121 3181 in
1183 3127 1584 3200 adversarium
1638 3128 2020 3200 contumelia.

375 3205 524 3258 Tum
560 3202 765 3272 nugari
794 3197 1163 3272 emptumest
1196 3197 1406 3268 magis,
1431 3203 1606 3268 atque
1638 3203 1702 3253 ut
1733 3199 1910 3254 semel
1937 3201 2024 3253 di-

375 3289 524 3343 cam,
558 3270 998 3328 Andabatarum
1051 3270 1204 3325 inter
1232 3285 1327 3324 eos
1363 3286 1520 3326 more
1555 3275 2022 3343 pugnatumest.

373 3341 873 3416 Alii,quistudio
908 3343 1160 3416 partium
1197 3358 1403 3416 pugnae
1437 3341 2022 3416 successerunt(lon-

377 3433 517 3488 gum
558 3414 871 3488 enimpost
902 3417 999 3488 hic
1046 3414 1312 3488 singulos
1334 3416 1697 3488 recensere),
1735 3414 2026 3488 praecipue

375 3483 510 3543 vero
542 3488 640 3558 qui
664 3485 1072 3556 Ephcmerides
1103 3483 1416 3558 litterariae
1442 3483 1728 3558 scribunt,
1752 3483 2024 3558 Latinium

378 3553 618 3614 sensum
655 3553 808 3611 nunc
832 3575 966 3622 uno,
999 3571 1154 3610 nunc
1179 3553 1359 3608 altero
1385 3554 1707 3608 substituto
1731 3554 1927 3624 verbo,
1953 3557 2022 3610 ad

379 3634 860 3703 praeconccptarn
895 3627 1229 3698 opinionem
1253 3624 1490 3703 trahere
1523 3626 2026 3703 atqueﬂcxplicare

379 3695 570 3758 conati
623 3695 783 3755 sunt.
816 3695 998 3754 Nemo
1051 3713 1203 3752 unus
1236 3697 1305 3751 de
1355 3695 1654 3767 religenda
1703 3695 1898 3752 Graeca
1946 3697 2026 3752 le-

377 3775 537 3829 tione
586 3772 880 3844 cogitavit,
930 3786 1104 3838 quam
1142 3774 1469 3844 _tamen,ut
1519 3772 1749 3844 recepta
1800 3770 2024 3844 pridem

376 3850 522 3910 erat,
556 3839 866 3898 obscuram
903 3841 1252 3897 sententiam
1290 3840 1548 3904 reddere,
1581 3839 1692 3910 ipsi
1728 3839 1841 3895 non
1877 3841 2029 3896 dit'li-

379 3918 658 3972 tebantur
681 3935 694 3985 ;
719 3916 830 3970 imo
853 3914 899 3970 si
921 3913 1204 3969 attentius
1228 3912 1297 3966 ad
1323 3912 1379 3985 Si.
1413 3911 1674 3985 Doctoris
1697 3913 2028 3982 exegissent

377 3983 714 4044 contextum
767 4004 832 4042 ac
866 3990 1135 4046 mentem,
1173 3985 1287 4037 fere
1319 3983 1634 4038 absurdam
1679 3999 1742 4036 ac
1785 3985 2027 4040 minime

377 4061 761 4115 cohaerentem
791 4054 1812 4121 invenissent.Tentandaigiturfuit
1833 4055 2028 4111 Grmca

379 4132 696 4202 scriptura,
731 4134 788 4183 et
844 4128 1248 4202 investiganda
1293 4126 1350 4202 in
1387 4125 1822 4202 antiquioribus
1881 4144 2024 4202 mss.

382 4197 518 4259 vera
546 4221 612 4258 ex
652 4201 945 4272 corruptis
977 4198 1495 4272 ipsisjunctisqne
1523 4197 1680 4272 varie
1722 4197 2027 4272 elementis

380 4275 577 4330 lectio.
613 4273 737 4336 Qua
769 4269 918 4326 in're
950 4269 1015 4324 si
1054 4271 1221 4324 nobis
1251 4286 1280 4322 e
1313 4269 1605 4324 sententia
1659 4271 2026 4337 successerit,

381 4352 528 4408 tute,
559 4345 762 4407 lector,
783 4343 1102 4413 judicabis,
1126 4347 1304 4410 atque
1337 4357 1450 4413 uno
1474 4339 1700 4409 judicio
1723 4345 1770 4413 si
1791 4342 2025 4396 restitu-

381 4410 896 4496 tion_c_m_nostfam
931 4410 1590 4496 probaveris,.ali‘orum,
1625 4411 1796 4496 ne‘iis
1827 4415 2029 4496 confu-

2130 434 2832 506 vitupenationemtecum
2851 447 2978 487 esse
3002 448 3396 487 communem.
3426 431 3636 486 Valere
3660 437 3712 485 te
3735 432 3787 485 in

2131 524 2378 580 Domino
2392 523 2530 578 Jesu
2552 522 2656 593 [Αἱ.
2682 530 2780 577 (ac.
2805 521 2968 593 Jesu]
2988 521 3180 592 cupio,
3195 520 3605 577 etmeminisse
3625 521 3735 575 mei
3750 522 3785 574 ³.

2134 704 2255 776 pari
2307 718 2510 758 omnes
2562 717 2876 776 consensu,
2933 699 3389 776 tametsi_paulo
3431 699 3788 776 corruptius,

2137 771 2360 830 litteras
2393 791 2492 830 cas
2551 773 2780 829 Graecas
2841 772 3116 837 retinent,
3173 771 3310 837 duo,
3341 787 3594 841 quorum
3649 771 3790 825 alter

2134 847 2365 917 Reginae
2418 847 2737 900 Suecorum
2787 845 2897 900 sub
2941 860 3103 917 num.
3141 844 3199 917 11
3246 842 3553 917 laudatus,
3614 850 3788 914 atque

2138 913 2351 974 unciali
2382 917 2717 972 charactere
2751 916 3134 988 perscriptus,
3167 913 3374 969 habet:

2318 1006 2334 1042 Ῑ
2911 1005 2960 1042 IC

2136 1055 2761 1114 ΑΝΤιψλΟΝΙΚωΝΤΟ
2802 1053 2945 1112 Βλῐλ
2983 1054 3354 1113 CI‘POI‘CIN:
3409 1055 3558 1111 alter
3614 1071 3783 1127 quem

2137 1131 2397 1187 diximus
2429 1131 2487 1185 S.
2521 1131 2725 1186 Crueis
2759 1131 2816 1184 in
2847 1129 3174 1185 Jerusalem
3208 1130 3278 1182 de
3306 1127 3476 1192 Urbe,
3510 1144 3616 1181 nec
3647 1143 3786 1182 sane

2139 1202 2324 1258 multo
2343 1202 2632 1272 sequioris
2653 1202 2840 1256 aetatis
2872 1205 2975 1255 aut
2999 1206 3168 1264 nota,
3193 1199 3781 1272 ΑΝΤΙΦΙΛΟΝΙΚΟΝ.

2137 1271 2444 1329 ΤΟΙΟΛΙᾹ
2478 1272 2836 1328 ΟΥΡΟΥΟΙΝ.
2910 1272 3013 1326 His
3071 1272 3251 1326 facem
3312 1271 3784 1342 praeferentibus,

2138 1345 2338 1400 statim
2398 1345 2579 1400 eluxit
2613 1344 2790 1399 menti
2826 1359 3059 1411 sensus,
3094 1348 3269 1414 atque
3302 1343 3350 1398 is
3379 1358 3520 1414 sane
3555 1342 3784 1413 perspi-

2139 1434 2286 1472 cuus
2345 1421 2534 1487 atque
2578 1414 3072 1486 elegantissimus,
3101 1412 3279 1487 quem
3336 1417 3391 1487 ξι.
3451 1412 3579 1487 ipse
3622 1419 3788 1487 Pater

2139 1481 2703 1544 intendit-Priorem
2739 1487 2937 1558 itaque
2969 1481 3286 1558 dictionem
3330 1481 3782 1558 ᾁντιςὲιλονεξχων

2140 1577 2255 1614 uno
2288 1559 2460 1614 verbo
2491 1556 2961 1630 accipimus,‘vix
2993 1574 3110 1612 una
3140 1556 3398 1612 litterula
3427 1556 3789 1630 a‘_mss.’tra-

2143 1631 2283 1686 mite
2325 1627 2682 1685 recedentes.
2737 1629 2993 1684 Alteram
3046 1645 3279 1699 quoque
3326 1627 3598 1684 voculam
3642 1631 3782 1694 τοῖς,

2139 1703 2318 1757 iidem
2369 1719 2512 1757 mss.
2573 1701 2968 1756 suffecerunt:
3002 1705 3231 1754 tantum
3292 1716 3399 1755 nos
3447 1716 3480 1754 a
3540 1699 3785 1770 reliquis

2135 1773 2441 1828 elementis
2501 1772 2814 1827 articulum
2876 1771 3264 1840 sejuuximus.
3300 1771 3628 1826 Restabant
3667 1787 3783 1841 MA

2134 1849 2233 1900 aut
2271 1846 2449 1910 BAM,
2488 1849 2545 1899 et
2576 1844 2851 1917 cepa-mw,
2883 1859 3010 1917 quis
3044 1859 3273 1898 rursum
3308 1842 3368 1917 in
3401 1859 3586 1897 unum
3623 1857 3780 1896 com-

2135 1917 2429 1988 pingonda
2460 1912 2656 1988 vocem
2690 1912 3112 1988 intellekimus,
3147 1912 3560 1988 κξταᾳῦρουσιν.
3597 1917 3785 1968 Muta-

2131 1986 2323 2042 vimus
2381 1991 2575 2042 autem
2628 1986 2852 2042 litteras
2885 1987 3047 2042 BVIV
3082 1987 3140 2040 in
3174 1986 3388 2053 ΚΑΤΑ,
3438 1993 3568 2040 tum
3631 1993 3780 2039 recto

2133 2063 2372 2129 cogente
2395 2076 2594 2123 sensu,
2629 2063 2754 2112 tum
2791 2058 2918 2129 ipsa
2944 2057 3263 2129 litterarum
3299 2057 3698 2113 similitudine
3720 2073 3783 2111 ac

2133 2128 2311 2184 ductu
2342 2149 2354 2196 ;
2390 2131 2583 2184 sciunt
2625 2129 2782 2184 enim
2817 2128 2914 2200 qui
2947 2134 3174 2183 veteres
3204 2128 3385 2183 libros
3426 2132 3779 2194 tractarunt,

2132 2201 2174 2255 Β
2226 2219 2326 2272 pro
2361 2201 2425 2262 Κ.
2459 2207 2516 2255 et
2548 2207 2588 2253 Λ
2625 2218 2727 2272 pro
2764 2207 2830 2272 Α,
2867 2200 3118 2270 denique
3151 2202 3170 2254 Ι
3206 2217 3307 2271 pro
3339 2201 3406 2265 '1‘,
3432 2204 3783 2272 transversa

2132 2271 2384 2344 superne
2415 2271 2637 2327 lineola
2657 2271 2858 2327 oculos
2889 2271 3220 2344 effugiente,
3254 2289 3288 2326 a
3318 2271 3544 2326 Latinis
3577 2271 3782 2344 preci-

2134 2342 2246 2416 pue
2293 2344 2756 2416 amanuensibus
2790 2360 2973 2416 sepe
3003 2343 3217 2416 saepius
3267 2342 3592 2416 confundi.’
3637 2342 3780 2396 Itinc

2135 2413 2304 2486 porro
2337 2415 2536 2469 isthmc
2567 2415 2829 2486 exsurgit
2859 2413 2916 2469 in
2950 2413 3152 2469 Latino
3183 2415 3513 2469 sententia:
3551 2413 3782 2486 Conteri-

2134 2484 2267 2542 iz'ose
2306 2487 2447 2556 (sive
2494 2484 2907 2556 exemplarium
2965 2487 3330 2556 contentione)
3389 2502 3660 2556 reponens
3712 2484 3783 2540 iu

2133 2562 2225 2629 qui.
2273 2553 2602 2632 detrahunt.
2646 2553 2865 2632 Nempe
2914 2557 2995 2632 ita
3036 2553 3488 2632 ivschtlovatxsiv
3538 2557 3784 2632 verbum

2131 2634 2323 2696 sonat,
2350 2630 2720 2685 contentione
2750 2629 3003 2696 alicuius
3036 2629 3117 2684 rei
3141 2629 3475 2684 adversario
3500 2629 3785 2683 obsistere

2133 2719 2198 2756 ac
2230 2717 2594 2772 repugnare:
2627 2707 2685 2756 et
2713 2699 3393 2773 aurae-3pazvdetrahere,
3423 2701 3580 2773 quod
3617 2715 3788 2755 nemo

2131 2771 2474 2843 ignor'at,"et
2505 2774 2658 2844 apud
2711 2771 3155 2844 lexicographos
3189 2773 3405 2844 passim
3444 2771 3623 2844 obvia
3654 2787 3784 2842 pro-

2133 2845 2275 2899 bant
2307 2843 2593 2914 exempla.
2648 2844 2810 2902 Vide.
2845 2844 2892 2897 si
2929 2843 3106 2907 lubet,
3140 2843 3203 2898 S.
3235 2844 3430 2914 ipsum
3478 2843 3788 2898 Ductorem

2133 2915 2190 2969 in
2251 2921 2634 2970 commentar.
2697 2918 2752 2968 in
2789 2916 2975 2986 Epist.
3021 2917 3092 2970 ad
3126 2915 3360 2970 Galatas
3419 2932 3545 2986 cap.
3580 2932 3637 2978 v,
3698 2916 3786 2967 2t.

2135 2987 2356 3042 Sensus
2389 2987 2458 3040 ad
2493 2986 2776 3042 orationis
2818 2987 3026 3042 seriem
3058 2987 3140 3040 sic
3175 2987 3385 3042 habet:
3418 2989 3476 3042 Si
3527 3001 3789 3057 opuscu-

2135 3057 2256 3112 lum
2295 3074 2513 3123 lueum,
2550 3058 2862 3129 SOphroni,
2896 3057 2953 3112 in
2987 3063 3254 3116 Graecum
3292 3057 3686 3122 transtuleris,
3729 3059 3792 3110 ut

2137 3130 2266 3200 ejus
2301 3146 2368 3183 ex
2402 3131 2637 3185 llebrmo
2696 3129 2980 3185 versionis
3025 3129 3415 3195 contentione,
3466 3130 3702 3192 Graecis,
3737 3131 3792 3180 et

2135 3200 2236 3272 qui
2270 3200 2601 3256 Grmcorum
2626 3201 2768 3256 LXX
2801 3201 3189 3272 Interprctum
3223 3203 3488 3268 obtentu,
3515 3201 3660 3254 mihi
3688 3201 3789 3272 de.

2136 3270 2402 3336 trahunt,
2453 3289 2700 3343 reponas
2733 3289 2746 3326 :
2780 3278 2834 3327 et
2891 3270 3268 3328 doctissimos
3325 3287 3558 3342 quoque
3590 3287 3659 3327 ex
3690 3270 3785 3343 his

2137 3343 2446 3414 impcritirc
2502 3341 2640 3398 mea:
2673 3347 2850 3399 testes
2882 3345 3068 3400 facere
3118 3341 3393 3411 volueris,
3427 3341 3647 3414 dicam,
3685 3341 3790 3414 tibi

2136 3412 2280 3470 illud
2318 3417 2721 3482 Iloratianum,
2754 3421 2864 3470 etc.
2899 3416 3044 3471 Cum
3079 3416 3322 3471 scillicet
3347 3415 3482 3487 plus
3505 3413 3690 3469 nimio
3707 3412 3790 3487 psit

2137 3491 2466 3541 Graecorum
2501 3487 2913 3558 Interprctum,
2950 3487 3093 3542 nihil
3128 3488 3185 3542 in
3218 3503 3285 3542 ea
3313 3485 3519 3557 lingua
3566 3485 3788 3558 versio-

2139 3575 2267 3630 nem
2301 3559 2474 3612 istam
2509 3557 2822 3629 recoquere
2853 3563 2940 3614 est
2971 3574 3139 3630 opus.
3181 3558 3474 3613 Nimirum
3501 3561 3565 3630 et
3594 3557 3786 3612 Venu-

2138 3629 2336 3684 sinum
2373 3634 2604 3701 poetam
2637 3629 3062 3701 Grmcerversus
3095 3630 3429 3685 molientem
3483 3629 3788 3701 dehorttns

2137 3701 2194 3755 in
2231 3699 2479 3756 somniis
2525 3706 2614 3756 est
2643 3700 2946 3768 Romulus,
2981 3701 3143 3756 satir.
3181 3705 3268 3772 10,
3300 3701 3454 3773 quod
3481 3699 3614 3773 plus
3644 3699 3786 3754 satis

2137 3778 2440 3844 poetarum
2476 3777 2632 3829 esset
2663 3773 2818 3845 apud
2854 3774 3123 3829 Graecos:

2326 3923 2385 3973 In
2422 3923 2609 3972 silvam
2643 3937 2708 3972 ne.
2739 3924 2884 3987 ligna
2918 3923 3052 3973 feras
3084 3922 3330 3973 insanius
3360 3938 3422 3971 ac
3448 3921 3490 3971 si

2324 3989 2628 4037 Grmcorum
2656 4001 2878 4050 magnas
2909 3987 3065 4036 malis
3093 3987 3313 4050 implere
3343 3991 3604 4035 catervas.

2211 4127 2366 4183 Nihil
2400 4129 2493 4183 hic
2525 4128 2876 4200 palmarum,
2912 4132 3012 4182 aut
3051 4126 3289 4199 dactyli,
3323 4142 3644 4200 ramorum,
3688 4128 3785 4179 aut

2141 4201 2435 4255 fructuum
2465 4217 2478 4255 :
2515 4199 2676 4255 nulla
2707 4203 2858 4271 ejus.
2893 4201 3045 4271 quod
3080 4215 3372 4271 nusquam
3409 4199 3536 4266 fuit,
3562 4213 3788 4270 prover-

2140 4271 2217 4326 bii
2253 4273 2404 4339 apud
2440 4273 2860 4343 Hieronymum
2895 4271 3135 4326 mentio.

2212 4345 2226 4378 ³
2264 4343 2459 4399 Horat.
2493 4342 2595 4398 lib.
2631 4342 2850 4399 I'Serm.
2887 4347 3004 4397 Sat.
3042 4343 3126 4396 10.
3161 4342 3353 4398 MART.

2215 4415 2235 4449 ⁵
2284 4414 2498 4484 Regius
2558 4432 2672 4470 ms.
2707 4421 2765 4470 et
2819 4414 3211 4474 Corbeiensis.
3251 4414 3387 4469 Vale
3442 4414 3504 4468 in
3561 4411 3786 4467 Domino

381 4488 578 4543 tandis
610 4487 907 4556 longiores
931 4467 1148 4553 simus,
1183 4467 1555 4556 conjecturas
1579 4467 1876 4556 'explodes.
1899 4486 2030 4542 Jam
2065 4467 2110 4532 D
2141 4467 2492 4553 Jesuﬂcvapio
2519 4467 2919 4542 ré‘ﬁwéaim’ss'é
2935 4467 3466 4541 "ineifv'aticanus
3524 4484 3787 4555 proximo

380 4575 514 4616 vero
545 4575 574 4615 e
622 4553 952 4633 quindecim
987 4574 1127 4614 mss.
1165 4553 1311 4629 quos
1355 4553 1791 4624 consuluimus,
1823 4557 2043 4631 quippe

2152 4561 2537 4624 memoratus,
2573 4559 2695 4616 Vive
2725 4559 2783 4614 in
2816 4559 3042 4615 Domino
3066 4558 3212 4624 Iesu,
3245 4562 3354 4614 etc.
3391 4560 3575 4612 Maar.
