4050 6182
286 249 426 306 1189

1633 250 1848 302 LIBER
1887 247 2354 302 PSALMORUM.

3564 255 3703 310 1190

291 402 3700 426 m

1851 560 2144 621 INCIPIT

1133 741 1642 863 LIBER
1750 739 2858 865 PSALMORUM.

289 1127 390 1199 [1.)
420 1129 628 1199 Beatus
659 1123 747 1178 vir
777 1122 874 1194 qui
908 1138 1022 1177 non
1056 1121 1203 1177 abiit
1235 1121 1291 1176 in
1325 1121 1571 1199 consilio
1603 1121 1943 1194 impiorum,
1976 1124 2027 1190 Α

363 1195 422 1253 et
453 1199 512 1251 in
544 1197 637 1250 via
669 1201 1041 1266 peccatorum
1077 1211 1190 1248 non
1227 1195 1414 1262 stetit,

370 1275 428 1325 et
459 1269 516 1323 in
551 1265 825 1322 cathedra
853 1266 1181 1320 derisorum
1211 1282 1327 1320 non
1361 1265 1537 1320 sedit.

289 1343 408 1398 Sed
443 1341 499 1412 in
537 1339 663 1412 lege
695 1337 920 1393 Domini
956 1336 1460 1412 livol_untas‘ejus,

369 1417 426 1468 et
457 1411 518 1465 in
555 1407 677 1482 lege
710 1407 1251 1482 ejusimcditabitur
1283 1408 1379 1482 die
1406 1424 1471 1462 ac
1511 1411 1704 1482 nocte.

287 1485 365 1540 Et
395 1484 502 1539 erit
531 1478 816 1552 tanquam
850 1481 892 1549 ³,
917 1478 1845 1551 lignumtransplantatumjuxta
1867 1480 1950 1534 ri-

435 1570 540 1608 vos
571 1563 608 1607 3.
643 1551 725 1622 (1h.
762 1551 1000 1619 rivulos)
1032 1567 1344 1621 aquarum,

368 1626 525 1696 quod
560 1624 816 1678 fructum
849 1623 1214 1696 suum_dabi_t
1247 1623 1305 1696 in
1329 1627 1592 1696 tempore
1622 1639 1748 1678 suo.

290 1693 605 1753 Et'folium
634 1696 762 1766 ejus
793 1711 908 1749 non
942 1693 1158 1766 deﬂuet
1187 1694 1294 1765 (Al.
1328 1693 1557 1766 ﬂuent),

369 1774 427 1823 et
458 1783 630 1822 omne
656 1764 808 1835 quod
839 1765 1038 1821 fecerit
1065 1764 1528 1837 pros’perabitur.

291 1841 424 1896 Non
458 1841 542 1894 sic
578 1838 765 1909 impii,

371 1911 474 1966 sed
510 1906 794 1980 tanquam
829 1907 1018 1978 pulvis
1053 1924 1226 1979 quem
1262 1906 1492 1980 projicit
1522 1912 1757 1963 ventus.

297 1984 617 2054 Propterea
641 1979 763 2054 non
798 1988 1101 2050 resurgent
1135 1981 1408 2054 impiiiin
1449 1979 1699 2049 judicio,
1763 1997 1954 2052 neque

374 2052 712 2126 peccatores
742 2053 800 2126 in
835 2052 1282 2126 congregatione
1308 2053 1630 2126 justorum.

301 2123 595 2192 Quoniam
628 2124 784 2178 novit
813 2125 1098 2178 Dominus
1124 2123 1276 2178 viam
1304 2125 1624 2192 justorum,
1657 2123 1821 2179 etvia
1841 2124 1952 2193 (Al.

379 2199 515 2263 iter)
545 2196 856 2266 impiorum
889 2195 1119 2266 peribit.

299 2268 432 2341 (ΙΙ.)
467 2264 654 2332 Quare
699 2264 1060 2341 turbanturl5
1117 2264 1698 2341 (h_._turbabun_tur)_
1727 2270 1954 2341 gentes,

379 2335 441 2395 et
469 2340 660 2394 tribus
692 2339 775 2411 (h.
810 2337 1030 2408 plebes)
1068 2335 1512 2411 meditabiintnr
1540 2335 1787 2392 inania?

307 2407 899 2482 Consurgent'reges
930 2413 1117 2482 terrae,
1169 2412 1226 2462 et
1283 2407 1576 2482 principes
1622 2410 1959 2466 tractabunt

382 2480 607 2556 pariter
635 2482 917 2557 adversus
949 2480 1290 2546 Dominum,
1335 2483 1391 2534 et
1434 2481 1715 2536 adversus
1763 2482 1965 2538 Cbris-
1997 2493 2040 2557 Β

456 2559 582 2609 tum
617 2555 766 2624 ejus.

301 2618 764 2696 Disrumpamus
793 2621 1026 2696 vincula
1057 2639 1282 2696 eorum,

381 2703 438 2752 et
459 2694 848 2768 pro‘jiciamus
870 2711 904 2768 a
934 2694 1104 2768 nobis
1135 2694 1378 2765 laqueos
1409 2709 1634 2750 eorum.

309 2765 620 2825 Habi'tator
649 2767 777 2823 οωιί
808 2765 1044 2821 ridebit.

385 2840 669 2896 Dominus
699 2838 1090 2894 subsannabit
1117 2853 1237 2892 eos.

312 2912 483 2967 Tunc
515 2911 792 2984 loquetur
821 2910 891 2964 ad
919 2926 1018 2964 eos
1050 2909 1105 2962 in
1139 2911 1231 2984 ira
1255 2924 1380 2984 sua,

388 2989 446 3038 et
476 2985 533 3038 in
569 2980 764 3038 furore
793 2997 900 3036 suo
932 2980 1306 3035 conturbabit
1337 2996 1456 3034 eos.

309 3055 433 3126 Ego
463 3059 659 3109 autem
693 3054 920 3108 orditus
951 3068 1081 3106 sum
1114 3052 1134 3085 ⁶
1166 3051 1376 3122 (unxit)
1410 3066 1608 3122 regem
1634 3067 1829 3106 meum
1862 3068 1966 3107 su-

390 3142 494 3197 per
521 3126 652 3180 Sion
692 3130 951 3197 montem
984 3128 1253 3197 sanctum
1293 3139 1507 3177 meum.

305 3195 688 3253 An'nuntiabo
711 3196 792 3265 (h.
827 3195 1104 3255 Narrabo)
1137 3195 1236 3248 Dei
1271 3199 1650 3264 praeceptum.

314 3270 609 3325 Dominus
633 3264 780 3323 dixit
808 3268 880 3322 ad
913 3282 1004 3320 me
1030 3282 1043 3320 :
1079 3265 1256 3320 Filius
1284 3281 1447 3319 meus
1471 3281 1531 3319 es
1556 3271 1642 3332 tu,
1662 3281 1768 3337 ego
1791 3264 1965 3321 hodie

507 3340 639 3395 enui
677 3348 753 3407 te,

312 3357 812 3469 Postgle::'riig’et
831 3409 978 3464 dabo
1008 3407 1113 3463 tibi
1132 3412 1334 3478 gentes
1357 3407 1755 3462 hzereditatem
1777 3412 1962 3479 tuam,

391 3489 446 3539 et
479 3483 912 3555 possessionem
945 3485 1108 3555 tuam
1138 3480 1422 3535 terminos
1456 3484 1643 3535 terrai.

316 3553 535 3612 Pasces
556 3571 656 3610 eos
687 3555 746 3609 in
776 3553 940 3623 virga
973 3553 1179 3618 ferrea,

393 3735 410 3769 ¹
445 3731 813 3790 Cisterciens.
848 3746 956 3786 ms.
991 3727 1289 3784 interserit
1313 3728 1447 3799 fuit,
1481 3730 1631 3799 quod
1668 3733 1816 3784 tacet
1858 3729 1968 3784 lle-

320 3806 516 3861 brteus
542 3809 732 3860 textus
763 3803 1028 3857 verbum.

2132 1125 2196 1174 ut
2227 1139 2326 1176 vas
2360 1121 2523 1194 figuli
2557 1127 2826 1179 conteres
2859 1140 2983 1181 eos.

2059 1192 2222 1248 Nunc
2253 1192 2426 1263 ergo;
2444 1210 2632 1264 reges,
2668 1194 3001 1265 intelligite,

2128 1265 2468 1331 erudimini,
2511 1266 2749 1335 judices
2780 1272 2970 1323 terrae.

2052 1335 2268 1390 Servite
2302 1336 2545 1390 Domino
2582 1338 2636 1390 in
2681 1341 2912 1404 timore,

2124 1411 2179 1462 et
2210 1408 2500 1462 exsultate
2533 1409 2551 1442 ⁷
2585 1409 2644 1463 in
2677 1416 2951 1478 tremore,

2124 1480 2376 1533 Adorate
2405 1481 2424 1513 ⁸
2450 1496 2591 1550 pure

2129 1566 2199 1605 ne
2231 1551 2377 1604 forte
2410 1551 2718 1620 irascatur,
2751 1556 2808 1606 et
2838 1553 3075 1614 rereatis
3102 1555 3171 1609 de
3202 1555 3324 1611 via.

2059 1621 2203 1699 Cum
2233 1622 2512 1699 exarserit
2535 1628 2666 1699 post
2695 1624 3003 1699 paululum
3037 1625 3198 1680 furor
3225 1630 3380 1699 ejus,

2131 1693 2289 1748 beati
2325 1710 2528 1748 omnes
2558 1695 2659 1766 qui
2689 1693 2929 1765 sperant
2959 1697 3017 1750 in
3048 1714 3204 1753 eum.

2096 1824 2357 1863 PSALMUS
2386 1810 2407 1843 ⁹
2445 1825 2638 1877 υΑνιι),
2679 1825 2802 1864 CUM
2835 1827 3080 1866 russam
3115 1829 3143 1868 Α
3191 1830 3350 1870 FACIE
3420 1834 3665 1874 ABSALON

2762 1899 2894 1936 FILII
2928 1900 3045 1948 sm,

2060 1977 2204 2050 (ΙΙΙ.)
2241 1977 2502 2058 Domine,
2537 1995 2718 2058 quare
2754 1979 3127 2058 multiplicati
3151 1990 3296 2058 sunt
3327 1985 3528 2042 hostes
3573 1989 3710 2058 mei,

2135 2048 2305 2130 multi
2336 2048 2702 2130 consurgunt
2732 2048 3039 2108 advers—um
3074 2055 3179 2122 (Αἰ.
3214 2060 3440 2129 contra)
3472 2077 3582 2116 me.

2062 2122 2226 2178 Multi
2251 2122 2456 2174 dicunt
2482 2124 2692 2175 anima:
2727 2139 2885 2177 mere.

2133 2193 2256 2247 Non
2293 2198 2380 2245 est
2410 2193 2572 2247 salus
2605 2193 2739 2247 huic
2771 2193 2828 2247 iu
2865 2194 3000 2249 Deo.
3033 2201 3266 2251 SEMPFR
3309 2201 3370 2255 ¹⁰.

2064 2265 2149 2319 Tu
2177 2267 2400 2343 autem,
2439 2265 2701 2343 Domine,
2734 2265 2972 2337 clypeus
3003 2267 3156 2322 circa
3187 2285 3302 2339 me,
3349 2271 3536 2343 gloria
3589 2292 3718 2331 mea

2136 2339 2195 2390 et
2227 2337 2490 2390 exultans
2524 2341 2702 2406 caput
2734 2354 2952 2391 meum.

2066 2405 2215 2462 Voce
2243 2423 2373 2461 mea
2406 2407 2476 2479 ad
2513 2405 2824 2462 Dominum
2854 2409 3144 2479 clamabo,

2171 2478 2528 2602 etsexaudiet
2559 2496 2651 2534 me
2683 2479 2753 2535 de
2784 2486 2982 2535 monte
3005 2478 3205 2538 saneto
3237 2500 3366 2542 suo.

2258 2566 2470 2602 EMPER.

2258 2566 2334 2602 ΕΜ
2344 2566 2470 2603 PER.

2076 2624 2192 2691 Ego
2227 2620 2497 2687 dormivi,
2532 2624 2588 2673 et
2619 2627 2927 2691 saporatus
2961 2639 3129 2678 sum:

2148 2691 2440 2761 evigilavi,
2473 2692 2609 2760 quia
2641 2693 2925 2747 Dominus
2958 2697 3310 2751 sustentavit
3343 2715 3454 2753 me.

2075 2763 2197 2818 Non
2221 2763 2441 2817 timebo
2471 2763 2658 2836 millia
2682 2764 2902 2834 populi,
2928 2783 3054 2836 quae
3079 2768 3591 2827 circumdederunt
3607 2790 3716 2831 me.

2074 2839 2283 2916 Surge,
2319 2834 2842 2916 Dominepsalvum
2868 2834 2959 2890 me
2991 2839 3100 2916 fac,
3130 2843 3280 2893 Deus
3313 2857 3504 2909 meus,

2147 2905 2282 2976 quia
2319 2905 2633 3029 pelrl'cusisti
2688 2908 2952 2962 omnium
3018 2908 3389 2966 inimicorum
3452 2905 3719 2972 meorum

2220 2993 2368 3029 max:
2423 2993 2540 3029 am.

2220 2993 2540 3044 maxmam,

2145 3049 2352 3120 dentes
2386 3047 2700 3120 impiorum
2736 3049 3093 3120 confregisti.

2075 3119 2306 3175 Domini
2349 3125 2436 3172 est
2465 3118 2646 3186 salus,

2146 3206 2324 3262 super
2353 3189 2633 3262 populum
2661 3195 2830 3246 tuum
2860 3193 2900 3227 “
2933 3193 3260 3252 benedictio
3291 3201 3412 3252 tua.

2216 3263 2451 3317 SEMPER

2142 3350 2369 3413 vicroni
2409 3351 2466 3388 IN
2491 3350 2728 3413 psxmus
2768 3351 3052 3413 omnem:
3083 3338 3165 3408 (Ιι.
3207 3341 3486 3413 Psalmus)
3531 3358 3725 3402 mvxo.

2075 3406 2727 3486 (Ιγ.)111γο(ξειῃ.ῑθηιη]ρ
2745 3411 2952 3486 exaudi
2985 3406 3097 3486 (ne,
3123 3417 3270 3466 Deus
3293 3406 3537 3483 justitize
3561 3432 3722 3486 meze,

2148 3479 2206 3531 in
2237 3477 2617 3533 tribulatione
2650 3479 2906 3534 dilatasti
2931 3481 3118 3537 mihi:

2076 3550 2354 3605 Miserere
2388 3551 2522 3616 mei,

2149 3729 2170 3764 ⁶
2197 3729 2297 3784 llic
2319 3745 2552 3799 quoque
2575 3729 2745 3797 juxta
2767 3729 3150 3786 Scholiastem
3179 3736 3320 3788 unici
3346 3734 3563 3790 habent
3583 3751 3728 3790 mss.

2081 3801 2266 3875 nostri
2301 3817 2402 3875 pre
2431 3802 2692 3875 prditus:
2727 3806 2783 3854 et
2807 3817 2938 3854 mox
2971 3807 3223 3857 sanctum
3246 3821 3400 3858 suum
3429 3823 3531 3875 pro
3547 3822 3732 3861 meum

397 3878 421 3912 ²
476 3877 610 3940 Qum
681 3873 955 3944 deinceps
1013 3875 1328 3927 occurrunt
1380 3871 1632 3944 margini
1702 3870 1970 3944 apposita
2003 3863 2044 3927 C
2085 3863 2317 3941 legunt,
2345 3871 2582 3944 Hebraeo
2614 3876 2808 3944 tamen
2843 3875 3302 3929 contradicente.

324 3948 552 4004 scholia
584 3963 717 4002 cum
747 3945 781 4000 h
813 3942 968 4010 nota,
1002 3960 1032 3999 e
1063 3944 1187 3999 suis
1221 3947 1286 3997 ut
1314 3949 1499 4010 vocat,
1545 3943 1800 3997 Cononis
1863 3942 1972 3996 He-

324 4019 537 4076 braicze
567 4017 829 4075 veritatis
862 4033 1005 4071 mss.
1031 4013 1462 4086 exemplaribus
1479 4015 1853 4069 Martianaaus
1876 4013 1976 4068 de-

326 4091 591 4148 scripsit.

400 4109 441 4145 τι
495 4108 591 4145 sit.

400 4108 762 4218 31litonemus
797 4157 1070 4214 lectorem
1129 4156 1460 4213 studiosum
1519 4155 1720 4210 omnia
1776 4153 1979 4210 istbaec

326 4233 558 4291 scholia
591 4230 938 4303 marginalia
970 4246 1096 4301 quae
1128 4229 1405 4303 deinceps
1438 4231 1754 4303 occurrunt
1783 4227 1841 4281 in
1861 4230 1980 4303 toto

326 4305 510 4362 Psalt.
547 4299 1440 4376 positafesseiniexemplaribus
1489 4299 1745 4376 Canonis
1802 4299 1979 4376 H_e_br.

326 4367 612 4440 veritatis,
646 4374 744 4429 ubi
777 4375 1148 4442 incorruptus
1179 4367 1294 4426 fere
1326 4376 1594 4426 servatur
1624 4373 1817 4425 textus
1842 4367 1984 4442 Ver-

330 4449 520 4506 sionis
551 4439 885 4514 Hieronymi
918 4439 1051 4500 cum
1098 4442 1444 4514 hujusmodi
1483 4439 1985 4514 adnotatiunculis

331 4522 409 4576 ad
442 4512 793 4591 marginem.
828 4516 1002 4591 Porro
1032 4516 1232 4591 eadem
1265 4512 1488 4591 scholia
1518 4512 1806 4568 translata
1844 4517 1986 4591 sunt

332 4583 637 4664 imperitia
667 4588 1040 4664 librariorum
1067 4586 1134 4664 in
1154 4589 1730 4664 contextumsacrum
1749 4583 1986 4654 psalm.,

334 4656 517 4719 ita'ut
541 4664 599 4716 in
631 4661 820 4716 tribus
851 4657 1115 4728 antiquis
1148 4673 1290 4712 mss.
1323 4656 1988 4728 codicibustextusmuo

333 4740 499 4791 tatus
529 4732 862 4788 inveniatur
891 4725 1024 4784 cum
1057 4727 1538 4784 annotationibus
1565 4725 1992 4798 marginalibus

335 4823 446 4880 per
476 4801 1045 4880 totpm__Psalterium
1076 4799 1457 4880 Manuscripti
1500 4797 1774 4880 illigant,
1827 4798 1992 4880 vati-

336 4870 525 4934 canus
556 4874 879 4931 Bibliorum
935 4888 1236 4927 sacrorum
1270 4871 1443 4927 codex
1472 4887 1530 4924 n.
1588 4870 1753 4935 5729,
1815 4870 1994 4924 codex

335 4952 483 5008 item
517 4948 772 5004 Biblicus
806 4944 1274 5013 Augustinorum
1337 4941 1874 5011 Burdigalensium,
1935 4945 1995 4995 et

339 5021 492 5077 alter
517 5015 859 5074 monasterii
909 5015 967 5070 S.
1003 5013 1306 5069 Michaelis
1338 5014 1396 5068 in
1452 5013 1710 5084 periculo
1764 5013 1990 5084 matris.

338 5091 700 5150 Nonnullam
732 5088 904 5143 etiam
936 5090 1158 5157 partem
1192 5083 1549 5157 scholiorum
1582 5083 1993 5157 invenimusin

341 5164 476 5221 aliis
506 5153 1104 5232 exemplaribus-mss.
1132 5157 1286 5232 unde
1308 5155 1576 5232 ineditcs
1603 5155 1785 5232 libros
1827 5153 1995 5210 facile

343 5235 594 5291 derivari
645 5227 986 5304 potuerunt.
1029 5228 1146 5304 Nes
1178 5228 1251 5282 ad
1304 5228 1480 5281 fidem
1539 5227 1804 5304 codicum
1847 5243 1992 5304 mss.
2027 5230 2076 5292 ι)

341 5297 854 5363 vetutissimorum
885 5317 951 5356 ac
983 5299 1215 5372 optimae
1249 5303 1418 5364 notae,
1451 5298 1647 5354 omnia
1675 5298 1801 5353 suis
1853 5297 1996 5352 locis

347 5377 655 5436 restituere
680 5372 1036 5431 curavimus.
1070 5376 1263 5426 MART.

423 5469 446 5503 ⁴
476 5468 694 5522 Iterum
727 5460 1098 5519 Cisterciens.
1133 5476 1245 5515 ms.
1292 5461 1560 5528 tanquam
1602 5458 1774 5514 arbor
1823 5465 2001 5528 trans-

348 5541 624 5614 plantam,
656 5533 1125 5614 et_c«)bmrenter_,
1153 5547 1274 5602 quae
1302 5527 1569 5614 fructum,
1597 5537 1704 5612 etc.
1726 5527 2006 5614 Sequitur

355 5600 490 5668 cum
520 5600 924 5665 vetustissimo
975 5600 1204 5675 Reginae
1233 5618 1345 5658 ms.
1406 5606 1583 5674 atque
1639 5603 1767 5673 ipso
1823 5600 2008 5655 Scho-

355 5683 548 5750 liaste,
573 5682 748 5753 juxta
767 5678 994 5753 riuulog,
1022 5680 1139 5753 etc:

427 5741 627 5819 ‘Quod
679 5748 899 5807 mavult
931 5745 1304 5819 AScholiastes
1361 5746 1758 5814 turbabuntur,
1821 5741 2008 5799 nostri

360 5817 595 5905 quoque
625 5839 768 5880 mss.
804 5817 1136 5896 praeferunt.

2156 3944 2176 3977 ⁷
2213 3942 2513 3997 lnterserit
2541 3941 2914 3996 Cisterciens.
2950 3959 3058 3997 ms.
3089 3945 3146 3998 ei
3175 3944 3464 4000 voculam.

2156 4014 2176 4048 ⁸
2210 4014 2424 4068 Locum
2445 4013 2636 4089 istum
2673 4017 2840 4089 urget
2862 4013 3120 4089 Ruﬁnus
3151 4018 3431 4072 adversus
3460 4015 3734 4089 Hierony-

2090 4101 2275 4158 mum,
2309 4085 2460 4154 quod
2496 4100 2706 4158 nempe
2737 4084 2887 4158 alibi
2910 4087 3195 4156 vertisset,
3246 4091 3474 4144 adorato
3529 4084 3733 4158 ﬁlium.

2090 4157 2418 4229 Sedihujus
2449 4156 2925 4229 reprehensionis
2981 4157 3336 4229 imperitiam
3398 4156 3612 4215 acriter
3670 4177 3737 4214 ac

2091 4228 2316 4282 erudite
2350 4227 2607 4282 retundit
2664 4227 2721 4281 S.
2759 4232 2985 4294 Doctor,
3031 4227 3344 4286 ostendens
3391 4232 3566 4285 verba
3625 4231 3736 4285 11e-

2093 4300 2292 4354 braica
2313 4310 2385 4358 Ἣ.
2422 4307 2572 4384 1pm
2597 4314 2764 4352 nascu
2797 4299 2914 4364 bar,
2948 4299 3192 4357 diversis
3241 4301 3739 4374 interpretationi-

2094 4389 2207 4462 bus
2239 4402 2417 4462 posse
2452 4381 2752 4462 converti.
2779 4409 2806 4462 ις
2840 4387 2986 4453 Quid
3017 4405 3174 4460 ergo,
3219 4391 3427 4462 inquit,
3463 4389 3740 4445 ecclesia-
3773 4381 3776 4384 ’

2096 4456 2254 4534 εἰὶοῴ
2286 4456 2420 4534 fidei
2453 4463 2643 4522 nocet,
2677 4458 2725 4512 si
2775 4458 3055 4534 doceatur
3084 4456 3310 4534 'le’ctor,
3367 4456 3510 4534 quot
3550 4463 3741 4516 modis

2098 4531 2273 4601 apud.
2304 4529 2476 4603 Hebr.
2512 4529 3021 4603 unus‘versiculus
3053 4529 3430 4603 explanetur.
3469 4557 3493 4582 ››
3527 4538 3745 4588 Caetera

2097 4599 2416 4728 Kide'rapud
2449 4600 2642 4670 ipsum
2676 4599 2716 4654 l.
2751 4617 2789 4654 I.
2821 4601 3112 4674 Apologia:
3143 4599 3424 4661 adversus
3443 4605 3743 4661 Ruﬁnum.

2159 4691 2234 4728 Αῐι
2276 4713 2288 4726 .

2159 4691 2288 4728 ΑΠΤ.

2170 4743 2359 4819 —_—__S_ie
2392 4742 2517 4813 ipse
2544 4741 2683 4819 olim
2714 4741 2855 4819 legit
2883 4743 2939 4798 S.
2973 4745 3340 4816 Augustinus
3373 4749 3430 4804 in
3476 4746 3748 4819 Speculo,

2103 4815 2203 4871 ubi
2237 4813 2748 4885 llieronymianam
2809 4815 2958 4870 hanc
3008 4813 3246 4874 Hebraeo
3300 4813 3748 4875 translationem

2103 4887 2555 4964 diligentissime
2583 4885 2868 4964 sequitur.
2906 4887 3267 4964 Recolendus
3291 4909 3461 4964 porro
3494 4892 3749 4964 adhunc

2103 4956 2296 5031 locum
2330 4958 2387 5011 S.
2422 4957 2710 5031 interpres
2764 4956 2823 5010 in
2884 4958 3164 5031 Apologia
3215 4956 3414 5018 contra
3470 4963 3749 5018 Ruﬁnum

2103 5030 2206 5085 lib.
2243 5045 2280 5097 i,
2310 5045 2474 5082 num.
2511 5028 2595 5082 19.

2174 5102 2279 5154 91a
2312 5097 2679 5154 Cistcrciensi
2710 5115 2820 5154 ms.
2855 5100 3147 5158 Canticum
3192 5105 3554 5162 inscribitur.
3605 5103 3752 5160 Tum

2104 5173 2162 5227 in
2192 5170 2371 5246 Regio
2398 5171 2682 5246 Abessalen
2742 5172 3026 5246 scriptum
3059 5181 3149 5231 est
3179 5194 3283 5246 pro
3317 5177 3574 5232 Absalon.

2181 5245 2403 5297 Iterum
2469 5242 2532 5318 in
2593 5242 2990 5312 Cisterciensi,
3053 5242 3302 5318 Domine,
3363 5248 3496 5318 quid
3523 5245 3760 5318 grandes

2107 5318 2258 5380 sunt,
2292 5318 2400 5369 etc.
2433 5314 2714 5368 Hebraeus
2743 5323 2840 5374 1:1
2880 5327 2981 5375 ΠΖ.

2184 5387 2225 5420 ¹⁰
2247 5386 2393 5460 Quid
2427 5384 2720 5460 signiﬁcet
2749 5385 2890 5440 illud
2923 5403 3158 5458 semper,
3192 5390 3346 5458 quod
3381 5391 3530 5460 apud
3557 5387 3757 5457 Hebr.,

2113 5441 2605 5531 ηὸωξίδσιαηεῖῥᾳά
2639 5457 2864 5531 Graecos
2904 5441 3114 5531 aute'm"
3146 5441 3760 5531 'Didp'sahh‘dhiciiur’,

2113 5529 2241 5601 vide
2272 5529 2328 5601 in
2358 5527 2606 5601 epistola
2661 5529 2997 5601 Hieronymi
3043 5532 3122 5586 ad
3185 5527 3524 5600 Marcellam,
3591 5531 3762 5601 cujus

2118 5600 2476 5672 principium
2509 5605 2598 5654 est
2628 5613 2640 5652 :
2675 5621 2703 5649 (ι
2737 5600 2870 5663 Quae
2911 5603 3227 5673 acceperls,
3272 5604 3570 5660 reddenda
3623 5600 3762 5658 sunt

2119 5687 2252 5727 cum
2287 5673 2499 5726 fenore.
2533 5692 2561 5720 ››
2591 5673 2775 5738 MART,

2197 5746 2238 5778 ιι
2280 5746 2451 5820 Tacet
2489 5742 2858 5820 Cisterciens.
2895 5757 3006 5820 ms.
3039 5746 3196 5820 tuam
3227 5763 3240 5802 :
3275 5746 3421 5803 alter
3440 5765 3571 5806 vero
3604 5745 3766 5820 Regi-

2124 5831 2210 5873 nze
2245 5815 2675 5886 subsequentes
2703 5828 2893 5880 voces,
2930 5813 3225 5874 benedictio
3255 5822 3371 5880 tua.
