4050 6182
365 236 496 292 1191

433 368 492 417 et
517 360 724 418 exaudi
759 361 1078 415 orationem
1113 375 1324 415 meam.

365 437 491 493 Filii
524 434 956 516 vi_ri.usquequo
980 431 1178 503 inclyti
1209 434 1319 487 mei
1346 433 1424 504 (h.
1445 433 1629 506 gloria
1652 434 1801 506 mea)
1832 434 2002 507 igno-

512 519 760 560 [111111050

439 577 682 648 diligitis
697 573 1346 648 vanitatemquzerentes
1362 577 1729 633 mendacium
1745 578 1999 633 Saurea.

365 654 432 705 Et
480 646 810 787 cogdqpstqite
849 646 1128 716 quoniam
1188 647 1514 704 mirabilem
1579 649 1832 705 reddidit
1887 648 2000 720 (Al.

510 737 568 774 re
655 735 681 772 c

510 724 707 774 reddet

509 789 789 846 Dominus
821 792 1090 843 sanctum
1124 789 1203 859 (h.
1241 789 1700 860 misericordem)
1733 808 1931 859 suum,

545 860 826 917 Dominus
853 862 1090 915 exaudit
1122 877 1254 915 cum
1288 862 1614 918 clamavero
1642 865 1713 918 ad
1747 880 1904 919 eum.

366 932 693 990 Irascimini
728 938 782 986 at
806 931 983 986 nolite
1011 947 1268 1002 peccare,

431 1004 814 1077 loquiminiip
839 1003 1118 1058 cordibus
1131 1003 1338 1059 vestris
1361 1022 1539 1077 super
1561 1005 1777 1061 cubilia
1795 1009 2007 1070 vestra,

434 1081 492 1133 et
511 1075 728 1131 tacete.
764 1075 1020 1129 Summ-2n.

365 1149 698 1204 Saeriﬁcate
731 1145 1368 1217 sacriﬁciumjustitiaa,

435 1225 494 1275 et
525 1221 687 1274 ﬁdite
718 1218 778 1272 in
811 1217 1070 1272 Domino.

361 1291 531 1346 Multi
557 1291 799 1345 dicunt:
837 1289 975 1354 Quis
1002 1289 1260 1344 ostendit
1291 1289 1459 1344 nobis
1492 1289 1760 1344 bonum?

436 1363 556 1418 leva
586 1377 764 1432 super
794 1376 900 1415 nos
931 1361 1119 1415 lucem
1155 1360 1349 1416 vultus
1384 1363 1494 1430 tui,
1524 1361 1793 1417 Domine.

365 1434 585 1490 Dedisti
629 1431 887 1487 laetitiam
927 1431 983 1485 in
1009 1432 1182 1486 corde
1218 1447 1368 1502 meo,

505 1523 537 1559 a
559 1509 819 1575 tempore
853 1506 867 1539 ί
899 1504 1257 1558 frumentum
1281 1510 1337 1558 et
1365 1503 1562 1558 vinum
1584 1520 1784 1560 eorum
1810 1501 2010 1558 multi-

504 1575 718 1649 plicata
746 1578 886 1649 sunt
911 1594 926 1643 ;

360 1649 422 1704 in
456 1645 595 1730 pane
627 1647 804 1730 simnul
838 1645 1290 1730 requiescam‘et
1320 1646 1632 1714 dormiam,

429 1717 568 1792 quia
599 1724 682 1792 tu,
720 1719 965 1773 Domine
1013 1718 1345 1789 specialiter
1402 1735 1678 1774 securum
1739 1717 2010 1774 habitare
2041 1721 2088 1786 Β

505 1791 692 1847 fecisti
730 1807 845 1845 me.

367 1925 594 1965 VICTORI
626 1923 815 1963 surae.
842 1907 863 1941 ²
885 1923 1351 2049 ῙῙίΕΠΕΒΥξΑΤῙΒυΞ
1399 1923 1690 1962 CANTICUM
1723 1906 1798 1976 (h.
1852 1907 2010 1962 Psal-

996 1995 1119 2032 mus
1166 1995 1354 2033 DAVID.

996 1995 1140 2033 muS)
1166 1995 1354 2033 DAVID.

359 2079 474 2152 (νς)
507 2079 690 2152 Verba
724 2093 852 2132 mea
882 2076 1124 2130 auribus
1156 2077 1409 2152 percipe,
1431 2076 1687 2152 Domine
1718 2078 1760 2146 3,

433 2147 694 2220 intelligo
712 2165 980 2202 murmur
996 2165 1184 2220 meum
1209 2147 1289 2220 (h.
1319 2148 1757 2203 meditationem
1776 2147 2008 2220 meam).

359 2223 605 2276 Advorte
633 2218 715 2274 "ad
759 2236 957 2273 vocem
991 2218 1268 2273 clamoris
1302 2220 1456 2274 mei‘

434 2310 532 2346 rex
565 2308 726 2346 meus
760 2295 818 2345 et
843 2291 994 2344 Deus
1029 2306 1214 2357 meus,

435 2365 574 2436 quia
604 2368 658 2417 te
685 2363 984 2436 deprecor.

362 2432 629 2499 Domine,
668 2449 838 2488 mane
871 2432 1068 2487 audies
1101 2448 1299 2486 vocem
1327 2448 1540 2501 meam,

301 2521 304 2524 ‘
437 2523 607 2561 mane
632 2504 1001 2576 przeparabor
1032 2503 1104 2576 ad
1133 2509 1206 2570 te,
1240 2510 1295 2576 et
1317 2503 1776 2576 contemplabor.
1806 2504 1852 2576 7‘.

367 2574 653 2645 Quoniam
687 2574 801 2631 non
837 2576 991 2630 Deus
1023 2574 1220 2630 volens
1259 2574 1633 2646 iniquitatem
1684 2576 1766 2646 (h.
1799 2574 2006 2647 impie-

508 2650 710 2718 tatem)
743 2653 826 2714 tu,

439 2737 542 2776 nec
575 2719 863 2774 habitabit
885 2717 1056 2788 juxta
1088 2721 1142 2772 te
1177 2717 1492 2788 malignus.

361 2791 483 2848 Non
519 2792 760 2847 stabunt
795 2787 981 2860 iniqui
1006 2791 1064 2844 in
1088 2787 1401 2859 conspectu
1419 2787 1722 2844 oculorum
1749 2792 2010 2858 tuorum,

435 2864 607 2919 odisti
640 2879 843 2918 omnes
872 2866 1182 2933 operantes
1210 2860 1607 2933 iniquitatem.

369 2937 577 2992 Perdes
609 2932 920 3004 loquentes
957 2932 1350 3004 mendacium,

435 3008 620 3062 virum
653 3003 1008 3075 sanguinum
1051 3009 1106 3058 et
1137 3003 1405 3059 dolosam

440 3077 881 3133 abominabitur
919 3076 1219 3129 Dominus.

366 3151 482 3222 Ego
516 3153 710 3222 autem
745 3148 809 3222 in
839 3146 1220 3222 multitudine
1260 3145 1674 3202 misericordiae
1706 3150 1817 3200 tua:

439 3221 693 3274 introibo
725 3220 832 3286 (Al.
867 3219 1000 3272 add.
1034 3219 1115 3278 in)
1150 3219 1394 3272 domum
1429 3222 1617 3283 tuam,

442 3292 696 3346 adorabo
719 3291 775 3344 in
799 3289 1016 3359 templo
1047 3300 1251 3344 sancto
1279 3295 1377 3344 tuo
1397 3289 1454 3343 in
1489 3290 1694 3344 timore
1716 3292 1837 3344 tuo.

370 3363 635 3429 Domine,
661 3363 846 3416 deduc
887 3378 980 3415 me
1011 3361 1318 3429 injustitia
1349 3366 1452 3416 tua
1484 3365 1721 3432 propter
1769 3359 2018 3415 insidia-

443 3437 597 3488 tores
629 3433 710 3504 (h.
744 3433 1107 3504 decantores)
1143 3449 1322 3496 meos,

445 3503 794 3576 dirige'ante
824 3503 1028 3576 faciem
1062 3519 1249 3556 meam
1283 3504 1431 3556 viam
1460 3507 1643 3557 tuam.

373 3576 496 3632 Non
531 3574 618 3631 est
651 3575 803 3629 enim
833 3574 891 3628 in
924 3591 1018 3629 ore
1049 3589 1251 3628 eorum
1284 3579 1529 3641 rectum,

446 3649 724 3702 interiora
755 3662 956 3700 eorum
990 3645 1259 3699 insidire:

377 3718 720 3790 Sepulcrum
758 3723 959 3790 patens
991 3722 1195 3790 guttur
1220 3731 1447 3790 eorum,

447 3788 707 3863 linguam
743 3788 908 3863 suam
943 3788 1240 3843 leniﬁcant
1270 3789 1311 3842 °.

375 3861 714 3918 Condemna
744 3876 843 3915 eos
875 3861 1045 3926 Deus,

446 3933 721 3989 decidant
753 3949 784 3986 a
815 3931 1078 3986 consiliis
1110 3930 1277 3986 suis:

370 4005 550 4061 Juxta
581 4003 1018 4059 multitudinem
1053 4002 1338 4057 scelerum
1371 3998 1838 4072 eorumiexpelle
1869 4015 1968 4054 eos
2003 4015 2016 4053 :

446 4077 723 4147 quoniam
751 4079 1209 4147 provocaverunt
1238 4078 1294 4128 te
1325 4073 1437 4147 (At.
1464 4072 1543 4127 ad
1587 4071 1787 4142 Deus).

373 4143 979 4204 Et—lartentur‘omncs
1012 4146 1109 4217 qui
1155 4148 1394 4217 sperant
1423 4143 1481 4217 in
1513 4148 1590 4217 te,

444 4221 500 4275 in
524 4225 870 4291 perpetuum
891 4218 971 4288 (b.
1005 4215 1063 4272 in
1089 4215 1391 4284 smculum)
1425 4215 1787 4269 laudabunt:

375 4294 441 4348 Et
465 4297 734 4363 proteges
765 4307 886 4358 eos,

444 4356 500 4417 e't
534 4356 888 4418 lmta'buntur
915 4361 972 4414 in
1005 4364 1082 4424 te,
1115 4359 1217 4430 qui
1252 4356 1508 4428 diligunt
1553 4372 1766 4412 nomen
1826 4359 2017 4411 tuum.

374 4435 522 4500 Quia
560 4439 622 4489 tu
655 4434 964 4490 benedices
985 4432 1169 4500 justo,

448 4507 709 4572 Domine,
745 4509 808 4560 ut
837 4499 1002 4560 scuto
1036 4502 1118 4576 (b.
1166 4501 1358 4574 basta)
1401 4499 1815 4573 placabilitatis
1855 4515 2017 4555 coro-

520 4577 688 4633 nabis
719 4593 878 4647 eum,

453 4775 630 4831 *Tres
661 4771 840 4828 nostri
875 4788 1018 4827 mss.
1050 4769 1112 4825 in
1145 4773 1401 4841 tempore.

451 4848 472 4881 ⁸
505 4846 677 4901 iidem
713 4863 856 4900 mss.
890 4859 988 4915 pro
1026 4840 1372 4911 habentpro
1392 4857 1588 4915 ῥίψω.
1614 4840 2016 4900 Cisterciensis

379 4918 553 4974 David
585 4934 795 4972 nomen
833 4912 1109 4987 printerea
1138 4914 1360 4987 reticet.
1391 4912 1653 4987 Denique
1703 4931 1858 4987 unus
1915 4918 2018 4987 Re:

420 4991 522 5046 ina:
555 5006 686 5044 cum
711 4985 843 5044 aliis
873 4987 1023 5058 apud
1056 4985 1295 5058 Marian.
1332 4986 1390 5039 in
1422 4986 1550 5056 ipso
1600 4985 1828 5041 Psalmo
1883 4986 2018 5041 audi

399 5057 514 5129 egit
549 5079 649 5132 pro
673 5059 900 5132 auribus
914 5057 1161 5132 ipeucipe.

447 5135 469 5168 ³
499 5127 585 5189 Ita
615 5127 967 5204 exemplaria
998 5127 1286 5197 Cononis;
1320 5127 1530 5195 caeteri,
1563 5128 1720 5197 audi,
1771 5131 2017 5186 Domine.

379 5206 566 5262 MART.

446 5280 466 5312 ⁴
495 5275 899 5333 Cisterciensis
943 5289 1076 5328 cum
1121 5269 1376 5342 vulgatis
1425 5269 1614 5336 libris,
1646 5272 1873 5328 Intende
1902 5272 2020 5329 voci

373 5348 644 5424 oratiouis
672 5363 825 5424 mca’,
859 5348 1024 5424 cujus
1053 5343 1321 5424 versiculi
1354 5343 1610 5424 spatium
1641 5343 1698 5398 in
1732 5344 2018 5416 antiquis-

375 5422 526 5476 simo
560 5421 792 5490 Reginae
814 5414 988 5473 vacat
1012 5435 1024 5472 ε
1051 5420 1144 5490 est
1171 5419 1363 5470 tamen
1391 5414 1448 5467 in
1482 5414 1739 5490 I—Iebraao.

445 5492 465 5525 ⁵
494 5486 674 5546 Addit
694 5488 1097 5545 Cisterciensis
1130 5503 1240 5541 ms.
1269 5490 1320 5539 et
1367 5486 1599 5556 sperabo
1621 5504 1640 5542 :
1672 5492 1728 5542 et
1767 5486 1826 5543 in
1877 5487 2017 5543 sub-

373 5563 676 5626 sequentis
704 5579 909 5616 versus
935 5561 1048 5614 ﬁne
1075 5574 1207 5613 cum
1239 5558 1421 5627 Regio
1450 5574 1502 5613 es
1532 5558 1817 5614 voculam.

453 5613 987 5686 2'Inﬁrﬁuss.nostris
1030 5613 1359 5698 ilcviﬁcant?
1383 5632 1446 5685 In
1508 5613 1740 5685 Hebraeo
1766 5613 2015 5718 711F157“

454 5716 472 5750 ⁷
506 5717 581 5791 In
603 5718 796 5791 futuro
827 5719 1087 5791 suscipiet
1118 5734 1226 5774 ηῖε.
1273 5716 1640 5776 Cisterciens.
1691 5717 1825 5791 legit
1853 5716 2014 5791 pres-

385 5785 510 5840 sius
540 5785 771 5844 Hebrzeo
796 5800 922 5880 npv.

1384 240 1443 292 S.
1485 240 1892 295 IIIERONYMI
1929 239 2183 292 DIVINA
2218 233 2713 294 BIBLIOTHECA.

2032 366 2083 432 Α

3640 241 3779 296 119⁸3

2186 379 2409 416 Vlcrom
2440 379 2498 416 ιη
2531 376 2774 439 psanus
2833 377 3020 439 suum
3077 378 3292 419 OCTAVA
3345 381 3644 422 εΑκτιεω(
3700 357 3774 439 (h.

2698 433 2954 504 Psamus)
2987 451 3178 489 DAVID.

2113 521 2251 592 (VL)
2288 520 2559 597 Domine,
2593 537 2666 576 ne
2697 521 2753 575 in
2790 520 2984 597 furore
3011 527 3112 578 tuo
3144 540 3359 597 arguas
3410 542 3524 595 me,

2189 609 2378 664 neque
2409 593 2466 647 in
2501 593 2586 666 ira
2619 598 2722 666 tua
2756 595 3052 666 corripias
3083 611 3196 664 me,

2116 664 2392 720 Miserere
2451 665 2586 738 mei,
2636 664 3248 738 Domine,'quoniam
3308 668 3587 726 inﬁrmus
3645 687 3776 728 sum

2276 751 2381 806 ego
2412 737 2516 797 (At.
2547 740 2654 790 tac.
2688 737 2839 808 ego),

2199 824 2345 862 sana
2377 823 2490 872 me,
2528 808 2788 877 Domine,
2818 808 3098 878 quoniam
3132 811 3480 867 conturbata
3505 817 3649 868 sunt
3680 831 3773 870 os-

2263 895 2327 932 sa
2361 894 2513 934 mea.

2117 949 2186 1004 Et
2216 949 2417 1028 anima
2445 965 2570 1028 mea
2609 950 2958 1005 conturbata
2990 952 3100 1028 (ᾼι.
3131 953 3386 1026 turbata)
3429 959 3522 1010 est
3580 955 3773 1028 valde,

2191 1025 2362 1088 ettu,
2400 1021 2664 1087 Domine,
2701 1021 3058 1093 usquequO?

2120 1092 2448 1158 Revertere,
2477 1094 2738 1161 Domine,
2770 1092 3201 1150 erue’animam
3234 1112 3452 1164 meam,
3487 1096 3654 1155 salva
3681 1115 3775 1156 me

2193 1169 2433 1234 propter
2463 1164 2934 1220 misericordiam
2967 1171 3152 1221 tuam.

2121 1235 2406 1308 Quoniam
2439 1252 2551 1290 non
2585 1241 2673 1308 est
2701 1236 2758 1289 in
2793 1241 2978 1292 morte
3010 1237 3331 1293 recordatio
3362 1238 3476 1308 tui,

2189 1307 2248 1379 in
2289 1306 2515 1379 interno
2547 1307 2682 1379 quis
2712 1308 3090 1363 conﬁtebitur
3119 1309 3276 1364 tibi?

2122 1377 2403 1432 Laboravi
2436 1380 2492 1432 in
2527 1377 2742 1449 gemitu
2777 1396 2925 1434 meo.

2193 1453 2395 1504 natare
2433 1450 2642 1506 faciam
2675 1455 2796 1505 tota
2827 1456 2995 1506 nocte
3043 1450 3256 1508 lectum
3295 1451 3410 1524 (At.
3466 1452 3772 1525 lectulum)

2193 1537 2418 1588 meum,

2229 1591 2503 1665 lacrymis
2536 1591 2682 1646 meis
2715 1596 2965 1648 stratum
3001 1609 3198 1650 meum
3230 1593 3453 1665 rigabo.

2124 1663 2414 1733 Caligavit
2446 1680 2565 1735 prae
2607 1665 3005 1722 amaritudine
3065 1665 3148 1737 (b.
3183 1663 3536 1740 irritatione)
3568 1668 3777 1726 oculus

2229 1751 2416 1802 meus,

2199 1810 2597 1877 consumptus
2631 1823 2761 1862 sum
2805 1807 2876 1863 ab
2901 1807 3192 1864 universis
3222 1807 3498 1865 hostibus
3528 1811 3703 1867 meis.

2123 1878 2395 1960 Rceedite
2423 1894 2581 1964 a‘me.
2607 1894 2833 1964 omnes,
2863 1881 2961 1950 qui
2995 1880 3320 1964 operamini
3366 1881 3773 1964 iniquitatem,

2195 1950 2334 2020 quia
2365 1949 2590 2005 audivit
2619 1949 2900 2006 Dominus
2932 1949 3130 2007 vocem
3161 1951 3333 2007 ﬂetus
3367 1949 3483 2010 mei

2123 2021 2364 2095 Audivit
2396 2021 2681 2095 Dominus
2712 2022 3180 2094 deprecationem
3217 2039 3429 2095 meam,

2123 2093 2410 2166 Dominus
2441 2092 2761 2148 orationem
2791 2092 2982 2149 meam
3025 2095 3287 2166 suscepit
3315 2096 3352 2149 ⁷.

2121 2165 2569 2220 Confundantur
2594 2170 2649 2218 et
2679 2166 3103 2221 conturbentur
3152 2165 3527 2223 vehementer
3567 2184 3773 2225 omnes

2263 2236 2488 2290 inimici
2523 2237 2658 2302 mei,

2192 2313 2560 2363 revertantur
2575 2312 2632 2362 et
2646 2307 3044 2363 confundantu
3057 2325 3083 2363 r
3099 2309 3446 2379 subito(b.in
3471 2318 3772 2368 momento

2121 2431 2421 2470 IGNORATIO
2460 2431 2628 2470 DAVID
2696 2413 2740 2480 ⁸,
2809 2431 2962 2476 QUOD
3001 2431 3220 2472 CECINIT
3275 2433 3537 2474 DOMINUS
3589 2435 3776 2476 SUPER

2478 2503 2662 2540 vnum
2700 2503 2978 2542 maioris
3017 2503 3150 2542 FlLll
3180 2485 3405 2544 JEMIN‘I.

2118 2574 2283 2645 (νη.)
2316 2573 2560 2629 Domine
2594 2575 2742 2629 Deus
2775 2591 2942 2631 meus
2971 2575 3030 2630 in
3064 2579 3120 2631 te
3152 2577 3402 2646 speravi,

2193 2647 2354 2771 salga
2387 2661 2478 2700 me
2505 2646 2576 2702 ab
2607 2647 2883 2702 omnibus
2913 2650 3409 2719 persequentibus
3431 2665 3544 2720 me,
3599 2655 3658 2707 et
3710 2651 3770 2706 li-

2308 2733 2409 2771 ora
2440 2733 2550 2771 me.

2308 2733 2409 2772 0P3
2440 2733 2550 2773 me.

2121 2790 2204 2845 Ne
2234 2789 2380 2845 forte
2411 2788 2602 2860 rapiat
2632 2788 2654 2824 9
2685 2793 2749 2843 ut
2777 2789 2864 2845 leo
2902 2789 3164 2846 animam
3197 2808 3412 2848 meam.

2195 2861 2432 2925 laceret,
2465 2866 2523 2914 et
2555 2877 2668 2914 non
2699 2861 2776 2916 sit
2805 2862 2904 2931 qui
2938 2867 3124 2918 cruat.

2123 2931 2369 2987 Domine
2391 2931 2546 2986 Deus
2569 2947 2758 2999 meus,
2800 2933 2848 2988 si
2884 2933 2988 2988 feci
3020 2933 3203 3001 istud,

2195 3004 2244 3059 si
2287 3008 2375 3058 est
2405 3003 2688 3074 iniquitas
2717 3004 2776 3058 in
2815 3005 3089 3060 manibus
3121 3004 3291 3060 meis.

2040 3091 2082 3158 ρ
2124 3075 2183 3131 Si
2217 3073 2939 3158 reddidi-retribuentibus
2972 3076 3118 3131 mibi
3152 3077 3399 3146 malum,

2193 3151 2249 3200 et
2278 3145 2473 3200 dimisi
2509 3146 2708 3201 hostes
2738 3163 2897 3202 meos
2927 3163 3160 3204 vacuos.

2122 3218 2511 3292 Persequatur
2538 3217 2816 3292 inimicus
2845 3217 3102 3292 animam
3129 3235 3344 3288 meam,
3372 3222 3430 3274 et
3446 3219 3774 3292 apprehen-

2265 3289 2364 3343 dat
2403 3289 2506 3362 (At.
2544 3289 3044 3362 comprehendat).

2194 3364 2251 3416 et
2280 3358 2580 3415 conculcet
2611 3358 2843 3416 interra
2873 3358 3052 3416 vitam
3087 3378 3300 3426 meam,

2193 3437 2250 3487 et
2267 3431 2522 3557 gloriam
2545 3447 2735 3487 meam
2764 3431 2824 3487 in
2858 3433 3152 3504 pulverem
3184 3432 3429 3489 collucet
3461 3434 3525 3488 ‘0.

2309 3519 2523 3557 manu.

2309 3519 2523 3558 EMPER.

2122 3578 2328 3646 Surge,
2362 3573 2608 3646 Domine
2639 3574 2748 3645 (Αἰ.
2778 3575 2977 3643 Deus),
3010 3575 3070 3630 in
3114 3575 3305 3631 furore
3335 3579 3456 3640 tuo,

2194 3646 2419 3718 elevare
2449 3645 2764 3718 indignans
2788 3646 3176 3718 superbostes
3195 3663 3356 3702 meos
3383 3653 3467 3711 ;et
3481 3661 3768 3718 consurge

2268 3716 2349 3788 (h.
2382 3717 2803 3789 expergiscere)
2825 3716 2896 3773 ad
2931 3718 3256 3789 mejudicio
3279 3720 3430 3789 quod
3451 3716 3768 3774 mandasti.

2127 3789 2192 3843 Et
2222 3789 2604 3861 congregatio,
2629 3789 2889 3861 tribuum
2924 3791 3004 3861 (h.
3031 3790 3316 3861 plebium)
3339 3789 3668 3846 circumdet
3694 3795 3769 3856 te,

2195 3864 2252 3914 et
2279 3877 2384 3932 pro
2418 3876 2484 3932 eo
2521 3859 2791 3932 (ALbac)
2823 3861 2878 3916 in
2909 3859 3088 3916 altum
3123 3867 3428 3917 revertere.

2124 3931 2409 4004 Dominus
2432 3931 2731 4004 judicabit
2755 3933 2860 4001 (Al.
2887 3932 3139 4001 judicat)
3170 3933 3440 4004 populos.

2187 4001 2393 4085 judica
2425 4001 2540 4071 me,
2573 4002 2816 4058 Domine
2846 4005 2958 4076 (At.
2998 4001 3186 4074 Deus)
3213 4001 3540 4060 secundum
3593 4002 3766 4074 justi-

2269 4083 2406 4128 tiam
2442 4089 2654 4142 meam,

2197 4147 2252 4198 et
2284 4145 2607 4200 secundum
2629 4144 3069 4218 simplicitatem
3096 4162 3285 4202 meam
3311 4163 3440 4218 qua:
3457 4150 3548 4202 est
3570 4146 3624 4200 in
3654 4160 3762 4201 me.

2127 4218 2519 4291 Consumatur
2550 4217 2768 4291 malum
2802 4217 3140 4286 iniquorum
3171 4219 3251 4286 (b.
3285 4217 3658 4291 impiorum):

2197 4292 2253 4342 et
2274 4290 2654 4343 conﬁrmetur
2676 4290 2881 4360 justus
2914 4294 2980 4358 ιι,

2195 4363 2252 4414 et
2286 4360 2562 4431 probator
2591 4360 2783 4433 cordis
2816 4365 2872 4416 et
2903 4377 3110 4418 renum
3142 4361 3295 4418 Deus
3317 4361 3543 4433 justus.

2049 4449 2096 4514 D
2129 4429 2375 4513 Clypeus
2399 4447 2575 4514 .meus
2608 4431 2665 4514 in
2700 4431 2836 4500 Deo,

2200 4501 2296 4574 qui
2326 4501 2519 4574 salvat
2549 4507 2736 4559 rectos
2765 4504 2936 4560 corde
2957 4505 3018 4560 ¹².

2124 4572 2279 4629 Deus
2309 4573 2490 4645 judex
2513 4575 2736 4647 justus,

2194 4771 2214 4807 ⁸
2243 4775 2437 4828 Canon
2471 4771 2732 4830 Carcass.
2767 4777 2826 4829 et
2857 4789 2969 4828 ms.
3021 4773 3399 4829 Carnutensis
3454 4788 3557 4844 pro
3612 4773 3765 4844 igno-

2124 4845 2343 4900 ratione
2369 4844 2572 4900 David:
2610 4850 3034 4914 consequenter
3085 4859 3222 4901 vero
3271 4845 3329 4900 in
3382 4843 3493 4900 ms.
3544 4845 3602 4900 S.
3664 4843 3768 4899 Mi-

2126 4915 2366 4980 chaelis,
2400 4932 2566 4986 super
2593 4916 2775 4972 verbis
2805 4917 2991 4973 Chusi.
3023 4921 3208 4972 MART.

2195 4984 2645 5060 —-7Nostr'imss
2699 5004 2932 5060 quoque
2981 4987 3079 5042 alii
3129 4987 3466 5043 Martiaan
3507 4984 3768 5060 inspecti

2121 5075 2230 5142 pro
2246 5059 2626 5142 ignoratione,
2659 5058 2732 5115 et'
2753 5058 3179 5142 consequenter
3205 5075 3371 5132 super
3396 5058 3580 5114 verbis
3624 5058 3764 5113 Chu-

2125 5132 2198 5193 εἰ,
2240 5130 2608 5186 Cisterciens.
2644 5147 2742 5202 pro
2771 5133 2972 5187 verbis.

2199 5202 2220 5236 ⁹
2255 5203 2406 5257 idem
2441 5203 2626 5258 nostri
2661 5220 2803 5258 mss.
2835 5220 2907 5257 ne
2934 5205 3078 5273 forte
3111 5203 3315 5273 capiat.

2203 5274 2246 5309 ¹⁰
2275 5273 2438 5329 Unus
2464 5273 2830 5331 Cisterciens.
2863 5291 2973 5331 ms.
3007 5276 3066 5329 in
3097 5273 3375 5345 pulverem
3404 5273 3686 5329 conculcet

2201 5365 2243 5398 ¹ί
2273 5362 2414 5417 Tres
2444 5379 2583 5418 mss.
2608 5364 2859 5434 ⁸ᾷιιειίιίὰ,
2886 5361 3268 5430 subsequenti
3293 5362 3468 5434 etiam
3491 5367 3548 5416 et
3570 5357 3772 5417 vocula

2128 5434 2543 5506 praetermissa.
2580 5432 3230 5506 Pseudo-Hieronymus
3271 5433 3327 5488 in
3373 5432 3770 5506 Commentar.

2127 5507 2197 5560 ad
2223 5506 2379 5561 hunc
2409 5505 2628 5561 locum.
2673 5528 2701 5557 ‹‹
2734 5508 2796 5562 In
2829 5505 3092 5572 Hebraeo,
3125 5507 3331 5576 inquit,
3371 5505 3451 5559 ita
3484 5505 3770 5576 scriptum

2127 5583 2214 5632 est
2241 5595 2253 5632 :
2288 5578 2551 5633 Seruum:
2581 5577 2744 5633 corda
2766 5582 2818 5634 et
2841 5593 3016 5643 renes,
3050 5577 3213 5647 Deus,
3232 5579 3454 5647 justus,
3483 5580 3547 5630 ut
3571 5580 3775 5648 postea

2126 5655 2546 5720 consequatur,
2589 5649 2938 5720 Adjulorium
2969 5664 3153 5704 meum
3182 5666 3216 5704 a
3245 5649 3372 5705 Deo.
3408 5670 3438 5698 υ
3470 5652 3583 5704 etc.

2199 5721 2244 5758 ιε
2277 5721 2510 5793 Reginae
2546 5737 2655 5778 ms.
2693 5721 2896 5780 reticet
2921 5721 3105 5779 corde.
