4050 6182
241 253 378 312 1193

312 385 370 436 et
401 378 586 448 fortis,
619 381 676 433 et
711 381 723 413 ¹
761 378 1135 436 comminans
1167 383 1288 436 tota
1317 380 1430 437 die.

239 453 366 509 Non
398 450 750 507 convertenti
768 452 1206 520 (Al.convertet)
1226 455 1485 523 gladium
1510 470 1685 509 suum
1707 457 1888 508 acuet.

317 540 514 579 arcum
547 540 723 577 suum
752 523 1021 596 tetendit,
1057 533 1107 578 et
1138 524 1361 596 paravit
1386 525 1574 580 illum.

241 596 316 652 Et
346 597 404 650 in
437 595 564 666 ipso
597 595 824 665 paravit
853 611 994 649 vasa
1025 597 1255 663 mortis,

312 665 558 738 sagittas
589 683 728 740 suas
758 666 829 740 ad
862 665 1324 740 comburendum
1359 673 1634 740 operatus
1667 670 1776 723 est.

240 737 405 795 Ecce
421 739 672 809 parturit
704 737 1097 808 iniquitatem,

314 815 371 865 et
402 814 681 880 concepto
713 809 930 876 dolore,
967 809 1191 880 peperit
1222 811 1588 866 mendacium
1621 811 1661 865 ³.

311 885 533 936 Lucum
567 882 816 950 aperuit,
850 887 908 935 et
937 881 1136 936 effodit
1168 897 1324 951 eum,

312 959 370 1008 et
400 953 710 1036 incidet‘in
743 953 1047 1036 interitum
1076 969 1249 1036 quem
1282 957 1558 1036 operatus
1589 956 1698 1035 est.

237 1024 584 1080 Revertetur
613 1023 778 1079 dolor
807 1023 888 1094 (h.
925 1023 1119 1091 dolus)
1151 1041 1297 1080 suus
1327 1023 1386 1079 in
1419 1030 1594 1095 caput
1622 1025 1773 1094 ejus,

311 1101 368 1150 et
400 1113 576 1167 super
606 1095 878 1150 verticem
910 1096 1038 1165 ejus
1070 1096 1351 1166 iniquitas
1383 1113 1491 1151 sua
1520 1097 1856 1152 descendet.

233 1168 564 1224 Confitebor
597 1167 843 1222 Domino
875 1168 1518 1238 secundumjustitiam
1555 1169 1706 1238 ejus,

309 1244 367 1296 et
400 1239 643 1311 psallam
677 1239 781 1308 (Al.
801 1239 1071 1310 cantabo)
1095 1236 1316 1294 nomini
1338 1239 1568 1294 Domini
1585 1236 1891 1294 altissimi.

475 1353 699 1392 VICTORI
740 1350 846 1391 PRO
884 1352 1322 1392 TORCULARIBUS
1363 1353 1652 1393 CANTICUM

718 1408 806 1476 (h.
844 1407 1131 1476 Psalmus)
1175 1425 1342 1463 DAVlD
1371 1409 1412 1463 ⁸.

233 1489 434 1561 (VIII)
466 1487 711 1561 Domine
746 1485 862 1558 (At.
904 1488 1205 1558 Dominus)
1237 1488 1570 1561 dominator
1600 1491 1818 1552 noster,

307 1576 487 1632 quam
519 1560 1076 1632 grandeestnomen
1109 1564 1277 1614 tuum
1313 1560 1374 1615 in
1405 1561 1679 1614 universa
1702 1564 1887 1614 terra:

307 1630 409 1704 qui
442 1630 693 1704 poenisti
725 1631 975 1704 gloriam
1007 1635 1170 1704 tuam
1205 1647 1384 1704 super
1415 1632 1609 1704 cmlos.

229 1700 768 1774 Ex'oreinfantium
793 1701 1207 1756 etlactentium
1243 1700 1427 1758 fecisti
1447 1705 1465 1737 ³
1495 1703 1578 1774 (h.
1605 1700 1891 1773 fundasti)

307 1775 545 1830 laudem
579 1773 660 1845 (h.
694 1773 1020 1843 virtutem),

306 1852 548 1918 propter
577 1845 944 1918 adversarios
974 1851 1131 1910 tuos,

307 1923 372 1973 ut
403 1917 667 1989 quiescat
697 1917 976 1989 inimicus
1011 1921 1068 1972 et
1100 1917 1279 1972 ultor.

223 1986 457 2044 Videbo
483 1990 640 2044 enim
673 1988 848 2044 caelos
877 1993 1013 2044 tuos
1045 2005 1222 2059 opera
1253 1986 1567 2114 digitorum
1620 1992 1882 2057 tuorum,

305 2061 509 2114 lunam
542 2066 600 2114 et
627 2060 828 2114 stellas
857 2076 983 2114 aute
1019 2059 1275 2114 fundasti
1305 2066 1321 2114 (
1375 2100 1387 2113 .
1424 2060 1810 2114 praeparasti).

305 2061 509 2116 lunam
542 2066 600 2116 et
627 2060 828 2116 stellas
857 2076 983 2130 quae
1019 2059 1275 2114 fundasti
1305 2059 1387 2131 (h.
1423 2060 1810 2131 praeparasti),

230 2133 386 2200 Quid
419 2138 507 2188 est
537 2132 731 2204 homo,
764 2129 1046 2204 quoniam
1081 2129 1402 2204 recordaris
1434 2129 1584 2201 ejus,

304 2204 396 2260 vel
429 2204 586 2259 filius
617 2201 896 2265 hominis.
931 2203 1208 2274 quoniam
1237 2201 1442 2274 visitas
1473 2219 1607 2257 eum
1629 2202 1657 2256 ?

224 2277 461 2332 Minues
491 2275 612 2347 (Αἱ.
645 2275 928 2342 minuisti)
954 2273 1300 2347 feumppaulo
1332 2275 1530 2330 minus
1561 2291 1594 2330 a
1624 2275 1762 2344 Deo,

306 2345 581 2417 gloria'et
609 2347 816 2402 decore
845 2345 1154 2402 coronabis
1184 2362 1341 2402 eum.

227 2419 417 2476 Dabis
447 2418 499 2474 ei
531 2423 877 2491 potestatem
901 2434 1587 2491 superoperamanuum
1619 2421 1880 2485 tuarum,

308 2489 798 2561 cuncta'posuisti
833 2490 941 2545 sub
975 2490 1222 2561 pedibus
1253 2490 1403 2560 ejus.

225 2563 380 2619 Oves
411 2567 468 2618 et
500 2565 764 2617 armenta
791 2561 1012 2627 omnia,

305 2636 552 2705 insuper
581 2638 638 2689 et
669 2633 950 2689 animalia
982 2631 1126 2703 agri.

227 2708 388 2762 Aves
421 2705 547 2762 cceli
580 2709 638 2760 et
668 2705 860 2776 pisces
893 2705 1090 2776 maris,

307 2777 407 2850 qui
443 2773 856 2850 pertran'seunt
886 2775 1126 2832 semitas
1157 2773 1411 2830 marium
1442 2775 1483 2828 ⁸.

228 2849 487 2906 Domine
508 2849 842 2904 dominator
872 2852 1092 2914 noster,

309 2937 486 2994 quam
520 2921 741 2993 grande
761 2925 848 2976 est
866 2934 1079 2975 nomen
1113 2921 1281 2972 tuum
1312 2917 1372 2972 in
1406 2915 1678 2972 universa
1711 2918 1886 2995 terra.

373 3035 598 3074 vxc'roat
641 3035 828 3075 suras
863 3033 1056 3073 monre
1094 3017 1115 3052 ⁶
1155 3031 1294 3070 FILII
1334 3030 1622 3071 cm"an
1661 3015 1740 3081 (h.

802 3089 1094 3156 Psalmus)
1126 3104 1318 3142 usvm.

225 3171 351 3245 (IX)
380 3170 713 3228 Confitebor
737 3170 988 3245 Domino
1018 3168 1077 3222 in
1099 3167 1428 3245 _toto_co_rd_e
1461 3183 1612 3233 meo,

295 3245 558 3298 narrabo
587 3244 787 3298 omnia
811 3242 918 3311 (Αι.
952 3239 1135 3296 omnii
1170 3237 1460 3294 mirabilia
1491 3245 1612 3294 tua.

227 3316 497 3372 Latabor
524 3318 581 3370 et
608 3313 873 3385 gaudebo
902 3313 1059 3381 inte,

301 3403 519 3458 canam,
543 3380 634 3455 (hi
658 3385 927 3458 psallam)
958 3380 1182 3458 nomini
1216 3385 1348 3458 tuo.
1373 3380 1686 3458 Altissime.

218 3460 374 3516 Cum
406 3453 721 3513 ceciderint
741 3453 1252 3530 (h.converterint)
1271 3453 1495 3509 inimici
1529 3453 1641 3508 mei
1668 3455 1880 3508 retror-

377 3545 534 3595 sum,

303 3599 636 3658 corruerint
665 3602 722 3654 et
752 3598 1032 3671 perierint
1064 3615 1096 3653 a
1128 3596 1272 3652 facie
1302 3599 1424 3652 tua.

301 3729 318 3763 ί
353 3725 631 3784 Voculam
663 3731 714 3780 et
743 3722 927 3779 nostri
956 3724 1331 3792 mss.tacent.
1362 3719 1567 3775 Falsus
1605 3719 1882 3792 Hierony-

223 3815 365 3855 mus
393 3797 453 3852 in
487 3797 879 3852 Commentar.
919 3795 1140 3858 Melius,
1172 3791 1390 3863 inquit,
1422 3793 1480 3846 in
1528 3791 1750 3848 Hebraeo
1781 3791 1885 3846 ha-

225 3873 410 3936 betar,
435 3868 842 3923 Comminatus
866 3867 922 3920 in
947 3865 1108 3922 omni
1132 3864 1248 3934 die,
1269 3865 1414 3934 quod
1443 3863 1643 3933 Aquila
1673 3878 1884 3935 quoque

219 3941 554 4000 transtulit.

298 4015 320 4048 ²
342 4017 452 4069 Ms.
477 4009 803 4066 Corbeieus.
857 4007 1044 4078 prima
1071 4023 1273 4073 manu,
1297 4009 1353 4078 et
1377 4022 1561 4061 canon
1593 4004 1883 4060 San-Ger-

223 4086 536 4142 manensis
566 4077 884 4146 correctus,
917 4084 967 4135 et
995 4083 1262 4150 concepto
1309 4077 1430 4133 dolo
1474 4079 1683 4148 peperit
1731 4093 1884 4132 men-

228 4158 476 4214 dacium.
509 4158 696 4209 MART.

300 4258 375 4269 —-
396 4226 761 4283 Cisterciens.
791 4227 932 4278 utet
963 4220 1061 4276 alii
1094 4221 1255 4292 apud
1281 4218 1548 4274 Marlian.
1580 4235 1722 4274 mss.
1750 4235 1886 4274 con-

225 4304 390 4371 cepto
413 4299 532 4353 dolo
563 4314 581 4351 :
631 4295 784 4378 quod
825 4294 1030 4378 “potius
1080 4291 1565 4378 criticinalicujus
1617 4307 1886 4374 perversa

228 4362 400 4434 cura,
432 4385 606 4440 quam
639 4362 862 4422 librarii
896 4367 1111 4420 factum
1144 4363 1415 4420 existimo
1454 4362 1702 4418 incuria.

303 4451 326 4485 ³
364 4448 577 4505 Victori
615 4463 713 4518 pro
753 4446 1126 4518 torcularibus
1157 4443 1267 4514 ipsi
1283 4443 1493 4518 David.
1527 4443 1622 4498 Sic
1671 4443 1883 4518 inscri-

227 4523 387 4578 bunt
416 4514 683 4576 octavum
719 4517 1015 4573 Psalmum
1045 4518 1238 4572 Canon
1272 4515 1534 4570 Carcass.
1567 4519 1623 4570 et
1652 4514 1747 4570 alii
1774 4515 1889 4570 duo

237 4611 389 4650 mss.
424 4593 614 4647 MART.

306 4667 331 4699 ‘
367 4664 428 4719 In
462 4661 680 4718 nostris
713 4677 856 4715 mss.
887 4658 1170 4731 perfecisti
1202 4676 1214 4714 :
1250 4675 1381 4714 mox
1423 4673 1578 4713 unus
1637 4657 1890 4729 Reginae,

233 4735 586 4792 adversarios
617 4748 765 4788 meos
798 4732 972 4788 habet
1008 4748 1110 4802 pro
1136 4739 1273 4787 tuos.

309 4817 331 4851 ⁵
360 4821 422 4871 In
471 4811 903 4883 exemplaribus
962 4811 1214 4866 Canonis
1257 4809 1399 4865 Heb.
1433 4807 1699 4883 veritatis
1750 4809 1891 4883 scri-

236 4893 409 4961 ptum
442 4879 715 4961 legimus,
739 4886 836 4955 qui
865 4885 1256 4961 pertranseant
1286 4881 1440 4952 ponti
1471 4879 1620 4961 mari
1649 4897 1667 4934 :
1699 4881 1798 4935 sed
1833 4882 1892 4961 i‘n

236 4951 442 5014 nostro
471 4951 1001 5011 san-Germanensi
1035 4953 1270 5008 additur
1299 4952 1560 5007 secunda
1583 4967 1757 5006 manu
1776 4951 1894 5023 syl-

235 5031 378 5086 laba
406 5045 522 5096 um,
547 5032 611 5084 ut
640 5027 868 5097 legatur
893 5027 1136 5080 marium
1162 5042 1173 5077 :
1199 5024 1268 5097 in
1291 5023 1557 5097 margine
1584 5023 1759 5078 etiam
1792 5039 1894 5097 po-

239 5104 426 5158 situm
447 5105 537 5156 est
559 5095 723 5154 istud
745 5097 1032 5160 scholion,
1051 5098 1104 5150 h.
1133 5095 1386 5156 semitas;
1409 5095 1563 5165 quod
1582 5096 1896 5164 respondet

238 5172 507 5247 pontiuin
552 5174 735 5247 textu,
773 5167 1336 5247 _Cod_ex_Vaticanus,
1387 5173 1444 5220 et
1490 5166 1634 5247 alter
1681 5166 1896 5247 8...Μί-

243 5237 549 5302 chaelisin
569 5240 828 5296 Periculo
857 5239 1174 5303 Maris,nec
1204 5255 1319 5292 non
1353 5253 1508 5292 unus
1541 5237 1896 5308 Augustino-

243 5332 380 5374 rum
411 5313 922 5384 Burdigalensium
953 5311 1157 5384 legunt
1203 5309 1358 5384 quod
1411 5325 1531 5384 nos_
1566 5308 1894 5384 posuimus.

245 5391 512 5455 Quatuor
542 5379 874 5452 alii,nempe
898 5379 1468 5455 Regius,Corbeiens.
1492 5379 1896 5455 Carnutensis,

245 5451 305 5515 et
354 5456 710 5512 SOrbonicus
763 5451 1017 5511 retinent
1061 5469 1195 5508 cum
1241 5451 1418 5521 edito,
1448 5453 1672 5506 semitas
1719 5453 1894 5522 ponti.

246 5536 440 5588 MART.

317 5630 385 5641 —
414 5598 653 5656 Cisterc.
678 5614 790 5653 ms.
809 5593 1334 5667 pertranseantioias
1346 5609 1620 5667 aquarum
1645 5593 1901 5667 {Regius

250 5676 451 5729 autem
501 5667 720 5724 semitas
770 5663 952 5736 P‘onti,
986 5672 1052 5722 ut
1097 5671 1154 5722 et
1200 5663 1470 5721 Martian.
1503 5665 1562 5720 in
1616 5663 1841 5736 aliquot
1870 5679 1901 5720 θ

257 5744 384 5802 suis
412 5739 658 5798 invenit.

322 5815 345 5855 ⁵
370 5812 504 5872 Pari
527 5824 815 5870 consensu
845 5814 959 5867 Pro
987 5813 1161 5867 morte
1189 5808 1506 5882 praeferunt
1535 5805 1721 5864 nostri
1754 5823 1898 5867 mss.

559 5929 827 5993 Panos.
874 5926 1152 5990 XXVIII.

1584 259 1800 315 LIBER
1836 256 1964 313 PSA
1973 256 2305 314 LMORUM.

1925 383 1980 448 Α
2008 381 2217 458 Fecisti
2245 381 2401 458 enim
2423 382 2718 458 judicium
2753 399 2947 458 meum
2978 387 3039 458 et
3068 401 3306 444 causam
3336 401 3554 458 meam,

3521 263 3662 320 1194

2079 454 2286 508 sedisti
2315 471 2495 526 super
2521 455 2737 510 solium
2757 456 2941 525 judex
2966 457 3231 526 justitie.

2080 526 2398 596 Increpasti
2433 527 2924 604 (Al._in_crep_uisti)
2957 534 3182 604 gentes,
3217 530 3382 604 periit
3416 530 3655 604 impius.

2079 613 2508 723 ntomenteorum
2529 599 2735 654 delesti
2758 599 2815 654 in
2831 599 3254 671 sempiternum
3270 599 3664 677 (h.s&ecu'lum)

2079 684 2108 723 e
2166 685 2284 723 ium
2318 686 2401 723 er.

2079 684 2135 723 et
2158 684 2401 740 jugiter.

2009 739 2278 815 Inimici?
2311 741 2610 812 completa:
2639 745 2778 796 sunt
2809 742 3158 800 solitudines
3190 744 3249 800 in
3281 745 3482 815 ﬁnem,

2078 817 2135 866 et
2165 811 2432 867 civitates
2449 811 2835 868 ’subvertisti:

2078 884 2251 960 periit
2282 885 2565 960 memoria
2597 901 2799 940 eorum
2820 901 2959 960 cum
2995 887 3162 960 ipsis.

2004 955 2514 1081 Doméngstautem
2549 957 2609 1012 in
2644 955 3071 1029 sempiternum
3103 961 3189 1032 (h.
3223 962 3529 1036 smculum)
3569 982 3660 1022 se-

2189 1043 2217 1081 e
2264 1043 2278 1079 1
2315 1067 2328 1081 .

2189 1043 2328 1094 emt,

2075 1097 2358 1154 stabilivit
2388 1099 2457 1153 ad
2483 1099 2874 1169 judicandum
2907 1101 3122 1158 solium
3157 1121 3354 1160 suum.

2003 1171 2070 1225 Et
2088 1169 2213 1252 ipse
2235 1169 2530 1252 jpdicabit
2549 1171 2802 1252 8orbem
2821 1173 2881 1228 in
2905 1174 3454 1247 justitiaJudicabit
3471 1195 3658 1252 popu-

2144 1240 2234 1296 los
2266 1241 2326 1294 in
2358 1243 2755 1312 aequitatibus.

2003 1316 2071 1368 Et
2096 1314 2204 1388 erit
2234 1312 2520 1388 Dominus
2546 1313 2789 1372 elevatio
2822 1333 3124 1388 oppresso,

2073 1385 2317 1460 elevatio
2349 1391 2679 1460 opportuna
2694 1391 2768 1460 fin
2797 1385 3089 1460 angustia.

2002 1460 2070 1510 Et
2100 1455 2399 1536 conlident
2430 1455 2486 1512 in
2520 1462 2576 1536 te
2605 1459 2708 1536 qui
2738 1455 3022 1536 noverunt
3053 1478 3266 1518 nomen
3297 1467 3490 1533 tuum,

2075 1530 2502 1603 quoniamﬁnoy
2535 1530 2900 1603 dereliquisti
2928 1539 3252 1603 quaerentes
3283 1541 3358 1602 te,
3391 1530 3650 1594 Domine.

2072 1604 2314 1680 Cant‘ate
2343 1599 2425 1680 (h.
2461 1600 2714 1680 Psalli‘te)
2749 1599 2996 1680 Domino
3028 1599 3353 1680 habitatori'
3373 1607 3530 1665 Sion.

2005 1673 2354 1746 annuntiate
2384 1673 2440 1724 in
2473 1673 2704 1746 populis
2736 1674 3119 1745 cogitationes
3148 1677 3295 1746 ejus.

1919 1753 1967 1819 B
1998 1742 2280 1814 Quoniam
2296 1758 2566 1821 quaerens
2587 1742 3416 1821 (At.quzérentes)sanguinem
3441 1767 3649 1807 eorum

2141 1814 2481 1886 recordatus
2513 1814 2622 1886 est,

2067 1903 2174 1945 nec
2204 1885 2426 1940 oblitus
2472 1891 2562 1942 est
2611 1885 2882 1944 clamoris
2912 1891 3018 1958 (At.
3053 1889 3392 1964 clamorem)
3424 1909 3644 1968 paupe-

2137 1973 2286 2014 rum.

2065 2030 2339 2085 Miserere
2372 2028 2484 2084 mei
2516 2029 2557 2092 ο,
2589 2027 2855 2096 Domine,

2063 2102 2194 2157 vide
2225 2101 2601 2172 altlictionem
2634 2115 2825 2155 meam
2853 2118 2922 2156 ex
2953 2101 3208 2159 inimicis
3239 2103 3408 2172 meis,

2109 2174 2166 2228 ui
2199 2171 2418 2227 exaltas
2451 2187 2542 2226 me
2572 2172 2644 2226 de
2675 2173 2858 2243 portis
2890 2174 3118 2230 mortis.

2118 2243 2540 2316 tnarrem_r(Ai1
2564 2246 2637 2316 ‘Et
2665 2244 2956 2316 enarrem)
2999 2261 3207 2302 omnes
3255 2247 3462 2304 laudes
3511 2251 3645 2305 tuas
3723 2247 3728 2252 ’

2062 2317 2122 2372 in
2157 2316 2338 2388 portis
2363 2314 2494 2368 filiae
2518 2313 2680 2388 Sion,

2066 2384 2372 2444 exs‘ultabo
2404 2387 2461 2440 in
2495 2384 2741 2441 salutari
2777 2389 2900 2442 tuo.

1996 2461 2452 2534 Demersge‘sunt
2479 2464 2688 2534 gentes
2721 2456 2780 2534 in
2812 2457 3051 2514 interitu
3083 2475 3259 2531 quem
3289 2460 3572 2534 fecerunt,

2066 2531 2260 2605 inireti
2282 2530 2324 2566 ίο
2345 2529 2494 2605 quod
2515 2529 3186 2605 a_bsconderu_nt,captus
3207 2538 3298 2588 est
3319 2550 3418 2605 pes
3439 2529 3644 2591 eorum

1996 2604 2247 2676 Agnitus
2276 2606 2365 2656 est
2394 2600 2996 2676 Dominusjudicium
3026 2600 3269 2672 faciens,

2067 2671 2332 2756 inppere
2362 2688 2646 2726 manuum
2679 2671 3130 2745 (h.palmarum)
3161 2692 3401 2731 suarum
3425 2678 3648 2733 corruit

2141 2759 2382 2816 impius.

2066 2814 2272 2872 Sonitu
2304 2815 2539 2870 SEMPER
2569 2814 2635 2870 “.

1997 2888 2421 2945 Convertantur
2446 2884 2608 2956 impii
2639 2885 2698 2938 in
2729 2883 3046 2956 infernum,

2073 2975 2276 3015 omnes
2302 2965 2500 3030 gentes
2530 2955 2657 3028 quae
2689 2955 2876 3011 oblitas
2904 2962 3047 3030 sunt
3081 2957 3282 3030 Deum.

1999 3032 2283 3096 Quoniam
2308 3027 2431 3084 non
2465 3029 2522 3082 in
2550 3027 2834 3083 aeternum
2867 3027 3142 3083 oblivioni
3174 3029 3286 3084 erit
3316 3045 3538 3100 pauper

2070 3101 2426 3184 exspectatio
2450 3100 2842 3184 pauperum?
2871 3100 3081 3184 peribit
3109 3101 3168 3155 in
3202 3105 3571 3184 perpetuum.

1995 3171 2200 3247 Surge,
2234 3171 2498 3240 Domine,
2524 3171 2638 3247 non
2669 3171 3033 3226 confortetur
3061 3171 3236 3228 homo
3261 3188 3274 3228 :
3300 3171 3647 3244 judicentur

2135 3243 2338 3318 gentes
2366 3247 2499 3299 ante
2531 3243 2738 3298 faciem
2772 3247 2958 3318 tuam.

1992 3315 2167 3387 Pone,
2203 3318 2464 3382 Domine,
2499 3319 2782 3370 terrorem
2813 3315 2900 3369 eis
2934 3331 2947 3370 :

2062 3390 2250 3445 sciant
2282 3392 2505 3460 gentes,
2539 3387 2807 3442 homines
2837 3401 2966 3442 esse
2997 3401 3079 3441 se.
3113 3387 3364 3442 Saurea.

2274 3521 2484 3572 ouans,
2526 3519 2767 3572 DOMINE,
2809 3518 2942 3558 s'ras
2979 3521 3015 3558 Α
3054 3519 3234 3559 noxas
3267 3504 3354 3569 13,

1988 3604 2104 3678 (Χ.)
2126 3603 2423 3676 Despicies
2455 3603 2514 3658 in
2547 3602 2912 3674 temporibus
2944 3603 3250 3675 angustiae.

2063 3730 2082 3763 ⁷
2113 3729 2287 3783 Tacet
2320 3727 2524 3796 Regin.
2559 3744 2670 3781 ms.
2703 3743 2902 3782 vocem
2931 3727 3168 3794 inimici,
3197 3726 3477 3798 legitque,
3498 3742 3644 3781 com-

1989 3802 2152 3873 pletw
2175 3797 2499 3873 solitudinis
2530 3798 2589 3873 in
2621 3798 2759 3873 ﬁne.
2778 3797 3162 3873 Cisterciens,
3186 3797 3503 3869 defecerunt
3529 3801 3647 3868 fra-

1991 3867 2127 3926 me
2157 3885 2290 3924 cum
2323 3867 2580 3938 antiquis
2611 3868 3002 3922 versionibus.

2063 3942 2084 3977 ⁸
2115 3944 2178 3997 In
2209 3937 2738 4009 instanti’iudicat,
2769 3943 2894 3993 tum
2927 3938 3056 4005 hoc,
3089 3954 3223 3994 cum
3256 3937 3641 4010 subsequenti

1992 4029 2162 4069 versu
2197 4028 2340 4067 mss.
2375 4011 2560 4065 nostri
2590 4027 2794 4066 omnes
2825 4010 3046 4080 legunt.

2063 4085 2084 4120 9
2117 4084 2297 4138 Iidem
2344 4083 2528 4137 nostri
2581 4099 2722 4138 mss.
2757 4081 3005 4136 Misertus
3056 4089 3136 4136 est
3190 4083 3302 4136 mei
3359 4081 3640 4154 Dominus,

1993 4156 2137 4212 cidit
2166 4154 2528 4226 afﬂictione-in
2559 4170 2577 4207 :
2610 4155 2707 4224 qui
2734 4153 2943 4208 exultat
2973 4169 3078 4217 me,
3110 4156 3223 4207 etc.

2068 4227 2112 4263 ¹⁰
2141 4223 2243 4282 Ms;
2273 4223 2710 4292 Cisterciens,in
2739 4227 2898 4296 fovea
2928 4241 3094 4296 quam
3121 4227 3393 4295 /ecerunt,
3412 4223 3473 4278 in
3505 4234 3644 4292 rete,

1995 4303 2107 4355 etc.

2070 4371 2112 4406 ιι
2148 4367 2350 4424 Plures
2408 4383 2520 4422 ms.
2553 4363 2742 4422 sonitu
2796 4365 3151 4436 sempiterno,
3183 4365 3268 4421 vel
3309 4383 3432 4422 cum
3461 4365 3650 4422 sonitu

1996 4443 2349 4511 sempiterno.
2385 4439 2581 4511 Canon
2635 4437 3213 4511 Sen-Germanensis,
3244 4441 3300 4492 et
3330 4438 3650 4511 Vaticanus

1921 4491 1966 4555 D
1996 4491 2587 4582 asagg'msi'pgaag;
2627 4491 2751 4564 eam.
2787 4491 3651 4582 sane};sempeégsdaius'aai

1993 4586 2166 4656 juxta
2192 4583 2385 4656 Hebr.
2418 4581 2778 4656 meditatione
2833 4595 3070 4650 semper.
3099 4582 3172 4633 At
3200 4581 3442 4656 verbum
3475 4581 3652 4656 medi:-

1999 4653 2224 4711 lationis
2255 4671 2372 4710 non
2405 4657 2648 4724 apparet
2680 4653 2737 4706 in
2772 4667 2978 4724 novem
3034 4666 3178 4724 mss.
3211 4654 3452 4724 nostris.
3485 4654 3648 4724 Apud

2005 4728 2164 4796 LXX,
2187 4741 2293 4797 om
2324 4721 2732 4797 DIAéSLALMA'rIs
2761 4721 3075 4797 scribitur:
3111 4721 3245 4778 hinc
3272 4723 3336 4797 S.
3371 4721 3650 4797 Hierony-

2003 4793 2252 4854 mus’ait
2281 4796 2338 4850 in
2365 4795 2534 4867 epist.
2571 4811 2726 4849 nunc
2757 4793 2857 4867 138
2890 4794 3120 4867 :_[Vonus
3149 4796 3404 4850 Psatmus
3447 4793 3645 4852 distin-

2000 4872 2202 4943 guiturf
2222 4864 2432 4943 cantico
2463 4865 2872 4943 diapsalmatis.
2901 4864 3088 4943 Maa'r;

2076 4943 2117 4976 ίί
2144 4942 2322 4995 Abest
2350 4939 2446 4992 hic
2468 4938 2527 4992 in
2553 4938 2722 4992 llebr.
2749 4952 2815 4992 ac
2837 4935 2896 4990 in
2931 4940 3182 5007 utroque
3214 4937 3530 5009 exemplari
3550 4937 3648 5009 Cia-

2004 5013 2175 5068 nonis
2199 5010 2487 5083 particula
2510 5009 2932 5083 negativanon,
2957 5024 3084 5083 qua:
3105 5013 3301 5064 tamen
3325 5008 3651 5083 su’bintelli-

2003 5079 2410 5156 genda'estex
2441 5079 2902 5156 praecedentibus
2923 5079 3138 5156 {idque
3159 5084 3293 5134 ante
3323 5097 3428 5156 nos
3450 5081 3649 5156 docuit

2005 5150 2110 5220 vir,
2139 5155 2188 5210 si
2244 5153 2378 5224 quis
2437 5150 2610 5220 alius,
2660 5151 2872 5224 linguae
2931 5150 3104 5205 Hebr.
3146 5150 3646 5219 consultissimus,

2006 5247 2206 5298 noster
2260 5223 2516 5296 Thomas
2574 5240 2816 5296 Dufour.
2848 5223 2926 5298 5N
2953 5255 3066 5294 non
3099 5260 3127 5288 ‹‹
3159 5239 3338 5294 semel
3372 5240 3647 5308 positum,

2005 5314 2218 5384 inquit,
2252 5313 2567 5384 aliquando
2597 5312 2656 5366 in
2691 5311 2825 5384 aliis
2851 5309 3104 5384 periodis
3131 5310 3409 5384 membris
3439 5311 3648 5384 subin-

2007 5381 2310 5455 telligitur,
2344 5381 2403 5438 ut
2436 5383 2583 5438 Psal.
2619 5401 2675 5438 ιχ
2707 5399 2721 5438 :
2781 5383 2904 5437 Non
2946 5381 3007 5435 in
3056 5381 3228 5455 linem
3275 5381 3506 5455 oblivio
3542 5382 3655 5455 erit.

2007 5451 2278 5534 pauperis
2306 5455 3068 5534 ;_patie_ntia.pauperumn
3105 5452 3269 5520 (non)
3307 5451 3538 5534 peribit
3592 5453 3653 5508 in

2011 5521 2206 5584 linem.
2257 5546 2280 5576 υ
2341 5521 2474 5581 Haec
2533 5525 2632 5580 ille
2685 5521 2743 5580 in
2802 5521 2973 5594 opere
3029 5521 3382 5594 Grammatio
3440 5522 3653 5594 lingua

2011 5541 2206 5584 linem.
2257 5546 2280 5576 υ
2342 5541 2474 5581 meo
2533 5541 2632 5580 me
2685 5542 2743 5580 in
2802 5541 2973 5649 oppre
3029 5541 3382 5578 urammauo
3440 5541 3648 5594 ungue

2008 5599 2182 5654 Hebr.
2215 5613 2358 5668 page
2383 5598 2508 5651 235.
2542 5601 2726 5668 MART.
2747 5625 2841 5668 7—_
2899 5593 3109 5664 egendi
3140 5593 3487 5668 particulam
3521 5611 3648 5667 qua

2010 5665 2383 5751 subauditur,
2411 5683 2682 5751 egpresse
2702 5666 2798 5721 hic
2829 5665 3398 5751 interser‘unt‘nostri
3431 5665 3577 5722 mss.

2085 5741 2129 5778 ιθ
2149 5740 2242 5796 Sic
2260 5739 2322 5795 in
2350 5734 2543 5795 medio
2561 5738 2850 5795 columnae
2879 5734 3220 5792 describunt
3239 5736 3394 5794 hunc
3417 5753 3653 5796 versum

2011 5811 2367 5886 exemplaria
2377 5809 2732 5880 Canonis,ad
2754 5807 3192 5866 distinctionem
3213 5807 3438 5867 scilicet
3453 5809 3650 5869 Psalm

3253 5927 3331 5990 38
