4050 6182
289 217 427 272 1197

357 359 475 399 non
509 347 598 399 est
631 344 731 416 qui
766 343 941 401 faciat
973 345 1218 402 bonum.

280 418 567 490 Dominus
597 417 670 472 de
701 419 846 472 caelo
873 421 1170 490 prospexit
1201 435 1378 489 super
1411 418 1564 473 filios
1599 417 1932 486 hominum,

351 496 415 542 ut
447 488 669 543 videret
701 489 750 543 si
783 488 1238 562 estvinte’lligens
1266 488 1303 558 ‘,
1338 491 1647 562 requirens
1683 495 1887 544 Deum.

277 559 498 614 Omnes
531 567 924 633 recesserunt,
961 559 1140 618 simul
1173 559 1564 633 conglutinati
1598 568 1759 617 sunt.

342 647 457 685 non
476 636 565 686 est
587 632 686 702 qui
711 633 886 687 faciat
904 636 1267 697 bonum,non
1283 632 1373 689 est
1390 651 1570 704 usque
1591 635 1659 688 ad
1688 650 1868 689 unum
1890 633 1930 688 ’.

272 701 478 778 Nonne
491 701 849 778 cognoscent
870 721 956 778 orn
969 721 1068 760 nes
1087 707 1184 776 qui
1203 701 1521 778 operantur
1537 707 1929 777 iniquitatem:

349 776 448 844 qui
472 775 751 850 devorant
773 776 1054 847 populum
1087 775 1282 832 meum
1309 784 1367 832 ut
1395 778 1592 832 cibum
1617 775 1835 850 panis?

348 847 664 900 Dominum
690 863 805 901 non
842 850 1286 903 invocaverunt.

273 916 361 970 Ibi
392 917 773 990 trebidabunt
806 919 1124 975 formidine
1147 921 1188 990 ³,

347 989 629 1062 quoniam
669 991 818 1045 Deus
854 992 911 1044 in
946 992 1530 1062 generationejusta.

275 1059 600 1132 Consilium
635 1059 973 1132 pauperuni
998 1059 1402 1119 confudistis':

349 1131 952 1205 quoniam’Dominus
986 1151 1119 1205 spes
1153 1137 1281 1205 ejus
1313 1139 1424 1189 est.

274 1203 418 1266 Quis
450 1202 614 1258 dabit
644 1204 715 1258 de
739 1205 879 1259 Sion
905 1202 1157 1261 salutem
1182 1202 1367 1261 'Israel
1391 1206 1418 1259 ?

328 1274 564 1348 quando
580 1275 842 1348 reduxeri
855 1278 1084 1348 tDomin
1097 1296 1162 1332 us
1178 1277 1569 1348 captivitatem
1591 1274 1789 1348 populi
1807 1275 1922 1343 sui,

270 1345 594 1401 exsultabit
621 1347 822 1414 Jacob,
852 1347 1148 1404 laatabitur
1179 1345 1379 1404 Israel.

664 1479 916 1519 CANTICIS
949 1464 1025 1535 (h.
1070 1466 1298 1536 Psalm.)
1336 1481 1523 1520 DAVID.

262 1557 436 1633 (XV.)
464 1558 732 1633 Domine,
761 1561 894 1632 quis
909 1563 1453 1633 peregrinabiturin
1480 1563 1726 1618 tentorio
1758 1563 1917 1627 tuo‘,

339 1631 438 1712 qui
469 1631 662 1712 (Al._e_t
684 1631 811 1712 qui)
836 1631 1122 1712 habitavit
1145 1635 1200 1689 in
1237 1644 1432 1689 monte
1464 1640 1666 1712 sancto
1703 1634 1844 1712 tuo?

257 1703 370 1784 Qui
405 1702 736 1784 ingreditur
766 1702 891 1784 sine
917 1705 1169 1784 macula,
1201 1712 1256 1761 et
1285 1713 1564 1784 operatur
1590 1706 1914 1778 justitiam,
1949 1720 1995 1784 Β

336 1773 715 1844 loquiturque
741 1775 1045 1832 veritatem
1072 1777 1130 1831 in
1158 1773 1341 1832 sorde
1367 1795 1494 1833 suo.

259 1844 374 1909 Qui
409 1861 524 1899 non
557 1851 654 1920 est
679 1846 864 1920 facilis
898 1849 956 1902 in
990 1849 1194 1920 lingua
1225 1867 1359 1915 sua,

339 1931 530 1986 neque
555 1917 1496 1992 l'ecit(Al.facit)amico(h.sodali)
1521 1919 1874 1992 suoimalum
1905 1935 1918 1974 :

338 1993 396 2042 et
437 1989 816 2064 opprobrium
845 1989 974 2046 non'
1010 1993 1295 2047 sustinuit
1337 2009 1515 2064 super
1543 1991 1800 2047 vicinum
1835 1991 1916 2062 (h.

410 2060 766 2142 proximum)
797 2079 995 2142 suum.

257 2129 600 2206 Desp’icitur
631 2132 689 2187 in
723 2129 910 2206 oculis
939 2137 1068 2205 ejus
1096 2135 1428 2206 improbus,

335 2202 609 2328 timgntqj
641 2207 836 2260 autem
868 2202 1566 2278 Dominum-gloriticabit
1597 2208 1704 2279 (Al.
1739 2206 1914 2280 glori-

491 2290 558 2328 ca
637 2291 652 2328 :

491 2279 605 2330 cat)
637 2291 652 2330 :

320 2276 666 2414 juraticiiltge
691 2347 935 2418 afﬂigat,
961 2355 1153 2403 etnon
1182 2354 1393 2406 mutat.

248 2415 573 2474 Pecuniam
605 2435 772 2474 suam
803 2415 927 2474 non
951 2421 1114 2475 dedit
1145 2422 1214 2476 ad
1251 2438 1520 2488 usuram,

334 2493 390 2564 et
418 2505 665 2564 munera
699 2490 980 2546 adversus
1012 2492 1321 2548 innoxium
1356 2510 1470 2549 non
1497 2492 1722 2564 accepit
1755 2509 1769 2549 :

250 2559 370 2622 Qui
413 2560 553 2616 facit
584 2561 726 2630 haec,

333 2647 452 2686 non
484 2635 815 2689 movebitur
845 2634 904 2688 in
939 2637 1248 2690 aeternum.

639 2764 879 2804 HUMILIS
918 2767 986 2805 ΕΤ
1023 2767 1308 2806 ειΜΡωοιε
1348 2769 1540 2807 DAVID.

256 2842 712 2920 (xylltlustodi
750 2862 861 2920 me),
895 2847 1070 2920 Deus,
1105 2849 1385 2920 quoniam
1437 2849 1660 2920 speravi
1723 2848 1782 2904 in
1829 2852 1905 2914 te,

336 2914 498 2969 Dixi“
526 2918 796 2986 Domino,
831 2914 1317 2977 Dominus-meus
1349 2938 1410 2977 es
1437 2914 1498 2976 tu
1535 2938 1548 2976 :

335 2987 481 3040 bene
514 2987 655 3042 mihi
692 3005 805 3043 non
838 2995 928 3044 est
957 2991 1085 3046 sine
1117 2995 1192 3046 te.

335 3057 565 3135 Hanctis
602 3061 702 3135 qui
736 3059 792 3114 in
827 3065 983 3116 terra
1012 3068 1235 3135 suntet
1267 3064 1617 3135 magniﬁcis,

334 3129 538 3184 Omnis
569 3131 838 3187 voluntas
873 3149 1000 3187 mea
1032 3135 1091 3188 in
1125 3134 1230 3189 eis.

252 3200 819 3278 Multipli_cabuntur
855 3204 1014 3261 idola
1070 3221 1299 3272 eorum,
1342 3210 1475 3278 post
1535 3210 1763 3278 tergum
1815 3222 1910 3261 se-

330 3274 639 3342 quentium
664 3275 684 3308 ⁶
720 3292 733 3329 :

331 3359 449 3398 non
483 3343 678 3400 libabo
708 3346 991 3402 libamina
1021 3365 1222 3403 eorum
1258 3349 1326 3405 de
1358 3349 1664 3420 sanguine,

331 3431 524 3488 neque
553 3433 851 3472 assumam
886 3421 1126 3475 nomina
1151 3437 1354 3476 eorum
1389 3423 1444 3475 in
1479 3421 1650 3476 labiis
1685 3420 1855 3488 meis,

246 3487 549 3542 Dominus
583 3505 717 3559 pars
739 3488 1097 3545 hazreditatis
1121 3508 1260 3547 mea:
1287 3496 1340 3547 et
1363 3492 1562 3547 calicis
1586 3493 1768 3558 mei",

326 3563 390 3613 tu
420 3575 724 3634 possessor
750 3563 841 3634 (h.
867 3562 1190 3634 restitutor)
1223 3565 1400 3619 sortis
1433 3580 1596 3620 meae.

249 3628 451 3686 Linea
477 3628 848 3703 [(ALLinetae]
875 3628 1214 3689 ceciderunt
1239 3635 1382 3690 mihi
1408 3637 1466 3690 in
1491 3633 1912 3708 pulcherrimis

340 3842 357 3876 1
397 3842 459 3916 in
491 3841 724 3912 Reginae
756 3843 936 3916 ωε,δὶ
964 3845 1470 3916 εεεθδλλίηιειίίρεηε,
1505 3845 1770 3916 sequitur
1800 3846 1916 3902 Cis-

262 3912 559 3986 terciens.
580 3922 675 3969 aut
705 3914 1008 3986 requirens.

346 3984 368 4017 ²
400 3984 670 4060 _Spa_tium
701 3984 807 4060 hic
829 4002 1074 4060 vacuum
1107 3986 1408 4060 reliquunt
1429 3987 1786 4060 exemplaria
1816 3991 1916 4044 Ca-

267 4053 648 4112 nonis’Hebr.
691 4057 980 4123 veritatis,
1011 4075 1076 4112 ac
1107 4053 1248 4114 mss:
1282 4059 1511 4114 codices
1540 4053 1916 4116 Carnutensis

270 4127 744 4200 et_S_orbonicus,
778 4129 878 4200 qui
939 4146 1038 4200 per
1093 4134 1212 4185 tres
1266 4130 1572 4186 columnas
1614 4132 1914 4200 descripti,

270 4145 332 4181 et
364 4145 744 4194 DOFDODICDS,
821 4146 878 4183 ui
939 4146 1038 4200 per
1093 4145 1212 4185 tres
1266 4145 1572 4186 cotumnas
1614 4145 1800 4186 deseri
1852 4145 1914 4198 ti,

267 4195 566 4267 triplicem
625 4145 1098 4271 complectuntur
1143 4201 1470 4258 versionem
1524 4202 1738 4257 Psalm.
1801 4150 1918 4258 Hoc

272 4273 481 4324 autem
513 4271 703 4341 spatio
735 4271 996 4327 indicant
1051 4272 1377 4328 absentiam
1439 4279 1567 4328 octo
1616 4291 1916 4339 versuum,

272 4357 533 4418 quorum
567 4342 880 4413 Apostolus
913 4343 1143 4418 videtur
1192 4344 1536 4418 meminisse
1573 4345 1630 4399 in
1656 4347 1916 4418 Epist.ad

269 4416 742 4498 ﬁomanos‘tcap.
776 4431 858 4481 in,
892 4417 1138 4498 versui?
1162 4427 1377 4498 seqq):
1413 4422 1469 4498 et
1492 4417 1540 4470 si
1567 4416 1920 4498 nihilexstet

277 4483 931 4559 huj_t_ismodi_versuum
955 4486 1013 4559 in
1043 4483 1323 4559 Hebraico
1346 4487 1522 4554 fonte,
1558 4505 1745 4559 neque
1767 4507 1798 4544 a

275 4701 410 4772 erat
442 4695 772 4769 Hieronymi
800 4695 1082 4772 tempore,
1109 4704 1171 4754 ut
1191 4700 1316 4772 ipse
1339 4705 1596 4755 testatur
1618 4703 1676 4757 in
1703 4703 1927 4759 Praefat.

273 4768 387 4844 lib:
421 4768 866 4844 xv1_Comment.
896 4768 960 4844 in
997 4768 1231 4844 Isaiam'
1271 4773 1639 4844 prophetam.
1695 4774 1929 4831 Videsis

275 4839 642 4914 e_odem_loc_o
681 4842 1061 4914 Eustochium
1093 4839 1477 4914 virginem-ac
1514 4845 1928 4914 Hieronymum

275 4908 554 4988 Ecclesia:
587 4912 902 4988 doctorem
933 4914 1015 4988 de
1049 4908 1212 4988 istis“
1233 4916 1500 4988 versibus
1524 4908 1924 4988 disputantes.

278 4980 537 5037 Consule
558 4983 736 5038 etiam
759 4985 846 5041 Jo.
882 4985 958 5039 Is.
998 4985 1199 5040 Levita:
1223 4987 1493 5041 Germani
1517 4980 1927 5044 Defensionem

278 5051 546 5179 Kfritatis
587 5054 757 5110 Hebr.
793 5057 1071 5111 adversus
1123 5056 1450 5113 Lindanum
1502 5057 1540 5111 l.
1577 5076 1616 5129 ι,
1667 5077 1796 5132 pag.
1836 5062 1922 5114 40.

346 5139 478 5177 Αιιτ.

346 5139 478 5177 ΛΒΤ.

356 5196 378 5269 ἦ
410 5195 573 5269 I_dem
597 5196 970 5269 Cisterciens.
998 5198 1276 5254 timebunt
1303 5200 1686 5269 formidinem.

356 5266 379 5298 ⁸
410 5266 744 5342 Exscriptor
772 5269 989 5342 codicis
1023 5266 1455 5342 Vaticani—legit
1485 5272 1577 5326 hic
1629 5272 1762 5338 loci,
1813 5290 1929 5330 non

288 5337 443 5415 quod
467 5337 801 5415 invenerat,
831 5341 930 5415 sed
967 5341 1120 5415 quod
1155 5337 1521 5414 intelligebat
1553 5359 1565 5397 :
1593 5345 1724 5411 Quis
1750 5337 1929 5415 ypere-

287 5407 615 5476 grinabilur
644 5413 704 5466 in
736 5407 1013 5466 territorio
1045 5421 1159 5468 tuo:
1193 5407 1375 5468 ΜΑῐιτῖ

357 5478 378 5511 ⁸
414 5479 582 5552 Hebr.
646 5481 968 5537 hodiernus
1008 5490 1341 5552 corruptam
1391 5483 1568 5540 habet
1615 5485 1924 5542 lectionem

289 5548 484 5622 dixisti
515 5567 618 5622 pro
648 5553 790 5622 dixi,
822 5553 881 5608 id
930 5559 1038 5620 est,
1092 5548 1266 5614 mins
1301 5557 1551 5621 amarth,
1585 5557 1703 5612 sivo
1735 5575 1928 5612 amar-

288 5621 403 5684 tha,
438 5621 783 5696 projmizst
819 5625 1089 5681 amarthi.
1141 5626 1380 5696 Aliquot
1428 5643 1572 5681 mss.
1631 5629 1815 5684 Latini
1849 5629 1929 5684 le-

291 5696 459 5767 gu_n_t_,
495 5693 685 5750 Diceris
717 5702 847 5762 Deo,
881 5712 983 5767 pro
1013 5696 1145 5751 Dixi
1174 5693 1428 5753 Doinino.
1460 5698 1644 5754 Man'r.

291 5763 601 5838 —Aliquot
622 5783 765 5826 mss.
790 5763 994 5825 Dicens
1034 5769 1167 5827 Deo.
1209 5769 1290 5826 De
1321 5769 1582 5839 Hebraea,
1615 5786 1741 5844 quis
1773 5770 1930 5828 varie

1633 218 1847 276 LIBER
1873 218 2349 278 PSALMORUM.

1958 4453 2002 4516 D

278 4491 627 4551 hujusmodi
657 4501 931 4540 versuum
955 4491 1013 4540 in
1043 4491 1322 4541 Hebraico
1346 4491 1522 4554 tonte,
1558 4505 1745 4559 neque
1767 4491 1922 4560 apud

275 4554 430 4608 LXX
470 4555 872 4631 translatores,
898 4558 996 4631 sed
1018 4563 1256 4631 tantum
1286 4558 1349 4631 _in
1385 4559 1638 4614 editione
1689 4560 1932 4631 Vulgata

275 4640 430 4695 quae
462 4626 654 4697 Graace
701 4629 859 4697 κοινή
919 4629 1134 4684 dicitur
1178 4634 1234 4684 et
1281 4629 1341 4684 in
1387 4634 1505 4684 toto
1536 4632 1674 4686 orbe
1704 4626 1932 4688 divorsa

3556 235 3696 292 1198

1962 346 2017 412 Α
2049 416 2081 420 _
2119 349 2176 399 et
2207 345 2517 420 hazreditas
2549 348 2930 418 speciossima
2963 367 3093 408 mea
3123 357 3233 420 est,

2047 416 2392 490 Benedicam
2428 416 2676 474 Domino
2709 422 2806 490 qui
2841 422 3012 477 Dedit
3042 416 3353 487 consilium
3389 429 3533 486 mihi
3569 449 3583 486 :

2117 489 2360 559 insuper
2388 495 2444 544 et
2477 489 2748 546 noctibus
2795 494 3138 551 erudierunt
3169 514 3258 553 me
3288 516 3452 556 renes
3485 503 3620 558 mei.

2043 561 2443 643 Proponebam
2475 562 2788 643 Dominum
2823 566 2928 634 (Al.
2952 571 3056 643 tae.
3086 568 3421 643 Dominum)
3456 575 3513 630 in
3547 592 3688 630 con-

2186 639 2385 710 spectu
2419 650 2544 710 meo
2577 634 2659 704 (h.
2695 651 2889 710 coram
2924 641 3036 709 me)
3069 656 3304 710 semper
3337 660 3349 697 :

2113 704 2252 774 quia
2284 720 2316 757 a
2347 705 2567 780 dextris
2601 706 2747 760 meis
2779 713 2869 761 est
2902 704 3146 780 (Alﬁes).
3186 704 3257 767 ne
3289 729 3682 773 commovear.

2041 777 2353 856 Propterea
2384 774 2644 832 laetatum
2676 783 2763 832 est
2786 795 2885 834 cor
2909 774 3195 850 'meum',et
3225 785 3538 844 exsultavit
3559 789 3688 860 glo-

2184 863 2269 900 ria
2302 863 2453 908 mea.

2111 922 2169 971 et
2199 935 2332 995 caro
2357 935 2482 995 mea
2513 918 2804 995 habitabit
2833 923 3215 995 confidenter,

2037 987 2162 1042 Non
2196 989 2352 1062 enim
2381 989 2754 1062 derelinques
2785 993 3042 1049 animam
3077 987 3265 1051 meam
3300 998 3358 1053 in
3401 999 3630 1058 inferno
3665 1019 3678 1058 ε

2109 1061 2430 1138 nec_dabis
2464 1061 2733 1138 sanctum
2771 1063 2851 1134 (h.
2887 1066 3346 1138 misericordem)
3393 1076 3561 1128 tuum
3595 1074 3683 1129 vi-

2215 1132 2348 1205 dere
2388 1132 2844 1205 corruptionem.

2036 1202 2318 1258 Ostendes
2352 1205 2493 1258 mihi
2527 1202 2799 1261 semitam
2834 1208 2984 1263 vitas.

2105 1273 2594 1352 plenitutudinem
2627 1278 2710 1348 (h.
2743 1279 3100 1352 satietatem)
3133 1280 3468 1340 laztitiarum
3491 1286 3511 1322 ⁸
3543 1292 3679 1344 ante

2175 1346 2403 1401 vultum
2447 1346 2640 1414 tuum,

2103 1416 2340 1475 decores
2371 1419 2428 1472 in
2463 1421 2702 1476 dextera
2733 1426 2834 1476 tua
2863 1426 3138 1480 aeternos.

2638 1553 2838 1592 ORATIO
2879 1555 3070 1594 DAVID.

2028 1630 2444 1716 (XVI-II.)_Audi,
2473 1635 2644 1702 Deus,
2671 1636 2904 1707 justum
2930 1637 3013 1708 (h.
3039 1639 3212 1708 Audi,
3251 1641 3515 1713 Domine,
3538 1645 3676 1716 jus-

2172 1707 2362 1758 titiam
2940 1707 2943 1708 ⁷

2105 1773 2345 1849 intende
2371 1707 2848 1848 )deprecationem
2883 1797 3072 1835 meam
3098 1801 3112 1849 ;

2033 1845 2290 1919 Auribus
2323 1845 2556 1917 percipe
2587 1851 2912 1906 orationem
2946 1845 3162 1919 meam,

2102 1917 2525 1998 absquelabi‘is
2550 1923 2930 1998 mendacibus
2962 1924 3076 1994 (Αι.
3103 1917 3445 1998 mendacii).

2029 1987 2108 2043 De
2138 1989 2432 2117 vultqituto
2463 1991 2633 2062 (h.De
2656 1987 3425 2067 conspectu'tuo)judicium
3451 2015 3669 2056 meum.

2172 2077 2275 2117 pro
2322 2079 2387 2116 ea
2447 2078 2460 2116 :

2172 2077 2460 2131 proaeat:

2099 2131 2252 2206 oculi
2283 2133 2368 2206 tui
2401 2134 2634 2188 videant
2661 2135 2987 2206 aeguitates.

2027 2201 2292 2257 Probasti
2325 2221 2423 2260 cor
2454 2220 2672 2273 meum,
2705 2201 2955 2262 visitasti
2989 2212 3156 2264 nocte
3191 2225 3204 2263 :

2097 2275 2363 2330 conflasti
2396 2292 2508 2344 me,
2541 2281 2596 2331 et
2627 2294 2742 2332 non
2773 2278 3084 2333 invenisti“
3115 2299 3128 2346 ;

2095 2347 2365 2416 cogitatio
2387 2364 2510 2403 mea
2535 2347 2760 2404 utinam
2789 2366 2904 2405 non
2929 2350 3238 2406 transisset
3257 2369 3322 2408 os
3347 2369 3566 2410 meum.

2022 2417 2085 2472 In
2119 2435 2289 2488 opere
2326 2420 2531 2488 Adam,

2091 2488 2149 2544 in
2178 2491 2350 2544 verbo
2383 2490 2674 2546 labiorum
2701 2495 2963 2559 tuorum,

2090 2577 2196 2632 ego
2229 2562 2529 2617 observavi
2565 2563 2682 2616 vias
2713 2563 2795 2633 (h.
2829 2564 3094 2632 semitas)
3118 2564 3385 2622 latronis.

2018 2635 2291 2687 Sustenta
2317 2650 2555 2702 gressus
2589 2650 2751 2688 meos
2782 2634 2840 2687 in
2875 2634 3122 2690 callibus
3155 2639 3297 2701 tuis,

2089 2709 2289 2780 et‘non
2322 2701 2598 2780 labantur
2630 2706 2736 2780 (At.
2763 2704 3056 2780 labentur)
3089 2708 3338 2780 vestigia
3369 2724 3519 2763 mea.

2018 2791 2122 2847 ego
2156 2775 2412 2830 invocavi
2446 2782 2522 2840 te,
2555 2775 2692 2846 quia
2721 2778 2996 2831 exaudies
3032 2775 3123 2832 me
3150 2775 3405 2846 Deus“;

2089 2847 2308 2921 inclina
2335 2864 2536 2921 aurem
2568 2853 2731 2921 tuam
2766 2847 2932 2921 mihi,
2952 2849 3090 2903 audi
3118 2849 3418 2921 eloquium
3438 2866 3659 2905 meum.

2019 2918 2055 2954 ¹¹
2087 2919 2382 2994 Mirabiles
2415 2920 2499 2974 l'ac
2533 2919 2967 2974 misericordias
3020 2924 3175 2986 tuas,
3222 2918 3479 2977 salvator
3526 2938 3662 2994 spe-

2158 2992 2440 3045 rantium.

2089 3079 2121 3116 a
2152 3061 2562 3118 resistentibus
2593 3062 2836 3116 dexteras
2872 3065 3007 3117 tuas.

2020 3132 2260 3206 Custodi
2293 3151 2384 3188 me
2417 3133 2585 3206 quasi
2621 3132 2904 3204 pupillam
2937 3133 3019 3204 (h.
3055 3133 3259 3204 ﬁliam)
3292 3133 3456 3190 intus
3482 3133 3662 3206 oculi,

2090 3205 2150 3259 in
2182 3206 2391 3278 umbra
2418 3205 2645 3278 alarum
2679 3211 2912 3259 tuarum
2940 3211 3179 3278 iprotege
3212 3223 3323 3261 me.

2094 3283 2136 3329 A
2174 3277 2316 3331 facie
2348 3276 2666 3347 impiorum
2699 3277 3056 3330 vastantium
3090 3276 3204 3332 me.

2022 3347 2247 3402 Inimici
2281 3349 2393 3402 mei
2425 3349 2683 3402 animam
2711 3363 2902 3402 meam
2935 3348 3452 3404 circumdederunt

2092 3419 2261 3490 adipe
2288 3436 2394 3475 suo
2421 3418 2875 3485 concluserunt;

2093 3495 2151 3546 et
2179 3507 2277 3546 ore
2306 3490 2481 3546 locuti
2515 3495 2656 3546 sunt
2685 3491 2956 3562 superbe.

2022 3562 2361 3618 Incedentes
2381 3564 2688 3618 adversum
2717 3561 2990 3631 m'e,nunc
3013 3561 3530 3619 circumdederunt
3547 3579 3658 3619 me:

2093 3634 2293 3690 oculos
2317 3651 2454 3691 suos
2479 3638 2799 3707 posuerunt
2820 3633 3111 3690 declinare
3132 3634 3190 3689 in
3214 3638 3454 3691 terram.

2024 3843 2186 3899 reddi
2220 3847 2430 3914 potest,
2465 3843 2712 3898 lectione
2743 3841 2983 3898 consule
3013 3842 3249 3898 criticos
3280 3858 3500 3899 sacros.

2092 3917 2112 3950 ⁸
2137 3916 2394 3986 Longius
2427 3914 2610 3969 multo
2642 3914 2763 3968 abit
2792 3914 3162 3969 Cisterciens.
3216 3930 3327 3969 ms.
3383 3914 3663 3985 Multipli-

2023 3991 2216 4042 rentur
2248 3987 2464 4042 dolores
2493 4003 2704 4054 eorum,
2727 3993 2778 4040 et
2793 3989 2978 4056 postea
2997 3993 3292 4057 sequentur
3319 3988 3376 4057 te
3399 4004 3418 4040 :
3449 4001 3559 4040 non
3591 3987 3666 4057 ιί-

2027 4059 2157 4113 babo
2189 4058 2302 4129 (Al.
2337 4074 2448 4112 ms.
2481 4058 2667 4126 litabo,
2722 4058 2992 4112 libamina
3039 4056 3248 4124 eorum,
3281 4056 3412 4127 quia
3441 4056 3667 4126 gravior

2024 4134 2098 4185 est
2128 4147 2293 4200 quam
2347 4131 2540 4200 eﬂusio
2597 4129 2920 4200 sanguinis,-
2950 4144 3126 4200 ncque
3177 4145 3476 4194 assumam,
3529 4132 3669 4200 etc.,

2026 4199 2152 4280 quas
2185 4199 2791 4280 glossatorisquidem
2825 4204 2881 4255 et
2909 4199 3306 4280 paraphrastae
3348 4199 3664 4280 ingenium

2026 4269 2222 4344 potius
2254 4288 2429 4343 quam
2462 4270 2792 4344 interpretis
2816 4269 3078 4344 sapiunt.
3130 4271 3303 4344 Prior
3330 4269 3540 4344 tamen
3571 4269 3669 4326 ille

2029 4341 2237 4400 sensus
2269 4341 2337 4398 de
2369 4341 2774 4414 multiplicatis
2797 4341 3121 4414 doloribus,
3146 4358 3262 4397 non
3291 4341 3666 4412 idolis,aaque

2034 4417 2181 4470 bene
2210 4431 2278 4469 ex
2307 4416 2539 4469 Hebraeo
2573 4420 2734 4469 textu
2766 4413 3017 4468 elicitur.

2104 4488 2123 4521 ⁷
2155 4487 2218 4542 In
2253 4491 2406 4541 recto
2436 4487 2611 4540 habet
2640 4485 2794 4540 idem
2828 4502 2962 4549 ms.,
2995 4485 3057 4538 Et
3086 4485 3238 4538 calix
3265 4499 3439 4539 meus.

2107 4559 2126 4592 θ
2155 4563 2350 4614 Canon
2386 4557 2650 4613 Ecclesia:
2683 4558 2966 4623 Carcass.,
2999 4553 3410 4610 Plenitudinem
3443 4554 3675 4611 divitia-

2039 4646 2186 4684 rum.
2220 4629 2398 4685 MART.

2108 4703 2128 4735 ⁹
2163 4702 2339 4756 Locus
2368 4699 2677 4772 insigniter
2709 4701 2969 4772 mutatus
3028 4714 3094 4772 ac
3151 4697 3501 4772 depravatus
3548 4701 3672 4752 tam

2039 4771 2096 4825 in
2129 4773 2323 4838 editis,
2357 4769 2532 4843 quam
2555 4772 2613 4826 in
2642 4787 2786 4825 mss.
2815 4769 2982 4824 libris
3014 4787 3026 4824 :
3062 4771 3258 4843 Canon
3290 4769 3675 4843 Sen-Germaf

2039 4844 2258 4910 nensis,
2291 4849 2347 4898 et
2374 4841 2693 4898 Vaticanus
2721 4842 2902 4896 codex
2932 4857 3065 4894 cum
3113 4841 3447 4896 Corbeiensi
3476 4841 3680 4910 legunt

2040 4920 2105 4968 ut
2128 4932 2233 4970 nos
2263 4915 2576 4970 edidimus.
2612 4914 2732 4968 Duo
2765 4913 2860 4966 alii
2894 4911 2953 4966 in
2986 4911 3142 4966 hunc
3176 4913 3419 4967 modum
3473 4929 3486 4966 :
3538 4911 3679 4964 Con-

2037 4986 2191 5054 ﬂain
2219 5002 2320 5052 me,
2354 4989 2402 5040 et
2431 5001 2541 5040 non
2571 4984 2838 5040 invenisti
2866 4984 3225 5051 cogitationes
3259 4999 3428 5037 meas.
3456 4983 3681 5039 Utniam

2037 5073 2151 5111 non
2181 5057 2504 5113 transsisset
2535 5073 2591 5112 os
2623 5072 2803 5110 meum
2834 5057 2893 5109 in
2924 5069 3088 5122 apere
3118 5054 3430 5114 hominum;
3458 5055 3682 5122 propter

2037 5129 2266 5183 verbum
2309 5129 2586 5202 labiorum
2634 5135 2878 5202 tuorum,
2921 5130 3031 5202 etc.
3063 5125 3312 5202 _Regius
3347 5141 3463 5202 ms.
3494 5139 3507 5177 :
3544 5125 3682 5202 Con-

2036 5202 2190 5269 ﬂasti
2216 5215 2300 5254 me
2320 5205 2369 5274 et
2401 5216 2510 5255 non
2553 5198 2814 5274 inuenisti
2859 5195 3205 5269 cognitiones
3251 5211 3397 5274 meas
3445 5195 3685 5274 transire

2038 5264 2095 5326 os
2126 5286 2307 5325 meum
2329 5271 2389 5324 in
2418 5286 2588 5343 opera
2612 5264 3472 5345 nominumLPromeruverbum
3513 5264 3688 5345 labio-

2039 5359 2164 5396 rum
2193 5351 2429 5408 luorum,
2453 5339 2572 5416 ’etc.
2606 5339 2888 5416 Similiter
2936 5339 3132 5416 Canon
3168 5339 3681 5416 .Carcassoqensis

2038 5419 2095 5469 et
2129 5429 2237 5468 ms.
2273 5406 2651 5480 Sorbonicus,
2687 5412 2775 5466 his
2815 5411 3094 5482 exceptis,
3157 5407 3218 5461 in
3272 5424 3433 5479 opere
3491 5406 3682 5460 homi-

2039 5502 2194 5541 num.
2235 5485 2417 5538 MART.

2111 5557 2154 5590 ¹⁰
2186 5555 2325 5610 Mss.
2360 5561 2499 5617 tres,
2531 5553 2815 5610 exaudiin
2845 5566 2949 5616 me,
2979 5551 3134 5603 Deus.
3186 5551 3371 5603 MART.

2112 5629 2154 5662 ¹¹
2189 5627 2389 5681 Minori
2426 5643 2668 5680 numero
2691 5623 3063 5678 Cisterciens.
3089 5620 3218 5691 cod.
3249 5619 3691 5691 mirabilem/lic

2036 5697 2486 5754 misericordiam
2541 5707 2725 5764 luam,
2772 5699 2830 5750 et
2888 5708 3019 5748 mox
3079 5689 3139 5745 in
3200 5692 3358 5750 oculo
3392 5708 3496 5766 pro
3571 5689 3700 5748 inm

2038 5770 2209 5826 oculi.
