4050 6182
393 249 542 310 1199

1439 243 1498 296 8.
1541 237 1950 296 HIERONYMI
1985 235 2241 291 DIVINA
2276 232 2772 290 DIBLIOTHECA.

3686 238 3833 295 1200

404 372 742 437 είωίιίωάο
790 371 921 441 ejus
958 366 1133 441 quasi
1155 365 1342 441 leonis
1359 365 1752 441 desiderantis
1773 362 2048 438 prtedam,
2080 369 2134 437 Α
2169 359 2469 441 _‘t'ulgura
2499 358 2938 441 multiplicavit,
2971 367 3030 419 et
3060 365 3434 423 conturbavit
3466 364 3625 424 illos.

480 453 539 506 et
560 445 731 519 quasi
758 437 936 519 catuli
960 437 1259 519 sedentis1
1297 439 1354 519 in
1378 437 1766 519 absconditis.

413 509 898 592 Surgé,Domine,
925 510 1180 584 praeveni
1204 509 1410 592 faciem
1425 511 1590 592 ejus,
1609 509 2014 592 incurvaeum
2043 521 2058 562 :

487 578 646 648 salva
675 578 943 642 animam
968 599 1158 639 meam
1191 584 1262 637 ab
1298 578 1501 654 impio,
1524 582 1624 653 qui
1683 585 1772 636 est
1827 578 2061 652 gladius

561 666 726 716 tuus.

419 736 468 792 A
495 732 604 789 viri
638 743 850 785 manus
881 733 1014 795 tute,
1049 724 1317 791 Domine,

496 804 598 876 qui
630 799 848 856 mortui
881 798 1104 876 suntin
1139 796 1429 869 profundo
1464 812 1478 850 ε

427 870 686 943 Quorum
719 887 858 944 pars
889 870 950 924 in
981 870 1122 944 vita,

498 952 556 1003 et
586 937 838 1018 quorum
858 946 930 1018 et
959 939 1323 1018 absconditis
1344 939 1462 994 tuis
1486 937 1722 1011 replesti
1751 941 2031 993 ventrem.

428 1019 538 1087 Qui
571 1012 1036 1087 satiabunturin
1071 1012 1230 1087 (iliis,

499 1093 556 1147 et
585 1087 882 1144 dimittent
903 1082 1181 1154 reliquias
1211 1098 1350 1138 suas
1383 1081 1641 1154 parvulis
1671 1097 1893 1137 eorum.

427 1166 551 1245 Βεο
583 1161 643 1245 is
669 1156 908 1245 iustitia
936 1154 1384 1245 aestatecf???
1427 1158 1618 1245 F9393:

499 1221 792 1297 implébor
819 1227 903 1297 (h.
939 1226 1218 1296 satiabor)
1253 1242 1387 1280 cum
1419 1225 1764 1297 evigilavero
1797 1221 2075 1279 similitu—

619 1303 716 1359 ine
745 1305 868 1356 tua.

430 1434 655 1478 VICTORI
697 1431 876 1472 SERVO
918 1429 1117 1468 DOMINI
1159 1428 1350 1479 DAVID,
1378 1429 1505 1474 ουλε
1545 1427 1800 1467 LOCUTUS
1842 1427 1942 1466 EST
1981 1424 2079 1464 D0-

503 1506 649 1546 MINO
685 1504 872 1542 VERBA
911 1501 1134 1540 CANTICI
1176 1500 1381 1552 HUJUS,
1414 1501 1471 1538 IN
1506 1501 1600 1538 DIE
1637 1501 1750 1545 QUA
1791 1497 2084 1536 LIBERAVIT

504 1579 628 1618 EUM
670 1573 927 1615 DOMINUS
968 1573 1039 1611 DE
1079 1572 1242 1610 MANU
1283 1571 1512 1610 OMNIUM
1542 1571 1900 1610 INIMICORUM
1942 1569 2083 1608 SUO-

508 1650 643 1690 RUM
663 1633 706 1700 ',
745 1647 814 1686 ET
853 1646 927 1684 DE
967 1644 1127 1683 MANU
1171 1642 1334 1698 SAUL,
1377 1643 1444 1681 ET
1482 1643 1575 1681 ΑΠ’
1610 1643 1623 1681 :

437 1730 677 1812 (ΧΥΙΙΙ.)
713 1726 958 1812 Diligam
990 1730 1046 1812 te
1076 1725 1343 1812 Domine,
1364 1723 1655 1812 tortitudo
1679 1740 1834 1812 mea,

509 1792 796 1860 Dominus
825 1792 934 1869 (At.
995 1796 1264 1869 Domine)
1313 1799 1478 1866 petra
1537 1797 1720 1866 mea",
1782 1800 1838 1850 et
1895 1792 2075 1848 robur

583 1888 800 1940 meum,
833 1868 890 1925 et
919 1868 1172 1924 salvator
1202 1884 1387 1922 meus.

439 1947 594 2004 Deus
623 1938 794 1999 meus
819 1940 988 1997 fortis
1011 1952 1200 2005 meus,
1235 1944 1292 1993 et
1314 1939 1562 2010 sperabo
1593 1938 1653 1993 in
1685 1953 1789 2004 eo;

512 2021 747 2074 scutum
779 2029 995 2080 meum,
1028 2016 1084 2066 et
1113 2027 1294 2066 cornu
1329 2009 1539 2065 salutis
1579 2026 1740 2077 mea,
1775 2010 2082 2079 susceptor

587 2102 774 2142 ιηθυε.

447 2159 779 2216 Laudatum
812 2153 1093 2209 invocabo
1125 2152 1466 2218 Dominum,

520 2233 578 2284 et
606 2229 675 2284 ab
700 2225 959 2282 inimicis
991 2224 1138 2279 meis
1170 2223 1366 2278 salvus
1399 2240 1517 2278 ero.

449 2299 978 2358 Circumdederunt
1010 2311 1101 2350 me
1134 2295 1302 2349 funes
1337 2295 1562 2349 mortis.

522 2375 579 2426 et
608 2373 894 2426 torrentes
925 2365 1142 2421 diaboli
1174 2366 1402 2437 (Belial)
1444 2368 1780 2420 terruerunt
1811 2377 1922 2432 me,

455 2444 645 2499 Funes
675 2439 842 2495 inferi
873 2437 1355 2494 cicumdederunt
1386 2453 1500 2503 me,

524 2515 932 2587 praevenerunt
963 2525 1052 2564 me
1082 2508 1276 2587 laquei
1311 2509 1540 2587 mortis,
1572 2579 1582 2587 _
1815 2575 1850 2587 η
1904 2575 1943 2587 ἢ
2055 2573 2068 2584 θ

455 2575 930 2641 ΙοἹι-ίὺυιειὶίοηθ
962 2596 1092 2636 mea
1121 2575 1405 2636 invocabo
1453 2575 1855 2649 (ALinvocavi)
1903 2575 2101 2631 Domi-

601 2671 770 2722 num,

531 2731 590 2783 et
619 2727 690 2782 ad
725 2725 909 2781 Deum
949 2738 1146 2779 meum
1176 2721 1463 2778 clamabo.

463 2797 743 2855 Exaudiet
773 2798 845 2852 de
874 2795 1093 2866 templo
1128 2799 1331 2850 sancto
1355 2795 1374 2829 ⁵
1409 2808 1755 2866 suovocem‘
1775 2806 1992 2866 meam,

535 2874 594 2927 et
623 2869 845 2926 clamor
875 2863 1042 2923 meus
1074 2871 1209 2923 ante
1241 2865 1446 2921 faciem
1481 2865 1606 2934 ejus
1628 2863 1822 2920 veniet
1849 2863 1906 2918 in
1939 2874 2111 2917 aures

611 2957 762 2998 8,1118.

469 2957 776 3070 ϐοωῗέιὲῗᾷ
808 3015 919 3078 est,
952 3013 1009 3065 et
1038 3008 1391 3064 contremuit
1422 3011 1577 3063 terra
1611 3023 1625 3062 :

542 3088 600 3139 et
630 3083 1011 3138 fundamenta
1041 3080 1330 3136 montium
1363 3095 1643 3135 concussa
1666 3080 1825 3143 sunt,

543 3159 600 3210 et
629 3157 1020 3225 conquassata
1053 3157 1193 3225 sunt
1221 3150 1498 3225 quoniam
1532 3152 1718 3225 iratus
1747 3155 1860 3205 est.

471 3222 829 3283 Ascendit—et
859 3225 1054 3278 fumus
1086 3224 1145 3278 in
1177 3222 1295 3287 (ΑΙ.
1329 3224 1418 3290 de)
1452 3224 1643 3278 furore
1668 3223 1795 3292 ejus
1829 3237 1842 3276 :

543 3301 600 3354 et
631 3297 784 3370 ignis
816 3313 884 3352 ex
913 3312 1010 3352 ore
1039 3295 1169 3370 ejus
1199 3293 1508 3370 devorans,

546 3366 830 3424 carbones
863 3368 1092 3423 accensi
1125 3370 1265 3420 sunt
1295 3366 1366 3420 ab
1399 3382 1485 3420 eo.

477 3439 786 3495 Inclinavit
815 3437 1011 3503 oculos,
1045 3442 1104 3492 et
1133 3437 1456 3503 descendit,

547 3516 604 3567 et
634 3509 822 3585 caligo
853 3509 963 3564 sub
998 3507 1242 3585 pedibus
1265 3508 1436 3585 _ejus._
1498 3576 1512 3585 _
1648 3575 1702 3585 __
1756 3577 1766 3585 _
1837 3578 1847 3585 ,
1953 3574 1968 3585 .
2052 3572 2064 3585 .

475 3583 547 3638 Et
579 3574 842 3637 ascendit
871 3574 1049 3650 super
1080 3574 1320 3634 cherubl
1348 3575 1856 3650 (Al.c_herubin),et
1880 3574 2114 3643 volavit,

547 3658 605 3709 et
637 3651 847 3708 volavit
877 3648 1056 3722 super
1095 3665 1316 3722 pennas
1345 3648 1525 3704 venti.

475 3725 678 3781 Posuit
703 3721 975 3779 tenebras
1004 3721 1321 3776 latibulum
1355 3737 1529 3776 suum
1567 3737 1580 3775 :

540 3797 600 3851 in
633 3794 876 3851 circuitu
906 3794 1033 3864 ejus
1062 3791 1509 3864 tabernaculum
1537 3793 1688 3864 ejus,

540 3868 882 3923 tenebrosae
916 3861 1097 3936 aquas
1130 3864 1188 3918 in
1222 3863 1480 3918 nubibus
1513 3861 1664 3917 aeris
1686 3861 1722 3914 ⁵.

472 3939 592 3995 Prae
619 3939 846 4008 fulgore
877 3936 936 3992 in
967 3931 1288 4008 conspectu
1320 3937 1449 4008 ejus
1482 3935 1669 3989 nubes
1700 3931 2084 4001 transierunt,

543 4007 766 4084 grando
793 4008 1176 4084 _et_carbones
1199 4007 1386 4084 ignis.

473 4074 838 4139 Etvintonuit
868 4080 930 4134 in
961 4078 1120 4135 caelis
1149 4074 1260 4149 (Αἰῖ
1291 4079 1363 4133 de
1397 4075 1563 4148 cmlo)
1597 4074 1908 4142 Dominus,

543 4158 603 4208 et
620 4151 964 4208 Altissimus
996 4150 1156 4205 dedit
1186 4165 1383 4205 vocem
1418 4165 1584 4204 suam
1610 4153 1630 4187 δ
1661 4164 1675 4202 :

547 4225 893 4292 grandinem
921 4227 978 4278 et
1009 4222 1290 4277 carbones
1323 4220 1497 4292 ignis.

549 4286 620 4353 Et
654 4295 817 4351 misit
846 4294 955 4366 (Al.
999 4293 1217 4356 emisit)
1261 4286 1512 4365 sagittas
1531 4306 1695 4357 suas,
1726 4292 1783 4344 et
1814 4286 2126 4361 dissipavit

624 4384 744 4436 eos,

554 4509 568 4544 '
603 4505 904 4564 Interserit
937 4505 1142 4579 Regin.
1174 4521 1288 4560 ms.
1322 4504 1517 4567 leonis,

551 4580 574 4616 ²
603 4581 666 4636 In
697 4580 935 4635 Cisterc.
970 4572 1080 4633 ms.
1117 4593 1288 4633 voces
1318 4591 1576 4641 suorum,
1608 4573 1740 4630 etin
1761 4572 1896 4641 ﬁne,
1930 4575 1990 4628 ut
2016 4573 2121 4642 ait,

486 4667 600 4708 non
634 4651 948 4706 habentur.

553 4723 576 4757 ³
607 4721 846 4793 Regius,
880 4719 1204 4793 Corbeins.,
1237 4722 1476 4775 Carnut.
1511 4721 1566 4772 et
1595 4715 1954 4793 Sorbonicus
1978 4732 2122 4771 mss.

485 4792 718 4850 codices
748 4793 990 4864 legunt:
1024 4792 1278 4858 Domine,
1310 4794 1468 4864 petra
1506 4805 1642 4844 mea.
1679 4792 1862 4864 Mmjr.

553 4865 576 4900 ‘
605 4860 919 4920 Addictum
940 4868 1126 4919 sancto
1158 4860 1344 4918 nostri
1377 4877 1582 4917 omnes
1617 4876 1760 4915 mss.
1794 4860 2086 4930 ignorant.

556 4936 577 4971 ⁸
609 4937 794 4992 Iidem
828 4951 968 4991 mss.
1003 4933 1212 5002 nostri,
1245 4933 1458 5003 aliique
1505 4932 1661 5004 apud
1702 4931 1993 4998 Martium,
2034 4937 2125 4987 te-

480 5009 714 5080 nebrosa
743 5024 886 5080 aqua
918 5008 978 5062 in
998 5005 1238 5061 nubibus
1267 5005 1516 5080 aetheris.

551 5080 574 5115 ⁸
606 5074 1039 5135 Ηυηο’νθῐ·ευω
1073 5093 1207 5133 cum
1244 5074 1579 5149 precedenti
1607 5075 1893 5149 copulant
1925 5089 2124 5149 exem-

484 5150 671 5223 plaria
699 5149 989 5223 Canonisi;
1025 5147 1412 5223 contra—quod
1447 5147 1649 5223 docui_t
1669 5147 1727 5202 S.
1783 5147 2124 5223 Hieron._in

480 5217 655 5295 epist.
687 5223 757 5278 ad
783 5222 1066 5295 sunniam
1094 5225 1150 5295 et
1181 5217 1465 5295 Fretelam
1502 5235 1515 5274 :
1547 5240 1578 5295 _«
1610 5219 1680 5274 Et
1710 5217 2002 5295 quzeretis,
2031 5218 2126 5274 in-

483 5289 634 5366 quit,
665 5310 770 5366 cur
815 5293 1055 5366 Graecus
1098 5292 1281 5366 istum
1313 5289 1668 5366 versiculum
1716 5290 1974 5366 secundo
2006 5306 2122 5346 non

481 5361 697 5422 Habeat
725 5363 1092 5436 interpositis
1124 5363 1354 5436 duobus
1381 5362 1672 5436 versibus,
1709 5381 1732 5410 ι
1761 5365 1880 5436 βω.
1923 5361 2121 5436 Quaes-

478 5439 561 5493 tio
592 5441 719 5492 erat
747 5437 818 5491 de
847 5432 959 5492 isto
990 5434 1298 5498 versiculo,
1331 5434 1542 5503 grando
1576 5441 1628 5488 et
1657 5432 1913 5487 carbones
1947 5433 2120 5501 ignis,

481 5507 581 5577 qui
608 5506 787 5562 semel
817 5511 1050 5562 tantum
1105 5505 1162 5560 in
1217 5505 1415 5561 Graeco
1460 5507 1731 5577 eontextu
1781 5503 2117 5577 legebatur;

478 5575 538 5631 in
569 5578 769 5648 Hebr.,
792 5581 1002 5648 autem
1032 5577 1243 5632 iterum
1280 5578 1413 5648 post
1457 5575 1605 5648 duos
1643 5591 1844 5648 versus
1891 5575 2118 5648 positus

480 5651 655 5719 extat.
687 5645 765 5702 De
790 5646 963 5704 Hebr.
988 5662 1221 5719 quoque
1235 5645 1392 5719 etde
1411 5645 1830 5719 Theodotionis
1861 5645 2116 5719 editione

481 5715 544 5792 in
574 5715 958 5792 Septuaginta
989 5715 1415 5792 interpretibus
1455 5717 1564 5775 sub
1613 5716 1895 5776 asterisco
1943 5716 2115 5775 addi-

482 5787 613 5842 tum
645 5786 756 5844 t‘ult
783 5786 1011 5848 comma
1040 5786 1221 5848 istud.
1255 5789 1440 5847 MART.

2155 4465 2198 4530 D

2169 437 2235 487 Et
2263 437 2663 508 apparuerunt
2693 432 3008 508 effusiones
3036 453 3350 508 aquarum,

2241 509 2296 559 et
2328 503 2578 558 revelata
2610 509 2748 558 sunt
2786 503 3174 565 fundamenta
3203 503 3386 566 orbis.

2172 576 2258 632 Ab
2290 574 2690 646 increpatione
2722 580 2842 643 tua,
2878 580 3127 636 Domine
3160 598 3173 636 :

2245 647 2318 702 ab
2347 646 2730 718 inspiratione
2756 651 3000 718 spiritus
3031 651 3246 708 furoris
3279 653 3386 708 tui.

2175 719 2335 774 Misit
2368 717 2607 793 de’alto,
2640 721 2934 793 et_acepit
2967 739 3082 793 me,

2249 789 2514 863 extrahet
2547 791 2668 863 me"
2701 791 2771 846 de
2801 789 2975 863 aquis
3008 789 3232 850 multis.

2177 861 2591 938 Liberavitme
2623 862 2692 938 de
2725 861 2965 938 inimico
3000 883 3126 922 meo
3162 868 3594 938 potentissimo,

2250 939 2307 988 et
2336 933 2406 986 de
2441 932 2529 987 bis
2562 933 2662 1060 qui
2695 935 2948 992 oderunt
2999 954 3093 994 me
3143 932 3423 1009 quoniam
3470 932 3833 996 robustiores

2325 1019 2418 1058 me
2450 1018 2588 1058 eran
2626 1045 2638 1058 .

2325 1019 2418 1058 me
2450 1018 2638 1058 erant.

2183 1078 2592 1150 Przevenerunt
2622 1092 2716 1150 me
2750 1076 2807 1132 in
2841 1079 2934 1133 die
2964 1080 3302 1138 aiﬂictionis
3334 1099 3500 1150 meas,

2257 1153 2313 1202 ct
2345 1149 2532 1202 factus
2563 1153 2652 1202 est
2681 1147 2966 1206 Dominus
3001 1153 3441 1211 firmamentum
3475 1147 3703 1211 meum.

2187 1217 2625 1294 Et‘eduxitme,
2658 1219 2716 1294 i_n
2752 1220 3145 1294 latitudinem,

2258 1289 2531 1366 liberavit
2560 1290 2715 1366 incf,
2749 1293 3028 1366 quoniam
3061 1289 3246 1366 placui
3281 1299 3353 1353 ei.

2191 1361 2483 1440 Retribuit
2497 1360 2638 1416 mibi
2663 1360 2948 1440 Dominus
2963 1360 3284 1423 secundum
3302 1369 3600 1440 justitiam
3625 1383 3841 1425 meam.

2264 1433 2590 1489 secundum
2623 1436 2980 1492 munditiam
3011 1433 3599 1497 manuum'mearum
3635 1440 3838 1497 reddi-

2336 1505 2423 1558 dit
2455 1503 2620 1558 mihi.

2265 1575 2412 1640 Quia
2441 1574 2729 1649 custodivi
2758 1578 2881 1634 vias
2913 1579 3170 1649 Domini,

2269 1656 2470 1720 etnon
2499 1647 2588 1720 egi
2622 1646 2799 1720 impie
2831 1667 2864 1706 a
2897 1652 3009 1707 Deo
3045 1646 3197 1709 meo.

2199 1719 2407 1774 Omnia
2435 1718 2591 1774 enim
2617 1718 2847 1797 judicia
2877 1723 3005 1793 ejus
3037 1723 3096 1779 in
3121 1728 3437 1797 conspectu
3471 1742 3626 1796 meo,

2269 1797 2325 1846 et
2355 1796 2658 1862 praecepta
2681 1791 2809 1860 ejus
2841 1791 2955 1849 non
2987 1797 3178 1852 amovi
3211 1815 3244 1853 a
3266 1791 3378 1853 me.

2183 1862 2249 1917 Et
2280 1860 2802 1934 fuiimmaculatus
2831 1881 2966 1920 cum
2997 1882 3085 1934 eo,

2257 1943 2309 2009 et
2338 1933 2619 2009 custodivi
2655 1950 2747 2009 me
2779 1937 2849 1991 ab
2887 1933 3202 2009 iniquitate
3232 1955 3382 1996 mea.

2260 2007 2329 2061 Et
2360 2005 2624 2060 restituet
2655 2006 2763 2076 (At.
2799 2005 3082 2071 restituit)
3116 2011 3263 2066 mihi
3295 2011 3587 2067 Dominus
3627 2027 3846 2068 secun-

2335 2078 2474 2131 dum
2509 2076 2796 2147 justitiam
2831 2095 3051 2136 meam.

2264 2149 2592 2203 secundum
2626 2150 2979 2206 munditiam
3013 2169 3300 2211 manuum
3323 2171 3590 2210 mearum
3617 2155 3679 2210 in
3705 2171 3854 2212 con-

2339 2224 2541 2290 spectu
2575 2219 2878 2277 oculorum
2910 2223 3059 2293 ejus.

2199 2291 2343 2346 Cum
2376 2295 2579 2347 sancto
2612 2297 2852 2348 sanctus
2883 2291 3022 2350 eris.

2272 2363 2562 2442 cum_viro
2595 2363 3276 2442 innocenteinnocenter
3304 2384 3465 2442 ages.

2205 2434 2348 2489 Cum
2382 2432 2564 2490 electo
2596 2434 2817 2492 electus
2847 2437 2988 2505 eris,

2278 2511 2496 2586 etcum
2529 2521 2800 2586 perverso
2833 2509 3722 2586 subverteris_(At._pervertcs).

2209 2577 2356 2653 Quia
2387 2582 2448 2631 tu
2478 2577 2760 2653 populum
2793 2597 3108 2653 pauperem
3142 2577 3420 2652 salvebis,

2284 2652 2342 2703 et
2370 2650 2570 2704 oculos
2603 2650 2863 2707 excelsos
2895 2650 3260 2709 Humiliabis.

2215 2719 2361 2785 Quia
2391 2723 2449 2774 tu
2485 2720 2850 2778 illuminabis
2882 2722 3184 2780 lucernam
3217 2741 3408 2781 meam
3429 2727 3471 2778 θ.

2288 2791 2532 2846 Domine
2563 2797 2712 2848 Deus
2745 2810 2934 2862 meus,
2966 2795 3296 2852 illustrabis
3326 2799 3632 2854 tenebram
3665 2813 3858 2854 meam

2359 2863 2467 2929 (Al.
2483 2865 2772 2944 .tenebras
2790 2868 3008 2948 nicas).

2222 2936 2286 2989 In
2318 2936 2373 2989 te
2403 2933 2560 3060 enitm
2592 2952 2764 3080 uarro
2790 2938 2833 2973 ¹⁰
2862 2933 3160 2995 accinctus
3192 2939 3272 3010 (h.
3317 2955 3553 2996 curram
3588 2945 3723 3012 post
3767 2955 3863 2997 ac-

2367 3023 2493 3061 cmc
2524 3022 2588 3061 os
2619 3049 2630 3061 .

2367 3022 2630 3061 οιηοιοε).

2143 3099 2186 3166 C
2225 3153 2267 3166 ﬁ
2297 3080 2353 3132 et
2382 3078 2441 3160 in
2475 3078 2598 3133 Deo'
2620 3095 2748 3166 meo
2778 3079 3105 3164 transiliam
3139 3081 3245 3153 (Al.
3281 3081 3565 3155 insiliam)
3601 3098 3859 3139 murum.

2223 3153 2379 3224 Deus
2410 3149 2793 3224 immaeulata
2824 3151 2915 3224 via
2945 3153 3096 3224 ejus,

2288 3219 2587 3290 eloquium
2609 3222 2841 3278 Domini
2875 3219 3272 3280 examinatum
3297 3228 3338 3262 ¹¹
3369 3243 3383 3281 :

2289 3303 2522 3346 scutum
2555 3298 2644 3348 est
2673 3293 2938 3349 omnium
2972 3298 3335 3364 sperantium
3371 3297 3429 3352 in
3463 3313 3547 3353 se.

2289 3364 2571 3439 Quoniam
2595 3365 2799 3439 "quis
2821 3371 2909 3422 est
2937 3366 3092 3423 Deus
3114 3373 3318 3438 praeter
3346 3368 3692 3439 Dominum,

2289 3441 2346 3490 et
2366 3435 2500 3509 quis
2530 3436 2696 3509 fortis
2727 3443 2934 3509 praeter
2961 3435 3144 3494 Deum
3174 3446 3441 3496 nostrum
3465 3440 3493 3495 ?

2223 3506 2373 3562 Deus
2405 3507 2502 3577 qui
2536 3507 2643 3582 (At.
2673 3506 2777 3565 lae.
2812 3510 2910 3582 qui
2944 3509 3217 3582 accingit)
3248 3528 3339 3567 me
3371 3511 3742 3581 fortitudine,

2291 3583 2350 3633 et
2383 3583 2579 3649 posuit
2612 3579 3050 3636 immaculatam
3083 3579 3238 3638 viam
3272 3599 3486 3639 meam.

2220 3649 2540 3720 Coaequans
2572 3651 2746 3722 pedes
2777 3668 2937 3707 meos
2970 3653 3174 3720 cervis,

2295 3727 2350 3776 et
2378 3737 2555 3792 super
2584 3722 2814 3778 excelsa
2845 3739 2976 3778 mea
2999 3725 3043 3759 ³³
3075 3730 3342 3780 statuens
3374 3741 3486 3780 me.

2224 3793 2450 3848 Docens
2483 3809 2695 3849 manus
2727 3810 2892 3850 meas
2919 3795 2992 3867 ad
3027 3795 3315 3867 prtelium,

2295 3869 2734 3936 etcomponens
2759 3866 2927 3936 quasi
2949 3866 3148 3922 areum
3189 3883 3403 3922 aereum
3444 3866 3691 3924 brachia
3718 3883 3860 3924 mea.

2225 3934 2452 4008 Dedisti
2479 3936 2629 4008 (mihi
2663 3934 2930 4008 clypeum
2956 3937 3166 3994 salutis
3189 3943 3301 3994 tuae
3326 3939 3434 4006 (Al.
3469 3939 3656 4008 meae),

2296 4010 2354 4061 et
2397 4007 2441 4040 ¹⁴
2461 4007 2698 4063 dextera
2720 4007 2840 4082 :tua
2891 4007 3869 4082 confortavit(Al.coutirmavit)me,

2296 4083 2353 4152 et
2383 4079 2776 4152 mansuetudo
2799 4084 2901 4135 tua
2933 4079 3348 4152 multiplicavit
3379 4098 3497 4137 me.

2225 4148 2509 4206 Dilatabis
2541 4167 2806 4223 gressum
2831 4167 3028 4208 meum
3051 4148 3157 4224 (Αἵ.
3183 4169 3425 4226 gressus
3452 4153 3639 4224 meos)
3664 4153 3872 4209 subtus

2371 4237 2490 4276 me.

2297 4296 2355 4347 et
2386 4310 2498 4348 non
2531 4293 2803 4368 deﬁcient
2834 4292 2934 4349 tali
2970 4294 3084 4350 mei
3117 4295 3226 4367 (Al.
3262 4294 3563 4368 tac.,mei).

2229 4363 2552 4436 Persequar
2579 4364 2852 4421 inimicos
2885 4382 3068 4435 meos,
3102 4363 3159 4423 et
3195 4363 3660 4440 apprehendsm,

2301 4506 2323 4540 "
2351 4506 2475 4562 Duo
2508 4523 2649 4563 mss.
2679 4509 3051 4582 extraxitme
3085 4525 3097 4564 :
3132 4512 3256 4582 tum
3305 4507 3690 4582 subsequenti
3743 4524 3872 4582 prec

2233 4577 2623 4662 nimejersu,’
2644 4595 2777 4662 cum
2807 4579 3106 4662 plerisque
3141 4580 3273 4637 aliis
3303 4581 3459 4654 apud
3491 4577 3764 4636 Martiani
3812 4579 3873 4635 de

2233 4653 2484 4722 inimicis
2513 4653 2623 4706 mei
2647 4653 3062 4722 potentissimis.

2305 4721 2325 4755 ³
2361 4721 2518 4795 Unus
2549 4721 2918 4778 Cisterciens.
2964 4724 3219 4779 liberavit
3261 4739 3366 4792 me,
3400 4723 3674 4795 sequitur
3705 4721 3872 4794 Regi-

2235 4809 2322 4848 nae
2357 4793 2484 4848 cod.
2519 4795 2648 4864 quia
2669 4795 2882 4866 plac-uit
2911 4795 2982 4849 ei.

2305 4866 2325 4899 ο
2360 4866 2480 4919 Duo
2513 4864 2684 4932 mea;
2730 4865 2870 4933 Quia
2902 4873 2963 4920 tu
2991 4864 3322 4933 illuminas;
3356 4873 3408 4922 et
3455 4874 3868 4936 consequenter,

2237 4935 2540 5062 ἰιὶιιδιῧιὺῑι
2570 4937 2820 4993 tenebras
2849 4953 3017 5007 meas,
3050 4936 3253 5010 legunt
3284 4937 3510 5010 aliquot
3559 4935 3658 4993 alii
3712 4935 3868 4994 codi-

2237 5023 2353 5062 ces.
2447 5024 2575 5062 ART.

2236 5023 2353 5062 088.
2390 5023 2575 5063 MART.

2309 5079 2353 5114 ¹⁰
2382 5078 2543 5141 Quod
2577 5078 2824 5150 praefert.
2858 5079 3028 5135 Hebr.
3065 5078 3440 5146 Seholiastes,
3473 5096 3720 5148 curram,
3753 5079 3866 5135 duo

2237 5165 2470 5222 quoque
2497 5167 2526 5206 e
2557 5150 2774 5206 nostris
2806 5167 2948 5206 mss.
2983 5152 3319 5222 praeferunt.

2309 5225 2350 5258 υ
2385 5221 2568 5278 Iidem
2601 5238 2743 5278 mss.
2777 5222 3004 5278 addunt
3025 5221 3121 5276 hic
3152 5223 3299 5291 igne.

2306 5294 2350 5329 ¹²
2380 5293 2730 5366 Adverbium
2774 5295 3043 5366 quoniam
3072 5290 3258 5348 nostri
3290 5307 3433 5349 mss.
3479 5297 3718 5366 tresque
3773 5290 3862 5349 alii

2231 5363 2564 5420 Martianao
2595 5363 2843 5436 inspecti
2868 5381 2982 5420 non
3009 5367 3356 5436 agnoscunt.

2303 5437 2346 5471 ³³
2375 5437 2593 5492 Tacent
2621 5435 2735 5492 du’o
2765 5452 2796 5491 e
2827 5435 3061 5492 nostris
3083 5451 3230 5492 mss.
3270 5451 3416 5492 mea.

2302 5508 2348 5543 ¹⁴
2376 5507 2480 5563 Hic
2511 5506 2827 5578 spatiolum
2859 5523 3110 5578 vacuum
3140 5507 3491 5578 relinquunt
3512 5505 3859 5578 exemplaris

2227 5583 2483 5650 quatuor
2515 5576 2669 5650 mss.
2691 5578 2965 5650 superius
2993 5577 3257 5645 laudata,
3289 5576 3406 5648 quo
3435 5576 3722 5634 denotarit
3767 5576 3857 5632 ab-

2223 5665 2353 5722 esse
2378 5649 2552 5722 Hebr.
2582 5649 2984 5722 voluminibus
3009 5665 3193 5705 unum
3210 5663 3472 5718 versum,
3498 5665 3702 5722 quem,
3725 5663 3856 5706 uou-

2222 5720 2396 5781 nullaa
2427 5720 2936 5796 interpretationes
2966 5723 3401 5795 representsnt.
