4050 6182
367 251 509 311 1203

513 382 684 435 tuos:
746 381 752 385 ‘

443 451 678 508 dextera
701 451 803 504 tua
830 440 1085 502 inveniet
1111 441 1374 499 odientes
1410 447 1484 497 te.

371 523 559 598 Penes
588 538 687 577 eos
717 522 782 574 ut
811 514 1294 598 clibanumignis

443 594 504 650 in
533 597 794 663 tempore
822 588 1019 645 vultus
1048 588 1135 642 tui
1167 602 1182 642 :

372 655 729 722 Dominus-in
752 662 946 718 furore
959 675 1066 717 suo
1080 656 1470 731 praecipitabit
1490 656 1596 728 (At.
1616 655 2019 730 praecipitavit)

516 751 638 803 eos,

446 811 506 864 et
535 798 835 862 devorabit
857 803 961 873 (At.
995 801 1310 872 devoravit)
1332 816 1431 873 eos
1461 798 1635 872 ignis.

374 880 655 956 Fructum
683 871 883 933 eorum
916 874 1025 956 (At2
1054 872 1425 956 (scaporum)
1457 871 1528 927 de
1575 875 1735 926 terra
1789 871 2017 943 perdes.

448 954 506 1006 et
531 965 730 1006 semen
763 944 966 1004 eorum
994 946 1066 1000 de
1094 944 1234 999 ﬁliis
1263 944 1595 1012 hominum,

378 1022 667 1088 Quoniam
701 1018 1132 1074 inclinaverunt
1164 1032 1338 1086 super
1360 1020 1415 1069 te
1448 1014 1690 1081 malum,

450 1092 854 1165 cogitaverunt
884 1088 1077 1165 scelus
1108 1090 1258 1159 quod
1292 1103 1405 1165 non
1436 1089 1775 1158 potuerunt.

378 1158 665 1229 Quoniam
692 1162 801 1231 (At.
837 1161 995 1233 quia)
1030 1158 1210 1233 pones
1239 1158 1703 1233 eoshumeru‘m,

451 1237 620 1291 funes
634 1229 716 1307 (h.
735 1229 964 1307 nervos)
980 1229 1253 1307 tuos'tirm
1264 1230 1599 1307 a_hi_sco_ntra
1612 1229 1787 1307 facies
1801 1243 2024 1307 eorum.

380 1301 669 1375 Exaltare,
708 1304 943 1360 Domine
975 1302 1087 1375 (At.
1122 1302 1322 1375 Deus),
1357 1302 1421 1375 in
1450 1301 1790 1375 fortitudine
1822 1304 1943 1375 tua,

454 1371 826 1435 cantabimus
854 1379 910 1431 et
940 1371 1259 1447 peallemus
1285 1371 1694 1430 fortitudinem
1726 1377 1887 1427 tuam
1918 1371 2026 1444 (At.

530 1448 903 1506 fortitudines
932 1447 1107 1517 tuas).

385 1581 610 1622 νισι-οη]
640 1579 751 1620 pao
782 1578 961 1619 (ιεῆνο
1004 1577 1294 1706 ΜΑτυῖιΝο
1328 1562 1345 1596 ί
1405 1575 1689 1617 caurrcuu
1748 1559 1828 1632 (h.
1863 1559 2031 1615 Prat-

1033 1649 1153 1688 mus
1208 1649 1401 1688 navm.

1033 1649 1175 1688 mus)
1208 1649 1401 1688 DAVID.

1405 247 1464 301 Β.
1504 244 1913 303 HIERONYMI
1948 241 2204 299 DIVINA
2238 239 2732 297 BIBLIOTHECA.

2044 373 2100 439 Α
2130 366 2247 438 Ego
2278 367 2475 439 autem
2506 381 2639 439 sum
2661 362 2877 439 vermis
2901 366 2958 422 et
2989 381 3104 439 non
3136 364 3310 423 homo
3342 364 3424 439 (h.
3454 365 3605 439 vir);

3632 240 3777 296 12Ο4

2200 437 2581 578 ορρτῗξιιίυω
2612 436 2921 493 hominum
2953 443 3010 493 et
3040 438 3335 511 despectio
3350 436 3552 512 plebis
3572 438 3658 509 (h.
3683 456 3780 513 po-

2267 526 2344 578 pu
2376 526 2388 562 ι
2420 550 2432 563 .

2267 526 2432 581 pun).

2126 579 2343 637 Omnes
2366 581 2630 653 videntes
2654 595 2766 646 me,
2789 579 3157 637 subsannant
3173 580 3280 651 (Αι.
3305 582 3779 653 subsannabant)

2175 669 2328 726 ~me;
2360 652 2965 726 demiiLtunt-labium,
2997 658 3231 726 movent
3260 658 3456 726 caput.

2129 723 2403 795 Confugit
2431 724 2502 779 ad
2534 723 2850 780 Dominum
2883 724 2968 795 (h.
3004 723 3220 780 revelat
3255 723 3555 798 Domino),
3597 723 3785 782 salvat

2270 812 2406 851 eum
2433 811 2446 851 ἶ

2202 866 2412 923 liberet
2441 882 2598 935 eum,
2630 866 2911 938 quoniam
2943 866 3069 921 vult
3121 884 3279 924 eum.

2133 940 2227 1011 Tu
2244 943 2440 1011 autem
2473 942 2874 1011 propugnator
2904 955 3073 994 meus
3102 955 3171 994 ex
3201 943 3365 995 utero
3392 955 3408 993 :

2205 1009 2420 1066 ﬁducia
2449 1009 2689 1066 mea’ab'
2711 1009 2991 1065 uberibus
3017 1011 3223 1066 matris
3255 1027 3420 1067 meae.

2135 1085 2198 1137 In
2232 1087 2287 1137 te
2320 1082 2615 1153 projectus
2646 1098 2779 1138 sum
2812 1098 2882 1138 ex
2911 1081 3121 1138 vulva:

2205 1155 2276 1208 de
2308 1159 2506 1209 ventre
2536 1154 2743 1209 matris
2777 1169 2915 1209 meas
2947 1154 3099 1209 Deus
3128 1169 3298 1210 meus
3328 1157 3389 1208 tu
3420 1154 3462 1207 ί.

2136 1225 2219 1281 Ne
2248 1226 2419 1307 longe
2451 1225 2557 1280 fias
2585 1241 2619 1279 a
2649 1241 2761 1307 me,
2800 1225 3080 1307 quoniam
3138 1226 3440 1281 tribulatio
3496 1225 3787 1297 proxima,

2210 1298 2484 1365 quoniam
2516 1312 2629 1352 non
2664 1302 2753 1353 est
2781 1298 3035 1367 adjutor.

2141 1368 2663 1425 Circumdederunt
2697 1385 2790 1424 me
2819 1368 2987 1423 vituli
3020 1367 3226 1423 multi:

2213 1440 2365 1494 tauri
2398 1440 2649 1512 pingues
2678 1439 2763 1511 (h.
2798 1438 3005 1511 basan)
3033 1438 3398 1497 vallaverunt
3426 1455 3536 1495 me.

2141 1515 2507 1583 Aperuerunt
2537 1528 2715 1583 super
2745 1527 2929 1583 meos
2961 1527 3172 1567 suum:

2213 1583 2302 1639 leo
2331 1584 2353 1617 ³
2381 1582 2627 1655 capiens
2647 1586 2704 1638 et
2734 1582 2993 1655 rugiens.

2142 1656 2301 1710 Sicut
2332 1670 2486 1725 aqua
2514 1654 2737 1710 effusus
2768 1671 2924 1719 sum,

389 1728 2028 1807 (XXII)Deusmeus,Deusmeus,quaredereliquistime:
2062 1731 2108 1795 Β
2145 1799 2186 1807 __
2211 1731 2269 1807 et
2298 1730 2569 1807 separata
2599 1730 2739 1781 sunt
2767 1726 2966 1807 omnia
2997 1741 3132 1807 ossa
3159 1741 3325 1781 mea:

458 1801 631 1878 longe
661 1822 696 1861 a
724 1804 916 1878 salute
949 1819 1073 1878 mea
1102 1802 1277 1878 verba
1302 1802 1532 1875 rugitus
1565 1801 1699 1857 mei.

388 1877 545 1934 Deus
563 1871 765 1947 'meus,
794 1876 1059 1932 clamabo
1078 1890 1184 1947 per
1202 1871 1506 1947 diemfuet
1544 1890 1659 1929 non
1719 1871 2031 1929 exaudies:

458 1954 516 2005 et
544 1944 871 2017 nocte,'nec
901 1951 989 2002 est
1018 1944 1317 2002 silentium
1348 1944 1520 2017 mihi.

386 2019 458 2076 Et
484 2024 549 2077 tu
582 2014 804 2086 sancte,
837 2018 1133 2075 habitator
1162 2017 1292 2073 laus
1324 2016 1406 2088 (h.
1440 2015 1669 2088 laudes)
1700 2014 1900 2071 Israel.

456 2095 523 2148 In
554 2095 612 2147 te
643 2091 847 2146 confisi
879 2095 1052 2161 sunt,
1073 2092 1267 2161 patres
1300 2087 1483 2143 nostri
1509 2104 1522 2143 :

458 2162 665 2219 confisi
695 2166 855 2229 sunt,
887 2166 944 2216 et
971 2159 1209 2216 salvasti
1240 2175 1360 2214 eos.

383 2234 470 2291 Ad
502 2239 558 2291 te
586 2232 1009 2299 clamaverunt,
1041 2235 1095 2286 et
1128 2229 1332 2286 salvati
1362 2233 1540 2285 sunt:

460 2305 518 2361 in
548 2308 605 2361 te
630 2303 836 2360 conﬁsi
869 2298 1027 2371 sunt,
1061 2307 1118 2358 et
1148 2318 1261 2357 non
1295 2306 1456 2369 sunt,
1492 2298 1745 2356 confusi.

462 2500 481 2535 ί
510 2499 794 2570 Corrupte
822 2496 1039 2570 legitur
1067 2496 1127 2551 in
1151 2500 1401 2569 utroque
1424 2495 1740 2567 exemplari
1764 2495 2039 2570 (Iunonis,

390 2571 572 2642 inque
600 2568 1130 2642 Vaticanocodice,
1157 2568 1487 2642 Procerus
1523 2570 1839 2642 matutina;
1895 2568 2040 2642 Qum

391 2638 943 2714 Hieronymusjpse
973 2640 1239 2714 docuerit
1260 2638 1361 2694 lib.
1387 2655 1428 2694 ιι
1452 2640 1778 2714 comment.
1809 2639 1866 2694 in
1898 2640 2044 2694 Osee

393 2711 763 2787 prophetam.
795 2711 1111 2787 legendum
1145 2728 1292 2787 esse
1306 2712 1631 2787 masculino
1663 2718 2043 2787 genere,__Pro

396 2781 554 2842 cerno
608 2781 905 2840 matutino.
964 2783 1154 2855 «Ipse
1212 2781 1523 2855 (Christus)
1582 2787 1639 2838 et
1668 2781 2043 2855 'nonralius,

398 2855 614 2929 inquit,
646 2855 815 2929 quasi
848 2870 1031 2929 mane
1050 2854 1119 2929 et
1138 2870 1348 2929 aurora
1380 2859 1619 2925 paratus
1649 2858 1736 2909 est
1754 2854 1945 2929 nobis2
1967 2859 2045 2908 De

397 2924 512 2999 quo
541 2931 599 2983 et
627 2924 1122 2999 vicesimiPsalmi
1146 2925 1357 2999 titulus
1382 2924 1475 2981 est
1499 2943 1510 2981 :
1542 2932 1650 2999 Pro
1681 2924 2048 2997 assumptione

397 2997 698 3080 matutina,
728 2998 863 3080 licet
893 2998 951 3079 in
983 2997 1154 3080 Hebr:
1205 2997 1486 3080 scriptum
1546 2998 1667 3080 sit:
1693 3000 1838 3080 “Pro
1888 3013 2047 3080 cervo

398 3071 757 3167 m‘atgtinohn
780 3068 1046 3151 Meminit
1075 3067 1733 3167 etiamejusdem‘titu’lni
1766 3068 1823 3123 in
1872 3070 2043 3141 epist.
2079 3101 2120 3167 C

398 3142 474 3198 ad
504 3141 824 3209 Maceltam,
858 3141 1029 3210 cujus
1081 3140 1434 3263 principium
1493 3144 1622 3195 est:
1682 3141 1869 3209 Nuper
1910 3140 2049 3194 cum

398 3214 620 3263 pariter
647 3227 902 3263 essemus.
936 3210 1035 3263 ubi
1066 3210 1182 3263 ait:
1220 3230 1247 3263 α
1307 3209 1493 3263 ’ellem
1547 3210 1655 3263 tibi
1712 3211 1933 3263 aliquid
1995 3216 2049 3263 et

394 3214 620 3285 pariter
647 3227 902 3285 essemus,
932 3209 1035 3265 ubi
1066 3210 1182 3285 ait:
1220 3230 1247 3263 ι
1273 3209 1493 3285 Vellem
1542 3210 1655 3285 _t_ib_i
1712 3211 1948 3285 aliquid
1995 3216 2052 3266 et

400 3281 472 3340 de
527 3282 928 3355 Diapsalmate
986 3282 1261 3355 scribere,
1322 3282 1489 3355 quod,
1542 3281 2054 3355 Hebrascribitur

400 3371 561 3411 seu.
606 3397 620 3410 .
642 3352 682 3408 ἡ.
717 3359 774 3409 et
803 3354 874 3410 de
905 3371 972 3410 eo
1004 3354 1159 3424 quod
1192 3354 1253 3408 in
1286 3354 1595 3424 cujusdam
1631 3352 1844 3408 Psalmi
1875 3353 2052 3409 titulo

399 3443 652 3498 habetur
682 3458 792 3497 Ριιο
822 3457 1085 3497 Αδειετῃ.
1122 3463 1150 3490 ››
1183 3442 1404 3496 Nomen
1438 3445 1632 3496 autem
1659 3426 1803 3501 11th
1825 3446 1880 3497 et
1908 3426 2053 3501 n'mz

399 3513 607 3569 aicleth
634 3516 692 3567 et
716 3513 890 3579 aiala,
914 3512 1183 3583 quamvis
1207 3513 1453 3583 formam
1477 3512 1689 3567 habeat
1710 3512 2054 3568 fcmininam

403 3585 556 3656 apud
582 3583 872 3649 Hebraeos,
898 3582 1110 3656 genere
1144 3582 1472 3656 masculino
1514 3584 1903 3656 Hieronymus
1960 3585 2054 3656 in-

402 3654 757 3727 terpretatur
786 3654 927 3711 Gen:
958 3672 1110 3723 xux,
1138 3654 1249 3727 719;
1312 3654 1581 3727 Proverb.
1644 3654 1753 3727 Lix,
1780 3726 1785 3727 γ
1818 3657 1929 3727 19η
1962 3655 2058 3711 hic

404 3725 774 3809 Psalmuxxr,
807 3730 1083 3809 autxxnu,
1123 3726 1515 3809 juxtaHebr:
1580 3725 1861 3809 et;al‘i.bi._
1910 3726 2057 3809 Hine

410 3802 653 3871 apparet
683 3797 966 3871 nonnulla
998 3796 1178 3871 fuisse
1208 3797 1544 3871 mutata‘ab
1584 3796 1903 3871 Scholiasta
1924 3798 2057 3871 ρα-

410 3868 581 3927 nonis
610 3870 669 3924 in
699 3868 1131 3939 exemplaribus
1164 3868 1581 3939 manuscriptis
1609 3869 1892 3924 versionis
1922 3869 2058 3925 Hie-

410 3941 787 4013 ronymiame.
822 3946 1009 3996 MART.
1048 3971 1112 3982 —
1170 3945 1345 3995 Tacet
1404 3941 1608 4011 Regio.
1673 3957 1784 3996 ms.
1844 3956 2058 3997 nomen

411 4013 596 4070 David
627 4033 641 4081 ;
674 4013 1061 4083 Cisterciens.,
1092 4015 1367 4067 canticum
1398 4028 1651 4083 quoque.

484 4086 506 4119 ²
539 4086 903 4140 lnterserunt
932 4082 1025 4139 hic
1050 4084 1230 4138 nostri
1264 4100 1374 4139 ms.
1407 4099 1463 4137 es
1492 4083 1734 4137 verbum
1764 4099 1777 4138 :
1810 4086 1934 4137 tum
1960 4082 2061 4138 alii

408 4157 591 4227 facias
622 4172 724 4226 pro
754 4156 854 4225 ﬁas
884 4155 1105 4227 legunt,
1136 4171 1201 4209 ac
1245 4170 1480 4210 rursum
1539 4170 1672 4209 cum
1728 4163 1808 4209 est
1862 4154 2061 4222 verbo,

410 4229 491 4284 ibi
518 4229 776 4299 proxima
804 4233 900 4282 est.

480 4296 671 4354 "Plus
703 4298 921 4353 habent
952 4300 1071 4352 tres
1102 4312 1247 4351 mss.
1273 4298 1433 4367 quasi
1461 4298 1566 4363 leo,
1596 4301 1652 4351 et
1675 4296 2062 4369 subsequenti

408 4369 698 4427 versiculo
729 4369 1076 4441 e/fusum_cst
1106 4384 1207 4440 pro
1244 4369 1446 4441 effusus
1474 4385 1615 4423 sum.

2144 1799 2381 1854 Factum
2414 1802 2504 1852 est
2535 1814 2635 1853 0οΓ
2665 1813 2863 1852 meum
2891 1797 3045 1852 sicut
3074 1813 3205 1851 cera

2214 1869 2531 1941 liquefacta
2560 1869 2622 1924 in
2656 1869 2846 1941 medio
2877 1867 3095 1941 ventris
3127 1867 3263 1924 mei.

2145 1939 2316 1995 Aruit
2345 1939 2502 1996 velut
2523 1944 2676 1995 testa
2706 1940 2985 1996 fortitudo
3018 1956 3169 2008 mea,

2216 2017 2272 2067 et
2302 2012 2502 2082 lingua
2532 2028 2661 2067 mea
2689 2012 2937 2068 adhaesit
2965 2010 3234 2066 faucibus
3264 2010 3471 2078 meis‘,

2217 2089 2273 2138 et
2304 2084 2363 2138 in
2397 2082 2696 2154 pulverem
2722 2084 2929 2138 mortis
2960 2082 3263 2138 detraxisti
3295 2097 3409 2138 me.

2148 2152 2433 2221 Quoniam
2461 2155 2974 2211 circumdederunt
3004 2171 3097 2226 me
3121 2158 3430 2226 venatores
3461 2152 3545 2226 (h.
3579 2152 3801 2222 canes),

2219 2226 2529 2282 consilium
2565 2226 2953 2297 pessimorum
2985 2224 3257 2280 vallavit:

2147 2296 2422 2354 Fixerunt
2451 2296 2663 2354 manus
2694 2313 2853 2355 meas
2874 2298 2896 2332 ⁸
2925 2301 2983 2353 et
3012 2297 3195 2371 pedes
3229 2312 3389 2352 meos
3415 2312 3431 2351 :

2150 2501 2375 2553 sentem
2410 2495 2604 2552 locum
2640 2495 2886 2552 malitia.
2921 2496 3255 2551 Judmorum
3280 2510 3409 2552 esse
3431 2499 3805 2567 corruptum,

2150 2569 2210 2623 in
2253 2567 2527 2624 Biblioth.
2559 2567 2813 2623 Colbert.
2854 2567 3102 2623 inveniri
3136 2567 3328 2623 adhuc
3376 2567 3640 2622 codicem
3694 2583 3808 2621 ms.

2153 2641 2323 2695 Hebr.
2358 2656 2523 2694 num.
2545 2640 2673 2707 627,
2708 2640 2805 2708 qui
2840 2656 3047 2711 puram
3081 2656 3146 2694 ac
3206 2640 3546 2711 primaevam
3594 2638 3813 2711 retinet

2152 2711 2460 2767 lectionem
2489 2729 2501 2766 :
2536 2712 2593 2765 in
2627 2727 2694 2766 eo
2727 2709 2885 2766 enim
2916 2711 3167 2781 legimus
3194 2709 3307 2765 non
3340 2721 3476 2771 ﬁre:
3504 2709 3674 2765 kaari
3705 2710 3812 2766 ho-

2154 2784 2423 2838 diernum
2457 2782 2903 2853 exscriptorum,
2937 2783 3037 2837 sed
3068 2791 3206 2843 his:
3236 2782 3373 2837 karu
3404 2782 3719 2853 antiquum
3742 2796 3816 2837 ac

2155 2853 2560 2927 prOpbeticum
2586 2873 2601 2922 ;
2626 2858 2907 2927 tantaque
2927 2870 3059 2909 cum
3082 2853 3382 2927 diligentia
3402 2854 3817 2917 emendatum,

2156 2925 2241 2994 ut,
2270 2925 2314 2983 κ
2344 2926 2524 2996 aleph,
2559 2926 2712 2996 quod
2742 2925 2800 2980 in
2829 2925 2937 2980 hac
2967 2941 3105 2981 voce
3162 2925 3378 2980 servite
3430 2929 3541 2985 est.
3592 2929 3651 2996 et
3706 2940 3814 2979 su-

2157 2996 2469 3070 perfluum,
2490 2995 2602 3070 ubi
2631 3001 2847 3070 puncta
2869 2996 3489 3070 vocaliaadhibentur,
3514 2995 3683 3070 obelo
3706 3011 3815 3051 seu

2159 3066 2321 3152 apice
2353 3069 2604 3139 quodam
2631 3066 2923 3152 superiori
2948 3067 3254 3152 juguletur
3282 3084 3349 3123 ac
3408 3066 3816 3152 confodialur:

2159 3139 2437 3209 nulloque
2469 3143 2684 3211 puncto
2716 3139 2969 3195 inferiori
3007 3145 3240 3211 notetur
3283 3157 3295 3194 :
3330 3156 3443 3211 quo
3501 3139 3819 3195 manifeste

2156 3212 2434 3266 docemur
2462 3210 2702 3265 verbum
2733 3227 2867 3266 σανα
2896 3227 2995 3267 seu
3029 3210 3167 3267 karu
3198 3210 3290 3265 his
3330 3210 3521 3266 tribus
3576 3216 3817 3266 tantum

2158 3282 2464 3338 elementis
2494 3286 2765 3354 constare
2793 3290 2920 3354 11:7;
2955 3283 3109 3354 quod
3145 3299 3257 3338 non
3292 3281 3449 3337 aliud
3475 3283 3818 3353 signiﬁcem

2157 3354 2328 3419 valet,
2365 3370 2542 3426 quam
2573 3353 2847 3426 foderunt.
2888 3353 2948 3409 ld
2976 3353 3227 3426 legebat
3255 3354 3668 3426 Hieronymus,
3726 3354 3815 3407 id-

2160 3428 2355 3497 ipsum
2384 3424 2614 3496 quoque
2645 3424 2991 3481 scholiastes
3014 3424 3265 3481 C'anonie
3315 3424 3668 3497 Hieronymo
3726 3441 3819 3497 re-

2161 3496 2401 3579 centior.
2435 3500 2555 3551 Hoc
2586 3497 2759 3579 deniq
2786 3497 3157 3579 ie'scriptum
3190 3512 3426 3579 semper
3454 3496 3817 3579 fuit_i_nha_ntio

2163 3568 2299 3640 quis
2331 3584 2395 3623 ac
2425 3568 2820 3640 veracioribus
2851 3567 3023 3623 Hebr.
3057 3567 3481 3640 voluminibus,
3516 3569 3601 3622 uti
3639 3567 3814 3622 ﬁdem

2165 3638 2333 3711 nobis
2366 3639 2501 3711 facit
2531 3638 2973 3706 laudatumjam
3034 3639 3332 3711 exemplar
3388 3656 3500 3695 ms.
3559 3640 3815 3711 Colbert.

2163 3710 2437 3766 'Biblioth.
2467 3709 2528 3764 in
2559 3726 2676 3781 quo
2709 3710 2988 3766 scribitur
3031 3720 3170 3771 hx:
3206 3709 3361 3765 leum
3420 3716 3647 3765 camets
3704 3710 3815 3765 sub

2165 3789 2333 3861 capb,
2368 3793 2424 3844 et
2454 3806 2586 3844 cum
2620 3789 2865 3846 schurec
2892 3789 3046 3845 intra
3074 3807 3199 3845 vav.
3221 3791 3383 3855 Quod
3409 3789 3820 3846 oblocutorum

2166 3860 2247 3916 os
2265 3860 2435 3932 plane
2467 3861 2721 3916 occludit
2753 3862 2934 3917 Msa'r.
2958 3893 3026 3901 —
3055 3862 3296 3917 Addunt
3325 3861 3501 3917 iidem
3535 3878 3681 3917 mss.
3714 3876 3821 3915 mc:

2167 3938 2292 4005 tum
2329 3934 2641 3988 Vinxcrunt
2697 3949 2801 4004 pro
2857 3932 3405 4005 Fixcruntilegunt.
3468 3932 3597 3988 Haec
3654 3947 3826 4005 porro

2168 4003 2269 4059 illa
2293 4008 2382 4060 est
2409 4003 2710 4076 tantopere
2768 4004 3060 4075 exagitata
3116 4003 3341 4076 Hebraei
3398 4008 3594 4059 textus
3634 4003 3827 4076 lectio

2167 4086 2303 4137 ἡκ)
2329 4074 2507 4142 caari,
2544 4074 2719 4146 quam
2751 4074 3144 4130 recentiorum
3190 4075 3563 4131 Hebraeorum
3623 4075 3827 4131 fraude

2169 4148 2501 4219 confictam,
2563 4148 2683 4202 sive
2713 4148 3085 4219 depravatum
3120 4164 3222 4219 pro
3250 4156 3409 4219 Tim,
3433 4147 3519 4203 vel
3541 4157 3635 4205 1“:
3663 4163 3824 4219 cara,

2169 4219 2239 4274 ad
2271 4217 2734 4290 cludendentum
2762 4218 3076 4273 Dominicze
3123 4217 3413 4290 passionis
3472 4217 3822 4290 mysterium

2172 4289 2326 4344 docti
2359 4289 2489 4357 viri,
2520 4290 2693 4345 editis
2723 4289 2830 4344 hac
2850 4305 3027 4359 super
3057 4289 3399 4361 re’propriis
3438 4289 3823 4361 disceptatio-

2172 4362 2368 4428 nibus,
2402 4360 2902 4416 demonstrarunt.
2925 4364 3091 4418 Certe
3108 4360 3179 4415 ad
3205 4360 3334 4416 eam
3357 4360 3823 4417 convincendum

483 4444 505 4475 ι.
536 4441 693 4522 Mgsz
741 4432 1122 4522 Cistprg-ien‘g:
1176 4455 1241 4522 se
1274 4432 1513 4522 "Regius
1570 4440 1755 4522 ραιᾳιρ
1781 4514 1790 4522 ⁸
1813 4454 1948 4507 meo,
2007 4441 2064 4494 et
2094 4458 2140 4522 Ι)
2174 4432 2541 4522 Γνουᾱθωηεί
2565 4432 2679 4522 alia
2699 4433 2991 4516 deessent,
3015 4433 3476 4522 qumLinn‘umera
3498 4435 3827 4522 suppetunt

414 4513 570 4584 quod
603 4513 754 4567 infra
783 4510 1124 4584 Scholiasta:
1153 4510 1326 4565 etiam
1354 4510 1541 4584 magis
1582 4511 1821 4580 arridet,
1877 4527 2061 4580 canes,

414 4582 520 4668 pro
549 4592 853 4651 venatores,
886 4583 1159 4638 adverbio
1211 4585 1472 4652 quoniam
1530 4582 1771 4654 insuper
1827 4586 2065 4652 praeter-

415 4670 617 4711 mISBO.

490 4726 512 4761 ⁸
540 4728 864 4782 Occurrunt
894 4724 954 4779 in
983 4740 1125 4780 mss.
1184 4723 1509 4796 codicibus,
1540 4741 1655 4779 non
1716 4740 1912 4796 paucae
1970 4740 2066 4779 va-

421 4797 644 4853 riantes
674 4796 953 4852 lectiones
1007 4796 1076 4851 ad
1124 4795 1305 4850 istum
1363 4794 1740 4851 versiculum.
1802 4795 2069 4865 Quinque

425 4868 810 4941 antiquiores,
844 4869 995 4941 inter
1025 4883 1170 4939 quos
1202 4871 1342 4921 sunt
1384 4866 1749 4941 exemplaria;
1794 4867 2068 4941 Canonis,

424 4938 771 5012 siclegunt:
811 4940 1123 5012 ﬁnxerunt
1147 4954 1344 4994 manus
1374 4938 1686 5012 nicas,’etc.
1722 4938 1908 4995 Codex
1953 4942 2066 4993 Au-

465 5010 794 5069 ustinorum
812 5010 1318 5082 Burdigalensium
1332 5010 1657 5082 ;Ct'nxerunt
1674 5027 1867 5065 manus
1897 5025 2065 5064 meas.

465 5029 794 5069 usunorum
813 5029 1318 5082 nurnigaiensium
1332 5029 1656 5075 minarentur
1674 5029 1867 5065 manus
1897 5029 2065 5064 meas.

425 5029 781 5140 gorbonicus
810 5086 1003 5138 autem
1038 5081 1259 5137 caeteris
1290 5081 1382 5137 hic
1434 5084 1623 5155 magis
1678 5083 2065 5155 depravatus;

423 5158 697 5213 Dixerunt
718 5170 918 5210 manus
945 5170 1112 5221 meas,
1148 5171 1248 5223 pro
1279 5155 1521 5224 ﬁxerunt
1552 5153 1747 5208 manus
1776 5169 1946 5216 meas,
2000 5153 2070 5224 ut

426 5228 677 5283 habetur
706 5227 764 5282 in
797 5226 992 5293 editis,
1025 5230 1081 5281 et
1112 5226 1167 5279 in
1193 5223 1423 5280 duObus
1442 5241 1585 5279 mss.
1613 5225 1890 5279 Vaticano
1909 5223 2070 5279 scili-

423 5303 535 5365 cet,
566 5304 624 5354 et
654 5298 831 5354 altero
861 5302 917 5352 S.
954 5297 1276 5352 Michaelis.
1313 5294 1485 5351 Porro
1518 5297 1693 5351 Hebr.
1757 5295 2071 5351 hodiernus

419 5374 735 5453 corruptus
764 5373 821 5424 et
864 5367 1381 5453 viOti‘atusulegitur
1428 5383 1619 5423 errore
1677 5366 2069 5453 recentiorum

421 5437 800 5497 librariorum
832 5439 933 5511 qui
962 5439 1088 5496 loco
1117 5437 1257 5511 ius;
1301 5437 1507 5506 lmaru,
1564 5443 2073 5511 pssueruntﬂ'm:

424 5511 604 5579 kaari,
637 5514 708 5568 ob
740 5508 1188 5567 similitudinem
1223 5509 1548 5565 litterarum
1570 5508 1679 5565 ’vav
1737 5516 1792 5565 et.
1819 5508 1917 5580 jod
1966 5509 2072 5563 de-

423 5582 600 5653 cepti,
630 5584 770 5652 quia
809 5582 1237 5653 magnitudine,
1271 5583 1325 5634 et
1368 5581 1647 5653 parvitate
1701 5580 2072 5653 solummodo

430 5650 921 5721 distinguunturj
948 5652 1057 5707 Sed
1090 5653 1419 5707 monendus
1448 5656 1539 5706 est
1567 5651 1751 5707 lector
1806 5650 2072 5706 curiosus

433 5719 506 5772 ad
539 5719 934 5793 confusionem
967 5723 1392 5793 neotericorum
1417 5724 1805 5792 quorumdam
1829 5721 2074 5793 scripto-

438 5800 595 5856 rum,
626 5791 727 5862 qul
746 5792 961 5851 multae
985 5792 1254 5868 garriunt
1281 5791 1491 5865 nugae,
1520 5794 1895 5851 ostendentes
1924 5791 2074 5866 prai-

2174 4508 2545 4575 argumenta,
2570 4504 2679 4559 hoc
2701 4504 2895 4575 ipsum
2922 4504 3076 4575 quod
3102 4504 3208 4558 abs
3233 4504 3580 4573 Hieronymo
3604 4505 3829 4575 petitur

2175 4592 2315 4630 sane
2344 4574 2578 4630 videtur
2602 4574 3012 4640 ineluctabile;
3046 4590 3235 4645 neque
3252 4575 3409 4630 enim
3434 4581 3535 4630 aut
3553 4574 3826 4645 ﬁxerunt,

2175 4650 2277 4702 aut
2305 4646 2587 4717 foderunt.
2618 4651 2721 4701 aut
2744 4647 2843 4717 qui
2873 4646 3065 4701 simile
3095 4646 3335 4701 verbum
3379 4647 3589 4703 fuisset
3642 4647 3827 4717 intere

2175 4716 2457 4791 pretatus,
2487 4719 2538 4774 si
2571 4727 2704 4777 HN:
2727 4716 2962 4783 nomen,
2996 4718 3150 4788 quod
3182 4725 3284 4783 est,
3316 4719 3461 4774 sicut
3490 4718 3679 4785 teo,in
3727 4716 3821 4773 sui

2174 4796 2277 4853 aevi
2308 4796 2739 4868 exemplaribus
2781 4796 3081 4852 Hebraicis
3137 4797 3424 4868 scriptum
3482 4797 3827 4868 invenisset.

2176 4869 2319 4941 Nam
2355 4867 2509 4938 quod
2542 4868 2786 4941 minime
2817 4869 2943 4939 ipse
2974 4867 3482 4941 retineritverbum
3507 4868 3679 4935 illud,
3702 4867 3826 4941 pla-

2178 4939 2421 4995 nissime
2449 4939 2685 5012 evincit
2715 4938 2974 5011 ipsarum
3007 4939 3165 5012 LXX,
3190 4938 3415 5009 Aquila
3449 4938 3721 5012 insuper
3774 4942 3833 4994 et

2173 5010 2529 5082 Symmachi,
2584 5009 2951 5081 aliorumque
3005 5010 3389 5082 interpretum
3447 5009 3644 5079 lectio,
3702 5016 3829 5066 tum

2176 5081 2655 5155 luculentissima
2698 5082 3034 5155 testimonia
3082 5081 3302 5137 Justini
3350 5082 3646 5155 Martyris,
3704 5082 3833 5138 Ori-

2178 5154 2369 5280 ἔδοξε,
2404 5153 2660 5220 Eusebii,
2696 5160 2869 5225 atque
2900 5153 3146 5209 aliorum
3183 5158 3383 5209 nostro
3441 5153 3830 5210 vetustiorum

2225 5230 2439 5280 atrum.
2474 5225 2621 5279 Sunt
2650 5240 2782 5280 vero
2815 5226 2989 5280 etiam
3023 5224 3119 5280 nui
3153 5224 3381 5280 codices
3410 5226 3588 5280 Hebr.
3649 5242 3713 5280 se
3742 5230 3828 5280 te-

2225 5230 2450 5296 atrum.
2474 5225 2621 5296 Sunt
2650 5224 2787 5280 vero
2815 5226 2989 5281 etiam
3023 5224 3119 5296 qui
3153 5224 3381 5281 codices
3410 5226 3588 5281 Hebr.
3649 5242 3713 5281 se
3742 5230 3828 5280 te-

2179 5300 2406 5369 stantur
2442 5295 2675 5369 legisse;
2704 5296 2807 5369 qui
2842 5296 3026 5369 Caaru
3051 5297 3118 5369 in
3150 5300 3331 5369 textu,
3364 5297 3527 5352 nulla
3558 5296 3830 5369 apposita

2178 5368 2455 5442 varietate
2485 5366 2773 5442 lectionis,
2806 5366 3207 5442 praeferebant,
3241 5366 3371 5423 aliis
3402 5369 3475 5424 ad
3498 5366 3826 5442 marginem

2182 5438 2351 5494 (Σαανί
2380 5438 2817 5494 adnotantibus.
2841 5438 3241 5495 Colbertinum
3274 5443 3472 5495 autem
3501 5440 3611 5495 626
3648 5438 3828 5508 quem

2181 5509 2450 5582 Martian.
2470 5509 2693 5575 laudat,
2712 5510 2771 5565 in
2786 5526 2900 5582 quo
2914 5510 3171 5582 primum
3189 5510 3474 5582 scriptum
3492 5515 3619 5568 erat
3640 5510 3829 5578 Gauri,

2180 5581 2392 5637 deinde
2421 5580 3127 5652 emendatum,prbducta
3176 5580 3274 5635 Iod
3314 5580 3563 5646 lineola,
3623 5582 3828 5648 Cum,

2183 5652 2484 5708 Simonius
2509 5669 2541 5707 a
2561 5652 2892 5724 Christiano
2913 5652 3110 5724 aliquo
3132 5654 3478 5724 correctum,
3506 5657 3828 5709 mutatum-

2183 5739 2299 5796 que
2328 5721 3028 5796 contenditMartianaeus
3078 5721 3371 5796 judicium
3431 5723 3826 5796 Rabbinorum

2182 5792 2515 5870 appellavit,
2554 5794 2659 5867 qui
2709 5793 2983 5869 ejusdem
3023 5792 3251 5854 Hebrei
3308 5793 3652 5856 amoene-is
3696 5809 3823 5853 cor-
