4050 6182
276 234 416 292 1205

346 359 647 420 numeravi
677 358 875 417 omnia
900 375 1035 418 esse
1063 376 1193 417 mea
1225 375 1239 416 :

348 451 474 508 qua:
503 432 616 506 ipsi
651 433 1031 508 respicientes
1064 433 1336 508 viderunt
1365 432 1425 489 in
1459 448 1570 490 me.

270 506 608 564 Diviserunt
637 506 987 560 vestimenta
1018 521 1144 560 mea
1174 506 1286 560 sibi
1322 523 1336 561 :

344 584 403 635 et
431 594 611 650 super
638 577 1056 650 vestimentum
1090 593 1285 632 meum
1319 578 1878 650 miseruntsortem.

270 653 361 707 Tu
393 647 616 714 autem,
648 648 906 716 Domine,
942 664 1014 703 ne
1045 647 1216 720 longe
1247 650 1355 705 llas
1385 650 1490 719 (Al.
1527 648 1727 719 facias)
1763 665 1776 705 :

343 721 621 778 fortitudo
652 736 805 785 mea,
840 720 897 774 in
932 720 1218 775 auxilium
1247 737 1443 777 meum
1475 720 1709 777 festina.

264 797 422 850 Erue
452 810 487 848 a
515 792 712 865 gladio
749 791 1233 865 animamgmeam
1260 810 1274 848 :

339 870 397 921 et
426 864 498 920 de
520 862 701 919 manu
732 862 896 919 canis
926 862 1250 919 solitariam
1282 879 1495 921 meam.

264 936 440 993 Salva
471 952 565 993 me
593 952 663 991 ex
689 952 788 991 ore
818 934 1026 1003 leonis,

338 1013 397 1065 et
424 1008 497 1063 de
525 1006 802 1063 cornibus
833 1004 1203 1062 unicoruium
1234 1006 1447 1061 exaudi
1479 1022 1593 1063 me.

260 1080 525 1135 Narrabo
555 1094 769 1134 nomen
798 1082 967 1133 tuum
1000 1077 1279 1133 fratribus
1313 1077 1457 1134 meis
1489 1095 1502 1133 :

338 1153 397 1207 in
429 1150 621 1206 medio
651 1149 923 1205 Ecclesiae
953 1148 1206 1205 laudabo
1236 1154 1291 1203 te
1326 1166 1340 1204 :

336 1223 636 1279 Timentes
665 1222 680 1254 ¹
713 1221 1026 1277 Dominum
1052 1220 1287 1276 laudate
1316 1236 1451 1276 eum
1487 1237 1501 1275 :

337 1310 510 1351 omne
540 1309 740 1349 semen
771 1293 952 1348 Jacob
982 1291 1305 1363 gloriﬁcate
1335 1308 1470 1348 eum
1504 1308 1518 1346 :

336 1370 395 1422 et
419 1365 661 1421 metuite
690 1380 824 1420 eum
856 1362 1197 1419 universum
1227 1380 1427 1420 semen
1461 1362 1661 1419 Israel.

257 1437 552 1503 Quoniam
577 1453 690 1492 non
714 1436 1176 1507 despexitneque
1189 1435 1543 1507 contempsit
1560 1434 1911 1491 modestiam

448 1524 709 1575 auperis,

407 1526 709 1582 pauperis,

334 1584 393 1637 et
422 1597 539 1636 non
570 1579 878 1636 abscondit
910 1578 1115 1634 faciem
1149 1595 1318 1634 suam
1350 1578 1423 1633 ab
1454 1594 1521 1633 eo
1555 1595 1569 1634 :

334 1656 388 1709 et
420 1668 553 1708 cum
588 1651 869 1707 clamaret
898 1651 968 1705 ad
1002 1665 1156 1717 eum,
1190 1649 1509 1717 exaudivit,

250 1725 424 1796 Apud
457 1729 514 1780 te
535 1723 666 1779 laus
698 1739 829 1796 mea
857 1721 1187 1796 iuecclesia
1217 1720 1455 1796 multa_:

332 1799 469 1852 vota
498 1812 629 1851 mea
655 1794 893 1850 reddam
931 1792 992 1848 in
1033 1798 1349 1865 conspectu
1380 1788 1716 1847 timentium
1746 1806 1903 1846 eum.

250 1868 576 1925 Comedent
606 1866 776 1921 mites
806 1870 860 1920 et
890 1865 1334 1934 saturabuntur,

248 1939 588 1997 laudabunt
620 1938 930 1993 Dominum
968 1942 1298 2007 quaerentes
1328 1951 1462 1992 eum
1496 1951 1509 1989 :

330 2011 483 2066 vivet
511 2025 610 2065 cor
636 2014 893 2064 vestrum
922 2009 979 2063 in
1013 2009 1457 2080 sempiternum,

250 2082 744 2140 Recordabuntur
772 2085 830 2136 et
866 2076 1277 2137 convertentur
1307 2079 1377 2135 ad
1406 2076 1724 2135 Dominum
1768 2077 1907 2133 uni-

400 2153 552 2210 versi
584 2152 729 2208 lines
760 2157 925 2207 terra:
950 2170 963 2208 :

330 2229 386 2282 et
417 2225 747 2281 adorabunt
777 2240 973 2279 coram
1023 2223 1045 2257 ²
1089 2227 1147 2279 te
1196 2221 1477 2278 universae
1526 2219 1903 2293 cognationes

403 2295 689 2368 gentium.

244 2367 661 2437 Quia’Domini
695 2381 966 2439 regnum,

325 2444 383 2496 et
412 2436 816 2494 dominabitur
844 2436 1143 2507 gentibus.

238 2511 649 2568 Comederunt
676 2514 734 2565 et
789 2505 1177 2564 aderaverunt
1232 2523 1438 2563 omnes
1486 2505 1737 2579 pingues
1791 2505 1898 2578 (Al.

395 2583 712 2655 principes)
745 2584 911 2655 terra;

318 2648 455 2712 ante
486 2648 852 2721 iaci-em'ejus
886 2650 1216 2707 curvabunt
1245 2665 1448 2706 omnes
1478 2648 1579 2721 qui
1611 2653 1633 2687 ³
1659 2649 1901 2705 descen-

393 2726 544 2807 dunt
574 2726 634 2780 in
668 2724 988 2807 pulverem.

321 2800 380 2852 et
409 2796 610 2853 anima
638 2794 768 2867 ejus
802 2812 914 2851 non
951 2794 1101 2849 vivet
1132 2795 1172 2849 ‘.

236 2866 460 2925 Semen
493 2866 708 2924 serviet
738 2866 812 2932 ei,

322 2940 661 2995 narrabitur
690 2937 937 2993 Domino
969 2937 1028 2991 in
1059 2935 1456 3005 generatione,

234 3012 501 3068 Venient
529 3016 586 3067 et
614 3009 1053 3066 annuntiabunt
1075 3009 1373 3079 justitiam
1403 3009 1531 3078 ejus
1570 3008 1611 3064 ⁵.

320 3082 542 3156 Populo
574 3082 675 3155 qui
707 3086 1002 3147 nascetur,
1036 3096 1215 3152 quam
1249 3079 1401 3135 fecit.

629 3213 883 3253 CATICUM
913 3202 987 3254 (li.
1024 3196 1299 3259 Psalmus)
1328 3211 1519 3251 osvm.

238 3296 507 3371 (XXIII).
544 3296 818 3371 Dominus
839 3294 1037 3371 pascit
1071 3309 1163 3349 me
1197 3293 1279 3365 (h.
1316 3293 1518 3349 Pastor
1548 3295 1779 3366 meus);
1815 3293 1903 3349 ni-

398 3368 484 3423 hil
515 3368 662 3423 mibi
694 3369 900 3423 deerit.

326 3441 391 3495 In
423 3440 658 3512 pascuis
692 3440 1004 3512 herbarum
1037 3435 1391 3512 accubavitf
1424 3452 1515 3491 me
1548 3451 1562 3492 :

325 3506 508 3584 super
535 3528 719 3583 aquas
752 3508 1084 3568 refectionis
1114 3506 1391 3564 enutrivit
1424 3524 1537 3565 me.

242 3710 575 3767 rectionem
613 3706 774 3762 illam
823 3723 974 3773 esse,
1028 3705 1127 3777 qui
1171 3709 1386 3762 stecuto
1444 3724 1545 3762 xm
1606 3706 1665 3763 in
1728 3726 1903 3766 usum

240 3783 593 3839 Judaeorum
623 3780 883 3834 codicem
913 3777 1085 3833 illum
1118 3778 1434 3846 scribebat,
1467 3795 1526 3833 re
1553 3780 1744 3835 serius
1774 3799 1903 3852 pcr-

245 3870 439 3927 pensa
470 3852 953 3927 pronuntiarunt.

326 3928 343 3962 ¹
378 3918 521 3980 Tres
563 3939 706 3978 mss.
743 3922 949 3991 nostri,
980 3922 1080 3992 qui
1106 3918 1335 3976 timetis.

325 4000 351 4034 ³
381 3994 561 4051 Iidem
596 4010 739 4051 mss.
770 4010 958 4050 coram
983 4008 1046 4048 eo
1078 4008 1181 4063 pro
1234 3999 1284 4048 te
1316 4010 1329 4048 :
1362 3995 1420 4047 et
1469 4008 1622 4062 mox,
1678 3995 1909 4051 Domini

246 4076 351 4150 εει.
510 4083 623 4149 um:

326 4139 352 4173 ⁸
383 4134 783 4194 Cisterciensis
814 4153 880 4191 ac
929 4134 1167 4207 Reginae
1194 4151 1339 4190 mss.
1397 4137 1707 4193 curvabunt
1762 4154 1909 4207 genu

250 4211 528 4277 universi,
561 4211 674 4280 qui,
703 4213 812 4265 etc.

330 4284 354 4317 ‘
382 4288 490 4337 Pro
516 4276 771 4353 negandi
806 4277 1095 4353 particula
1124 4277 1185 4333 in
1214 4276 1470 4353 laudatis
1530 4280 1702 4335 modo
1764 4299 1905 4338 mss.

251 4358 351 4411 est
377 4353 486 4424 ipsi
520 4369 533 4407 :
567 4350 696 4425 quae
747 4350 1139 4425 etimeliorem
1174 4350 1365 4425 paulo_
1397 4354 1752 4425 sententiam
1802 4370 1909 4408 vox

253 4421 476 4489 reddit,
508 4428 566 4479 et
586 4421 788 4495 potest
814 4423 944 4492 ipsa
981 4422 1158 4477 etiam
1208 4437 1276 4476 ex
1322 4421 1561 4478 Hebraeo
1611 4424 1857 4481 derivari
1893 4443 1906 4492 ;

251 4530 398 4571 nam
425 4498 525 4581 ab,
556 4529 693 4579 non,
724 4516 781 4567 et
810 4496 890 4577 15,
926 4510 1018 4566 illi
1048 4509 1202 4565 idem
1254 4510 1423 4581 plane
1470 4513 1523 4567 lo
1580 4517 1794 4569 sonant
1848 4514 1909 4569 in

253 4584 719 4670 pronuntiando,
753 4600 818 4670 ae
851 4583 1016 4670 facile
1039 4598 1223 4670 unum
1261 4598 1362 4653 pro
1408 4583 1587 4639 altero
1621 4587 1812 4655 potuit
1845 4586 1902 4641 in

253 4654 393 4730 ipso
422 4657 662 4730 l_:l_ebraeo
696 4659 860 4730 textu
887 4654 1190 4730 substitui.

330 4728 353 4762 ⁸
388 4727 621 4798 Aliquot
650 4742 815 4794 mss.,
839 4724 1112 4796 justitias
1156 4727 1399 4795 ejus.....

257 4800 489 4856 minus.
526 4805 711 4856 ΜΑῐιτ.

333 4901 405 4911 —-
433 4871 582 4926 Sunt
610 4887 640 4925 e
669 4868 883 4940 nostris
917 4884 1061 4940 mss.
1117 4868 1216 4940 qui
1250 4867 1345 4940 hie
1374 4869 1609 4938 quidem
1651 4870 1908 4939 juslilias

258 4942 524 5015 plurium
559 4956 827 5015 numero,
856 4939 915 4993 in
946 4938 1338 5015 subsequenti
1383 4944 1576 4995 autem
1615 4938 1905 4998 versiculo

259 5011 426 5086 'quem
451 5014 670 5085 legant,
698 5011 1002 5086 referendo
1033 5011 1104 5066 ad
1137 5021 1419 5082 populum
1453 5027 1467 5067 :
1501 5016 1709 5083 quas,et
1728 5014 1906 5085 justi-

258 5084 371 5142 iias
396 5084 594 5140 tamen
626 5084 939 5140 retineant.

335 5158 359 5191 ⁸
390 5156 453 5211 In
486 5160 760 5212 contextu
811 5152 1066 5226 Cononis
1114 5152 1597 5226 Carcassonensis
1646 5157 1905 5226 positum

260 5228 635 5283 inveniemus
664 5226 927 5283 scholiou
949 5224 1104 5280 istud
1140 5225 1485 5295 marginale,
1516 5224 1696 5293 pasler
1724 5244 1904 5283 meus:

263 5300 424 5371 quod
456 5300 662 5355 vitium
694 5295 1089 5371 infraszepius
1144 5295 1382 5371 irrepsit
1418 5296 1567 5371 _al_iis
1624 5297 1684 5351 in
1712 5299 1905 5371 fingis,

264 5366 518 5499 alarum
539 5374 771 5427 tantum
805 5369 897 5423 hie
918 5366 1237 5440 generatim
1257 5366 1598 5423 meminisse
1625 5366 1903 5427 sufﬁciat.

330 5459 461 5498 Αιιτ.

330 5459 461 5498 ΛΒΤ.

335 5514 356 5549 ⁷
389 5514 453 5570 In
489 5512 676 5568 tribus
707 5526 852 5567 mss.
883 5509 1198 5566 acclinavit.

336 5586 359 5621 ⁸
387 5586 453 5642 In
480 5585 691 5641 iisdem
724 5599 868 5638 mss.
900 5581 962 5636 in
998 5579 1152 5636 Valle
1172 5579 1669 5645 mortis,vocabulo
1699 5582 1913 5638 umbrz

271 5658 425 5729 quod
457 5660 517 5711 et
542 5655 605 5711 in
635 5653 874 5729 ΗΘΜ-φρ
904 5654 1161 5729 resonat,
1193 5650 1607 5729 printermisso.

340 5727 364 5762 ’
383 5726 583 5783 Genus
612 5724 1005 5782 masculinum
1036 5720 1502 5793 retineutplures
1524 5738 1633 5779 ms.
1655 5721 1916 5793 fundavit

497 5794 765 5855 stabilivit
782 5810 928 5854 eum.
958 5795 1146 5851 mar.

1437 4743 1583 4797 quas
1630 4727 1765 4782 fecit
1797 4733 1900 4783 [)0-

1610 234 1825 292 LIBRR
1860 236 2327 292 PSALMORUM.

1947 365 2002 431 Α
2034 362 2300 418 Animam
2335 374 2528 419 meam
2563 360 2764 418 refecit
2794 380 2809 420 :

3541 244 3681 305 1206

2108 434 2279 509 Duxit
2292 450 2384 509 me
2401 450 2500 509 per
2514 434 3009 509 semitasjustitiae
3027 440 3261 509 propter
3274 455 3483 499 nomen
3499 459 3675 502 suum

2027 507 2134 565 Sed
2170 510 2229 561 et
2257 505 2307 587 si
2329 505 2707 587 ambulav_ero
2739 506 2797 562 in
2829 507 2979 587 valle
3010 505 3231 587 umbrae
3263 514 3470 570 mortis
3498 516 3541 584 ⁸,

2100 595 2217 651 non
2252 577 2747 651 timebo‘malum,
2770 581 3049 651 quoniam
3082 586 3145 636 tu
3178 599 3410 640 mecum
3443 602 3456 641 :

2098 650 2258 718 virga
2286 655 2457 705 tuaet
2486 649 2732 705 baculus
2765 649 3058 725 tuus,ipsa
3073 654 3535 714 consolabuntur
3558 676 3666 717 me.

2026 721 2210 778 Pones
2232 738 2429 776 coram
2463 737 2554 775 me
2585 737 2850 777 mensam

2097 809 2167 849 ex
2196 793 2438 848 adverso
2469 792 2731 847 hostium
2765 810 3028 850 meorum
3060 810 3076 851 :

2025 864 2413 941 Impinguasti
2444 863 2503 941 in
2531 864 2775 941 (4l._lac.
2811 868 2894 931 in)
2918 865 3043 922 oleo
3074 872 3251 940 caput
3280 886 3506 941 meum,

2096 935 2245 992 calix
2278 935 2444 990 meus
2476 935 2795 991 inebrians.

2022 1011 2130 1065 Sed
2152 1002 2563 1089 et‘benignitas
2585 1012 2644 1089 et
2672 1007 3073 1089 misericordia
3101 1009 3537 1084 subsequentur
3556 1016 3669 1087 (Αι.

2168 1078 2631 1150 subsequantur)
2663 1094 2778 1150 me,
2813 1119 2840 1141 ο

2094 1149 2375 1206 omnibus
2406 1149 2619 1207 diebus
2646 1149 2774 1205 vitae
2807 1167 2948 1206 mea;
2975 1168 2988 1207 :

2023 1218 2411 1295 Ethabitatiij
2440 1222 2504 1295 in
2532 1222 2701 1295 demo
2732 1222 2990 1291 Domini,

2096 1293 2154 1350 in
2188 1292 2556 1365 longitudine
2585 1293 2840 1349 dierum.

2360 1425 2654 1464 mancum
2694 1409 2771 1481 (h.
2831 1410 3101 1482 psalmus)
3140 1429 3329 1470 mmo.

2021 1507 2267 1584 (ΧΧΝ.)
2303 1506 2532 1584 Domini
2565 1511 2654 1584 est
2682 1510 2838 1584 terra
2861 1511 2919 1564 et
2950 1508 3255 1580 plenitudo
3287 1513 3418 1584 ejus
3450 1529 3465 1569 :

2092 1579 2252 1635 orbis
2283 1583 2339 1634 et
2368 1578 2724 1634 habitatores
2754 1579 2904 1650 ejus.

2021 1653 2169 1720 Quia
2199 1652 2323 1718 ipse
2344 1666 2523 1721 super
2553 1651 2741 1706 maria
2772 1650 3040 1707 fundavit
3067 1668 3196 1708 eam
3226 1654 3268 1721 ',

1943 1736 1986 1802 Β
2028 1797 2050 1802 Α
2090 1729 2146 1802 et
2169 1738 2346 1795 super
2377 1721 2627 1802 flumina
2656 1721 2940 1802 stabilivit
2970 1739 3122 1802 eam:

2017 1796 2159 1862 Quis
2189 1793 2470 1850 ascendet
2502 1793 2562 1847 in
2599 1797 2856 1849 montem
2889 1794 3121 1850 Domini
3154 1811 3167 1849 :

2086 1873 2143 1922 et
2168 1867 2271 1937 (Al.
2299 1868 2422 1933 aut)
2455 1865 2587 1942 quis
2619 1865 2800 1920 stabit
2823 1866 2866 1900 ¹⁰
2898 1866 2958 1942 in
2991 1867 3215 1942 loco_in
3246 1872 3450 1927 sancto
3481 1870 3613 1942 ejus
3641 1871 3670 1927 ‘I

2015 1940 2346 1994 Innoncens
2379 1937 2652 1991 manibus
2673 1941 2730 1992 et
2761 1939 2983 1993 mundo
3013 1939 3187 1995 corde
3219 1956 3233 1994 :

2085 2011 2188 2082 qui
2220 2025 2337 2064 non
2368 2008 2884 2082 exaltavitfrustra
2914 2010 3175 2067 animam
3209 2028 3407 2082 suam,

2087 2080 2144 2137 et
2176 2098 2290 2136 non
2318 2080 2539 2150 juravit
2569 2080 2787 2135 dolose.

2013 2153 2266 2225 Accipiet
2296 2151 2825 2225 bienediotionnem
2857 2168 2891 2207 a
2921 2151 3169 2225 Domino
3200 2174 3215 2223 ;

2082 2222 2459 2296 etjustitiam
2492 2240 2525 2278 a
2558 2223 2666 2279 Deo
2702 2222 2949 2296 salutari
2978 2240 3109 2281 suo.

2010 2293 2477 2372 Hmo'generatio
2508 2294 2895 2372 quaerentium
2926 2310 3101 2372 eum,

2083 2356 2479 2439 quiérentﬂ’m
2513 2356 2934 2437 faciem'tuam,
2966 2356 3168 2424 Jaceb.

2233 2444 2509 2494 SEMPER’
2784 2440 2808 2461 '

2013 2511 2256 2594 Levate,
2291 2515 2495 2591 porta,
2526 2508 2720 2592 capita
2747 2514 2962 2594 vestra,

2099 2588 2163 2637 et
2193 2580 2523 2652 elevamini.
2549 2580 2759 2652 januze
2776 2597 2896 2637 sem
2905 2580 3167 2652 piternze,

2081 2657 2139 2733 et
2193 2651 2556 2733 ingrediatur
2582 2667 2682 2733 rex
2712 2651 2928 2733 glorise,

2009 2725 2151 2790 Quis
2181 2722 2285 2780 est
2314 2724 2427 2795 iste
2457 2738 2557 2795 rex
2587 2722 2804 2795 gloriae.

2081 2796 2375 2850 Dominus
2405 2792 2570 2866 fortis
2593 2792 2660 2866 et
2690 2799 2899 2866 potens
2931 2811 2945 2849 :

2088 2868 2376 2922 Dominus
2409 2863 2577 2919 fortis
2607 2865 2666 2919 in
2691 2863 2920 2936 prmlio.

2005 2943 2242 3011 Levate,
2271 2941 2471 3011 portae,
2506 2938 2700 3011 eapita
2722 2943 2912 3011 vestra
2946 2954 2959 2992 :

2085 3015 2143 3065 et
2165 3007 2377 3082 erigite
2394 3011 2470 3082 _“,
2497 3007 2695 3077 januze
2726 3008 3121 3082 sempiternis,

2088 3082 2145 3136 in
2180 3079 2546 3153 ingrediatur
2585 3096 2683 3153 rex
2712 3079 2930 3153 gloriae.

2017 3153 2161 3218 Quis
2191 3151 2281 3208 est
2310 3152 2420 3207 iste
2451 3166 2546 3223 rex
2579 3151 2778 3223 gloriae
2800 3152 2828 3205 ‘I

2012 3225 2299 3282 Dominus
2330 3222 2692 3279 exercituum
2726 3241 2740 3278 :
2772 3223 2897 3294 ipse
2922 3228 3012 3278 est
3039 3239 3137 3279 rex
3166 3222 3385 3296 gloria.

2258 3311 2499 3352 SEMPER.

2742 3379 2936 3418 DAVID.

2012 3438 2234 3508 (XXV.)
2265 3436 2348 3492 Ad
2382 3440 2458 3492 te.
2491 3434 2760 3510 Domine,
2794 3435 3051 3491 animam
3086 3451 3276 3510 meam
3302 3436 3427 3495 levo
3458 3439 3522 3510 η,

2017 3506 2165 3569 Deus
2198 3506 2367 3565 meus
2399 3509 2457 3565 in
2488 3511 2548 3563 te
2579 3506 2726 3562 ﬁsus
2757 3523 2914 3575 sum,
2948 3523 3020 3563 ne
3050 3508 3404 3582 confundar,

2010 3745 2079 3753 —
2104 3712 2679 3785 Cisterc.‘ms._l_£um,
2711 3709 2807 3765 hic
2838 3716 2894 3766 et
2926 3712 3101 3782 paulo
3151 3719 3284 3785 post
3328 3734 3348 3770 :
3394 3715 3491 3770 alii
3547 3717 3663 3772 duo

2014 3782 2458 3858 mss._scquiore
2487 3780 2601 3858 hie
2634 3780 3120 3858 retentongcnere
3151 3780 3225 3839 'in
3283 3787 3662 3858 subsequeuti

2014 3852 2288 3910 membro,
2306 3853 2523 3922 legunt,
2555 3852 2828 3906 stabilivit
2863 3852 3043 3907 illum.

2088 3943 2132 3978 ¹⁰
2163 3943 2400 3998 Variant
2430 3940 2487 3995 in
2522 3939 2631 3994 hac
2653 3954 2788 3995 voce
2820 3938 3126 3998 lectionem
3160 3943 3342 4000 Graeci
3375 3962 3440 4001 ac
3470 3937 3668 4004 Latini

2014 4014 2243 4069 codices
2275 4011 2510 4086 LXXAiu
2541 4011 2688 4086 edit.
2741 4011 3023 4079 Romana,
3062 4014 3149 4067 καὶ
3198 4015 3302 4080 τὶς,
3354 4016 3413 4073 id
3450 4023 3561 4086 est,
3612 4027 3664 4076 et

2013 4088 2136 4157 quis
2170 4104 2183 4141 :
2216 4086 2273 4140 in
2308 4083 2626 4157 Sorbonioo
2649 4087 2843 4157 autem
2876 4100 2985 4157 ms.
3038 4087 3235 4143 codice
3290 4089 3503 4144 Psalm.
3548 4083 3659 4147 ubi

2016 4155 2252 4213 Grmcus
2282 4160 2472 4230 textus
2503 4155 2832 4230 descriptus
2877 4155 3093 4230 legitur
3140 4159 3350 4215 litteris
3409 4160 3655 4230 Latinis,

2017 4230 2162 4295 istis,
2194 4228 2346 4299 quod
2395 4227 2591 4300 Graeco
2638 4232 2748 4300 est,
2796 4227 2987 4300 ἣτίς,
3038 4236 3134 4284 aut
3182 4231 3320 4300 quis.
3379 4227 3662 4289 Similiter

2018 4297 2510 4376 legunt_nonnulli
2531 4297 2811 4376 Lati_n_i,ac
2835 4297 3271 4371 S.Augustiu'us
3301 4303 3360 4357 in
3386 4304 3659 4376 Speculo,

2018 4370 2115 4427 aut
2146 4373 2269 4442 quis
2294 4370 2485 4439 stabit,
2514 4375 2623 4424 etc.
2656 4370 2842 4425 Mxn'r.

2093 4446 2135 4479 ¹¹
2171 4446 2254 4498 Ita
2284 4442 2851 4515 omnesmss,nostri
2885 4443 3299 4515 codicesjuxta
3328 4446 3662 4504 Hebr.Editi

2020 4531 2179 4577 vero.
2210 4522 2259 4568 el
2287 4512 2591 4584 erigimini.
2626 4514 2806 4568 MART.

2092 4587 2135 4660 τι
2167 4585 2268 4660 Hie
2300 4584 2567 4660 Psalmus
2599 4584 2652 4638 in
2683 4602 2823 4639 mss.
2851 4601 3026 4655 quam
3051 4585 3320 4660 pluribus
3348 4588 3663 4660 Alphabeti

2016 4656 2187 4711 Hebr.
2220 4656 2445 4730 litteras
2470 4654 2641 4730 habet
2667 4654 3014 4730 prmnotatas
3045 4654 3113 4712 ad
3144 4676 3284 4715 suos
3307 4654 3667 4730 versus,tau-

2015 4745 2192 4800 quam
2217 4729 2294 4782 sit
2316 4744 2388 4800 ex
2422 4728 2786 4795 aerostichis,
2825 4732 2889 4800 ut
2920 4734 3142 4783 vocant.
3205 4737 3429 4787 Desunt
3462 4728 3656 4789 tamen

2016 4798 2282 4871 quaedam
2314 4799 2647 4873 litteramuec
2678 4798 3015 4873 absolutum
3050 4801 3126 4873 ibi
3150 4808 3238 4857 est
3266 4804 3661 4873 alphabetum:

2016 4870 2170 4926 uudc
2200 4886 2305 4925 nec
2340 4870 2722 4940 Hieronymus
2755 4871 2926 4925 istius
2950 4872 3161 4927 Psalmi
3182 4870 3448 4931 meminit
3469 4892 3663 4931 recen-

2016 4959 2150 4998 sens
2177 4958 2275 4996 eas
2306 4942 2403 5012 qui
2439 4941 2777 5012 bujusmodi
2810 4941 3137 5012 alphabetis
3167 4945 3255 5001 vel
3279 4947 3663 5004 incisionibus

2016 5011 2436 5096 supputantu'r.
2468 5011 2613 5066 Vide
2674 5011 3060 5096 prologumin
3099 5016 3282 5096 libros
3331 5018 3665 5096 Regum,_et

2017 5083 2327 5158 epistolam
2359 5083 2694 5158 Hieronymi
2722 5086 2796 5139 ad
2817 5086 3066 5158 Paulum
3107 5089 3363 5144 Urbicum
3397 5083 3663 5147 :VCaSSio-

2016 5154 2143 5211 deri
2171 5171 2404 5227 quoque
2434 5154 2986 5227 Commentariosqin
3022 5158 3171 5213 Psal.
3204 5177 3334 5215 xxxv
3366 5163 3669 5219 consulere

2008 5228 2263 5298 juvabit.
2299 5230 2486 5298 MART.

2086 5329 2155 5338 -—
2184 5297 2495 5372 Alpbabeti
2520 5294 2981 5372 litterisisingulo
3012 5315 3248 5372 quoque
3268 5316 3439 5355 versu
3470 5302 3530 5358 in
3562 5304 3669 5360 ali-

2020 5372 2165 5452 quot
2192 5383 2239 5452 θ.
2251 5369 2471 5451 nostris
2490 5384 2641 5451 .mss.
2655 5369 2937 5451 _Psalmus
2952 5369 3486 5452 _iste_przenotatur,
3518 5378 3671 5447 quod

2015 5438 2073 5496 et
2100 5438 2548 5495 Martianaausiu
2578 5439 2703 5495 suis
2732 5438 3160 5497 animadvertit.
3201 5444 3341 5499 Cum
3394 5438 3552 5501 vero'
3574 5464 3671 5505 se-

2016 5511 2210 5585 cundo
2231 5514 2288 5566 et
2318 5511 2547 5585 quinto,
2567 5510 2807 5585 decimo
2838 5516 3063 5585 octavo,
3097 5528 3165 5567 ac
3196 5518 3489 5585 postremo
3540 5534 3668 5575 ver-

2020 5527 2210 5567 cunoo
2231 5527 2288 5566 et
2318 5527 2547 5636 quinto,
2580 5527 2807 5566 decimo
2838 5527 3063 5580 octavo,
3097 5528 3165 5567 ac
3196 5527 3489 5585 postremo
3540 5534 3668 5575 ver-

2020 5580 2226 5663 siculis
2256 5598 2319 5636 or
2352 5598 2395 5663 ,ο
2416 5583 2536 5663 iste
2566 5580 2891 5663 litteraeum
2909 5582 3196 5663 desit,pee
3216 5589 3493 5663 praeterea
3515 5587 3672 5647 hunc

2021 5651 2318 5710 Psalmum
2349 5651 2499 5725 inter
2528 5652 2887 5725 aorostiohos
2914 5652 3054 5725 alibi
3083 5658 3159 5725 S.
3183 5651 3307 5725 ipse
3354 5656 3525 5714 Pater
3572 5676 3668 5718 re-

2022 5722 2477 5805 censeatnnulla
2502 5737 2735 5805 quoque
2771 5723 2917 5805 ratio
2946 5722 3273 5805 imperfeeti
3302 5728 3429 5798 ejus
3447 5730 3668 5805 alphae

2024 5792 2145 5852 beti
2173 5794 2264 5852 est
2291 5791 2759 5851 habitaJVei-um
2783 5794 2991 5853 docent
3018 5791 3304 5871 perquam
3324 5791 3551 5860 erudite
3567 5803 3665 5861 alii
