4050 6182
410 221 550 280 1207

1451 227 1508 280 S.
1551 228 1957 284 HIERONYMI
1995 225 2252 282 DIVINA
2287 223 2785 281 BIBLIOTHECA.

3685 219 3844 278 I208

481 350 936 426 nelaetenturlhf
963 365 1148 418 neque
1171 352 1536 410 oxsultentin
1565 358 1896 426 me)inimci
1916 358 2050 414 mei.
2083 359 2138 423 Α
2171 354 2429 422 Domine,
2464 352 2638 408 dilexi
2671 350 3084 408 habitaculum
3117 351 3330 409 domus
3361 356 3499 412 tum.

409 426 517 481 Sed
552 427 806 499 universi
839 423 935 493 qui
970 426 1291 499 sperantin
1329 437 1377 483 te
1410 446 1522 484 non
1569 423 2008 487 confundantur
2038 450 2053 499 ;

483 497 1049 569 contundaﬁnturdqui
1073 495 1276 566 iniqua
1302 505 1515 569 gerunt
1547 503 1785 559 frustra.

413 570 551 624 Vias
587 573 737 642 tuas,
772 567 1034 642 Domine,
1063 567 1506 642 ostende—mihi,

487 640 728 696 semitas
758 644 891 693 tuas
921 641 1063 692 doce
1095 655 1206 694 me.

413 711 629 767 Deduci
665 726 758 764 me
787 711 845 763 in
881 712 1122 765 veritate
1153 719 1256 767 tua
1294 723 1308 756 ι
1343 717 1398 768 et
1429 715 1570 770 doce
1605 734 1696 772 me
1731 735 1744 772 :

485 785 617 854 quia
652 788 714 836 tu
749 781 852 852 (Al.
882 781 1014 858 add.
1047 788 1130 858 es)
1167 788 1315 840 Deus
1347 786 1602 842 salvator
1635 804 1818 858 meus,

484 852 540 910 te
571 852 896 925 exspectavi
930 859 1051 907 tota
1075 855 1188 909 die.

409 926 734 982 Recordare
769 925 1216 980 miserationum
1244 931 1501 993 tuarum,
1535 929 1808 995 Domine,

483 1006 538 1071 et
571 996 1532 1071 misericordiarnmtuarum,qnia
1555 1020 1585 1056 a
1611 1004 1822 1059 saeculo
1847 1011 1989 1061 sunt
2016 1008 2058 1062 ⁸.

483 1069 860 1149 Peccatorum
894 1067 1294 1149 adolescentiae
1321 1067 1480 1138 meEe,
1505 1075 1560 1128 et
1590 1075 1876 1132 scelerum
1913 1094 2065 1134 meo-

558 1144 687 1196 rum
723 1156 795 1195 ne
827 1140 1168 1195 memineris
1203 1157 1214 1194 :

486 1213 813 1267 secundum
847 1211 1485 1270 misericordiamtuam
1518 1218 1822 1275 recordare
1853 1220 1967 1276 mei
1998 1226 2060 1277 tu

557 1285 662 1356 (Al.
697 1288 802 1338 tac.
836 1283 941 1356 tu).
1803 1282 1822 1296 '

489 1354 728 1427 propter
757 1354 1074 1427 bonitatem
1109 1359 1293 1423 tuam,
1328 1357 1594 1417 Domine.

418 1425 616 1482 Bonus
643 1431 700 1482 et
730 1433 924 1482 rectus
949 1425 1274 1483 Dominus:

488 1503 765 1570 proptera
797 1498 999 1552 docebi
1027 1504 1360 1568 peccatores
1391 1500 1452 1555 in
1480 1503 1591 1558 via.

416 1570 1034 1626 Deducetmansuetos
1058 1571 1113 1624 in
1138 1572 1387 1641 judicio,

489 1647 548 1698 et
576 1641 808 1697 docebit
839 1642 1130 1696 modestos
1161 1643 1309 1698 viam
1345 1660 1534 1700 suam.

415 1716 632 1771 Omnes
663 1713 886 1768 semita:
918 1712 1144 1767 Domini
1178 1715 1577 1772 misericordia
1607 1721 1663 1773 et
1694 1720 1908 1776 veritas
1943 1738 1954 1776 :

488 1785 583 1842 his
605 1785 705 1868 qui
733 1784 1074 1841 custodiunt
1105 1790 1338 1856 pactum
1365 1787 1515 1857 ejus,
1538 1793 1595 1845 et
1621 1791 2064 1852 testificationes

567 1873 715 1926 ejus.

420 1925 663 2000 Propter
695 1943 908 2000 nomen
941 1932 1132 1994 tuum,
1158 1928 1423 1996 Domine,

419 1999 1270 2076 propitiareiniquitatimeae,
1322 2003 1602 2072 quoniam
1651 2008 1896 2076 grandis
1953 2012 2062 2068 est.

418 2071 560 2136 Quis
589 2076 682 2127 est
701 2071 811 2126 iste
839 2071 927 2126 vir
955 2071 1170 2127 timens
1201 2071 1515 2130 Dominum
1537 2075 1564 2130 ?

490 2158 665 2218 quem
699 2143 930 2218 docebit
958 2143 1017 2196 in
1041 2143 1157 2209 via,
1189 2159 1362 2212 quam
1395 2144 1654 2218 elegerit.

420 2215 636 2270 Anima
664 2215 794 2284 ejus
822 2214 880 2268 in
913 2214 1065 2269 bono
1097 2214 1576 2283 commorabitur,

488 2289 547 2340 et
578 2285 938 2367 semen‘ejus
969 2285 1598 2367 haereditabit_te.1ram.
1669 2333 1712 2367 ο

412 2358 713 2440 Secretum
743 2357 849 2424 (Al.
883 2355 1475 2440 Decretum)‘l_),_oﬁ.iini
1524 2355 1870 2440 timentibus
1901 2381 2058 2440 eum,

483 2432 546 2499 et
571 2433 806 2499 pactum
839 2445 1011 2483 suum
1045 2424 1302 2484 ostendit
1329 2430 1437 2485 eis.
1570 2424 1598 2452 '

411 2498 715 2556 Oculi’mei
751 2501 984 2571 semper
1013 2501 1084 2555 ad
1119 2500 1470 2559 Dominum:

480 2572 618 2642 quia
651 2573 774 2644 ipse
805 2572 1098 2627 educetde
1128 2572 1233 2626 reti
1267 2574 1443 2644 pedes
1476 2592 1658 2634 meos.

407 2643 663 2714 Respice
695 2642 752 2697 in
788 2659 900 2714 me,
933 2649 990 2698 et
1019 2642 1296 2700 miserere
1328 2646 1438 2700 mei
1475 2664 1488 2702 :

481 2713 763 2794 quoniam
796 2713 957 2770 solus
986 2719 1042 2794 et
1068 2732 1290 2794 pauper
1317 2733 1422 2794 ego
1444 2719 1532 2794 th.
1564 2719 1689 2776 add.
1716 2722 1895 2794 sum).

411 2785 848 2860 Tribulationes
878 2785 1079 2842 cordis
1103 2785 1214 2860 mei
1243 2785 1614 2860 ampliﬁcatae.
1645 2801 1782 2848 sunt
1813 2795 1835 2829 ³
1856 2785 1879 2848 ἐ

483 2857 553 2913 de
582 2858 874 2926 angustiis
908 2859 1051 2914 meis
1077 2859 1225 2914 educ
1257 2857 1370 2915 me‘.

414 2928 560 2984 Vide
590 2928 968 3004 afﬂictionem
1001 2946 1190 2986 meam
1223 2936 1279 2986 et
1304 2931 1562 2988 laborem
1598 2951 1819 3004 meum,

482 3005 539 3074 e_t
571 3002 967 3074 portaomnia
1000 3007 1239 3074 peccata
1260 3021 1418 3074 mea.

410 3071 558 3150 Vide
574 3071 858 3150 inimicos
883 3071 1064 3150 meos,
1097 3073 1370 3142 qnoniam
1404 3076 1774 3150 multiplicati
1807 3083 1944 3136 sunt
1971 3097 1984 3137 :

479 3146 538 3197 et
567 3143 696 3198 odio
723 3143 926 3214 iniquo
957 3144 1207 3199 oderunt
1237 3162 1328 3200 me
1363 3163 1376 3201 ε

407 3214 649 3269 Custodi
681 3214 941 3270 animam
975 3231 1188 3284 meam,
1221 3221 1278 3272 et
1311 3217 1492 3273 libera
1521 3234 1610 3273 me
1645 3237 1659 3275 :

479 3302 606 3361 non
629 3287 957 3361 confundar
977 3288 1255 3358 quoniam
1288 3288 1518 3361 speravi
1541 3289 1598 3344 in
1632 3296 1708 3348 te.

401 3355 761 3440 Simplicitas
783 3363 838 3413 et
860 3355 1106 3440 aequitas
1137 3355 1454 3417 servabunt
1485 3377 1578 3416 me
1612 3379 1624 3418 :

477 3430 615 3496 quia
646 3430 975 3499 exspectavi
1018 3436 1094 3485 te.

398 3499 664 3566 Redime,
704 3501 876 3566 Deus,
907 3501 1107 3566 Israel,

472 3587 541 3625 ex
562 3571 841 3627 omnibus
872 3573 1168 3645 angustiis
1195 3573 1341 3630 suis.

1128 3679 1320 3718 DAVID.

399 3730 1010 3812 (XXY1.).Iudi_ca_me,
1044 3733 1288 3790 Domine
1306 3734 1417 3812 _(Al_.
1443 3734 1640 3812 Deus),
1675 3737 1812 3808 quia
1842 3755 1947 3812 ego

544 3803 605 3857 in
639 3803 1013 3872 simplicitate
1045 3821 1173 3860 mea
1204 3803 1502 3862 ambulavi
1531 3824 1542 3861 :

471 3879 530 3931 et
553 3874 616 3930 in
646 3875 892 3930 Domino
912 3877 1214 3932 conﬁdens
1240 3895 1355 3933 non
1388 3878 1678 3934 deficiam.

401 3946 590 4002 Proba
618 3963 733 4021 me,
768 3946 1012 4021 Domine
1042 3949 1146 4016 (Al.
1170 3949 1365 4021 Deus),
1400 3954 1457 4004 et
1486 3956 1644 4007 tenta
1675 3968 1766 4007 me

475 4035 578 4074 ure
608 4017 690 4088 (h.
724 4019 930 4088 conua)
967 4035 1135 4075 renes
1164 4017 1335 4077 meos
1353 4017 1412 4077 et
1441 4037 1540 4077 eor
1572 4039 1790 4077 meum.

403 4089 550 4155 Quia
574 4089 1096 4165 misericordiatua
1126 4093 1185 4146 in
1211 4099 1530 4165 conspectu
1563 4094 1863 4153 oculorum
1897 4113 2050 4153 meo-

545 4177 674 4216 rum
708 4161 812 4232 (Αι.
845 4161 978 4218 add.
1012 4168 1141 4228 est),

472 4236 530 4288 et
557 4232 872 4288 ambulabo
908 4233 963 4288 in
997 4235 1237 4290 veritate
1266 4240 1388 4291 tua.

398 4303 525 4358 Non
557 4305 680 4360 sedi
708 4321 840 4360 cum
872 4305 1014 4360 viris
1045 4307 1343 4375 vanitatis,

471 4379 531 4449 et
551 4376 989 4449 cumsuperbis
1021 4394 1134 4449 non
1169 4377 1486 4449 ingrediar.

401 4444 567 4502 0divi
589 4444 893 4520 ecclesiam
928 4444 1340 4520 pessimoriim,

473 4522 530 4573 et
561 4535 694 4592 eum
725 4519 948 4592 iniquis
976 4520 1056 4591 (h.
1087 4520 1310 4592 impiis)
1342 4537 1454 4575 non
1488 4522 1701 4578 sedebo

404 4588 633 4667 Lavabo
663 4588 1086 4667 ininnocenlia
1117 4588 1442 4667 manu's_(b.
1478 4594 1728 4667 palmas)
1759 4611 1941 4665 meas,

473 4660 819 4733 et_circuibo
851 4662 1031 4718 altare
1065 4669 1230 4718 tuum
1263 4665 1302 4733 ‘,
1337 4660 1596 4722 Domine.

405 4730 476 4786 Ut
506 4730 662 4787 clara
691 4749 828 4788 voce
857 4734 1162 4805 pra-dicem
1194 4730 1446 4803 laudem,

475 4807 534 4858 et
563 4820 792 4861 narrem
822 4806 1018 4861 omnia
1051 4807 1340 4863 mirabilia
1371 4811 1489 4863 tua.

403 4945 579 5024 nullo
598 4947 829 5024 negotio
861 4948 1350 5024 d_e_fectum_illum
1378 4951 1658 5023 suppleri,
1683 4953 1858 5024 priori
1878 4955 2051 5010 versi-

403 5018 534 5074 culo
658 5021 809 5111 duos
843 5021 1087 5086 tributo,
1121 5021 1367 5079 alterum
1402 5018 1798 5111 almum-‘3,
1849 5026 1903 5080 id
1937 5031 2049 5094 est,

399 5126 432 5164 ει
461 5107 654 5163 verbis
686 5107 747 5164 in
770 5113 830 5185 te
847 5109 1078 5179 conﬁdo,
1106 5113 1507 5169 exordientes:
1543 5107 1734 5185 atque
1767 5115 1845 5168 ita
1876 5115 2049 5185 quin-

397 5201 523 5253 tum
557 5213 591 5252 a
620 5183 822 5291 #177251
864 5202 919 5253 et
942 5197 1070 5255 doce
1099 5215 1206 5255 me.
1239 5201 1475 5257 Decimo
1509 5183 1712 5257 octavo
1746 5213 1856 5291 mp
1892 5183 2049 5275 prte-

399 5290 650 5377 2999311.
670 5285 741 5377 id
775 5291 905 5377 est:
920 5287 1415 5377 §ureez.et.vida
1464 5285 2049 5377 consensumque

399 5355 638 5436 demum
669 5355 729 5412 in
788 5367 974 5436 unum
1009 5355 1328 5436 versiculos
1357 5355 1421 5436 21
1457 5369 1523 5436 et
1562 5364 1653 5430 22,
1705 5355 1817 5419 aut
1853 5355 2050 5436 potius

401 5433 765 5552 postremum
806 5429 986 5484 istum
1021 5431 1094 5486 ab
1128 5431 1230 5486 hac
1261 5432 1410 5487 serie
1438 5429 1932 5506 eximunt,utpote
1949 5437 2050 5508 qui

449 5498 704 5552 salmum
722 5499 1189 5552 concludatﬂmc
1200 5502 1820 5552 animadvertimnsmn
1835 5507 2047 5552 fnum.

449 5498 704 5572 saluium
722 5499 1189 5572 concludatllzec
1200 5498 1820 5572 animadvertimusmé
1835 5498 2053 5565 frustra

408 5567 470 5621 in
500 5568 728 5647 Latinis
750 5569 823 5647 iis
848 5571 1147 5647 codicibus
1187 5575 1564 5647 praescriptus
1595 5567 1738 5632 ordo
1767 5577 1865 5633 ille
1896 5578 2052 5636 litte-

410 5652 611 5706 rarum
639 5640 1212 5698 videatur.Caaterum
1245 5640 1603 5702 nostri'mss.
1635 5647 1694 5701 in
1737 5652 1893 5704 textu
1944 5650 2048 5706 ha-

413 5704 774 5790 bept'leoabo
807 5728 909 5782 pro
940 5713 1080 5790 (evo,
1114 5717 1352 5790 et_mox,
1387 5718 1447 5790 in
1502 5726 1555 5774 le
1581 5718 1836 5784 conﬁsus,
1868 5704 1975 5776 etc.

492 5775 514 5812 ι
541 5773 852 5838 Vaticanus
880 5773 1079 5854 solus;
1093 5782 1266 5842 deduc
1292 5773 1382 5844 me
1408 5789 1468 5844 in
1483 5773 1718 5846 veritate
1735 5773 2048 5852 mmmam.

2239 433 2296 482 et
2327 425 2517 481 locum
2555 426 2917 480 tabernaculi
2953 425 3150 496 gloria:
3185 431 3322 482 tum.

2169 499 2249 554 Ne
2282 500 2514 553 auferas
2543 498 2564 530 ⁵
2596 497 2677 567 (h.
2700 497 2782 552 Ne
2810 497 3094 569 apponas)
3126 515 3258 554 cum
3282 499 3840 570 peccatoribusani-

2314 586 2467 623 mam
2496 585 2710 623 meam.

2242 646 2461 696 etcum
2494 642 2636 694 viris
2671 639 3026 711 sanguinum
3061 641 3242 695 vitam
3277 656 3490 696 meam.

2172 714 2236 768 In
2261 729 2512 783 quorum
2548 714 2823 767 manibus
2853 711 3048 766 scelus
3081 713 3187 782 (At.
3221 713 3346 766 add.
3379 715 3514 779 est),

2243 793 2300 838 et
2331 785 2566 839 dextera
2595 800 2801 854 eorum
2831 783 3055 854 repleta
3087 789 3174 838 est
3208 785 3572 839 muneribus.

2171 855 2288 926 Ego
2321 862 2516 911 autem
2550 857 2606 910 in
2633 853 3013 926 simplicitate
3033 871 3162 910 mea
3191 856 3448 927 gradiar,
3476 856 3708 913 redime
3745 874 3842 913 me

2243 933 2300 982 et
2331 928 2606 982 miserere
2639 927 2773 982 mei.

2172 1001 2280 1070 Pes
2315 1000 2418 1068 [Αι.
2453 999 2580 1053 add.
2612 997 2793 1070 enim]
2828 1013 2997 1052 meus
3027 997 3189 1053 stetit
3220 998 3277 1052 in
3311 1004 3465 1055 recto
3501 1015 3514 1053 :

2243 1069 2298 1124 in
2333 1070 2598 1126 ecclesiis
2630 1069 2970 1125 benedicam
3007 1070 3270 1126 Domino.

2173 1141 2439 1212 (XXVII).
2477 1141 2758 1197 Dominus
2814 1140 2916 1196 lux
2945 1157 3096 1208 mea,
3127 1147 3186 1198 et
3214 1139 3469 1198 salutare
3500 1158 3708 1198 meum
3749 1161 3767 1212 ;

2245 1229 2419 1284 quem
2454 1212 2716 1268 timebo?

2170 1282 2455 1339 Dominus
2487 1285 2766 1339 fortitudo
2797 1282 2926 1338 vitae
2952 1299 3115 1355 meae,
3149 1299 3325 1355 quem
3359 1283 3696 1342 formidabo
3727 1289 3754 1341 ἓ

2172 1356 2315 1411 Cu'n
2349 1356 2884 1428 appropinquarent
2919 1354 3064 1410 mihi
3097 1354 3356 1428 maligni,

2243 1433 2307 1482 ut
2337 1429 2708 1484 comederent
2737 1442 2970 1482 carnem
3009 1443 3199 1483 meam
3235 1443 3249 1482 :

2173 1498 2382 1554 Hostes
2416 1499 2527 1553 mei
2561 1503 2618 1554 et
2649 1498 2872 1554 inimici
2903 1499 3019 1552 mei

2241 1571 2354 1642 ipsi
2387 1570 2776 1642 impegerunt,
2808 1575 2865 1625 et
2894 1569 3253 1624 ceciderunt.

2171 1641 2230 1698 Si
2263 1641 2527 1697 Steterint
2558 1644 2836 1698 adversus
2869 1657 2959 1696 me
2988 1645 3202 1708 castra,

2097 1730 2143 1796 Β
2176 1730 2359 1796 mnon
2393 1713 2620 1796 timebit
2651 1729 2749 1796 cor
2781 1728 2981 1796 meum
3013 1730 3027 1768 :

2175 1784 2233 1840 Si
2266 1786 2583 1840 surrexerit
2613 1791 2814 1842 contra
2847 1800 2940 1840 me
2969 1783 3212 1852 bellum,

2246 1857 2305 1912 in
2338 1856 2447 1911 hoc
2478 1873 2584 1940 ego
2616 1857 2929 1940 confidam.

2175 1931 2368 1982 Unum
2402 1926 2540 1998 petii
2571 1945 2604 1983 a
2637 1927 2901 1996 Domino,
2934 1927 3043 1982 hoc
3075 1926 3413 1998 requiram;

2247 2004 2310 2054 ut
2336 1997 2594 2056 habitem
2617 1999 2677 2056 in
2700 2002 2873 2056 domo
2897 1998 3126 2054 Domini
3157 1997 3433 2054 omnibus
3456 1997 3672 2056 diebus
3703 2000 3838 2056 vitae

2316 2087 2478 2126 mCIB.

2173 2143 2244 2198 Et
2273 2141 3036 2215 videamqpulcﬁbritudinem
3073 2140 3339 2215 Domini;

2243 2219 2301 2269 et
2331 2213 2628 2270 attendam
2662 2214 2721 2269 in
2754 2213 3047 2286 templum
3076 2214 3229 2282 ejus.

2173 2286 2504 2342 Abscondet
2533 2286 2688 2341 enim
2717 2302 2808 2342 me
2840 2285 2896 2340 in
2933 2285 3145 2340 umbra
3177 2302 3284 2340 sua
3324 2285 3509 2357 indie
3541 2285 3832 2357 pessima,

2243 2357 2562 2413 abscondet
2592 2374 2684 2413 me
2717 2357 2774 2412 in
2807 2361 3032 2413 secreto
3063 2354 3426 2413 tabernaculi
3456 2354 3573 2427 sui,

2243 2429 2301 2483 in
2335 2437 2498 2501 petra
2528 2429 2808 2501 exaltabit
2839 2445 2948 2485 me.

2171 2498 2602 2571 Nunc'quoque
2633 2499 2911 2556 exaltavit
2938 2500 3045 2571 (Al.
3070 2498 3369 2570 exaltabit)
3398 2502 3579 2571 caput
3626 2516 3835 2558 meum

2243 2589 2422 2643 super
2451 2572 2722 2629 inimicos
2754 2589 2916 2628 meos
2951 2571 3050 2643 qui
3085 2576 3223 2626 sunt
3255 2573 3311 2626 in
3337 2572 3587 2626 circuitu
3620 2589 3781 2630 meo.

2173 2642 2240 2698 Et
2271 2642 2592 2699 immolabo
2623 2644 2681 2698 in
2713 2642 3084 2699 ternaculum
3115 2644 3244 2714 ejus
3276 2643 3499 2699 hostias
3521 2643 3707 2714 jubili
3739 2660 3756 2700 :

2243 2716 2492 2770 cantabo
2522 2720 2579 2770 et
2610 2715 2859 2787 psallam
2894 2715 3157 2770 Domino.

2169 2787 2344 2851 Audi,
2376 2785 2641 2856 Domine,
2677 2803 2872 2843 vocem
2905 2803 3093 2841 meam
3129 2785 3480 2852 invocantis,

2242 2862 2299 2912 et
2329 2858 2607 2914 miserere
2640 2858 2778 2925 mei,
2813 2864 2870 2912 et
2897 2858 3102 2912 exaudi
3134 2873 3246 2913 me.

2171 2928 2298 2983 Tibi
2331 2930 2473 2985 dixit
2516 2946 2614 2984 cor
2645 2946 2868 2998 meum,
2898 2929 3167 2993 Quaesivit
3199 2926 3394 2983 vultus
3426 2943 3593 2985 meus
3626 2943 3642 2983 :

2244 3001 2451 3055 faciem
2484 3005 2670 3067 tuam,
2703 3001 2968 3066 Domine,
3004 3002 3328 3073 requiram.

2090 3096 2133 3163 ρ
2170 3071 2252 3127 Ne
2285 3073 2849 3163 abjscqndasfaqiem
2881 3077 3040 3128 tuam
3076 3071 3109 3127 a
3143 3089 3233 3163 me
3263 3072 3303 3138 ⁸,

2242 3160 2313 3198 ne
2340 3143 2598 3199 declines
2631 3144 2687 3198 in
2721 3147 2913 3199 furore
2955 3161 2988 3199 a
3020 3161 3184 3199 servo
3218 3148 3356 3197 tuo:

2165 3214 2464 3269 Auxilium
2498 3231 2692 3269 meum
2730 3215 2894 3270 fuisti
2932 3231 2944 3268 :
2982 3231 3054 3271 ne
3085 3215 3461 3286 derelinquas
3491 3231 3604 3270 me.

2237 3291 2295 3341 et
2326 3303 2398 3342 ne
2429 3287 2695 3342 dimittas
2726 3303 2839 3351 me,
2878 3288 3027 3342 Deus
3056 3286 3314 3342 salvator
3345 3302 3531 3340 meus.

2164 3357 2335 3430 Ijater
2363 3358 2519 3413 enim
2555 3375 2719 3413 meus
2749 3362 2806 3412 et
2828 3365 3024 3430 mater
3049 3373 3180 3414 mea
3225 3357 3674 3430 dereliquerunt
3707 3375 3821 3414 me.

2164 3427 2450 3502 Dominus
2470 3434 2672 3502 autem
2707 3429 3074 3502 colligitrme.

2056 3518 2062 3524 ·
2163 3498 2524 3570 Ostende(b.
2559 3498 3044 3568 Illustrafmihi,
3107 3499 3368 3570 Domine,
3424 3501 3569 3555 viam
3625 3505 3814 3572 tuam,

2233 3576 2292 3626 et
2320 3572 2507 3627 deduc
2538 3588 2629 3627 me
2660 3573 2718 3626 in
2743 3574 2956 3628 semita
2986 3575 3144 3628 recta

2234 3648 2470 3716 propter
2498 3642 2871 3716 insidiatores
2901 3643 2982 3716 [h.
3007 3641 3433 3716 decantatores]
3464 3658 3647 3699 meos.

2161 3717 2242 3770 Ne
2264 3715 2462 3770 tradas
2495 3730 2587 3770 me
2617 3715 2636 3750 ⁷
2669 3715 2877 3769 anima:
2906 3715 3321 3770 tribulantium
3354 3729 3447 3769 me
3479 3731 3492 3769 :

2233 3785 2514 3857 quoniam
2545 3792 2928 3842 surrexerunt
2965 3792 3166 3841 contra
3213 3802 3302 3841 me
3335 3791 3514 3842 testes
3567 3783 3706 3841 falsi
3755 3791 3812 3841 et

2304 3863 2569 3929 apertum
2603 3858 2998 3913 mendacium.

2162 3929 2275 4002 Ego
2303 3927 2498 4002 autem
2516 3930 2814 4002 credowl.
2849 3928 3379 4002 credebam),quod
3411 3927 3639 4002 videam
3661 3927 3814 3983 bona

2301 4000 2533 4073 Domini
2567 4000 2649 4073 (h.
2680 4000 2932 4073 Nisiego
2958 4000 3337 4056 credidissem
3372 4001 3526 4072 quod
3553 4000 3812 4054 viderem

2300 4072 2456 4127 bona
2487 4071 2738 4137 Domini)

2227 4140 2286 4196 in
2320 4146 2477 4198 terra
2506 4143 2849 4200 viventium.

2156 4215 2433 4283 Exspecta
2485 4214 2817 4280 Dominum,
2861 4215 3208 4283 confortare,
3240 4218 3297 4270 et
3347 4213 3655 4270 roboretur
3710 4229 3815 4268 cor

2228 4293 2416 4353 tuum,
2448 4289 2503 4340 et
2529 4288 2753 4342 sustine
2788 4287 3126 4342 Dominum.

2891 4418 3075 4457 ῡΑνιι).

2077 4462 2125 4528 D
2158 4496 2449 4568 (XXVIII)
2483 4499 2565 4552 Ad
2599 4501 2677 4567 te,
2703 4497 2963 4565 Domine,
2997 4498 3290 4563 clamabo,

2234 4569 2398 4624 fortis
2432 4585 2622 4637 meus,
2657 4587 2728 4625 ne
2759 4571 3143 4627 olisurdescas
3172 4569 3341 4638 mihi,

2159 4639 2240 4696 Ne
2273 4641 2438 4704 forte,
2473 4645 2699 4697 tacente
2731 4646 2786 4695 te
2819 4642 2986 4710 mihi,

2231 4727 2531 4783 comparer
2562 4713 2653 4767 bis
2687 4714 2784 4783 qui
2820 4713 3185 4768 descendunt
3216 4712 3271 4766 in
3306 4711 3546 4783 Iacump:

2159 4784 2311 4838 Audi
2327 4781 2519 4839 vocem
2537 4781 3009 4856 deprecationum
3029 4784 3314 4840 mearum'3
3328 4800 3461 4838 cum
3478 4781 3808 4839 clamavero

2229 4927 2250 4959 2
2284 4925 2445 4981 Unus
2477 4926 2715 4982 Cisterc.
2746 4943 2856 4982 ms.
2891 4943 3008 4998 quae
3036 4943 3104 4982 ex
3121 4929 3447 4996 sempiterno
3475 4932 3622 4981 sunt.

2230 4998 2326 5071 3In
2349 4999 2564 5053 nostris
2583 5005 2824 5064 mss.,ut
2847 5003 2905 5054 et
2926 5004 3178 5071 quatuor
3192 4999 3347 5071 apud
3373 4998 3803 5062 Martianzeum,

2158 5070 2552 5138 multiplicata:
2579 5074 2726 5125 sunt.

2229 5142 2250 5174 ‘
2279 5141 2418 5214 Tres
2437 5157 2575 5214 mss.
2605 5144 2768 5214 juxta
2796 5145 3047 5197 veterem
3081 5142 3344 5198 Latinam
3371 5141 3803 5214 interpretatio-

2159 5227 2291 5267 nem
2322 5211 2677 5268 circumdabo
2708 5213 2907 5267 altare.

2237 5283 2258 5317 ⁵
2287 5283 2529 5354 Prnpius
2569 5285 2639 5339 ad
2659 5284 2967 5340 Hebraeum
2985 5283 3371 5341 Scholiastem
3387 5283 3446 5339 in
3473 5301 3589 5341 uno
3611 5283 3798 5340 Vatic.

2159 5369 2327 5423 mss.,
2349 5356 2425 5411 Ne
2450 5371 2755 5426 congreges.

2229 5426 2248 5459 ⁷
2283 5426 2518 5497 Ignorat
2559 5426 2805 5497 Cistero.
2861 5441 2970 5497 ms.
3026 5427 3262 5483 voculas
3312 5443 3347 5481 a
3401 5443 3509 5483 me.
3566 5426 3797 5496 Regina

2155 5495 2355 5620 pultem
2413 5498 2542 5553 cod.
2602 5496 2734 5569 plus
2794 5495 2972 5553 habet
3029 5498 3202 5568 paulo
3272 5502 3426 5569 post,
3507 5499 3570 5554 in
3611 5495 3799 5567 [arare

2183 5583 2219 5620 ιι
2262 5607 2276 5620 .

2183 5581 2276 5622 uo.

2225 5637 2246 5709 ξ
2279 5641 2642 5709 Interserunt
2669 5637 2918 5705 Domine,
2949 5653 3062 5693 ms.
3089 5639 3328 5696 Cisterc.
3359 5643 3416 5696 et
3446 5636 3682 5709 Regius.

2226 5707 2248 5743 ⁹
2275 5707 2455 5765 Aliter
2484 5711 2543 5766 in
2562 5710 2772 5768 iisdem
2799 5725 2945 5767 mss.
2994 5709 3141 5767 Audi
3181 5712 3435 5778 Domine,
3465 5707 3796 5785 deprecatio-

2155 5793 2282 5837 nam
2309 5795 2506 5839 meam.
