4050 6182
370 212 506 271 1211

449 344 507 398 et
533 338 710 397 timor
740 338 894 397 notis
926 339 1102 397 meis:

380 413 491 479 Qui
521 413 797 469 videbant
827 428 920 469 me
949 412 1006 467 in
1041 410 1272 484 plateis,
1307 408 1610 484 fugiebant
1640 429 1673 467 a
1702 426 1815 467 me.

383 485 670 543 Oblivioni
703 486 952 539 traditus
984 482 1115 539 sum
1147 483 1317 556 quasi
1352 482 1686 556 mortuusa
1722 482 1917 554 corde,

456 558 644 613 factus
674 572 807 610 sum
840 556 995 611 sicut
1024 555 1130 626 (Al.
1165 555 1360 627 quasi)
1387 572 1489 611 vas
1513 555 1831 627 perditum.

384 629 597 687 Audivi
627 629 785 699 enim
816 628 1197 699 opprobrium
1231 630 1576 696 multorum,

454 698 1060 770 congregationemin
1093 699 1340 754 circuitu
1368 722 1385 766 ;

382 772 525 829 Cum
557 769 771 825 inirent
804 769 1118 826 consilium
1150 771 1462 826 adversum
1498 785 1590 825 me
1627 785 1641 825 :

453 847 511 899 et
539 846 603 896 ut
633 843 930 898 auferrent
962 842 1223 898 animam
1255 858 1445 898 meam
1487 839 1891 913 cogitaverunt
1920 838 2027 911 (At.

527 914 904 986 cogitarent).

387 988 511 1058 Ego,
539 992 735 1058 autem
769 986 830 1042 in
860 984 922 1040 te
951 984 1203 1057 speravi,
1238 984 1487 1040 Domine
1523 999 1537 1038 :

458 1057 604 1126 dixi,
639 1059 789 1113 Deus
815 1074 984 1112 meus
1015 1061 1101 1113 tu.

394 1132 457 1186 In
491 1146 669 1184 manu
702 1134 807 1184 tua
837 1134 1101 1200 tempora
1134 1144 1300 1183 mea:

463 1200 647 1257 libera
696 1202 767 1257 de
835 1217 1013 1256 manu
1073 1200 1469 1266 inimicorum,
1532 1201 1589 1253 et
1671 1212 2030 1269 persequen-

537 1272 685 1329 tium
721 1288 833 1327 me.

397 1343 675 1401 Illumina
706 1344 719 1377 ¹
756 1342 962 1399 faciem
996 1345 1166 1397 tuam
1192 1358 1370 1413 super
1402 1357 1637 1397 servum
1684 1344 1885 1395 tuum:

468 1415 630 1471 salva
658 1432 753 1471 me
782 1414 840 1470 in
877 1414 1274 1470 misericordia
1305 1417 1427 1468 tua.

398 1487 667 1555 Domine,
699 1503 812 1542 non
847 1486 967 1557 (ΑΙ.
1003 1486 1097 1557 ne)
1117 1485 1463 1557 confundar,
1489 1483 1629 1556 quia
1659 1481 1919 1537 invocavi
1944 1485 2029 1538 te:

470 1556 909 1614 confundantdr
936 1557 1126 1629 impii,
1156 1561 1387 1629 taceant
1418 1556 1476 1610 in
1507 1557 1757 1611 inferno.

395 1630 560 1686 Muta
592 1629 734 1685 ﬁant
770 1629 923 1684 labia
955 1628 1280 1684 mendacii:
1380 1684 1381 1687 η

467 1720 595 1775 quae
624 1701 949 1775 loquuntur
974 1707 1183 1775 contra
1201 1701 1440 1775 justum
1473 1704 1668 1754 vetera
1699 1697 1738 1766 ³,

469 1773 526 1829 in
563 1774 840 1846 superbia
872 1777 928 1827 et
952 1773 1348 1846 despectione.

397 1848 583 1913 Quam
616 1838 802 1900 multa
832 1848 921 1900 est
951 1838 1183 1900 bonitas
1217 1849 1317 1898 tua
1348 1858 1527 1913 quam
1560 1838 1924 1896 abscondisti
1954 1838 2034 1895 ti-

540 1917 839 1973 mentibus
868 1921 945 1980 te,

469 1993 744 2061 operatus
774 2004 836 2043 es
854 1986 1241 2061 rsperantibus
1268 1985 1323 2041 in
1347 1984 1505 2053 te;in
1546 1986 1858 2055 conspectu
1885 1981 2033 2038 ﬁlio-

540 2077 672 2116 rum
703 2060 1034 2115 hominum.

399 2132 736 2189 Abscondes
759 2147 858 2187 eos
894 2132 950 2185 in
988 2128 1346 2201 protectione
1373 2126 1568 2181 vultus
1600 2125 1720 2201 tui_,_
1749 2124 2037 2201 a‘dur‘itia

467 2204 575 2277 viri
601 2218 614 2257 :
639 2203 963 2258 abscondes
979 2194 1078 2257 eos
1092 2199 1149 2255 in
1169 2200 1398 2267 umbra,
1416 2215 1447 2254 a
1460 2194 2038 2254 contradictionelin-

541 2291 813 2345 guarum.

402 2342 756 2401 Benedictus
791 2342 1071 2399 Dominus
1097 2359 1112 2397 :

467 2415 926 2487 quiimirabilem
949 2415 1078 2470 fecit
1107 2412 1573 2469 misericordiam
1596 2427 1767 2467 suam
1793 2409 2034 2479 mihi,in

541 2486 774 2543 civitate
807 2487 1053 2542 munita.

465 2559 585 2630 Ego
616 2563 811 2615 autem
854 2558 973 2613 dixi
1006 2557 1064 2612 in
1084 2559 1323 2627 stupore
1357 2571 1485 2611 meo
1509 2569 1534 2630 Δε

466 2624 770 2701 Projectus
803 2646 935 2686 sum
961 2630 1032 2685 de
1049 2624 1367 2699 conspectu
1394 2625 1700 2701 oculorum
1739 2629 1970 2681 tuorum
1992 2624 2034 2680 ⁸.

397 2698 625 2774 Ergone
657 2701 878 2774 audisti
907 2716 1103 2774 vocem
1137 2698 1561 2774 deprecationis
1585 2714 1725 2753 mea:
1759 2713 1773 2751 :

467 2770 602 2829 cum
629 2773 940 2829 clamarem
969 2773 1040 2828 ad
1064 2778 1119 2826 te
1141 2770 1169 2824 ?

398 2845 635 2917 Diligite
670 2845 982 2901 Dominum
1024 2840 1459 2917 omnessancti
1496 2839 1556 2913 (h
1604 2837 2038 2911 misericordes)

468 2913 598 2986 ejus
632 2917 832 2973 fideles
862 2920 1058 2973 servat
1091 2913 1371 2970 Dominus

466 2981 525 3044 et
551 2988 758 3044 tribuit
785 2991 801 3024 ‘
837 2988 951 3054 bis,
984 2986 1087 3055 qui
1132 2986 1276 3041 satis
1308 2987 1628 3056 operantur
1675 2981 2036 3054 superbiam.

397 3058 843 3128 Confortamini,
876 3063 933 3114 et
973 3059 1280 3113 roboretur
1308 3073 1408 3128 cor
1435 3059 1723 3111 vestrum.

468 3148 673 3188 omnes
704 3130 806 3203 qui
829 3126 1186 3202 exspectatis
1217 3126 1556 3184 Dominum.

953 3279 1123 3317 navm
1166 3277 1411 3317 ERUDITO
1441 3262 1481 3315 ⁸.

399 3360 654 3435 (XXXII)
687 3361 927 3435 Beatus,
961 3360 1055 3416 cui
1089 3359 1340 3415 dimissa
1368 3362 1458 3415 est
1488 3357 1795 3430 iniquitas,

470 3433 888 3487 absconditum
927 3436 1020 3487 est
1050 3436 1355 3502 peccatum
1387 3448 1400 3486 :

397 3504 610 3560 Beatus
644 3503 846 3569 homo,
883 3498 1116 3558 cuinon
1173 3500 1493 3574 imputabit
1540 3499 1649 3571 (Al.
1712 3498 2046 3571 imputavit)

548 3575 840 3631 Dominus
869 3574 1243 3644 iniquitatem

472 3663 579 3702 nec
608 3651 698 3702 est
728 3647 783 3701 in
818 3646 1031 3717 spiritu
1064 3646 1192 3715 ejus
1227 3643 1416 3700 dolus.

399 3718 545 3787 Quia
582 3719 735 3773 tacui
765 3717 968 3774 attrita
989 3722 1129 3773 sunt
1158 3733 1292 3772 ossa
1323 3732 1452 3771 mea
1485 3730 1499 3769 :

470 3790 531 3846 in
559 3790 761 3861 rugitu
795 3805 919 3845 meo
950 3792 1074 3845 tota
1104 3789 1217 3844 die.

400 3862 503 3917 Die
532 3858 689 3917 enim
722 3865 779 3917 et
810 3866 977 3933 nocte
998 3869 1276 3933 gravatur
1297 3860 1475 3929 super
1516 3874 1608 3912 me
1661 3873 1871 3933 manus
1896 3858 1996 3911 tua
2027 3871 2043 3933 ξ

469 3938 737 3989 versatus
761 3950 893 3988 sum
926 3929 1262 3989 in'miseria
1291 3946 1440 3995 mea,
1475 3945 1610 3985 cum
1643 3929 2049 3985 exardesceret

546 4005 760 4061 messis
790 4006 831 4059 ⁸.
865 4004 1134 4060 JUGITEB.

471 4153 487 4188 ³
523 4156 584 4211 In
611 4154 857 4218 nostris,
891 4158 949 4209 et
991 4151 1306 4208 Martianaei
1340 4150 1565 4222 aliquot
1624 4167 1766 4206 mss.
1827 4151 2050 4207 ostende

395 4241 504 4306 pro
536 4226 959 4306 ζιιιιηιὶηαῖΜοκ
986 4243 1139 4280 unus
1161 4223 1537 4306 Cisterciens.
1565 4226 1717 4306 tacet
1762 4238 1869 4306 me:

477 4300 498 4333 ²
532 4300 616 4353 Ita
643 4292 849 4353 omnes
881 4315 1025 4353 mss.
1083 4292 1346 4351 codices:
1401 4294 1541 4349 editi
1596 4298 1791 4349 autem
1847 4292 2051 4364 legunt

405 4369 567 4425 dura.
600 4371 658 4425 S.
684 4370 1078 4442 Hieronymus
1108 4369 1204 4442 hic
1224 4374 1279 4422 et
1302 4367 1357 4421 in
1380 4366 1533 4421 infra
1555 4383 1641 4436 ps.
1667 4383 1817 4432 κων,
1850 4366 1901 4428 Ιι,
1930 4381 2051 4442 ver-

1414 216 1474 272 s.
1513 214 1922 272 maeoqu
1957 190 2211 271 mvma
2250 219 2736 276 BIBLIOTHECA.

2051 343 2104 409 Α
2137 341 2445 401 Peccatum
2479 359 2677 400 meum
2711 346 2917 401 notum
2950 344 3100 402 facio
3126 342 3265 401 tibi:

3649 222 3777 279 1212

2207 421 2267 471 et
2295 415 2669 488 iniquitatem
2698 432 2888 472 meam
2920 434 3036 473 non
3079 416 3424 474 abscondi".

2135 487 2313 557 Dixit,
2341 487 2665 542 conﬁtebor
2693 489 2908 544 scelem
2942 505 3071 544 mea
3104 489 3349 544 Domino
3384 505 3399 544 :

2208 564 2265 616 et
2294 564 2355 613 tu
2381 559 2667 641 dimisisti
2699 559 2782 631 (h.
2817 561 3531 633 abstulisti)iniquitatem
3561 563 3775 636 peccati

2282 632 2416 685 mei.
2462 632 2717 686 SEMPER.

2138 706 2249 757 Pro
2266 701 2387 785 ‘h‘ac
2419 708 2546 757 orat
2574 703 2811 785 {omnis
2842 703 3157 770 sanctus(h
3196 703 3555 775 misericors)
3587 705 3658 760 ad
3694 711 3777 763 te:

2211 774 2282 828 ad
2312 778 2548 844 tempus
2582 774 2887 830 inveniens
2914 795 2930 843 ς

2138 844 2214 901 Ut
2243 861 2377 899 cum
2410 846 2819 901 inundaverint
2849 863 3009 917 aquis
3042 845 3259 914 multae,

2211 917 2282 971 ad
2308 916 2475 971 illum
2509 934 2623 972 non
2655 918 2955 972 accedant.
3158 949 3165 961 ι

2211 933 2282 971 ao
2308 933 2475 971 mum
2509 934 2623 972 non
2655 933 2955 972 accedant.
3158 949 3165 961 ι

2140 988 2225 1043 Tu
2257 988 2364 1059 (Al.
2398 989 2533 1044 add.
2560 994 2644 1057 es)
2672 990 2958 1061 protectio
2991 1004 3144 1059 mea,
3168 987 3240 1043 ab
3273 988 3444 1045 hoste
3475 991 3774 1048 custodies

2212 1075 2326 1115 me.
2362 1059 2491 1115 laus
2513 1077 2638 1115 mea
2659 1060 2895 1115 salvans
2920 1077 2933 1114 :
2954 1059 3351 1115 circumdabis
3384 1077 3498 1115 me.
3524 1062 3772 1115 Saupza.

2212 1075 2326 1129 me,
2362 1060 2491 1116 laus
2513 1077 2638 1116 mea
2659 1060 2895 1116 salvans
2920 1077 2933 1114 :
2954 1060 3351 1116 circumdabis
3384 1077 3498 1117 me.
3524 1062 3772 1119 Saurea.

2211 1132 2577 1258 Erggilalrﬁege
2597 1132 2639 1202 °,
2671 1137 2728 1187 et
2756 1131 3102 1188 illuminabo
3133 1131 3241 1187 tibi
3271 1132 3423 1189 viam
3474 1150 3580 1205 per
3599 1151 3774 1206 quam

2284 1219 2574 1258 amnutes.

2211 1275 2476 1346 cogitabo
2506 1275 2577 1330 de
2607 1281 2661 1330 te
2691 1273 2860 1330 oculo
2893 1291 3045 1330 meo.

2140 1344 2329 1401 Nolite
2351 1346 2470 1401 ﬁeri
2502 1346 2657 1402 sicut
2680 1362 2866 1417 equus
2897 1352 2954 1401 et
2979 1345 3175 1401 mulus

2212 1417 2427 1501 qaibus
2460 1417 2657 1501 (A‘I._‘in
2689 1415 3078 1501 quibus)_non
3109 1420 3200 1501 est
3242 1415 3674 1501 intelligentia}

2140 1489 2205 1544 In
2237 1489 2448 1544 chamo
2480 1494 2537 1544 et
2567 1488 2749 1571 tremo
2783 1488 3050 1571 maxillas
3077 1490 3208 1561 ejus
3229 1489 3590 1561 constringis
3622 1489 3685 1557 '°,
3718 1493 3782 1545 ut

2143 1562 2862 1701 Multi°dnoi$$§§iﬂl39i°e‘
2895 1561 2969 1616 ad
3002 1565 3081 1616 te“

2061 1715 2109 1779 Β
2212 1703 2602 1779 conﬁdentem
2634 1711 2830 1760 autem
2863 1702 2923 1758 in
2954 1702 3202 1759 Domino
3232 1701 3640 1760 misericordia
3668 1702 3782 1760 cir-

2286 1776 2607 1831 cumdabit.

2144 1844 2447 1902 Laetamini
2477 1847 2537 1902 in
2570 1845 2840 1913 Domino,
2873 1849 2931 1902 et
2951 1843 3262 1915 exsultate,
3287 1845 3463 1916 justi.

2285 1924 2343 1974 et
2370 1918 2606 1975 laudate
2638 1934 2844 1974 omnes
2876 1917 3018 1974 recti
3050 1918 3241 1974 corde.

2144 2060 2442 2143 (X_XXI‘II,)
2477 2061 2760 2143 Lausus,
2794 2077 2977 2143 συξη,
3015 2061 3332 2143 ‘DOMINUM,
3369 2063 3565 2116 rectos
3623 2060 3785 2116 decet

2214 2132 2474 2187 laudatio
2504 2134 2615 2195 (Al.
2654 2132 3051 2203 collaudatio).

2143 2204 2514 2261 Conﬁtemini
2545 2204 2792 2260 Domino
2822 2205 2881 2259 in
2913 2202 3161 2258 cithara.

2216 2277 2276 2330 in
2308 2275 2582 2347 psalterio
2613 2276 2973 2332 decachordo
3006 2273 3239 2347 psallite
3269 2274 3377 2347 (Al.
3427 2274 3685 2347 cantate)
3710 2274 3783 2331 ei.

2144 2349 2386 2404 Cantate
2402 2347 2451 2402 ei
2484 2348 2777 2404 canticum
2813 2362 3027 2401 novum
3058 2363 3073 2402 :

2216 2420 2364 2475 bene
2392 2422 2434 2455 “
2470 2418 2701 2490 psallite
2732 2419 2787 2473 in
2815 2418 3044 2487 jubilo:

2146 2492 2293 2557 Quia
2323 2487 2547 2546 rectum
2578 2496 2669 2546 est
2717 2492 2956 2545 verbum
2983 2487 3248 2545 Domini:

2216 2568 2273 2644 et
2302 2579 2661 2644 omnedopus
2687 2562 2816 2644 ejus
2848 2562 2908 2644 in
2939 2561 3073 2644 fide.

2147 2633 2345 2705 Diligit
2367 2631 2666 2704 justitiam
2699 2638 2755 2689 et
2778 2631 3071 2705 judicium
3102 2646 3115 2686 :

2217 2704 2620 2761 misericordia
2651 2704 2881 2761 Domini
2907 2704 3082 2775 plena
3097 2706 3188 2775 est
3254 2706 3428 2775 terra.

2148 2782 2212 2832 In
2245 2777 2350 2849 (Al.
2383 2780 2470 2831 lac
2500 2777 2785 2848 In)verbo
2817 2773 3054 2849 Domini
3085 2773 3212 2830 coeli
3244 2774 3383 2830 tacti
3424 2778 3613 2831 sunt:

2219 2847 2278 2904 et
2307 2849 2521 2919 spiritu
2552 2849 2671 2905 oris
2691 2850 2820 2918 ejus
2847 2847 3042 2904 omnis
3072 2850 3315 2902 ornatus
3347 2862 3574 2902 eorum.

2150 2918 2519 2989 Congregans
2551 2921 2719 2990 quasi
2751 2921 2809 2974 in
2840 2924 2969 2975 utre
2999 2934 3184 2989 aquas
3216 2918 3430 2973 maris:

2221 3008 2446 3064 ponens
2478 2992 2537 3045 in
2560 2991 2864 3064 thesauris
2894 2991 3158 3064 abyssos.

2073 3081 2116 3150 ρ
2149 3060 2374 3147 Τίζῃθειι
2404 3063 2721 3150 Dominum
2750 3060 3240 3150 (AlxaAquin'o)
3285 3060 3477 3150 omnis
3508 3063 3663 3150 terra
3690 3075 3707 3115 :

2227 3136 2418 3217 ipsum
2453 3131 3068 3217 tormidentnuniversi
3084 3131 3648 3202 habitatorestorbis.

2154 3205 2302 3271 Quia
2329 3205 2456 3278 ipse
2487 3205 2655 3272 dixit,
2686 3210 2745 3261 et
2773 3205 2966 3278 factus
2987 3208 3077 3261 est
3111 3221 3125 3259 :

2228 3276 2775 3350 ipso—precipiente,
2809 3276 2991 3350 stetit.

2154 3347 2441 3406 Dominus
2472 3347 2646 3405 solvit
2671 3347 2985 3405 consilium
3008 3349 3249 3419 gentum
3277 3361 3291 3400 :

2228 3420 2425 3493 irritas
2455 3420 2594 3476 fecit
2624 3417 3414 3493 cogitationes'populorum.

2154 3492 2479 3548 Concilium
2516 3489 2745 3547 Domitii
2776 3492 2835 3547 in
2868 3489 3155 3547 aeternum
3185 3489 3403 3546 stabit:

2225 3563 2606 3635 cogitationes
2636 3560 2829 3620 cordis
2858 3563 2985 3633 ejus
3006 3561 3064 3616 in
3087 3559 3460 3634 generatione
3477 3563 3535 3616 et
3558 3576 3789 3633 genera-

2299 3636 2457 3691 tione
2482 3652 2495 3689 :

2154 3711 2328 3763 Beata
2356 3724 2522 3780 gens,
2548 3707 2717 3777 cujus
2746 3705 3035 3780 Dominus
3067 3704 3217 3780 ejus,

2228 3773 2480 3850 populus
2510 3773 2688 3849 quem
2721 3776 2984 3850 elegitin
3018 3774 3425 3850 bgreditatem
3457 3773 3592 3831 sibi.

2158 3848 2245 3906 De
2264 3848 2406 3905 coelo
2440 3850 2736 3922 prospexit
2766 3848 3048 3922 Dominus
3073 3848 3155 3915 u;

2225 3921 2373 3976 vidit
2401 3920 2605 3977 omnes
2640 3920 2791 3976 filios
2821 3920 3022 3975 Adam.

2155 3991 2235 4048 De
2266 3993 2612 4049 ﬁrmissima
2641 3993 2779 4048 sede
2809 4008 2917 4046 sua
2948 3988 3269 4062 prospexit.

2228 4150 2248 4185 ⁸
2280 4150 2424 4205 Tres
2452 4164 2563 4203 ms.
2594 4146 2901 4203 oculorum
2944 4146 3095 4217 ejus.

2227 4224 2251 4256 ‘
2279 4221 2457 4276 lidem
2488 4237 2625 4275 mss.
2653 4218 2953 4285 retribuet,
2974 4213 3047 4271 'et
3075 4213 3366 4272 retribuit.

2231 4294 2250 4327 ⁵
2280 4295 2347 4347 Et
2377 4291 2581 4358 nostri,
2614 4295 2671 4345 et.
2701 4282 3069 4361 quoslaudat
3089 4288 3362 4344 Martian.
3390 4302 3532 4341 mss.
3588 4282 3797 4340 eruditi

2161 4365 2363 4434 legunt
2394 4380 2498 4436 pro
2520 4363 2762 4418 erudito.

407 4441 546 4497 bum
584 4442 759 4496 Ilebr.
788 4439 921 4527 Frui
944 4442 1106 4496 uthac
1144 4440 1567 4510 interpretatur
1622 4446 1774 4492 vetus
1825 4442 1881 4491 et
1910 4439 2042 4492 anti-

2201 4454 2253 4527 _§
2283 4453 2425 4507 Mss.
2468 4452 2620 4527 duo,
2675 4452 2809 4506 Cum
2864 4448 3274 4527 madescant”
3299 4454 3646 4527 me_aestas:
3701 4443 3801 4526 ubi

445 4528 600 4567 uum.

445 4529 600 4567 uum.

408 4529 438 4584 ᾳ
476 4587 656 4638 Porro
694 4600 904 4639 nomen
930 4595 1054 4647 any
1084 4582 1270 4637 athuc.
1305 4579 1605 4652 singulare
1672 4580 1931 4651 positum
1962 4583 2051 4633 est

408 4672 775 4757 proplurali‘
799 4672 1005 4757 m‘ultia
1036 4672 1350 4757 $cripturm
1381 4669 1785 4757 locis,.et‘c_um
1807 4668 2054 4757 vertitur

2162 4525 2435 4580 vitiosum
2467 4516 2614 4578 illud
2644 4537 2730 4577 me
2759 4530 2939 4589 a’slas,
2972 4517 3590 4575 incurialihrariorum
3620 4516 3804 4586 scrip-

2162 4602 2283 4651 tum
2317 4596 2546 4650 videtur
2580 4610 2680 4665 pro
2713 4591 2910 4647 messi.
2947 4592 3126 4646 Mm'r.

2231 4686 2516 4739 7Rursum
2549 4681 2737 4751 negtri
2771 4698 2920 4736 mos.
2970 4695 3081 4735 non
3134 4678 3428 4745 abscondo,
3488 4679 3622 4732 Dixi
3646 4676 3811 4743 conﬁ-

412 4741 472 4800 in
505 4741 666 4807 dura,
698 4743 942 4814 intelligi
975 4741 1191 4799 debent
1214 4743 1378 4813 dura,
1409 4741 1580 4813 quasi
1629 4741 1790 4797 dicas
1840 4741 2054 4797 invcta-
2164 4758 2314 4812 ιεδον
2338 4756 2518 4812 δσειαε
2550 4741 2752 4809 mam,

410 4820 557 4873 rata.
592 4816 780 4871 Murr.

483 4918 552 4929 —-
573 4888 870 4944 Veriorem
888 4886 1073 4942 multo
1096 4886 1404 4941 lectionem
1428 4899 1556 4941 esse
1579 4883 1850 4950 arbitror,
1875 4898 2054 4954 quam

409 4959 779 5016 Cisterciens.
818 4976 926 5014 nis.
960 4958 1383 5027 praefertcrecta
1413 4973 1514 5027 pro
1542 4965 1754 5011 vetera.
1790 4955 1934 5010 Nam
1983 4954 2057 5027 li-

1002 4976 1383 5014 raererwrecra
1413 4976 1514 5027 pro
1542 4976 1754 5011 υϐιθνα.
1790 4976 1934 5010 .Vam
1983 4976 2057 5008 u-

938 4976 1106 5085 rgum
1138 5041 1263 5118 Phy
1304 5030 1443 5100 (non
1467 5032 1523 5084 et
1541 5028 1805 5083 Martian.
1851 5026 2058 5083 scribit

408 5122 561 5191 una)
593 5120 890 5192 signiﬁcet
920 5116 1277 5185 veterascere,
1326 5117 1714 5187 metonymice
1768 5120 1961 5171 tamen
1997 5116 2055 5172 in

409 5037 499 5087 cet
530 5031 832 5088 Hebraeum
863 5046 930 5085 ve

407 5208 729 5280 Scripturis
785 5226 939 5280 sape
1010 5206 1295 5278 accipitur
1351 5224 1456 5277 pro
1494 5206 2053 5280 _c.'rcedere,eﬂerri.

410 5278 621 5352 hisque
654 5278 973 5337 similibus.
1023 5280 1168 5335 Cum
1213 5295 1425 5352 sensus
1474 5278 1544 5352 de
1575 5278 1785 5352 verbis
1832 5282 1943 5345 est,
1992 5294 2060 5334 ea

412 5348 647 5424 proprie
679 5353 1099 5424 denotat,7quee
1133 5349 1418 5424 terminos
1435 5348 1974 5424 o_ft_icii_excurrunt,
1996 5366 2059 5405 se

411 5420 633 5480 temere
663 5420 1023 5495 extollentia,
1060 5439 1127 5477 ac
1158 5422 1431 5495 superba,
1463 5420 1566 5495 ill_a
1606 5420 1859 5492 denique
1906 5422 2057 5495 ipsa,

414 5509 541 5574 quae
562 5499 799 5577 praefert
826 5494 1107 5577 laudatus
1131 5493 1841 5577 ms_.'a1:rac_ta:.Poss‘untet
1860 5493 2060 5549 abnor-

412 5563 533 5637 mia
561 5563 959 5637 interpretari,
992 5570 1050 5620 et
1080 5566 1234 5637 quod
1278 5565 1409 5620 Itali
1458 5563 1683 5637 dicunt,
1729 5580 1868 5637 case,
1901 5580 1932 5621 0
1959 5580 2061 5637 pa-

419 5634 771 5708 ratastrané.
809 5636 988 5693 Paulo
1021 5641 1154 5708 post
1181 5635 1338 5691 idem
1370 5652 1482 5692 ms.
1507 5635 1704 5702 habet,
1721 5635 1869 5704 Quia
1884 5636 2064 5692 multa

418 5706 510 5757 est
541 5704 773 5770 bonitas,
813 5712 923 5764 etc.

2157 4914 2160 4917 _
2233 4847 2255 4881 ⁸
2286 4846 2447 4901 Idem
2480 4844 2766 4917 mss._Pro
2795 4842 2893 4897 hoc
2921 4844 3072 4917 orat,
3102 4842 3160 4895 et
3191 4854 3345 4905 mox,
3378 4843 3596 4910 tempus
3650 4840 3807 4893 inve-

2162 4918 2324 4974 niens
2346 4917 2569 4986 absque
2587 4913 2657 4969 ad
2686 4912 3119 4986 praepositione.

2231 5008 2252 5042 ο
2283 5006 2521 5062 Cisterc.
2561 5020 2672 5059 ms.
2705 5003 2928 5057 Doceam
2951 5004 3023 5065 te,
3045 5006 3096 5055 et
3128 4999 3474 5072 monstrabo,-
3539 4997 3810 5072 plerique

2166 5078 2265 5135 alii
2295 5093 2429 5132 cum
2453 5074 2644 5141 editis,
2678 5074 2879 5129 Docebo
2908 5079 2984 5142 te,
3014 5070 3331 5127 monstrabo
3360 5070 3492 5126 tibi.

2241 5168 2283 5203 ¹⁰
2311 5164 2508 5222 Nostri
2532 5179 2766 5235 quoque
2797 5176 3112 5235 mss._cum
3149 5156 3250 5214 alii
3299 5174 3485 5235 penes,
3536 5157 3811 5235 martias.-

2167 5243 2345 5309 atque
2375 5228 2770 5309 editis'libris,
2801 5232 3069 5309 maxillas
3097 5228 3679 5309 eorumicons‘tfinge,
3714 5228 3815 5300 qui

2167 5300 2279 5366 ηοή
2308 5308 2591 5366 accedant
2622 5305 2692 5361 ad
2731 5309 2803 5360 te.
2842 5311 2885 5358 Α
2910 5303 3130 5376 quibus
3167 5301 3380 5358 alludit
3435 5300 3819 5358 Cisterciens.

2170 5399 2287 5438 uno
2316 5380 2513 5446 verbo,
2546 5376 2775 5433 accedit.

2245 5474 2287 5507 ¹¹
2321 5472 2540 5525 Iterum
2573 5464 2780 5532 nostri,
2821 5462 3139 5534 pluresque
3189 5461 3289 5518 alii
3327 5461 3483 5535 apud
3539 5462 3814 5520 lar-tim.

2170 5559 2316 5598 mss.
2349 5541 2651 5611 deligenter
2675 5536 2897 5592 habent
2925 5551 3030 5606 pro
3063 5535 3217 5590 bene.

2242 5631 2286 5691 ί*
2322 5628 2500 5684 Addit
2532 5626 2902 5698 Regine_ms._
2930 5622 3026 5698 hic
3053 5622 3315 5698 Dominus
3348 5620 3653 5698 :legitque
3697 5624 3821 5698 ter-

2170 5701 2253 5759 tio
2283 5700 2356 5757 ab
2386 5699 2497 5757 hoc
2523 5692 2719 5765 versu,
2750 5694 3076 5767 ﬁrmissimo
3104 5695 3244 5750 solio
3262 5708 3368 5749 suo
3396 5692 3499 5765 pro
3523 5692 3672 5761 sede,
3704 5696 3816 5749 etc.
