4050 6182
278 281 419 339 1213
1649 285 1865 340 LIBER
1901 287 1913 338 l

2064 281 2365 337 .MORUM.
3557 290 3694 346 1214

347 407 418 464 ad
453 406 758 463 universos
788 406 1149 465 habitatores
1178 412 1366 466 terrae.

273 481 524 552 Fingens
558 480 774 551 pariter
804 498 903 536 cor
931 497 1133 536 eorum
1167 498 1180 537 :

348 551 686 623 intelligens
717 553 916 607 omnia
946 569 1120 621 opera
1154 569 1381 608 eorum.

272 623 399 680 Non
433 623 800 679 salvabitur‘
835 641 934 679 rex
959 625 1017 679 in
1054 625 1436 680 multitudine
1466 624 1775 694 exercitus,

351 712 454 768 nec
487 695 654 750 tortis
685 695 1031 751 liberabitur
1063 698 1120 750 in
1149 696 1639 768 multiplicatione
1671 696 1928 751 virtutis.

274 767 480 822 Fallax
509 783 700 838 equus
733 767 802 821 ad
831 769 1104 834 salutem,

353 848 405 894 et
440 837 498 892 in
534 837 914 894 multitudine
947 839 1173 893 roboris
1200 838 1293 893 sui
1326 854 1440 892 non
1476 837 1747 893 salvabit.

272 910 418 964 Ecce
448 910 653 965 oculus
689 911 913 965 Domini
945 928 1124 980 super
1152 910 1428 966 timentes
1459 926 1592 965 eum
1627 927 1640 961 :

349 981 420 1036 ad
453 981 560 1051 (At.
594 983 670 1051 et)
700 986 1110 1054 exspectantes
1143 981 1606 1036 misericordiam
1635 981 1783 1051 ejus.

274 1056 352 1109 Ut
383 1056 552 1108 eruat
583 1054 654 1108 de
687 1061 873 1108 morte
905 1053 1132 1108 animas
1164 1069 1389 1122 eorum,

350 1128 407 1178 et
437 1123 689 1179 vivificet
719 1141 819 1180 eos
848 1125 907 1179 in
944 1126 1115 1180 fame.

268 1195 494 1267 Anima
519 1201 720 1251 nostra
750 1197 1110 1267 exspectavit
1145 1195 1454 1250 Dominum
1493 1211 1505 1249 :

345 1266 630 1322 auxilium
666 1266 932 1339 nostrum
967 1273 1024 1323 et
1054 1268 1293 1339 clypeos
1327 1272 1525 1321 noster
1559 1270 1664 1320 est.

267 1337 334 1392 In
372 1338 500 1409 ipso
531 1339 687 1393 enim
721 1338 1018 1394 laetabitur
1048 1337 1160 1394 cori
1179 1344 1446 1394 nostrum
1483 1354 1495 1409 ξ

344 1408 482 1480 quia
515 1410 574 1464 in
608 1411 844 1465 nomine
877 1415 1081 1465 sancto
1114 1413 1244 1478 ejus
1273 1408 1664 1480 speravimus.

263 1481 773 1536 Sitmisericordia
797 1482 1197 1550 tua,Domine,
1231 1498 1409 1553 super
1442 1497 1570 1546 nos,

345 1553 498 1607 sicut
525 1553 994 1626 exspectavimus
1024 1558 1102 1608 te.

266 1684 438 1722 mvin
494 1685 724 1730 onmno
780 1686 1149 1726 comma-mur
1187 1685 1253 1723 os
1292 1668 1375 1740 (h.
1427 1669 1719 1739 saporem)
1773 1685 1926 1724 suum

398 1756 586 1795 CORAM
625 1758 969 1808 ABIMELECH,
1020 1759 1085 1796 ET
1122 1758 1307 1795 EJECIT
1344 1756 1487 1805 EUM,
1531 1757 1597 1795 ΕΤ
1632 1757 1799 1797 ΔΒΗΤ.

266 1836 562 1908 (ΧΧΧΝ.)
594 1839 614 1872 2
644 1839 995 1910 Bienedicam
1030 1837 1344 1893 Dominum
1370 1839 1428 1893 in
1453 1838 1614 1894 omni
1646 1842 1924 1910 tempore:

420 1925 657 1982 semper
683 1909 812 1965 laus
844 1913 974 1982 ejus
1005 1911 1065 1966 in
1097 1926 1196 1965 ore
1229 1926 1377 1964 meo.

269 1980 340 2034 In
375 1981 614 2037 Domino
647 1980 988 2037 laudabitur
1020 1983 1218 2036 anima
1251 1998 1379 2036 mea
1407 1981 1428 2014 ³
1464 1997 1478 2038 :

347 2053 594 2107 audiant
627 2053 797 2108 mites
830 2059 884 2108 et
912 2054 1200 2109 laetentur.

266 2124 646 2192 Magnificate
683 2125 993 2180 Dominum
1027 2141 1281 2188 mecum,

346 2199 405 2249 et
434 2195 757 2267 exaltemus
788 2213 998 2252 nomen
1029 2197 1158 2267 ejus
1190 2195 1425 2267 pariter.

267 2267 525 2331 Quaesivi
558 2266 894 2334 Dominum,
928 2273 986 2324 et
1014 2266 1310 2322 exaudivit
1342 2284 1457 2331 me,

347 2343 406 2393 et
434 2355 501 2393 ex
531 2339 808 2394 omnibus
840 2340 1127 2410 angustiis
1161 2339 1307 2394 meis
1339 2339 1604 2394 liberavit
1633 2353 1746 2408 me,

268 2409 569 2480 Respicite
601 2411 669 2464 ad
703 2427 861 2478 eum,
893 2409 949 2466 et
989 2410 1284 2476 conﬂuite,

348 2486 404 2536 et
435 2480 632 2536 vultus
660 2484 838 2538 vestri
872 2500 986 2538 non
1016 2482 1472 2552 confundentpr.

267 2553 383 2607 Hic
416 2569 640 2624 pauper
670 2554 964 2620 clamavit,
999 2559 1055 2609 et
1086 2550 1698 2624 Dominus'exaudivit
1731 2568 1744 2606 :

345 2625 484 2678 etde
511 2623 785 2680 omnibus
807 2625 1290 2680 tribulationibus
1303 2627 1432 2694 ejus
1450 2624 1469 2657 ⁵
1486 2642 1512 2678 s
1531 2623 1743 2678 alvavit
1764 2640 1922 2679 eum.

269 2695 673 2751 Circumdabit
697 2698 937 2768 angelus
962 2697 1192 2753 Domini
1225 2697 1281 2750 in
1307 2713 1445 2768 gyro
1470 2695 1742 2750 timentes
1766 2712 1921 2751 eum.

348 2773 405 2822 et
434 2772 597 2823 eruet
625 2785 745 2824 eos.

271 2840 518 2894 Gustata
550 2843 607 2894 et
634 2841 822 2894 videte
845 2839 1124 2911 quoniam
1155 2840 1347 2894 bonus
1374 2838 1659 2894 Dominus
1693 2855 1708 2894 :

347 2911 560 2983 beatus
581 2911 669 2965 vir
699 2912 798 2982 qui
832 2919 1029 2983 sperat
1061 2913 1116 2966 in
1150 2928 1238 2966 eo.

273 2982 502 3036 Timete
533 2982 849 3037 Dominum
882 2983 1066 3039 sancti
1100 2984 1223 3050 ejus
1259 2999 1271 3037 :

350 3053 779 3126 quoniaminon
811 3059 900 3110 est
928 3055 1126 3126 inpia
1162 3052 1504 3108 timentibus
1531 3069 1687 3108 eum.

271 3125 502 3180 Leones
532 3124 916 3191 indiguerunt
944 3132 999 3180 et
1029 3124 1365 3180 esurierunt
1398 3141 1411 3180 :

345 3197 749 3267 quzerentibus
782 3202 975 3253 autem
1012 3198 1330 3252 Dominum
1369 3213 1482 3252 non
1536 3197 1720 3251 deerit
1751 3211 1923 3251 omne

419 3269 662 3323 bonum.

344 3337 552 3393 Venite
584 3340 690 3409 (At.
722 3339 1082 3408 Ambulate),
1116 3339 1242 3406 lilii,
1278 3340 1473 3394 audite
1507 3356 1620 3408 me,

344 3410 620 3465 timorem
657 3412 885 3465 Domini
919 3411 1137 3466 docebo
1169 3427 1289 3466 vos.

271 3482 418 3546 Quis
451 3488 542 3537 est
570 3482 658 3536 vir
690 3483 790 3551 qui
821 3482 958 3536 velit
989 3483 1191 3551 vitam,

345 3553 600 3624 diligens
630 3553 755 3609 dies
787 3555 980 3608 videre
1010 3555 1216 3609 bonos.

271 3624 516 3680 Custodi
553 3624 817 3695 linguam
847 3630 1003 3680 tuam
1038 3642 1071 3680 a
1102 3624 1255 3680 malo
1287 3641 1306 3695 7:

348 3700 405 3750 et
434 3695 591 3751 labia
622 3694 720 3750 tua
752 3714 822 3752 ne
852 3696 1176 3768 loquantur
1207 3694 1428 3751 dolum.

268 3768 494 3822 Recede
525 3784 558 3822 a
582 3768 758 3834 malo,
781 3773 836 3823 et
865 3769 950 3822 fac
981 3770 1200 3823 bonum
1235 3784 1249 3822 :

345 3855 539 3908 qurere
573 3856 800 3909 pacem,
833 3843 889 3894 et
922 3855 1269 3910 persequere
1303 3853 1454 3893 eam.

269 3909 438 3965 Oculi
473 3910 706 3965 Domini
738 3913 811 3965 ad
835 3909 1052 3980 justos,

340 3985 401 4034 et
432 3998 605 4036 aures
636 3983 765 4051 ejus
796 3984 865 4036 ad
901 3981 1189 4036 clamores
1219 3997 1443 4035 eorum.

262 4052 492 4107 Vultus
521 4050 755 4108 Domini
788 4071 964 4124 super
997 4054 1052 4124 (h
1111 4054 1192 4121 in)
1225 4052 1502 4107 facientes
1536 4050 1798 4107 malum:

341 4128 407 4178 ut
438 4125 643 4194 perdat
673 4125 742 4179 de
773 4130 927 4179 terra
959 4125 1303 4180 memoriam
1336 4140 1557 4178 eorum.

256 4193 682 4252 Clamaverunt
711 4196 751 4263 ⁵,
785 4202 841 4251 et
872 4197 1159 4251 Dominus
1191 4195 1508 4260 exaudivit,

340 4271 398 4321 et
427 4267 784 4322 exomnibus
812 4267 1290 4323 tribulationibus
1306 4283 1508 4322 eorum
1534 4264 1796 4321 liberavit
1816 4283 1913 4322 eos

258 4337 444 4393 Juxta
471 4343 559 4393 est
589 4339 878 4395 Dominus
907 4339 1172 4395 contritis
1205 4339 1397 4409 corde,

339 4415 397 4464 et
423 4411 750 4464 contractos
784 4410 994 4480 spiritu
1029 4411 1300 4465 salvaliit.

336 4481 989 4581 Mqi‘u'entribulationes
1039 4483 1120 4552 (h.
1174 4481 1356 4537 Multa
1407 4480 1768 4552 mala)justo
1801 4481 1906 4552 (Al.
1946 4518 1990 4581 Β

338 4557 800 4750 θιξχεῗξξιηὶὺυε
831 4623 947 4678 illis
978 4623 1250 4679 liberabit
1298 4624 1405 4694 (Al.
1457 4623 1748 4694 liberavit)
1780 4639 1914 4679 eum

463 4711 722 4750 ominus.

463 4711 722 4751 ominus.

339 4907 355 4941 ¹
390 4909 454 4962 In
489 4905 734 4962 instanti
769 4906 985 4963 habent
1017 4908 1201 4963 nostri
1237 4924 1379 4962 mss.
1413 4907 1680 4963 salvazur.

337 4979 360 5012 ²
389 4977 812 5051 Alphabeticus
853 4978 947 5051 hic
995 4996 1228 5051 quoque
1282 4980 1546 5050 psalmus
1590 4983 1806 5051 est,ﬂet
1855 4979 1912 5034 in

263 5067 387 5104 uno
420 5050 657 5122 quidem
692 5049 1065 5106 Cisterciensi
1101 5049 1210 5106 ms.
1247 5049 1371 5106 suis
1421 5053 1670 5122 quisque
1704 5050 1914 5105 litteris

263 5121 592 5176 versiculus
625 5139 692 5176 ex
743 5122 948 5177 ordine
997 5128 1376 5192 prrenotatur,
1424 5121 1495 5177 ne
1545 5139 1648 5177 van
1679 5122 1912 5188 quidem

266 5193 686 5265 praetermisso,
719 5193 775 5246 in
812 5211 925 5264 quo
967 5199 1166 5248 notum
1221 5200 1414 5249 tamen
1466 5199 1555 5248 est
1587 5195 1643 5248 in
1678 5193 1914 5248 Hebraeo

266 5265 583 5336 archetypo
615 5265 829 5319 seriem
864 5265 1212 5336 interrumpi
1239 5285 1252 5331 ;
1288 5282 1392 5320 nec
1424 5265 1588 5319 facile
1622 5271 1829 5334 potest,
1851 5270 1916 5319 ut

269 5335 532 5408 nuperus
561 5335 875 5408 Scriptura;
902 5335 1189 5408 interpres
1232 5343 1418 5408 putat,
1453 5337 1738 5406 suppleri,
1786 5353 1910 5390 ver-

267 5407 457 5463 siculo
489 5408 738 5478 septimo
769 5407 841 5461 ab
874 5407 946 5462 iis
985 5409 1174 5462 verbis
1205 5407 1379 5463 ducto
1415 5426 1427 5462 :
1460 5417 1605 5472 miti
1644 5417 1822 5470 mnu.
1858 5417 1912 5463 et

269 5481 533 5533 Dsmz‘nus
560 5478 850 5532 exaudivit
877 5494 1020 5532 eum.
1072 5480 1232 5534 Tunc
1283 5480 1435 5534 enim
1483 5479 1734 5548 septima
1766 5479 1912 5533 deli-

267 5549 379 5605 ciet
408 5562 433 5608 τ
465 5549 604 5603 Zain
635 5549 848 5614 littera,
881 5551 1004 5604 sive
1036 5551 1126 5605 cui
1159 5552 1208 5605 ei
1249 5552 1536 5605 tribuatur
1566 5551 1908 5606 versiculus:

266 5619 382 5675 nisi
417 5620 528 5692 tria
562 5620 677 5692 haec
703 5621 904 5692 verba.
930 5621 1033 5674 iste
1060 5637 1272 5690 pauper
1299 5623 1582 5680 clamavit.
1605 5638 1705 5692 pro
1725 5620 1910 5677 solido

269 5691 560 5764 versiculo
592 5691 808 5747 habere
824 5691 1312 5764 velis,ipsurnque
1343 5693 1549 5748 inverti
1582 5691 1907 5750 litterarum

270 5763 558 5832 ordinem.
606 5766 742 5818 Haec
791 5762 1314 5832 animadvertimus,
1370 5769 1435 5820 ut
1485 5764 1906 5832 signiﬁcemus,

271 5809 766 5893 Ξὲὲἰῖῐιῖίιῖιῖοὶ
787 5809 1056 5892 ﬁfth?er
1070 5809 1910 5909 ῐᾱίἶιιέῖἰηιὶὶρῖιὲῖἕίἰῖιῖεῖἰὲἴὲ

1959 411 2014 476 Α
2045 404 2312 462 Custsdit
2341 401 2539 476 omnia
2569 419 2700 460 ossa
2729 404 2858 476 ejus
2892 419 2907 459 :

2118 493 2300 531 unum
2334 493 2403 531 ex
2432 475 2516 531 eis
2548 493 2662 531 non
2696 475 3116 547 co’nfringetur.

2042 549 2362 605 Interﬁcict
2395 548 2642 619 impium
2679 548 2924 617 malitia,

2112 627 2168 676 et
2197 621 2459 674 odientes
2485 622 2717 689 justum
2751 619 3154 691 culpabuntur
3177 623 3216 677 θ.

2039 693 2304 749 Redimet
2337 696 2552 765 Domus
2583 692 2810 765 animas
2843 708 3141 765 servorum
3176 711 3440 765 suorum,

2111 771 2312 846 et_non
2348 762 3190 836 peccabunt(h.culpabuntur)
3211 762 3683 844 omnes—speran-

2181 852 2240 890 ιη
2272 851 2358 890 εο.

2766 921 2956 961 DAVlD.

2039 978 2300 1051 (ΧΧΧν.)
2332 975 2860 1051 Judica,_Domine,
2895 980 3263 1037 adversarios
3297 999 3458 1040 meos
3491 1000 3504 1039 :

2111 1047 2308 1122 pugna
2339 1052 2541 1104 contra
2570 1047 2992 1122 impugnﬁantes
3025 1067 3131 1107 me.

2035 1121 2424 1200 Apprehende
2457 1126 2692 1200 scutum
2726 1128 2782 1175 et
2812 1121 3053 1200 hastam.
3075 1123 3184 1200 (ᾼι.
3216 1129 3502 1200 centum),

2109 1192 2167 1268 et
2199 1209 2370 1268 surge
2404 1192 2460 1268 in
2495 1192 2774 1268 auxilium
2810 1208 3003 1247 meum
3037 1194 3144 1264 (ΑΙ.
3180 1196 3367 1268 mihi).

2111 1265 2362 1336 Evagina
2393 1263 2677 1335 gladium,
2699 1270 2757 1318 et
2790 1263 3126 1337 praeoccupa

2110 1354 2178 1391 ex
2204 1345 2445 1392 adverso
2481 1341 2900 1408 persequentes
2935 1354 3026 1391 me
3060 1355 3073 1392 :

2109 1410 2204 1464 dic
2234 1409 2442 1462 anima:
2479 1425 2639 1472 meae,
2669 1407 2830 1462 Salus
2858 1412 2958 1462 tua
2989 1425 3093 1480 ego
3125 1411 3230 1480 (Al.
3265 1411 3355 1465 ad.
3390 1414 3565 1481 sum).

2036 1481 2487 1537 Confundantur
2517 1485 2572 1535 et
2594 1482 3095 1551 rcvereantur,qui
3126 1488 3395 1553 quaerunt
3425 1485 3684 1540 animam

2180 1568 2370 1607 meam
2410 1568 2422 1604 ε

2108 1628 2524 1696 convertantur
2554 1626 2897 1696 retrorsum,
2920 1627 2988 1696 et
3019 1625 3481 1696 confundantur,

2110 1695 2210 1766 qui
2240 1695 2509 1766 cogitant
2531 1695 2752 1749 malum
2785 1695 2951 1750 mihi.

1961 1778 2006 1842 Β
2039 1765 2202 1822 Fiant
2233 1765 2386 1842 sicut
2417 1765 2772 1842 pu_lvis_ante
2805 1767 3011 1842 faciem
3045 1768 3221 1835 venti,

2056 1896 2059 1899 ,
2113 1845 2169 1894 et
2199 1838 2442 1909 angelus
2472 1838 2702 1892 Domini
2737 1837 3024 1908 impellat,

2039 1910 2124 1964 Sit
2152 1909 2245 1965 via
2273 1926 2472 1964 eorum
2506 1910 2753 1965 tenebrae
2785 1915 2841 1964 et
2870 1909 3185 1980 lubricum,

2113 1986 2169 2037 et
2200 1981 2445 2053 angelus
2480 1982 2706 2036 Domini
2742 1987 3128 2053 persequatur
3155 1999 3274 2038 eos.

2040 2052 2186 2116 Quia
2215 2052 2432 2108 frustra
2463 2054 2898 2109 abscondcrunt
2929 2052 3072 2108 mihi
3104 2053 3351 2110 insidias
3383 2055 3520 2111 retis
3552 2056 3682 2113 sui:

2111 2126 2236 2180 sine
2268 2141 2444 2179 causa
2476 2125 2748 2180 foderunt
2779 2124 2988 2179 anima:
3023 2141 3185 2180 meae.

2038 2195 2246 2252 Veniat
2277 2195 2328 2251 ei
2377 2197 2482 2263 (Αι.
2515 2196 2621 2265 eis)
2652 2194 2955 2251 calamitas
2985 2213 3162 2266 quam
3194 2195 3447 2267 ignorat,

2114 2273 2171 2321 et
2202 2276 2324 2342 rete
2347 2284 2518 2342 suum
2544 2268 2695 2339 quod
2724 2268 3028 2342 abscondit
3048 2269 3503 2342 comprehendat
3529 2286 3686 2342 eum,

2112 2343 2167 2412 et
2199 2340 2368 2394 cadat
2400 2340 2456 2394 in
2491 2340 2767 2412 laqueum
2802 2339 2883 2412 (7h.
2905 2340 2979 2412 in
3011 2340 3450 2412 calamitatem).

2037 2411 2246 2465 Anima
2278 2415 2472 2466 autem
2507 2429 2636 2466 mea
2668 2411 2986 2467 exsultabit
3015 2411 3073 2465 in
3106 2411 3378 2479 Domino,

2110 2481 2404 2537 lmtabitur
2435 2482 2493 2536 in
2527 2482 2716 2538 salute
2746 2499 2855 2537 sua
2886 2483 2991 2554 (Al.
3027 2483 3173 2554 tua).

2038 2555 2248 2610 Omnia
2278 2571 2409 2610 ossa
2442 2571 2570 2609 mea
2600 2555 2815 2618 dicent,
2851 2555 3110 2622 Domine,
3132 2553 3278 2624 quis
3300 2555 3514 2611 similis
3547 2553 3631 2610 tui
3667 2571 3681 2612 :

2109 2643 2321 2680 eruens
2354 2626 2584 2696 inopem
2620 2644 2652 2680 a
2683 2627 2978 2694 validiore,

2107 2706 2159 2751 et
2188 2695 2498 2769 pauperem
2536 2715 2600 2751 ac
2633 2697 2966 2753 mendicum
2999 2713 3032 2751 a
3064 2695 3332 2752 violento.

2035 2773 2351 2840 Surgentes
2382 2774 2558 2824 testes
2587 2769 2770 2838 iniqui
2808 2784 2823 2825 :

2110 2858 2237 2912 qua:
2272 2841 2602 2895 nesciebam
2638 2840 3079 2912 interrogabant
3112 2855 3224 2894 mc.

2037 2913 2381 2968 Reddebant
2413 2912 2559 2966 mihi
2595 2913 2744 2967 mala
2777 2929 2880 2983 pro
2911 2913 3062 2966 bono
3096 2926 3110 2965 :

2109 2984 2480 3039 sterilitatem
2514 2984 2722 3038 anima:
2754 3000 2915 3039 meae.

2036 3057 2154 3126 Ego
2187 3061 2381 3110 autem
2413 3073 2548 3110 cum
2583 3056 3045 3110 infirmarentur.
3078 3052 3366 3107 induebar
3393 3053 3413 3087 ⁷
3445 3052 3678 3111 cilicio:

2108 3127 2494 3182 bumiliabam
2531 3127 2587 3181 in
2619 3128 2846 3198 jejunio
2879 3126 3136 3180 animam
3173 3141 3384 3189 meam,

2106 3205 2165 3253 et
2196 3201 2379 3253 oratio
2413 3215 2539 3253 mea
2572 3200 2628 3253 in
2654 3199 2865 3268 (ALad)
2889 3199 3083 3253 sinum
3119 3212 3310 3252 meum
3339 3201 3680 3253 revertetur.

2036 3270 2212 3336 Quasi
2243 3272 2313 3324 ad
2347 3271 2604 3325 amicum
2639 3273 2720 3338 (b.
2756 3270 3063 3340 sodalem),
3118 3269 3282 3340 quasi
3334 3269 3407 3323 ad
3438 3270 3678 3323 fratrem

2178 3358 2370 3396 meum
2405 3342 2489 3396 sic
2520 3343 2897 3397 ambulaliam
2934 3359 2947 3398 :

2106 3414 2272 3483 quasi
2295 3413 2498 3482 lugens
2535 3420 2720 3468 mater
2754 3413 2938 3468 tristis
2970 3411 3338 3466 incurvabar.

2033 3485 2173 3540 Etin
2189 3485 2533 3539 infirmitate
2553 3483 3632 3555 mealmtabanturctcongregabantur
3665 3499 3679 3538 :

2103 3555 2327 3611 collecti
2359 3562 2498 3610 sunt
2528 3559 2810 3612 adversus
2843 3574 2935 3612 me
2968 3555 3680 3627 percutientes,etnescie-

2102 3629 2237 3682 bam
2273 3645 2287 3685 :
2321 3629 2656 3684 scindentes
2685 3634 2742 3683 et
2773 3646 2886 3683 non
2921 3634 3178 3683 tacentes
3208 3627 3249 3680 ⁵.

2030 3698 2093 3752 In
2128 3700 2506 3754 simulatione
2534 3701 2842 3754 verborum
2881 3701 3171 3754 lictorum.

2101 3771 2448 3824 frendebant
2479 3776 2679 3826 contra
2711 3788 2800 3824 me
2827 3771 3101 3824 dentibus
3136 3769 3281 3822 suis.

2030 3841 2293 3905 Domine,
2327 3847 2544 3912 quanta
2572 3843 2801 3896 videbis
2832 3843 2937 3910 (ΑΙ.
2973 3841 3264 3910 aspicies).

2099 3909 2369 3967 converte
2403 3912 2659 3967 animum
2704 3909 2892 3967 meam
2927 3930 2958 3966 a
3009 3909 3446 3966 calamitatibus
3473 3926 3673 3965 eorum

2171 3986 2254 4038 AI.
2291 3984 2436 4051 suis)
2470 4001 2482 4038 :

2100 4072 2132 4108 a
2163 4055 2432 4110 leonibus
2461 4055 2786 4111 solitariam
2823 4071 3032 4108 meam.

2024 4125 2354 4181 Confitebor
2385 4127 2488 4180 tibi
2523 4128 2579 4181 in
2615 4127 2874 4182 Ecclesia
2905 4125 3108 4196 grandi
3143 4125 3247 4197 (At.
3283 4124 3515 4194 magna)
3540 4123 3568 4178 ?

2097 4199 2153 4252 in
2193 4199 2406 4268 populo
2440 4199 2570 4254 forti
2603 4199 2858 4252 laudabo
2895 4203 2966 4252 te.

2024 4273 2150 4324 Non
2185 4267 2455 4324 l’mt’entur
2486 4288 2664 4341 super
2696 4287 2784 4324 me
2815 4269 3039 4323 inimici
3071 4267 3182 4323 mei
3220 4267 3532 4341 mendaces
3565 4283 3577 4319 :

2093 4341 2356 4466 odientles
2390 4357 2480 4396 me
2514 4338 2732 4396 frustra
2761 4343 3137 4397 eonnivcntes
3168 4340 3274 4410 (ΑΙ.
3308 4338 3669 4410 cohibentes)

2169 4429 2274 4466 ocu
2305 4430 2336 4466 o
2368 4429 2382 4466 :
3523 4442 3525 4444 -

2169 4429 2336 4467 OClllO
2368 4429 2382 4467 ε
3523 4442 3525 4444 ’

2022 4483 2144 4539 Non
2177 4485 2331 4538 enim
2366 4501 2564 4555 pacem
2620 4484 2964 4556 loquuntur,
3016 4486 3116 4538 sed
3149 4484 3206 4537 in
3243 4482 3448 4556 rapina
3477 4486 3666 4538 terrae.

2095 4557 2269 4609 verba
2301 4556 2673 4611 fraudulenta
2705 4557 3077 4611 concinnant.

2024 4628 2090 4681 Et
2123 4628 2512 4682 dilataverunt
2543 4645 2720 4698 super
2748 4645 2836 4681 me
2872 4646 2935 4682 os
2967 4643 3164 4682 suum.

2096 4699 2369 4753 dixerunt
2400 4699 2530 4766 vah,
2566 4699 2672 4754 vah
2711 4717 2722 4755 :
2757 4700 2903 4755 vidit
2934 4699 3138 4754 oculus
3171 4702 3387 4754 noster.

2025 4911 2129 4965 abs
2163 4910 2510 4982 Hieronymo
2542 4911 2882 4982 sascriptas.

2096 4984 2116 5016 ³
2153 4982 2515 5053 Exemplaria
2545 4985 2799 5038 Canonis
2844 4988 2900 5038 et
2947 4983 3167 5051 aliquot
3210 5000 3354 5040 mss.
3389 4985 3617 5040 codices
3649 5002 3664 5041 ε

2025 5055 2082 5108 1η
2119 5055 2343 5107 Dommo
2377 5055 2660 5110 lwlabitur
2691 5058 2880 5110 anima
2910 5073 3050 5111 mea.
3087 5057 3272 5111 MART.

2095 5125 2291 5177 ‘lllud
2325 5127 2442 5196 cjas
2501 5127 2682 5180 nostri
2740 5144 2883 5182 mss.
2947 5145 3059 5182 non
3120 5130 3368 5194 addunt,
3421 5131 3476 5182 et
3536 5144 3666 5182 mox

2023 5196 2354 5271 circanu'lat,
2392 5213 2490 5271 pro
2519 5200 2886 5271 circumdabit
2916 5199 3136 5271 legunt.

2095 5269 2115 5300 ⁵
2149 5267 2450 5322 Interserit
2481 5286 2631 5323 unus
2662 5270 2898 5327 Cisterc.
2936 5267 3044 5326 m—s.
3079 5273 3232 5336 iusti.

2093 5339 2114 5372 °
2145 5339 2340 5414 Nostri
2368 5357 2570 5395 omnes
2604 5359 2747 5397 mss.
2777 5343 2899 5414 pari
2935 5359 3221 5397 consensu
3254 5341 3663 5412 superabantur

2024 5426 2126 5482 pro
2155 5411 2547 5478 culpabuntur.

2092 5482 2112 5555 ’ἦ
2144 5487 2268 5535 Duo
2299 5499 2328 5535 e
2361 5485 2576 5537 nostris
2618 5501 2760 5544 mss.
2795 5484 3009 5555 aliique
3041 5501 3216 5554 penes
3250 5483 3662 5540 Martian.Cum

2021 5554 2341 5620 inﬁrmarer
2372 5558 2440 5608 ab
2471 5556 2568 5620 cis,
2605 5556 2891 5619 inducbar,
2920 5554 3033 5610 etc.

2091 5625 2110 5656 ⁷
2138 5624 2332 5678 Canon
2365 5629 2728 5698 Garcasson.,
2778 5627 3088 5682 scindente:
3131 5631 3183 5680 et
3221 5641 3329 5680 non
3359 5626 3658 5698 fam/entes

2017 5698 2367 5765 sanguinem.
2401 5697 2558 5752 Idem
2611 5697 2861 5752 habetur
2891 5699 2947 5753 in
2997 5697 3226 5753 Canone
3274 5701 3658 5753 Sen-Germa-

2019 5767 2184 5822 nensi
2218 5769 2548 5838 nostro,sed
2580 5771 2842 5838 secunda
2873 5769 3231 5826 manu.Buic
3260 5768 3496 5830 lectioni
3519 5785 3655 5827 con-

2019 5841 2191 5896 sonat
2218 5835 2518 5912 chatdaéns
2548 5837 2986 5913 paraphrastes.
3019 5839 3208 5898 Mam.
