4050 6182
281 238 418 297 1217

352 370 409 422 et
437 376 639 420 semen
672 359 992 433 impiorum
1025 358 1240 432 peribit
1271 361 1390 434 (ΑΙ.
1424 361 1614 433 perit).

278 437 436 496 Justi
470 435 905 490 haereditabunt
931 439 1145 488 terram
1173 452 1188 500 ;

354 516 410 566 et
442 505 860 562 inhabitabunt
892 505 950 560 in
979 505 1261 560 saeculum
1298 504 1449 575 (b.in
1481 503 1792 575 aeternum)
1835 519 1938 559 su-

473 596 536 635 er
563 595 715 633 eam.

435 597 536 651 per
563 597 715 633 eam.

281 653 570 726 (phe,_)_05
597 648 743 726 justi
777 647 1160 726 meditabitur
1185 649 1556 726 sapientiam,

355 729 412 780 et
443 719 646 794 lingua
675 720 806 794 ejus
840 719 1116 792 loquetur
1138 719 1453 791 judicium.

284 797 398 853 Lex
432 792 688 864 Dei—ejus
721 792 777 846 in
810 794 984 847 corde
1015 793 1144 863 ejus
1182 809 1195 845 :

357 884 471 923 non
504 865 782 920 deﬁcient
811 881 1055 934 gressus
1087 866 1240 934 ejus.

285 940 490 1012 (Sade.)
523 938 869 1012 Considerat
902 937 1121 1012 impius
1145 937 1403 1005 justum,

359 1018 416 1067 et
447 1009 674 1081 quierit,
710 1012 774 1081 ut
804 1008 1033 1081 occidat
1067 1023 1224 1062 eum.

286 1077 576 1141 Dominus
601 1095 714 1135 non
747 1077 1114 1150 derelinquet
1145 1095 1277 1134 eum
1310 1078 1371 1133 in
1405 1093 1584 1150 manu
1617 1077 1768 1148 ejus,

362 1159 419 1211 et
437 1169 558 1272 non
586 1148 1152 1272 coqdemnabiteum
1177 1149 1686 1221 cumjudicabitur
1713 1149 1819 1221 (Al.
1843 1148 1942 1219 ju-

483 1233 670 1272 matur
701 1263 712 1272 .

437 1225 712 1293 dicatur).

291 1297 511 1372 (Coph.)
540 1291 825 1372 Exspecta
855 1292 1197 1372 Dominum,
1228 1296 1286 1347 et
1315 1292 1544 1372 custodi
1577 1292 1728 1347 viam
1761 1291 1890 1362 ejus

368 1365 425 1424 et
456 1365 732 1424 exaltabit
761 1371 836 1433 te,
873 1371 936 1419 ut
968 1365 1278 1436 possidgas
1312 1369 1528 1418 terram

367 1457 496 1496 cum
531 1435 980 1508 interibunt(.4l.
1018 1435 1284 1508 pereunt)
1316 1436 1504 1506 impii,
1531 1435 1780 1490 videbis.

291 1514 464 1585 (Res.)
493 1510 626 1585 Vidi
657 1509 1264 1585 impiumrobustnm,

368 1591 426 1640 et
450 1578 848 1637 fortissimum
883 1581 1036 1635 sicut
1066 1579 1407 1651 indigenam
1438 1578 1742 1634 virentem.

298 1658 369 1713 Et
399 1653 670 1720 transivi,
694 1656 751 1707 et
772 1667 904 1708 ecce
934 1652 1040 1721 (At.
1077 1655 1184 1706 tae.
1218 1651 1371 1720 ecce)
1403 1667 1518 1706 non
1550 1655 1674 1706 erat
1707 1665 1721 1704 :

370 1733 428 1782 et
454 1723 716 1797 quaesivi,
747 1728 806 1797 et
833 1740 956 1797 non
981 1727 1072 1797 est
1098 1723 1392 1797 inventus:

295 1792 728 1870 (Sin.)'Custodi
762 1795 1221 1870 simplicitatem,
1255 1800 1312 1848 et
1343 1792 1472 1870 vide
1499 1796 1722 1847 rectum
1754 1808 1768 1847 :

377 1863 519 1940 quia
549 1868 658 1923 erit
689 1868 746 1922 in
779 1863 899 1936 (Al:
919 1865 1034 1938 ad.)
1065 1872 1391 1940 extremum
1421 1863 1542 1920 viro
1577 1881 1707 1940 pax.

374 1938 852 1996 Prtevaricatores
883 1943 1077 1992 autem
1114 1939 1440 1992 interibunt
1472 1938 1741 2006 pariter‘,

374 2019 432 2068 et
462 2011 843 2067 novissimum
876 2010 1188 2081 impiorum
1224 2009 1456 2081 peribit.

298 2085 522 2154 (Thau)
550 2082 718 2137 Salus
751 2078 1270 2154 autem'justorum
1305 2098 1335 2136 a
1361 2078 1614 2154 Domino
1648 2095 1662 2154 ς

376 2151 652 2212 fortitudo
683 2169 885 2208 eorum
918 2151 987 2207 in
1009 2159 1270 2224 tempore
1301 2151 1716 2224 tribulationis.

302 2228 375 2283 Et
403 2226 781 2282 auxiliabitur
811 2225 894 2280 eis
929 2223 1226 2291 Dominus,
1257 2229 1313 2279 et
1341 2223 1590 2279 salvabit
1620 2238 1718 2278 eos
1757 2237 1770 2276 :

452 2299 656 2366 eripiet
685 2297 822 2352 eos’
855 2296 926 2351 ab
960 2295 1180 2366 impiis,

379 2375 435 2426 et
468 2365 716 2426 salvabit
745 2385 844 2424 eos
871 2385 882 2421 :
919 2365 1059 2439 quia
1090 2365 1552 2439 speraveruntin
1588 2381 1675 2421 eo.

352 2501 644 2541 CANTICUM
677 2484 759 2556 (b.
791 2481 1035 2555 Psalm.)
1071 2499 1239 2538 navrn
1271 2499 1331 2537 IN
1363 2495 1906 2536 COMMEMORATtONE.

309 2581 661 2658 (XXXVIII.)
693 2581 960 2648 Domine,
995 2597 1066 2636 ne
1098 2581 1156 2635 in
1188 2579 1276 2635 ira
1303 2580 1389 2651 (b.
1411 2577 1838 2651 indignatione)
1859 2582 1959 2632 tua

457 2671 522 2709 ar
567 2671 668 2708 uas
717 2669 857 2709 me:

383 2669 576 2798 nequge
605 2725 664 2798 in
697 2725 889 2781 furore
922 2728 1022 2780 tuo
1053 2725 1134 2795 (h.
1158 2724 1245 2780 ira
1275 2725 1401 2798 tua)
1418 2721 1714 2798 corripias
1737 2736 1851 2791 me,

314 2795 722 2870 Quia'sagittae
754 2802 865 2852 tuae
899 2798 1086 2870 intixaa
1119 2801 1255 2852 sunt
1288 2795 1452 2860 mihi,

387 2876 444 2926 et
469 2870 657 2938 tetigit
684 2869 768 2940 (h.
801 2869 1030 2938 terruit)
1056 2885 1146 2924 me
1179 2885 1388 2923 manus
1419 2872 1541 2940 tua.

312 2943 439 2999 Non
473 2935 818 2996 est'san'itas
850 2941 908 2995 in
941 2935 1115 2996 carne
1148 2957 1276 2996 mea
1307 2956 1340 2995 a
1373 2938 1517 2993 facie
1541 2935 1962 3009 indignationis

462 3017 575 3067 tua:
610 3029 622 3066 :

388 3101 504 3141 non
537 3089 770 3178 est‘pa:
786 3082 932 3178 ⁸2(Αἱ.
983 3081 1110 3136 add.
1162 3081 1246 3150 in)
1292 3083 1529 3140 ossibus
1575 3084 1722 3142 meis
1755 3100 1788 3138 a
1818 3083 1961 3138 facie
1991 3110 2036 3178 α

503 3153 683 3211 eccati
720 3153 854 3209 mei.

503 3174 683 3211 eccau
720 3174 854 3209 me].

315 3174 832 3299 Quiapiniquitates
865 3241 1002 3280 mem
1038 3226 1404 3281 transierunt
1437 3232 1613 3300 caput
1640 3243 1856 3284 meum.

398 3299 566 3371 quasi
603 3315 752 3354 onus
783 3314 954 3370 grave
985 3303 1310 3424 aggravata:
1343 3304 1482 3354 sunt
1514 3299 1693 3372 Super
1726 3317 1840 3354 me.

407 3375 846 3424 mnutruerunt.
878 3373 934 3422 et
964 3372 1021 3423 ta
1070 3375 1284 3424 uerunt
1312 3369 1611 3424 cicatrices
1644 3389 1806 3424 mea.

321 3369 846 3440 Computruerunt,
878 3373 934 3422 et
964 3369 1284 3424 tabuerunt
1312 3369 1611 3427 cicatrices
1644 3389 1806 3428 mea.

399 3460 434 3497 a
465 3443 609 3498 l'acie
640 3441 748 3496 insi
763 3440 985 3512 pientis:
1018 3457 1178 3495 mea).

326 3514 597 3568 Afﬂictus
628 3511 783 3581 sum,
810 3517 868 3567 et
899 3511 1238 3566 incurvatus
1270 3528 1402 3567 sum
1436 3514 1611 3570 nimis
1645 3530 1659 3568 :

397 3591 520 3641 tota
549 3585 642 3640 die
676 3600 928 3640 mmrens
960 3583 1356 3640 ambulabam.

324 3658 481 3730 Quia
501 3656 689 3730 lumbi
717 3657 824 3730 (At.
852 3672 1050 3730 renes.
1079 3655 1136 3710 h.
1170 3655 1271 3730 ilia
1295 3658 1442 3724 mea)
1470 3656 1579 3711 mei
1605 3655 1807 3730 repleti
1833 3661 1972 3713 sunt

473 3728 796 3800 ignominia
827 3727 909 3798 (h.
943 3726 1205 3800 vilitate),

400 3805 457 3854 et
487 3799 601 3854 non
633 3805 723 3856 est
751 3799 972 3854 sanitas
1005 3799 1062 3853 in
1095 3814 1268 3854 carne
1303 3814 1453 3855 mea.

322 3870 625 3943 Evigilavi,
649 3876 706 3927 et
727 3871 981 3926 afﬂictus
1011 3886 1145 3925 sum
1179 3870 1355 3924 nimis
1392 3887 1403 3922 :

325 4047 477 4120 plari
507 4049 578 4104 ab
607 4065 672 4104 ea
695 4065 898 4104 versus
931 4049 1040 4104 iste
1061 4047 1392 4104 inchoatur.
1417 4047 1603 4118 Vulgo
1626 4051 1817 4103 autem
1838 4063 1971 4104 eru-

323 4121 469 4192 ditis
487 4137 836 4192 persuasum
861 4126 970 4176 est.
995 4120 1380 4191 Septuaginta
1403 4120 1790 4190 interpretum
1807 4126 1974 4176 astate

322 4209 396 4250 ea
421 4191 614 4248 littera
643 4209 758 4248 non
793 4193 1052 4248 caruisse
1074 4192 1478 4263 archetypum,
1507 4192 1684 4263 idque
1712 4207 1781 4246 ex
1812 4192 1972 4261 ipso-

321 4279 464 4320 rum
495 4267 760 4336 versione
789 4263 1010 4335 colligi,
1029 4263 1126 4336 qui
1153 4264 1620 4336 hicprzeponunt
1639 4264 1755 4317 duo
1777 4265 1975 4327 verba,

321 4336 566 4406 Ἀνομοι
632 4331 1108 4405 ὲκδικηθήσόντάι,
1180 4331 1409 4402 ΙηῙὶιδιῖ
1456 4335 1790 4406 punientur,
1847 4352 1976 4406 quae

321 4424 608 4480 Hebraice
639 4423 854 4480 dixeris
914 4409 1107 4488 W5“?
1171 4433 1392 4486 1mm.
1465 4427 1665 4494 Atque,
1701 4425 1846 4478 adeo
1903 4424 1976 4478 ab

323 4497 480 4553 Hain
514 4495 707 4567 littera
735 4497 1026 4567 incepisse
1055 4497 1238 4567 quod,
1273 4513 1385 4565 pra:
1425 4493 1612 4550 oculis
1657 4493 1974 4565 habebant,

323 4566 623 4638 exemplar
654 4566 883 4623 notant.
914 4566 1194 4633 Quid’alii
1230 4566 1335 4622 hac
1369 4567 1439 4622 de
1470 4583 1530 4622 re
1563 4567 1842 4632 sentiant,
1893 4567 1974 4622 vi-

321 4637 671 4711 desis’apud
705 4639 1187 4711 eriticossacros.
1221 4637 1594 4711 Nobis,textu
1618 4637 1761 4711 nihil
1793 4638 1979 4711 inter:

323 4709 823 4784 polato,'arguere
855 4711 909 4764 id
944 4709 1113 4766 liceat
1148 4726 1259 4784 _ex_
1296 4709 1403 4764 hac
1444 4709 1586 4784 ipsa
1624 4709 1977 4784 Hieronymi

320 4779 831 4853 interpretatione,
855 4798 983 4852 quae
1011 4779 1369 4837 versiculum
1405 4779 1600 4836 abhis
1622 4781 1825 4853 incipit
1849 4779 1978 4836 ver-

322 4869 442 4940 bis,
473 4871 536 4925 In
566 4879 831 4926 elei-num
885 4870 1141 4926 custoditi
1193 4873 1326 4924 sunt
1361 4887 1373 4923 :
1409 4869 1466 4924 in
1502 4869 1740 4925 Hebraeo
1793 4853 1977 4934 ώπιτθ

322 4967 560 5019 Ίπῃτῃε.
597 4958 760 5013 Prior
789 4974 999 5031 nempe
1029 4943 1083 5024 5,
1119 4957 1318 5013 Lamed
1349 4957 1570 5026 littera,
1621 4975 1756 5015 cum
1809 4957 1981 5030 plane

323 5046 410 5103 sit
437 5047 613 5102 verbo
656 5032 802 5112 D5137
831 5047 1107 5114 ascititia,
1139 5063 1206 5102 ac
1258 5047 1506 5112 servilis,
1543 5047 1699 5102 haud
1760 5047 1982 5103 credita

327 5119 509 5174 fuerit
530 5119 660 5190 sive
691 5119 971 5184 Hebraeis,
995 5119 1114 5174 sive
1145 5118 1257 5190 ipsi
1283 5118 1632 5189 Hieronymo
1657 5119 1980 5174 acrosticho

326 5189 601 5262 artiﬁcio
636 5191 862 5262 obesse,
919 5189 1181 5262 cumque
1232 5190 1465 5262 ipsum,
1511 5191 1886 5262 verbumab
1944 5202 1984 5254 ν

327 5264 436 5318 Ain
489 5259 755 5332 incipiat,
817 5262 1028 5317 seriem
1079 5259 1409 5317 litterarum
1442 5261 1535 5332 ita
1591 5260 1822 5316 licuerit
1881 5277 1986 5332 per

332 5331 507 5389 metri
536 5331 692 5402 leges
723 5332 1074 5402 continuari.
1109 5333 1389 5387 Praeterea
1437 5331 1594 5386 baud
1647 5332 1786 5397 scio,
1838 5331 1983 5388 num

331 5401 625 5477 suspicari
658 5403 848 5477 liceat,
875 5401 1067 5465 ἁπλῶς
1095 5405 1381 5476 scriptum
1413 5403 1486 5459 ab
1508 5403 1636 5474 ipso
1659 5403 1818 5475 regio
1840 5407 1985 5460 Vate

343 5476 516 5557 βίων,
543 5497 835 5550 aeternum.

418 5567 435 5599 ³
469 5565 613 5619 Tres
635 5564 820 5620 nostri
850 5581 962 5621 ms.
995 5568 1175 5636 atque
1222 5564 1322 5621 alii
1370 5579 1548 5635 penes
1579 5563 1848 5620 Martian.
1884 5580 1986 5634 pro

347 5651 443 5725 his
469 5651 694 5725 habent
727 5669 739 5707 :
773 5654 958 5725 Iniqui
985 5658 1166 5710 autem
1196 5653 1524 5708 delabuntur
1561 5651 1786 5725 pariter
1828 5637 1989 5714 D5118

414 5721 681 5795 '“Verba,
703 5721 902 5795 eripiet
919 5741 1031 5794 eos,
1054 5725 1114 5781 in
1139 5725 1357 5782 nostris
1381 5741 1524 5781 mss.
1559 5721 1988 5781 desiderantur.

341 5791 409 5855 In
437 5791 678 5855 Hebreo
735 5791 894 5856 idem
952 5791 1240 5873 repetitur
1291 5795 1558 5868 verbum,
1607 5795 1764 5871 quod
1815 5795 1990 5854 modo

1630 237 1844 294 LIBER
1879 235 2343 292 PSALMORUM.

1960 367 2012 432 Α
2116 359 2408 432 regiebam
2444 377 2476 415 a
2507 363 2724 433 gemitu
2761 362 2954 418 cordis
2985 363 3122 421 mei.

2046 433 2312 509 Domine,
2344 433 2405 509 in
2437 441 2756 505 conspectu
2788 441 2890 490 tuo
2923 435 3010 507 (b.
3051 452 3246 492 coram
3277 436 3354 509 te)
3381 453 3556 496 omne
3588 440 3692 498 de-

3551 241 3692 296 1218

2188 505 2472 560 siderium
2503 523 2698 562 meum
2735 523 2747 560 :

2115 579 2174 630 et
2202 577 2457 646 gemitus
2491 593 2656 634 meus
2688 596 2719 633 a
2751 583 2805 633 te
2836 595 2950 634 non
2979 582 3068 634 est
3099 579 3499 638 absconditus.

2043 645 2154 701 Cor
2181 645 2376 723 meum
2402 649 3067 723 fluctuabat,dereliquit
3099 667 3190 706 me
3222 654 3501 708 fortitudo
3531 671 3686 716 mea:

2116 723 2173 774 et
2204 718 2302 773 lux
2334 720 2633 776 oculorum
2665 737 2927 777 meorum
2955 718 3134 778 etiam
3160 723 3287 796 ipsa
3319 742 3432 780 non
3457 732 3546 782 est
3569 745 3689 784 me-

2187 807 2343 858 cum,

2044 859 2211 916 Chari
2244 862 2372 931 mei,
2405 867 2462 944 et
2491 863 2776 944 amicir(h.
2804 865 3054 936 sodales)
3073 867 3433 924 mei3contra
3463 869 3688 944 lepram

2190 949 2379 989 meam
2409 940 2717 992 steterunt.

2116 1010 2173 1085 et
2195 1005 2365 1085 vicini
2393 1007 2475 1077 (b.
2498 1008 2835 1080 pr0pinqui)
2867 1012 2979 1085 mei
3012 1011 3181 1085 longe
3213 1020 3522 1074 steterunt.

2048 1076 2114 1130 Et
2144 1076 2447 1150 irruebant
2487 1076 2822 1150 qum'rentes
2848 1076 3328 1141 animameeam
3368 1105 3381 1141 :

2120 1154 2176 1227 et
2205 1149 2626 1227 investigantes
2659 1152 2813 1227 mala
2845 1155 2986 1209 mihi
3008 1155 3398 1227 loquebantur
3423 1159 3695 1227 insidias,

2121 1225 2176 1274 et
2207 1220 2370 1276 dolos
2404 1220 2523 1277 tota
2556 1224 2648 1278 die
2682 1220 3140 1283 meditabantur.

2049 1290 2168 1362 Ego
2201 1299 2396 1367 autem
2427 1295 2590 1364 quasi
2624 1297 2839 1351 surdus
2874 1315 2986 1353 non
3019 1301 3355 1367 audiebam,

2123 1367 2179 1416 et
2207 1365 2376 1434 quasi
2411 1371 2611 1442 mutus
2651 1369 2748 1438 qui
2771 1387 2897 1442 Anon
2937 1372 3124 1442 aperit
3156 1389 3219 1427 os
3249 1365 3418 1429 suum
3449 1376 3488 1428 ⁸.

2051 1438 2119 1489 Et
2147 1451 2305 1510 eram
2338 1438 2712 1510 quasibomo
2743 1440 2824 1510 (h.
2859 1438 3111 1508 vir)'non
3145 1445 3388 1501 audiens
3423 1462 3436 1501 :

2090 1578 2096 1587 ι
2124 1507 2482 1587 nec_hab<_;ns
2511 1508 2568 1587 in
2603 1527 2699 1566 ore
2731 1507 2828 1568 suo
2863 1507 3322 1586 redargntiones.

2051 1577 2132 1632 'l'e
2163 1580 2342 1646 enim,
2376 1580 2642 1654 Domine,
2675 1577 3077 1654 expectabam",

2127 1655 2190 1703 tu
2214 1651 2514 1716 exaudies,
2552 1651 2790 1710 Domine
2822 1662 2977 1712 Deus
3011 1673 3200 1715 meus.

1977 1739 2024 1803 Β
2057 1721 2202 1803 Quia
2233 1722 2373 1790 dixi,
2408 1725 2653 1803 nenlorte
2685 1726 2975 1803 insultent
3010 1731 3180 1797 mihi,

2128 1795 2734 1920 etfcumlvacillaverit
2763 1815 2864 1870 pes
2904 1803 3112 1857 meus5
3135 1795 3307 1873 super
3340 1819 3433 1859 me
3465 1805 3706 1876 magni-

2223 1882 2348 1920 icen
2385 1884 2471 1920 ur.

2223 1882 2414 1920 ιοθηιυ
2427 1884 2471 1922 Γ.

2059 1936 2204 2017 Quia
2227 1953 2334 2017 ego
2368 1939 2436 1992 ad
2472 1937 2704 2011 plagam
2736 1941 2842 2011 (Al.
2876 1941 3098 2017 plagas)
3133 1951 3368 2016 paratus
3399 1965 3552 2016 sum,

2131 2012 2187 2091 et
2209 2011 2556 2093 dolormcus
2591 2017 2792 2068 contra
2826 2011 3220 2093 [η’ᾳψίιηᾴᾶιί.
3251 2021 3361 2090 est)
3395 2011 3648 2093 semper.

2061 2080 2206 2161 Quia
2232 2081 2606 2161 iniquitatem
2635 2100 2823 2161 meam
2862 2080 2968 2155 (At.
3001 2089 3130 2143 add.
3164 2095 3288 2161 ego)
3320 2080 3632 2149 annuntio.

2131 2157 2187 2228 et
2217 2153 2626 2228 contristabor,
2649 2155 2671 2228 ἐ
2696 2173 2796 2226 pro
2828 2153 3064 2228 peccato
3099 2153 3248 2216 meo.

2063 2223 2291 2278 Inimici
2324 2230 2519 2280 autem
2551 2226 2659 2280 mei
2692 2223 2951 2284 viventes
2984 2233 3296 2288 confortati
3332 2239 3494 2291 sunt.

2134 2300 2191 2350 et
2224 2295 2591 2365 multiplicati
2623 2305 2761 2353 sunt
2787 2301 3052 2357 odientes
3078 2320 3169 2359 me
3201 2306 3579 2361 mendaciter.

2064 2367 2134 2420 Et
2163 2368 2549 2492 aniigtizddunt
2596 2370 2815 2425 malum
2867 2389 2970 2444 pro
3012 2375 3184 2444 bono,
3241 2377 3718 2435 adversabantur

2211 2455 2350 2492 mini
2390 2455 2402 2492 Σ

2138 2510 2278 2578 quia
2309 2509 2600 2580 sequebar
2630 2512 2872 2568 bonum.

2067 2579 2149 2634 Ne
2182 2579 2559 2652 derelinquas
2587 2600 2698 2650 me,
2736 2585 2975 2642 Domine
3011 2604 3024 2642 :

2147 2653 2294 2727 Deus
2328 2669 2514 2727 meus,
2544 2671 2618 2727 ne
2649 2656 2942 2727 elongeris
2971 2676 3003 2713 a
3037 2677 3150 2715 me.

2071 2723 2306 2778 Festina
2331 2724 2390 2778 in
2423 2725 2706 2782 auxilium
2744 2723 2961 2793 meum,

2141 2795 2386 2851 Domine
2414 2795 2532 2867 (At.
2567 2799 2699 2858 add.
2739 2801 2912 2869 Deus)
2945 2801 3151 2858 salutis
3187 2819 3346 2858 meae.

2162 2928 2382 2967 vrcrom
2415 2930 2672 2982 lDlTIlUN,
2706 2932 2981 2972 cn'rlcuar
3016 2917 3095 2987 (h.
3132 2919 3368 2992 Psalm.)
3403 2937 3571 2977 navrn
3593 2924 3632 2978 ⁷.

2074 3009 2377 3084 (ΧΧΧΙΧ.)
2413 3011 2556 3075 Dixi,
2589 3011 2924 3068 Custiodam
2958 3015 3080 3070 vias
3112 3033 3272 3074 meas

2146 3099 2218 3137 ne
2251 3098 2480 3151 peccem
2515 3085 2570 3137 in
2605 3084 2803 3153 lingua
2835 3101 2988 3152 mea,

2076 3154 2413 3228 Custodiam
2447 3171 2508 3228 os
2543 3171 2736 3210 meum
2769 3157 3024 3228 silentio,

2148 3227 2451 3298 doneciest
2483 3227 2700 3298 impius
2731 3235 2933 3283 contra
2963 3245 3078 3284 me.

2079 3295 2355 3353 Obmutui
2389 3295 2645 3362 silentio,
2680 3301 2832 3354 tacui
2867 3301 2938 3355 de
2969 3302 3141 3366 bono,

2151 3374 2207 3424 et
2237 3368 2404 3422 dolor
2436 3386 2597 3424 meus
2627 3372 3013 3428 conturbatus
3045 3379 3155 3428 est.

2079 3439 2328 3495 Incaluit
2349 3456 2449 3494 cor
2481 3457 2675 3495 meum
2711 3442 2770 3496 in
2801 3444 2991 3499 medio
3018 3446 3152 3510 mei,

2149 3511 2207 3590 in
2245 3511 2620 3590 meditatione
2655 3530 2782 3590 mea
2814 3515 3092 3571 incensus
3125 3533 3255 3573 sum
3293 3516 3425 3590 igne
3456 3533 3471 3576 :

2150 3583 2382 3638 locutus
2414 3601 2546 3656 sum
2562 3585 2636 3656 Win
2656 3585 2856 3656 lingua
2889 3605 3037 3644 mea.

2079 3654 2329 3709 Ostende
2363 3655 2523 3719 mihi,
2558 3654 2824 3722 Domine,
2858 3660 3030 3714 linem
3067 3676 3286 3729 meum,

2151 3731 2208 3782 et
2238 3741 2576 3804 mensuram
2597 3729 3111 3804 dierummcorum
3139 3749 3268 3802 quae
3291 3731 3386 3800 sit,
3414 3732 3594 3788 sciam
3625 3735 3729 3804 (Al.

2259 3801 2324 3850 ut
2354 3797 2554 3853 sciam)
2585 3799 2724 3867 quid
2762 3801 2903 3853 mihi
2927 3803 3099 3854 desit.

2081 3867 2222 3923 Ecce
2255 3869 2459 3924 breves
2490 3868 2742 3940 posuisti
2775 3871 2897 3925 dies
2932 3888 3116 3927 meos.

2082 4044 2434 4101 translatum
2467 4051 2577 4116 est,
2611 4048 2846 4104 salvabt’t
2878 4065 2988 4106 eos.

2155 4119 2176 4193 ξ’
2210 4119 2574 4193 interserunt
2601 4121 2784 4175 nostri
2819 4138 2960 4177 mss.
2995 4121 3089 4177 hic
3123 4121 3302 4193 quasi.

2154 4189 2176 4222 ‘
2210 4190 2366 4244 Idem
2395 4191 2576 4244 nostri
2609 4207 2752 4246 mss.
2785 4209 2941 4267 quas:
2971 4189 3155 4249 mulus
3185 4211 3296 4249 non
3325 4197 3644 4267 aperiebam
3675 4215 3737 4252 os

2085 4277 2264 4316 meum
2298 4277 2311 4315 :
2343 4266 2401 4316 et
2434 4279 2566 4317 mox
2596 4279 2750 4319 unus
2781 4263 3020 4321 Cisterc.
3070 4281 3182 4321 non
3224 4263 3433 4322 habens
3466 4269 3524 4323 in
3569 4272 3737 4326 corde

2082 4348 2198 4399 suo,
2234 4349 2336 4401 pro
2366 4350 2480 4389 ore.

2157 4404 2178 4438 ‘
2208 4403 2465 4461 Plurium
2499 4422 2742 4462 numero
2776 4408 2962 4463 nostri
2995 4425 3136 4465 mss.
3171 4425 3295 4465 cum
3341 4410 3734 4468 vacillaverint

2009 4480 2053 4544 D
2081 4475 2242 4547 pedes
2271 4478 2381 4532 mei
2391 4517 2403 4533 .

2157 4547 2310 4624 6Pro
2355 4548 2717 4624 contristabog-
2772 4549 2911 4624 editi
2970 4567 3035 4605 ac
3091 4568 3233 4608 mss.
3297 4551 3495 4624 plures
3549 4555 3728 4614 etiam

2088 4617 2423 4675 Martianzeo
2454 4619 2726 4691 inspecti,
2754 4621 3024 4677 sollicitus
3054 4639 3166 4679 ero.

2157 4707 2176 4740 ⁷
2208 4707 2424 4781 Regius
2451 4709 2632 4781 codex
2661 4709 2746 4764 sic
2779 4709 2989 4766 habet:
3027 4715 3094 4767 In.
3119 4713 3281 4781 ﬁdem
3312 4713 3533 4770 ldz’t/um
3584 4717 3734 4771 Can—

2090 4780 2258 4858 ticum
2291 4779 2460 4858 David
2482 4799 2496 4848 ;
2517 4781 2630 4858 sed
2664 4783 2972 4858 manifesto
2995 4779 3371 4858 exscriptoris
3394 4803 3605 4852 errore,
3631 4787 3732 4858 qui

2090 4851 2288 4920 plures
2319 4851 2528 4921 psalmi
2569 4852 2773 4908 titulos
2823 4870 2852 4908 e
2899 4851 3366 4912 versione-LXX
3415 4851 3732 4914 transferre

2089 4938 2271 4994 ausus
2303 4928 2386 4976 est
2417 4923 2472 4976 in
2506 4922 2657 4978 hanc
2681 4924 3007 4994 Hieronymi
3033 4927 3346 4982 editionem
3375 4931 3734 4986 Hebr.Docet

2090 4993 2272 5065 igitur
2317 4994 2706 5065 Hieronymus
2737 4993 3074 5066 praefatione
3102 4999 3494 5055 Comment.in
3523 5000 3732 5055 Danie-

2088 5080 2500 5164 lem,.vcrbum
2528 5067 2739 5166 ,Γικὲῷὸ
2766 5085 3153 5166 lamnasenhh1
3181 5092 3245 5142 ut
3294 5088 3465 5166 hodie
3497 5087 3730 5166 legitur,

2091 5157 2278 5230 magis
2331 5169 2431 5230 pro
2478 5157 2732 5230 victoria,
2765 5173 2938 5230 quam
2972 5160 3058 5230 _in
3117 5160 3285 5227 ﬁnem
3333 5157 3730 5230 interpretari.

2097 5247 2118 5274 ι
2153 5223 2317 5299 Unde
2347 5229 2412 5299 et
2434 5225 2640 5299 psalmi
2677 5223 2934 5299 plurimi,
2968 5223 3181 5299 inquit,
3208 5230 3348 5283 illud
3383 5223 3732 5286 Hebraicum

2094 5296 2246 5368 quod
2273 5295 2346 5372 in_
2372 5294 2829 5372 titulisponitur
2881 5294 3230 5372 ulnaiussa,
3291 5317 3393 5372 pro
3444 5317 3558 5372 quo
3590 5299 3735 5372 LXX

2094 5365 2527 5441 transtulerunt
2557 5365 2614 5420 ira
2640 5367 2813 5441 finem
2863 5370 3052 5440 magis
3104 5365 3223 5441 pro,
3254 5365 3494 5427 victoria
3544 5371 3735 5426 conti-

2095 5445 2236 5520 nent
2270 5437 2526 5520 :lAquila
2559 5437 2733 5520 enim.
2761 5437 3184 5520 interpretatus
3216 5446 3413 5520 estsq)
3443 5445 3737 5520 γικοτωιῷ,

2095 5509 2206 5565 hoc
2234 5508 2404 5583 ρει.θί
2437 5509 2653 5583 praebet
2682 5508 3006 5583 victoriam.
3029 5508 3420 5583 Symmachus
3444 5508 3738 5582 ἐπινίκιοῆ

2097 5580 2251 5658 quod
2286 5579 2518 5658 proprie
2551 5579 2911 5658 triumphum
2939 5579 3317 5658 palmamque
3358 5585 3680 5658 signiﬁcat.
3711 5579 3742 5636 ἡ

2097 5651 2271 5707 Plura
2299 5652 2369 5706 de
2400 5652 2602 5707 eodem
2645 5651 3270 5711 Hebraico'lamanasée
3327 5651 3447 5713 vel"
3471 5659 3744 5714 Iamnats-

2096 5722 2236 5804 eahli
2276 5738 2408 5779 cum
2441 5724 2512 5804 ad
2539 5722 2951 5804 titulumPsal.
2978 5741 3107 5783 xuv
3124 5741 3226 5784 seu
3249 5731 3538 5804 xcvjuxta
3563 5729 3740 5788 Hebr.

2100 5798 2339 5854 ventum
2375 5795 2505 5853 erit.
2539 5794 2727 5853 Mam.
