4050 6182
525 179 664 236 1219

594 311 653 364 et
681 307 803 362 vita
834 323 963 364 mea
994 306 1161 380 quasi
1196 323 1308 363 non
1342 306 1419 362 sit
1451 307 1512 362 in
1544 315 1856 379 conspectu
1892 313 1998 365 tuo
2033 325 2045 365 :

595 381 792 435 omnia
850 382 1004 435 enim
1063 380 1288 435 vanitas
1347 380 1540 434 omnis
1574 380 1746 436 homo
1797 382 2154 438 subsistens.

671 454 962 506 SEMPER‘.

525 524 778 579 Tantum
817 523 872 577 in
908 521 1163 596 imagine
1196 522 1460 596 ambulat
1491 523 1666 579 homo
1698 525 1779 596 (h.
1811 525 1945 596 vir),

599 599 908 665 congregat
931 606 984 670 et
1005 595 1237 670 ignorat
1256 594 1348 649 cui
1373 594 1711 670 dimit_tat(h.
1739 594 2169 670 congregat)ea.

526 665 691 720 Nunc
723 682 858 735 ergo
888 666 1027 736 quid
1062 672 1354 737 exspecto,
1388 665 1679 722 Domine?

597 738 949 808 praestolatio
993 754 1116 792 mea
1148 744 1208 792 tu
1243 756 1303 793 es
1333 739 1415 806 (h.
1449 739 1520 793 ad
1556 743 1611 793 te
1643 740 1776 808 est).

519 809 598 863 Ab
632 809 910 864 omnibus
943 809 1355 881 iniquitatibus
1414 810 1498 881 (h.
1533 811 1858 881 erroribus)
1913 811 2061 867 meis
2097 811 2172 865 lio

672 881 814 934 hera
845 897 937 935 me
972 897 986 936 :

591 952 974 1023 opprobrium
1011 952 1193 1006 stulto
1229 969 1300 1007 ne
1332 969 1514 1023 ponas
1550 970 1662 1009 me.

515 1023 816 1092 Obmutui,
852 1041 967 1078 non
1002 1025 1248 1094 aperui’
1279 1026 1386 1092 (At.
1435 1025 1718 1096 aperiam)
1756 1043 1819 1081 os
1851 1042 2045 1081 meum
2086 1040 2100 1078 :

591 1096 732 1167 quia
764 1099 824 1148 tu
859 1096 1067 1167 fecisti.

514 1165 677 1221 Tolle
707 1184 740 1220 a
773 1183 864 1220 me
898 1166 1100 1237 plagas
1135 1167 1212 1236 (h.
1248 1166 1466 1238 lepras)
1500 1172 1635 1224 tuas
1672 1186 1684 1224 :

591 1239 1024 1312 a‘contentione
1060 1255 1274 1294 manus
1300 1246 1409 1294 tua:
1442 1256 1547 1310 ego
1580 1244 1969 1312 consumptus
2013 1257 2169 1296 sum.

517 1314 582 1365 In
625 1309 1142 1380 increpationibus.

584 1397 688 1455 pro
719 1381 1031 1455 iniquitate
1063 1383 1168 1452 (Al.
1205 1388 1442 1454 propter
1473 1383 1878 1455 iniquitatem)
1900 1383 2166 1454 corripu-

660 1453 752 1508 isti
791 1453 1025 1507 virum:

514 1524 584 1578 Et
619 1525 866 1592 posuisti
899 1525 1067 1595 quasi
1104 1525 1319 1579 tineam
1350 1524 1766 1579 desiderabilia
1795 1526 1924 1595 ejus
1960 1543 1973 1582 :

586 1601 992 1652 verumtamen
1025 1596 1250 1651 vanitas
1283 1597 1476 1651 omuis
1510 1596 1707 1651 homo.
1741 1602 1991 1652 Samaria.

514 1668 666 1723 Audi
699 1668 1021 1723 orationem
1056 1684 1269 1735 meam,
1305 1668 1567 1735 Domine,

585 1740 970 1795 etclamorem
991 1756 1184 1795 meum
1205 1739 1510 1807 exaudilb.
1545 1739 1787 1795 auribus
1827 1737 2076 1811 percipe)
2114 1755 2127 1792 :

510 1811 593 1865 Ad
628 1811 945 1884 lacrymam
987 1827 1171 1866 meam
1205 1828 1276 1865 ne
1309 1811 1721 1878 obsurdescas,

585 1884 722 1953 quia
753 1883 975 1938 advena
1007 1900 1110 1953 ego
1145 1900 1276 1937 sum
1312 1883 1464 1953 apud
1493 1888 1571 1945 te,

585 1956 929 2026 peregrinus
962 1957 1117 2009 sicut
1150 1971 1355 2009 omnes
1382 1959 1577 2025 patres
1610 1953 1749 2008 mei.

512 2029 689 2082 Parce
724 2027 891 2091 mihi,
930 2035 988 2080 ut
1023 2028 1270 2093 rideam,

581 2105 897 2170 antequam
934 2099 1166 2164 vadam,
1200 2103 1255 2152 et
1290 2114 1406 2150 non
1439 2096 1752 2150 subsitam.

777 2264 1000 2303 vxorem
1021 2248 1042 2281 ³
1073 2264 1239 2301 ῡΑνιῐ)
1271 2262 1562 2301 CANTICUM
1596 2245 1676 2317 (h.
1713 2245 1890 2317 Psal.)

509 2379 1058 2452 (XL.)Exspectans
1091 2377 1394 2449 expectavi
1429 2377 1753 2452 Dominum
1784 2395 1796 2434 :

583 2459 641 2508 et
670 2451 988 2506 inclinatus
1020 2457 1108 2506 est
1154 2448 1222 2505 ad
1276 2467 1389 2515 me,
1449 2455 1506 2505 et
1565 2450 1785 2504 audivit
1838 2448 2152 2507 clamorem

656 2539 873 2577 meum.

508 2595 575 2650 Et
605 2594 806 2649 eduxit
840 2610 928 2648 me
961 2594 1031 2648 de
1063 2592 1186 2648 lacu
1224 2592 1449 2648 sonitus
1477 2593 1511 2661 ‘,
1543 2593 1612 2647 de
1643 2592 1766 2648 luto
1801 2593 1946 2649 coeni
1980 2611 1993 2650 :

577 2671 633 2720 et
659 2665 865 2720 statuit
896 2681 1075 2736 super
1107 2669 1326 2736 petram
1362 2665 1540 2736 pedes
1574 2681 1756 2733 meos,

578 2737 855 2793 stabilivit
886 2753 1089 2808 gressu
1125 2752 1305 2791 meos.

506 2810 576 2864 Et
608 2809 770 2864 dedit
803 2809 861 2863 in
895 2825 994 2864 ore
1026 2824 1152 2862 meo
1184 2808 1480 2863 canticum
1516 2825 1754 2876 novum,

580 2880 812 2936 laudem
843 2886 960 2936 Deo
1002 2885 1218 2934 nostro.

505 2951 803 3008 Videbunt
835 2951 1024 3020 multi,
1067 2956 1124 3007 et
1158 2951 1466 3016 timebunt,
1495 2955 1551 3004 et
1591 2950 1912 3021 sperabunt
1942 2949 2000 3004 in
2035 2951 2145 3007 Do-

655 3041 838 3078 mino.

505 3094 719 3150 Beatus
739 3096 828 3150 vir
849 3094 946 3164 qui
966 3093 1162 3165 posuit
1188 3094 1494 3148 Dominum
1521 3093 1932 3148 conﬁdentiam
1954 3109 2144 3158 suam,

576 3173 632 3220 et
672 3183 787 3221 non
847 3172 936 3220 est
993 3166 1274 3219 adversus
1327 3167 1395 3218 ad
1443 3166 1749 3236 superbias
1783 3181 2148 3236 pompasque

573 3239 863 3318 mendacii
883 3237 1004 3318 (At.
1044 3239 1398 3318 mendaees).

500 3308 683 3364 Multa
735 3307 920 3365 fecisti
983 3315 1067 3375 tu,
1102 3309 1349 3364 Domine
1406 3307 1561 3363 Deus
1619 3324 1809 3376 meus,
1853 3307 2148 3362 mirabilia

643 3385 747 3434 tua

570 3455 627 3507 et
656 3423 1043 3523 cogitationes
1075 3453 1208 3505 tuas
1243 3467 1345 3520 pro
1380 3450 1571 3504 nobis.

501 3522 625 3578 Non
658 3522 888 3578 invenio
914 3523 1179 3577 ordinem
1213 3537 1403 3576 coram
1443 3526 1495 3574 to
1531 3538 1544 3575 :

570 3597 620 3649 si
653 3610 921 3649 narrarre
953 3592 1212 3660 voluero,
1255 3596 1310 3646 et
1343 3608 1674 3654 numerare.

569 3667 738 3737 plura
771 3670 910 3721 sunt
941 3681 1118 3736 quam
1154 3669 1215 3718 ut
1247 3665 1467 3737 narrari
1497 3668 1736 3737 queant.

494 3735 746 3793 Victima
775 3746 828 3792 et
860 3737 1154 3792 oblatione
1186 3751 1300 3790 non
1332 3735 1560 3806 indiges
1589 3735 1672 3805 (h.
1708 3753 1821 3790 non
1856 3735 2138 3804 voluisti),

565 3827 738 3864 aures
773 3809 970 3864 fodisti
1015 3808 1159 3863 mihi
1194 3824 1206 3862 :

559 3881 1012 3936 haulacaustum
1043 3887 1098 3953 et
1130 3897 1230 3951 pro
1265 3886 1498 3953 peccato
1532 3897 1644 3936 non
1682 3881 1902 3952 petisti,

492 3952 656 4008 Tunc
683 3953 826 4020 dixi,
868 3957 925 4007 et
946 3951 1112 4006 venio
1149 3969 1161 4005 :

562 4025 623 4080 in
655 4023 951 4079 volumine
981 4023 1114 4079 libri
1148 4023 1426 4092 scriptum
1461 4027 1550 4078 est
1580 4023 1649 4077 de
1679 4039 1791 4077 me.

491 4095 563 4152 Ut
597 4099 843 4220 l'acelrem
880 4094 1161 4166 placitum
1214 4095 1317 4150 tibi
1376 4096 1484 4163 (Al.
1517 4095 1734 4164 tuum),
1774 4093 1928 4148 Deus
1963 4108 2132 4147 meus

632 4185 699 4220 vo
731 4184 809 4220 ιιι.

632 4184 786 4222 νοιυι

544 4243 600 4294 et
621 4209 1063 4312 legeunituamin
1091 4237 1525 4312 medioventris
1557 4237 1907 4312 (Al._cordis)
1939 4234 2074 4290 mei.

486 4308 842 4366 Annuntiavi
863 4309 1152 4380 justitiam
1186 4309 1242 4362 in
1280 4309 1534 4363 Ecclesia
1563 4308 1768 4363 multa.

1563 185 1622 238 S.
1663 186 2064 240 HIERONYMI
2101 185 2354 241 DIVINA
2390 185 2881 242 BIBLIOTHECA.

2186 313 2240 380 A

3693 204 3794 261 1220

2414 311 2646 382 cordias
2675 310 2758 382 (h.
2793 310 3082 382 pletates).
3118 315 3248 371 tuas
3279 333 3310 372 a
3339 334 3421 374 me
3453 333 3464 375 :

2352 381 2754 438 misericordia
2784 381 2884 439 tua
2914 388 2970 440 et
2995 385 3201 443 veritas
3231 396 3320 444 tua
3341 391 3537 463 jugiter
3561 399 3794 457 servabunt

2358 469 2469 507 me.

2282 523 2809 582 Circumdederunt
2839 527 2996 582 enim
3032 544 3122 584 me
3153 530 3317 602 mala,
3361 549 3577 604 quorum
3624 554 3710 594 non
3738 548 3793 598 est

2428 613 2730 664 numerus,

2355 669 2703 740 comprehen
2716 669 2926 744 derunt
2956 685 3047 725 me
3071 670 3393 744 iniquitates
3423 692 3564 743 mete,

2354 746 2412 794 et
2445 757 2556 795 non
2593 740 2750 811 potui
2782 741 2979 795 videre
3013 758 3026 797 :

2282 814 2488 869 Plures
2523 813 2685 866 factae
2715 817 2876 890 sunt,
2911 828 3090 890 quam
3122 815 3308 886 capilli
3336 818 3524 890 capitis
3552 821 3662 888 mei,

2355 890 2412 938 et
2442 899 2540 936 cor
2571 900 2766 938 meum
2800 883 3116 955 dereliquit
3147 883 3254 941 me

2286 956 2515 1011 Placeat
2543 955 2664 1023 tibi,
2702 955 2964 1022 Domine,
3003 962 3066 1010 ut
3097 957 3302 1012 liberes
3333 976 3419 1014 me
3450 977 3462 1016 :

2355 1027 2620 1096 Domine,
2652 1027 2720 1081 ad
2753 1027 3156 1096 adjuvandum
3189 1045 3277 1083 me
3305 1032 3515 1086 festina.

2283 1098 2738 1154 Confundantur
2769 1103 2824 1152 et
2854 1105 3226 1156 revereantur
3257 1101 3424 1156 simul

2357 1175 2680 1240 quaerentes
2711 1168 2970 1225 animam
3007 1187 3219 1237 meam,
3251 1181 3308 1226 ut
3338 1173 3572 1228 auferant
3597 1191 3714 1231 eam.

2285 1242 2707 1298 Convertantur
2739 1245 3083 1311 retrorsum,
3114 1248 3170 1298 et
3201 1245 3607 1300 confundantur.

2356 1313 2458 1384 qui
2486 1312 2692 1367 volunt
2717 1311 2874 1367 mala
2904 1313 3070 1381 mihi,

2284 1389 2530 1440 Pereant
2559 1389 2688 1454 post
2717 1384 3120 1441 confusionem
3153 1403 3317 1442 suam
3349 1404 3362 1443 :

2356 1455 2457 1528 qui
2482 1456 2684 1510 dicunt
2717 1455 2861 1528 mihi
2887 1456 2992 1512 vah
3021 1459 3031 1528 l
3068 1457 3178 1511 vah
3205 1456 3216 1510 l

2284 1526 2609 1592 Gaudeant,
2643 1531 2699 1582 et
2721 1526 2990 1582 laetentur
3018 1527 3078 1582 in
3111 1533 3168 1583 te

2357 1615 2562 1654 omnes
2593 1599 2694 1669 qui
2727 1603 3000 1669 quaerunt
3030 1605 3087 1654 te
3124 1617 3136 1654 :

2202 1685 2250 1749 Β
2282 1670 2753 1749 Dicant-jugiler,
2784 1671 3199 1749 magniﬁcatur
3229 1670 3512 1726 Dominus.

2353 1741 2452 1812 qui
2487 1741 2740 1811 diligunt
2773 1741 3032 1796 salutare
3061 1747 3256 1796 tuum.

2278 1814 2396 1883 Ego
2426 1817 2622 1867 autem
2655 1830 2783 1885 sum
2817 1820 3128 1885 egenuset
3161 1830 3407 1885 pauper;

2352 1885 2634 1957 Dominus
2667 1883 2955 1940 sollicitus
2986 1884 3098 1939 erit
3122 1883 3224 1957 pro
3256 1901 3344 1939 me
3377 1900 3389 1937 :

2278 1956 2575 2011 Auxilium
2612 1973 2807 2010 meum
2845 1963 2902 2011 et
2932 1956 3190 2011 salutare
3225 1973 3411 2011 meum
3439 1959 3518 2020 tu,

2349 2033 2502 2083 Deus
2534 2043 2724 2095 meus,
2759 2045 2830 2083 ne
2862 2029 3110 2083 moreris
3131 2029 3172 2084 ⁵.

2487 2158 2713 2197 vxorem
2745 2157 3035 2197 omnem:
3083 2142 3166 2202 (h.
3203 2139 3481 2212 psalmus)
3509 2155 3664 2194 nivis.

2275 2238 2708 2314 (X_LI.)_Beatus
2730 2240 2840 2314 qui
2875 2239 3196 2314 cogitatde
3231 2252 3472 2314 paupere
3503 2251 3514 2291 :
3589 2306 3616 2314 _
3707 2303 3715 2314 .

2343 2312 2403 2365 in
2428 2306 2520 2365 die
2553 2309 2706 2364 malo
2730 2306 3005 2366 liberabit
3029 2311 3142 2382 (Al.
3169 2306 3564 2382 salvabit)eum
3589 2306 3811 2362 Dominus.

2341 2382 2624 2436 Dominus
2654 2383 2944 2437 custiodet
2975 2379 3112 2437 eum
3149 2388 3206 2438 et
3236 2379 3696 2436 vivificabiteum:

2340 2458 2397 2507 et
2425 2453 2634 2507 beatus
2660 2455 2771 2526 erit
2798 2452 3075 2526 interra,
3469 2522 3478 2526 _
3621 2520 3630 2526 _
3674 2518 3683 2526 _
3739 2517 3748 2526 ,

2335 2529 2391 2580 et
2423 2541 2539 2578 non
2572 2525 2764 2578 tradet
2786 2525 2893 2595 (At.
2927 2518 3157 2597 tradat)
3208 2541 3342 2580 eum
3393 2522 3584 2578 anima:
3619 2518 3816 2574 inimico-

2375 2612 2505 2650 rum
2538 2612 2804 2650 SUOI'UHI.

2264 2667 2552 2723 Dominus
2581 2667 2928 2722 confortavit
2957 2684 3091 2723 eum
3127 2667 3186 2722 in
3219 2666 3365 2721 lecto
3396 2661 3707 2720 inﬁrmitatis
3734 2675 3746 2713 ι

2334 2743 2516 2794 totum
2546 2744 2794 2793 stratum
2828 2741 2954 2807 ejus
2980 2739 3213 2795 vertisti
3243 2739 3301 2792 in
3328 2736 3664 2808 agrotatione
3689 2746 3780 2786 sua.

2263 2809 2380 2881 Ego
2413 2810 2552 2876 dixi,
2593 2810 2874 2884 Domine,
2907 2811 3192 2866 miserere
3219 2811 3354 2884 mei,
3567 2878 3577 2884 _

2333 2876 2482 2953 isana,
2509 2881 2768 2953 animam
2806 2897 3017 2949 meam,
3050 2883 3333 2953 quoniam
3369 2878 3585 2953 peccavi
3603 2876 3706 2931 tibi.

2259 2952 2487 3008 Inimici
2514 2952 2624 3008 mei
2649 2952 2962 3024 loquentur
2983 2944 3086 3024 (Al:
3112 2944 3454 3024 loquunthr)
3484 2948 3672 3005 malum
3693 2944 3818 3000 mihi:

2333 3025 2564 3094 quando
2599 3028 2900 3093 morietur,
2934 3023 3151 3096 peribit
3185 3023 3394 3079 nomen
3425 3023 3562 3093 ejus.

2260 3095 2329 3150 Et
2359 3097 2405 3150 si
2439 3102 2660 3150 venerit
2694 3100 2756 3150 ut
2789 3095 3041 3164 videat‘,
3075 3113 3232 3151 vana
3256 3097 3551 3167 loquetur;

2327 3184 2427 3222 cor
2458 3170 2585 3234 ejus
2619 3167 2991 3238 congregabit
3022 3165 3405 3239 iniquitatem
3440 3165 3564 3233 sibi,

2328 3239 2630 3313 egrediens
2665 3240 2817 3293 foras
2850 3239 3136 3294 detrahet.
3258 3311 3269 3313 _
3668 3303 3698 3313 η

2255 3303 2436 3364 Simhl
2471 3311 2784 3365 adversum
2812 3326 2902 3364 me
2938 3311 3398 3366 murmurabant
3418 3322 3603 3363 omnes
3623 3303 3817 3358 odientes

2331 3398 2418 3437 me
2448 3387 2652 3506 egntra
2684 3398 2777 3436 me
2820 3382 2929 3452 (Al.
2983 3389 3093 3437 tau.
3130 3384 3250 3453 me)
3302 3381 3617 3454 cogitabant
3656 3372 3815 3429 malum

2401 3469 2473 3506 ml
2528 3470 2563 3506 ι.

2401 3469 2563 3508 ῐΠΙΠι.

2251 3524 2504 3580 Verbum
2537 3523 2617 3594 (h.
2654 3522 2884 3594 Belial.)
2916 3523 3132 3579 diaboli
3170 3521 3556 3579 infundebant
3582 3515 3715 3573 sibi:

2324 3596 2424 3667 qui
2457 3594 2733 3668 dormivit
2766 3611 2879 3668 non
2913 3596 3089 3650 addet
3119 3600 3188 3668 ut
3231 3596 3542 3668 resurgat._
3570 3661 3593 3668 _
3615 3661 3629 3668 _
3701 3658 3709 3668 _

2252 3661 2360 3722 Sed
2387 3673 2442 3722 et
2474 3666 2644 3722 homo
2668 3667 2945 3736 pacificus
2970 3661 3544 3737 meuszinquohabui
3565 3661 3814 3716 ﬁduciam:

2322 3740 2419 3810 qui
2455 3738 2850 3793 manducabat
2883 3755 3093 3810 panem
3129 3754 3356 3804 meum,

2318 3809 2534 3864 levabit
2565 3818 2890 3880 contrame
2921 3809 3210 3880 plantam.
3381 3879 3385 3880 ί
3533 3851 3536 3857 .

2248 3883 2334 3936 Tu
2370 3887 2591 3940 autem.
2625 3879 2889 3946 Domine,
2921 3875 3201 3936 miserere
3278 3879 3392 3935 mei
3425 3894 3439 3934 :
3474 3880 3529 3932 et
3581 3875 3688 3929 leva
3734 3883 3812 3934 me,

2319 3958 2375 4007 et
2407 3953 2645 4007 reddam
2682 3952 2767 4006 eis
2801 3968 2814 4006 :

2247 4025 2308 4080 In
2343 4025 2450 4098 hoc
2477 4022 2680 4098 conovi
2713 4023 2871 4098 quod
2900 4023 3046 4098 velis
3069 4039 3163 4098 me
3199 4039 3214 4078 :

2319 4096 2457 4166 quia
2489 4112 2601 4150 non
2624 4089 2944 4166 iushltabit
2969 4095 3254 4149 inimicus
3287 4109 3453 4148 meus
3484 4089 3636 4146 mihi.

2244 4157 2359 4235 Ego
2391 4172 2586 4221 autem
2618 4165 2676 4220 in
2711 4164 3086 4236 simplicitate
3117 4182 3254 4222 mea
3285 4167 3520 4236 adjutus
3547 4174 3663 4215 sum
3692 4157 3795 4236 ate,

2316 4245 2370 4293 et
2399 4243 2623 4292 statues
2656 4253 2746 4292 me
2777 4231 2912 4292 ante
2946 4237 3153 4292 faciem
3218 4231 3387 4294 tuam
3444 4235 3501 4289 in
3543 4231 3818 4304 perpetuum

2385 4309 2466 4380 (h.
2501 4309 2825 4376 saeculum).

561 4399 692 4438 ecce
716 4378 1024 4437 labia‘mea
1049 4397 1159 4435 non
1188 4379 1504 4454 prohibebo
1529 4397 1541 4434 :
1564 4379 1830 4454 Domine,
1862 4381 2128 4454 tunosti.
2166 4391 2207 4454 ι)
2246 4378 2593 4454 Benedictus
2624 4379 3105 4454 Dominus‘Deus
3137 4378 3325 4454 Israel

487 4453 784 4508 Justitiam
816 4457 976 4507 tuam
1012 4469 1125 4506 non
1159 4451 1440 4506 abscondi
1475 4451 1531 4505 in
1566 4451 1757 4506 medio
1781 4451 1973 4506 cordis
1995 4451 2128 4518 mei,

560 4526 735 4580 ﬁdem
772 4530 934 4580 tuam
968 4529 1026 4578 et
1050 4523 1305 4579 salutare
1339 4528 1504 4577 tuum
1539 4523 1658 4577 dixi
1691 4539 1702 4576 :

561 4613 677 4651 non
710 4595 989 4651 abscondi
1027 4595 1486 4650 misericordiam
1521 4599 1705 4658 tuam,

559 4673 616 4723 et
648 4668 946 4722 veritatem
972 4671 1132 4721 tuam
1167 4667 1222 4720 in
1261 4665 1519 4720 Ecclesia
1551 4665 1757 4720 multa.

489 4739 574 4795 Tu
611 4739 874 4804 Domine,
907 4755 1019 4793 non
1056 4737 1363 4809 prohibeas
1387 4738 1493 4809 (AI.
1523 4734 1879 4808 prohibebis)
1904 4734 2134 4792 miseri-

561 4885 576 4918 ¹
609 4882 842 4953 Reginae
879 4898 987 4936 ms.
1031 4882 1257 4936 Vanitas
1285 4879 1445 4953 homo
1475 4878 2030 4953 stanrsrxDiapsgalma.

556 4957 578 4990 ²
609 4955 674 5010 In
697 4950 905 5008 futuro
961 4959 1223 5023 tempore
1281 4952 1482 5024 legunt
1540 4950 1679 5006 editi
1729 4951 1886 5020 libri,
1932 4956 1988 5005 et
2019 4967 2130 5005 ms.

485 5025 844 5082 Sorbonicus
903 5042 918 5080 :
977 5025 1260 5092 Obmutui,
1321 5040 1428 5078 non
1478 5025 1723 5095 aperiam
1779 5038 1841 5076 os
1928 5037 2129 5077 meum.

484 5102 673 5153 MART.

557 5171 579 5204 ³
609 5173 826 5225 Iterum
861 5184 1002 5222 mss.
1037 5165 1259 5232 nostri,
1294 5171 1406 5221 Pro
1436 5165 1687 5229 victoria,
1722 5164 1875 5234 quod
1905 5168 1960 5219 et
1990 5163 2132 5218 infe-

488 5242 614 5296 rius
647 5245 982 5295 constanter
1023 5238 1082 5292 in
1131 5237 1488 5308 reliquorum
1547 5236 1908 5308 psalmorum
1941 5235 2132 5308 titulis

488 5314 742 5368 retinent
767 5328 867 5382 pro
903 5310 1120 5364 Victori.
1157 5309 1299 5364 Vide
1329 5325 1456 5379 quae
1477 5309 1546 5363 ad
1572 5307 1834 5378 proxime
1859 5307 2128 5377 superio-

489 5401 613 5439 rem
649 5385 837 5438 locum
872 5382 1246 5436 adnotamus.

559 5457 580 5489 ⁴
608 5455 976 5509 Cisterciens.
1013 5469 1148 5517 ms.,
1180 5453 1248 5508 de
1283 5450 1411 5505 lacu
1435 5452 1660 5520 famoso,
1697 5465 1799 5520 pro
1831 5449 1959 5504 lacu
1979 5447 2132 5504 soni-

494 5529 601 5579 ius.

561 5596 582 5665 ἕ
612 5597 673 5648 In
693 5595 1078 5665 Reginwms.,
1109 5609 1178 5648 ne
1209 5593 1459 5665 moreris.
1495 5591 1668 5665 Juxta
1697 5591 1871 5645 Hebr.
1906 5601 2054 5665 (sign.

562 5664 583 5698 ⁸
607 5662 805 5719 Caneri
831 5664 1340 5728 Carcaesonensis,
1373 5679 1439 5717 ac
1473 5664 1671 5733 plures
1719 5679 1861 5717 mss.
1915 5662 2008 5733 hic
2048 5662 2128 5716 le-

494 5738 660 5804 gunt,
711 5738 776 5790 Et
831 5738 908 5793 sic
961 5736 1170 5793 venerit
1221 5738 1284 5791 ut
1339 5731 1552 5801 visitet,
1576 5734 1730 5807 quod
1765 5731 1950 5790 secuti
1980 5735 2121 5790 sunt

2313 4470 2345 4508 a
2373 4451 2609 4520 saeculo,
2635 4457 2690 4506 et
2721 4466 2910 4523 usque
2932 4451 2990 4504 in
3025 4451 3340 4516 saeculum,
3363 4463 3530 4505 amen
3555 4449 3785 4500 etamen.

2308 4568 2564 4624 vxorem"
2587 4583 2922 4622 noc'rrssmo
2948 4566 3028 4636 (h.
3065 4566 3326 4636 erudito)
3358 4578 3622 4621 FILIORUM
3646 4570 3775 4613 coss.

2241 4666 2459 4738 (XLII.)
2517 4665 2677 4720 Sicut
2732 4663 2927 4720 areola
2999 4669 3331 4735 praeparata
3387 4662 3458 4718 ad
3515 4653 3826 4728 irrigationes

2383 4754 2670 4808 aquarum
2705 4754 2718 4792 :

2239 4879 2513 4933 Erasmus
2541 4882 2595 4934 et
2625 4877 2925 4932 Marianos
2955 4877 3014 4931 in
3047 4876 3153 4932 hoc
3189 4871 3829 4948 psalteriollieronygl:

2238 4950 2509 5020 quamvis
2541 4951 2599 5005 S.
2635 4955 2844 5004 Doctor
2873 4949 2933 5002 in
2966 4949 3138 5020 epist.
3172 4935 3247 5002 ad
3271 4946 3599 5020 ,Sumniamr
3634 4935 3830 5020 θῐςῐῗηῗξ

2237 5008 2413 5076 telam
2456 5037 2723 5090 expresse
2770 5008 3082 5090 monuerit,
3114 5019 3198 5074 ita
3227 5087 3236 5090 _
3264 5008 3833 5090 interpretatosfpissf

2237 5092 2391 5146 LXX
2418 5077 2680 5147 seniores
2714 5109 2727 5146 :
2757 5090 2848 5144 καὶ
2883 5089 2927 5142 εἷ
2959 5077 3339 5161 εἰσείπορεύετο
3369 5077 3468 5161 τοῖ’)
3498 5082 3646 5161 ἶὸεἶγ,
3675 5080 3724 5134 id
3745 5077 3832 5161 est,

2235 5164 2302 5235 Et
2333 5162 2383 5217 si
2414 5163 2825 5235 ingrediebalur
2855 5170 2914 5235 ut
2941 5148 3162 5218 videret:
3199 5162 3342 5235 sed
3372 5159 3585 5235 videre_
3604 5148 3834 5235 Ιίορηίίζίξο

2235 5233 2394 5289 idem
2450 5227 2558 5302 e'st,
2621 5234 2737 5289 nisi
2796 5232 2964 5288 fallat
3015 5250 3121 5290 nos
3175 5232 3406 5304 opinio,
3441 5227 3588 5302 quod
3631 5227 3832 5280 visitare.

2235 5309 2423 5360 MART.

2307 5407 2378 5449 7+
2399 5377 2593 5432 Nostri
2629 5392 2771 5449 mss.
2797 5374 3122 5449 pluresque
3145 5373 3249 5428 alii
3272 5373 3433 5449 apud
3466 5365 3830 5449 Martianf'gg}

2237 5447 2376 5502 editi
2400 5429 2819 5520 Fquoqueﬂlibri‘
2839 5429 3157 5520 yisitet‘pro
3223 5429 3440 5520 videat
3478 5429 3833 5520 leguntﬁilie

2238 5535 2365 5589 quae
2409 5502 2468 5573 ih
2503 5502 2691 5590 epist.
2732 5519 2804 5573 ad
2838 5502 3124 5577 Sunnia‘m
3153 5520 3214 5570 et
3248 5502 3655 5572 Fretelamvhac
3681 5502 3836 5560 delec-

2237 5591 2395 5644 tione
2425 5591 2829 5646 observamus.

2307 5641 2586 5735 7"_Orfr.—n‘evsv
2611 5641 2766 5735 his;
2784 5641 3016 5735 codices
3040 5661 3255 5735 printer
3293 5655 3548 5735 canonis
3593 5641 3835 5735 exempli:

2236 5731 2322 5791 ria
2353 5731 2575 5792 habent
2607 5733 2666 5790 in
2698 5731 2870 5792 titulo
2903 5724 3058 5801 isto;
3074 5735 3134 5788 ut
3189 5728 3252 5786 in
3319 5728 3457 5787 aliis
3504 5725 3718 5799 saepius,
3760 5724 3831 5788 ρνο
