4050 6182
270 237 405 292 1221

1631 240 1844 294 LIBER
1879 233 2339 291 PSALMORUM.

3541 243 3683 300 1222

338 360 650 435 sicanima
682 375 811 417 mea
843 364 1171 435 praeparata
1201 361 1287 433 (h.
1338 362 1647 430 desiderat)
1683 363 1753 418 ad
1786 366 1843 418 te
1873 362 1912 431 ¹,
1945 363 2000 428 Α
2030 364 2301 435 exspecta
2332 359 2516 435 Deum
2542 361 2830 435 quoniam
2864 362 3061 435 adhuc
3087 364 3413 421 conﬁtebor
3442 367 3514 423 ei.

414 434 587 488 Deus.

265 506 462 563 Sitivit
485 505 678 560 anima
706 506 775 578 ad
799 505 979 562 Deum
1008 507 1209 562 fortem
1236 507 1342 576 (Al.
1370 507 1608 578 fontem)
1632 507 1920 562 viventem

339 578 574 649 quando
605 577 859 643 veniam,
889 585 944 632 et
975 579 1188 649 parebo
1217 585 1350 632 ante
1379 579 1586 634 faciem
1619 579 1740 634 Dei.

263 651 525 706 Fuerunt
585 649 728 703 mihi
759 649 1033 720 lacryma:
1096 667 1236 705 meas
1277 667 1457 722 panes
1489 652 1638 706 diem
1701 667 1765 705 ac
1815 666 1920 705 no-

410 728 561 776 ctem
595 737 608 775 :

336 809 472 848 cum
503 793 794 847 diceretur
817 791 964 846 mihi
997 795 1119 847 tota
1141 793 1273 848 die:
1308 793 1414 849 Ubi
1439 799 1527 850 est
1559 800 1714 850 Deus
1736 797 1874 848 tuus
1897 793 1924 847 ?

261 867 486 920 Horum
537 865 878 919 recordatus
910 880 1066 934 sum,
1099 868 1156 919 et
1202 865 1377 919 elfudi
1411 867 1470 921 in
1522 883 1613 921 me
1662 866 1921 922 animam

413 951 643 992 meam:

340 1009 480 1078 quia
511 1007 739 1062 veniam
771 1007 842 1062 ad
878 1006 1289 1062 umbraculum
1321 1026 1335 1076 ;

269 1079 500 1134 Tacebo
532 1094 718 1149 usque
744 1081 815 1133 ad
844 1079 1086 1134 domum
1119 1080 1221 1133 Dei

344 1151 404 1205 in
429 1167 564 1205 voce
597 1150 790 1204 laudis
823 1155 878 1204 et
910 1151 1317 1215 confessionis,

345 1221 772 1276 mulitit..dinis
806 1221 952 1276 festa
982 1221 1352 1276 celebrantis.

267 1297 455 1358 Quare
488 1292 834 1361 incurvaris,
871 1293 1066 1347 anima
1101 1310 1250 1360 mea,
1284 1299 1340 1348 et
1371 1294 1687 1350 conturbas
1721 1309 1850 1350 me:

340 1370 611 1436 exspecta
649 1365 848 1436 Deum,
882 1366 1020 1434 quia
1049 1364 1242 1419 adhuc
1275 1366 1599 1422 conﬁtebor

339 1437 391 1491 ei
424 1434 784 1490 salutaribus
814 1435 1010 1490 vultus
1041 1438 1192 1505 ejus.

264 1513 420 1564 Deus
455 1523 619 1561 meus
652 1507 708 1560 in
746 1505 967 1578 meipso
1001 1510 1230 1562 animas
1265 1523 1396 1561 mea
1426 1509 1805 1563 incurvutur:

334 1584 646 1651 propterea
677 1579 1024 1651 recordabor
1045 1580 1129 1634 tui
1162 1580 1232 1633 de
1264 1585 1419 1634 terra
1448 1581 1744 1646 Jordanis,

336 1649 394 1705 et
419 1649 780 1718 Hermonim,
816 1650 887 1704 de
922 1656 1120 1705 monte
1150 1652 1418 1705 minimo.

2102 433 2462 487 salutaribus
2493 434 2598 503 (At.
2631 434 2944 506 salutibus)
2973 433 3170 492 vultus
3204 438 3317 492 mei
3343 443 3398 493 et
3419 439 3534 496 Deo
3559 457 3688 498 meo

2316 564 2544 602 VICTORI
2576 565 2858 604 FILIORUM
2891 567 3036 605 CORE
3079 569 3352 609 ERUDITIO
3382 556 3402 589 ⁸

2033 645 2266 716 (Χιιν.)
2301 647 2454 701 Deus
2488 647 2734 702 auribus
2767 649 2984 703 nostris
3019 651 3396 708 audivimus:

2103 724 2302 790 patres
2335 720 2521 773 nostri
2556 725 2940 774 narraverunt
2972 722 3141 776 nobis

2104 807 2252 865 opus
2285 791 2438 865 quod
2489 800 2764 865 operatus
2797 807 2860 846 es
2886 793 2946 846 in
2979 794 3186 849 diebus
3218 811 3441 865 eorum,
3477 797 3532 853 in
3567 800 3691 856 die-

2175 861 2288 915 bus
2320 862 2605 932 antiquis.

2033 935 2119 988 Tu
2176 949 2350 1013 manu
2386 940 2486 1013 tua
2543 937 2745 1013 gentes
2793 933 3002 991 delesti
3034 936 3114 1006 (h.
3166 939 3597 1013 exhzeredasti),
3634 947 3692 1000 et

2221 1005 2450 1060 lantasti
2485 1021 2584 1059 eos
2618 1007 2724 1075 (Al.
2761 1022 2918 1077 eae):

2175 1022 2450 1131 plantasu
2485 1022 2584 1059 eos
2618 1022 2724 1075 (At.
2761 1022 2918 1077 eas):

2105 1075 2180 1130 all
2212 1077 2364 1149 ixisti
2400 1077 2646 1149 populos
2680 1078 2760 1130 Al.
2798 1079 3043 1149 plebes),
3080 1085 3136 1134 et
3165 1083 3419 1138 emisisti
3457 1101 3579 1140 eos.

2033 1151 2158 1202 Non
2193 1148 2344 1223 enim
2383 1149 2438 1201 in
2470 1148 2664 1223 gladio
2687 1148 2808 1202 suo
2831 1148 3218 1218 possederunt
3246 1160 3485 1223 terram,

2107 1236 2296 1290 neque
2329 1221 2635 1274 brachium
2669 1235 2866 1274 eorum
2901 1223 3149 1276 salvavit
3180 1241 3318 1281 eos:

2031 1292 2139 1344 Sed
2175 1296 2409 1346 dextera
2438 1297 2540 1346 tua
2571 1297 2626 1346 et
2659 1291 2960 1348 brachium
2997 1299 3163 1349 tuum

2105 1369 2162 1416 et
2195 1361 2294 1436 lux
2324 1363 2520 1417 vultus
2552 1363 2662 1431 tui,
2697 1367 2835 1436 quia
2865 1368 3276 1436 complacuisti
3314 1369 3369 1424 in
3405 1369 3536 1426 eisl.

2035 1435 2121 1488 Tu
2155 1450 2216 1488 es
2251 1435 2374 1505 ipse
2406 1451 2505 1488 rex
2538 1451 2703 1488 meus
2733 1435 2925 1490 Deus:

2108 1508 2354 1577 prcecipe
2388 1506 2680 1561 salutibus
2702 1506 2721 1539 ⁸
2752 1507 2950 1562 Jacob.

2035 1577 2098 1631 In
2132 1583 2188 1632 te
2220 1578 2421 1632 hostes
2453 1582 2686 1632 nostros
2720 1579 3179 1636 ventilabimus:

2107 1649 2163 1702 in
2184 1651 2417 1704 nomine
2434 1666 2539 1705 suo
2554 1649 3032 1706 conculcabimus
3049 1653 3414 1711 adversarios
3435 1660 3688 1714 nostros.

264 1724 534 1794 Abyssus
568 1723 845 1792 abyssum
870 1720 1198 1787 invocat,in
1233 1722 1317 1792 (h.
1343 1723 1679 1792 ad.)vocem
1707 1726 1926 1778 catara-
1956 1749 2002 1812 Β
2037 1726 2156 1776 Non
2190 1722 2347 1776 enim
2371 1722 2609 1812 Iinjarcu
2644 1738 2772 1777 meo
2803 1725 3094 1812 co‘nfildam
3124 1741 3137 1777 :

415 1798 644 1847 clarum
678 1798 913 1847 tuarum
942 1809 956 1848 :

346 1880 552 1920 omnes
573 1865 831 1936 gurgites
851 1865 1007 1920 tuiet
1028 1864 1339 1920 ﬂuctustui
1362 1881 1538 1936 super
1560 1882 1650 1922 me
1671 1866 1926 1922 transie-

421 1938 621 1989 runt’.

268 2024 376 2080 per
407 2007 561 2080 diem
597 2008 891 2062 mandavit
921 2008 1202 2063 Dominus
1236 2007 1699 2064 misericordiam
1729 2026 1925 2079 suam,

351 2083 408 2134 et
440 2079 495 2133 in
531 2084 698 2134 nocte
730 2081 1023 2135 canticum
1055 2082 1182 2150 ejus
1218 2096 1446 2135 mecum
1475 2097 1488 2133 :

355 2151 541 2206 oratio
577 2152 686 2206 Deo
716 2152 839 2205 vitae
872 2169 1033 2206 meae.

281 2224 488 2278 Dicam
548 2221 702 2278 Deo:
742 2224 905 2295 Petra
963 2239 1090 2276 mea
1117 2222 1197 2295 (h.
1233 2223 1300 2277 Et
1330 2221 1493 2288 zelai,
1529 2225 1682 2294 quod
1746 2224 1926 2278 inter-

429 2297 713 2364 pretatur,
740 2294 895 2349 Deus
917 2301 1078 2364 petra
1102 2311 1230 2348 mea
1251 2304 1304 2348 et
1323 2300 1411 2348 est
1436 2311 1618 2350 unum
1643 2296 1714 2350 de
1738 2295 1926 2350 nomi-

428 2365 606 2420 nibus
637 2365 780 2436 Dei),
815 2382 995 2437 quare
1025 2365 1242 2420 oblitus
1274 2382 1336 2420 es
1364 2366 1513 2420 mei:

352 2453 535 2507 quare
565 2438 750 2492 tristis
783 2438 1009 2507 incedo,
1044 2438 1341 2507 affligente
1373 2437 1653 2491 inimico?

277 2507 424 2562 Cum
457 2524 548 2588 me
599 2509 993 2564 interficerent
1031 2510 1137 2577 (Al.
1173 2509 1591 2578 interfecerint)
1623 2508 1930 2564 inossibus

427 2595 592 2633 {11618.

350 2651 851 2720 exprobraverunt
877 2650 1020 2705 mihi
1055 2650 1254 2705 hostes
1287 2649 1398 2705 mei
1427 2666 1439 2703 :

351 2723 614 2776 dicentes
647 2723 716 2776 ad
754 2739 844 2777 me
870 2725 889 2756 ³
922 2725 1043 2777 tota
1073 2723 1202 2777 die:
1241 2723 1339 2778 Ubi
1373 2727 1461 2776 est
1493 2726 1642 2777 Deus
1677 2723 1862 2777 tuus?

278 2794 471 2858 Quare
501 2794 846 2863 incurvaris,
881 2795 1079 2849 anima
1111 2810 1260 2858 mea,
1295 2799 1348 2848 et
1376 2795 1696 2849 conturbas
1725 2811 1814 2848 me
1838 2795 1864 2847 ?

355 2869 630 2935 exspecta
664 2865 870 2926 Deum,
904 2865 1180 2935 quoniam
1215 2865 1406 2920 adhuc
1435 2867 1754 2920 confitebor
1783 2865 1858 2932 ei,

355 2937 722 2991 salutaribus
754 2937 952 2992 vultus
988 2937 1099 2991 mei
1131 2942 1188 2991 et
1220 2936 1335 2991 Deo
1369 2954 1518 2991 meo.

279 3007 478 3077 (XLIII
530 3008 596 3077 ‘.)
653 3008 857 3063 Judica
911 3025 1004 3062 me
1036 3008 1211 3074 Deus,
1271 3015 1328 3063 et
1367 3009 1632 3063 discerne
1692 3023 1932 3062 causam

423 3094 612 3133 meam
651 3080 720 3134 de
750 3085 921 3151 gente
955 3096 1065 3134 non
1089 3086 1293 3134 sancta
1317 3080 1398 3150 (h.
1444 3080 1932 3148 inmisericorde).

426 3167 460 3204 a
486 3151 612 3222 rviro
646 3152 844 3206 doloso
880 3156 935 3205 et
964 3151 1166 3222 iniquo
1199 3152 1359 3206 salva
1392 3169 1502 3205 me.

277 3221 367 3276 Tu
402 3221 556 3276 enim
590 3236 672 3289 es,
706 3222 882 3288 Deus,
919 3221 1197 3277 fortitudo
1231 3240 1379 3288 mea,
1414 3238 1594 3293 quare
1637 3221 1933 3293 proiecisti

431 3309 562 3347 mo:

353 3379 538 3436 quare
568 3363 754 3420 tristis
785 3363 1011 3434 incedo,
1047 3365 1341 3436 aﬂligente
1371 3364 1606 3419 inimico
1624 3365 1652 3418 ?

275 3439 444 3490 Mitte
475 3434 664 3490 lucem
721 3441 879 3491 tuam
914 3442 968 3491 et
999 3434 1298 3492 veritatem
1335 3442 1518 3503 tuam,
1555 3437 1681 3507 ipsa
1716 3436 1932 3490 ducent

355 3523 482 3561 me:
521 3507 892 3563 introducent
924 3525 1012 3564 me
1035 3509 1104 3562 ad
1142 3514 1399 3564 montem
1423 3509 1443 3542 ⁵
1467 3514 1736 3563 sanctum
1761 3513 1930 3562 tuum

356 3585 418 3632 et
443 3578 512 3631 ad
553 3579 930 3634 tabernacula
962 3586 1082 3635 tua.

279 3648 354 3703 Et
386 3648 641 3704 introibo
673 3650 743 3705 ad
777 3650 959 3706 altare
992 3651 1114 3716 Dei,

353 3722 424 3774 ad
462 3720 644 3776 Deum
677 3720 887 3776 laetitiae
923 3723 1332 3778 exsultationis
1364 3739 1528 3790 mere,

353 3796 411 3846 et
441 3791 761 3864 conﬁtebor
810 3795 915 3849 tibi
949 3795 1005 3848 in
1041 3793 1284 3864 cithara,
1338 3795 1511 3855 Deus,
1547 3799 1698 3849 Deus
1742 3811 1924 3850 meus.

276 3865 472 3927 Quare
521 3862 869 3972 ipcurvaris,
903 3866 1102 3922 anima
1135 3862 1283 3936 mea,
1317 3872 1372 3921 et
1395 3883 1575 3938 quare
1609 3868 1927 3922 conturbas

430 3950 522 3972 mo

430 3950 556 3988 me:

277 4075 537 4132 victoria.
587 4075 665 4132 De
696 4093 761 4134 eo
795 4078 1007 4134 dicturi
1057 4096 1266 4134 sumus
1316 4079 1466 4133 infra
1506 4079 1576 4134 ad
1629 4077 1925 4134 Psalmum

279 4165 408 4203 xcv.
455 4147 647 4204 MART.

356 4222 372 4254 ¹
407 4220 730 4293 corruptus
761 4219 974 4293 legitur
1004 4222 1113 4276 iste
1138 4221 1461 4278 versiculus
1494 4223 1548 4276 in
1585 4220 1929 4293 exemplari-

277 4293 394 4347 bus
424 4291 698 4358 Canonis,
733 4291 908 4362 atque
940 4292 996 4346 in
1029 4295 1258 4348 duobus
1292 4293 1422 4347 aliis
1456 4310 1621 4359 mss.,
1659 4293 1754 4346 ubi
1793 4292 1928 4346 Vul-

275 4369 415 4435 gata
464 4368 656 4430 lectio,
690 4365 830 4438 sicut
882 4380 1069 4419 cervus
1099 4365 1476 4438 desideratml
1526 4365 1702 4438 fontes
1751 4381 1928 4434 aqua-

276 4452 429 4499 rum,
462 4444 594 4507 etc.,
629 4435 950 4492 substituta
981 4445 1066 4490 est
1099 4453 1202 4508 pro
1235 4435 1704 4508 Hieronymiana,
1749 4451 1927 4505 quam

276 4523 389 4562 nos
422 4510 790 4565 retinuimus.
819 4524 1112 4577 quamque
1136 4507 1930 4563 CanomSan-Germanensis

276 4578 490 4652 habuit
522 4581 712 4652 prima
745 4595 946 4633 manu.
978 4580 1160 4652 ΜΑιςιτ.

277 4682 347 4692 -
382 4649 750 4708 Cisterciens.
789 4666 895 4722 ms.
929 4667 995 4704 ex
1049 4650 1163 4705 alia
1213 4650 1477 4705 versione
1509 4649 1730 4722 priores
1779 4651 1929 4705 duos

273 4739 507 4791 versus,
541 4721 1023 4792 Hieronymianae,
1083 4738 1257 4792 quam
1294 4721 1518 4790 subdit,
1575 4721 1929 4791 interpreta-

274 4795 429 4850 tioni
466 4795 787 4865 praeponit:
846 4793 945 4864 qui
977 4792 1060 4847 sic
1103 4793 1358 4865 habent:
1392 4793 1540 4847 Sicut
1569 4810 1776 4865 cervus
1805 4810 1927 4847 mu-

269 4869 438 4990 αἰεηό
467 4863 543 4921 ἀεὶ
575 4863 754 4936 fontes
808 4880 1107 4935 aquarum,
1138 4863 1217 4919 ita
1245 4867 1434 4919 anima
1467 4880 1591 4920 mea
1646 4863 1800 4933 rugit
1852 4865 1930 4919 ad

275 4947 352 4990 te.
436 4952 549 4990 eus.

275 4947 352 5004 te,
387 4947 549 4991 Deus.

349 5009 374 5041 ²
406 5008 496 5062 Ita
544 5024 686 5064 mss.
723 5022 952 5072 omnes,
1012 5010 1250 5076 excepto
1303 5007 1501 5062 codice
1560 5007 1929 5062 Bibliotheca:

270 5078 645 5134 Memmianae
693 5083 750 5134 et
780 5080 1013 5134 Canone
1044 5077 1520 5150 Carcassonensi,
1553 5079 1653 5150 qui
1702 5077 1927 5150 legitin

274 5165 451 5206 sacro
483 5155 776 5214 contextu,
809 5165 974 5220 super
999 5163 1086 5202 me
1117 5149 1349 5218 ingressi
1386 5159 1536 5216 sunt,
1568 5149 1788 5204 addens
1822 5149 1930 5204 hoc

274 5220 546 5278 scholion
581 5220 936 5294 marginale:
972 5220 1027 5273 ὴ.
1061 5219 1406 5294 transierunt
1439 5223 1618 5276 MART.

350 5294 690 5418 3-Cisterc.
713 5290 864 5348 'ms.
897 5293 1408 5362 supertransierunt
1440 5294 1566 5348 sine
1610 5306 1694 5345 me
1749 5290 1929 5345 inter-

350 5381 377 5418 e
426 5381 499 5418 ιο.

279 5380 499 5419 medio.

353 5437 374 5470 ³
407 5435 511 5490 Hic
544 5450 774 5505 quoque
831 5433 1178 5505 voculasad
1208 5450 1293 5489 me
1321 5435 1557 5489 Cisterc.
1594 5449 1707 5486 ms.
1755 5435 1928 5505 tacet.

353 5507 377 5540 ‘
410 5503 699 5576 Prmp'onit
754 5505 910 5558 idem
945 5521 1054 5560 ms.
1084 5504 1240 5560 hunc
1270 5505 1536 5576 titulum,
1569 5505 1824 5559 Psalmus
1854 5503 1935 5557 ad

279 5592 368 5633 eos
389 5579 485 5647 qui
729 5578 1004 5630 consecuti
1057 5586 1205 5631 sunt.
1237 5577 1355 5632 Αιτ¹
1413 5573 1682 5651 ἔγγραφος
1736 5577 1932 5630 autem

284 5651 379 5704 est
408 5649 560 5718 apud
593 5648 890 5703 Hebreos.

359 5719 381 5754 ⁸
411 5716 643 5792 Reginae
705 5735 816 5792 me.
850 5720 984 5790 Ipsa
1002 5718 1202 5792 ducent
1249 5736 1354 5792 me,
1388 5722 1443 5774 et
1471 5718 1818 5792 introdurcnt
1865 5716 1935 5773 ad

286 5789 553 5860 montem,
575 5791 703 5849 sine
724 5789 904 5848 altero
923 5805 1012 5848 me
1035 5790 1403 5863 intermedio,
1429 5791 1583 5864 quod
1616 5794 1672 5846 et
1691 5789 1931 5848 Cisterc.

2108 1809 2296 1863 neque
2329 1792 2557 1863 gladius
2593 1809 2757 1848 meus
2789 1795 3040 1850 salvabit
3071 1813 3183 1863 me,

2037 1864 2184 1928 Quia
2215 1865 2458 1920 salvasti
2493 1881 2597 1919 nos
2629 1866 2699 1920 de
2731 1865 3001 1922 hostibus
3034 1868 3275 1936 nostris,

2107 1942 2163 1990 et
2192 1951 2291 1990 eos
2323 1937 2420 2006 qui
2455 1938 2700 1991 oderant
2727 1954 2852 2003 nos,
2889 1939 3221 1995 confudisti.

2038 2008 2098 2062 In
2133 2012 2247 2062 Deo
2281 2008 2659 2063 laudabimus
2682 2010 2702 2043 ⁹
2737 2015 2858 2063 tota
2890 2010 3005 2078 die,

2108 2083 2165 2134 et
2197 2078 2422 2133 nomini
2457 2084 2555 2133 tuo
2582 2079 2640 2133 in
2675 2089 2954 2135 aeternum
2991 2083 3426 2139 confitebimur.
3456 2087 3686 2141 Saurea

2036 2149 2253 2205 Verum
2289 2160 2342 2204 tu
2381 2151 2696 2220 projecisti,
2731 2157 2789 2206 et
2820 2154 3134 2207 confudisti
3171 2171 3314 2209 nos:

2108 2227 2165 2275 et
2196 2238 2310 2276 non
2345 2221 2661 2291 egredieris
2695 2224 2752 2276 in
2787 2224 3140 2279 exercitibus
3174 2224 3411 2280 nostris.

2037 2293 2274 2348 Vertisti
2309 2297 2471 2364 terga
2505 2299 2706 2348 nostra
2738 2294 2888 2349 hosti
2919 2313 2931 2350 :

2109 2372 2166 2419 et
2198 2365 2296 2435 qui
2331 2366 2582 2419 oderunt
2615 2381 2742 2430 nos,
2777 2367 3150 2437 diripuerunt
3181 2367 3292 2422 sibi
3323 2369 3386 2422 ιο.

2038 2437 2254 2510 Dedisti
2288 2453 2391 2490 nos
2423 2443 2703 2510 tanquam
2739 2454 2969 2507 gregem
3003 2439 3071 2493 ad
3103 2441 3451 2510 vorandum,

2111 2515 2168 2563 et
2200 2509 2256 2561 in
2291 2509 2563 2577 gentibus
2597 2510 2926 2579 dispersisti
2962 2527 3087 2565 nos.

2038 2579 2366 2634 Vendidisti
2401 2581 2680 2650 populum
2714 2586 2880 2634 tuum
2916 2581 3043 2636 sine
3074 2582 3294 2651 pretio:

2183 2665 2290 2724 nec
2324 2651 2563 2724 grandis
2598 2651 2708 2705 fuit
2729 2654 3109 2707 commutatio
3142 2669 3340 2708 eorum
3371 2654 3449 2724 (h.
3485 2659 3540 2710 et
3571 2672 3686 2711 non

2184 2723 2457 2795 fenerasti
2490 2722 2545 2775 in
2581 2724 3041 2778 commutatione
3069 2725 3318 2795 eorum).

2041 2793 2294 2848 Posuisti
2335 2810 2438 2847 nos
2470 2795 2841 2862 opprobrium
2879 2795 3087 2849 vicinis
3119 2793 3356 2859 nostris,

2114 2865 2635 2938 subsannationem
2663 2871 2717 2920 et
2758 2866 2995 2920 irrisum
3030 2867 3122 2920 his
3150 2867 3250 2938 qui
3282 2870 3449 2921 erant
3481 2866 3540 2921 in
3577 2867 3693 2922 cir-

2186 2937 2341 2989 cuitu
2380 2944 2599 2991 nostro.

2046 3006 2414 3132 Posugsltgnps
2438 3008 2885 3064 similitudinem
2920 3009 3000 3081 (h.
3037 3009 3400 3081 parabolam)
3426 3009 3688 3082 ingenti-

2231 3083 2390 3143 υειι⁹

2115 3151 2565 3224 commotionem
2627 3152 2835 3223 capitis
2870 3152 2925 3206 in
2959 3152 3232 3208 tribubus
3267 3153 3346 3223 (h.
3391 3152 3685 3224 plebibus)

2041 3220 2184 3275 Tota
2216 3223 2308 3276 die
2339 3223 2604 3276 confusio
2639 3220 2742 3291 (.Al'l.
2777 3225 3142 3292 verecundia)
3179 3220 3306 3279 mea
3339 3220 3542 3280 contra
3573 3220 3684 3293 me,

2112 3298 2168 3346 et
2201 3294 2526 3362 ignominia
2551 3295 2713 3349 faciei
2752 3312 2885 3349 meae
2921 3297 3219 3367 cooperuit
3242 3313 3348 3352 me.

2038 3365 2082 3417 A
2110 3380 2246 3419 voce
2275 3367 2684 3438 exprobrantis
2715 3373 2772 3438 et
2797 3365 3295 3438 blasphemantis:

2111 3453 2143 3490 a
2177 3437 2316 3491 facie
2347 3437 2567 3492 inimici
2595 3443 2650 3492 et
2681 3437 2909 3494 ultoris.

2039 3505 2768 3582 Omniaubachvenerunt
2824 3527 3000 3582 super
3056 3527 3184 3578 nos,
3232 3519 3282 3566 et
3317 3527 3429 3566 non
3480 3527 3691 3568 sumus

2179 3580 2340 3635 obliti
2377 3579 2501 3636 tui:

2111 3667 2215 3704 nec
2249 3652 2474 3706 mentiti
2509 3668 2718 3708 sumus
2746 3653 2802 3707 in
2840 3657 3005 3723 pacto
3037 3658 3158 3708 tuo.

2037 3721 2160 3776 Non
2195 3729 2285 3778 est
2315 3739 2665 3778 conversum
2701 3721 2853 3778 retro
2885 3741 2983 3777 cor
3015 3731 3280 3778 nostrum
3305 3743 3322 3777 :

2111 3809 2216 3847 nec
2249 3795 2691 3848 declinaverunt
2731 3811 2972 3864 gressus
3005 3797 3186 3849 nostri
3222 3813 3254 3850 a
3303 3795 3516 3850 semita
3563 3799 3687 3850 tua.

2038 3863 2322 3926 Quoniam
2349 3865 2612 3934 dejecisti
2649 3863 2754 3920 nos
2789 3866 2844 3918 in
2879 3866 3003 3919 loco
3040 3869 3385 3934 draconum,

2108 3941 2165 3990 et
2197 3936 2480 4008 operuisti
2515 3953 2619 3991 nos
2647 3937 2689 3970 ¹²
2720 3937 2926 3991 umbra
2959 3937 3184 3992 mortis.

2038 4078 2133 4133 hic
2165 4083 2336 4133 tacet.
2397 4083 2541 4132 Tum
2577 4078 2646 4133 ad
2701 4078 3122 4133 tabernaculum
3154 4087 3331 4144 tuum,
3387 4078 3456 4134 ad
3505 4079 3689 4135 altare

2035 4153 2213 4231 tuum,
2279 4166 2382 4221 pro
2431 4151 2566 4219 Dei;
2626 4149 2996 4206 Cisterciens.
3026 4151 3098 4206 ad
3129 4151 3319 4206 altare
3349 4154 3523 4219 tuum,
3578 4151 3686 4206 Do-

2037 4237 2356 4346 ml‘qle‘lostri
2387 4309 2528 4345 mss.
2563 4296 2619 4346 et
2651 4308 2797 4362 quos
2831 4292 3098 4348 Martian.
3127 4292 3349 4360 laudat,
3380 4294 3489 4347 Pro
3518 4291 3684 4347 victo-

2039 4366 2126 4419 ria
2154 4364 2401 4433 ﬁliorum
2435 4365 2568 4418 Core
2596 4365 2929 4419 erwlz'n'onis

2110 4437 2129 4470 ⁷
2151 4441 2256 4490 Ms.
2295 4437 2540 4506 Reginae,
2593 4435 2977 4500 complacuisti
3002 4435 3126 4502 tibi,
3164 4451 3266 4506 pro
3298 4435 3356 4488 in
3387 4436 3464 4489 eis
3485 4453 3504 4489 :
3555 4438 3680 4490 tum

1963 4493 2008 4556 D
2039 4523 2094 4563 es
2146 4523 2247 4562 rex
2299 4493 2480 4575 meus,
2529 4493 2760 4578 absque
2821 4509 2956 4579 ipse,
2997 4493 3264 4578 quodet
3313 4506 3680 4562 Cisterciens.

2038 4583 2211 4633 tacet.

2109 4650 2128 4683 ⁸
2162 4649 2355 4706 Nostri
2389 4653 2446 4704 et
2475 4649 2795 4705 Martianzri
2849 4647 3048 4718 plures
3080 4666 3224 4704 mss.
3255 4665 3358 4718 pro
3387 4650 3681 4704 salutibus.

2108 4722 2128 4755 ⁹
2158 4721 2332 4776 Iidem
2365 4737 2497 4775 cum
2528 4721 2715 4786 editis,
2749 4723 2807 4776 in
2838 4721 3064 4775 Domino
3091 4721 3466 4791 gaudebimus.

2115 4793 2156 4828 ¹⁰
2215 4792 2519 4847 Interserit
2584 4792 2952 4847 Cisterciens.
3013 4809 3124 4846 ms.
3197 4809 3405 4847 nomen
3465 4794 3604 4846 Deus
3666 4806 3680 4845 :

2040 4867 2214 4935 paulo
2273 4880 2404 4919 cum
2465 4865 2694 4918 duobus
2753 4864 2980 4934 Reginae
3013 4863 3370 4928 diripuerunt
3401 4879 3517 4931 nos,
3579 4879 3681 4934 pro
3761 4883 3770 4891 ·

2036 4935 2166 4990 sibi.

2112 5008 2152 5042 ¹¹
2188 5011 2261 5060 De
2317 5004 2582 5074 praesenti
2641 5005 2928 5060 versiculo
2957 5006 3348 5077 Hieronymus
3390 5006 3476 5077 in,
3505 5003 3678 5077 epist.

2038 5077 2107 5132 ad
2137 5079 2313 5132 Sunn.
2345 5085 2397 5131 el
2426 5077 2620 5131 Fretel.
2653 5099 2680 5124 ‹‹
2717 5077 2987 5147 Alioquin
3023 5078 3078 5132 in
3112 5075 3418 5144 Hebraico,
3466 5075 3680 5146 inquit,

2038 5150 2121 5204 ita
2167 5147 2450 5219 scriptum
2501 5147 2726 5218 reperi:
2764 5149 3010 5204 Posuisti
3052 5166 3157 5204 nos
3204 5147 3573 5220 proverbium
3621 5147 3682 5200 in

2038 5221 2335 5292 gentibus.
2370 5220 2552 5292 MAaT.
2593 5241 2614 5266 ιι

2107 5321 2176 5331 -
2207 5292 2422 5346 Tacent
2451 5290 2511 5344 in
2541 5288 2807 5344 voculam
2843 5291 2957 5344 duo
2988 5307 3018 5345 e
3049 5291 3265 5345 nostris
3289 5305 3432 5345 mss.
3467 5289 3524 5343 S.
3551 5304 3682 5342 vero

2041 5363 2210 5418 Pater
2258 5364 2315 5417 in
2374 5361 2546 5432 epist.
2578 5361 2650 5432 ad
2709 5361 2994 5415 Sunniam
3025 5369 3077 5415 et
3113 5360 3421 5426 Fretelam,
3455 5361 3525 5432 In_
3563 5363 3684 5413 lle-

2041 5433 2246 5498 braico,
2305 5429 2519 5504 inquit,
2579 5431 2659 5504 ita!
2715 5433 3236 5504 scriptum‘reperi.
3281 5429 3526 5504 Posuisti
3588 5445 3686 5485 nos

2079 5501 2469 5561 roverbium’in
2486 5501 2737 5571 gentibus
2764 5519 2782 5555 :
2804 5518 2979 5572 quem
3003 5501 3204 5561 laudat
3231 5508 3286 5557 et
3312 5501 3684 5558 Martianzeus

2066 5592 2262 5631 ocum.

2115 5649 2160 5684 ¹²
2193 5649 2256 5702 In
2291 5645 2658 5702 Cisterciens.
2718 5659 2830 5698 ms.
2864 5645 3078 5710 operuit
3108 5661 3225 5711 nos,
3261 5648 3397 5710 etc.,
3457 5647 3514 5699 et
3553 5659 3688 5698 mox

2042 5718 2204 5777 obliti
2258 5734 2447 5775 sumus
2476 5717 2718 5774 nominis
2752 5715 2990 5784 Domini,
3023 5716 3150 5774 sine
3209 5717 3430 5785 addito,
3486 5717 3683 5774 nostri.
