4050 6182
227 246 366 302 1225

295 372 533 450 agitatis
560 373 619 450 in
653 375 955 450 montibus
982 375 1041 432 in
1074 378 1336 450 potentia
1364 380 1513 450 ejus.
1537 381 1790 438 SEMPEB.

220 445 512 518 Fluminis
555 447 876 502 divisiones
909 449 1057 518 ejus.

295 517 592 572 laetificant
641 517 1068 578 civitatem’Dei
1107 523 1295 578 sancti

291 589 669 646 tabernacula
720 591 1008 648 Altissimi
1043 596 1082 647 ί.

222 665 376 717 Deus
407 661 465 734 in
499 663 687 718 medio
717 666 845 734 ejus
879 682 990 721 non
1044 666 1542 722 commovebitur:

290 733 672 790 auxiliabitur
701 733 757 790 ei
786 738 933 792 Deus
982 737 1040 790 in
1073 743 1201 792 ortu
1237 739 1544 794 matutino.

217 803 586 884 Conturbatw
618 812 758 862 sunt
787 814 1012 877 gentes,
1047 825 1332 865 concussa
1363 817 1501 865 sunt
1539 825 1757 884 regna:

291 877 452 951 dedit
479 893 678 934 vocem
703 949 713 951 _
737 896 929 947 suam,
962 886 1256 951 prostrata
1285 886 1375 938 est
1404 888 1579 938 terra.

219 948 504 1023 Dominus
532 949 893 1006 exercituum
920 948 1262 1008 nobiscum:

293 1025 584 1092 protector
613 1028 810 1078 noster
839 1028 991 1079 Deus
1021 1023 1223 1080 Jacob.
1257 1024 1508 1080 Saurea.

214 1091 424 1149 Venite
456 1097 513 1148 et
563 1094 752 1166 videte
784 1111 960 1166 opera
989 1095 1221 1151 Domini
1248 1112 1261 1149 :

289 1169 545 1238 quantas
577 1165 876 1238 (hequo’t)
908 1167 1170 1238 posuerit
1201 1167 1548 1223 solitudines
1595 1167 1656 1223 in
1687 1171 1864 1225 terra.

216 1236 555 1308 Compescit
585 1236 745 1310 bella
769 1236 954 1310 usque
991 1241 1063 1294 ad
1104 1243 1430 1295 extremum
1462 1246 1651 1295 terrae.

284 1325 485 1385 arcum
501 1309 848 1380 confringet,
872 1315 943 1385 et
977 1313 1243 1385 concidet
1263 1311 1611 1385 hastam§AL
1630 1311 1866 1367 hastas:

291 1380 562 1451 plaustra
593 1385 898 1437 comburet
929 1383 1074 1454 igni.

209 1452 453 1525 Cessate
483 1457 540 1507 et
567 1456 906 1524 cognoscite
935 1452 1213 1524 quoniam
1243 1470 1348 1525 ego
1390 1471 1524 1510 sum
1566 1454 1758 1511 Deus:

281 1524 582 1598 exaltabor
626 1525 686 1579 in
718 1526 1014 1598 gentibus,
1046 1524 1346 1581 exaltabor
1385 1527 1445 1581 in
1500 1532 1686 1582 terra.

207 1593 506 1652 Dominus
536 1593 897 1652 exercituum
947 1599 1296 1653 nobiscum:

279 1668 565 1796 forstitudo
588 1674 788 1725 nostra
806 1670 885 1740 (h.
907 1677 1216 1742 susceptor
1237 1672 1457 1740 noster)
1486 1674 1637 1726 Deus
1661 1668 1862 1726 Jacob.

404 1757 612 1795 supra.

404 1757 477 1795 EI
484 1757 612 1795 PER.

276 1873 506 1913 vrc'ronr
542 1857 564 1892 ³
592 1873 874 1914 rmoaum
906 1875 1052 1915 cons
1082 1876 1370 1916 CANTICUM
1404 1860 1484 1932 (h.
1510 1875 1788 1916 PSALMUS.

202 1955 470 2030 (ΧΙΝΙΙ.)
519 1955 739 2030 Omnes
770 1957 971 2029 populi
1028 1958 1134 2030 (At.
1167 1960 1412 2028 gentes),
1449 1957 1710 2030 plaudite
1741 1974 1862 2014 ma-

280 2027 480 2094 nibus)
504 2027 903 2098 jubilate’Déo
955 2030 1016 2084 in
1037 2027 1189 2084 voce
1219 2029 1432 2084 laudis.

200 2099 496 2165 Quoniam
529 2099 814 2156 Dominus
845 2101 952 2171 (Al.
992 2101 1160 2170 Deus)
1181 2101 1507 2158 altissimus
1537 2099 1857 2158 terribilis:

282 2187 385 2227 rex
434 2187 686 2255 magnus
718 2188 1161 2255 super-omnem
1192 2177 1432 2230 terram.

201 2243 604 2316 Congregavitr
631 2243 879 2316 populos
907 2249 928 2283 ³
968 2245 1170 2300 subter
1199 2263 1327 2301 nos.

276 2321 335 2370 et
358 2315 559 2388 tribus
588 2315 671 2388 (h.
707 2315 928 2388 plebes)
959 2318 1072 2372 sub
1097 2318 1348 2388 pedibus
1371 2316 1608 2372 nostris.

200 2387 400 2444 Elegit
428 2387 598 2442 nobis
623 2387 1024 2443 hereditatem
1057 2387 1321 2444 nostram
1346 2406 1359 2444 :

277 2457 526 2532 gloriam
585 2458 666 2530 (h.
723 2459 1086 2532 superbiam)
1140 2460 1320 2517 Jacob
1391 2475 1571 2531 quam
1632 2457 1856 2516 dilexit.

350 2538 599 2586 Saurea.

197 2603 492 2659 Ascendit
522 2602 678 2658 Deus
707 2601 767 2656 in
805 2601 998 2673 jubilo
1026 2619 1040 2658 :

278 2674 567 2730 Dominus
602 2674 914 2746 (ALDeus)
954 2674 1014 2729 in
1049 2689 1189 2730 voce
1219 2673 1501 2731 buccinae.

198 2746 415 2820 Canite
446 2747 539 2820 (h.
562 2745 816 2820 pSallite)
849 2746 965 2820 Deo
998 2747 1185 2820 canite
1217 2747 1296 2815 (h.
1331 2746 1610 2820 psallite).

280 2816 473 2891 canite
501 2816 583 2889 (h.
610 2816 866 2889 psallite)
899 2818 1240 2891 regiinostro
1259 2816 1448 2876 canite
1468 2820 1547 2891 (h.
1571 2816 1856 2891 psallite).

199 2890 357 2957 Quia
386 2906 485 2944 rex
511 2891 795 2944 universas
824 2893 992 2944 terra
1024 2890 1178 2947 Deus
1202 2907 1216 2948 :

279 2963 474 3018 canite
505 2961 584 3032 (h.
622 2961 874 3033 psallite)
900 2962 1146 3018 erudite.

198 3033 490 3099 Regnavit
519 3039 671 3089 Deus
729 3049 908 3105 super
936 3040 1139 3105 gentes
1164 3053 1181 3088 :

276 3105 434 3160 Deus
465 3105 629 3161 sedet
659 3121 837 3177 super
856 3105 1135 3161 thronum
1169 3108 1441 3162 sanctum
1471 3121 1670 3163 suum.

191 3177 507 3250 Principes
536 3177 881 3250 pppulorum
915 3180 1252 3250 congregati
1283 3182 1424 3234 sunt

270 3247 663 3322 populus'Dei
701 3248 997 3304 Abraham
1024 3266 1036 3303 :

273 3319 556 3392 queniam
585 3319 667 3375 dii
711 3324 879 3392 scuta
903 3326 1072 3376 terrae

271 3389 652 3450 vehementer
679 3391 903 3448 elevata
932 3392 1038 3465 (Al.
1073 3389 1300 3462 elevati)
1333 3393 1495 3448 sunt.

488 3524 770 3564 CANTICUM
801 3525 1011 3564 psum
1041 3508 1063 3542 ‘
1089 3523 1368 3563 FILIORUM
1407 3524 1565 3564 cons.

193 3605 500 3681 (xl.VI_lI_.)
531 3606 781 3681 Magnus
812 3607 1095 3681 Dominus
1126 3609 1182 3662 et
1211 3605 1527 3662 laudabilis
1560 3605 1777 3662 nimis:

272 3679 335 3734 in
364 3678 598 3734 civitate
629 3677 731 3734 Dei
762 3677 949 3734 nostri
989 3678 1048 3733 in
1081 3682 1278 3733 monte
1307 3681 1511 3733 sancto
1543 3694 1673 3746 suo,

192 3750 485 3823 Specioso
505 3749 761 3823 germini
799 3750 1013 3822 gaudio
1045 3749 1329 3823 universas
1359 3754 1524 3806 terra
1548 3768 1568 3805 :

275 3821 464 3878 monti
495 3822 632 3893 Sion
672 3821 959 3878 lateribus
1013 3821 1311 3893 aquilonis

271 3892 586 3966 civitatulas
630 3893 784 3965 regis
816 3893 1034 3966 magni.

188 3967 364 4022 Deus
416 3965 474 4019 in
517 3965 793 4021 domibus
831 3965 998 4036 ejus:

269 4036 514 4109 agnitus
544 4042 632 4093 est
657 4037 717 4092 in
751 4037 1105 4092 auxiliando.

189 4109 354 4175 Quia
383 4123 516 4164 ecce
545 4125 708 4180 reges
735 4109 1071 4180 congregati
1104 4111 1243 4164 sunt
1267 4123 1280 4162 :

271 4126 354 4164 ua
383 4125 516 4164 ecce
545 4125 605 4164 re
649 4126 708 4165 es
735 4125 1071 4180 congregati
1104 4125 1243 4164 sunt
1267 4125 1280 4162 :

271 4185 565 4237 venerunt
595 4125 681 4252 (ἱ.
721 4181 1110 4251 translerunt)
1141 4178 1343 4236 simul.

189 4252 325 4326 Ipsi
358 4253 621 4326 videntes
664 4252 749 4307 sic
802 4254 1276 4326 obstupuerunt:

272 4323 614 4380 conturbati
645 4328 806 4394 sunt,
857 4323 1126 4379 admirati
1157 4326 1318 4378 sunt.

191 4396 427 4452 Horror
454 4396 715 4466 possedit
743 4410 842 4451 eos
871 4395 951 4450 ibi
987 4411 998 4450 :

274 4464 584 4538 dolor—(At.
628 4466 878 4540 dolores)
906 4465 1072 4540 quasi
1109 4464 1508 4538 parturientis.

195 4541 270 4596 In
309 4544 486 4594 vento
511 4538 796 4604 uredinis,

275 4611 612 4693 confringes
645 4613 666 4646 ⁵
693 4626 868 4693 naves
897 4608 1158 4693 Tharsis.

192 4683 373 4740 Sicut
405 4681 763 4752 audivimus,
794 4682 877 4738 ita
921 4681 1180 4737 vidimus

280 4860 536 4916 ‘Iterum
558 4859 744 4916 nostri
764 4876 906 4916 mss.
934 4859 1252 4930 pluresque
1271 4860 1423 4932 apud
1451 4859 1858 4932 Martianaeum

197 4933 460 5000 la’tiﬁeat
513 4935 791 4988 civitatem
842 4932 963 5000 Dei)
991 4941 1250 4987 sanctum
1307 4931 1729 4988 tabernaculum
1760 4932 1860 4988 Αι-

198 5006 437 5087 tissimz'.
470 5005 653 5087 'ljum.
679 5005 860 5087 nostri
905 5005 1189 5087 duntaxat
1221 5020 1242 5087 ε.
1269 5004 1533 5087 Dominus
1583 5007 1644 5059 tn
1685 5005 1862 5061 medio

200 5079 351 5147 eius,
385 5092 452 5130 ac
483 5077 714 5141 deinde,
740 5078 885 5132 Deus
916 5078 974 5131 in
1017 5077 1138 5146 ipso
1158 5079 1282 5131 ortu
1310 5078 1606 5132 matutino.

282 5149 306 5182 ²
337 5148 707 5204 Γὶεῑθτεὶθῐιε.
744 5165 856 5202 ms.
922 5149 1160 5202 Victoria
1185 5189 1197 5201 .
1231 5146 1461 5218 Reginae
1512 5149 1638 5203 cod.
1673 5148 1860 5205 Victo-

196 5221 395 5280 riam;
427 5219 626 5276 nullus
657 5237 686 5274 e
725 5219 948 5275 nostris
982 5220 1187 5275 Victori
1215 5220 1466 5290 praal‘ert.

283 5309 304 5341 ³
337 5307 701 5378 Exemplaria
731 5308 986 5363 Canonis
1017 5308 1147 5374 tria,
1200 5307 1684 5372 Carcasssnense,
1716 5311 1860 5362 San-

196 5378 608 5435 Germanense
666 5386 723 5435 et
774 5378 1216 5450 Memmianum,
1250 5395 1384 5434 cum
1447 5379 1678 5435 duobus
1729 5379 1861 5435 aliis

201 5467 384 5512 mss,
418 5451 655 5521 Subjecit
712 5451 958 5520 populos.
997 5451 1182 5505 MART.

285 5524 307 5556 δ
339 5523 400 5576 ln
440 5529 594 5578 recto
625 5524 903 5591 Psatmus,
938 5522 1122 5578 nostri
1155 5537 1356 5576 omnes
1389 5538 1531 5578 mss.
1566 5521 1789 5594 legunt.

283 5611 383 5683 εἰη
415 5611 785 5668 Cisterciensi
840 5629 974 5678 ms,
1034 5612 1385 5682 confringens
1417 5611 1591 5668 (tum
1633 5611 1861 5683 junctis

195 5681 457 5757 {aliquis
487 5685 790 5748 omnibus,
821 5700 987 5739 nave:
1003 5681 1176 5738 maris
1208 5681 1310 5754 pro
1343 5683 1560 5739 Tharsts
1583 5681 1860 5757 (denique

191 5755 309 5811 Det
336 5758 677 5811 exercituum
720 5772 823 5826 pro
854 5757 1100 5822 Domini,
1134 5759 1244 5810 etc.

298 5827 318 5862 ⁸
347 5827 582 5895 Verius,
615 5833 779 5900 puto,
806 5827 948 5900 legit
979 5827 1214 5900 Reginae
1237 5842 1348 5883 ms.
1383 5826 1443 5882 in
1466 5830 1621 5882 recto
1652 5827 1860 5886 Frater.

530 5945 794 6009 ernor.
839 5941 1115 6007 XXVIII.

1570 258 1786 314 LIBER.
1822 259 2285 318 PSALMOBUM.

1891 1761 1940 1828 B

3488 289 3630 349 1226

1893 387 1948 453 Α
2049 391 2108 473 in
2143 388 2376 473 civitate
2408 391 2636 473 Domini
2669 398 3052 473 exercituum,

2047 464 2106 517 in
2139 462 2370 517 civitate
2407 465 2500 518 Dei
2546 470 2765 525 nostri:

1974 534 2418 662 DeussfpiideEti‘vit
2435 553 2560 592 eam
2588 555 2774 611 usque
2795 541 2855 598 in
2879 547 3160 605 aeternum
3193 551 3270 615 (h.
3295 560 3624 636 saeculum).

1975 677 2435 754 Esiimavimus,
2471 683 2644 754 Deus,
2688 683 3152 750 misericordiam
3188 699 3347 754 tuam

2048 753 2104 805 in
2142 749 2331 804 medio
2389 741 2731 822 templitui.
3192 741 3371 769 “·““”

1974 822 2334 902 ΒεείςμῃρυῐῐιΔ
2373 839 2584 878 nomen
2617 829 2810 902 tuom,
2845 834 3014 902 Deus,

2047 893 2293 978 siclaos
2319 897 2425 978 tua
2453 911 2639 978 usque
2684 899 2743 978 in
2777 893 2880 968 (At.
2914 893 3033 978 ad.)
3057 913 3380 973 extremum
3413 920 3580 976 terra
3608 935 3623 978 ε

2047 964 2277 1037 iustitia
2306 963 2528 1036 repleta
2543 963 2647 1024 'est
2701 963 2940 1030 dextera
2970 963 3089 1035 his;
3136 963 3380 973 **-~*—-
3416 963 3580 976 -ν-ιυυ
3608 964 3626 982 .

1977 1039 2228 1094 Laetetur
2257 1052 2439 1114 mons
2457 1037 2616 1114 Sion,
2648 1043 2942 1103 exsultent
2971 1047 3100 1107 ﬁliai
3132 1052 3297 1112 Judm
3325 1073 3340 1114 :

2048 1113 2284 1181 propter
2308 1108 2538 1179 judicia
2575 1116 2698 1167 tua.

1975 1181 2346 1262 Circumdate
2373 1181 2532 1262 Sion,
2565 1188 2620 1238 et
2652 1183 2895 1262 eircuite
2938 1206 3090 1262 eam,

2049 1256 2345 1327 numerate
2398 1257 2587 1309 turres
2618 1256 2769 1327 ejus,

1977 1325 2179 1381 Ponite
2211 1339 2309 1414 cer
2339 1325 2690 1414 vesltriumli‘n
2746 1325 3150 1414 m_(1enibus_(h.
3192 1339 3251 1396 in
3283 1343 3552 1414 virtute):

2051 1399 2327 1476 separate
2351 1396 2565 1476 palatia
2595 1399 2704 1470 (At.
2737 1401 2865 1476 add.
2900 1396 3093 1476 ejus)‘;

1978 1468 2049 1524 Ut
2079 1467 2364 1524 enarratis
2413 1469 2472 1522 in
2504 1467 2878 1539 generatione
2918 1467 3260 1539 novissima.

1975 1540 2258 1622 Quia‘iste
2291 1540 2398 1622 (At;
2428 1541 2552 1612 ipse
2583 1543 2694 1622 est)
2731 1545 2880 1602 Deus
2908 1547 3063 1607 Deus
3094 1560 3294 1612 noster
3336 1557 3396 1614 in
3430 1577 3621 1618 saecu-

2119 1611 2279 1685 lum,
2297 1616 2354 1666 et
2384 1611 2840 1685 inperpetuum
2869 1636 2882 1673 :

2045 1683 2172 1756 ipse
2202 1682 2310 1739 erit
2367 1682 2713 1742 dux’noster
2741 1687 2802 1743 in
2848 1696 3096 1751 mortem
3131 1696 3213 1770 (h.
3249 1698 3309 1756 in
3362 1702 3622 1777 secula).

2040 1815 2266 1857 VICTORI
2300 1815 2578 1856 FILIORUM
2605 1817 2752 1858 cons
2794 1821 3089 1867 CANTICUM
3119 1812 3205 1882 (h.
3251 1819 3552 1892 pessmus).

1970 1896 2466 1986 (XLlX_..)7Auditeg
2493 1896 2602 1986 hoc
2634 1899 2738 1984 (At:
2768 1901 2933 1986 haec),
2961 1922 3164 1986 omnes
3198 1913 3445 1986 populi:

2043 1968 2614 2114 αυᾶὸυοῗὶξῗῶοἰρὶῑθ,
2638 1968 2902 2032 universi
2918 1968 3626 2047 habitatores‘occidentis

1969 2112 2483 2200 Tam'ﬁliiitdam,
2509 2129 2695 2200 ‘quam
2725 2115 2831 2173 filii
2862 2117 2945 2192 (h.
2976 2121 3110 2195 viri)
3139 2125 3553 2200 singulorum:

2042 2186 2224 2258 simul
2254 2184 2418 2258 dives
2471 2188 2529 2239 et
2545 2184 2802 2258 pauper.

2039 2257 2117 2314 οε
2170 2271 2369 2345 sese
2399 2253 3038 2345 le99,étur'.sapiestie
3068 2266 3202 2345 (ἀι..-
3223 2271 3621 2345 Sapientiam).

1968 2335 2028 2386 et
2058 2328 2358 2385 meditatio
2389 2328 2584 2384 cordis
2607 2329 2722 2385 mei
2750 2328 3095 2404 prudentiae
3115 2339 3221 2410 (At.
3245 2328 3622 2414 prudentiain

1967 2471 2273 2550 Inclinabo
2305 2471 2409 2550 (At.
2434 2469 2674 2550 inclino)
2707 2475 3140 2550 adparabolam
3163 2500 3366 2545 aurem
3391 2503 3583 2550 meam
3608 2508 3623 2550 :

2041 2545 2299 2621 aperiam
2331 2543 2391 2621 in
2433 2543 2665 2621 cithara
2691 2543 2942 2621 enigma
2975 2569 3192 2612 meum.

1968 2617 2158 2682 Quare
2186 2615 2406 2671 timebo
2456 2615 2516 2669 in
2548 2615 2757 2674 diebus
2789 2615 2930 2676 mali
2952 2625 2981 2678 Ὺ

2040 2687 2326 2758 iniquitas
2356 2685 2614 2758 calcanei
2641 2690 2756 2744 mei
2797 2693 3191 2753 circumdabit
3215 2715 3329 2758 me.

1969 2760 2087 2840 Qui
2108 2757 3132 2840 fiduciamhabentnin_t‘ortitudine
3165 2787 3292 2840 sua,

2038 2837 2095 2888 et
2113 2831 2184 2916 in
2217 2829 2595 2916 multitudine
2615 2831 2952 2892 divitiarum
2976 2855 3220 2916 suarum
3243 2829 3615 2916 superbiant.

2113 2903 2374 2974 Fratrem
2403 2902 2426 2937 ⁸
2455 2903 2753 2960 redimens
2801 2923 2917 2963 non
2948 2911 3204 2969 redimet
3231 2902 3366 2974 vir.:

2041 2991 2148 3054 nec
2177 2972 2340 3054 dabit
2369 2975 2983 3054 Deo_propi_tiationem
3019 2999 3122 3054 pro
3152 3000 3219 3041 eo
3246 3004 3260 3042 ε

2039 3051 2099 3102 et
2121 3045 2828 3118 pretium‘rcdemptionis
2855 3045 3064 3110 animis
3089 3071 3293 3114 eorum
3315 3074 3336 3114 :

1881 3131 1925 3202 ο
1966 3117 2081 3203 Sed
2100 3115 2362 3203 quiescei
2377 3115 2755 3203 inOszsou‘Io,.et
2772 3121 2924 3203 vivet
2938 3123 3161 3203 ultrain
3179 3129 3616 3203 sempiternum

2035 3198 2092 3246 et
2116 3187 2248 3272 non.
2266 3187 2485 3277 videbit
2532 3187 2835 3277 interitum
2868 3196 2973 3277 (At.
3009 3197 3068 3277 in
3109 3187 3436 3277 aeternum),

2035 3277 2166 3317 cum
2195 3260 2406 3332 viderit
2435 3261 2729 3332 sapientes
2782 3260 3101 3326 morientes
3131 3288 3146 3326 :

1959 3332 2150 3414 Simul
2183 3331 2471 3414 insipiens
2499 3331 2559 3414 et
2585 3335 3185 3414 indoctusperibunt,

2033 3409 2091 3461 et
2119 3403 2456 3476 relinquent
2487 3403 2692 3462 alienis
2724 3403 2957 3468 divitias
2987 3428 3150 3471 suas.

1961 3476 2248 3554 Interiora
2290 3493 2400 3554 sua
2428 3477 2636 3554 domos
2667 3494 2807 3536 suas
2839 3482 2898 3538 in
2941 3485 3179 3554 seculo,

2031 3546 2408 3631 tabernacula
2449 3564 2571 3630 sua.
2605 3548 2665 3631 in
2697 3555 3073 3631 generatione
3104 3546 3176 3631 eti
3191 3560 3609 3631 generatione:

2032 3572 2408 3605 tabernacula
2449 3572 2558 3604 sua
2605 3572 2665 3604 ω
2697 3572 3073 3623 generauone
3104 3572 3163 3613 et
3232 3572 3609 3620 enoratlone:

2030 3623 2386 3703 vocaverunt
2415 3620 2754 3679 nominibus
2784 3626 2910 3682 suis
2933 3632 3121 3703 terras
3146 3572 3234 3700 (Agt
3265 3631 3392 3688 add.
3425 3643 3610 3703 suas),

1958 3693 2031 3749 Et
2055 3692 2232 3747 homo
2263 3691 2320 3745 in
2355 3691 2570 3748 honore
2600 3711 2715 3749 non
2749 3691 3286 3758 commorabitur":

2033 3762 2398 3846 assimilatus
2417 3763 2522 3844 (At.
2536 3764 3084 3846 add..est)jumen_tis
3097 3776 3505 3846 etequuatus
3517 3779 3609 3832 est

1959 3839 2093 3913 Haec
2123 3837 2343 3913 est_via
2371 3837 2721 3913 insipientia:
2751 3853 2954 3895 eorum
2985 3840 3065 3911 (h.
3100 3843 3196 3898 via
3215 3837 3463 3913 eor-um),

2032 3911 2090 3963 et
2117 3907 2250 3987 post
2279 3920 2377 3987 eos
2416 3903 2588 3987 juxta
2617 3923 2913 3987 os_eqrum
2943 3903 3202 3987 current.
3241 3903 3496 3973 Salapia.

1959 3974 2390 4107 Quassicgeiiegéii.
2415 3977 2592 4050 oves)
2616 3977 2672 4035 in
2689 3977 2918 4039 inferno
2939 3983 3118 4056 positi
3135 3991 3280 4043 sunt
3300 3986 3482 4061 (mors
3503 4005 3606 4062 pa-

2033 4125 2091 4176 et
2116 4119 2433 4196 subjicient
2461 4136 2562 4177 eos
2591 4121 2732 4178 recti
2760 4122 2820 4180 in
2865 4127 3179 4196 matutino,

2031 4196 2087 4248 et
2107 4192 2305 4274 figura
2329 4207 2530 4248 eorum
2563 4198 2899 4253 conteretur
2927 4197 2988 4254 in
3011 4192 3242 4257 inferno
3271 4203 3405 4274 post
3434 4200 3605 4259 habi-

2101 4262 2364 4319 taculum
2397 4281 2596 4320 suum.

1961 4334 2385 4412 Verumtamen
2411 4340 2572 4412 _Deu_s
2603 4337 2852 4396 redimet
2886 4340 3147 4399 animam
3178 4359 3393 4412 meam,

2036 4407 2108 4496 cie
2129 4423 2316 4496 ‘manu
2341 4407 2719 4496 infernivcu-m
2752 4415 3177 4496 asseumpserit
3205 4432 3320 4473 me.
3353 4407 3610 4474 Summa.

1889 4502 1934 4568 D
1964 4477 2102 4568 Noli
2118 4477 2349 4568 timere‘
2363 4495 2498 4568 cum
2531 4480 2768 4568 ditetus.
2781 4483 2971 4568 fuerit.
2992 4477 3113 4568 'vi_r,

2038 4565 2173 4605 cum
2205 4549 2595 4630 multiplicata
2624 4553 2800 4630 fuerit
2827 4549 3255 4630 gloriadomus
3284 4557 3434 4630 ejus.

1969 4621 2171 4692 Neque
2200 4622 2359 4678 enim
2391 4623 2646 4679 moriens
2677 4621 3069 4684 tollet'omnia
3101 4645 3116 4684 :

2040 4709 2147 4749 nec
2177 4693 2488 4750 descendet
2516 4699 2650 4766 post
2693 4713 2827 4753 eum
2855 4697 3044 4771 gloria
3071 4701 3221 4772 ejus,

2039 4868 2366 4949 “Hactenus
2397 4868 2618 4949 lectum
2679 4877 2770 4928 est
2797 4875 3254 4949 commovebitur,
3287 4879 3443 4949 quod
3483 4896 3617 4935 ver-

1971 4939 2112 5019 bum
2162 4940 2334 5019 plane
2381 4943 2606 5019 videtur
2667 4949 2725 5000 et
2775 4948 2991 5019 asacri
3049 4939 3366 5019 Scriptoris
3418 4955 3617 5007 mente

1969 5015 2362 5084 contextuque
2390 5013 2674 5083 alienum,
2706 5020 2764 5071 et
2794 5017 2948 5073 facili
3001 5013 3261 5076 veterum
3293 5038 3617 5078 amanuen-

1971 5083 2352 5161 siumierrOre
2383 5086 2773 5142 substitutum
2808 5106 2911 5161 pro
2944 5091 3203 5161 genuino
3251 5094 3619 5149 commorabi-

1971 5159 2235 5232 tur._Hoc
2284 5157 2428 5232 adeo
2457 5173 2568 5232 nos
2625 5157 3020 5232 reposuimus,
3055 5180 3170 5219 non
3202 5167 3399 5219 tamen
3429 5182 3501 5220 ex
3530 5167 3621 5222 in-

1971 5226 2336 5317 geniohsed.
2383 5227 2642 5317 prim‘um
2692 5226 2773 5286 'ex
2825 5226 3206 5317 antiquorum
3269 5235 3507 5317 Regina:
3557 5251 3625 5292 ac

1970 5301 2384 5372 Cisterciensis
2444 5301 2710 5356 codicum
2768 5301 3134 5372 auctoritate,
3184 5311 3309 5360 tum
3356 5301 3625 5362 'duorum

1973 5385 2207 5447 quoque
2235 5370 2847 5447 apudMartianaaum,
2879 5377 2978 5447 qui
3001 5370 3234 5433 tametsi
3259 5377 3406 5433 alias
3424 5378 3626 5434 minus

1971 5441 2288 5508 emendati,
2349 5441 2443 5497 hic
2476 5449 2631 5499 certe
2659 5461 2793 5501 eum
2836 5441 2915 5501 dé
2948 5465 3077 5504 vera
3111 5447 3358 5505 lectione
3389 5466 3627 5506 monere

1972 5511 2322 5584 potuissent.
2356 5515 2654 5592 Persuasit
2681 5533 2787 5572 nos
2819 5518 3068 5589 denique
3097 5521 3375 5577 Hebraeus
3406 5526 3627 5592 textus,

1971 5602 2031 5655 in
2064 5617 2179 5671 quo
2212 5605 2303 5657 est
2333 5587 2570 5670 τηινγ-51,
2603 5604 2659 5659 id
2692 5613 2802 5674 est,
2832 5623 2944 5661 non
2971 5587 3377 5679 perseverabit,
3408 5611 3528 5667 sive
3557 5587 3628 5668 ad

1991 5687 2278 5758 litteram,
2310 5708 2419 5747 non
2447 5693 2815 5763 pernoclabit,
2848 5711 3023 5765 quem
3065 5713 3304 5754 sensum
3332 5699 3506 5758 verba
3533 5717 3645 5759 non

1983 5765 2436 5833 commorabitur,
2468 5765 2641 5822 unice
2672 5766 2953 5823 referunt.

3232 5963 3312 6025 39
