4050 6182
469 227 612 286 1235

544 356 790 436 sperabo
818 355 882 436 i_n
915 358 1272 436 protectione
1303 359 1530 436 alarum
1572 368 1832 419 tuarum.
1861 368 2116 423 SEMPER.
2151 372 2205 436 Α

481 427 575 510 Tu_
605 427 1314 510 enitheuspesaudisti
1349 434 1669 510 orationem
1706 454 1919 510 meam,

543 500 756 555 dedisti
789 499 1189 557 hereditatem
1221 504 1565 561 timentibus
1599 524 1808 563 nomen
1839 499 2031 564 tu'um.

478 570 614 627 Dies
643 587 819 644 super
849 571 970 627 dies
997 573 1150 644 regis
1181 575 1422 644 adjicies
1448 594 1459 631 :

543 659 728 720 annos
759 643 886 714 ejus
913 643 1095 720 donec
1126 651 1214 702 est
1243 643 1538 717 generatio
1571 651 1629 702 et
1657 652 1974 720 generatio.

476 714 714 792 Sedebit
735 731 976 792 semper
1005 717 1087 787 (h.
1121 720 1180 792 in
1212 714 1515 791 saeculum)
1549 714 1687 775 ante
1716 723 1918 778 faciem
1956 723 2074 792 Dei,

553 785 954 843 misericordia
984 785 1040 843 et
1069 790 1278 845 veritas
1312 785 1631 846 servabunt
1659 808 1816 848 eum.

473 854 567 913 Sic
597 873 806 936 canam
835 858 918 936 (h.
952 859 1227 933 psallam)
1263 863 1484 936 nomini
1514 868 1616 918 tuo
1640 865 1898 936 jugiter:

549 929 798 986 reddens
826 929 968 986 vota
993 947 1125 987 mea
1154 929 1257 1006 per
1288 934 1552 1008 singulos
1584 929 1728 991 dies:

471 1060 696 1102 νισι-01η
735 1062 846 1101 pun
893 1062 1144 1103 IDITHUM
1181 1051 1197 1085 ί
1248 1065 1539 1106 CANTICUM
1579 1050 1662 1122 (h.
1695 1052 1924 1124 PSALM.)
1953 1069 2124 1108 DAVID

478 1141 694 1213 (LXII.)
728 1145 1003 1216 Attamen
1035 1146 1190 1216 apud
1223 1151 1407 1202 Deum
1433 1147 1629 1203 silebit
1660 1147 1856 1204 anima
1888 1165 2051 1205 mea:

551 1229 621 1270 ex
651 1229 717 1269 eo
749 1213 912 1270 salus
944 1213 1093 1270 mea:

478 1285 748 1364 Attamen
780 1286 906 1364 ipse
935 1291 1026 1342 est
1052 1291 1285 1344 scutum
1320 1306 1514 1346 meum
1549 1289 1629 1359 (h.
1663 1290 1944 1347 fortitudo
1977 1293 2128 1364 mea)

625 1361 683 1412 et
713 1357 874 1413 salus
907 1374 1037 1414 mea
1061 1376 1074 1414 :

555 1428 838 1555 τοι·ῐὶιυῖξο
853 1430 1379 1503 mea(h.susceptor
1394 1433 1704 1502 meus)non
1720 1436 2131 1492 commovebor

625 1516 763 1555 amo
792 1518 902 1555 ius.

625 1516 902 1572 ampiius.

437 1594 442 1600 ’
477 1571 794 1643 Usquequo
812 1571 1179 1628 insidiamini
1203 1577 1405 1629 contra
1430 1574 1619 1631 virum
1642 1575 1975 1633 interﬁcitis
2001 1595 2125 1633 om-

552 1661 676 1711 nes,
697 1644 850 1699 sicut
874 1661 1078 1700 murus
1100 1645 1420 1701 inclinatus
1442 1651 1496 1701 et
1523 1649 1776 1704 maceria
1796 1651 2122 1705 corruens”.

483 1720 712 1792 Partem
744 1715 898 1771 enim
932 1718 1060 1792 ejus
1081 1719 1496 1792 cogitaverunt
1525 1719 1831 1792 expellere,

553 1788 906 1860 placuerunt
936 1788 1045 1844 sibi
1079 1788 1136 1843 in
1169 1788 1510 1846 mendacio:

555 1859 653 1915 ore
675 1875 780 1936 suo
804 1859 1161 1936 benedicpnt
1183 1862 1226 1930 ³,
1247 1867 1303 1916 et
1323 1863 1495 1918 corde
1516 1879 1621 1920 suo
1645 1863 1727 1935 (h.
1752 1862 2125 1936 intrinsecus)

629 1929 1008 1987 maledicunt.
1044 1929 1295 1988 SEMPER.

483 2000 906 2077 Verumtamen
938 2003 1052 2060 Deo
1084 2006 1346 2077 taeeg(Al.
1380 2005 1599 2077 retice),
1634 2006 1835 2062 anima
1867 2022 2032 2064 mea:

557 2074 628 2130 ab
659 2074 788 2146 ipso
817 2074 974 2130 enim
1002 2075 1357 2146 priestolatio
1388 2074 1563 2132 mea‘.

492 2146 624 2218 Ipse
653 2145 808 2202 enim
843 2147 947 2216 (Al.
980 2145 1068 2202 est
1095 2149 1373 2203 fortitudo
1404 2165 1531 2203 mea
1561 2154 1619 2204 et
1647 2148 1808 2205 salus
1841 2165 2005 2206 mea:

563 2222 871 2292 susceptor
902 2235 1089 2288 meus,
1121 2236 1236 2274 non
1270 2219 1489 2292 timebo
1522 2219 1599 2290 (h.
1632 2222 1945 2292 movebor).

493 2288 558 2346 In
588 2289 706 2361 Deo
737 2288 992 2361 salutare
1027 2306 1221 2361 meum
1253 2294 1310 2345 et
1338 2288 1704 2361 gloria‘mea:

565 2360 748 2416 robur
776 2359 1140 2416 fortitudinis
1173 2378 1314 2417 mem
1344 2359 1404 2417 ct
1435 2362 1594 2418 salus
1627 2380 1756 2419 mea
1784 2363 1844 2418 in
1877 2364 2010 2420 Deo.

491 2431 823 2505 Speratein
855 2448 920 2488 eo
951 2433 1110 2487 omni
1142 2436 1427 2505 tempore,
1461 2435 1682 2505 populi,

563 2503 844 2559 effundite
873 2520 1067 2560 coram
1101 2521 1168 2560 eo
1198 2503 1296 2560 cor
1325 2503 1582 2560 vestrum
1609 2524 1624 2562 :

564 2575 719 2631 Deus
750 2591 886 2646 spes
914 2579 1136 2631 nostra.
1169 2581 1427 2633 SEMPER.

495 2646 910 2703 Verumtamen
944 2647 1174 2704 vanitas
1203 2647 1308 2702 filii
1340 2649 1527 2703 Adam

495 2719 874 2775 mendacium
903 2718 1009 2774 filii
1040 2719 1148 2774 viri
1181 2719 1286 2790 (Αι.
1318 2719 1645 2789 hominum)

562 2791 621 2846 in
654 2791 889 2847 stateris
921 2790 1139 2847 dolosis
1170 2791 1570 2847 fraudulenter
1607 2793 1786 2861 agunt
1815 2790 1990 2846 simul

634 2861 714 2933 (h.
747 2862 1040 2934 impositis
1071 2863 1306 2919 stateris
1336 2863 1564 2919 vanitas
1595 2863 1708 2934 ipsi
1739 2863 1961 2927 simul).

492 2933 684 2992 Nolite
715 2933 1008 2990 confidere
1040 2934 1097 2988 in
1131 2934 1428 2990 calumnia

564 3010 624 3061 et
655 3006 714 3060 in
750 3005 976 3076 rapina,
1009 3022 1082 3060 ne
1114 3005 1514 3062 frustremini:

566 3076 803 3174 divitiis
821 3075 870 3131 si
902 3077 1238 3133 effluxerint
1259 3078 1280 3112 ⁸
1301 3078 1407 3149 (Al.
1441 3075 1758 3148 ﬂuxerint),
1782 3093 1854 3132 ne
1885 3092 2139 3150 appona-
2171 3105 2213 3174 α

633 3147 710 3204 tis
741 3163 860 3203 cor.

497 3236 686 3293 Unum
720 3235 952 3292 locutus
982 3241 1072 3292 est
1106 3240 1276 3306 Deus,

564 3309 680 3391 dup
723 3307 849 3391 hac
900 3309 1131 3365 audivi:
1163 3310 1304 3380 quia
1349 3307 1667 3380 imperium
1715 3307 1798 3380 (h.
1836 3307 2138 3379 fortitudo)

635 3378 740 3434 Dei
768 3383 893 3434 est:
1180 3378 1198 3380 “
1440 3378 1454 3380 “

495 3451 561 3504 Et
590 3448 720 3517 tibi,
755 3449 1018 3520 Domine,
1053 3449 1497 3506 misericordia:

564 3520 706 3592 quia
732 3525 794 3576 tu
826 3521 1034 3577 reddes
1066 3521 1388 3592 unicuique
1411 3521 1734 3576 secundum
1758 3538 1906 3594 opus
1937 3539 2140 3578 suum;

491 3651 781 3692 CANTICUM
796 3636 874 3704 (h.
895 3636 1122 3707 pssnu.)
1137 3653 1301 3692 DAVID
1316 3653 1429 3692 CUM
1447 3652 1614 3691 ssss'r
1636 3654 1692 3692 IN
1717 3647 2134 3693 DESERTOJUDA.

486 3732 729 3810 (LXlIl.)
753 3733 908 3789 Deus
928 3732 1012 3805 (h.
1043 3733 1200 3790 Deus
1224 3734 1380 3790 Deus
1411 3749 1576 3791 meus
1598 3735 1991 3810 tu),t‘ortitudo
2011 3753 2139 3793 mea

561 3809 626 3860 tu
658 3821 742 3873 es,

561 3877 642 3949 de,
660 3876 802 3949 luce
823 3891 1175 3949 consurgam
1207 3878 1277 3933 ad
1311 3881 1366 3934 te
1392 3892 1406 3931 :

488 3947 674 4004 Sitivit
704 3953 760 4004 te
788 3948 810 3982 °
837 3947 1215 4018 anima'mea,

562 4020 916 4077 desideravit
944 4024 1001 4075 te
1025 4035 1160 4076 caro
1194 4036 1324 4076 mea
1349 4037 1363 4076 :

564 4197 578 4234 ι
612 4197 791 4253 Iidem
825 4213 992 4263 mss.,
1023 4213 1123 4268 pro
1151 4196 1396 4254 [dii/ium

559 4270 804 4325 'Canon
855 4269 1118 4342 Crarsass.
1151 4275 1208 4342 et
1261 4271 1377 4326 duo
1427 4271 1555 4341 ejus
1606 4286 1910 4342 sequaces,
1944 4271 2001 4326 id
2048 4276 2140 4329 est

489 4358 632 4397 mss.
658 4341 1124 4411 Augustinorum
1150 4341 1447 4411 Burdigal,
1477 4348 1534 4397 et
1558 4343 1614 4396 S.
1640 4341 1960 4409 Michaelis,
1983 4344 2138 4400 Sicut

486 4413 730 4468 maceria
760 4414 1031 4468 inclinata
1056 4415 1200 4482 scpis
1230 4429 1510 4468 corruens.
1543 4417 1724 4468 MART.

557 4483 999 4558 -_—-Cisterciens.
1037 4476 1176 4548 ms.,
1205 4486 1366 4558 quasi
1385 4501 1595 4550 murus,
1621 4493 1730 4541 etc.
1754 4485 1981 4558 Regius
2007 4503 2134 4558 quae
2170 4476 2213 4539 D

488 4556 954 4626 subsequuntur,
986 4563 1036 4610 et
1066 4557 1305 4610 maceria
1331 4573 1612 4622 corruens,
1647 4557 1884 4612 omittit.

559 4628 581 4662 ⁸
615 4625 978 4681 lnterserunt
1010 4627 1194 4681 nostri
1225 4644 1365 4682 mss.
1407 4628 1500 4682 hic
1531 4645 1726 4683 vocem
1757 4629 1992 4695 singuli.

561 4701 580 4733 ‘
613 4697 844 4766 Reginae
875 4699 1007 4752 cod.
1049 4699 1115 4752 ab
1142 4715 1205 4753 eo
1237 4702 1352 4768 ipso
1385 4699 1535 4754 enim
1566 4702 1816 4755 salutare
1844 4717 2049 4755 meum.

555 4770 575 4804 ⁵
605 4773 822 4824 Omnes
850 4769 969 4824 fere
1002 4785 1145 4824 mss.
1180 4771 1433 4837 codices,
1473 4771 1680 4826 Divitia
1709 4772 1761 4826 si
1789 4774 2085 4840 ﬂuxerint.

485 4843 685 4896 MART.

551 4914 572 4948 ⁶
603 4912 790 4968 Sitwit
817 4919 866 4967 te
897 4910 1098 4982 legunt
1127 4928 1332 4968 omnes
1365 4911 1497 4968 libri
1533 4912 1673 4967 editi
1707 4918 1764 4968 et
1809 4913 2031 4983 scripti.
2061 4913 2141 4969 De

481 5001 548 5040 eo
590 4985 671 5039 ita
724 4983 967 5038 disserit
1029 4990 1269 5040 sanctus
1330 4984 1717 5054 Hieronymus
1777 4985 1831 5038 in
1869 4986 2040 5055 epist.
2070 4986 2140 5040 ad

482 5057 760 5112 Sunninm
807 5059 860 5110 et
908 5057 1218 5110 Frelelam:
1255 5056 1440 5112 Silivit
1466 5056 1570 5111 tibi
1618 5058 1807 5112 animo
1838 5075 1998 5124 mea;
2037 5074 2138 5125 pro

484 5145 600 5198 quo
631 5129 690 5184 in
723 5127 919 5184 Graeco
952 5128 1065 5182 sit:
1101 5128 1293 5182 Silivit
1321 5138 1373 5182 te
1407 5131 1598 5184 animo
1627 5145 1766 5184 mea.
1799 5130 1904 5183 Sed
1937 5129 1993 5183 in
2027 5134 2138 5183 He-

481 5202 631 5256 braeo
681 5217 794 5256 non
850 5199 1022 5254 habet
1041 5216 1221 5254 ΑΤΊἪΑ
1268 5202 1466 5270 (nm),
1503 5202 1656 5272 quod
1694 5201 1989 5271 significat
2047 5205 2135 5263 te;

481 5289 583 5345 sed
619 5307 756 5344 LACH
789 5273 930 5373 ΠΒ),
956 5289 1110 5359 quod
1137 5291 1468 5344 ostenditur
1490 5289 1598 5343 tibi
1617 5306 1634 5341 .·
1657 5291 1811 5360 quod
1846 5297 1901 5344 ct
1930 5305 2135 5344 omnes

481 5379 830 5448 interpretes
877 5381 1329 5432 transtulerunt.
1368 5381 1510 5447 Ergo
1559 5380 1882 5432 secundum
1921 5379 2134 5446 linguas

482 5451 893 5518 proprietatem
918 5465 1149 5502 versum
1185 5456 1272 5501 est
1305 5450 1358 5501 in
1396 5450 1690 5503 Latinum.
1721 5472 1746 5497 η
1772 5454 1899 5519 Ipse
1921 5467 2051 5503 vero
2074 5452 2127 5504 S.

486 5521 692 5573 Doctor
712 5525 1034 5572 secundum
1061 5520 1471 5586 proprietatem
1498 5520 1707 5589 lingua:
1727 5522 2132 5576 Latinmvortit

483 5590 542 5641 in
572 5605 677 5642 suo
706 5589 982 5643 Psalterio
1014 5591 1082 5642 ad
1125 5594 1432 5644 Hebrmum
1470 5592 1682 5646 fontem
1735 5595 1908 5656 edito,
1940 5593 2129 5647 Sitivit

484 5661 914 5733 teidesiderauit
946 5665 1041 5714 te:
1070 5663 1334 5716 imitatus
1367 5663 1510 5716 forte
1541 5664 1833 5718 Ciceronis
1868 5664 2124 5733 phrasim

493 5749 514 5775 ι
546 5727 662 5803 ῌςρ
692 5730 827 5803 sitio
857 5731 1128 5796 honores,
1154 5749 1256 5786 nec
1279 5734 1522 5803 gloriam
1554 5735 1841 5789 desidero.
1869 5727 1904 5784 ’››
1939 5737 2121 5792 MART.

555 5796 574 5830 ⁷
605 5796 840 5856 Cistero.
876 5817 1010 5868 ms.,
1042 5804 1102 5858 in
1132 5796 1550 5872 terra'sitieim,
1581 5823 1685 5880 pro
1719 5811 1894 5864 ιηυὶα.

1513 241 1572 293 8.
1612 242 2023 297 HIERONYMI
2059 247 2314 301 DIVINA
2347 248 2840 303 BlBLIOTHZﬂCA.

3677 263 3776 319 1236

2307 369 2374 452 in.
2403 379 2551 425 terra
2582 371 2738 455 invia
2769 376 2824 425 et
2856 373 3202 455 consi‘tiente
3233 377 3271 443 ⁷,
3303 394 3364 432 ac
3393 380 3508 436 sine
3535 399 3673 455 aqua.

2233 442 2327 497 Sic
2361 442 2655 514 insancto
2689 447 2932 514 apparui
2967 446 3090 514 tibi,

2306 519 2366 590 u_t_
2398 513 2623 568 videam
2660 513 3062 590 fortitudinem
3097 522 3259 575 tuam
3287 524 3341 575 et
3369 521 3587 590 gloriam
3615 532 3753 586 tuam.

2236 584 2441 672 Melior
2471 585 2743 672 estenim
2778 589 3179 672 misericordia
3211 598 3306 646 tua
3337 584 3498 664 quam
3540 598 3644 653 vita:
3667 618 3677 654 :
3704 584 3777 672 (Αἰ.

2304 658 2477 726 vita):
2514 657 2668 711 labia
2702 676 2824 712 mea
2859 659 3189 715 laudabunt
3221 669 3290 717 te.

2241 728 2336 783 Sic
2368 729 2709 783 benedicam
2747 736 2798 784 tc
2835 730 2940 798 (At.
2976 733 3099 800 tibi)
3129 733 3186 786 in
3219 736 3333 790 vita
3364 753 3516 792 mea:

2305 799 2361 852 in
2394 805 2630 881 nomine
2662 808 2758 881 tuo
2792 800 2996 881 levabo
3029 821 3242 881 manus
3266 807 3363 881 _(h.
3396 807 3619 881 palmas)
3646 829 3779 872 meas.

2234 870 2408 936 Quasi
2432 872 2602 952 adipe
2625 879 2680 926 et
2703 872 3057 944 pinguedine
3081 870 3414 948 implebitur
3434 881 3504 945 th.
3524 870 3783 958 satiabitur)

2377 959 2575 998 anima
2607 961 2758 1010 mea,

2305 1018 2360 1069 et
2386 1013 3139 1095 labiislaudantibuscanet
3164 1018 3596 1095 (h.]audabit)os
3617 1042 3764 1084 meum

2236 1085 2568 1142 Recordans
2599 1087 2682 1141 tui
2713 1087 2770 1142 in
2799 1088 2970 1143 cubili
3008 1107 3135 1145 meo
3162 1085 3174 1145 :

2307 1174 2408 1228 per
2438 1157 2701 1230 singulas
2731 1159 2962 1229 vigilias
2995 1161 3324 1218 meditabor
3355 1164 3476 1222 tibi.

2235 1230 2380 1294 Quia
2413 1229 2576 1284 fuisti
2607 1231 2888 1285 auxilium
2924 1248 3140 1300 meum,

2307 1306 2362 1355 et
2393 1301 2448 1354 in
2485 1303 2693 1358 umbra
2723 1301 2950 1358 alarum
2985 1308 3222 1360 tuarum
3256 1305 3498 1363 laudabo
3550 1351 3562 1366 .

2235 1372 2498 1427 Adhaesit
2531 1375 2723 1429 anima
2759 1392 2888 1430 mea
2920 1382 3050 1446 post
3081 1383 3155 1444 te,

2307 1460 2400 1498 me
2432 1445 2695 1516 suscepit
2726 1445 2962 1502 dextera
2993 1454 3114 1502 tua.

2237 1517 2351 1586 Ipsi
2386 1532 2516 1596 vero
2571 1517 2896 1572 interﬁcere
2925 1518 3006 1586 (h.
3043 1519 3114 1574 ad
3165 1519 3565 1594 calamitatem)
3590 1529 3793 1594 quaerunt

2380 1605 2635 1642 animum
2671 1606 2859 1643 ωοδιη
2889 1606 2901 1644 ζ

2308 1658 2716 1737 ingrediantur
2747 1661 2802 1714 in
2835 1664 3093 1737 extrema
3235 1663 3515 1737 inferiora)
3545 1669 3696 1722 terrae.

2157 1742 2203 1806 Β
2236 1729 2671 1806 Congregcntur
2705 1732 2761 1787 in
2797 1749 3006 1787 manus
3036 1729 3256 1804 gladii:

2312 1820 2444 1871 pars
2476 1803 2736 1874 vulpium
2769 1808 2960 1858 erunt.

2241 1877 2364 1928 Rex
2395 1881 2589 1929 autem
2625 1875 2916 1930 laitabitur
2946 1875 3005 1929 in
3042 1876 3173 1944 Deo,

2307 1944 2644 2018 laudabitur
2673 1947 2866 2002 omnis
2897 1947 2996 2018 qui
3017 1948 3183 2018 jurat
3213 1948 3273 2003 in
3309 1948 3364 2004 in
3395 1966 3498 2006 eo:

2311 2017 2449 2088 quia
2480 2018 2814 2074 obstruetur
2845 2017 3309 2090 os’loquentium
3345 2022 3697 2078 mendacium.

2483 2151 2706 2189 VICTORI
2745 2151 3041 2191 CANTICUM
3081 2136 3158 2199 (h.
3192 2138 3421 2209 psum.)
3458 2141 3642 2195 sum”.

2245 2231 2480 2308 (LXlY)
2503 2231 2672 2298 Audi,
2691 2233 2865 2308 Deus,
2889 2249 3082 2308 vocem
3110 2251 3302 2290 meam
3328 2236 3802 2308 loquentisatimore

2387 2303 2470 2373 (h.
2508 2311 2730 2375 pavore)
2766 2303 2986 2359 inimici
3017 2323 3183 2361 serva
3214 2303 3596 2366 vitam'meam
3627 2311 3690 2366 "z

2243 2375 2560 2447 Absconch
2582 2393 2674 2430 me
2707 2394 2739 2430 a
2769 2375 3015 2431 consilio
3049 2377 3477 2447 malignorum;

2321 2464 2352 2520 a
2378 2446 2638 2520 tumultu
2669 2448 3034 2518 operantium
3068 2451 3459 2520 iniquitatem.

2320 2518 2465 2581 Quia
2495 2526 2852 2593 exacuerunt
2882 2520 3045 2590 quasi
3078 2518 3346 2591 gladium
3391 2523 3628 2593 linguam
3653 2539 3806 2578 suam:

2323 2590 2978 2662 tetenderuntsagittam
2994 2590 3158 2647 suam
3175 2597 3415 2650 verbum
3432 2590 3806 2650 amarissimum.

2253 2661 2322 2718 Ut
2352 2661 2698 2736 sagittarent
2729 2661 2787 2736 in
2819 2663 3148 2719 abconditis
3169 2665 3490 2736 simplicem
3517 2683 3528 2720 :

2323 2735 2520 2788 subito
2552 2734 2918 2804 sagittabunt
2947 2751 3104 2805 eum,
3133 2741 3190 2790 ct
3221 2734 3338 2792 non
3371 2737 3651 2792 timebunt.

2250 2807 2730 2860 Coni’ortaverunt
2759 2805 2871 2860 sibi
2896 2822 3227 2879 sermonem
3263 2809 3586 2879 pessimum,

2323 2883 2744 2953 narraverunt,_
2761 2885 2825 2932 ut
2846 2877 3286 2953 absconderent
3317 2880 3580 2953 laqueos:

2323 2947 2614 3010 dixerunt.
2651 2948 2781 3017 quis
2808 2947 3026 3004 videbit
3057 2964 3158 3005 eos
3189 2953 3230 2985 “
3262 2957 3284 3005 ἐ

2253 3018 2510 3075 Scrutati
2544 3030 2682 3075 sunt
2710 3019 3050 3091 iniquitates
3075 3037 3094 3076 :

2325 3091 2660 3146 defecerunt
2691 3100 3018 3148 scrutantes
3049 3093 3357 3163 scrutinio,

2323 3168 2380 3237 et
2410 3163 2868 3237 cogitationibus
2899 3164 3292 3235 singulorum,
3319 3172 3377 3222 et
3396 3167 3555 3222 corde
3576 3162 3816 3237 profundo.

2247 3234 2562 3310 Sagittabit
2593 3251 2729 3310 ergo
2758 3252 2858 3291 eos
2891 3234 3042 3291 Deus
3067 3237 3270 3310 jaculo
3304 3234 3628 3310 repentino:

2319 3306 2643 3361 inferuntur
2672 3306 2852 3377 plaga:
2883 3306 3084 3362 eorum
3117 3308 3186 3341 ³³·

2246 3379 2303 3432 et
2325 3383 2608 3453 cor-ruent
2639 3378 2696 3432 in
2729 3376 3075 3453 semetipsos
3094 3377 3283 3453 plagis
3315 3382 3393 3453 (h.
3418 3379 3641 3453 linguis)
3661 3376 3816 3434 suis":

2320 3448 2544 3521 fugient
2573 3465 2777 3504 omnes
2809 3449 2909 3521 qui
2941 3448 3339 3508 vider’int'eos'.

2245 3520 2316 3574 Et
2344 3520 2635 3575 timebunt
2665 3520 2867 3576 omnes
2899 3521 3170 3577 homines

2317 3598 2373 3647 et
2403 3594 2840 3647 annuntiabunt
2870 3609 3018 3662 opus
3054 3594 3168 3659 Dei,

2319 3669 2376 3718 et
2405 3681 2579 3733 opera
2611 3665 2738 3733 ejus
2771 3664 3116 3726 intelligent.

2245 3733 2766 3808 lartabiturjustus
2793 3737 2851 3790 in
2884 3736 3154 3806 Domino,
3174 3738 3240 3808 et
3268 3737 3523 3808 sperabit
3552 3736 3604 3790 in
3631 3750 3720 3790 eo:

2317 3813 2374 3863 et
2405 3806 2777 3862 exsultabunt
2807 3823 3011 3864 omnes
3044 3807 3184 3863 recti
3215 3806 3411 3864 corde.

2351 3939 2576 3977 VICTORI
2614 3939 2846 3977 CARMEN
2886 3923 2962 3993 (h.
3008 3924 3237 3996 PSALM.)
3279 3942 3445 3980 nmo
3476 3925 3517 3960 “
3557 3936 3746 3979 casum

2249 4019 2461 4091 (LXV)
2494 4021 2618 4075 Tibi
2653 4021 2788 4076 silet
2817 4020 2966 4088 laus,
3003 4022 3172 4090 Deus,
3204 4021 3264 4078 in
3298 4023 3458 4081 Sion.

2319 4205 2338 4240 ⁸
2370 4199 2523 4273 Idem
2561 4215 2694 4266 ms.,
2727 4199 2983 4270 cantabo}
3013 4216 3117 4272 pro
3147 4200 3421 4273 laudabo;
3462 4219 3526 4259 ac
3554 4199 3706 4273 paulo
3728 4200 3825 4270 post

2248 4271 2484 4353 Regius,
2503 4273 2990 4353 Διμιῖςκςίθηιιηέ,βξ-ο
3018 4271 3294 4353 quarunt.

2321 4348 2342 4380 θ
2371 4343 2468 4397 l-lic
2499 4343 2708 4396 titulus
2738 4343 2790 4396 in
2825 4343 3192 4399 Cisterciensi
3229 4363 3337 4402 ms.
3375 4345 3724 4402 desideratur.

2319 4416 2363 4448 ¹⁰
2399 4417 2452 4468 ln
2486 4416 2687 4469 eodem
2723 4431 2858 4484 ms.,
2889 4431 3046 4471 serva
3078 4421 3324 4472 animam
3357 4435 3550 4475 meam.

2321 4487 2358 4520 ¹¹
2393 4486 2582 4541 Nostri
2619 4503 2822 4541 omnes
2856 4504 3000 4542 mss.
3036 4489 3166 4558 quis
3198 4488 3400 4545 videbit
3429 4506 3542 4556 nos,
3573 4502 3663 4558 pro
3689 4499 3774 4539 eos.

2324 4577 2366 4609 ¹²
2399 4575 2679 4630 Obseivat
2707 4575 2858 4629 idem
2894 4575 3278 4644 Hieronymus
3309 4579 3366 4633 in
3399 4579 3593 4634 eadem
3629 4568 3827 4644 epistola

2253 4646 2346 4702 hic
2377 4649 2531 4717 apud
2569 4646 2834 4701 Hebraeos
2868 4647 3019 4718 legi:
3055 4649 3329 4706 Pcrcutiet
3381 4668 3470 4706 eos
3515 4651 3640 4704 Deus
3674 4644 3828 4715 jacuto

2252 4718 2554 4789 repentino,
2571 4723 2621 4773 et
2643 4721 2952 4788 m/‘crentur
2973 4721 3161 4791 plaga?
3180 4737 3385 4777 eorum.
3410 4725 3536 4787 Quze
3564 4733 3690 4774 sane
3706 4729 3827 4771 eum-

2250 4791 2379 4845 dem
2416 4791 2587 4844 habet
2614 4806 2875 4850 sensum,
2909 4797 2965 4844 et
2995 4790 3043 4846 si
3075 4790 3132 4844 in
3173 4793 3362 4847 verbis
3396 4791 3661 4848 nonnulla
3687 4803 3826 4857 appa-

2251 4868 2373 4917 reat
2395 4861 2804 4937 discrepentia.
2833 4864 3118 4937 Versuum
3154 4871 3346 4937 autem
3373 4865 3693 4937 divisionem
3717 4872 3824 4937 prc-

2249 4940 2471 4988 sentcm
2491 4933 2855 5005 restituimus
2871 4934 2940 4987 ad
2957 4934 3357 4990 testimonium
3384 4954 3449 4991 ac
3481 4936 3638 4990 fidem
3680 4932 3826 5005 ipsius

2248 5005 2604 5078 Hieronymi,
2638 5021 2772 5078 cum
2819 5004 2875 5058 in
2931 5022 3072 5078 mss.
3109 5007 3407 5062 codicibus
3454 5009 3733 5078 depravata
3769 5001 3826 5052 sit

2249 5093 2444 5131 errore
2503 5075 2899 5129 librariorum.
2937 5076 3116 5131 ΜΑιιΤ.

2320 5149 2362 5182 ¹³
2392 5145 2619 5201 Scolion
2649 5147 2800 5200 istud
2837 5147 3128 5215 magiqale
3157 5150 3408 5204 retinent
3454 5147 3582 5203 editi
3631 5142 3756 5205 libri,
3782 5143 3823 5193 et

2243 5219 2300 5273 in
2336 5220 2572 5292 Hebraeo
2597 5218 2842 5287 legimus
2867 5205 3056 5280 ait“)
3085 5222 3416 5292 lcschonam,
3441 5221 3493 5275 id
3517 5218 3821 5285 estlinguam

2241 5308 2420 5356 suam,
2456 5291 2542 5343 vel
2569 5307 2777 5346 eorum.
2812 5295 2987 5344 Mum

2315 5362 2565 5436 5—liclem
2627 5379 2766 5436 mss.
2825 5362 3033 5433 linguis
3079 5367 3192 5418 suis
3241 5364 3567 5436 prmferunt,
3609 5355 3819 5436 quodet

2243 5434 2581 5489 SCbOiliLStZB
2617 5432 2824 5505 placet,
2859 5431 2923 5488 ct
2973 5438 3215 5506 prepius
3241 5431 3352 5492 'est
3411 5435 3628 5490 llcbrmo
3673 5431 3813 5484 texlm

2240 5509 2428 5583 ωνεῆ

2331 5561 2336 5581 .
2375 5561 2379 5562 κ
2414 5561 2427 5581 ι

2288 5561 2524 5649 ὀίθΤτοε
2568 5597 2798 5648 tantum
2834 5609 2976 5650 mss.
3014 5594 3230 5651 Victori
3279 5613 3499 5650 carmen
3531 5587 3812 5655 Durid,Cmt-

2233 5665 2445 5724 ticum:
2481 5666 2570 5720 cui
2606 5665 2838 5720 lectioni
2896 5675 3178 5722 consonat
3210 5668 3410 5722 Latina
3457 5666 3626 5722 versio
3667 5662 3808 5714 inter-

2232 5738 2493 5808 lincaris.
2527 5736 2652 5791 Alia
2686 5744 2877 5792 tamen
2930 5740 3283 5808 prmferenda
3329 5740 3550 5794 videtur
3575 5751 3633 5790 ex
3677 5727 3806 5783 titulo

2229 5807 2442 5882 psalmi
2473 5823 2676 5864 cuum
2699 5807 3022 5880 sequentis,
3041 5809 3098 5867 in
3132 5827 3247 5883 quo
3275 5811 3479 5868 eadem
3501 5808 3653 5866 verba
3673 5810 3803 5857 suum
