4050 6182
202 195 343 253 1237

272 326 332 379 et
363 321 465 378 tibi
497 322 774 379 reddetur
800 329 1022 382 votum.

197 395 419 452 Exaudi
452 400 798 463 orationem,
992 434 997 439 ι

268 468 453 544 donec
483 465 552 544 ad
588 473 644 544 te
673 468 867 523 omnis
899 486 1045 544 caro
1066 471 1257 527 veniat
1283 476 1322 544 ί,

194 540 395 610 Verba
424 538 807 609 iniquitatum
842 543 1273 610 prmvaluerunt
1302 538 1614 603 adversum
1648 563 1775 606 me:

273 608 594 664 sceleribus
618 608 924 685 nostris‘tu
959 616 1389 685 propitiaberis.

203 685 422 757 Beatus
454 697 626 757 quem
659 682 927 757 elegeris,
953 682 1010 757 et
1038 682 1387 757 susceperis,

270 752 555 807 habitabit
585 754 739 808 enim
762 752 832 809 iu
866 755 1031 811 atriis
1060 760 1180 813 tuis
1206 752 1220 824 ξ

193 824 575 895 Replebimur
607 826 775 880 bonis
806 826 1018 881 domus
1047 833 1182 896 tuae,

269 897 735 951 sanctificatione
756 899 957 967 templi
992 900 1099 954 tui.

190 965 496 1021 Terribilis
518 968 583 1039 in
607 968 841 1037 justitia
872 965 1079 1026 exaudi
1112 988 1241 1039 nos,

269 1040 419 1094 Deus
448 1038 704 1094 salvator
732 1046 968 1097 noster:

213 1109 581 1183 Confidentia
608 1111 868 1183 omnium
904 1112 1110 1169 ﬁnium
1143 1116 1330 1183 terrai,

264 1187 325 1254 et
359 1181 533 1236 maris
564 1182 887 1254 longinqui.

266 1253 607 1329 Praeparatis
636 1253 883 1329 (ALAqui
908 1257 1224 1329 prmparas)
1255 1262 1483 1315 montes
1523 1260 1581 1316 in
1622 1260 1842 1319 virtute

268 1341 397 1389 sua,
426 1327 725 1381 accinctus
751 1326 1114 1384 fortitudine.

186 1395 576 1466 Compescens
606 1396 864 1452 sonitum
898 1400 1103 1466 maris,

264 1470 563 1523 fremitum
598 1468 884 1523 ﬂuctuum
916 1474 1067 1538 ejus.

265 1545 322 1614 et.
354 1540 1013 1614 multitudinegentium
1047 1542 1131 1614 (h.
1166 1543 1471 1614 plebium).

185 1611 263 1666 Et
281 1610 577 1666 timebunt
605 1612 704 1682 qui
741 1612 1008 1688 habitant
1037 1610 1096 1668 in
1126 1610 1401 1688 estremis
1431 1610 1464 1671 a
1485 1615 1669 1688 signis
1698 1618 1838 1675 tuis:

260 1698 537 1755 egressus
569 1684 858 1738 matutino
890 1690 948 1740 et
978 1686 1246 1755 vesperi’
1274 1684 1579 1745 laudantes
1640 1690 1836 1747 facies.

185 1751 452 1829 Visitasti
483 1759 720 1821 terram,
737 1760 798 1829 et
828 1751 1254 1829 irrigasti'eam,

260 1826 526 1881 ubertate
555 1841 686 1881 eam
719 1827 860 1882 dita.

180 1895 364 1952 Bivus
395 1896 494 1952 Dei
526 1896 737 2023 plenus
769 1914 923 1969 aqua

260 1984 523 2023 praepara
568 1968 618 2022 is
646 1970 923 2023 frumenti

260 1984 523 2039 prapara

257 2039 343 2112 (b.
378 2040 758 2112 praeparabis)
781 2057 931 2096 eam.

1514 236 1529 241 ί
1545 209 1757 266 LIBER
1791 212 2254 270 PSALMORUM.

1878 340 1932 405 Α
2033 340 2092 409 et
2121 337 2383 393 auditam
2419 338 2591 396 facite
2619 355 2818 396 vocem
2852 340 3045 395 laudis
3076 340 3225 409 ejus.

3470 216 3606 273 1238

1961 407 2066 472 Qui
2102 412 2298 479 posuit
2327 410 2586 466 animam
2619 419 2879 466 nostram
2907 411 2966 465 in
2997 407 3198 475 vitam,

2033 484 2089 556 et
2123 496 2231 556 non
2266 483 2428 556 dedit
2458 482 2515 536 in
2550 485 3003 539 commotionem
3037 485 3211 556 pedes
3243 488 3496 539 nostros.

1958 549 2221 605 Probasti
2256 552 2413 609 enim
2448 570 2577 621 nos,
2607 560 2803 610 Deus:

2028 623 2160 697 igne
2188 623 2208 657 ⁷
2238 640 2345 697 nos
2376 626 2636 680 conﬂasti
2670 628 2825 681 sicut
2849 625 3136 680 conﬂatur
3163 629 3496 697 argentum.

1960 692 2340 750 Introduxisti
2373 713 2480 752 nos
2512 698 2569 751 in
2603 698 2964 753 obsidionem
2999 699 3105 765 (At.
3140 698 3198 752 in
3232 692 3410 767 rete):

2030 766 2282 836 posuisti
2310 769 2624 823 stridorem
2645 768 2705 823 in
2729 771 2901 824 dorso
2925 774 3125 825 nostro
3145 769 3227 838 (b.
3253 768 3474 825 lumbis
3497 782 3605 822 no-

2097 840 2261 907 stris)
2289 854 2303 891 :

2026 905 2365 982 imposuisti
2395 909 2666 965 homines
2698 925 2877 982 super
2905 913 3082 981 caput
3111 913 3404 965 nostrum.

1955 978 2362 1053 Transivimus
2394 997 2496 1052 per
2533 982 2727 1053 ignem
2760 978 2819 1037 et
2849 978 3086 1052 aquam,

2025 1055 2083 1105 et
2112 1052 2362 1106 eduxisti
2395 1069 2500 1107 nos
2531 1052 2589 1109 in
2623 1053 3008 1122 refrigerium.

1955 1117 2261 1193 Ingrediar
2288 1124 2393 1189 (At.
2417 1124 2551 1183 add.
2583 1125 2642 1179 in
2674 1117 2914 1180 domum
2945 1133 3103 1179 tuam
3125 1124 3185 1178 in
3214 1121 3601 1180 holocaustis:

2024 1195 2264 1249 reddam
2288 1196 2393 1250 tibi
2406 1200 2537 1268 vota
2551 1211 2698 1261 mea,
2714 1212 2840 1267 quas
2855 1196 3375 1268 promiseruut’Ua.
3390 1195 3598 1252 distin-

2093 1268 2324 1335 xerunt)
2355 1267 2509 1322 labia
2542 1283 2693 1332 mea,

2022 1340 2078 1390 et
2109 1338 2367 1392 locutum
2403 1344 2492 1393 est
2520 1355 2585 1393 os
2617 1354 2811 1394 meum
2843 1354 2978 1393 cum
3009 1337 3343 1393 tribularer.

1951 1405 2300 1463 Bolorausta
2331 1409 2650 1464 medullata
2684 1410 2923 1465 offeram
2955 1409 3064 1465 tibi

2022 1494 2158 1533 cum
2182 1481 2421 1535 incenso
2454 1481 2700 1536 arietum
2731 1482 2787 1536 νς

2026 1552 2237 1606 faciam
2271 1554 2443 1606 boves
2473 1569 2607 1608 cum
2640 1553 2840 1609 hircis.
2872 1552 3124 1608 SEIPER.

2022 1620 2227 1677 Venite
2256 1624 2338 1694 (b.
2378 1624 2504 1695 Ite),
2536 1624 2734 1679 audite
2762 1629 2819 1679 et
2849 1623 3120 1693 narrabo,
3149 1637 3350 1678 omnes
3373 1621 3471 1694 qui
3518 1622 3594 1677 ti-

2092 1697 2265 1748 metis
2303 1696 2505 1763 Deu'n,

2019 1772 2238 1833 quanta
2270 1766 2469 1821 fecerit
2491 1767 2698 1821 animae
2721 1781 2882 1820 mese.

1948 1835 2147 1905 Ipsum
2182 1853 2279 1892 ore
2311 1853 2438 1892 meo
2470 1838 2755 1903 invocavi,

2017 1913 2075 1980 et
2102 1908 2345 1980 exaltavi
2381 1909 2436 1963 in
2461 1908 2664 1980 lingua
2696 1924 2843 1980 mea.

568 1968 618 2022 is
646 1968 1008 2049 frumentum
1030 1970 1229 2027 eorum
1255 1971 1298 2040 ³,
1324 1973 1460 2045 quia
1478 1973 1562 2029 sic
1585 1974 1843 2033 fundasti
1948 1976 2323 2049 Iniquitatem
2357 1979 2406 2035 si
2439 1968 2645 2037 vidiuin
2677 1979 2851 2035 corde
2881 1994 3033 2049 meo,

2017 2066 2133 2106 non
2166 2052 2438 2107 exaudiat
2468 2052 2775 2107 Dominus.

176 2109 395 2167 Sulcos
420 2109 548 2190 ejus
581 2112 823 2190 inebria,
857 2112 1188 2184 multiplica
1219 2114 1415 2187 fruges
1446 2117 1675 2190 ejus(b.
1696 2121 1843 2175 educ
1943 2120 2079 2177 Ideo
2110 2121 2402 2178 exaudivit
2435 2125 2620 2179 Deus:

330 2185 621 2238 accinctos
650 2186 801 2255 ejus)
825 2200 837 2238 :

251 2253 468 2327 pluviis
498 2253 691 2325 irriga’
712 2253 862 2319 eam,
899 2254 1147 2327 germini
1179 2257 1308 2327 eius
1338 2259 1608 2317 benedic.

172 2324 665 2406 Volveiurannus
681 2327 763 2399 (h.
779 2324 1082 2406 Corooasti
1104 2324 1258 2406 anno
1272 2348 1322 2406 in
1336 2335 1353 2406 )
1369 2331 1424 2386 in
1442 2332 1703 2389 bonitate
1717 2335 1840 2406 tua,

251 2403 311 2451 et
342 2398 585 2469 vestigia
617 2399 1036 2471 tua_rorabunt
1068 2402 1445 2471 pinguedine.

173 2466 579 2542 Pinguescant
606 2470 689 2537 (li.
724 2466 1303 2542 Rorﬁabuntfpasvcua
1338 2474 1576 2532 deserti.

255 2541 736 2615 etAexsultatione
767 2541 942 2597 colles
976 2541 1380 2615 accingentur.

182 2610 520 2668 Vestientur
539 2615 710 2681 agnis
739 2628 941 2683 greges
966 2630 977 2667 :

210 2694 213 2697 λ
255 2696 316 2739 et
348 2682 527 2757 valles
560 2682 947 2754 plenae'erunt
975 2686 1292 2757 frumento,

258 2755 743 2827 coaequabuntur,
775 2760 832 2811 et
861 2760 1091 2811 canent.

609 2888 833 2929 VICTORI
861 2889 1151 2929 CANTICUM
1181 2890 1409 2933 PSALMI.

176 2967 428 3043 (LXVI.)
456 2969 714 3026 Jubilate
743 2970 879 3043 Deo,
910 2972 1100 3043 omnis
1123 2976 1298 3037 terra.

2016 2199 2073 2248 et
2091 2195 2547 2250 attenditvocem
2572 2192 3095 2265 deprecationis(h.
3112 2190 3415 2265 orationis)
3431 2206 3592 2247 meae.

1944 2262 2295 2320 Benedictus
2309 2266 2485 2333 Deus,
2512 2267 2613 2337 qui
2632 2262 2748 2322 non
2767 2262 3353 2320 abstulit'oralioucm
3380 2279 3591 2330 meam,

2015 2341 2071 2391 et
2101 2337 2566 2393 misericordiam
2597 2355 2768 2394 suam
2800 2355 2834 2392 a
2866 2353 2977 2391 me.

2050 2468 2272 2507 VICTORI
2298 2468 2358 2507 1N
2388 2468 2629 2507 psamns
2659 2452 2735 2519 (b.
2773 2453 3173 2518 canmmsus),
3205 2463 3488 2505 CANTICUM

2406 2524 2487 2591 (h.
2530 2526 2804 2588 ρεΑικυε)
2832 2540 3125 2578 CARMINIS.

1941 2618 2203 2702 ([ιΧΧζῌε)
2237 2620 2765 2702 Deusmisereatur
2789 2617 2998 2689 nostri,
3030 2623 3087 2675 et
3115 2618 3430 2675 benedicat
3486 2634 3594 2676 nos

2083 2691 2190 2760 (Al.
2218 2692 2436 2759 nobis).

2010 2760 2269 2819 illustret
2299 2764 2504 2820 faciem
2536 2778 2705 2818 suam
2740 2777 2917 2833 super
2947 2776 3072 2817 nos.
3101 2763 3339 2816 Saurea.

1940 2831 2014 2888 Ut
2043 2839 2178 2889 nota
2212 2834 2311 2890 fiat
2342 2835 2401 2890 in
2433 2839 2587 2891 terra
2613 2836 2704 2890 via
2732 2831 2871 2888 tua:

2013 2905 2396 2978 ingunivsrsis
2425 2906 2703 2978 gentibus
2733 2903 2894 2961 salus
2923 2908 3045 2960 tua.

1940 2975 2343 3033 Confiteautur
2372 2975 2475 3033 tibi
2506 2976 2743 3048 populi,
2765 2981 2915 3033 Deus
2939 2992 2953 3031 :

253 3042 495 3124 Caritate
524 3043 603 3106 (b.
628 3042 888 3112 Psallite)
908 3042 1153 3113 gloriam
1178 3045 1401 3101 nomini
1425 3046 1531 3117 (At.
1557 3047 1836 3107 nominis)
1867 3079 1910 3146 α
2019 3048 2408 3104 conﬁteantur
2439 3042 2544 3105 tibi
2573 3042 2772 3121 populi
2804 3063 3026 3104 omnes.

328 3130 477 3174 eius.
1944 3121 2255 3174 Laetentur.
2287 3127 2343 3174 et
2366 3120 2608 3174 laudent
2636 3125 2838 3174 nentes
2867 3119 2949 3174 (b.
2980 3116 3026 3174 nl

328 3130 377 3169 θ]
389 3130 477 3169 118.

174 3130 607 3264 Βαέᾳθὲῗὲξῇαω
641 3184 800 3239 laudi
834 3185 981 3264 ejus.

256 3255 443 3312 Dicite
473 3256 608 3323 Deo,
642 3273 817 3328 quam
848 3255 1108 3314 terribile
1134 3275 1281 3326 opus
1309 3263 1478 3315 tuum
1498 3260 1556 3316 ἰε

172 3328 248 3382 In
318 3327 697 3383 multitudine
728 3329 1081 3384 fortitudinis
1114 3335 1228 3385 tuaa

253 3402 614 3455 mentientur
643 3398 749 3454 tibi
780 3400 1003 3455 inimici
1033 3400 1138 3456 tui.

172 3470 389 3526 Omnis
422 3477 578 3545 terra
606 3471 908 3545 adorette.
934 3478 987 3526 et
1014 3477 1209 3527 cantet
1235 3472 1318 3539 (h.
1355 3474 1585 3545 psallat)
1617 3474 1745 3545 tibi,

253 3548 456 3597 cantet
484 3543 566 3612 (b.
603 3541 831 3612 psallat)
866 3545 1088 3597 nomini
1117 3552 1238 3599 tuo.
1274 3548 1526 3602 SEMPsn.

167 3613 387 3667 Venite
418 3613 501 3679 (b.
535 3613 661 3681 Ite),
693 3618 750 3667 et
778 3614 968 3668 videte
998 3631 1171 3679 opera
1200 3616 1324 3682 Dei,

246 3683 533 3761 terribilia
547 3684 903 3761 consilia‘su
914 3702 1013 3756 per
1027 3687 1176 3741 filios
1190 3686 1492 3761 hominum
1509 3688 1592 3756 (h.
1611 3690 1826 3761 Adam).

169 3755 477 3828 Convertit
492 3755 611 3828 Δ(ΑΙ.
639 3755 970 3823 Convertet)
1001 3774 1163 3812 mare
1188 3760 1243 3812 iu
1276 3760 1522 3828 aridam,

246 3825 584 3902 iuliumine
617 3828 1056 3902 pertransibunt
1084 3829 1229 3902 pede
1253 3845 1266 3885 :

248 3898 330 3953 ibi
362 3898 695 3954 laetabimur
726 3900 784 3954 in
815 3916 902 3955 eo.

168 3971 281 4036 Qui
306 3970 647 4025 dominatur
677 3975 735 4026 in
770 3971 1111 4026 fortitudine
1136 3988 1243 4027 sua
1265 3989 1299 4028 a
1328 3972 1559 4041 aesculo,

248 4041 403 4114 oculi
436 4042 573 4114 ejus
592 4044 840 4114 gentes“
869 4043 1165 4114 aspiciunt
1193 4060 1207 4108 ;

169 4112 284 4176 Qui
314 4113 604 4177 increduli
637 4120 796 4181 sunt,

248 4201 366 4239 non
398 4184 730 4256 exaltentur
759 4186 819 4240 in
852 4185 1209 4256 semetipsis.
1242 4190 1494 4244 Saurea.

170 4255 533 4320 Benedicite,
567 4255 785 4328 pepuli,
818 4256 934 4311 Deo
971 4255 1193 4323 nostro,

1990 3124 2255 3200 celentur.
2287 3127 2343 3200 et
2366 3116 2608 3200 laudent
2636 3116 2838 3200 gentes
2863 3119 2949 3200 th.
2980 3116 3200 3200 plebes)

2015 3192 2294 3264 quoniam
2318 3193 2552 3264 judicas
2584 3191 2829 3264 populos
2861 3192 2921 3246 in
2942 3191 3265 3264 aequitate:

2012 3257 2066 3318 et
2084 3257 2345 3334 gentium
2373 3264 2453 3335 (b.
2485 3257 2915 3334 plebium)quze
2941 3257 3177 3317 interra
3198 3260 3356 3327 sunt,
3382 3257 3591 3314 ductor

2083 3351 2166 3390 es.
2199 3336 2435 3390 Saurea
2467 3337 2527 3390 ¹⁰.

1940 3406 2340 3461 Confiteantur
2367 3406 2472 3463 tibi
2498 3405 2718 3477 populi,
2754 3409 2936 3461 Deus:

2011 3479 2403 3533 confiteantur
2432 3478 2538 3534 tibi
2572 3478 2771 3550 populi
2803 3491 3029 3550 omnes.

1939 3548 2120 3604 Tcrra
2150 3550 2308 3605 dedit
2339 3548 2711 3620 germeuKAl.
2748 3548 3030 3615 fructum)
3058 3559 3275 3601 suum:

2012 3621 2315 3676 benedicat
2343 3621 2505 3676 nobis
2535 3621 2689 3677 Deus
2718 3621 2874 3677 Deus
2907 3624 3120 3674 noster.

1938 3691 2250 3748 Benedicat
2280 3692 2447 3748 nobis
2478 3693 2655 3758 Deus,

2009 3768 2066 3818 et
2090 3764 2337 3819 timeant
2361 3780 2493 3819 eum
2527 3778 2732 3818 omnes
2760 3762 2906 3816 ﬁnes
2937 3762 3123 3815 terrae.

2254 3894 2483 3933 VICTORI
2516 3893 2687 3932 DAVID
2731 3890 2990 3930 PSALMUS
3019 3888 3261 3927 CANTICI.

1938 3974 2536 4045 (LXVIII.)Exsurgat
2563 3979 2737 4039 Deus,
2795 3976 2855 4026 et
2910 3969 3273 4042 dissipentur
3331 3968 3434 4027 (Al.
3496 3966 3593 4021 di-

2080 4053 2413 4125 spergatur)
2439 4046 2671 4125 inimici
2702 4045 2870 4125 ejus:
2993 4113 3015 4125 _
3083 4111 3096 4125 ο

2011 4120 2067 4171 et
2093 4112 2321 4187 fugiant
2352 4117 2449 4188 qui
2482 4112 2895 4171 oderuntfelim
2920 4130 2959 4175 pa
2991 4112 3136 4167 facie
3163 4112 3311 4181 ejus.

1940 4189 2104 4267 Sicut
2133 4189 2327 4267 deficit
2361 4191 2558 4267 fumus
2589 4189 2908 4267 deficiant;
2984 4254 2996 4267 .

2011 4262 2166 4315 sicut
2192 4261 2435 4315 tabescit
2470 4276 2603 4315 cera
2634 4276 2667 4315 a
2699 4257 2846 4313 facie
2876 4256 3053 4327 ignis,

168 4432 433 4516 retinent
461 4433 726 4516 ordinem
776 4434 1063 4508 nativum,
1116 4435 1317 4491 Victori
1347 4436 1531 4494 David
1584 4440 1831 4510 psalmus
1862 4454 1912 4516 D
1942 4432 2191 4516 renymi.
2231 4448 2420 4499 MART.

166 4503 399 4562 Cantici
410 4546 422 4559 .
461 4508 658 4560 MART.

246 4575 775 4655 --‘_Iterum__nostri
846 4592 1051 4655 omnes
1085 4594 1227 4635 mss.
1263 4579 1496 4651 duoque
1526 4580 1623 4635 alii
1674 4585 1829 4655 apud

171 4646 475 4711 Martian.,
507 4648 678 4703 silens
713 4664 815 4720 pro
843 4649 985 4704 silet.

246 4721 265 4753 ι
306 4720 365 4771 In
401 4731 652 4789 quatuor
680 4737 849 4783 mss.,
882 4720 1162 4776 Vaticano
1193 4721 1377 4777 soilic.
1418 4723 1651 4780 Canone
1681 4730 1827 4783 Car-

169 4805 334 4845 cass.
362 4796 637 4861 August.,
661 4792 980 4862 Burdigal.,
1005 4797 1130 4847 etS.
1161 4793 1357 4857 Mich.,
1382 4795 1694 4852 Exaudiens
1714 4815 1835 4853 ora-

171 4864 388 4917 tionem
410 4879 428 4916 :
460 4863 537 4918 ad
567 4871 618 4918 te
645 4867 824 4918 mimis
853 4879 982 4919 caro
1012 4866 1218 4919 veniat.
1253 4869 1435 4921 Maa'r.

245 4951 271 4984 ³
298 4949 494 5004 Cauon
525 4953 1087 5008 San-Germanensis
1120 4970 1250 5008 cum
1285 4954 1459 5009 editis
1504 4955 1669 5013 libris
1726 4958 1834 5014 hoc

171 5021 354 5100 modo
408 5021 600 5100 legit:
663 5024 921 5100 Egressus
964 5023 1249 5100 matutini
1303 5032 1354 5081 et
1412 5044 1663 5100 vesperi,
1721 5040 1833 5086 etc.

172 5094 446 5157 Mamre,
483 5098 743 5163 Egressus
772 5095 1038 5150 matutini
1068 5104 1119 5151 et
1144 5100 1397 5164 vesperis.
1438 5094 1620 5156 MART.

245 5194 322 5205 —
343 5164 757 5223 Cisterciensis
788 5175 847 5221 et
876 5167 1109 5237 Reginae
1144 5184 1308 5227 mss...
1339 5184 1587 5237 egressux
1642 5175 1834 5226 matu—

172 5238 328 5291 tinos
356 5247 407 5290 et
444 5253 706 5303 vespere:
741 5238 797 5291 in
830 5239 962 5293 aliis
994 5240 1215 5295 invenit
1245 5242 1619 5297 Martianaaus
1650 5243 1705 5296 in
1744 5260 1833 5298 re-

172 5315 294 5375 cto,
331 5322 588 5380 egressus
617 5311 905 5366 matutini.

248 5396 359 5470 "S.
398 5396 783 5470 Hieronymus
816 5398 872 5452 in
905 5397 1151 5470 epistola
1198 5397 1498 5455 multoties
1556 5399 1831 5458 laudata:

173 5466 400 5540 Dicitis,
432 5466 647 5539 inquit,
689 5466 949 5540 quodin
980 5468 1164 5525 Graeco
1218 5486 1329 5523 non
1384 5474 1457 5525 sit
1512 5472 1662 5539 ejus,
1707 5490 1831 5529 cum

174 5539 236 5594 in
266 5539 496 5614 Hebrgo
536 5558 775 5614 Tanain
835 5542 1057 5614 (imum)
1103 5540 1400 5609 muni/este
1458 5550 1834 5614 praeparatio-

177 5626 319 5667 nem
353 5610 504 5679 ejus,
536 5612 823 5682 signiﬁcet.
854 5613 1011 5686 llaec
1042 5610 1598 5686 interpretationem
1663 5617 1836 5686 repli-

176 5697 392 5753 camus
426 5690 659 5751 propter
690 5684 1071 5753 marginalem
1123 5683 1467 5739 Scholiastis
1520 5690 1701 5741 nostri
1734 5683 1838 5742 an-

176 5751 570 5819 notationem,
602 5772 730 5825 quas
761 5751 959 5811 eadem
992 5761 1079 5809 est
1110 5771 1237 5809 cum
1270 5757 1672 5812 observatione
1706 5760 1836 5815 Hie-

2014 4516 2033 4549 ⁵
2053 4510 2309 4587 Ἀιίᾳυοὶ
2343 4531 2511 4582 mss.,
2544 4510 2827 4569 terribilia
2856 4526 3026 4580 opera
3056 4510 3239 4562 Mam.

2010 4602 2285 4668 l5Contra,
2321 4603 2496 4658 iidem
2532 4602 2627 4657 hic
2658 4600 2857 4672 legunt
2884 4599 2945 4654 in
2979 4594 3287 4669 singulari,
3345 4595 3601 4652 terribile

1941 4674 2252 4730 comitium.
2286 4679 2469 4729 MART.

2011 4748 2033 4781 θ
2066 4746 2226 4800 Unus
2262 4748 2489 4809 Regium
2522 4762 2692 4809 mss.,
2723 4742 2869 4798 oeuli
2899 4742 3019 4811 eius
3064 4739 3126 4795 in
3179 4742 3399 4809 gentes:
3462 4755 3597 4811 pro-

1944 4817 2077 4889 pius
2104 4820 2221 4872 fere
2252 4822 2320 4871 ad
2358 4818 2655 4872 [labia-um
2691 4824 2882 4889 D7113.

2012 4891 2031 4923 ⁷
2061 4889 2211 4959 Aliq.
2245 4905 2388 4945 mss.
2422 4889 2706 4944 omittunt
2735 4886 2886 4953 igne.
2920 4888 3107 4937 MART.

2012 4977 2032 5011 ³
2066 4976 2243 5031 Addit
2275 4976 2425 5030 idem
2482 4991 2592 5029 ms.
2629 4974 2725 5028 hic
2784 4970 2906 5040 tibi,
2941 4970 3095 5043 quod
3158 4970 3394 5041 quidem
3428 4973 3485 5024 et
3540 4968 3601 5023 in

1940 5048 2180 5103 Hebraeo
2212 5046 2386 5119 paulo
2422 5051 2553 5117 post
2583 5050 2836 5101 resonat.

2012 5136 2250 5191 ’Canon
2282 5132 2852 5190 San-Germauensis
2883 5134 2939 5186 et
2979 5135 3156 5185 Mem.
3209 5128 3463 5183 retinent
3522 5130 3605 5180 vi—
3704 5124 3707 5131 “

1941 5207 2147 5262 tiatam
2173 5206 2487 5261 lectionem
2503 5204 3002 5277 antiquissimam,
3017 5216 3143 5256 cum
3159 5201 3380 5277 incenso
3395 5202 3446 5254 et
3458 5201 3608 5277 arie-

1940 5278 2106 5334 tibus.
2140 5277 2246 5333 Sed
2276 5278 2440 5343 male,
2474 5271 2668 5348 inquit
2699 5275 3090 5345 Hieronymus
3122 5271 3220 5324 ubi
3280 5287 3463 5341 supra
3485 5289 3511 5348 ς’
3546 5272 3605 5323 in

1944 5350 2169 5406 Hebraeo
2194 5351 2345 5404 enim
2373 5341 2634 5420 scriptum
2666 5352 2771 5414 est,
2820 5362 2892 5400 su
2921 5341 3235 5398 'ca'rono'rn
3300 5358 3431 5396 sum
3496 5341 3607 5411 (ειν

1946 5423 2093 5499 ενι-»2
2161 5438 2360 5525 ΠἾῸῙΣ)
2395 5479 2409 5503 ,
2471 5437 2613 5509 quod
2664 5435 3114 5525 interpretatur,
3175 5446 3298 5485 cum
3369 5446 3608 5525 INCENSQ

1942 5544 2224 5584 ARtEYUM.
2260 5518 2319 5582 Si
2350 5544 2522 5599 quem
2575 5530 2766 5599 movet
2824 5521 2978 5588 quod
3022 5519 3312 5599 legamus.
3356 5518 3610 5599 cetera!!!

1947 5616 2049 5671 pro
2079 5590 2666 5664 mterelh,'eonsulat
2726 5611 2871 5648 mss.
2933 5594 3164 5647 codices
3221 5590 3480 5662 epistolae
3538 5590 3610 5645 ad

1943 5674 2225 5725 b‘uiiuiani
2262 5680 2320 5726 et
2352 5671 2558 5726 Fretel.

2022 5759 2065 5794 ιο
2099 5759 2292 5815 Nostri
2320 5777 2488 5830 mss.,
2520 5756 2708 5813 ductor
2740 5769 2797 5810 es
2821 5752 3218 5823 sempiternus.
