2025 3091
148 135 216 164 1241

187 199 267 235 Deus
279 197 368 225 Israel
384 197 448 234 ipse
463 199 546 226 dabit
560 200 773 235 fortitudinem,

185 237 213 262 et
228 234 316 262 robur
330 235 438 270 populo
457 243 463 262 :
480 235 653 264 benedictus
670 238 754 265 Deus.

357 300 471 321 VXCTORI
491 302 546 322 PRO
567 303 650 323 LlLllS
670 305 765 324 DAVID.

146 341 272 379 (LXIX.)_
285 340 370 369 Salva
387 350 443 375 me,
460 342 537 370 Deus
554 351 561 370 :

183 377 324 416 quoniam
340 380 503 416 venerunt1
520 387 601 414 aqua:
619 388 712 416 usque
726 381 761 408 ad
777 381 917 410 animam.

148 415 261 443 Intixus
276 421 343 441 sum
360 413 389 440 in
409 414 478 441 limo
494 413 641 450 profundi,

184 452 212 477 et
227 457 285 477 non
302 457 424 484 possum
441 450 602 479 consistere
619 459 626 478 :

146 486 220 514 Veni
235 485 267 513 in
284 485 461 520 profundum
478 494 635 521 aquarum,

183 524 211 549 et
222 521 330 558 ﬂumen
348 521 388 555 (h.
404 521 523 558 ﬂuctus)
539 523 654 558 operuit
669 531 724 551 me.

147 556 288 595 Laboravi
304 557 446 595 clamans,
462 556 664 595 exasperatum
679 561 723 587 est
738 562 836 595 guttur
852 570 950 590 meum
964 571 971 591 :

185 593 357 631 defecerupt
372 593 448 621 oculi
461 593 844 631 mci,’exspectantesVDeum
861 606 970 627 meum.

148 628 335 668 Multiplicati
351 632 421 668 sunt
436 638 525 668 super
539 628 660 666 capillos
676 632 780 668 capitis
796 633 863 668 mei,

183 664 376 701 qui'oderunt
393 673 438 692 me
453 664 544 701 gratis
562 675 568 694 :

147 700 307 730 Confortati
321 705 388 728 sunt
399 700 713 738 quipersequebantur
726 711 773 731 me
785 704 896 733 inimici
915 706 971 734 mei

220 737 332 764 iniuste
349 745 355 764 :

220 745 250 764 1n
268 745 332 764 uete
349 745 355 764 :

181 745 314 807 quceJnon
331 781 494 807 rapueram,
514 775 584 801 tunc
598 774 768 803 reddebam.

143 809 234 843 Deus,
251 811 280 835 tu
300 808 358 836 scis
375 808 530 836 stultitiam
549 818 656 844 meam,

182 848 210 871 et
227 847 343 880 peccata
361 852 424 871 mea
441 853 456 871 a
472 848 498 873 te
516 854 573 873 non
589 848 658 873 sunt
673 846 857 876 abscondita.

824 140 930 167 LIBER
948 137 1180 167 PSALMORUM.

988 203 1016 236 Α
1066 202 1095 228 et
1109 200 1281 236 desperatus
1296 209 1362 229 sum
1378 209 1385 228 :

1785 143 1855 171 1242

1030 236 1064 264 Et
1078 237 1243 274 exspectavi
1260 237 1309 273 qui
1326 236 1559 274 contristaretur,

1065 274 1094 299 et
1109 281 1166 300 non
1182 272 1237 300 fuit
1254 281 1260 300 :

1064 310 1092 335 et
1107 308 1156 343 qui
1171 308 1382 344 consolaretur,
1398 311 1427 336 et
1444 317 1502 337 non
1518 310 1626 339 inveni.

1028 344 1063 372 Et
1079 344 1223 372 dederunt
1239 344 1267 371 in
1285 353 1383 372 escam
1400 353 1494 373 meam
1511 346 1558 380 fel,

1063 382 1091 407 et
1107 380 1135 407 in
1152 380 1201 408 siti
1217 388 1282 408 mea
1295 383 1468 416 potaverunt
1484 389 1529 410 me
1545 384 1636 411 aceto.

1027 415 1070 443 Sit
1085 423 1188 454 mensa
1202 415 1302 454 eorum
1317 424 1415 454 coram
1432 416 1474 444 eis
1488 417 1517 444 in
1535 418 1683 454 laqueum,

1063 453 1091 479 et
1106 451 1134 478 in
1152 452 1360 480 retributiones
1376 452 1411 480 ad
1428 451 1636 483 corruendum.

1027 486 1279 525 Contenebrentur
1293 488 1372 525 oculi
1383 496 1483 516 eorum
1501 497 1536 517 ne
1551 491 1676 525 videaut,

1063 525 1092 562 et
1107 523 1227 562 dorsum
1244 524 1285 559 (h.
1302 524 1431 562 lumbos)
1447 532 1549 562 eorum
1565 523 1680 562 semper
1696 527 1826 557 incurva.

1027 559 1150 597 EtIunde
1166 567 1255 597 super
1270 560 1565 597 eosiadignationem
1582 559 1674 597 tua—m,

1063 597 1091 623 et
1107 595 1149 622 ira
1165 595 1272 632 furoris
1289 596 1331 623 tui
1346 595 1577 632 comprehendat
1591 607 1651 626 eos.

1027 631 1089 659 Fiat
1104 631 1293 659 commoratio
1310 640 1411 660 eorum
1427 633 1542 661 deserta
1558 642 1564 661 :

1063 667 1092 694 in
1108 667 1306 706 tabernaculis
1325 676 1426 696 eorum
1443 670 1556 706 nonsit
1571 670 1622 706 qui
1639 670 1760 698 habitet.

1027 703 1273 741 Quonismquem
1290 705 1321 731 tu
1341 704 1525 741 percussisti,
1543 703 1688 741 persecuti
1704 708 1773 734 sunt
1789 714 1796 734 :

1061 742 1090 766 et
1106 742 1137 766 ut
1153 739 1317 775 afﬂigerent
1335 740 1503 768 vulneratos
1519 739 1594 775 tuos,
1612 743 1774 770 narrabunt
1786 742 1807 770 ⁸.

1025 777 1067 802 Da
1083 774 1268 812 iniquitatem
1285 784 1374 811 super
1392 776 1578 811 iniquitatem
1588 774 1707 812 eorum,

1061 812 1088 847 et
1105 819 1160 838 non
1177 811 1296 838 veniant
1309 812 1339 839 in
1352 812 1471 847 justitia
1487 815 1546 841 tua.

1026 846 1183 874 Deleantur
1199 847 1233 874 de
1251 847 1323 874 libro
1340 846 1511 881 viventium,

144 880 207 908 Non
236 881 475 921 confundantur2
500 881 529 908 in
557 889 604 909 me
628 885 828 918 exspectantes
852 884 904 920 (At.
922 884 972 920 qui
990 888 1013 921 Β
1031 920 1046 921 7
1065 885 1093 910 et
1108 890 1173 909 cum
1186 883 1279 918 justis
1295 892 1352 910 non
1371 880 1549 921 scribantur.

220 917 401 951 exspectant)
419 919 455 948 te,

187 952 307 979 Domine
323 953 400 979 Deus
417 952 607 981 exercituum.

150 988 213 1016 Non
231 988 447 1015 confundantur
464 989 491 1015 in
509 997 555 1016 me

211 1024 239 1050 ui
256 1027 387 1059 quarunt
404 1027 441 1057 te,
458 1027 533 1051 Deus
550 1024 649 1052 Israel.

211 1033 239 1050 ul
256 1033 387 1059 quaerunt
404 1033 441 1057 te,
458 1033 533 1051 usus
550 1033 649 1052 israel.

188 1033 262 1091 auia
278 1062 393 1095 propter
410 1062 436 1087 te
455 1060 564 1095 portavi
580 1060 770 1096 opprobrium
787 1070 794 1090 ε

190 1097 305 1131 operuit
318 1096 449 1123 confusio
464 1097 566 1123 faciem
583 1104 689 1124 meam.

150 1132 272 1159 Alienus
289 1132 382 1159 factus
398 1140 464 1159 sum
483 1132 621 1160 fratribus
637 1133 721 1165 meis,

188 1170 216 1204 et
232 1168 402 1204 peregrinus
419 1168 486 1194 ﬁliis
504 1169 556 1204 (.11.
573 1168 662 1204 filius)
680 1170 782 1197 matris
798 1178 877 1198 mere.

151 1203 225 1236 Quia
239 1203 319 1231 zelus
335 1204 441 1231 domus
458 1206 514 1232 tum
529 1204 656 1231 comedit
672 1213 728 1238 me,

187 1241 216 1267 et
225 1239 415 1276 opprobrium
429 1240 668 1276 exprobrantium
681 1240 734 1268 tibi
745 1241 849 1270 cecidit
859 1243 870 1260 ³
885 1251 975 1280 super

187 1283 244 1303 me.

148 1311 186 1339 Et
202 1310 265 1338 ﬂevi
282 1310 310 1338 in
323 1310 438 1346 jejunio
452 1311 582 1339 animam
600 1319 706 1339 meam.

185 1349 214 1374 et
225 1347 335 1374 factum
350 1349 395 1383 est
409 1347 438 1374 in
453 1347 644 1383 opprobrium
661 1348 744 1376 mihi.

147 1383 185 1410 Et
199 1382 283 1419 posui
298 1382 506 1419 vestimentum
522 1391 619 1411 meum
637 1391 767 1419 saccum,

185 1422 213 1446 et
227 1419 405 1455 factusrsum
421 1418 463 1446 eis
478 1418 508 1446 in
524 1419 705 1455 parabolam.

147 1454 256 1482 Contra
271 1462 320 1492 me
332 1454 593 1492 loquebantur’qui
609 1456 750 1483 sedebant
765 1458 793 1483 in
811 1459 902 1492 porta.

184 1492 213 1518 et
226 1490 384 1530 cantabant
399 1490 534 1530 bibentes
548 1490 647 1530 vinum
663 1491 705 1530 (b_.
722 1490 858 1530 siceram)

149 1525 217 1553 Mea
231 1529 329 1554 autem
345 1526 437 1554 oratio
452 1527 487 1554 ad
503 1530 541 1561 te,
559 1525 712 1560 Domine‘,

185 1564 302 1604 tempus
318 1562 563 1604 reconciliationis
579 1566 624 1604 est
641 1564 679 1604 (l_z_.
696 1566 765 1604 tacet
779 1564 845 1600 est).

147 1597 227 1626 Deus
244 1597 480 1635 in_multitudine
496 1597 700 1626 misericordia
714 1602 782 1635 ture,

184 1633 289 1662 exaudi
305 1642 350 1662 me
367 1634 396 1661 in
410 1634 530 1662 veritate
545 1635 650 1662 salutis
669 1637 726 1663 tum
736 1636 757 1663 ⁵.

145 1669 224 1707 Erue
239 1678 286 1698 me
301 1670 336 1697 de
351 1669 413 1707 luto
426 1672 463 1707 ut
478 1679 535 1707 non
551 1671 656 1707 inﬁgar
672 1679 679 1698 :

181 1705 274 1744 libera
290 1714 335 1733 me
350 1706 386 1733 ab
403 1706 448 1734 his
472 1706 522 1742 qui
538 1705 663 1735 oderunt
677 1715 735 1742 me,
751 1708 779 1735 et
798 1707 833 1735 de
848 1708 970 1744 profun-

219 1741 265 1769 dis
280 1749 436 1777 aquarum.

143 1776 187 1804 Ne
202 1776 316 1814 aperiat
330 1785 376 1805 me
391 1778 498 1805 ﬂuctus
514 1785 606 1813 aquas,

182 1821 219 1841 ne
234 1813 390 1841 absorbent
401 1814 411 1831 ⁸
426 1821 473 1841 me
488 1814 667 1849 profundum
685 1822 692 1842 :

179 1851 208 1876 et
223 1857 282 1876 non
295 1851 414 1877 coronet
429 1857 518 1885 super
531 1858 577 1877 me
594 1852 699 1885 puteus
714 1858 746 1878 os
762 1858 860 1878 suum.

142 1885 257 1913 Exaudi
274 1893 330 1918 me,
346 1885 478 1918 Domine,
492 1886 631 1921 quoniam
648 1887 723 1913 bona
742 1889 787 1915 est
802 1886 967 1915 misericor-

178 1921 227 1948 dia
250 1923 311 1955 tua,
327 1921 490 1949 secundum
509 1921 728 1950 multitudinem
745 1922 966 1951 miserationum

213 1958 332 1984 tuarum
351 1958 460 1993 respice
476 1957 511 1985 ad
528 1965 583 1985 me.

140 1992 178 2020 Et
193 2000 229 2020 ne
244 1992 409 2021 abscondas
425 1993 529 2021 faciem
545 1996 625 2020 tuam
642 2001 658 2020 a
674 2001 755 2021 servo
772 1995 821 2020 tuo
838 2001 845 2021 :

178 2029 319 2064 quoniam
335 2028 459 2057 tribulor
474 2029 531 2056 cito
548 2029 589 2065 (h.
606 2029 724 2063 festina)
739 2029 844 2057 exaudi
861 2038 916 2058 me.

177 2065 291 2092 Accede
307 2065 341 2092 ad
357 2065 486 2092 animam
504 2073 611 2099 meam,
628 2065 738 2093 redime
754 2073 818 2093 eam
829 2066 838 2082 ⁷
856 2073 863 2093 :

179 2102 297 2136 propter
312 2100 447 2128 inimicos
463 2109 543 2128 meos
559 2101 649 2129 libera
666 2109 721 2129 me.

139 2136 185 2164 Tu
202 2137 262 2163 scis
277 2136 468 2172 opprobrium
484 2145 593 2169 meum,

177 2174 206 2199 et
220 2171 424 2200 conquionem
442 2180 547 2206 meam,
564 2175 592 2200 et
606 2171 802 2208 ignominiam
818 2180 914 2201 meam
932 2180 939 2200 :

177 2216 276 2236 coram
293 2211 321 2236 te
335 2210 406 2236 sunt
421 2216 523 2236 omnes
538 2209 637 2236 hostes
653 2208 721 2235 mei.

138 2243 303 2279 Opprobrio
318 2244 477 2272 contritum
495 2247 539 2272 est
554 2253 604 2272 cor
619 2252 729 2279 meum,

177 2333 185 2350 ¹
200 2332 398 2367 Cisterciens.,
418 2334 601 2365 introierunt;
617 2335 680 2361 tum
703 2333 830 2370 Reginae.
848 2341 902 2361 ms.
919 2342 964 2362 us-

137 2377 194 2406 que
203 2370 244 2406 ad
255 2369 382 2406 animam
398 2378 499 2397 meam.

176 2405 187 2422 ²
202 2405 285 2432 Multi
301 2406 428 2438 codices,
447 2406 478 2432 Et
497 2413 551 2433 non
576 2407 766 2438 reuereantur,
781 2405 824 2432 vel
841 2405 904 2433 sine
920 2413 968 2432 co—

139 2440 222 2477 pula.
246 2442 303 2469 Non
332 2443 523 2470 revercantur.
549 2441 647 2468 Canon
677 2440 883 2475 Memmianus,
909 2442 968 2469 Non

138 2481 319 2505 revereanlur
333 2485 416 2513 super
432 2485 484 2504 me.
503 2477 596 2504 Msa'r.

176 2513 187 2530 ⁸
204 2514 233 2540 In
251 2513 356 2549 plurali
373 2513 434 2540 haec
456 2513 559 2547 legunt
574 2521 646 2540 mss.
663 2513 721 2549 duo
738 2512 927 2549 exemplaria,
941 2517 967 2540 et

138 2548 324 2584 opprobria...
348 2548 517 2580 ceciderunt.
534 2551 588 2576 etc.
613 2550 644 2576 In
661 2548 728 2576 aliis
752 2549 890 2576 omnibus
905 2548 967 2576 sin~

137 2584 252 2620 gularis
267 2587 312 2613 est
327 2592 479 2613 numerus.
497 2584 590 2612 MART.

174 2630 186 2646 ⁴
200 2629 292 2657 Aliter
314 2629 413 2657 Canon
429 2628 671 2657 Carcassonensis
687 2636 753 2655 cum
779 2628 967 2664 pedissequis

136 2665 256 2693 duobus
279 2666 439 2699 consuetis,
457 2672 562 2700 nempe
577 2673 644 2692 cum
671 2664 770 2700 codice
786 2665 966 2700 Augustino-

135 2699 534 2743 rum_Bu_rdigalen'sium,_et
550 2700 641 2743 altero
657 2700 684 2727 S.
703 2699 853 2743 Michaelis
914 2703 965 2728 Pe-

134 2737 232 2765 riculo
255 2736 355 2770 Maris,
373 2736 423 2764 ubi
450 2736 576 2771 legimus
593 2744 599 2763 :
616 2737 672 2772 Ego
697 2742 791 2764 autem
815 2736 966 2764 oralionem

133 2781 229 2801 meam
244 2773 279 2800 ad
295 2778 330 2807 te,
345 2773 471 2801 Domine.
488 2773 583 2800 MART.

170 2819 181 2836 ⁵
197 2817 260 2846 Pari
277 2826 424 2845 consensu
442 2817 535 2845 nostri
557 2825 641 2849 mss.,
660 2816 690 2844 in
706 2817 820 2844 veritale
835 2816 966 2845 salutaris

137 2854 188 2883 tui.
206 2854 282 2882 Tum
299 2855 373 2889 eripe
387 2861 439 2887 me,
457 2862 508 2889 pro
524 2861 599 2886 erue,
616 2854 671 2880 etc.

171 2891 183 2908 °
200 2892 261 2917 Duo
278 2888 362 2924 mss.,
378 2888 479 2924 ﬂuvius
495 2897 588 2925 aqua,
602 2892 677 2925 etne
691 2888 847 2925 absorbeat,
863 2890 918 2916 etc.

171 2926 181 2945 ⁷
195 2925 294 2955 Ganon
308 2923 505 2954 Memmianus
516 2923 834 2953 etBan-Germanensis
844 2925 945 2953 noster
957 2931 963 2953 :

1029 920 1087 953 Ego
1103 921 1199 946 autem
1216 927 1327 954 pauper
1342 921 1370 947 et
1384 919 1486 948 dolens
1503 929 1509 947 :

1064 953 1145 991 salus
1159 953 1224 989 tua,
1237 953 1323 989 Deus,
1337 956 1468 991 suscepit
1483 964 1529 983 me
1540 956 1560 985 °.

1029 990 1167 1018 Laudabo
1183 998 1288 1018 nomen
1304 991 1352 1018 Dei
1368 991 1397 1019 in
1414 990 1539 1026 cantico,

1063 1028 1092 1054 et
1108 1026 1303 1061 magniﬁcabo
1318 1035 1385 1055 eum
1402 1027 1431 1054 in
1448 1028 1641 1056 confessione.

1029 1061 1061 1089 Et
1080 1061 1208 1101 placebit
1221 1062 1356 1101 ‘Domino
1381 1071 1470 1099 super
1493 1063 1618 1092 vitulum
1641 1064 1791 1093 novellum
1806 1065 1850 1101 (h.

1101 1097 1201 1125 bovem
1219 1099 1303 1125 tauru
1310 1098 1359 1134 m),

1064 1141 1173 1170 cernua
1186 1134 1353 1162 ell‘erentem
1367 1136 1395 1162 et
1410 1133 1548 1170 ungulas.

1027 1169 1167 1197 Videntes
1183 1171 1328 1198 mansueti
1344 1170 1543 1198 lzetabuntur:

1064 1205 1114 1241 qui
1130 1206 1260 1244 quaeritis
1283 1209 1385 1241 Deum,
1402 1206 1478 1234 vivet
1501 1206 1601 1235 anima
1626 1209 1723 1236 vestra
1745 1207 1786 1244 (h.
1802 1216 1853 1237 cor

1099 1244 1252 1269 vestrum).

1099 1244 1227 1269 vestrum
1246 1262 1252 1269 .

1028 1277 1171 1309 Quoniam
1189 1242 1337 1305 exdudivit
1351 1285 1495 1313 pauperes
1510 1277 1654 1306 Dominus
1670 1286 1678 1307 :

1063 1315 1092 1340 et
1107 1313 1219 1341 vinctos
1235 1321 1306 1349 suos
1321 1321 1378 1340 non
1394 1313 1537 1349 despexit.

1029 1348 1161 1376 Laudent
1176 1357 1242 1376 eum
1258 1348 1321 1376 cceli
1336 1351 1365 1376 et
1380 1348 1457 1376 terra
1474 1357 1481 1376 :

1064 1385 1156 1412 maria
1171 1387 1200 1412 et
1215 1392 1301 1412 omne
1317 1385 1394 1420 quod
1411 1386 1544 1413 movetur
1558 1384 1588 1412 in
1606 1385 1648 1414 eis
1664 1393 1671 1414 :

1027 1420 1099 1452 Quia
1114 1421 1191 1448 Deus
1206 1420 1331 1448 salvabit
1345 1420 1424 1455 Sion,

1062 1459 1090 1483 et
1103 1456 1257 1483 adilicabit
1272 1456 1403 1484 civitates
1418 1456 1495 1484 Juda
1511 1464 1518 1483 ε

1062 1494 1090 1520 et
1105 1492 1280 1520 habitabunt
1294 1492 1346 1524 ibi,
1362 1494 1391 1520 et
1406 1491 1601 1528 possidebunt
1616 1500 1690 1526 eam,

1027 1527 1061 1554 Et
1075 1536 1174 1555 semen
1191 1536 1339 1555 servorum
1354 1527 1418 1562 ejus
1434 1528 1597 1564 possidebit
1612 1536 1688 1563 eam,

1063 1566 1091 1591 et
1105 1564 1155 1600 qui
1171 1564 1297 1600 diligunt
1312 1572 1419 1592 nomen
1435 1563 1499 1600 ejus
1515 1564 1693 1592 habitabant
1706 1563 1736 1592 in
1752 1572 1795 1593 ea.

1176 1630 1289 1650 VICTORI
1309 1630 1392 1650 ῡΑνιι)
1412 1629 1450 1650 AD
1470 1630 1697 1652 RECORDANDUM.

1024 1670 1128 1707 (LXX.)
1144 1670 1233 1706 Deus,
1249 1673 1282 1699 ut
1296 1670 1403 1698 liberes
1419 1679 1466 1699 me
1482 1680 1489 1699 :

1062 1707 1193 1739 Domine,
1208 1709 1241 1734 ut
1256 1706 1406 1734 auxiliaris
1422 1707 1506 1741 mihi,
1524 1707 1639 1736 festina.

1024 1742 1246 1770 Confundantur
1260 1746 1288 1771 et
1302 1743 1478 1771 erubescant

1060 1778 1110 1814 qui
1126 1781 1262 1813 quaerunt
1277 1779 1406 1807 animam
1425 1787 1518 1807 meam
1536 1787 1543 1806 :

1024 1814 1236 1843 Convertantur
1251 1817 1422 1847 retrorsum,
1439 1817 1467 1843 et
1479 1815 1664 1850 erubescant,

1059 1851 1110 1886 qui
1125 1851 1227 1879 volunt
1242 1851 1354 1878 malum
1370 1850 1453 1879 mihi.

1024 1886 1216 1913 Revertantur
1230 1887 1265 1913 ad
1281 1886 1437 1921 vestigium
1454 1886 1634 1914 confusionis
1651 1894 1721 1919 sum,

1059 1922 1108 1956 qui
1124 1922 1226 1949 dicunt
1239 1922 1311 1949 vah!
1329 1922 1402 1949 vah!

1022 1958 1173 1985 Gaudeant
1188 1960 1216 1985 et
1231 1957 1367 1985 laetentur
1382 1957 1411 1984 in
1427 1958 1454 1984 te
1470 1964 1572 1984 omnes
1588 1956 1636 1993 qui
1650 1958 1785 1993 quierunt
1800 1958 1844 1992 te;

1056 1995 1085 2021 et
1100 1994 1198 2020 dicant
1213 2001 1338 2028 semper,
1355 1992 1558 2028 magniﬁcetur
1574 1993 1662 2027 Deus,

1056 2029 1106 2064 qui
1122 2029 1250 2065 diligunt
1264 2028 1393 2057 salutare
1410 2032 1503 2056 tuum.

1022 2065 1081 2100 Ego
1097 2067 1194 2092 autem
1210 2073 1320 2100 egenus
1335 2067 1364 2092 et
1379 2073 1500 2100 pauper,

1057 2103 1144 2136 Deus,
1160 2101 1266 2129 festina
1282 2109 1333 2136 pro
1351 2108 1397 2128 me
1411 2108 1417 2127 :

1020 2136 1168 2164 Auxilium
1185 2144 1283 2164 meum
1300 2138 1327 2164 et
1342 2136 1471 2164 salvator
1490 2144 1573 2164 meus
1589 2138 1631 2163 tu.

1057 2173 1190 2205 Domine,
1207 2181 1242 2200 ne
1258 2172 1390 2200 moreris.

1022 2208 1116 2244 (LXXI
1130 2209 1173 2243 ¹⁰.)
1190 2209 1221 2235 In
1238 2211 1277 2239 te.
1292 2208 1425 2240 Domine.
1444 2207 1570 2244 speravi,

981 2261 1004 2293 Β
1026 2242 1030 2244 ’
1056 2252 1114 2272 non
1130 2242 1294 2272 confundat
1308 2244 1337 2272 in
1354 2242 1494 2272 aeternum
1512 2243 1554 2280 (h.
1571 2243 1600 2270 in
1616 2242 1781 2280 saculum).

1023 2332 1137 2361 Intende
1160 2332 1265 2361 anima:
1280 2340 1362 2369 mere,
1391 2336 1418 2360 et
1440 2332 1549 2369 redime
1571 2340 1641 2360 eam.
1676 2331 1710 2360 Et
1733 2333 1846 2369 postea,

1023 2369 1128 2397 redime
1143 2377 1194 2403 me,
1210 2377 1260 2404 pro
1276 2368 1361 2396 libera
1378 2376 1430 2396 me.
1447 2368 1541 2395 Man'r.

1057 2405 1067 2422 ⁸
1083 2403 1285 2432 Cisterciénsis
1302 2412 1369 2438 ms.,
1381 2405 1407 2431 et
1422 2412 1505 2438 super
1513 2404 1625 2439 plagam
1640 2403 1848 2432 vulneratorum

1022 2445 1133 2468 tuorum
1149 2441 1313 2468 narrabant.
1329 2442 1423 2475 Atque
1439 2440 1481 2467 ita
1495 2440 1614 2476 quidem
1632 2439 1768 2468 Hebrmus
1783 2439 1847 2475 ipse

1022 2485 1110 2513 habet
1121 2490 1204 2517 W507
1224 2477 1313 2527 Tbbn
1333 2477 1511 2518 Emam-5&1,
1524 2485 1558 2512 ad
1574 2484 1712 2519 litteram,
1726 2485 1754 2511 et
1763 2491 1848 2519 super

1022 2530 1147 2558 dolorem
1162 2529 1376 2557 vulneratorum
1391 2530 1502 2556 tuorum
1521 2529 1675 2565 loquentur.
1691 2527 1800 2565 Verum
1815 2528 1846 2565 i_n

1022 2574 1078 2593 ms.
1094 2565 1256 2593 versiculus
1272 2564 1321 2592 ille
1338 2572 1418 2601 cum,
1430 2565 1494 2601 ipso
1509 2563 1598 2593 etiam
1615 2563 1846 2601 impressolegi-

1023 2606 1079 2634 tur,
1095 2604 1124 2629 et
1140 2604 1172 2629 ut
1195 2602 1320 2634 videtur,
1337 2600 1420 2635 quasi
1442 2599 1507 2636 ejus
1532 2599 1677 2636 glossema
1692 2600 1728 2627 ab
1753 2599 1846 2627 Scho-

1021 2637 1105 2665 liaste
1122 2637 1259 2673 quopiam
1276 2645 1308 2664 su
1314 2636 1494 2672 peradditus.

1056 2674 1066 2713 ιξ
1081 2670 1189 2713 Νοᾷὶτϊ
1205 2681 1277 2713 mss.
1294 2670 1323 2699 in
1339 2673 1447 2713 futuro
1462 2671 1601 2713 διέιςσὴῖξίεσιἶ
1621 2671 1650 2698 ln
1666 2670 1787 2699 Hebraeo
1808 2670 1845 2698 ad

1021 2709 1151 2745 optantis
1167 2709 1300 2740 modum,
1316 2709 1456 2743 suscipiat,
1466 2709 1560 2740 elevet,
1576 2710 1630 2735 etc.

1040 2745 1079 2783 _'°
1094 2745 1164 2783 Eam
1181 2746 1249 2783 fere,
1267 2752 1340 2783 qius
1352 2744 1429 2783 apud
1440 2743 1515 2783 LXX
1534 2743 1649 2783 legitur,
1665 2741 1845 2783 epigrapben

1022 2780 1083 2808 sive
1097 2780 1217 2808 titulum
1233 2778 1589 2810 Psalmis,’Cisterciensis
1606 2786 1661 2806 ms.
1679 2778 1844 2814 praeponit:

1020 2817 1147 2846 Psalmus
1182 2816 1274 2844 David
1304 2815 1426 2849 ﬁliorum
1457 2814 1575 2843 Jonatha
1606 2813 1685 2849 (leg.
1709 2813 1852 2847 Ionadab)-

1018 2853 1133 2887 rrior...
1158 2849 1373 2888 captivojlege,
1398 2853 1424 2888 et
1444 2850 1788 2888 prioragmraptt'rorum).
1804 2849 1846 2877 Re

1019 2885 1118 2952 ξξῑιῖω
1134 2885 1201 2917 vera
1224 2885 1341 2916 nullum
1357 2886 1386 2914 in
1402 2886 1520 2916 Hebraeo
1536 2885 1687 2915 babet’hic
1712 2885 1847 2923 psalmus

1034 2932 1041 2952 ι
1058 2932 1074 2952 u
1090 2932 1150 2952 um.

1019 2924 1150 2953 titulum.
