4050 6182
439 264 583 322 1243

442 390 505 447 In
529 389 747 462 justita
774 392 877 445 tua
904 403 1042 445 erue
1073 403 1185 457 me,
1219 392 1276 443 et
1304 387 1487 443 libera
1518 403 1609 462 me
1642 403 1655 443 :

513 458 732 517 inclina
761 464 831 515 ad
866 479 957 515 me
982 476 1181 515 aurem
1217 467 1403 527 tuam,
1437 464 1494 515 et
1522 458 1683 515 salva
1714 474 1808 513 me
1841 472 1854 511 :

440 532 774 637 Esto_mihi
823 534 1133 637 robustum
1192 532 1617 597 habitaculum,
1669 538 1733 586 ut
1789 529 2087 601 ingrediar

576 611 801 674 jugiter
823 611 862 657 ι.

510 675 835 746 praecepisti
871 679 930 728 ut
963 672 1223 729 salvares
1254 689 1353 746 me
1380 690 1394 728 :

510 744 650 818 quia
680 744 841 817 petra
872 762 1002 818 mea
1030 750 1087 800 et
1118 745 1400 818 t‘ortitudo
1433 762 1562 802 mea
1585 761 1647 818 es
1679 749 1742 800 tu
1766 744 1786 778 ⁵
1821 760 1834 799 :

439 821 592 874 Deus
625 835 812 886 meus,
847 817 1009 872 salva
1040 832 1134 872 me
1163 817 1235 872 de
1265 834 1444 872 manu
1476 817 1643 889 impii
1678 833 1690 871 :

510 891 581 945 de
612 906 787 945 manu
819 890 1007 959 iniqui
1035 894 1094 944 et
1124 888 1410 945 nocentis.

439 961 584 1026 Quia
614 965 672 1016 tu
703 977 765 1016 es
794 963 1153 1032 exspectatio
1181 976 1311 1015 mea
1343 977 1357 1014 :

510 1032 756 1088 Domine
778 1028 954 1098 Deus,
980 1032 1194 1087 ﬁducia
1226 1048 1356 1087 mea
1375 1032 1396 1066 ³
1426 1031 1498 1087 ab
1523 1028 1913 1087 adelescentia
1932 1045 2081 1088 mea.

435 1106 478 1161 Δ
509 1107 567 1160 te
597 1109 960 1160 sustentatus
993 1119 1125 1159 sum
1157 1120 1226 1157 ex
1257 1108 1439 1170 utero,

508 1176 579 1231 de
608 1180 808 1233 ventre
839 1175 1044 1231 matris
1076 1191 1214 1229 mese
1247 1179 1310 1229 tu
1342 1192 1404 1231 es
1436 1177 1728 1246 protector
1759 1189 1925 1230 meus
1958 1190 1971 1229 :

506 1247 565 1302 in
598 1252 654 1303 te
686 1247 815 1302 laus
851 1247 1222 1318 meajugiter
1242 1248 1283 1302 ‘.

440 1320 619 1384 Quasi
650 1316 1209 1391 portentumfi'actus
1239 1316 1633 1391 sumAmultis,

510 1395 567 1446 et
595 1388 666 1446 tu
691 1406 821 1461 spes
856 1406 1007 1454 mea,
1038 1390 1357 1444 fortissime
1378 1388 1417 1442 ⁸.

440 1461 761 1535 Implentur
790 1478 854 1517 os
886 1462 1299 1535 meum_laude
1332 1468 1430 1516 tua
1461 1476 1474 1515 :

510 1532 635 1591 tota
663 1533 757 1589 die
787 1532 1192 1605 magnitudine
1222 1537 1345 1586 tua.

437 1605 519 1662 Ne
551 1605 825 1678 projicias
856 1602 948 1678 me.
979 1605 1336 1678 intempore
1365 1602 1685 1678 senectutis
1718 1618 1731 1678 ξ

508 1674 970 1733 cum'defecerit
1008 1675 1122 1747 (At.
1174 1675 1443 1746 defuerit)
1492 1674 1774 1730 fortitudo
1827 1688 1977 1745 mea,
2009 1689 2081 1729 ne

583 1748 957 1820 derelinquas
986 1763 1103 1813 me,

437 1819 582 1886 Quia
610 1816 884 1875 dixerunt
914 1819 1135 1874 inimici
1168 1818 1282 1872 mei
1314 1816 1459 1871 mihi
1495 1833 1509 1871 :

507 1891 695 1964 etiqui
726 1891 1116 1964 observabant
1145 1890 1402 1964 animam
1438 1904 1654 1958 meam,

506 1962 767 2018 inierunt
795 1962 1106 2018 consilium
1143 1962 1376 2032 pariter.

410 2035 725 2099 'Dicentes,
757 2034 911 2089 Deus
942 2033 1257 2104 dereliquit
1280 2048 1438 2104 eum,

509 2105 937 2177 persequimini
968 2103 1534 2177 etcomprehendite
1562 2117 1722 2171 eum,

511 2175 653 2247 quia
684 2175 797 2232 non
830 2181 919 2231 est
950 2175 1051 2246 qui
1083 2179 1253 2230 eruat
1277 2176 1322 2228 ⁸.

437 2249 617 2313 Deus,
653 2264 725 2303 ne
755 2247 1043 2317 elongeris
1074 2264 1106 2301 a
1138 2263 1227 2301 me
1260 2262 1273 2299 :

510 2319 666 2374 Deus
698 2314 988 2383 meusfad
1022 2318 1306 2373 auxilium
1340 2331 1539 2371 meum
1572 2314 1805 2372 festina.

435 2390 899 2457 Confundantur,
933 2394 1361 2445 consumantur

508 2461 826 2517 adversarii
859 2463 1064 2516 animas
1097 2477 1262 2515 meae.

436 2531 791 2604 Operiantur.
813 2531 1123 2604 opprobrio
1153 2536 1210 2587 et
1240 2529 1601 2604 confusione,

510 2602 612 2676 qui
643 2601 1164 2676 quaeruntmalum
1197 2601 1364 2676 mihi.

435 2674 552 2747 Ego
584 2680 781 2748 autem
804 2675 1029 2748 jugiter
1056 2674 1424 2748 exspectabo,

505 2750 562 2803 et
591 2744 865 2817 adiiciam
882 2744 1077 2820 'super
1103 2744 1339 2820 omnem
1372 2744 1605 2802 laudem
1636 2748 1796 2803 tuam
1817 2746 1861 2803 ".

431 2817 510 2876 Os
542 2835 737 2875 meum
771 2817 1030 2891 narrabit
1050 2819 1352 2891 justitiam
1378 2822 1541 2874 tuam
1573 2832 1589 2875 :

499 2893 624 2946 tota
652 2891 748 2948 die
779 2890 1036 2947 salutare
1058 2890 1235 2946 tuum
1267 2906 1281 2946 :

500 2962 781 3034 quianon
815 2961 1052 3034 cognovi
1085 2961 1467 3034 litteraturae.

429 3030 733 3105 Ingrediar
760 3034 820 3089 in
854 3030 1228 3089 fortitudines
1267 3030 1499 3105 Domini
1533 3031 1634 3088 Dei
1667 3049 1680 3088 :

571 3106 919 3161 recordabor
938 3104 1187 3177 justitiaa
1216 3108 1334 3160 ture
1364 3103 1571 3177 solius.

429 3176 606 3242 Deus,
638 3177 888 3233 docuisti
920 3174 1014 3233 me
1045 3178 1117 3233 ab
1149 3174 1548 3232 adolescentia
1579 3190 1728 3242 mea,

501 3251 558 3302 et
588 3265 775 3320 usque
803 3266 961 3305 nunc
990 3249 1353 3305 annuntinbo
1382 3246 1675 3303 mirabilia
1701 3251 1824 3303 tua.

429 3320 679 3391 Insuper
709 3324 764 3376 et
793 3337 980 3392 usque
1008 3322 1080 3377 ad
1113 3324 1473 3377 senectutem
1505 3323 1564 3375 et
1593 3335 1794 3386 canos,

495 3395 673 3457 Deus,
705 3408 779 3446 ne
808 3392 1180 3463 derelinquas
1209 3408 1331 3459 me;

424 3459 621 3517 Donec
649 3463 989 3518 annuntiem
1021 3459 1328 3518 brachium
1360 3466 1529 3515 tuum
1562 3461 1947 3528 generationi,

498 3533 842 3604 cunctisque
864 3534 963 3604 qui
985 3534 1215 3589 venturi
1236 3535 1257 3568 ⁸
1289 3536 1429 3589 sunt
1452 3532 1860 3604 tortitudinem
1885 3539 2070 3590 tuam.

426 3607 494 3657 Et
519 3603 816 3675 justitiam
849 3611 1010 3660 tuam
1046 3608 1200 3660 Deus
1230 3619 1419 3676 usque
1444 3603 1506 3659 in
1536 3603 1854 3670 excelsum,

497 3677 1034 3760 quanta.(b.._qula§)_
1086 3677 1275 3760 fecisti
1325 3676 1665 3746 magnalia:
1710 3676 1886 3748 Deus,
1937 3676 2072 3748 quis

568 3747 783 3803 similis
809 3747 915 3820 tibi
949 3750 1066 3820 (At.
1086 3748 1240 3820 tui)?

422 3817 570 3884 Quia
597 3819 908 3876 ostendisti
940 3817 1108 3876 nobis
1130 3820 1171 3875 ο.

492 3962 510 3996 ί
543 3959 806 4016 Alterum
839 3962 1137 4028 glossema
1179 3961 1291 4016 hoc
1340 3960 1577 4017 additur
1604 3960 1662 4015 in
1696 3958 2070 4016 Cisterciensi

421 4047 533 4087 ms.
568 4048 639 4087 ex
683 4034 863 4086 veteri
915 4033 1097 4088 ferme
1144 4033 1471 4088 derivatum
1517 4033 1785 4088 versione
1842 4032 2066 4098 Lat-ina,

419 4105 528 4157 esto
556 4104 700 4158 mihi
727 4104 789 4158 in
817 4105 985 4159 Deum
1011 4109 1393 4175 protectorem,
1444 4113 1524 4169 ut,
1574 4110 1681 4159 etc.
1717 4104 2069 4175 Tum.pra9-

419 4176 601 4245 cipere
628 4176 854 4230 solvere
879 4192 970 4230 me
990 4174 1195 4247 {neque
1224 4177 1392 4231 bene.
1416 4176 1524 4230 Sed
1558 4181 1617 4234 et
1643 4174 1914 4246 impressi
1947 4191 2069 4230 ver-

421 4261 525 4301 sus
556 4263 672 4300 una
704 4247 1056 4303 retinentur.

491 4316 513 4351 ²
542 4317 735 4373 Canon
764 4317 1249 4373 Carcassonensis
1279 4334 1414 4372 cum
1445 4317 1635 4372 tribus
1664 4317 1798 4372 aliis
1828 4333 1972 4372 mss.
1996 4317 2071 4372 Et

418 4388 697 4455 refugium
739 4406 927 4446 meum
975 4395 1056 4445 tu.
1103 4390 1212 4445 Sed
1264 4388 1561 4444 adnotatio
1614 4389 1846 4445 videtur
1892 4388 2065 4445 scho-

418 4457 614 4533 liastis
650 4462 831 4516 nostri
874 4462 1101 4533 antiqui
1146 4461 1331 4530 posita
1365 4460 1421 4515 in
1454 4477 1694 4526 corpore
1738 4459 2065 4515 temeritate

415 4528 814 4603 librariorum.
840 4528 1032 4590 Codex;
1054 4528 1469 4603 Memmianus,
1494 4534 1559 4588 Et
1579 4534 1863 4602 refugium
1884 4548 2065 4587 meum

413 4616 468 4656 es
501 4605 581 4655 tu.
617 4601 804 4657 MART.

485 4674 505 4707 ³
540 4672 755 4743 Regius
812 4692 877 4729 ac
930 4674 1297 4730 Corbeiensis
1346 4691 1490 4728 mss.
1530 4691 1542 4729 :
1592 4674 1730 4729 Deus
1793 4676 2067 4730 Dominus

411 4744 618 4816 ﬁducia
648 4761 767 4799 mea
797 4764 815 4800 :
850 4749 909 4801 In
944 4747 1181 4801 Canone
1212 4764 1344 4801 vero
1378 4748 1664 4816 Coronea,
1692 4746 1937 4812 nomine,
1973 4749 2068 4801 Do-

409 4815 581 4878 mine,
616 4820 727 4870 etc.
764 4818 951 4873 MART.

483 4888 504 4920 ‘
537 4887 770 4959 Reginis
804 4906 911 4945 ms.
947 4890 1189 4959 Semper,
1220 4887 1393 4955 male,
1427 4888 1472 4943 si
1507 4905 1572 4943 eo
1603 4886 1783 4943 voluit
1815 4891 1875 4944 ut
1908 4887 2061 4942 vide-

410 4960 527 5023 tur,
563 4958 897 5029 Diapsalma
939 4962 1233 5017 denotare.
1265 4964 1394 5015 Mox
1430 4959 1799 5032 Cisterciens.
1833 4960 2062 5032 plures-

409 5044 623 5097 reeque
654 5032 748 5086 alii
793 5034 948 5103 apud
979 5031 1252 5088 Martian.
1283 5048 1404 5101 spes
1435 5049 1558 5087 mea
1586 5031 1916 5102 fortissimo.

480 5100 502 5134 ⁸
534 5101 675 5157 Mss.
712 5104 906 5169 plures
940 5123 952 5161 :
988 5104 1116 5169 Spes
1146 5120 1268 5159 mea
1297 5104 1626 5169 fortissima.
1661 5104 1847 5159 MART.

626 5120 675 5157 8.
712 5120 906 5169 plures
940 5123 952 5161 ἒ
988 5120 1116 5169 δρας
1146 5120 1268 5159 τηθα
1297 5120 1626 5169 Ῑονιιδεινηα.
1663 5120 1847 5159 MART.

480 5122 502 5134 υ
534 5122 675 5157 mss.
712 5122 906 5169 plures
940 5123 952 5161 :
988 5122 1116 5174 spes
1146 5122 1268 5159 mea
1297 5122 1626 5169 [ονιιδδιπια.
1663 5122 1847 5159 MART.

478 5172 500 5207 ⁸
530 5174 707 5228 Addit
736 5177 1105 5232 Cisterciens.
1142 5192 1252 5231 ms.
1282 5192 1425 5231 eum.
1454 5176 1618 5231 Tunc
1642 5178 1849 5244 juncto
1882 5172 2059 5241 Regio

405 5245 588 5384 itque
656 5246 811 5311 aliis,
878 5249 1017 5304 Deus
1082 5265 1265 5315 meus,
1332 5247 1402 5302 ad
1463 5248 1856 5303 auxiliandum
1919 5247 2062 5303 mihi

430 5328 636 5369 esma.

430 5328 636 5369 estma.

481 5386 792 5461 lPlurium
828 5407 1073 5447 numero
1103 5390 1280 5446 iidem
1315 5405 1486 5457 mss.,
1516 5406 1685 5461 super
1712 5407 1903 5447 omnes
1937 5391 2060 5447 lau-

408 5454 668 5512 dationes
700 5468 836 5513 tuas.

477 5527 896 5601 ‘Cisterciens.
956 5550 1121 5594 mss..
1178 5532 1411 5600 cunctis,
1474 5535 1569 5601 qui
1623 5535 1861 5596 venturi,
1921 5537 2055 5599 etc.,

404 5609 594 5672 neque
649 5600 781 5667 plus
839 5603 1014 5660 habet
1066 5605 1339 5659 Hebrzuus
1390 5600 1604 5658 textus.
1633 5605 1783 5660 Tum
1831 5606 2057 5672 fortitu-

407 5663 565 5719 dines
594 5663 722 5725 tuas
772 5672 1027 5742 plurium
1074 5692 1319 5730 numero
1354 5691 1367 5729 :
1401 5675 1767 5731 etJusl-itiam
1814 5663 1913 5731 Dei
1963 5692 2058 5729 us-

445 5746 534 5796 ue,
592 5742 724 5806 etc.,

459 5815 587 5858 ene.

776 5760 878 5813 pro
925 5745 1207 5802 Justitiam
1259 5754 1413 5801 tuam
1461 5746 1618 5811 Deus,
1668 5758 1802 5813 etc.,
1858 5745 2057 5802 minus

1476 266 1536 320 S.
1578 263 1985 320 HIEBONYMI
2020 260 2272 353 DIVINA
2308 259 2802 317 BIBLIOTBECA.

2111 1752 2159 1817 B

2103 3118 2147 3187 C

3651 274 3753 332 121th

2116 382 2167 449 Α
2269 382 2681 456 tribulationes
2712 382 2998 456 plurimas
3030 391 3082 440 et
3114 384 3342 443 malas:

2270 454 2316 489 ¹⁰
2343 455 2413 510 Et
2443 454 2761 512 conversus
2788 455 3111 512 viviﬁcabis
3142 473 3269 512 nos.

2264 529 2321 598 et
2350 527 2420 581 de
2450 529 2678 598 abyssis
2705 536 2870 582 terra;
2911 545 3148 583 rursum
3178 530 3390 585 educes
3418 548 3532 590 nos.

2194 596 2617 668 Multiplicabis
2650 600 3118 671 magnitudinem
3146 616 3360 671 meam,

2264 677 2322 724 et
2350 686 2667 726 conversus
2697 670 3100 726 consolaheris
3131 688 3243 727 me.

2192 741 2312 811 Ego
2340 746 2539 817 autem
2572 743 2894 817 conﬁtebor
2919 744 3024 799 tibi
3057 744 3115 798 in
3148 744 3304 800 vasis
3329 744 3565 817 psalterii

2264 815 2561 868 veritatem
2595 819 2780 879 tuam,
2814 815 2969 869 Deus
3001 831 3168 870 meus
3204 832 3217 868 :

2265 886 2511 957 cantabo
2533 885 2614 955 (h.
2640 887 2914 957 psallam)
2934 886 3040 941 tibi
3064 888 3121 941 in
3146 886 3388 949 cithara,
3410 895 3587 945 sancte
3604 891 3757 949 Israel.

2193 955 2545 1081 Lauqatbunt
2574 956 2729 1012 labia
2768 955 2905 1014 mea
2944 974 3074 1013 cum
3108 965 3408 1014 cantavero
3435 961 3511 1031 (h.
3540 962 3755 1036 psallere)

2362 1044 2374 1079 l
2427 1045 2463 1081 Ι.
2545 1054 2548 1059 ‘

2333 1028 2463 1090 tibi,
2545 1054 2548 1059 ~

2261 1102 2319 1154 et
2347 1098 2722 1170 animamea,
2754 1116 2932 1170 quam
2964 1099 3284 1156 redemisti.

2192 1172 2440 1296 Insutper
2469 1176 2530 1297 ett;
2557 1169 2785 1242 linguai
2805 1188 2934 1227 mea
2960 1178 3084 1228 tota
3111 1173 3205 1230 die
3237 1172 3591 1230 meditabitur
3622 1177 3759 1247 justi-

2361 1257 2474 1297 tam
2534 1259 2669 1297 unm
2703 1258 2719 1297 τ

2361 1257 2474 1297 tam
2507 1257 2669 1297 tuam
2703 1258 2719 1298 τ

2262 1315 2403 1387 quia
2431 1315 2656 1387 confusi
2690 1319 2847 1385 sunt,
2871 1322 2921 1369 et
2954 1315 3323 1372 dehonestati
3348 1321 3644 1387 querentes
3667 1334 3760 1375 ma-

2331 1385 2456 1441 lum
2492 1386 2656 1441 mihi.

2818 1472 3102 1513 SALomom
3130 1459 3198 1512 ¹¹.

2193 1526 2656 1602 (LXXII.)_D_eus,
2680 1528 2973 1599 judicium
3007 1536 3178 1602 tuum
3208 1529 3332 1602 regi
3362 1529 3454 1598 da,

2264 1599 2636 1673 e‘tjustitiam
2668 1606 2832 1673 tuam
2867 1602 2985 1655 ﬁlio
3016 1601 3189 1673 regis.

2194 1669 2493 1726 Judicabit
2524 1670 2802 1743 p0pulum
2832 1677 3004 1744 tuum
3036 1669 3382 1744 iniustitia,

2258 1746 2316 1796 et
2344 1742 2635 1813 pauperes
2664 1750 2800 1797 tuos
2828 1742 2884 1797 in
2910 1742 3159 1815 judicio.

2189 1815 2505 1889 Assument
2535 1821 2762 1889 montes
2794 1831 2995 1886 pacem
3022 1815 3260 1889 populo,

2261 1889 2319 1938 et
2350 1885 2527 1941 colles
2549 1885 2871 1956 justitiam.

2188 1956 2489 2030 Judioabit
2521 1973 2803 2029 pauperes
2834 1957 3057 2030 populi,

2261 2028 2694 2103 salvabit_'fili09
2724 2028 2999 2103 pauperis
3027 2031 3133 2100 (Al.
3166 2030 3531 2103 pauperum),

2260 2104 2324 2173 et,
2347 2101 2671 2173 confringet
2698 2101 3205 2157 calumniatorem.

2190 2171 2258 2227 Et
2286 2171 2667 2228 timebunt—te
2700 2189 2877 2243 quam
2907 2173 3007 2228 diu
3039 2173 3149 2228 erit
3178 2172 3290 2239 sol,

2261 2248 2319 2298 et
2348 2243 2498 2318 ultra
2526 2243 2726 2318 lunam
2758 2246 2818 2301 in
2847 2243 3224 2318 generatione
3249 2243 3685 2316 generationem.

2186 2316 2511 2389 Descendet
2539 2315 2735 2389 pluvia
2767 2315 2941 2389 super
2970 2315 3178 2385 vellus,

2260 2390 2325 2441 ut
2352 2387 2473 2459 (At.
2493 2386 2557 2459 et
2582 2387 2666 2459 ut)
2698 2386 2870 2444 stillae
2900 2386 3220 2444 irrorantes
3248 2391 3489 2459 terram.

2186 2456 2553 2514 Germinabit
2582 2456 2881 2515 in'diebus
2910 2460 3039 2527 ejus
3062 2459 3303 2529 justitia
3335 2458 3415 2522 th.
3440 2460 3665 2530 justus),

2258 2535 2315 2585 et
2340 2530 2655 2586 multitudo
2694 2532 2875 2601 pacis,
2909 2532 3096 2587 donec
3126 2547 3240 2585 non
3272 2530 3357 2586 sit
3386 2531 3539 2586 luna.

2186 2601 2254 2656 Et
2281 2602 2682 2657 dominabitur
2710 2620 2744 2657 a
2772 2603 2921 2658 mari
2956 2618 3145 2673 usque
3173 2602 3246 2657 ad
3280 2618 3464 2671 mare,

2255 2677 2315 2728 et
2343 2690 2376 2728 a
2408 2673 2650 2729 ﬂumine
2680 2689 2870 2745 usque
2898 2675 2969 2729 ad
3004 2676 3286 2730 terminos
3327 2681 3487 2730 terra:
3510 2673 3574 2728 ¹².

2181 2746 2329 2799 Ante
2348 2761 2501 2817 eum,
2527 2744 2843 2817 procidant
2865 2746 3184 2817 fEtbiopes,

2255 2823 2313 2871 et
2343 2816 2564 2890 inimici
2592 2818 2723 2890 ejus
2756 2816 3332 2890 pulverem'lingent,

2184 2886 2367 2953 Reges
2397 2886 2639 2944 Tharsis
2668 2893 2726 2944 et
2758 2886 2963 2945 insulse
3002 2886 3250 2944 munera
3279 2888 3524 2944 offerent
3550 2901 3565 2942 :

2255 2974 2422 3030 reges
2449 2960 2671 3016 Arabiae
2703 2965 2760 3016 et
2788 2962 2936 3017 Seba
2963 2960 3045 3027 (b.
3078 2960 3251 3032 Seba)
3296 2959 3583 3016 tributum
3623 2955 3783 3014 confc-

2326 3035 2475 3086 rent.

2186 3104 2254 3156 Et
2282 3103 2612 3157 adorabunt
2640 3118 2774 3158 eum
2805 3118 3011 3159 omnes
3043 3118 3210 3174 reges
3238 3120 3252 3159 :

2258 3175 2541 3229 universae
2571 3175 2834 3230 nationes
2863 3174 3116 3230 servient
3144 3174 3219 3229 ei.

2181 3244 2522 3317 Quiageruet
2554 3262 2866 3317 pauperem
2900 3263 2934 3301 a
2966 3252 3220 3317 potente,

2250 3322 2308 3373 et
2337 3316 2570 3387 inopem
2603 3317 2697 3373 cui
2728 3334 2844 3373 non
2875 3316 2977 3373 est
2994 3320 3251 3388 adjutor.

2179 3391 2385 3445 Parcet
2416 3390 2575 3461 inopi
2604 3394 2662 3445 et
2691 3390 2955 3461 pauperi,

2251 3465 2308 3515 et
2335 3459 2565 3516 animas
2598 3459 2920 3537 pauperum
2948 3459 3227 3537 salv_a_bit.
3374 3532 3386 3537 _
3559 3532 3568 3537 _
3597 3528 3639 3537 ,,
3750 3526 3759 3537 .

2176 3532 2263 3587 Ab
2296 3549 2478 3588 usura
2525 3528 2942 3604 et'iniquitate
2988 3533 3238 3589 redimet
3287 3532 3522 3589 animas
3550 3528 3655 3604 (At.
3684 3528 3786 3584 ani-

2322 3609 2502 3666 mam)
2530 3620 2755 3669 eorum,

2250 3679 2308 3729 et
2338 3676 2626 3745 pretiosus
2655 3677 2769 3730 erit
2814 3675 3058 3748 sanguis
3087 3692 3292 3732 eorum
3323 3677 3364 3712 ιθ
3394 3691 3587 3733 coram
3635 3668 3787 3728 oculis

2321 3749 2471 3815 ejus.

2123 3827 2129 3833 ‘
2179 3817 2248 3874 Et
2271 3817 2440 3888 vivet,
2472 3821 2531 3875 et
2557 3817 2795 3875 dabitur
2818 3817 2872 3874 ei
2897 3818 2968 3875 de
2999 3835 3142 3876 auro
3171 3820 3345 3890 Saba,

2098 4493 2144 4559 D

2249 3960 2271 3995 θ
2303 3960 2365 4015 In
2414 3960 2632 4017 nostris
2678 3977 2825 4018 mss.
2874 3961 3112 4017 ostendit
3153 3962 3297 4017 mihi
3351 3978 3457 4033 pro
3503 3958 3670 4014 nobis.
3699 3955 3790 4010 He-

2179 4031 2401 4106 braeum
2415 4050 2567 4104 quoq
2580 4049 2647 4088 ue
2660 4035 2957 4106 exemplar
2974 4035 3150 4091 habet
3161 4035 3233 4089 ad
3254 4031 3583 4106 marginem
3595 4035 3792 4106 enimn

2177 4102 2390 4159 hhirek
2420 4100 2523 4177 pro
2550 4100 3007 4177 iantmnﬁquod
3060 4105 3119 4162 in
3163 4110 3326 4162 textu
3358 4100 3594 4177 lEgitur,
3623 4100 3675 4155 id
3703 4103 3792 4177 θβί,

2176 4175 2619 4248 οξιεηάίιίτηϋιί,
2652 4194 2757 4248 pro
2799 4178 3088 4248 ostendisti
3131 4179 3307 4233 nobis.
3357 4175 3440 4232 Et
3474 4175 3795 4248 cohaerenter

2177 4247 2359 4321 altero
2387 4247 2458 4301 ab
2489 4241 2613 4302 hoc
2642 4241 2928 4321 versiculo
2962 4249 3116 4304 idem
3149 4249 3469 4321 legendum
3520 4248 3680 4321 docet
3707 4241 3795 4321 mij

2176 4319 2302 4373 nori
2340 4335 2607 4387 numero,
2643 4318 2952 4386 viviﬁcabi's
2978 4336 3087 4385 me,
3138 4314 3441 4376 et'educes
3490 4334 3596 4373 me.
3625 4314 3725 4387 Sed
3749 4316 3794 4364 et

2176 4391 2483 4462 propmalas
2522 4386 2701 4446 iidem
2734 4392 2917 4447 nostri
2962 4408 3108 4448 mes.
3144 4408 3265 4462 part
3297 4406 3596 4447 consensu
3623 4386 3798 4462 legunt

2174 4460 2527 4535 afﬂictiones.
2563 4463 2959 4533 Symmachus
3007 4459 3265 4535 quoque,
3315 4463 3391 4517 ad
3444 4459 3796 4535 cujusiuge-

2178 4526 2341 4587 nium
2392 4550 2544 4604 saepe
2576 4526 2638 4589 se
2674 4526 3074 4591 conformasse
3105 4526 3162 4590 SI
3197 4526 3534 4589 Doctorem'
3557 4526 3796 4604 animad°

2178 4601 2492 4666 vertimus,
2517 4606 2877 4661 substantive
2928 4606 3348 4673 interpretatus
3400 4611 3495 4660 est
3540 4601 3797 4662 κακὼσεις,

2172 4675 2344 4737 malo,
2402 4681 2504 4731 aut
2554 4681 2898 4732 vexationes.
2957 4677 3167 4732 Omnio
3224 4683 3425 4731 autem
3487 4691 3617 4730 cum
3670 4674 3795 4741 ipsa

2174 4754 2299 4802 tum
2334 4746 2392 4800 S.
2428 4752 2598 4822 Pater
2627 4748 2779 4819 (ejus
2820 4750 2973 4803 enim
3010 4749 3209 4822 malim
3246 4753 3460 4822 putare
3516 4749 3659 4801 hanc
3687 4758 3796 4822 ger:

2177 4835 2410 4873 manam
2470 4814 2779 4875 lectionem
2836 4823 2987 4887 esse)
3044 4821 3101 4875 in
3161 4814 3448 4875 Hebraico
3506 4814 3794 4887 exemplari

2170 4890 2439 4962 legerint,
2482 4901 2642 4955 main
2692 4902 2744 4946 ct
2789 4890 3150 4961 a/ﬂictiones,
3198 4908 3301 4963 pro
3350 4906 3443 4958 ea,
3496 4905 3621 4962 quae
3662 4899 3797 4963 nunc

2171 4978 2291 5088 unt;
2334 4962 2590 5017 continet
2638 4978 2922 5034 perquam
2970 4963 3151 5018 simili
3200 4962 3505 5033 Scriptura
3548 4962 3799 5024 mmet

2171 5051 2258 5088 ma
2292 5050 2373 5087 os.

2168 5050 2373 5089 malos.

2243 5106 2289 5228 ἶο
2319 5103 2557 5159 Rectius
2588 5104 2657 5159 ad
2704 5103 3011 5161 Hebraeum
3044 5108 3197 5161 tacet
3224 5102 3464 5176 Reginae
3496 5118 3608 5159 ms.
3638 5104 3687 5158 et
3715 5112 3798 5155 vo-

2268 5193 2386 5228 am.

2169 5192 2386 5232 001811]-

2242 5250 2286 5283 ¹¹
2322 5247 2387 5302 In
2436 5247 2667 5303 duobus
2724 5263 2867 5303 mss.
2920 5247 3386 5316 Augustinorum
3442 5240 3796 5316 Burdigalen-

2169 5317 2348 5386 sium,
2380 5322 2437 5373 et
2485 5320 2543 5375 S.
2574 5318 2876 5375 Michaelis
2925 5318 2984 5374 in
3015 5312 3294 5377 ‘Periculo
3345 5316 3532 5374 Maris
3582 5312 3795 5372 titulum

2168 5389 2350 5446 istum
2384 5390 2720 5446 invenimus
2755 5407 2768 5446 :
2803 5389 3112 5446 Salomonis
3145 5407 3349 5449 versus.
3386 5390 3580 5445 ΜΑιιτ.

2240 5494 2307 5502 -—
2338 5461 2567 5536 Nostris
2621 5478 2763 5536 mss.
2813 5463 3136 5536 Salomonis
3186 5463 3530 5536 preferunt.
3580 5455 3795 5515 Martia-

2169 5550 2333 5606 naeus
2362 5533 2420 5606 in
2449 5533 2581 5606 aliis
2610 5533 2877 5606 additum
2910 5535 3125 5605 reperit
3149 5533 3363 5591 versus.
3731 5597 3773 5606 η

2238 5607 2282 5640 ¹²
2317 5604 2452 5661 Plus
2507 5598 2683 5661 habet
2730 5598 3157 5677 Reginm'mss.
3212 5605 3287 5663 ad
3345 5606 3616 5661 terminos
3665 5598 3793 5654 orbis

2166 5686 2353 5732 teme.

2239 5750 2287 5811 ¹³,
2309 5745 2676 5819 Cisterciens.
2708 5763 3028 5819 pronomen
3060 5763 3246 5807 eorum
3277 5745 3375 5806 hic
3408 5747 3635 5815 reticet,
3661 5738 3789 5814 quod

2166 5818 2344 5881 habet
2374 5823 2570 5876 tamen
2599 5818 2875 5889 Hebraeus
2904 5823 3122 5879 textus.
