4050 6182
503 244 574 312 12
598 242 666 298 47

502 367 814 429 Manifesta
835 363 895 418 in
929 361 1171 418 introitu
1204 361 1494 430 desuper:

577 441 638 495 in
671 437 830 494 saltu
855 435 1153 505 lignorum
1187 448 1442 505 securest

508 514 580 571 Et
612 527 725 566 nuc
756 502 986 577 sculptu
1002 522 1096 561 ras
1130 508 1146 540 ¹
1182 505 1307 577 (Al,
1329 503 1686 574 scalpturas)
1729 502 1859 574 ejus
1909 502 2128 575 pariter
2157 521 2178 570 ,-

581 583 846 654 bipenne
862 575 918 632 et
945 577 1247 654 dolatoriis
1279 575 1644 654 deraserunt.

511 647 803 712 Misérunt
833 649 1030 721 ignem
1062 648 1120 702 in
1155 647 1556 721 sanctuarium
1582 651 1761 721 tuum
1791 661 1806 700 :

581 725 644 782 In
678 715 897 779 terram
933 720 1486 776 contaminavcrunt
1517 715 1966 775 tabernaculum
1999 716 2020 751 ³
2074 733 2180 773 no-

661 793 840 850 minis
873 792 980 847 tui.

505 867 793 924 Dixerunt
822 865 882 920 in
918 863 1191 920 cordibus
1246 861 1370 918 suis
1403 861 1616 934 posteri
1651 877 1850 917 eorum
1885 859 2062 916 simul
2093 876 2106 914 :

577 958 597 990 '
633 953 1026 1010 incenderunt
1057 968 1263 1007 omnes
1294 949 1701 1008 solemnitates
1746 950 1846 1006 Dei
1901 951 1960 1004 in
1994 952 2173 1007 terra.

505 1029 688 1102 Signa
718 1035 919 1102 nostra
951 1040 1066 1079 non
1101 1023 1374 1102 vidimus,

582 1094 697 1156 non
731 1106 817 1154 est
849 1097 1005 1152 ultra
1035 1094 1344 1166 propheta,

583 1176 641 1228 et
671 1187 786 1226 non
819 1173 910 1225 est
941 1165 1251 1223 nobiscum
1283 1165 1383 1237 qui
1417 1166 1565 1222 sciat
1595 1181 1922 1237 usquequo.

517 1257 1068 1339 Usquequo,.Deus,
1097 1255 1478 1328 exprobrabit
1509 1255 1615 1327 (At.
1648 1254 2039 1327 exprobravit)
2073 1255 2178 1311 ad-

657 1346 956 1386 versamus
992 1346 1004 1382 ζ

585 1398 1662 1473 blasphemabitMi.blasphemavit)
1721 1397 2005 1454 inimicus
2063 1415 2174 1454 no-

661 1471 794 1529 men
831 1478 998 1527 tuum
1034 1472 1092 1526 in
1125 1471 1301 1525 linem
1331 1471 1358 1526 ‘2

513 1547 701 1612 Quare
733 1543 1023 1600 convertis
1045 1558 1287 1597 manum
1321 1545 1481 1596 tuam
1511 1545 1570 1598 et
1617 1541 1916 1597 dexteram
1957 1544 2122 1596 tuam
2155 1556 2171 1596 :

586 1635 620 1673 a
650 1616 843 1673 medio
877 1617 1008 1670 sinu
1037 1620 1138 1669 tuo
1170 1629 1452 1670 consume
1481 1614 1522 1668 ‘.

510 1694 663 1746 Deus
694 1694 889 1745 autem
923 1704 1021 1743 rex
1046 1703 1214 1741 meus
1247 1686 1318 1740 ab
1351 1684 1518 1740 initio
1546 1700 1558 1739 :

584 1777 1417 1851 operaturmtroperaiusest)
1439 1772 1660 1829 salutes
1692 1772 1752 1828 in
1783 1773 1975 1829 medio
1995 1775 2164 1829 terras

513 1853 600 1908 Tu
624 1847 936 1921 'dissipasti
975 1849 1032 1903 in
1061 1847 1410 1921 fortitudine
1441 1851 1541 1921 tua
1573 1861 1768 1921 mare:

585 1917 911 1979 contrivisti
943 1920 1138 1992 capita
1168 1919 1488 1974 draconum
1513 1918 1570 1972 in
1605 1917 1796 1989 aquis.

510 2014 598 2070 Tu
632 2009 971 2081 confregisti
1003 2009 1087 2075 (h.
1122 2006 1592 2081 fregistijcapita
1624 2005 1983 2081 Leviathang

581 2082 796 2141 dedisti
822 2075 958 2150 Eum
990 2096 1183 2136 escam
1212 2075 1331 2150 (At.
1354 2075 1425 2133 'in
1458 2075 1675 2150 escam)
1702 2077 1920 2150 populo
1941 2075 2164 2133 [Ethio-

512 2233 594 2285 Du
627 2171 976 2296 dgiiiinmpisti
1015 2223 1234 2278 fontem
1260 2224 1316 2276 et
1345 2224 1664 2277 torrentem
1694 2220 1802 2294 (At.
1864 2221 2053 2278 fontes
2108 2222 2164 2275 et

657 2297 992 2363 torrentes),

585 2374 649 2425 tu
671 2362 984 2424 exsiccasti
1014 2363 1261 2418 ﬂumina
1293 2362 1486 2420 fortia.

510 2442 636 2498 Tua
668 2445 758 2496 est
779 2439 902 2494 dies
933 2443 990 2494 et
1018 2440 1120 2492 tua
1149 2440 1239 2490 est
1269 2452 1406 2490 nox.

579 2519 642 2569 tu
667 2509 950 2569 ordinasti
978 2507 1270 2563 luminare
1301 2507 1410 2578 (At.
1434 2504 1791 2578 vluminaria)
1845 2508 1903 2562 et
1953 2504 2160 2562 solem.

510 2605 595 2661 Tu
629 2600 886 2659 statuisti
918 2613 1122 2654 omnes
1154 2595 1442 2652 terminos
1471 2600 1638 2651 terra:
1675 2612 1690 2653 :

509 2679 772 2732 aetatem
804 2677 861 2728 et
891 2671 1146 2727 hiemem
1177 2673 1238 2724 tu
1272 2667 1598 2741 plasmasti.

511 2748 804 2805 Memento
836 2744 1041 2814 hujus,

579 2817 858 2874 inimicus
887 2810 1269 2885 exprobravit
1293 2811 1566 2885 Domino,

579 2896 637 2947 et
667 2887 920 2962 populus
952 2881 1238 2957 insipiens
1259 2881 1694 2954 blasphemavit
1724 2897 1938 2939 nomen
1970 2885 2157 2941 tuum.

508 2980 591 3038 Ne
621 2979 822 3034 tradas
852 2975 1057 3032 bestiis
1084 2974 1346 3030 animam
1378 2973 1670 3044 eruditam
1704 2971 1829 3044 lege
1857 2979 1962 3028 tua
1987 2988 2002 3028 :

580 3051 710 3106 vita:
739 3064 1056 3121 pauperem
1079 3051 1319 3103 tuorum
1355 3061 1428 3102 ne
1453 3043 1821 3102 obliviscaris
1852 3045 1912 3102 in
1953 3059 2162 3118 perpe-

659 3126 850 3176 tuum.

515 3193 760 3265 Respice
792 3192 870 3265 ad
898 3198 1132 3262 pactum
1170 3206 1184 3245 :

585 3259 986 3346 quia‘replétaa
1013 3267 1160 3344 sunt
1189 3259 1448 3346 tepebris
1480 3262 1671 3327 terrae,

583 3333 977 3392 Habitationes
1009 3335 1222 3405 iniquae
1249 3333 1290 3388 ⁵.

512 3425 597 3486 Ne
624 3429 949 3480 revertatur
975 3423 1334 3486 confractus,
1364 3421 1646 3477 confusus
1679 3421 1787 3492 (At.
1821 3419 1909 3476 ad.
1936 3423 2015 3488 et)
2039 3435 2054 3476 :

583 3512 824 3568 egenus,
858 3495 1034 3564 Deus,
1060 3493 1264 3568 judica
1295 3509 1537 3568 causam
1567 3497 1729 3548 tuam
1759 3507 1773 3548 :

585 3564 882 3624 memento
913 3564 1327 3638 opprobriiitui

587 3641 659 3695 ab
691 3635 1010 3709 insipiente
1039 3641 1159 3693 tota
1179 3635 1292 3709 die.

513 3713 598 3769 Ne
625 3707 992 3768 obliviscaris
1024 3725 1193 3765 voces
1217 3707 1474 3765 hostium
1509 3711 1743 3764 tuorum
1779 3721 1792 3761 :

586 3784 816 3840 sonitus
847 3782 1317 3840 adversariorum
1343 3785 1579 3836 tuorum
1628 3779 1894 3836 ascendit
1915 3778 2162 3854 jugiter.

585 4001 602 4036 ¹
634 3998 943 4068 Epistolam
967 4000 1083 4069 iam
1102 3997 1306 4069 sapius
1346 3995 1630 4069 laudatam
1661 3993 1758 4050 hoc
1802 3995 1959 4052 modo
2010 3995 2165 4069 clau-

514 4073 597 4129 dit
653 4067 1022 4142 Hieronymus
1072 4088 1090 4143 ι
1147 4067 1533 4143 Ᾱαξευςήριον,
1605 4083 1708 4143 pro
1755 4083 1868 4138 quo
1926 4067 2167 4122 Latinus

515 4146 724 4200 asciam
750 4137 941 4208 vertit,
963 4137 1287 4213 nos'genus
1319 4137 1657 4213 ferramenti
1687 4137 2166 4213 interpretamur,

513 4233 628 4286 quo
653 4215 876 4286 lapides
898 4210 1193 4270 dolantur.
1220 4213 1568 4286 Deniqueex
1610 4210 1846 4286 Hebraio
1876 4214 2167 4286 vertentes

515 4282 597 4344 ita
635 4282 930 4342 diximus:
990 4287 1059 4341 Et
1143 4300 1299 4340 nunc
1377 4282 1716 4354 sculpturas
1766 4283 1894 4350 ejus
1927 4283 2169 4354 pariter,

515 4359 770 4430 bipenne
801 4363 857 4414 et
885 4356 1186 4430 dolatoriis
1217 4349 1602 4430 deraserunu
1631 4349 2008 4428 λαξευτήριὸν,
2032 4349 2169 4426 ergo

519 4427 870 4486 dolatorium
903 4429 1015 4485 dici
1049 4433 1261 4501 potest.
1305 4427 1490 4501 MART.

1558 237 1616 290 S.
1661 235 2069 292 HIERONYMI
2105 233 2362 290 DIVINA
2395 235 2892 294 BIBLIOTHECA.

2198 359 2253 426 Α
2280 372 2507 415 vwroax
2530 361 2552 395 ⁸
2586 377 2696 418 nos
2727 373 3070 431 DlSPEBDAS,
3127 378 3386 420 pascuus
3440 380 3599 423 ASAPH
3640 383 3818 432 manu.

3724 247 3829 307 1248

2292 458 2564 528 (LXXV.)
2595 460 3022 518 Conﬁtebimur
3049 461 3176 530 tibi,
3219 466 3390 529 Deus,

2363 532 2804 608 conﬁtebimur,
2825 536 3078 608 etjuxta
3109 551 3322 591 nomen
3352 541 3528 608 tuum,

2373 605 2698 660 narrabant
2730 605 3024 661 mirabilia
3051 612 3175 662 tua.

2291 680 2433 735 Cum
2467 692 2740 752 accepero
2768 682 3016 752 tempus
3045 677 3126 748 (h.
3162 678 3530 752 condictum),

2361 763 2467 819 ego
2499 754 2656 803 recta
2677 749 2961 818 judicabo
2993 750 3034 803 ⁷.

2289 819 2657 878 Dissolvetur
2685 825 3007 897 terracum
3037 820 3710 897 omnibus_habitatoribus
3724 827 3824 897 suis,

2360 907 2466 962 ego
2497 892 2749 962 appendi
2781 892 3092 948 columnas
3121 893 3270 962 ejus.
3303 893 3535 950 Saurea.

2288 961 2419 1022 Dixi
2447 961 2648 1038 inique
2678 964 3013 1038 agentibus,
3034 961 3228 1038 nolite
3257 965 3448 1034 inique
3481 982 3626 1038 agere
3647 968 3664 1003 '
3689 983 3703 1025 :

2360 1040 2418 1091 et
2447 1034 2669 1106 impiis,
2703 1035 2885 1091 nolite
2923 1035 3180 1091 exaltare
3211 1052 3412 1092 cornu.

2287 1107 2479 1164 Nolite
2507 1105 2761 1162 exaltare
2790 1106 2850 1162 in
2876 1107 3170 1163 excelsum
3203 1123 3385 1164 cornu
3413 1111 3674 1166 vestrum:

2357 1179 2666 1249 loquentes
2699 1179 2759 1232 in
2789 1180 3012 1235 cervice
3041 1178 3245 1249 veteri,

2286 1251 2435 1319 Quia
2465 1265 2654 1320 neque
2685 1251 2758 1322 ab
2791 1251 3033 1316 oriente,
3067 1266 3258 1322 neque
3290 1250 3363 1307 ab
3392 1250 3676 1310 occidente:

2357 1337 2549 1392 neque
2579 1339 2614 1376 a
2643 1321 2966 1378 solitudine
2996 1321 3317 1381 montium.

2283 1394 2395 1450 Sed
2430 1393 2584 1448 Deus
2606 1393 2823 1463 judex:

2329 1409 2395 1450 BG
2430 1409 2584 1448 υθυε
2606 1409 2790 1450 .111an
2811 1410 2823 1447 ζ

2355 1466 2514 1520 hunc
2545 1464 2881 1531 humilabit,
2913 1467 2971 1520 et
2999 1463 3157 1520 hunc
3176 1463 3474 1521 exaltabit.

2279 1537 2428 1601 Quia
2459 1535 2609 1591 calix
2646 1535 2705 1590 in
2739 1552 2916 1591 manu
2952 1536 3186 1592 Domini
3215 1538 3256 1591 ’.

2353 1612 2411 1664 et
2438 1607 2576 1663 vino
2608 1623 2838 1664 meraco
2869 1608 2940 1664 ad
2965 1607 3206 1678 plenum
3234 1607 3472 1675 mistus,

2351 1684 2408 1735 et
2441 1679 2776 1750 propinabit
2801 1695 2871 1736 ex
2914 1695 3018 1734 eo:

2280 1751 2687 1878 Verubniiggmtee:
2711 1753 2877 1808 fasces
2907 1752 3036 1823 ejus
3067 1750 3356 1823 potabant
3411 1750 3512 1824 (Αι.
3561 1750 3828 1824 epotabunt)

2555 1841 2589 1878 n

2455 1838 2687 1878 mentes

2340 1910 2546 1950 omnes
2571 1892 2735 1966 impii
2771 1897 2952 1966 terrae.

2269 1967 2386 2040 Ego
2409 1971 2602 2040 autem
2637 1964 3014 2040 annuntiabo
3045 1964 3104 2019 in
3131 1964 3572 2040 _sempiternum
3601 1980 3614 2022 :
3647 1964 3832 2023 mutabo

2411 2038 2494 2106 (h.
2531 2037 2806 2108 psallam)
2845 2038 2956 2093 Deo
2985 2036 3207 2094 Jacob:

2267 2109 2339 2166 Et
2369 2105 2568 2165 omnia
2599 2105 2820 2166 cornua
2858 2108 3179 2181 impiorum
3237 2108 3624 2181 confringam;
3666 2105 3832 2163 exalta-

2411 2182 2636 2237 buntur
2663 2197 2887 2237 cornua
2911 2180 3084 2252 justi.

2269 2322 2496 2364 vnc'rom
2525 2323 2584 2362 ιη
2606 2322 2930 2364 PSALTERIIS
2951 2305 3011 2375 (b
3040 2348 3052 2362 .
3076 2306 3461 2415 CARtiloINIBUB)
3488 2320 3835 2364 psamusmrs

2945 2394 3165 2415 σωθείη

2945 2394 3166 2434 ΟΔΝΤΙΟΙ
3202 2394 3267 2434 ¹¹¹.

2270 2481 2560 2563 [LXXVI,)
2591 2493 2973 2566 Cognoscitur
3001 2493 3063 2549 in
3092 2493 3298 2550 Judaaa
3330 2493 3483 2551 Deus
3513 2510 3526 2550 :

2343 2569 2402 2623 in
2431 2567 2611 2638 Israel
2647 2582 2928 2638 magnum
2960 2580 3176 2638 nomen
3209 2566 3366 2638 ejus.

2267 2639 2339 2694 Et
2376 2638 2489 2710 erit
2512 2637 2579 2710 in
2607 2636 2802 2710 salem
2827 2638 2868 2673 ¹¹
2895 2636 3347 2710 tabernaculum
3381 2637 3525 2710 ejus,

2340 2717 2398 2766 et
2428 2709 2715 2766 habitatio
2745 2709 2876 2780 ejus
2906 2709 2964 2764 in
2995 2709 3153 2764 Sion.

2271 2781 2354 2840 Ibi
2387 2780 2675 2854 confregit
2701 2777 2964 2854 volatilia
2997 2780 3043 2818 ¹²
3073 2796 3246 2854 arcus
3277 2779 3366 2853 (ιλ.
3410 2778 3610 2836 diaboli
3657 2777 3840 2848 arcum),

2342 2851 2692 2922 scutumfet
2720 2851 3021 2924 gladium,
3048 2856 3107 2909 et
3135 2851 3382 2910 bellum.
3413 2857 3653 2910 Saurea:

2272 2926 2492 2982 Lumen
2523 2930 2587 2980 tu
2619 2940 2681 2980 es
2715 2924 3027 2996 magnifice

2344 3015 2378 3053 a
2410 2996 2710 3052 montibus
2740 2994 3118 3068 captivitatis,

2272 3069 2524 3143 Spoliati
2547 3071 2687 3124 sunt
2716 3067 2953 3141 superbi
2985 3067 3158 3123 corde
3189 3083 3206 3122 :

2341 3140 2804 3197 dormitaverunt
2832 3155 3107 3195 somnum
3145 3154 3351 3208 suum,

2340 3218 2524 3269 etnon
2537 3211 3105 3268 inveneruntomnes
3117 3209 3225 3266 viri
3236 3209 3522 3267 exercitus
3534 3219 3716 3264 manus
3728 3218 3841 3262 suas.

2269 3285 2363 3342 Ab
2397 3283 2798 3356 increpatione
2823 3287 2946 3350 tua,
2987 3283 3141 3356 Deus
3170 3282 3380 3339 Jacob.

2270 3352 2731 3429 consopilgu'siest
2761 3371 2968 3412 currus
2991 3354 3118 3426 ((Αι.
3145 3362 3201 3410 et
3226 3352 3462 3417 currus)
3487 3355 3542 3410 et
3565 3365 3743 3420 equus.

2271 3433 2357 3487 Tu
2387 3427 2671 3484 terribilis
2705 3443 2790 3495 es,

2341 3505 2400 3555 et
2430 3500 2561 3573 quis
2591 3498 2771 3573 stabit
2799 3497 3112 3555 adversum
3144 3499 3226 3567 te,

2342 3586 2410 3627 ex
2443 3571 2584 3644 tunc
2616 3571 2703 3626 ira
2740 3575 2901 3644 tuan
2986 3641 3000 3644 _
3391 3639 3411 3644 _
3477 3638 3488 3644 _
3532 3637 3564 3644 _.
3622 3635 3635 3644 .

2270 3647 2352 3701 De
2382 3643 2526 3699 cmlo
2559 3641 2937 3702 annuntiabis
2967 3641 3045 3710 (h.
3081 3639 3352 3696 auditum
3386 3637 3588 3710 fecisti)
3612 3632 3840 3709 judicium

2417 3715 2461 3751 ¹³
2492 3731 2506 3771 :
2566 3718 2722 3770 terra
2749 3713 2969 3770 timens
2992 3716 3050 3769 et
3074 3712 3312 3768 tacebit.

2271 3787 2416 3844 Cum
2443 3785 2762 3845 surrexerit
2784 3786 2856 3842 ad
2881 3783 3177 3858 judicium
3209 3784 3393 3855 Deus,

2273 4001 2554 4084 Hebrmus
2584 3999 2657 4056 ad
2687 3999 2953 4070 verbum,
2986 3995 3131 4056 Dixi
3187 3995 3611 4066 insanientibus,
3649 3993 3713 4051 Nc
3739 3991 3844 4046 insa-

2271 4075 2471 4130 uictis.

2345 4145 2368 4180 ⁰
2389 4145 2524 4200 Plus
2555 4143 2776 4204 habent
2823 4141 3007 4198 nostri
3041 4157 3186 4199 mss.
3221 4155 3237 4197 :
3267 4140 3331 4197 in
3358 4156 3530 4196 manu
3559 4135 3750 4196 Domini
3778 4134 3845 4196 at,

2274 4219 2326 4275 et
2351 4215 2478 4273 vino
2505 4231 2719 4272 meraco
2748 4229 2918 4286 usque
2939 4213 3013 4270 ad
3040 4213 3273 4286 plenum
3294 4213 3514 4286 minus.

2348 4289 2393 4324 ¹⁰
2437 4286 2620 4344 Aliter
2670 4277 3002 4342 inscribunt
3040 4277 3187 4340 mss.
3247 4285 3428 4356 Reg.,
3475 4279 3767 4356 Corbeiens.
3810 4277 3850 4355 et

2275 4361 2519 4416 Sorbon.
2557 4358 2756 4416 Victori
2783 4357 2845 4413 in
2875 4357 3114 4413 Psalmis
3142 4351 3426 4414 canticum
3481 4351 3648 4426 Asaph
3685 4351 3848 4426 carm;

2274 4433 2386 4488 nis.
2414 4432 2573 4487 Idem
2606 4429 2912 4486 imitantur
2969 4433 3226 4502 quatuor
3280 4427 3403 4502 aiii,
3469 4417 3850 4502 excepto-quoii

589 4483 1067 4575 ίίΝὸεἶιὶῖ-οὼέιοὲ
1099 4483 1659 4556 illissuhaln'taculum
1687 4512 1790 4569 pro
1833 4497 2165 4554 tabernacu-
2197 4483 2246 4547 Ι)
2276 4483 2385 4575 ῥὲῌ
2414 4483 2708 4559 rio—Erit};
2721 4483 3524 4572 Beihefcéérapieieéum
3557 4483 3851 4552 νίὶιονίρωιο

517 4573 633 4628 tum
667 4574 889 4628 legunt.

588 4590 889 4699 3:135:31:
917 4644 987 4699 de
1017 4643 1126 4699 hoc
1182 4640 1469 4698 versiculo
1530 4641 1852 4712 disputavit
1883 4641 2158 4712 Hierony-

516 4733 651 4774 mus
685 4715 920 4770 Sunnia:
955 4732 1021 4770 ac
1053 4715 1287 4771 Fretelce
1311 4714 1695 4785 respondens.
1723 4713 1947 4769 Videsis
1979 4729 2160 4768 anno-

517 4789 770 4846 tationes
803 4793 1034 4842 nostras
1067 4788 1125 4841 in
1158 4788 1471 4859 prodromo
1497 4785 1566 4859 D._
1596 4785 2160 4859 Hiero_nymi.Manjr._

580 4862 604 4895 ⁴
631 4861 1040 4926 Carnutensis,
1077 4856 1316 4930 Regius,
1351 4867 1403 4914 ct
1442 4856 1812 4930 Corbeiensis
1849 4872 2020 4924 mss.,
2079 4856 2163 4910 Ad

509 4931 760 4988 medium
788 4933 1011 5000 signum
1031 4942 1149 4986 tum
1168 4928 1454 4987 consume.
1483 4928 1597 4985 Alii
1627 4933 1747 4985 tres
1778 4929 2003 5000 legunt,
2030 4943 2160 4983 con-

509 5021 753 5070 sumens,
794 5003 981 5058 MART.

583 5108 651 5117 —
683 5075 914 5148 Optime
946 5074 1124 5130 Graec.
1159 5070 1234 5133 εἰς
1275 5069 1576 5148 τέᾎοςᾼοῑιί
1635 5071 1784 5148 bene
1840 5070 2164 5126 assentitur

510 5133 1304 5217 n5:,in‘consummationem,
1337 5143 1398 5199 in
1428 5143 1612 5213 ﬁnem,
1647 5143 1875 5215 jugiter,
1926 5157 2159 5214 semper,

509 5221 794 5284 continuo,
837 5219 1048 5290 bisque
1079 5217 1316 5290 similia.

582 5293 604 5326 ⁸
633 5292 870 5346 Addunt
899 5285 1015 5345 duo
1046 5306 1076 5344 e
1108 5288 1324 5344 nostris
1357 5303 1500 5342 mss.
1525 5285 1618 5341 hic
1641 5300 1838 5341 vocem
1857 5287 2160 5357 subi-aptae,

582 5379 641 5414 ue
673 5368 869 5414 tamen
901 5363 1162 5414 ineptum
1184 5360 1572 5414 glossatorem
1596 5358 1767 5414 sapit.

513 5379 641 5434 quae
673 5368 869 5418 tamen
901 5368 1162 5433 ineptum
1184 5368 1572 5434 glossatorem
1596 5368 1767 5428 sapit.

581 5436 603 5469 ⁶
636 5435 998 5490 Interserunt
1025 5433 1204 5489 iidem
1243 5449 1385 5487 mss.
1409 5430 1628 5501 aliique
1661 5444 1838 5500 penes
1886 5428 2158 5501 Martian.

513 5513 576 5561 ut
609 5506 980 5576 particulam,
1013 5506 1071 5560 id
1103 5512 1211 5572 est,
1253 5504 1471 5569 Victori,
1506 5500 1564 5557 ut
1592 5517 1702 5556 non.
1724 5500 2158 5572 disperdas,etc.

585 5592 605 5624 "
646 5592 1018 5649 Cisterciens.
1055 5610 1189 5648 ms..
1249 5593 1366 5661 ligo
1399 5591 1538 5661 justi
1576 5591 1828 5661 justitias
1871 5589 2158 5647 iudicabo:

518 5661 750 5763 Reginae
765 5670 959 5745 autem
993 5681 1104 5728 ms,
1129 5660 1358 5719 tantum
1384 5660 1559 5716 habet
1579 5660 1832 5732 justitias
1854 5677 1957 5743 pro
1991 5664 2159 5716 recta.

641 5736 1004 5790 (.isterciens.
1041 5752 1149 5790 ms.
1190 5735 1348 5790 hunc
1392 5733 1646 5788 alterum
1700 5748 1803 5790 nro
1861 5749 1940 5788 1m
1958 5747 2159 5790 presso

590 5747 611 5763 -
641 5747 1004 5790 cisterciens.
1041 5752 1149 5791 ms.
1191 5747 1348 5790 nunc
1392 5747 1646 5788 alterum
1700 5748 1803 5804 pro
1861 5749 1940 5788 1m
1958 5747 2160 5803 presso

521 5809 753 5855 versum
785 5805 1111 5864 substituit.
1143 5807 1304 5864 Dixit
1357 5804 1696 5877 lwtantibus,
1740 5802 1923 5864 Nolite
1952 5802 2157 5862 Iaztari.

2275 4592 2419 4645 mus,
2452 4580 2561 4630 etc.
2594 4577 2778 4629 MART.

2341 4639 2415 4688 —'
2438 4645 2652 4702 Iterum
2688 4643 2870 4702 nostri
2902 4659 3108 4716 omnes
3142 4657 3286 4698 mss.
3319 4641 3534 4716 aliique
3555 4651 3721 4716 penes
3739 4639 3851 4716 tiar-

2270 4718 2414 4774 tian.
2454 4719 2656 4775 Victori
2680 4719 2736 4772 in
2779 4714 3017 4772 Psalmis
3065 4716 3351 4772 canticum
3398 4712 3581 4788 Asapﬁ
3619 4712 3847 4788 carminis.

2269 4791 2416 4872 Tum
2447 4791 2638 4872 primo
2668 4789 2869 4872 statim
2901 4792 3097 4872 textus
3118 4788 3293 4842 verbo
3325 4801 3483 4841 unus
3507 4782 3850 4843 Cisterciena,

2272 4860 2636 4932 Cognoscetur
2656 4877 2766 4942 pro
2790 4860 3165 4930 Cognoscitur.

2342 4936 2384 4970 ¹¹
2423 4935 2580 4989 ldem
2611 4931 2980 4989 cisterciens.
3029 4945 3166 4997 ms.,
3215 4925 3524 4986 Jerusalem
3552 4939 3649 4998 pro
3697 4919 3852 4998 Salen.

2271 4971 3186 5090 .9piarpzem‘szzsaz'ex,
3215 4971 3538 5073 Latmia;
3555 4971 3663 5070 ιβιδ
3687 4971 3853 5063 me:

2270 5087 2408 5204 gul}.
2440 5151 2504 5203 In
2532 5147 2771 5204 Hebraeo
2803 5148 2895 5203 est
2922 5157 3064 5234 nep
3333 5140 3608 5234 rischphe
3639 5131 3851 5234 caschfti.

2270 5237 2424 5310 quod
2448 5237 2666 5308 optime
2679 5221 3098 5310 interpretatur
3113 5221 3852 5310 Hieronymps,polalilia.hc§

2269 5295 2624 5379 est.sagittas
2657 5295 2861 5379 arcus.'_
2877 5295 3686 5379 Necincongrue'scbqliastes
3705 5295 3853 5379 posuit

2269 5371 2496 5449 diaboli,
2521 5397 2733 5446 arcum,
2766 5377 2906 5451 quia
2937 5371 3212 5452 Habacuc
3246 5374 3386 5452 111,5
3414 5372 3500 5452 vel
3529 5371 3678 5452 15,in
3698 5371 3852 5452 post“

2269 5438 2550 5542 editione,
2626 5438 2801 5542 titan.
2849 5448 3112 5522 rescheph
3182 5438 3432 5504 vertitur
3461 5445 3520 5500 in
3602 5438 3848 5498 diabolum.

2271 5525 2654 5667 Merliieginze
2685 5592 3344 5667 ms.,”aununtiaoerunt
3364 5578 3836 5667 judiciumdeindo

2271 5685 2405 5725 cum
2428 5655 2738 5748 plerisque
2773 5655 2906 5722 aliis
2934 5673 3086 5722 terra
3134 5665 3332 5748 timeas
3363 5655 3830 5748 terminabis?!

2271 5728 2822 5869 οιᾶρξιὲιᾘῐὲῗηὰἰςυθ,
2854 5753 2980 5796 cum
3000 5733 3304 5794 surrexerit
3329 5728 3849 5804 adiudioandanmro

2270 5829 2301 5869 a
2362 5827 2388 5884 1
2472 5828 2487 5868 ι
2649 5848 2662 5866 .
