4050 6182
257 209 399 266 1249

323 338 391 392 ut
421 333 616 392 salvos
645 334 821 393 faciat
849 351 1055 394 omnes
1086 339 1260 397 mites
1291 343 1477 399 terrm.
1503 344 1758 398 SsMpsn.

246 406 400 473 Quia
427 407 516 463 ira
537 410 555 444 ¹
589 407 852 464 hominis
881 411 1259 469 conﬁtebitur
1288 413 1393 470 tibi
1422 431 1436 470 ε

316 478 585 556 reliquiis
614 479 1220 556 ir_ar_uin_aocingeris,

242 549 461 608 Vovete
491 557 550 607 et
579 552 805 608 reddite
826 549 1076 611 Domino
1109 549 1224 612 Deo
1254 561 1452 614 vestro

321 639 526 701 omnes
547 623 648 701 qui
679 624 740 679 in
768 625 1022 701 circuitu
1054 627 1184 699 ejus
1213 633 1378 701 sunt,

321 695 579 751 offerent
595 695 751 750 dona
778 697 1046 753 terribili.

247 767 547 840 Auferentgi
579 768 858 840 spiritum
894 770 1150 828 ducum:

331 838 576 896 terribili
609 838 847 912 regibus
871 845 1061 899 teme.

433 969 660 1010 vrc'rom
698 970 886 1011 supsa
917 959 1194 1014 InnnoN'
1227 975 1493 1016 PBALMUS
1520 976 1725 1017 asses.

243 1051 564 1126 (ιΧΧνΙι.)
593 1052 748 1126 Voce
778 1067 909 1109 mea
939 1054 1011 1110 ad
1044 1059 1242 1125 Deum,
1277 1061 1334 1112 et
1364 1056 1610 1114 clamavi
1637 1072 1650 1112 :

316 1141 458 1203 voce
478 1124 720 1203 _mea_.a_d
754 1128 960 1203 Deum,
988 1131 1047 1183 et
1076 1124 1367 1185 exaudivit
1400 1145 1492 1186 me
1523 1129 1602 1203 (h.
1624 1132 1682 1185 et
1713 1144 1828 1202 pris

391 1195 696 1270 buitgmibi
725 1198 976 1270 aurem),

245 1269 310 1325 In
344 1267 438 1324 die
468 1267 872 1324 tribulationis
896 1267 1038 1326 mea:-
1069 1270 1384 1328 Dominum
1417 1271 1716 1343 requisivi,

318 1355 535 1418 manus
584 1355 716 1418 mea
748 1345 916 1418 nocte
946 1343 1302 1417 extenditur,
1355 1348 1412 1401 et
1442 1362 1562 1402 non
1613 1343 1904 1418 quiescit:

240 1411 450 1468 Noluit
479 1411 771 1467 consolari
797 1412 996 1468 anima
1028 1431 1179 1483 mea,

318 1483 638 1539 recordans
660 1483 764 1538 Dei
797 1490 972 1540 contu
983 1486 1196 1543 rbabar
1217 1503 1238 1543 :

244 1555 572 1629 Loquebar
587 1554 646 1629 in
679 1557 1050 1629 memetipso,

317 1625 375 1683 et
404 1625 714 1698 deficiebat
735 1625 981 1698 spiritus
1012 1645 1202 1686 meus.
1235 1630 1494 1686 Saurea.

1611 217 1826 273 LIBER
1862 214 2329 271 PBALMORUM.

1931 343 1986 411 Α
2016 335 2411 394 Excusserunt
2441 352 2624 408 aquas
2657 338 2879 397 nubila.

3526 229 3666 288 1250

2076 426 2276 466 vocem
2309 411 2598 465 dederunt
2630 412 2837 481 nubes,

2079 489 2135 540 et
2168 481 2392 553 sagittae
2426 486 2539 537 tua:
2573 483 3008 542 discurrebant.

2007 563 2133 615 Vox
2163 553 2406 610 tonitrui
2433 554 2519 608 tui
2551 553 2610 610 in
2643 561 2788 621 rota,

2079 629 2481 704 apparuerunt
2504 625 2585 696 (h.
2620 626 2954 704 illuxerunt)
2988 629 3220 704 fulgura
3251 639 3353 692 tua
3383 638 3508 694 orbi
3537 656 3550 696 :

2007 714 2298 760 concussa
2327 702 2384 752 et
2413 703 2706 754 commota
2733 704 2823 756 est
2848 704 3005 756 terra
3024 703 3044 737 ⁸

2010 777 2076 832 In
2113 769 2258 828 mari
2290 770 2382 825 via
2413 773 2534 838 tua,

2081 850 2137 900 et
2165 841 2385 900 semita:
2425 848 2534 896 tua:
2569 840 2626 895 in
2655 843 2826 913 aquis
2861 843 3085 912 multis,

2083 921 2142 972 et
2170 913 2418 987 vestigia
2449 916 2550 987 tua
2584 929 2696 968 non
2729 919 2868 969 sunt
2900 917 3118 987 agnita.

2009 985 2311 1066 Deduxisti
2342 985 2524 1066 (1998i,
2543 1000 2779 1066 gregem
2811 987 2892 1057 (h.
2927 985 3083 1062 dves)
3116 992 3398 1063 populum
3452 999 3662 1054 tuum:

2081 1061 2142 1116 in
2175 1073 2352 1118 manu
2383 1060 2529 1112 Mosi
2560 1061 2617 1111 et
2645 1063 2860 1113 Aaron.

2259 1187 2625 1228 sauorrioms
2664 1171 2750 1243 (Al
2800 1173 3162 1248 eruditiones)
3211 1197 3413 1238 ASAPH.

2010 1271 2352 1350 (ΕΧΧΥΙΙΙ.)
2381 1270 2684 1336 Ausculta,
2739 1273 2994 1350 populus
3025 1292 3211 1345 meus,
3247 1278 3432 1350 legem
3469 1299 3661 1343 meam

2083 1344 2364 1402 inclinate
2393 1358 2594 1396 aurem
2624 1344 2878 1399 vestram
2907 1348 2978 1400 ad
3012 1344 3333 1408 verbaoris
3370 1355 3501 1414 mei.

2010 1417 2288 1491 Aperiam
2320 1417 2380 1470 in
2409 1415 2683 1491 parabola
2709 1432 2788 1491 os_
2807 1432 3026 1473 meum.

2085 1487 2640 1561 loquar‘zenigmata
2671 1488 2934 1561 antiqua.

2015 1557 2519 1627 Quae'audivimus
2543 1562 2602 1612 et
2631 1557 3038 1628 cognovimus.

2088 1638 2144 1688 et
2176 1630 3008 1703 patresnostri__narraverunt
3042 1635 3232 1691 nobis.

243 1696 632 1755 Probibebam
663 1697 746 1767 (h.
769 1696 1318 1775 'Comprehendisti)
1349 1704 1689 1775 suspectum
1709 1699 1899 1759 oculo-
1919 1709 1979 1783 ’Β
2012 1705 2138 1762 Non
2170 1696 2309 1758 sunt
2338 1700 2686 1783 abscondita
2717 1719 2749 1756 a
2781 1702 2916 1783 filiis
2949 1721 3176 1779 eorum,

391 1785 524 1826 rum
557 1785 847 1838 meorum,

319 1842 658 1915 stupebam,
688 1846 746 1915 et
774 1858 892 1898 non
927 1843 1228 1915 loquebar.

247 1912 662 1988 Recogitabam
695 1913 828 1988 dies
852 1912 1132 1988 antiquos
1156 1934 1170 1972 :

393 1985 584 2041 annos
604 1985 627 2019 ³
657 1985 1033 2043 saeculorum.

245 2057 620 2184 Recordabar;
649 2056 1014 2130 psalmorum
1044 2057 1127 2132 (h.
1161 2059 1443 2116 carminis
1471 2060 1609 2134 mei)
1638 2075 1906 2118 meorum

395 2145 455 2184 in
483 2145 593 2184 noc
622 2145 674 2184 e.

395 2145 455 2185 in
483 2145 674 2194 nocte,

322 2215 460 2257 cum
493 2201 666 2306 corde
697 2219 827 2261 meo
852 2202 1160 2276 loquebar,
1193 2206 1251 2259 et
1272 2202 1584 2260 scrutabar
1626 2203 1906 2276 spiritum

394 2287 593 2328 meum
616 2287 656 2327 ἰ

244 2344 474 2417 Ergone
495 2342 555 2400 in
578 2349 862 2402 aeternum
887 2345 969 2408 (h.
998 2345 1056 2402 in
1080 2346 1315 2419 saecula)
1337 2346 1603 2419 projiciet
1628 2347 1910 2403 Dominus

321 2422 382 2471 et
410 2431 524 2471 non
559 2419 1042 2490 repropitiabitur
1073 2417 1226 2490 ultra
1249 2418 1278 2473 ‘I

247 2491 475 2560 Ergone
503 2488 854 2614 complevit“
888 2505 1075 2562 usque
1124 2489 1186 2546 in
1219 2490 1396 2546 tinem
1439 2489 1906 2547 misericordiam

395 2575 566 2614 suam

395 2575 566 2614 suam

323 2630 830 2758 consgmmabitur
862 2633 1106 2690 verbum
1139 2633 1212 2690 de
1242 2633 1615 2707 gcneratione
1645 2637 1702 2690 et
1731 2647 1909 2706 gene-

401 2719 463 2758 ra
493 2719 624 2758 ione
671 2746 686 2758 .

401 2719 624 2759 ratione
643 2719 686 2761 ὀ

255 2774 536 2848 Nunquid
568 2775 788 2848 oblitus
817 2779 907 2834 est
937 2775 1200 2834 misereri
1232 2779 1387 2831 Deus
1413 2792 1428 2832 :

325 2853 428 2902 aut
446 2847 770 2920 complebit
793 2848 853 2904 in
879 2851 1071 2906 furore
1089 2847 1519 2905 misericordias
1541 2848 1623 2913 (h.
1642 2847 1910 2920 pietates)

401 2935 540 2975 suas
564 2919 592 2973 ‘2
608 2919 861 2976 Semen.

250 2993 324 3046 Et
355 2990 502 3059 dixi,
538 2991 912 3048 imbecillitas
944 3008 1074 3048 mea
1105 2996 1194 3048 est
1222 2991 1382 3060 haec;

328 3063 714 3136 commutatio
741 3062 821 3131 (h.
857 3065 1064 3135 annos)
1097 3064 1353 3136 dexterae,
1378 3062 1612 3136 excelsi,

250 3133 637 3207 Recordabar
663 3133 1093 3207 cogitationum
1125 3133 1357 3207 Domini
1381 3153 1395 3192 :

334 3205 997 3278 reminiscens—antiqua
1030 3205 1329 3262 mirabilia
1359 3211 1480 3264 tua.

250 3276 330 3332 Et
362 3277 781 3350 meditaboriin
812 3276 974 3335 omni
1000 3293 1174 3350 opere
1205 3283 1330 3346 tuo,

339 3353 398 3404 et
425 3349 870 3422 adinventiones
911 3349 1051 3406 tuas
1075 3349 1307 3422 loquar.

254 3424 443 3490 Deus,
475 3420 535 3476 in
567 3423 818 3478 sancto'l
850 3422 943 3478 via
971 3426 1112 3477 tua:

334 3491 948 3566 quis_Deusimagnus
981 3497 1046 3566 ut
1073 3493 1230 3566 Deus
1250 3492 1280 3546 ?

255 3563 442 3620 Tu’es
473 3563 632 3620 Deus
664 3563 884 3622 facie'ns
916 3564 1212 3621 mirabilia

336 3635 655 3692 ostendens
685 3637 770 3710 (h.
803 3637 1202 3709 innotescens)
1241 3635 1301 3691 in
1331 3633 1566 3709 populis
1595 3633 1917 3708 potentiam

417 3711 602 3765 tuam.

264 3777 590 3852 Redemisti
621 3779 689 3852 in,
729 3779 969 3836 brachio
1001 3777 1286 3852 populum
1317 3781 1511 3849 tuum,
1553 3777 1709 3834 filios
1738 3777 1917 3834 Jacob

414 3854 470 3906 et
497 3851 734 3922 Joseph.
770 3851 1024 3907 Saurea.

265 3920 545 3996 Videntes
576 3920 855 3996 te'aquaa,
887 3923 1064 3988 Deus,

340 3993 607 4050 videntes
639 3998 696 4050 te
719 3992 833 4062 '(At.
866 4003 973 4050 tae.
1008 3994 1086 4065 te)
1117 4009 1286 4066 aquae
1313 3992 1738 4066 parturierunt,

339 4070 402 4122 et
431 4071 735 4122 commota
768 4071 910 4123 sunt
936 4065 1156 4138 abyssi.

340 4283 359 4317 ¹
391 4283 499 4337 Pro
554 4279 984 4348 ἐκκαλεῖ-σθω
1035 4283 1361 4352 posuerunt
1427 4296 1572 4347 mss,

261 4357 530 4421 Memm.,
576 4353 948 4423 8an-Germ.,
982 4353 1148 4424 Reg,
1180 4352 1512 4424 corbeiens.
1546 4354 1603 4407 et

261 4425 410 4552 ginis
438 4439 648 4483 maeror
674 4426 981 4481 hominis...
1013 4423 1272 4496 reliquiis
1302 4426 1548 4480 maerori:
1577 4425 1910 4492 accingeris.

325 4513 459 4551 Αειτ.

325 4513 459 4551 ΛΒΤ.

338 4598 408 4609 -
439 4567 481 4622 E
509 4571 731 4624 nostrts
761 4583 900 4625 mss.
940 4584 1094 4623 unus
1143 4566 1547 4625 Cisterciensis
1577 4565 1674 4622 hic
1714 4581 1915 4622 maeror

263 4656 372 4712 pro
401 4639 514 4710 ira,
545 4648 604 4696 et
634 4657 765 4696 mox
785 4642 1039 4695 mereris
1060 4656 1164 4712 pro
1183 4642 1402 4696 irarum
1423 4639 1671 4712 praefert.
1696 4638 1913 4712 Regius

262 4709 466 4767 autem
499 4712 683 4768 altero
715 4711 823 4767 hoc
855 4709 1089 4767 tantum
1120 4711 1267 4780 loco,
1301 4709 1543 4782 ira—pro
1566 4709 1812 4782 irarum.
1848 4709 1909 4765 In

265 4782 547 4839 liebraico
603 4788 693 4840 est
721 4795 886 4854 man,
947 4784 1102 4855 quod
1136 4800 1350 4840 nomen
1377 4781 1611 4856 pr0prie
1663 4783 1912 4853 furorem

265 4860 462 4912 sonat.

335 4927 358 4998 ¥
390 4925 497 4981 Ms.
551 4925 804 4996 Reginus,
832 4941 931 4998 per
980 4925 1240 4993 Iditlmn;
1274 4926 1644 4982 Cisterciens.
1679 4925 1909 4996 duoque

263 4997 370 5054 alii
397 4998 551 5068 apud
580 4997 850 5053 Martian.
885 5014 1054 5061 mss.,
1082 5014 1185 5069 pro
1211 4998 1454 5054 Idithun.

338 5069 361 5103 ³
395 5067 537 5124 Tres
586 5085 729 5124 mss.
763 5077 816 5124 et
861 5085 1034 5126 annos
1059 5067 1342 5140 pristinos.
1404 5067 1576 5124 Paulo
1608 5071 1740 5140 post
1785 5083 1906 5140 sco:

258 5140 460 5212 pebam
488 5156 591 5212 pro
619 5141 922 5196 scrutabar.
954 5137 1137 5212 Atque
1170 5142 1248 5196 ita
1275 5143 1512 5213 quidem
1543 5137 1806 5213 in'epist.
1839 5137 1911 5194 ad

263 5211 542 5268 Sunuiam
567 5218 622 5267 et
680 5213 960 5268 Fretclam
990 5211 1053 5268 se
1083 5213 1167 5268 ait
1195 5213 1252 5268 S.
1293 5211 1465 5268 Pater
1512 5211 1909 5276 transtulisse,

261 5283 772 5340 consentientibus
805 5284 876 5339 ad
907 5299 1042 5339 eum
1067 5283 1490 5341 locumnostris
1523 5299 1664 5336 mss.
1692 5299 1908 5354 magno

263 5371 513 5411 numero
534 5355 817 5426 quidquid
846 5356 1218 5426 postmodum
1237 5357 1427 5411 visum
1449 5355 1526 5411 sit
1549 5353 1906 5423 Martianieo,

261 5427 366 5502 qui
384 5428 838 5502 rescribendum
871 5426 951 5482 ibi
980 5443 1137 5502 nunc
1166 5427 1360 5502 vellet,
1387 5427 1692 5502 scrutaoar.

333 5499 358 5532 ‘
384 5496 538 5553 Editi
567 5497 700 5553 libri
733 5515 798 5554 se
847 5515 959 5570 ms.
993 5499 1383 5564 Corbeiensis,
1417 5495 1910 5570 scopebam_§piri-

259 5575 386 5626 tum
413 5585 618 5624 meum.
674 5570 835 5625 Hanc
863 5568 1171 5627 lectionem
1202 5570 1262 5626 in
1293 5568 1578 5626 Prodomo
1607 5574 1662 5622 S.
1711 5568 1912 5624 Hiero-

264 5641 429 5714 nymi
462 5657 554 5714 me
578 5641 839 5714 edidisse
862 5643 1126 5708 memini,
1161 5659 1266 5698 nec
1297 5643 1454 5698 aliud
1489 5657 1630 5696 sane
1661 5641 1914 5696 retinent

265 5711 630 5784 exemplaria
662 5730 806 5770 mss.
857 5714 1028 5784 epist.
1071 5714 1140 5769 ad
1171 5714 1445 5770 Sunniam
1503 5713 1552 5769 et
1592 5713 1909 5784 ,Fretetam,

265 5783 484 5860 quibus
535 5785 832 5842 adhaerere
879 5783 1160 5858 oportuit,
1210 5787 1395 5843 donec
1446 5783 1602 5843 nacti
1641 5799 1910 5842 essemus

1673 4279 1916 4351 uinque,

1685 4351 1916 4420 orbon.,

2086 1794 2120 1832 a
2148 1772 2846 1847 generatione_sequenti,

2013 1844 2330 1924 Narrantes
2356 1844 2464 1924 (ιΛΙ.
2499 1844 2804 1924 Narrante)
2835 1847 3325 1924 laudesDomini,

2085 1924 2142 1999 et
2173 1917 2488 1999 potentiam
2531 1917 2684 1999 eius,
2719 1920 3102 1999 et.mirabilia
3133 1917 3452 1999 ejusgquze
3507 1927 3662 1984 fecit.

2013 1988 2233 2069 Statuit
2263 1988 2745 2069 contestationem
2777 1988 2835 2044 in
2869 1992 2970 2069 (fit.
3007 2001 3112 2048 tac.
3152 1988 3232 2069 in)
3261 1988 3462 2067 Jaéob,

2085 2068 2143 2119 et
2172 2062 2358 2132 legem
2392 2059 2590 2132 posuit
2620 2060 2677 2112 in
2711 2061 2912 2131 Israel,

2087 2150 2216 2206 quae
2236 2131 2849 2206 mandavitpatribus
2879 2135 3120 2204 nostris,

2087 2201 2154 2260 ut
2185 2206 2462 2259 docerent
2495 2201 2645 2257 filios
2675 2219 2836 2259 suos.

2015 2277 2510 2351 Utcognosceret
2524 2277 2824 2346 generatio
2855 2278 3224 2351 subsequens
3251 2300 3264 2338 :

2088 2344 2512 2404 filii—nascituri
2533 2344 2813 2417 surgent,

2085 2427 2144 2477 et
2175 2419 2502 2474 narrabunt
2534 2417 2667 2472 ﬁliis
2697 2419 2844 2474 suis.

2021 2492 2092 2549 Ut
2122 2488 2429 2564 ponantin
2454 2489 2570 2564 Deo
2601 2505 2766 2560 spem
2799 2507 2972 2546 suam
2999 2509 3012 2553 :

2087 2560 2143 2621 et
2159 2560 2737 2704 ἓὲἒιῗῒῦιέἶξεςαηων
2764 2564 3181 2634 cognationum
3206 2566 3670 2638 (h.adinventio-

2509 2673 2522 2698 ν

2159 2649 2325 2698 num)
2362 2649 2457 2687 U8!
2484 2649 2522 2698 υ,

2087 2711 2144 2762 et
2172 2705 2448 2761 mandata
2478 2705 2604 2772 ejus
2634 2704 2988 2760 custodiant.

2087 2780 2158 2834 Et
2187 2779 2295 2849 (At.
2333 2775 2446 2849 Ut.)
2482 2792 2593 2849 non
2619 2776 2773 2830 sicut
2801 2783 2993 2848 patres
3025 2793 3226 2836 eorum

2087 2847 2383 2922 generatio
2416 2847 2740 2916 declinans,
2775 2847 2831 2902 et
2861 2865 3202 2920 provocans,

2088 2919 2388 2993 generatio
2420 2935 2553 3003 quis
2581 2935 2694 3003 non
2731 2919 3075 3003 pri-eparavit
3107 2940 3206 2978 cor
3235 2941 3434 2996 suum,

2089 2991 2148 3049 et
2179 3011 2291 3048 non
2317 2991 2561 3064 credidit
2590 2996 2701 3064 Deo
2733 2991 2975 3064 spiritus
3005 2995 3152 3064 ejus.

1939 3087 1983 3158 ρ
2020 3065 2146 3123 Filii
2168 3062 3661 3158 pruaiiniutcndentes,emittentes(At.etmitten-

2168 3141 2278 3205 tes)
2308 3151 2507 3190 arcum

2094 3213 2258 3281 terga
2287 3209 2586 3281 verterunt
2615 3205 2674 3260 in
2704 3205 2795 3261 die
2828 3205 2985 3281 belli.

2025 3280 2148 3339 Non
2183 3279 2592 3349 custodierunt
2623 3282 2857 3349 pactum
2888 3279 2988 3335 Dei
3013 3281 3054 3315 ¹⁰

2096 3353 2154 3434 in
2182 3353 2312 3434 iege
2341 3351 2467 3434 ejus
2494 3347 2812 3434 noluerunt
2838 3350 3087 3434 ingredi,

2024 3421 2350 3502 Etoblitisu
2363 3421 2854 3502 utcogitationum
2878 3421 2959 3493 (ti.
2985 3424 3490 3502 adiuventionum)
3514 3426 3668 3502 ejus,

2094 3505 2149 3551 et
2181 3493 2538 3550 mirabilium
2571 3493 2722 3564 ejus,
2754 3510 2882 3565 quae
2913 3495 3167 3552 ostendit
3195 3498 3300 3554 eis.

2023 3567 2229 3624 Coram
2264 3565 2528 3638 patribus
2559 3582 2763 3638 eorum
2797 3565 2930 3621 fecit
2961 3567 3274 3636 mirabilia,

2093 3638 2152 3694 in
2183 3635 2341 3710 terra
2368 3637 2618 3710 Egypti,
2647 3635 2708 3710 in
2739 3638 2972 3710 regione
3002 3640 3246 3696 Taneos.

2098 3710 2272 3765 Divisi
2305 3709 2388 3780 (h.
2428 3708 2706 3779 Disrupit)
2743 3708 2921 3774 mare,
2955 3714 3010 3764 et
3043 3713 3374 3766 transduxit
3403 3730 3522 3780 eos,

2093 3780 2410 3856 staret'ecit
2432 3780 2821 3856 a_quas_quasi
2853 3797 3121 3856 acervum
3147 3783 3226 3852 (h.
3260 3785 3320 3838 in
3354 3786 3522 3856 utre).

2023 3853 2092 3908 Et
2121 3852 2288 3906 duxit
2319 3867 2417 3906 eos
2452 3852 2509 3906 in
2541 3851 2696 3905 nube
2731 3866 2829 3920 per
2861 3852 3040 3920 diem,

2094 3930 2151 3978 et
2181 3929 2301 3978 tota
2332 3926 2504 3994 nocte
2531 3920 2843 3994 inlumine
2875 3921 3049 3994 ignis.

2022 3994 2204 4050 Scidit
2235 3998 2460 4065 petram
2495 3993 2552 4047 in
2588 3993 2844 4065 deserto,

2092 4071 2150 4122 et
2181 4064 2385 4138 potum
2413 4065 2574 4122 dedit
2605 4064 2774 4136 quasi
2805 4065 2875 4120 de
2897 4064 3126 4136 abyssis
3160 4067 3412 4140 magnis,

2020 4275 2249 4350 copiam
2292 4277 2600 4350 meliorum
2633 4276 2900 4333 codicum
2935 4277 3196 4334 Psalterii
3231 4278 3402 4336 istius
3451 4297 3515 4336 ex
3559 4282 3670 4338 He-

2021 4349 2174 4407 braeo
2232 4349 2441 4416 Latini,
2481 4349 2579 4404 ubi
2639 4354 2864 4420 septem
2896 4351 3257 4420 antiquiores
3289 4369 3354 4406 ac
3405 4353 3666 4411 melioris

2023 4428 2169 4478 notae
2214 4422 2498 4492 scriptum
2546 4421 2761 4476 habent
2806 4423 3093 4476 scrutabor
3158 4424 3420 4492 spiritum
3465 4441 3668 4482 meum.

2023 4494 2111 4578 Ita
2141 4510 2374 4578 quoque
2419 4493 2911 4578 legendum‘sat‘is
2943 4492 3135 4578 innuit
3160 4498 3217 4548 S.
3273 4500 3498 4578 Doctor,
3533 4514 3666 4578 cum

2023 4567 2124 4640 ait,
2152 4564 2217 4640 in
2251 4566 2380 4636 jam
2423 4566 2577 4619 dicta
2605 4565 2800 4640 epist,
2824 4564 3257 4640 Symmachum
3291 4572 3346 4622 et
3397 4569 3668 4640 quintam

2021 4633 2341 4720 editionem
2399 4633 2774 4720 transtulisse
2796 4633 3142 4720 putescum,
3177 4637 3242 4720 id
3295 4644 3385 4694 est
3415 4633 3671 4720 perscru-

2021 4709 2202 4776 tabar,
2237 4709 2354 4764 sive
2409 4708 2738 4778 quwrebam.
2796 4707 3011 4777 Regius
3060 4707 3431 4766 Psalmorum
3485 4713 3667 4767 codex

2021 4798 2134 4837 ms.
2167 4779 2262 4836 hic
2321 4779 2484 4836 solus
2513 4779 2654 4851 legit
2697 4779 3091 4836 abscondebam
3146 4783 3405 4852 spiritum
3461 4800 3664 4839 meum.

2019 4859 2203 4910 MART.

2089 4926 2110 4958 ⁵
2171 4923 2333 4979 Unus
2389 4920 2758 4979 Cisterciens.
2808 4938 2919 4978 ms.
2971 4923 3263 4994 complebit
3307 4942 3372 4980 ac
3432 4925 3664 4994 deinde,

2015 4994 2413 5053 consummabit
2440 4994 2664 5051 verbum
2694 4997 2753 5048 in
2781 4998 3210 5064 generationem.

2087 5069 2217 5123 6Ita
2261 5081 2468 5138 omnes
2498 5083 2641 5122 mss.
2693 5070 2931 5134 excepto
2989 5067 3323 5132 Sorbonico,
3378 5067 3478 5138 qui
3529 5085 3664 5123 cum

2017 5139 2191 5198 editis
2273 5136 2432 5208 legit,
2512 5139 2576 5195 de
2657 5139 3010 5208 generatione
3095 5141 3154 5194 in
3210 5136 3666 5210 generdtwnem,

2020 5215 2206 5267 MART.

2089 5283 2108 5317 ’⁸
2139 5279 2338 5337 Nostri
2390 5296 2594 5337 omnes
2623 5295 2766 5336 mss.
2817 5280 3158 5337 Sanctuan'o
3190 5281 3282 5337 bic
3333 5299 3438 5354 pro
3472 5282 3666 5340 Sancto

2018 5354 2355 5427 praeferunt.

2087 5426 2108 5460 ⁸
2140 5427 2201 5480 in
2260 5422 2632 5497 Cisterciens.
2694 5438 2829 5489 ms.,
2892 5423 3308 5497 Concursant,
3354 5434 3409 5497 et
3456 5427 3670 5497 peperit

2018 5505 2167 5554 terra
2198 5496 2350 5564 quod
2383 5497 2434 5550 si
2464 5495 2556 5550 cui
2595 5511 2857 5565 unquam
2892 5495 3191 5566 interpreti
3226 5495 3467 5565 placuit,
3507 5495 3662 5554 haud

2020 5569 2159 5624 scio.
2199 5568 2470 5622 Hebraeus
2503 5571 2657 5622 certe
2687 5570 3017 5621 commoveri
3045 5567 3356 5637 signiticet.

2089 5641 2110 5675 θ
2137 5639 2280 5694 Tres
2315 5655 2481 5704 mss.,
2513 5637 2905 5706 cogitationum
2925 5639 3060 5706 eius,
3097 5655 3198 5709 pro
3226 5640 3341 5694 Dei.

2094 5713 2137 5748 1°
2172 5711 2349 5766 [idem
2384 5727 2528 5783 mss.
2553 5710 2776 5783 addunt
2801 5711 2910 5783 siti,
2942 5715 2998 5764 et
3020 5709 3192 5781 paulo
3213 5717 3343 5783 post
3365 5716 3666 5770 commuta-

2019 5784 2233 5841 tionum
2263 5798 2366 5854 pro
2395 5781 2794 5850 cogitationum
2825 5780 3047 5852 legunt.
