4050 6182
494 193 632 250 1251

495 319 562 374 Et
594 315 792 373 eduxit
824 316 976 373 rivos
1006 316 1077 371 de
1102 317 1282 384 petra,

567 394 624 446 et
652 388 854 444 elicuit
884 388 1051 459 quasi
1083 386 1330 441 ﬂumina
1361 401 1560 459 aquas.

494 459 566 517 Et
595 458 950 516 addiderunt
979 458 1131 513 ultra
1161 474 1399 530 peccare
1430 458 1502 514 ei.

568 537 632 588 ut
662 535 1039 603 provocarent
1065 528 1372 603 Excelsum
1398 529 1506 603 {in
1537 528 1716 603 invio.

495 604 563 659 Et
593 601 964 685 tentaverunt
995 602 1178 684 Deum
1211 601 1268 656 in
1301 601 1580 657 cordibus
1610 601 1733 658 suis
1763 617 1777 656 :

564 678 825 746 petentes
855 673 1050 729 cibum
1085 673 1293 728 anima:
1325 689 1462 729 sua}.

493 745 563 800 Et
595 746 901 817 loquentes
931 748 1133 817 contra
1164 744 1348 800 Deum
1392 815 1399 817 _

565 815 1184 922 dipebagt;.‘§;qnqt;id
1218 815 1432 889 poterit
1460 820 1614 873 Deus
1643 831 1848 888 parare
1874 830 2140 873 mensam

631 889 690 944 in
724 886 1039 944 solitudine
1056 886 1119 942 η

486 963 637 1016 Ecce
669 960 929 1032 percusit
959 964 1205 1033 petram,
1239 962 1296 1012 et
1324 962 1614 1015 ﬂuxerunt
1640 976 1804 1033 aquae

556 1034 615 1087 et
644 1031 933 1087 torrentes
963 1031 1403 1086 inundaverunt
1428 1048 1441 1085 :

490 1104 772 1175 Nunquid
807 1108 863 1158 et
895 1120 1104 1175 panem
1137 1102 1523 1175 poterit‘dare

566 1172 668 1230 aut
700 1172 913 1246 parare
935 1172 1170 1230 carnem
1202 1172 1419 1245 populo
1448 1191 1554 1229 suo
1574 1174 1603 1229 ?

494 1246 630 1303 Ideo
664 1245 891 1302 audivit
921 1246 1228 1315 Dominus,
1259 1250 1316 1300 et
1344 1262 1455 1301 non
1487 1245 1756 1301 distulit3
1786 1263 1799 1301 :

567 1322 624 1374 et
655 1318 810 1390 ignis
838 1334 1120 1373 accensus
1140 1322 1235 1390 est
1266 1315 1323 1370 in
1350 1317 1556 1390 Jacob,

563 1396 619 1444 et
651 1388 813 1445 furor
839 1390 1104 1445 ascendit
1134 1388 1193 1443 in
1227 1389 1424 1443 Israel.

491 1461 638 1526 Quia
670 1478 786 1517 non
819 1461 1194 1529 crediderunt
1223 1459 1280 1514 in
1309 1462 1328 1493 ⁸
1360 1460 1499 1526 Deo,

554 1547 661 1587 nec
692 1532 1023 1588 habuerunt
1051 1531 1324 1587 fiduciam
1360 1533 1417 1587 in
1450 1529 1695 1587 salutari
1724 1531 1872 1602 ejus.

485 1606 554 1660 Et
587 1603 849 1676 praecipit
878 1605 1136 1676 nubibus
1170 1604 1440 1676 desuper,

554 1674 612 1731 et
637 1674 835 1746 portas
867 1675 998 1731 coeli
1031 1674 1281 1747 aperuit.

481 1746 553 1803 Et
583 1744 733 1819 pluit
762 1763 941 1819 super
980 1744 1085 1803 eos
1110 1762 1328 1819 manna
1349 1744 1389 1813 ⁸,
1425 1748 1490 1801 ut
1523 1744 1916 1814 comederent,

555 1817 613 1874 et
639 1817 900 1875 triticum
929 1820 1057 1874 coeli
1089 1818 1249 1874 dedit
1277 1817 1362 1873 eis
1392 1834 1404 1871 :

481 1890 698 1947 Panem
732 1890 968 1946 fortium
1002 1888 1257 1946 comedit
1285 1889 1406 1943 vir:

552 1961 766 2017 cibaria
802 1962 955 2017 misit
985 1961 1105 2017 illis
1133 1962 1189 2015 in
1224 1960 1619 2016 saturitatem.

477 2033 739 2090 Abstulit
768 2033 987 2088 Eurum
1018 2034 1087 2089 de
1120 2031 1283 2099 coelo,

548 2110 607 2161 et
636 2104 862 2161 induxit
888 2105 947 2159 in
983 2103 1364 2160 fortitudine“
1396 2118 1501 2157 sua
1532 2101 1814 2157 Africum.

479 2176 550 2232 Et
581 2175 732 2248 pluit
761 2192 940 2248 super
968 2192 1067 2231 eos
1098 2176 1263 2248 quasi
1298 2172 1599 2248 pulverem
1630 2188 1886 2243 carnem,

553 2244 610 2303 et
640 2247 810 2319 quasi
834 2244 1069 2303 arenam
1105 2244 1569 2319 maris’volatilia
1600 2248 1876 2319 pennata.

481 2319 552 2375 Et
582 2316 914 2374 ceciderunt
945 2319 998 2372 in
1033 2316 1223 2372 medio
1254 2321 1577 2371 castrorum
1611 2332 1812 2371 eorum
1834 2316 1877 2370 ⁷.

552 2389 613 2444 in
645 2389 892 2445 circuitu
926 2387 1442 2445 tabernaculorum
1476 2402 1700 2442 eorum.

483 2462 551 2517 Et
582 2461 978 2530 comederunt,
1012 2469 1065 2516 et
1095 2458 1344 2515 saturati
1367 2458 1752 2530 suntinimis:

553 2536 609 2587 et
639 2529 993 2587 desiderium
1025 2547 1227 2588 eorum
1263 2530 1459 2586 attulit
1488 2529 1594 2586 eis.

481 2603 607 2675 Non
641 2602 1018 2674 indiguerunt
1039 2603 1109 2659 de
1130 2602 1589 2675 cupiditatesua
1619 2601 1700 2675 (b.
1722 2601 1995 2657 Nondum
2029 2617 2127 2658 ex-

555 2673 861 2747 pleverunt
890 2673 1246 2747 desiderium
1284 2673 1480 2747 suum)
1509 2690 1522 2727 :

552 2745 685 2802 cum
721 2747 912 2801 adhuc
941 2746 1104 2802 cibus
1137 2751 1293 2802 esset
1320 2746 1379 2799 in
1416 2760 1511 2800 ore
1544 2760 1747 2800 eorum
1769 2745 1812 2800 ⁸.

487 2819 668 2874 Furor
689 2834 825 2890 ergo
856 2818 956 2873 Dei
989 2817 1254 2874 ascendit
1286 2832 1464 2890 super
1488 2832 1625 2873 eos:
1887 2818 1891 2822 ’

553 2895 611 2946 et
640 2889 852 2961 occidit
881 2890 1126 2961 pingues
1157 2889 1381 2961 eorum,

553 2966 611 3016 et
636 2960 849 3016 electos
879 2960 1054 3017 Israel
1086 2960 1431 3016 incurvavit.

483 3035 547 3090 In
579 3032 855 3088 omnibus
889 3032 978 3105 his
1008 3036 1393 3105 peccaverunt
1425 3030 1594 3105 ultra,

552 3108 611 3159 et
644 3120 758 3158 non
786 3101 1160 3158 crediderunt
1187 3104 1244 3157 in
1282 3101 1655 3158 mirabilibus
1677 3101 1823 3171 ejus.

479 3176 550 3231 Et
578 3174 947 3245 consumpsit
977 3175 1034 3229 in
1066 3176 1326 3230 vanitate
1358 3175 1481 3231 dies
1513 3190 1737 3238 eorum,

549 3251 607 3302 et
637 3263 821 3302 annos
853 3263 1052 3302 eorum
1083 3246 1374 3302 velociter.

474 3316 536 3372 Si
568 3319 868 3375 occidebat
897 3335 1018 3388 eos,
1052 3322 1191 3375 tunc
1223 3314 1561 3391 qurerebant
1588 3316 1696 3388 (At.
1723 3313 2123 3386 requirebant)

621 3405 756 3444 eum
788 3405 799 3443 ζ

549 3464 606 3515 et
662 3460 1154 3516 convertebantur
1198 3463 1255 3515 et
1284 3458 1522 3514 diliculo
1567 3456 2003 3530 consurgebant
2049 3458 2118 3511 ad

624 3536 829 3586 Deum.

548 3602 617 3658 Et
652 3601 1133 3667 recordabantur,
1168 3600 1306 3667 quia
1341 3605 1488 3656 Deus
1521 3598 1801 3655 fortitudo
1833 3614 2031 3655 eorum

548 3680 605 3728 et
640 3678 789 3730 Deus
820 3674 1084 3729 excelsus
1119 3674 1449 3743 redemptor
1476 3688 1676 3727 eorum
1710 3676 1816 3743 est.

477 3743 544 3800 Et
581 3744 941 3803 lactaverunt
972 3744 1077 3817 (At.
1118 3743 1557 3816 allectaverunt)
1589 3759 1721 3799 eum
1756 3742 1813 3797 in
1846 3758 1944 3797 ore
1990 3758 2121 3814 suo,

548 3933 563 3967 ¹
601 3931 661 3987 In
705 3934 937 3987 Canone
985 3931 1517 3987 San-Germanensi
1550 3934 1605 3985 et
1636 3928 2008 3996 Memmiana,
2050 3930 2126 3983 Et

473 4012 902 4076 prouocauerunt
951 4005 1259 4072 Excetsum,
1291 4013 1405 4057 etc.
1438 4008 1622 4058 MART.

547 4090 569 4123 ²
601 4089 856 4161 Rursum
890 4089 1062 4144 iidem
1097 4106 1267 4159 mss.,
1296 4089 1494 4161 poterit
1544 4090 1683 4145 Deus
1719 4103 1919 4161 ponere
1967 4103 2125 4144 men-

475 4177 595 4216 sam
624 4160 683 4216 in
715 4161 1076 4216 solitudinem
1096 4161 1124 4215 ‘?

546 4232 568 4265 ³
597 4233 832 4304 Absque
865 4232 1174 4305 negatione
1196 4231 1393 4305 legunt
1423 4229 2121 4305 exemplariatriaCano-

474 4302 590 4369 nis,
625 4319 691 4358 ac
723 4302 863 4359 mss.
900 4302 1066 4358 cddd.
1101 4302 1265 4356 Vatic
1296 4344 1309 4367 ,
1348 4309 1619 4374 August,
1652 4302 1948 4374 lturdigal.
1973 4306 2031 4358 et
2061 4304 2116 4357 S.

473 4374 794 4431 Michaelis.
860 4376 981 4429 Ideo
1041 4375 1253 4429 audivit
1304 4373 1583 4442 Dominus,
1644 4378 1693 4428 et
1757 4373 1993 4429 distulit.
2054 4378 2120 4428 Et

476 4448 579 4499 130
619 4446 788 4512 juxta
816 4446 1119 4513 Vulratam
1153 4448 1241 4515 59,
1276 4451 1393 4499 tres
1452 4461 1515 4499 ex
1550 4445 1633 4498 eis
1689 4444 1909 4500 Audiuit
1957 4446 2113 4512 Deus,

471 4519 524 4588 et
580 4515 815 4588 distulit.
877 4519 937 4573 In
976 4519 1208 4574 llebrzeo
1238 4517 1521 4588 scriptum
1554 4520 1664 4583 est,
1720 4526 1946 4582 ωτι-βπ,
1979 4518 2119 4572 vaii—

474 4586 696 4654 thabar,
728 4598 778 4645 et
815 4591 1011 4660 iratus
1043 4598 1120 4644 cst
1149 4589 1250 4644 sed
1300 4586 1415 4644 non
1450 4589 1769 4660 incongrue
1824 4590 2114 4660 interpre-

474 4663 635 4713 tatur
690 4664 742 4715 et
792 4658 1010 4716 distulit
1064 4661 1200 4732 quia
1232 4660 1455 4731 d.'/]crre
1487 4658 1760 4732 idem'est
1793 4660 1943 4727 quod
1985 4658 2117 4732 fdis-

475 4731 682 4803 sipara,
729 4732 1058 4803 discerpere,
1084 4731 1143 4787 et
1177 4732 1512 4803 disturbare.
1544 4731 2119 4802 Hieronymusintel—

476 4801 657 4876 ligerc
689 4801 936 4876 videtur,
971 4804 1120 4876 quod
1160 4801 1921 4876 Deusnondistulerit’iram
1952 4820 2121 4876 suam

1548 194 1608 246 Β.
1648 190 2056 247 HIERONYMI
2094 144 2349 245 DIVI}le
2388 186 2881 244 BIBLIOTHECA.

2173 315 2226 383 Α

3691 200 3798 257 1252

2331 317 2388 369 et
2416 311 2622 385 lingua
2653 328 2761 368 sua
2794 312 3026 368 mentiti
3052 315 3194 369 sunt
3222 313 3297 369 ei.

2256 388 2367 441 COI‘
2396 389 2593 439 autem
2624 400 2826 439 eorum
2863 401 2976 441 non
3011 389 3137 441 erat
3167 386 3396 441 ﬁrmum
3427 404 3546 445 cum
3571 407 3660 450 602

2323 473 2428 512 nec
2461 463 2915 529 permanserunt
2948 457 3005 511 in
3036 462 3209 529 pacto
3240 457 3383 528 ejus.

2249 525 2380 600 Ipse
2410 525 2542 600 vero
2574 527 2911 600 misericors

2321 599 2735 674 prepitiabitur
2762 598 3083 674 iniquitati,
3115 604 3173 655 et
3202 617 3318 656 non
3342 600 3670 674 disperdet':

2248 670 2618 742 uultumque
2650 672 2856 742 avertit
2886 672 3031 726 iram
3064 688 3258 737 suam,

2316 748 2377 799 et
2409 741 2530 797 non
2556 741 2866 797 suscitavnt
2895 749 3088 799 totum
3115 745 3369 799 furorem
3403 761 3582 804 suum.

2390 813 2462 868 Et
2490 816 2830 869 recordatus
2853 814 2899 849 ¹⁰
2928 817 3017 869 est
3048 816 3189 884 quia
3219 831 3351 870 caro
3381 823 3596 875 essent:

2319 886 2568 955 spiritus
2601 885 2816 941 vadens
2848 889 2906 939 et
2930 902 3045 940 non
3073 892 3383 943 revertens.

2248 957 2484 1022 Quoties
2518 962 2973 1026 provocaverunt
3002 973 3137 1012 eum
3167 957 3228 1012 in
3257 959 3510 1015 deserto:

2318 1027 2654 1083 afflixerunt
2682 1045 2817 1083 eum
2842 1028 2900 1082 in
2932 1027 3250 1084 solitudine
3276 1046 3289 1084 :

2248 1099 2315 1154 Et
2338 1098 2603 1154 conversi
2634 1107 2793 1173 sunt,
2825 1106 2884 1173 et
2912 1104 3286 1173 tentaverunt
3320 1101 3516 1173 Deum,

2316 1175 2374 1225 et
2406 1176 2677 1226 sanctum
2711 1170 2889 1226 Israel
2921 1172 3377 1241 concitaverunt,

2245 1241 2374 1315 Non
2405 1248 2547 1315 sunt
2577 1242 2861 1315 recordati
2884 1258 3097 1298 manus
3123 1244 3254 1315 ejus

2317 1312 2410 1368 die
2441 1314 2719 1385 (Atsdiei)
2752 1330 2872 1385 qua
2902 1312 3278 1370 redemit'eos
3309 1314 3379 1371 de
3407 1313 3698 1372 tribulante.

2246 1385 2354 1450 Qui
2388 1385 2522 1439 fecit
2550 1383 2630 1439 (b.
2662 1383 2882 1456 posuit)
2911 1385 2968 1440 in
2994 1387 3245 1458 A/Egypto
3278 1386 3440 1455 signa
3470 1403 3583 1457 sua,

2317 1459 2374 1529 et
2397 1461 2634 1529 ostenta
2657 1474 2766 1529 sua
2795 1457 2853 1511 in
2887 1456 3125 1529 regione
3145 1456 3393 1529 "I‘aneos.

2245 1527 2354 1591 Qui
2382 1527 2668 1582 convertit
2699 1527 2759 1583 in
2789 1527 3140 1600 sanguinem
3179 1527 3386 1585 fluvios
3416 1544 3599 1586 eorum
3619 1532 3674 1600 υ,

2315 1602 2373 1654 et
2405 1600 2557 1655 rivos
2587 1615 2812 1667 eorum,
2851 1609 2914 1654 ut
2939 1616 3054 1655 non
3090 1600 3379 1656 biberent.

2168 1687 2217 1754 Β
2247 1670 2355 1736 Qui
2380 1669 2629 1754 immisit
2648 1670 2709 1725 in
2732 1687 2831 1727 eos
2853 1674 3805 1744 omnegenusmuscarum,utcome—

2389 1742 2596 1797 derent
2626 1758 2747 1814 eos,

2307 1816 2365 1885 et
2396 1829 2590 1885 ranas,
2628 1818 2693 1868 ut
2730 1813 3155 1885 'disperderent
3176 1829 3297 1870 eos.

2238 1884 2349 1950 Qui
2382 1884 2541 1940 dedit
2570 1885 2815 1941 brachio
2836 1884 3072 1956 germen
3104 1901 3332 1952 eorum,

2310 1959 2368 2010 et
2394 1956 2652 2012 laborem
2676 1972 2878 2012 eorum
2910 1957 3169 2013 locustae.

2238 2028 2347 2092 Qui
2379 2028 2593 2083 occidit
2620 2027 2679 2082 in
2712 2028 2998 2100 grandine
3027 2028 3226 2083 vineas
3255 2044 3481 2096 eorum,

2308 2102 2365 2172 et
2394 2099 2738 2172 sycﬁomoros’
2760 2116 2963 2155 eorum
2996 2100 3055 2155 in
3089 2099 3317 2169 frigore.

2235 2169 2344 2234 Qui
2376 2169 2620 2244 tradidit
2646 2171 2915 2244 grandini
2947 2186 3167 2244 pascua
3196 2187 3423 2244 eorum,

2307 2245 2365 2296 et
2392 2242 2673 2313 jumenta‘
2689 2258 2888 2298 eorum
2920 2242 3256 2298 volucribus
3286 2242 3371 2313 (b.
3407 2242 3668 2309 diabolis).

2237 2313 2348 2379 Qui
2379 2313 2543 2369 misit
2574 2316 2629 2368 in
2665 2330 2762 2369 eos
2794 2315 2941 2369 iram
2979 2314 3192 2369 furoris
3222 2318 3313 2369 sui
3343 2332 3357 2369 :

2307 2385 2797 2457 indignationem,
2813 2385 3421 2457 etcomminationem,
3434 2381 3806 2457 etangustiam:

2311 2456 2742 2530 immissionem
2769 2456 3110 2530 angelorum
3126 2457 3421 2513 malorum
3441 2473 3456 2512 :

2234 2527 2484 2584 Munivit
2510 2529 2555 2564 ¹²
2586 2527 2875 2584 εθιηὶῐειαὶ
2892 2528 3074 2583 furori
3109 2545 3241 2592 suo,

2306 2616 2421 2655 non
2457 2601 2710 2672 pepercit
2732 2617 2765 2655 a
2792 2606 2976 2656 morte
3007 2601 3215 2656 animae
3245 2615 3450 2658 eorum
3475 2618 3488 2656 :

2305 2676 2365 2726 et
2395 2671 2627 2744 animan
2641 2671 2717 2726 tia
2747 2688 2947 2727 eorum
2982 2673 3129 2744 pesti
3160 2672 3425 2728 tradidit.

2237 2742 2305 2796 Et
2330 2743 2621 2816 percussit
2650 2759 2823 2799 omne
2853 2742 3314 2816 primogenitum
3350 2745 3410 2816 in
3437 2743 3690 2816 Egypto;

2307 2810 2660 2885 principium
2679 2810 2880 2887 partus
2901 2817 2957 2885 (b
2976 2810 3278 2887 doloris)in
3294 2810 3812 2870 tabernaculisCham

2234 2885 2306 2940 Et
2334 2887 2472 2958 tulit
2502 2887 2658 2941 velut
2681 2885 2824 2941 'oves
2849 2887 3129 2958 populum
3164 2885 3365 2951 suum,

2307 2962 2363 3012 et
2385 2957 2629 3031 minavit
2660 2974 2758 3013 eos
2789 2957 2943 3014 sicut
2965 2974 3199 3031 gregem
3230 2959 3292 3031 in
3327 2958 3568 3031 deserto.

2152 3056 2196 3124 ο
2235 3027 2574 3112 Etedduxit
2602 3046 2708 3124 eos
2732 3046 2863 3084 cum
2899 3027 3111 3089 ﬁd'ucia
3144 3034 3201 3084 et
3222 3030 3448 3124 absque
3477 3029 3700 3084 timore:

2307 3099 2580 3173 inimicos
2612 3105 2807 3156 autem
2841 3117 3041 3157 eorum
3076 3102 3307 3173 aperuit
3339 3099 3514 3156 mare.

2233 3172 2302 3224 Et
2348 3172 2549 3227 aduxit
2596 3189 2695 3228 eos
2729 3173 2798 3227 ad
2858 3174 3174 3228 terminum
3209 3173 3631 3228 sanctiﬁcatum
3660 3180 3813 3230 suum,

2306 3248 2567 3317 montem
2608 3245 2827 3317 istum,
2860 3261 3033 3316 quem
3096 3245 3365 3317 possedit
3396 3245 3616 3300 dextera
3640 3241 3747 3312 ejus
3767 3235 3814 3288 l’.

2232 3311 2302 3367 Et
2333 3315 2505 3399 ejeeit
2535 3315 2743 3399 a‘facie
2772 3311 2978 3399 eorum
3003 3311 3229 3399 gentes:

2303 3384 2692 3457 et’possidere
2722 3403 2821 3443 eos
2853 3388 2987 3443 fecit
3006 3384 3070 3443 in
3101 3387 3363 3442 funiculo
3392 3384 3764 3457 hereditatem.

2304 3463 2358 3512 el
2388 3446 2693 3513 collocavit
2722 3458 2778 3515 in
2803 3459 3199 3515 tabernaculis
3230 3474 3436 3514 eorum
3466 3456 3645 3513 tribus
3664 3446 3816 3509 Israel.

2230 3530 2304 3583 Et
2329 3534 2720 3599 tentaverunt,
2754 3535 2809 3585 et
2841 3535 3300 3601 provocaverunt
3331 3531 3512 3586 Deum
3543 3525 3816 3584 excelsum:

2304 3607 2357 3655 et
2390 3602 2728 3674 testimonia
2759 3602 2887 3674 ejus
2919 3619 3034 3659 non
3067 3601 3491 3658 custodierunt.

2231 3668 2303 3724 Et
2359 3673 2574 3746 reversi
2606 3678 2745 3728 sunt
2774 3668 2832 3746 et
2863 3674 3223 3746 prmvaricati
3271 3677 3416 3746 sunt
3445 3675 3509 3727 ut
3529 3671 3731 3746 __patres
3749 3677 3818 3719 eo-

2304 3759 2470 3798 rum:
2504 3744 2790 3800 incurvati
2824 3741 2964 3801 sunt
2991 3746 3160 3818 quasi
3188 3761 3364 3801 arcus
3396 3741 3635 3799 inutilis.

2233 3941 2291 3995 in
2315 3939 2596 3997 Vaticano
2620 3942 2820 4019 codice
2840 3960 2868 4019 _:_
2885 3943 3138 4000 Nondum
3164 3943 3521 4019 expleverunt
3541 3935 3820 4019 deiidfrium

2229 4027 2414 4089 ἔκβητ’·
2447 4029 2569 4067 cum
2601 4015 2779 4089 adhuc
2797 4016 2950 4089 cibus
2977 4031 3165 4089 earum
3193 4009 3591 4089 idoneorum.
3612 4009 3821 4089 Priorem

2230 4083 2652 4157 igitnrversum
2670 4086 2729 4140 in
2746 4086 3292 4157 soboliomarginuli
3314 4080 3824 4157 reliquitexscripmf

2232 4151 2492 4228 Canonis
2531 4156 3037 4220 Carcassonensis,
3070 4151 3459 4228 posteriorem
3484 4169 3612 4210 vero
3634 4151 3684 4204 in
3718 4162 3823 4228 con-

2232 4232 2455 4282 textum
2480 4227 2717 4282 invexit.
2741 4229 2936 4283 Canon
2963 4224 3536 4284 Sun-Germanensis
3554 4240 3676 4280 cum
3694 4224 3826 4275 caste-

2230 4298 2312 4353 ris
2346 4314 2485 4371 mss.
2523 4299 2845 4366 codicibus,
2879 4300 3059 4371 Regio
3092 4298 3340 4365 scilicet,
3371 4290 3824 4371 Corbeiensi,Car:

2231 4370 2577 4443 nutensi,et
2628 4366 3222 4443 Sorbonieofpuram
3278 4370 3492 4443 retinet
3544 4366 3826 4443 Hieronymi

2228 4434 2537 4495 lectionem
2599 4456 2770 4508 quam
2808 4434 3127 4508 edidimus,
3163 4451 3218 4498 et
3250 4458 3387 4498 cum
3418 4442 3512 4497 bis
3566 4434 3830 4493 concordat

2222 4512 2637 4570 Memmianus.
2670 4513 2858 4568 MART.

2297 4584 2319 4618 9
2343 4584 2589 4638 Videtur
2617 4583 2677 4641 S.
2710 4585 2880 4640 Pater
2908 4583 3006 4640 hic
3050 4600 3137 4641 eos
3168 4599 3493 4657 pronomen
3531 4576 3831 4694 addidisset";

2297 4672 2311 4694 I.
2343 4654 2497 4694 anim
2531 4656 2768 4694 annim
2801 4672 2864 4694 nn
2898 4656 3466 4694 anfnlmnnennndo}
3489 4671 3502 4683 ο
3531 4654 3705 4694 "iniu
3721 4661 3778 4694 nu

2227 4655 2311 4710 sic
2343 4654 2503 4728 enim
2531 4656 2768 4710 Sunnim
2800 4672 2864 4710 ac
2898 4656 3138 4712 Fretelae
3157 4649 3502 4728 respondet:
3530 4649 3705 4728 Dicitis
3721 4661 3778 4717 qu

2229 4741 2352 4789 eos,
2386 4726 2445 4781 in
2479 4726 2666 4783 Graeco
2716 4743 2831 4783 non
2861 4711 3270 4791 habentouod
3299 4736 3352 4783 et
3407 4740 3592 4782 verum
3618 4711 3740 4779 est.“
3761 4711 3830 4769 εεά

2230 4814 2349 4863 nos,
2382 4815 2453 4851 ne
2508 4801 2784 4854 senten'ia
2830 4799 3087 4869 pendeat,
3129 4799 3388 4854 Latinum
3439 4801 3835 4869 urinavel?!“

474 4861 576 4929 scd
610 4874 815 4929 audita
859 4861 1058 4946 populi
1105 4874 1326 4929 Hebraei
1385 4874 1869 4942 murmuratione,
1917 4875 2119 4931 statim
2226 4861 2570 4946 p"0pri_efate
2625 4861 3045 4946 compléyimw.
3076 4861 3362 4946 'Nisi_de
3395 4868 3515 4946 sola
3560 4864 3643 4946 ibi
3685 4861 3832 4916 inter-

472 4961 677 5018 ptenas
711 4946 1031 5002 incredulis
1062 4952 1119 5002 et
1148 4948 1350 5018 plagas
1380 4946 1674 5001 inﬂixerit.
1711 4947 1896 5003 MART.

543 5035 564 5069 ι
593 5034 772 5109 Tacet
830 5035 888 5091 in
923 5035 1137 5092 nostris
1189 5052 1334 5109 mss.
1371 5034 1433 5093 in
1461 5035 1685 5092 vocula.
1734 5034 1910 5091 Paulo
1969 5038 2122 5109 post,

474 5108 744 5180 praecepit
774 5123 877 5180 pro
908 5109 1166 5179 praeripit
1196 5106 1429 5180 legitur.

547 5177 569 5212 ⁸
604 5177 785 5234 Unus
811 5179 1044 5249 Reginae
1080 5177 1182 5233 nis
1213 5220 1226 5242 ,
1258 5177 1388 5233 inm:
1428 5177 1604 5233 habet
1630 5194 1733 5250 pro
1782 5195 1991 5234 manna
2034 5177 2124 5232 ni-

474 5248 690 5304 mirum
727 5256 790 5305 ut
819 5248 1172 5308 Hebraicum
1203 5259 1262 5327 et
1292 5267 1503 5305 nomen
1529 5261 1627 5339 pa.

541 5346 563 5381 °
594 5335 968 5404 Cisterciens.
1004 5364 1116 5403 ms.
1152 5350 1214 5403 in
1262 5347 1472 5405 virtute
1528 5335 1631 5419 pro
1684 5346 2018 5418 fmiitudine
2071 5352 2130 5407 et

478 5431 614 5472 mox
648 5434 842 5475 carnes
877 5420 1133 5492 plurium
1166 5437 1431 5475 numero.

545 5506 567 5539 "
602 5508 869 5562 Pressius
918 5507 1212 5563 Hebraicre
1249 5508 1445 5579 pbrasi
1478 5506 1661 5563 nostri
1716 5523 1861 5564 mss.
1912 5510 2127 5565 minori

478 5590 744 5644 numero,
770 5584 1078 5635 castrorum
1107 5582 1247 5650 rjus,
1283 5586 1339 5635 et
1370 5580 1855 5636 tabernaculorum
1883 5582 2001 5652 eius
2040 5580 2127 5638 le-

463 5666 648 5731 gunt.
684 5666 967 5723 Hebraice
996 5672 1086 5723 est
1113 5675 1309 5730 πωπω
1336 5653 1679 5729 muscus“).

548 5729 572 5765 ⁸
599 5731 806 5791 Totum
840 5739 1007 5794 istud
1032 5738 1201 5796 colon
1233 5740 1341 5796 hoc
1361 5743 1530 5797 modo
1561 5739 1813 5813 positum
1837 5739 2128 5800 invenitur

2233 4935 2557 5014 "pre-tutioris
2589 4935 2792 5014 suagcx
2824 4942 3019 4998 Grmco
3050 4942 3346 5014 putandus
3376 4949 3458 4996 est
3495 4935 3666 5009 loqui.

2309 5013 2353 5049 ¹⁰
2385 5015 2444 5068 In
2480 5012 2850 5070 Cisterciens.
2886 5031 3022 5079 ms.,
3052 5012 3144 5069 sed
3172 5016 3525 5077 recordatus,
3554 5014 3657 5064 etc.

2310 5101 2351 5136 ιι
2406 5106 2726 5158 Pronomen
2779 5119 2991 5169 eorum,
3024 5103 3083 5159 in
3114 5100 3483 5161 Cisterciensi
3514 5114 3627 5171 ms,
3672 5091 3827 5171 tam}

2237 5171 2412 5245 paulo
2445 5179 2596 5245 post,
2630 5176 2783 5231 misit
2841 5177 2942 5247 eis,
2975 5163 3079 5248 pro
3110 5179 3206 5249 qui
3236 5173 3471 5230 immisit
3501 5170 3559 5227 in
3589 5163 3689 5236 eos,
3716 5163 3829 5233 legi'

2235 5251 2356 5441 ut“;
2379 5314 2538 5371 Idem
2565 5332 2695 5384 ms.,
2718 5317 2971 5374 semitam
2993 5319 3209 5389 furoris
3232 5316 3331 5385 tui,
3355 5322 3431 5383 et,
3454 5310 3681 5387 pepercit
3697 5300 3830 5361 morti

2238 5401 2269 5441 e
2298 5404 2346 5441 c.
3813 5439 3822 5441 μ

2238 5401 2353 5494 ωῗά
2382 5457 2526 5513 Vide
2557 5474 2684 5530 qua:
2716 5459 2884 5514 nobis
2917 5460 2985 5515 ad
3021 5458 3177 5514 hunc
3206 5458 3398 5515 locum
3438 5456 3498 5512 in
3517 5447 3747 5530 ppi§l°la
3771 5439 3826 5496 ’δ

2234 5530 2515 5585 Sunniam
2568 5525 2623 5586 et
2666 5530 2943 5587 Fretelam
2979 5532 3283 5586 observata
3312 5533 3472 5584 sunt.
3507 5525 3826 5595 Genjerturs.

2237 5618 2411 5672 quam
2445 5603 2515 5656 ad
2542 5602 2937 5673 supplendum
2966 5604 3042 5657 ibi
3068 5602 3125 5657 S.
3151 5601 3331 5655 Patris
3353 5602 3574 5673 textum
3601 5599 3827 5673 ρεοροω·

2237 5664 2371 5729 rhus
2402 5690 2470 5729 ex
2500 5664 2868 5742 bac'v'idetur
2887 5674 3329 5748 intepretatioae
3358 5664 3743 5728 verosimilior.
