4050 6182
315 180 456 236 1253

312 307 383 363 Et
409 302 867 378 provocaverunt
895 314 1043 378 eum
1061 298 1121 355 in
1153 300 1398 378 excelsis
1428 301 1574 378 suis,

385 372 442 433 et
469 379 528 430 in
559 372 932 446 sculptilibus
954 373 1079 428 suis
1102 373 1172 428 ad
1196 374 1745 431 amulandumeum
1767 373 1959 431 conci-

458 453 751 502 taverunt.

314 520 546 578 Audivit
581 521 748 583 Deus,
778 522 981 571 etnon
1013 515 1245 570 distulit
1279 533 1292 570 :

383 598 441 647 et
471 591 714 673 projeeit
744 588 1118 673 vehementer
1148 589 1345 673 Israel.

310 665 382 720 Et
413 660 655 732 reiiquit
684 662 1136 732 tabernaculum
1170 660 1289 732 Silo
1325 676 1340 714 :

381 730 697 789 tentorium
731 732 886 803 quod
920 731 1225 785 collocavit
1254 731 1405 786 inter
1433 730 1723 789 homines.

308 808 380 863 Et
409 806 653 862 tradidit
682 805 741 859 in
775 803 1176 871 captivitatem
1208 803 1476 858 virtutem
1511 819 1681 860 suam
1717 806 1734 839 ¹
1771 820 1785 860 :

379 882 438 934 et
467 879 736 932 decorem
767 890 942 932 suum
976 872 1036 928 in
1070 889 1249 928 manu
1284 874 1492 930 hostis.

308 950 379 1006 Et
403 946 693 1005 conclusit
724 946 781 1001 in
813 944 1008 1018 gladio
1039 944 1323 1016 pupulum
1356 962 1555 1018 suum,

379 1027 437 1076 et
470 1020 528 1075 in
561 1017 963 1074 hereditatem
996 1032 1165 1072 suam
1199 1033 1316 1073 non
1346 1017 1601 1074 distulit.

302 1091 556 1148 Juvenes
585 1093 715 1161 ejus
744 1089 1043 1145 devoravit
1073 1089 1254 1159 ignis,

376 1169 433 1219 et
460 1164 714 1231 virgines
745 1161 874 1231 ejus
907 1175 1080 1215 nemo
1110 1161 1277 1214 luxit.

305 1236 652 1291 Sacerdotes
676 1230 807 1303 ejus
836 1233 895 1286 in
929 1233 1123 1303 gladio
1154 1230 1511 1301 ceciderunt,

376 1313 433 1362 et
462 1307 653 1361 viduae
680 1307 808 1374 ejus
841 1319 952 1358 non
989 1308 1128 1357 sunt
1160 1303 1304 1357 ﬂeta:
1336 1304 1378 1358 ἐ

300 1378 372 1433 Et
400 1377 696 1449 evigilavit
724 1378 896 1447 quasi
927 1375 1222 1449 dormiens
1253 1375 1538 1449 Dominus
1568 1391 1582 1429 :

373 1445 546 1521 quasi
581 1445 757 1521 fortis
779 1453 911 1517 post
940 1445 1239 1514 crapulam
1272 1445 1411 1500 vini.

300 1520 368 1576 Et
400 1520 689 1591 percussit
718 1520 919 1574 hostes
949 1534 1090 1591 suos
1121 1525 1443 1591 retrorsum
1476 1534 1493 1591 γε

372 1588 751 1664 opprobrium
785 1590 1212 1664 sempiternum
1243 1588 1404 1664 dedit
1434 1590 1519 1646 eis
1547 1588 1590 1644 ⁸.

297 1665 367 1720 Et
397 1661 646 1736 proiecit
676 1661 1125 1736 tabernaculum
1158 1661 1396 1736 Joseph,

367 1732 425 1791 et
451 1736 675 1791 tribum
709 1732 1131 1805 Ephraimtnon
1160 1735 1356 1804 elegit.

288 1808 398 1863 Sed
431 1807 607 1879 elegit
636 1803 857 1879 tribum
887 1803 1063 1879 Juda,

364 1874 622 1933 montem
655 1877 794 1931 Sion
826 1888 1000 1947 quem
1033 1874 1257 1930 dilexit.

292 1950 701 2015 Etmdificavit
730 1950 787 2003 in
820 1946 1208 2002 similitudine
1247 1946 1639 2003 monocerotis
1671 1946 1780 2018 (At.
1815 1961 1933 2002 mo-

440 2019 799 2091 noceroton,)
829 2018 1226 2091 sanctuarium
1258 2034 1456 2085 suum,

366 2094 390 2127 δ
416 2095 586 2164 quasi
624 2090 841 2147 terram
872 2090 1138 2146 fundavit
1167 2091 1313 2145 illud
1345 2091 1403 2146 in
1437 2090 1741 2148 sicculum.

292 2165 368 2220 Et
394 2165 569 2237 elegit
599 2164 776 2219 David
806 2178 1250 2237 servumsuum
1272 2179 1302 2237 _:

368 2241 427 2291 et
452 2234 592 2292 tulit
620 2251 755 2291 eum
790 2234 861 2289 de
890 2234 1166 2306 gregibus
1194 2234 1410 2290 ovium.

368 2251 427 2291 et
452 2251 592 2292 tum.
620 2251 755 2291 eum
790 2251 861 2289 ac
888 2251 1166 2360 gregibus
1194 2251 1275 2288 ovi

291 2310 642 2379 Sequentem
674 2311 821 2361 tetas
850 2322 883 2379 a
928 2306 1093 2379 duxit
1117 2322 1275 2379 eum,

369 2377 435 2434 ut
467 2384 729 2451 pasceret
758 2379 814 2432 in
846 2378 1027 2451 Jaeob
1058 2377 1079 2410 ⁵
1109 2377 1388 2450 populum
1420 2377 1568 2449 ejus.

366 2456 424 2505 et
449 2449 507 2505 in
547 2449 720 2506 Israel
754 2449 1146 2505 hereditatem
1180 2451 1330 2519 ejus.

291 2523 413 2605 Qui
436 2525 597 2605 pavit
626 2538 726 2605 eos
756 2522 816 2605 in
848 2521 1227 2605 simplicitate
1257 2520 1574 2605 cordis‘sui

366 2589 502 2650 etin
522 2593 837 2667 prudentia
853 2589 1171 2648 6manuum
1187 2608 1431 2648 suarum
1447 2591 1562 2646 dux
1579 2606 1779 2647 eorum
1805 2589 1935 2647 fuit.

632 2725 925 2765 CANTICUM
964 2707 1054 2777 (h.
1096 2710 1374 2777 psanmus)
1413 2725 1608 2765 ASAPH.

294 2807 644 2881 (LXXXIX.)
675 2813 852 2876 Deus,
883 2812 1173 2863 venerunt
1218 2810 1423 2879 gentes
1451 2806 1512 2862 in
1545 2808 1940 2866 haereditatem

440 2885 625 2946 tuam,

366 2951 703 3024 polluerunt
731 2949 1015 3024 templum
1049 2953 1318 3024 sanctum
1356 2954 1522 3006 tuum
1560 2966 1574 3005 :

366 3022 693 3150 posuerunt
713 3023 1040 3079 Jerusalem
1063 3023 1120 3077 in
1141 3038 1374 3078 acervos
1394 3022 1940 3096 (At.accervis)lapi-

484 3112 604 3150 um.

484 3112 604 3150 ΗΠΒ

293 3167 594 3224 Dederunt
620 3166 900 3221 cadavera
933 3180 1230 3219 servorum
1256 3170 1494 3219 tuorum

367 3254 561 3293 escam
598 3238 703 3310 (At.
737 3238 924 3307 escas)
954 3236 1292 3310 volatilibus
1324 3237 1450 3291 cceli
1484 3253 1498 3310 ς

366 3325 575 3366 carnes
607 3307 961 3364 sanctorum
1016 3310 1099 3380 (h.
1166 3307 1660 3381 misericordium)
1708 3311 1943 3364 tuorum

447 3382 651 3437 bestiis
683 3387 869 3435 terras.

291 3452 641 3509 Effuderunt
670 3453 1017 3523 sanguinem
1048 3464 1249 3523 eorum

364 3524 537 3595 quasi
568 3521 873 3593 aquam'in
906 3522 1152 3577 circuitu
1187 3521 1541 3589 Jerusalem,

372 3602 431 3652 et
461 3611 573 3650 non
609 3603 733 3650 erat
763 3595 861 3666 qui
897 3595 1193 3664 sepeliret.

288 3668 448 3723 Facti
476 3683 686 3722 sumus
726 3664 1118 3739 opprobrium
1138 3664 1344 3739 vicinis
1372 3664 1595 3739 nostris
1627 3681 1643 3739 _:

359 3735 1074 3795 subsannatio'etderisio
1106 3735 1201 3791 his
1233 3736 1333 3808 qui
1368 3736 1427 3790 in
1460 3736 1709 3792 circuitu
1744 3740 1946 3794 nostro

441 3816 602 3865 sunt.

292 3880 629 3952 Usquequo,
667 3878 1235 3952 Domine,iras_ceris
1265 3878 1324 3933 in
1357 3877 1531 3935 ﬁnem
1564 3894 1577 3934 :

368 3950 595 4009 ardebit
628 3952 795 4023 quasi
830 3951 984 4024 ignis
1014 3950 1172 4005 zelus
1204 3956 1364 4016 tuus,

290 4023 543 4081 Eli‘unde
586 4026 840 4079 furorem
892 4029 1063 4078 tuum
1096 4038 1275 4094 super
1314 4024 1516 4093 gentes
1549 4037 1678 4094 quas
1711 4037 1825 4078 non
1845 4037 1943 4078 co-

442 4101 774 4170 gnoverunt
804 4099 883 4163 te,

370 4313 385 4347 ¹
421 4310 617 4366 Nostri
651 4326 795 4367 mss.
827 4309 1063 4382 gloriam
1086 4324 1255 4382 suam
1281 4323 1386 4382 pro
1412 4306 1689 4382 virtutem,
1724 4312 1833 4364 etc.

364 4383 388 4417 ²
417 4386 678 4448 Quatuor
706 4378 903 4445 msss.,
935 4380 1177 4436 scholiis
1208 4378 1413 4446 vitiati,
1448 4384 1511 4435 Et
1542 4378 1727 4437 viduae
1754 4396 1943 4437 eorum

287 4452 383 4510 vel
418 4455 567 4522 ejus,
598 4471 711 4509 non
742 4455 1122 4526 ploraverunt.
1152 4456 1338 4507 MART.

364 4527 387 4561 ³
419 4526 652 4597 tteginaa
681 4523 849 4589 mss.,
881 4524 1029 4580 dedit
1068 4538 1289 4597 eosrpro
1319 4523 1418 4576 eis.

362 4598 386 4631 ‘
417 4593 670 4668 Pretium
703 4597 797 4651 hic
829 4611 1060 4668 quoque
1090 4593 1416 4668 eritoperze
1446 4595 1502 4646 S.
1531 4593 1830 4668 Doctorem
1866 4595 1936 4668 de

286 4668 472 4737 hujus
505 4667 613 4723 loci
645 4666 1127 4740 interpretatione
1165 4666 1643 4740 disserentem_in
1676 4668 1833 4736 epist.
1855 4666 1937 4740 ad

282 4736 568 4795 Suniziam
595 4744 646 4795 et
677 4736 943 4796 Fretelcm
974 4740 1199 4805 audire,
1252 4753 1385 4791 cum
1434 4736 1577 4790 nihil
1623 4741 1819 4792 tamen
1853 4736 1932 4792 ibi

291 4813 366 4867 de
398 4812 662 4867 versione
688 4828 797 4867 sua
827 4812 945 4866 ista
975 4827 1038 4865 ex
1074 4809 1355 4864 llebraico
1387 4808 1562 4862 dicat.

361 4883 384 4917 ⁸
412 4883 552 4966 Tres
584 4898 752 4965 mss.,
780 4885 1025 4954 pasceret
1052 4882 1285 4937 Iacob...
1331 4882 1382 4935 et
1414 4879 1599 4946 Israel,
1631 4878 1852 4950 absque
1877 4880 1934 4934 in

288 4966 733 5027 praepositione.

358 5026 382 5060 ⁸
412 5025 693 5081 Observat
718 5030 776 5081 Β.
813 5026 1213 5096 Hieronymus
1258 5021 1318 5096 in
1380 5021 1568 5096 Epist._
1601 5020 1672 5075 ad
1702 5020 1938 5077 Sumne!

285 5097 488 5152 Frclel.
517 5113 630 5152 non
664 5097 862 5152 haberi
896 5090 1053 5167 apud
1086 5094 1237 5161 LXX,
1271 5091 1321 5146 ἐν
1353 5095 1420 5167 τῇ
1455 5090 1656 5145 συνέσει
1692 5108 1936 5147 numero

283 5168 605 5240 singulari,
647 5172 712 5222 ut
754 5167 838 5240 illi
891 5162 1200 5240 putabant,
1251 5166 1348 5220 sed
1396 5162 1454 5240 ζέξι
1494 5167 1613 5226 ταῖς
1642 5183 1937 5240 ᾳυνεσξσιγ,

284 5236 448 5312 quod
481 5238 876 5311 intelligentia:
895 5236 1098 5293 sonat.
1142 5237 1358 5312 Verum
1396 5236 1449 5312 id
1482 5236 1937 5312 esseirnprimis

280 5307 970 5382 exploratum'habemus
997 5326 1026 5365 e
1048 5308 1450 5382 ms.Psalter:io
1480 5307 1937 5382 tripliciSorbof

286 5378 778 5449 nieo,ubilitteris
802 5382 1021 5436 Latinis
1043 5385 1348 5436 contextus
1363 5378 1595 5433 Graecus
1621 5379 1801 5447 hujus
1829 5378 1937 5433 loci

285 5455 377 5510 sic
394 5470 710 5526 expressus
731 5458 848 5526 est:
900 5454 1040 5510 Keen
1083 5457 1162 5507 trs
1177 5453 1463 5526 synesesin
1487 5458 1578 5505 ton
1598 5449 1789 5526 chiron
1814 5453 1937 5526 altu

280 5520 535 5595 οάίρίςέπ
567 5524 887 5595 αῘίυκνῂοο
930 5530 1039 5591 est,
1092 5520 1275 5595 Ακαὶίέν
1328 5525 1448 5582 ταῖς
1502 5520 1770 5574 συνέσεσιν
1827 5522 1934 5572 τῶν

282 5592 502 5672 χξῲὧγ
539 5592 703 5649 αὖτοῦ
734 5593 1017 5672 ὡδήγῃσξν
1048 5592 1265 5654 αὐτούς.
1302 5595 1363 5648 In
1416 5595 1657 5672 Hebraeo
1706 5607 1940 5672 quoque

282 5663 540 5738 pluralis
572 5663 1143 5723 numerus'habetur
1170 5674 1422 5725 nmen:
1454 5663 1941 5736 bathbunoth,_sive

282 5737 641 5810 btthbunoth,
673 5740 829 5813 quod
882 5744 974 5797 est
1002 5755 1064 5795 in
1111 5737 1501 5793 intellectibus.
1550 5739 1943 5808 Hieronymus

1652 180 1867 235 LIBER
1903 178 2365 237 PSALMORUM.

1987 310 2043 375 Α
2144 307 2202 359 et
2232 318 2411 375 super
2439 319 2619 377 regna
2649 322 2776 379 quis
2810 323 3020 367 nomen
3066 315 3234 372 tuum
3265 332 3381 374 non
3411 316 3720 376 invocave-

3582 195 3719 251 1254

2070 445 2214 509 Quia
2240 442 2619 504 comederunt
2648 452 2848 517 Jacob,

2139 525 2194 572 et
2221 519 2485 574 decorem
2518 524 2647 589 ejus
2679 524 3113 584 desolaverunt.

2068 588 2151 647 Ne
2180 592 2503 663 recorderis
2534 588 2909 663 iniquitatem
2943 605 3281 655 nostrarum
3313 604 3573 658 veterum
3611 621 3623 659 :

2140 661 2258 742 cito
2288 662 2381 748 (b.
2405 661 2649 748 festina)
2671 674 2959 748 occupent
2989 687 3096 748 nos
3129 673 3548 731 misericordias
3577 683 3713 748 tuas,

2139 739 2273 800 quia
2306 739 2590 790 attenuati
2625 752 2836 793 sumus
2870 740 3068 798 nimis.

2063 804 2361 859 Auxiliare
2395 807 2584 871 nobis,
2621 807 2773 863 Deus
2801 809 2974 866 Jesus
3008 818 3211 869 noster
3244 815 3265 850 "
3299 834 3315 869 :

2136 882 2373 947 propter
2397 878 2641 949 gloriam
2674 882 2931 937 nominis
2964 886 3048 938 tui
3082 886 3188 956 (At.
3243 886 3383 944 add.
3417 889 3500 960 et)
3528 888 3715 947 libera

2210 962 2364 1001 nos:

2135 1024 2193 1072 et
2207 1019 2520 1098 propitiare
2537 1022 2789 1090 peccatis
2805 1026 3021 1098 nostris
3036 1032 3272 1098 propter
3287 1046 3499 1086 nomen
3518 1036 3709 1090 tuum.

2063 1088 2251 1153 Quare
2278 1088 2473 1163 dicent
2498 1094 2519 1125 ⁸
2544 1088 2753 1163 gentes
2784 1095 2881 1150 ubi
2912 1101 3001 1152 est
3036 1088 3192 1154 Deus
3222 1115 3419 1156 eorum
3442 1102 3470 1156 ?

2134 1165 2271 1243 nota
2301 1161 2404 1216 ﬂat
2436 1161 2801 1243 ingentibus
2833 1172 2967 1223 ante
2998 1170 3199 1226 oculos
3232 1179 3467 1229 nostros

2132 1230 2607 1312 uitiosanguiriis
2637 1251 2935 1312 servorum
2967 1243 3197 1295 tuorum
3223 1243 3320 1312 qni
3349 1243 3576 1302 effusus
3593 1251 3706 1303 est.

2059 1305 2440 1386 Ingrediatur
2465 1322 2675 1386 coram
2693 1312 2749 1362 te
2781 1311 3037 1386 gemitus
3067 1305 3397 1370 vinctorum

2129 1378 2631 1446 intmagnitudine
2664 1378 2884 1434 brachii
2920 1382 3045 1439 tui:

2129 1444 2397 1517 relinque
2429 1448 2579 1504 filios
2613 1451 2909 1505 interitus.

2057 1516 2124 1571 Et
2154 1516 2333 1595 redde
2362 1520 2569 1595 vicinis
2601 1523 2817 1576 nostris
2847 1524 3187 1595 septuplum
3218 1526 3276 1582 in
3311 1528 3444 1584 sinu
3478 1546 3703 1587 eorum:

2126 1588 2505 1716 oprpiriqitgrium
2539 1608 2713 1648 suum
2747 1588 3434 1667 quod‘exp'robraverunt
3465 1602 3702 1673 tibi,Do-

2052 1729 2170 1785 Nos
2198 1732 2354 1812 enim
2382 1734 2833 1812 populustuus,
2866 1742 2923 1791 et
2948 1753 3083 1812 oves
3116 1756 3347 1812 pascuis
3373 1743 3395 1777 θ
3430 1746 3542 1799 tua:
3577 1761 3590 1801 :

2123 1805 2537 1859 conﬁtebimur
2566 1805 2668 1861 tib‘
2704 1810 2758 1861 in
2793 1809 3075 1864 saeculum
3111 1805 3126 1866 Ξ

2122 1872 2182 1928 in
2213 1877 2586 1948 generatione
2617 1882 2676 1931 et
2705 1883 3083 1948 generatione

2124 1947 2498 2003 narrabimus
2530 1948 2761 2005 laudem
2794 1956 2976 2009 tuam.

2052 2112 2271 2153 VICTORI
2312 2114 2423 2154 PRO
2462 2114 2627 2154 Ltuts
2670 2115 3064 2225 l't'hESTtMONlUM
3108 2105 3151 2140 ¹⁰
3196 2121 3376 2161 ΑεΑΡΗ
3416 2123 3698 2166 CANTICUM

2212 2224 2223 2225 ,
2672 2212 2680 2225 .
2737 2214 2749 2225 .
2782 2179 3086 2225 psanmus).

2672 2179 2749 2237 (b.
2782 2179 3086 2244 psawus).

2055 2302 2322 2382 (LXXX._)
2367 2302 2710 2382 Qui__pascis
2740 2305 2936 2382 Israel,
2971 2307 3238 2366 ausculta
3265 2310 3347 2382 (h.
3383 2312 3588 2370 Pastor
3618 2316 3699 2371 Is-

2197 2376 2339 2449 rael,
2373 2374 2617 2449 auribus
2648 2379 2921 2449 percipe),

2125 2448 2226 2527 qui
2257 2447 2424 2527 ducis
2452 2449 2618 2517 quasi
2651 2447 2999 2527 gregemth.
3029 2454 3185 2521 oves)
3215 2453 3433 2527 Joseph
3467 2471 3481 2510 :

2127 2520 2428 2590 quisedes
2457 2534 2634 2590 super
2664 2520 2999 2589 Cherubim,
3034 2520 3355 2581 Ostendere.

2052 2593 2207 2646 Ante
2237 2589 2511 2658 Ephraim
2538 2589 2598 2644 et
2632 2592 2937 2660 Benjamin
2970 2600 3027 2648 et
3059 2595 3333 2652 Manasse

2127 2662 2350 2715 suscita
2382 2661 2782 2717 fortitudinem
2817 2668 3003 2730 tuam,

2125 2736 2185 2787 et
2209 2733 2358 2796 veni,
2396 2738 2458 2786 ut
2486 2733 2675 2787 salvos
2707 2736 2883 2789 facias
2916 2751 3042 2790 nos.

2124 2806 2184 2858 et
2211 2805 2452 2857 ostende
2483 2802 2687 2857 laciem
2720 2809 2904 2874 tuam,
2938 2813 2994 2861 et
3019 2807 3165 2863 salvi
3197 2809 3421 2864 erimus
3463 2825 3477 2864 :

2052 2874 2297 2931 Domine
2328 2874 2483 2928 Deus
2514 2875 2895 2938 exercituum.

2128 2946 2725 3021 usquequottumabis‘
2747 2947 3170 3021 adtorationem
3207 2950 3407 3021 populi
3438 2951 3573 3006 tui?

2055 3016 2274 3072 Cibasti
2309 3033 2407 3071 eos
2440 3019 2483 3052 “
2518 3034 2665 3087 pane
2696 3018 2894 3086 ﬂebili,

2123 3095 2179 3144 et
2211 3090 2421 3162 potasti
2452 3105 2552 3143 eos
2578 3091 2636 3143 in
2668 3088 2943 3162 lacrymis
2973 3089 3302 3161 tripliciter.

2052 3160 2305 3239 Posuisti
2336 3176 2443 3239 nos
2491 3160 2929 3239 contentionem
2974 3160 3095 3234 (4t.
3147 3164 3696 3239 contradictionem)

2192 3232 2400 3285 vicinis
2442 3234 2681 3297 nostris,

2125 3308 2184 3358 et
2212 3303 2436 3357 inimici
2468 3304 2651 3358 nostri
2684 3303 3199 3361 subsannaverunt
3231 3323 3360 3363 nos.

2052 3374 2209 3431 Deus
2235 3375 2621 3438 exercituum,
2649 3382 2917 3429 converte
2950 3393 3079 3443 nos,

2124 3454 2181 3502 et
2210 3446 2452 3501 ostende
2481 3445 2564 3518 (h.
2595 3445 2850 3519 illustra)
2885 3448 3090 3504 faciem
3122 3453 3385 3518 tuam,et
3415 3449 3558 3506 salvi
3580 3451 3697 3507 eri-

2197 3534 2348 3573 IDU$

2052 3589 2295 3644 Vineam
2329 3590 2401 3643 de
2431 3593 2673 3661 Egypto
2704 3588 2888 3645 tulisti
2924 3605 2937 3644 :

2124 3662 2345 3729 ejecisti
2374 3668 2596 3731 gentes,
2632 3667 2691 3714 et
2723 3661 3001 3730 plantasti
3034 3678 3184 3717 eam.

2054 3731 2397 3804 Prteparasti
2431 3737 2567 3804 ante
2598 3732 2802 3786 faciem
2835 3734 2985 3801 ejus,

2123 3809 2180 3857 et
2210 3803 2486 3857 stabilisti
2519 3804 2747 3856 radices
2778 3804 2926 3870 ejus,
2960 3808 3017 3856 et
3048 3803 3310 3872 implevit
3341 3808 3579 3861 terram.

2050 3874 2247 3945 Operti
2281 3878 2678 3949 suntAmontos
2711 3874 2922 3949 umbra
2953 3874 3064 3949 (At.
3090 3875 3231 3949 sub
3259 3876 3492 3948 umbra)
3543 3878 3693 3949 ejus,

2124 3950 2182 4000 et
2211 3946 2353 3999 rami
2388 3944 2491 4005 (At.
2524 3945 2725 4007 ramis}
2759 3943 2919 3998 illius
2948 3944 3105 3999 cedri
3141 3945 3257 4001 Dei.

2051 4017 2339 4090 Expendit
2368 4031 2565 4070 comas
2597 4032 2735 4090 suas
2768 4016 3057 4090 usquead
3102 4032 3284 4085 mare,
3319 4021 3373 4072 et
3405 4034 3593 4090 usque
3622 4020 3696 4075 ad

2197 4087 2413 4143 ﬂumen
2446 4088 2713 4159 germina
2741 4103 2848 4143 sua
2881 4087 2985 4160 (At.
3013 4088 3180 4160 ejus).

2052 4307 2273 4377 tamen,
2307 4300 2579 4377 Aquilam
2611 4306 2870 4377 secutus,
2906 4301 3006 4377 qui
3036 4300 3177 4371 legit
3205 4298 3294 4353 καὶ
3325 4301 3379 4354 ἒν
3408 4303 3695 4377 φρονήσει,

2054 4375 2149 4431 hic
2182 4390 2288 4429 suo
2319 4374 2599 4429 Psalterio
2634 4375 2913 4429 Hebraico
2963 4374 3383 4444 interpretatur
3422 4374 3502 4428 'in
3552 4392 3690 4445 pru-

1972 4427 2022 4491 ί)
2052 4448 2259 4514 dentia,
2293 4462 2532 4500 sensum
2573 4446 2908 4517 Scriptum,
2964 4461 3079 4499 non
3119 4427 3315 4499 'verba
3370 4427 3699 4516 κακοζῆλῶς

2043 4519 2371 4574 attendens.
2406 4522 2589 4571 MART.

2109 4591 2129 4624 "
2164 4590 2299 4643 Mss.
2329 4595 2604 4659 quatuor,
2644 4588 2782 4641 Deus
2813 4586 3063 4659 Salvator
3092 4595 3295 4659 noster.
3330 4586 3525 4649 Canon
3553 4590 3696 4643 Sim-

2042 4664 2318 4716 German.
2350 4658 2407 4714 et
2439 4659 2675 4713 Memm.
2711 4659 2862 4713 hanc
2892 4658 3114 4712 habent
3153 4658 3459 4714 lectionem
3498 4678 3509 4715 :
3537 4662 3691 4716 Iesus

2042 4733 2291 4788 Salvator
2312 4738 2533 4786 noster:
2560 4731 2624 4784 Et
2643 4746 2855 4798 conseq
2870 4735 3074 4783 uenter
3098 4730 3336 4784 seholon
3368 4734 3691 4795 marginale

2041 4804 2099 4858 in
2132 4810 2287 4857 textu
2322 4803 2571 4857 retinent
2602 4801 2710 4855 hoc
2746 4801 2869 4855 loco
2904 4799 3687 4873 mss.Carcass.,Angustin.,

2042 4876 2280 5003 gurdig.
2314 4880 2371 4929 et
2401 4874 2457 4927 S.
2490 4873 2689 4939 Mich.,
2743 4876 2964 4943 propter
3022 4872 3246 4928 verbum
3303 4872 3520 4942 glori‘ze,
3580 4877 3689 4929 etc.

2102 4963 2234 5001 nar.

2102 4963 2234 5001 ΛΒΤ.

2112 5017 2134 5051 ⁸
2166 5018 2227 5072 In
2262 5014 2510 5071 instanti
2564 5013 2752 5069 nostri
2787 5014 3001 5069 habent
3037 5031 3207 5081 mss.,
3256 5032 3425 5088 quare
3480 5014 3693 5083 dicunt,

2041 5093 2150 5145 etc.

2112 5162 2134 5195 ⁹
2166 5160 2323 5214 Idem
2356 5173 2525 5223 mss.,
2556 5164 2607 5212 et
2636 5173 2778 5225 grex
2804 5171 3050 5228 pascuae,
3083 5161 3217 5223 ete.,
3249 5162 3372 5211 tum
3408 5156 3467 5210 in
3489 5158 3689 5225 sempi-

2043 5242 2260 5288 ternum
2292 5246 2392 5301 pro
2425 5230 2485 5283 in
2502 5230 2762 5284 secutum
2795 5244 2809 5284 :
2844 5228 3097 5300 denique
3128 5228 3482 5283 laudabimus
3502 5228 3693 5282 laudes

2042 5308 2182 5359 tuas.

2118 5375 2160 5411 ³ο
2190 5371 2417 5439 Reginae
2450 5387 2562 5426 ms.
2595 5387 2691 5441 pro
2734 5371 2877 5428 (iliis
2908 5368 3207 5426 testimonii
3254 5388 3272 5424 :
3322 5372 3485 5424 taceo
3536 5369 3690 5442 quod

2043 5447 2178 5519 ﬁliis
2197 5445 2456 5519 prn_lilz'is
2490 5443 2583 5497 hic
2606 5449 2780 5516 atque
2803 5444 2939 5497 alibi
2970 5442 3281 5496 manifesto
3315 5445 3523 5496 mendo
3544 5459 3689 5497 mss.

2043 5515 2267 5587 aliquot
2299 5515 2521 5587 legunt.

2119 5584 2162 5624 η
2199 5592 2279 5642 ita
2308 5584 2504 5641 Ganon
2524 5584 3005 5639 Carcassonensis
3029 5588 3086 5638 et
3112 5584 3695 5648 ms.Augustinorum

2049 5657 2561 5730 Burdigalensium
2596 5673 2610 5710 :
2646 5655 3069 5730 cmterirlegunt
3099 5654 3431 5730 post_LXX,
3484 5657 3700 5713 Cibasti

2051 5726 2483 5799 nos....'potasti
2510 5743 2628 5799 nos,
2659 5727 2748 5782 vel
2783 5726 3021 5794 Cibabi’s,
3054 5732 3166 5781 etc.
3202 5727 3389 5784 MART.
