4050 6182
422 173 564 229 1255
1459 175 1518 228 8.
1559 173 1968 229 HIERONYMI
2005 170 2263 226 ῡινιΝΑ
2299 170 2792 227 BIBLIOTHECA.

421 300 611 366 Quare
655 297 956 443 dispipasti
1010 297 1319 355 maceriam
1381 297 1462 370 (h.
1524 298 1710 372 sepes)
1769 299 1899 370 ejus
1957 295 2062 371 (Al.
2095 298 2151 367 Α

573 387 742 427 suam
776 410 790 436 ,

573 387 790 436 suam),

496 447 554 500 et
580 441 1090 525 vinde'miaverunt
1109 457 1238 498 eam
1270 457 1474 499 omnes
1498 443 1597 516 qui
1629 445 1941 500 transeunt
1970 457 2074 513 per

570 531 743 572 Vlam.

427 587 693 642 Vastavit
717 601 842 641 eam
875 601 1013 656 aper
1043 585 1113 640 de
1145 585 1314 653 silva,

497 668 551 714 et
581 672 792 730 omnes
819 657 1022 712 bestiae
1053 660 1176 728 agri
1205 659 1461 730 depasta:
1495 660 1634 714 sunt
1663 672 1814 714 eam.

425 731 580 786 Deus
609 728 995 802 exercituum,
1028 728 1338 802 revertere,
1366 734 1630 798 obsecro,

499 803 720 873 respice
749 800 1021 873 dercmlo,
1051 806 1108 873 et
1139 801 1290 870 vide,

500 877 560 929 et
588 872 764 928 visita
794 872 1022 928 vineam
1053 872 1227 930 hanc.

428 944 492 1001 Et
521 945 776 1000 radicem
811 961 987 1015 quam
1023 943 1309 1016 plantavit
1340 945 1577 1002 dextera
1603 948 1728 1014 tua,

499 1021 558 1072 et
589 1016 775 1072 ﬁlium
809 1032 984 1087 quem
1015 1017 1382 1072 conﬁrmasti
1410 1017 1540 1072 tibi.

427 1092 781 1161 Succensam
808 1088 953 1161 igni,
986 1087 1242 1144 dirutam
1277 1089 1292 1122 ⁸
1327 1104 1341 1143 :

501 1160 574 1214 ab
606 1159 1004 1232 increpatione
1036 1161 1207 1232 faciei
1236 1165 1347 1216 tuae
1381 1163 1640 1230 pereant,

427 1232 551 1287 Fiat
573 1231 787 1288 manus
813 1236 916 1286 tua
946 1247 1123 1358 super
1159 1231 1349 1287 virum
1384 1233 1630 1287 dexterae
1671 1234 1806 1300 tuae,

500 1308 560 1358 et
589 1319 768 1358 super
792 1303 979 1358 ﬁlium
1063 1304 1276 1358 ominis
1324 1320 1495 1358 auem
1543 1305 1806 1358 contirmt

500 1308 560 1359 et
589 1319 768 1376 super
792 1303 979 1359 ﬁlium
1019 1301 1276 1359 hominis
1324 1320 1495 1374 quem
1543 1305 1909 1360 conﬁrmasti
1942 1301 2070 1358 tibi.

429 1376 496 1432 Et
527 1391 640 1431 non
668 1375 1014 1430 recedemus
1044 1377 1066 1409 ³
1095 1392 1128 1429 a
1164 1380 1236 1442 te,
1268 1375 1591 1432 viviﬁcabis
1625 1392 1730 1431 nos

499 1452 557 1503 et
581 1447 641 1502 in
673 1448 910 1502 nomine
942 1451 1041 1501 tuo
1073 1448 1414 1503 vocabimur
1447 1463 1460 1501 :

427 1519 674 1575 Domine
704 1523 854 1574 Deus
885 1518 1266 1588 exercituum,
1303 1523 1571 1574 converte
1605 1535 1712 1574 nos
1745 1535 1758 1574 :

496 1591 739 1648 ostende
773 1591 850 1660 (h.
885 1590 1178 1662 illumina)
1220 1586 1427 1648 faciem
1479 1595 1658 1659 tuam,
1692 1595 1750 1646 et
1780 1587 1924 1646 salvi
1961 1586 2072 1644 eri-

571 1679 728 1720 mus.
2104 1677 2154 1743 B

3657 177 3764 236 l256

2517 309 2799 353 cammare
2840 295 2925 368 (h.
2963 297 3246 369 PSALMUS)
3285 314 3477 360 ASAPH.

2183 402 2504 476 (LXXXII.)
2535 403 2690 460 Deus
2721 404 2883 460 stetit
2912 403 2972 458 in
3003 409 3154 461 coetu
3193 405 3290 462 Dei

2255 475 2314 530 in
2349 475 2539 532 medio
2563 477 2706 530 deos
2726 476 2977 547 judicat.

2183 546 2498 618 Usquequo
2523 546 2808 619 judicatis
2839 547 3236 619 iniquitatem,

2253 629 2309 691 et
2340 618 2866 691 facies’impiorum
2900 618 3200 690 suscipitis
3220 619 3248 674 ?
3278 618 3518 676 Senem.

2181 690 2446 746 Judicate
2477 690 2718 762 pauperi
2749 696 2805 745 et
2837 691 3082 762 pupillo,

2253 779 2430 833 egeno
2456 769 2514 818 et
2538 763 2698 834 inopi
2724 764 2887 833 juste
2921 762 3094 818 facite
3123 763 3164 817 ".

2183 834 2412 890 Salvate
2443 835 2770 906 inOpemiet
2801 850 3144 906 pauperem,

2253 853 2412 890 avare
2443 853 2770 918 inopemer
2801 853 3144 917 pauperem,

2253 907 2325 961 de
2357 922 2531 962 manu
2554 923 2632 961 1m
2645 922 2887 978 piorum,
2913 905 3178 962 liberate.

2181 977 2306 1034 Non
2338 977 2846 1050 cognoscunt,nec
2879 977 3240 1050 intelligunt,

2254 1050 2313 1104 in
2346 1048 2607 1105 tenebris
2639 1048 2950 1106 ambulant

2255 1122 2574 1177 movebunt
2601 1122 2800 1178 omnia
2830 1121 3214 1177 fundamenta
3243 1123 3432 1177 terras.

2182 1193 2302 1265 Ego
2333 1194 2472 1261 dixi,
2505 1192 2585 1249 dii
2612 1194 2759 1265 estis
2792 1209 2914 1264 vos,

2253 1263 2310 1319 et
2337 1265 2442 1320 ﬁlii
2472 1263 2682 1320 excelsi
2715 1280 2920 1320 omnes
2953 1277 3057 1320 vos
3088 1264 3129 1320 ⁸.

2182 1339 2330 1408 Ergo
2363 1337 2531 1408 quasi
2564 1337 2745 1392 Adam
2780 1335 3139 1408 moriemini,

2253 1407 2312 1464 et
2340 1407 2509 1479 quasi
2542 1425 2697 1464 unus
2725 1409 2796 1463 de
2827 1407 3200 1480 principibus
3231 1408 3479 1466 cadetis.

2181 1483 2386 1551 Surge,
2417 1485 2596 1548 Deus,
2623 1480 2825 1550 judice
2853 1485 3094 1547 terram,

2251 1551 2530 1624 quoniam
2561 1555 2623 1608 tu
2656 1551 3028 1608 hmreditabis
3060 1553 3121 1607 in
3154 1567 3360 1608 omnes
3389 1556 3589 1625 gentes
3625 1552 3644 1588 '

2614 1701 2900 1744 CANTICUM
2938 1703 3040 1742 PSA
3047 1703 3147 1742 LM!
3185 1702 3390 1745 ASAPH.

2186 1802 2548 1878 (LXXXIII.)
2578 1805 2752 1878 Deus,
2786 1817 2859 1878 n_e
2888 1807 3085 1860 taceas
3119 1803 3163 1839 ¹⁰
3193 1803 3323 1876 tibi,
3357 1819 3431 1861 ne
3462 1803 3633 1861 sileas
3661 1805 3719 1868 η,

2256 1880 2312 1931 et
2344 1891 2458 1930 non
2492 1873 2786 1946 quiescas,
2818 1873 2993 1930 Deus.

2187 1947 2334 2016 Quia
2363 1962 2490 2002 ecce
2510 1944 2746 2002 inimici
2776 1946 2861 2000 tui
2891 1944 3238 2001 tumultuati
3274 1953 3434 2013 sunt,

2259 2023 2315 2074 et
2331 2017 2428 2089 qui
2449 2017 2698 2090 oderunt
2711 2017 3780 2090 te,levaverunt(Al.elevaverunt)caput

2187 2089 2714 2162 ContrapOpulum
2747 2093 2918 2162 tuum
2949 2091 3223 2161 nequiter
3250 2093 3662 2155 tractaverunt,

2261 2166 2319 2217 et
2350 2160 2608 2216 inierunt
2639 2160 2952 2216 consilium
3007 2160 3289 2217 adversus
3336 2178 3610 2218 arcanum
3637 2165 3796 2216 tuum.

2187 2234 2492 2299 Dixerunt,
2523 2233 2712 2306 venite
2745 2248 2760 2288 :
2792 2238 2849 2306 et
2880 2239 3255 2306 conteramus
3284 2249 3388 2306 eos
3421 2235 3491 2306 de
3521 2237 3698 2306 gente,

2260 2311 2317 2361 et
2347 2321 2462 2360 non
2495 2305 2574 2359 sit
2605 2303 2888 2360 memoria
2920 2305 3178 2360 nominis
3209 2305 3392 2361 Israel
3422 2303 3587 2362 ultra.

2187 2377 2473 2443 Quoniam
2507 2380 2909 2432 tractaverunt
2940 2377 3112 2432 corde
3146 2377 3368 2449 pariter
3400 2377 3470 2444 ¹²,

2261 2453 2464 2505 contra
2494 2451 2549 2520 te
2583 2449 2774 2520 fmdus
2807 2449 3182 2520 pepigerunt.

2187 2518 2592 2577 Tabernacula
2623 2518 2901 2576 Idumaeas“
2923 2518 2981 2577 et
3009 2519 3452 2577 Ismaelitarum

2189 2592 2361 2648 Moab
2392 2597 2450 2647 et
2477 2591 2758 2662 Agareni.

2190 2662 2370 2720 Gebal
2405 2667 2463 2719 et
2491 2669 2745 2718 Ammon
2777 2664 2834 2717 et
2869 2662 3101 2717 Amalec

2262 2733 2575 2790 Palaestina
2603 2733 3204 2808 cum_ha_bitatoribus
3235 2733 3399 2808 Tyri,

2191 2807 2302 2863 Sed
2336 2811 2393 2862 et
2421 2807 2606 2861 Assur
2635 2805 2796 2877 venit
2825 2805 2904 2873 (h.
2929 2806 3152 2877 junxit)
3178 2805 3314 2862 cum
3346 2806 3434 2861 eis

2263 2877 2398 2934 facti
2430 2881 2571 2934 sunt
2597 2875 2906 2934 brachium
2935 2875 3194 2934 filiorum
3229 2878 3350 2934 Lot.
3383 2878 3633 2935 Saurea.

2192 2950 2304 3007 Fac
2331 2949 2449 3005 illis
2483 2949 2637 3004 sicut
2669 2948 2926 3014 Madian,

2115 3049 2157 3116 ρ
2222 3094 2236 3113 π
2267 3018 3062 3103 είοᾳιμιωῐ)βὶεατωβὶουι
3089 3020 3264 3077 Jabin
3285 3019 3348 3077 in
3376 3023 3631 3078 torrente
3648 3017 3808 3076 Cison.

2197 3094 2442 3148 Lontriti
2476 3097 2615 3148 sunt
2647 3108 2704 3147 in
2737 3091 2970 3147 En-Dor

2241 3107 2442 3149 ΟΠῐῐῚῐι
2476 3107 2615 3148 sunt
2647 3108 2704 3147 in
2738 3107 2970 3147 wn-uor

2269 3168 2506 3220 fuerunt
2537 3166 2707 3235 quasi
2748 3160 3188 3233 sterquilinium
3221 3167 3414 3235 terras.

2194 3237 2352 3294 Pone
2384 3237 2490 3306 (Al.
2527 3228 2730 3307 p'ones)
2764 3228 2944 3291 duces
3001 3250 3204 3307 eorum
3239 3234 3402 3290 sicut
3433 3231 3605 3302 Oreb,
3632 3234 3685 3307 et
3709 3228 3815 3307 Zeb,

2269 3302 2424 3365 sicut
2446 3302 2556 3378 (Al'.
2587 3311 2663 3370 et)
2683 3307 2885 3374 Zebee,
2921 3309 2980 3362 et
3011 3305 3290 3362 Salmana
3323 3321 3535 3362 omnes
3565 3302 3814 3376 principes

727 1793 953 1834 VICTORI
1001 1794 1060 1833 IN
1101 1794 1528 1834 TORCULARIBUB
1567 1794 1771 1834 ASAPH.

428 1875 728 1948 (LXXXI.)
757 1875 1012 1932 Laudato
1047 1877 1225 1932 Deum
1259 1875 1664 1931 fortitudinem
1695 1876 1958 1948 nostram
1990 1872 2076 1946 (h.

571 1947 811 2075 JCantgte
839 1955 956 2005 Deo
989 1948 1317 2003 fortitudini
1369 1949 1600 2019 nostrae)
1636 1963 1648 2003 :
1676 1946 1933 2018 jubilate
1963 1951 2077 2002 Deo

606 2036 707 2075 aco
760 2061 774 2075 .

606 2036 774 2076 acou.

434 2091 735 2147 Assumite
764 2106 1020 2146 carmen:
1053 2094 1111 2145 et
1140 2091 1272 2145 date
1301 2093 1644 2162 tympanum
1678 2105 1694 2145 :

502 2163 796 2242 citharam
829 2163 1098 2242 decoram
1131 2178 1265 2242 cum
1301 2162 1597 2242 psalterio.

433 2234 698 2316 Claugite
727 2233 1124 2316 in_neo_menia
1153 2233 1421 2316 buccina,

504 2311 561 2362 et
581 2301 650 2359 in
684 2306 875 2361 medio
897 2305 1048 2376 (h.in
1072 2303 1304 2376 throno)
1332 2301 1668 2376 mensae,die
1684 2301 2080 2360 solemnitatis

579 2384 792 2431 1108le

435 2417 940 2530 Quiafl‘e‘git‘ibmpm
974 2445 1152 2530 israel
1182 2449 1293 2530 est,

499 2517 792 2590 judicium
828 2522 939 2590 Deo
967 2517 1222 2590 Jacobs.

434 2587 858 2647 Testimonium
889 2589 948 2644 in
979 2588 1194 2662 Joseph
1227 2588 1308 2660 (h.
1339 2587 1582 2662 Josepb)
1613 2589 1829 2661 posuit,

504 2679 636 2735 cum
667 2663 1042 2735 egrederetur
1071 2664 1103 2735 ‘_
1122 2663 1193 2735 de
1223 2666 1379 2716 terra
1406 2662 1637 2735 1Egypti
1672 2680 1686 2718 :

503 2732 728 2790 labiurn
762 2733 918 2806 quod
950 2732 1304 2806 nesciebam,
1339 2733 1552 2806 audivi.

436 2806 642 2861 Amovi
670 2807 743 2861 ab
774 2805 947 2860 enere
977 2805 1289 2860 humerum
1323 2805 1451 2875 ejus
1485 2822 1498 2860 :

507 2895 717 2960 manus
749 2878 877 2960 ejus
908 2876 1226 2960 a.cOphiuo.
1256 2879 1644 2960 recesserunt.

441 2951 502 3005 In
535 2947 914 3021 tribulatione
946 2947 1366 3021 invocastilAl.
1412 2948 1537 3003 add.
1583 2949 1720 3021 me),
1753 2951 1813 3006 et
1844 2947 1969 3004 erui
2001 2951 2080 3015 te,

505 3021 858 3103 exaudivi‘te
888 3019 946 3074 in
977 3020 1321 3075 abscondito
1350 3020 1592 3103 tonitrui
1619 3037 1642 3103 ⁶ς
1682 3019 1688 3021 ⁷
1723 3091 1734 3103 ,

507 3093 743 3166 probavi
777 3096 832 3147 te
863 3107 1039 3163 super
1069 3108 1255 3162 aquas
1288 3093 1792 3147 contradictionis.
1824 3096 2080 3147 Saurea.

431 3163 1135 3246 Audi,populusmeus_,et
1151 3163 2081 3237 contestabor(Al.constestor)te:

505 3235 710 3304 lsrael,
742 3235 790 3292 si
824 3235 1083 3290 audieris
1118 3251 1228 3291 me.

432 3306 563 3364 Non
599 3308 676 3363 sit
704 3308 762 3362 in
797 3312 852 3362 te
883 3307 1029 3362 deus
1060 3305 1317 3376 alienus,

504 3385 566 3434 et
597 3396 712 3434 non
747 3379 953 3434 adores
987 3379 1160 3450 deum
1196 3376 1572 3450 peregrinum
1606 3377 2086 3450 (h.extraneum),

2340 3395 2545 3435 eorum

428 3449 549 3523 Ego
586 3467 718 3506 sum
755 3450 1045 3506 Dominus
1076 3446 1230 3523 Deus
1273 3446 1411 3523 tuus
1459 3449 1566 3518 (Al.
1614 3446 1725 3506 'tac.
1770 3449 1954 3522 tuus),
1987 3448 2090 3521 qui
2197 3450 2306 3517 Qui
2339 3451 2634 3523 dixerunt,
2664 3447 3083 3523 posside‘amus
3114 3446 3284 3505 nobis

578 3523 755 3578 eduxi
792 3531 841 3576 te
876 3523 946 3576 de
978 3526 1135 3576 terra
1159 3520 1414 3592 ίΕεγριί.

507 3593 694 3650 dilata
728 3611 793 3649 os
820 3597 1012 3660 tuum,
1044 3598 1102 3647 et
1129 3588 1384 3664 implebo
1415 3588 1582 3646 illud.

435 3666 505 3720 Et
537 3683 650 3720 non
684 3664 903 3721 audivit
935 3664 1189 3736 p0pulus
1221 3680 1389 3736 meus
1417 3678 1614 3718 vocem
1649 3679 1858 3736 meam,

503 3743 560 3791 ct
591 3737 775 3794 Israel
809 3753 921 3792 non
956 3736 1203 3790 credidit
1234 3735 1314 3807 (h.
1349 3735 1667 3805 consensit)
1697 3735 1840 3791 mihi

433 3809 504 3864 Et
533 3809 729 3864 dimisi
767 3824 903 3864 eum
939 3807 997 3862 in
1031 3807 1318 3878 pravitate
1350 3807 1544 3862 cordis
1577 3807 1692 3878 sui,

502 3881 901 3937 ambulabunt
930 3878 988 3934 in
1022 3877 1284 3934 consiliis
1318 3877 1464 3933 suis.

432 3951 678 4035 Utinam.
704 3951 958 4035 populus
992 3967 1158 4032 meus
1191 3950 1582 4035 a.ud_isset.me
1618 3966 1632 4006 :

502 4023 682 4080 Israel
707 4021 914 4079 in'viis
944 4023 1092 4078 meis
1123 4021 1504 4078 ambulasset.

430 4093 608 4159 Quasi
641 4095 895 4150 nihilum
930 4094 1204 4150 inimicos
1233 4094 1362 4164 ejus
1393 4091 1825 4160 humiliassem,

505 4173 562 4222 et
594 4183 774 4238 super
806 4166 1007 4221 hostes
1037 4182 1244 4222 eorum
1275 4165 1581 4238 vertissem
1615 4181 1852 4220 manum
1871 4179 2083 4219 meam.

431 4238 536 4302 Qui
570 4237 824 4295 oderunt
854 4238 1194 4303 Dominum,
1227 4237 1530 4309 negabunt
1558 4253 1693 4291 eum
1730 4253 1744 4292 :

502 4314 560 4365 et
589 4311 701 4366 erit
737 4317 974 4382 tempus
1005 4326 1209 4365 eorum
1244 4306 1638 4382 in'sazculum.

433 4382 493 4436 Et
527 4382 743 4438 cibavit
771 4378 879 4438 eos
903 4382 924 4416 ⁸
952 4399 1021 4437 ex
1055 4383 1228 4452 adipe
1260 4378 1560 4445 frumenti,

500 4458 557 4509 et
587 4454 658 4509 de
690 4461 856 4526 petra
887 4453 1061 4511 melle
1093 4455 1115 4490 ⁸
1149 4453 1434 4509 saturavit
1464 4468 1584 4508 eos.

508 4651 525 4685 ¹
556 4649 717 4713 Quod
738 4649 962 4720 pridem
979 4649 1118 4704 editi
1147 4648 1331 4704 nostri
1349 4664 1582 4720 quoque
1597 4647 1913 4719 praeferunt
1934 4663 2097 4705 mss.,

430 4724 480 4778 et
511 4721 854 4776 derematam
888 4737 989 4792 pro
1019 4720 1290 4776 dirutam.
1327 4721 1512 4776 Penes
1545 4720 1716 4776 Mart.
1742 4720 1884 4774 editi
1909 4724 2096 4776 etms.

434 4793 811 4850 Corbeiensis
842 4791 1048 4865 legunt
1079 4791 1422 4848 diramalam
1453 4809 1555 4848 seu
1587 4793 1963 4848 deramatam.

502 4883 523 4918 ³
552 4881 921 4938 Cisterciens.
961 4898 1100 4949 ms.,
1130 4884 1440 4940 recedimus
1467 4901 1485 4937 :
1519 4886 1644 4938 tum
1669 4881 1818 4937 alter
1847 4881 2097 4952 Reginae,

430 4955 838 5024 viviﬁcabimus
869 4969 992 5009 nos.

501 5029 522 5062 ³
553 5027 756 5083 Denuo
787 5025 1173 5082 Cisterciens.
1209 5041 1348 5092 ms.,
1383 5029 1434 5081 et
1477 5025 1757 5096 judicium
1786 5025 1884 5081 Dei
1909 5027 2095 5111 Ιαίβοέ)⁸

506 5117 527 5152 ⁸
558 5117 623 5172 In
654 5115 845 5172 tribus
878 5131 1048 5185 mss.,
1085 5114 1218 5170 Cum
1239 5117 1586 5187 egrederetur
1611 5119 1823 5171 terram
1851 5117 2094 5189 igypli,

435 5207 611 5336 gebat;
645 5206 824 5264 habet
851 5216 975 5295 γῚκ
1014 5189 1087 5270 ‘73:
1115 5205 1172 5262 al
1209 5211 1376 5273 erels,
1427 5205 1485 5260 id
1541 5209 1629 5261 est
1673 5221 1840 5276 super
1870 5209 2097 5263 terram.

506 5370 526 5404 ⁸
572 5371 766 5425 Canon
824 5370 1093 5426 Carcass.
1147 5365 1290 5438 legit
1359 5382 1606 5423 numero
1658 5365 1996 5438 singulari:
2036 5372 2102 5425 Et

437 5441 638 5496 cibavit
662 5459 854 5498 eum...
887 5445 938 5498 et
968 5441 1038 5495 de
1068 5441 1221 5506 petra
1266 5439 1450 5494 mellis
1498 5442 1778 5494 saturavit
1807 5456 1952 5496 eum.
1987 5440 2101 5496 Alii

441 5511 615 5584 etiam
650 5512 869 5584 legunt,
900 5514 965 5568 de
991 5515 1148 5582 petra
1176 5511 1379 5584 mellis.
1410 5511 1598 5566 MART.

505 5581 526 5615 ⁶
555 5581 679 5636 Duo
707 5581 770 5639 ct
803 5581 1021 5641 nostris
1055 5599 1200 5638 mss.
1234 5582 1300 5636 de
1325 5591 1496 5654 petra
1526 5582 1727 5639 mellis.

505 5667 526 5740 ’ξ
559 5667 798 5740 Reginae
831 5689 939 5728 ms.
975 5688 1093 5727 uno
1125 5670 1303 5726 habet
1330 5670 1530 5733 verbo,
1559 5671 1876 5740 iustiﬁcata.

508 5735 791 5796 'Ab‘hoo
851 5742 1198 5814 pronomine
1229 5758 1343 5815 vos,
1397 5735 1770 5800 Cisterciens.
1830 5759 1948 5804 ms.
2010 5741 2102 5800 al-

2118 4419 2166 4484 D

2271 3521 2774 3594 pulchritudinem
2810 3520 2932 3575 Dei.

2201 3595 2354 3651 Deus
2388 3610 2578 3660 meus,
2611 3609 2762 3664 pone
2790 3607 2889 3647 eos
2922 3594 2989 3647 ut
3017 3595 3206 3664 rotam

2270 3667 2438 3737 quasi
2471 3662 2751 3737 stipulam
2785 3668 2919 3719 ante
2949 3663 3158 3737 faciem
3196 3662 3241 3698 ¹³
3269 3662 3464 3720 venti.

2198 3734 2500 3802 Quomodo
2531 3734 2686 3806 ignis
2719 3734 3014 3790 comburit
3045 3735 3276 3801 silvam,

2268 3815 2326 3865 et
2355 3810 2512 3865 sicut
2542 3808 2783 3862 ﬂamma
2810 3809 3049 3862 devorat
3079 3811 3329 3862 montes.

2194 3881 2289 3938 Sic
2322 3879 2691 3952 persequeris
2723 3895 2822 3935 eos
2845 3878 2905 3933 in
2937 3882 3284 3952 tempestale
3317 3881 3446 3949 tua,

2267 3949 2339 4009 et'
2359 3953 2415 4008 in
2445 3949 2681 4007 turbine
2711 3955 2815 4006 tua
2844 3949 3224 4006 conturbabis
3253 3965 3378 4006 eos.

2198 4023 2383 4096 Imple
2415 4023 2591 4079 facies
2621 4039 2824 4078 eorum
2856 4021 3206 4092 ignominia,

2267 4090 2324 4152 e't
2352 4099 2614 4166 quaerent
2637 4109 2850 4150 nomen
2884 4090 3079 4166 tuum,
3111 4090 3391 4166 Domine.

2197 4156 2644 4224 Confundantur
2664 4169 2720 4221 et
2737 4156 3164 4222 conturbantur
3183 4180 3370 4236 usque
3384 4163 3446 4220 in
3465 4159 3733 4219 seculum
3748 4156 3815 4230 (h.

2341 4243 2644 4300 aiternum)
2680 4253 2694 4292 :

2269 4315 2327 4367 et
2356 4311 2728 4376 erubescant,
2760 4311 2817 4364 et
2847 4309 3108 4379 pereant.

2198 4381 2266 4438 Et
2296 4384 2483 4438 sciant
2513 4382 2654 4454 quia
2686 4374 2897 4436 nomen
2928 4383 3099 4434 tuum
3132 4381 3221 4434 est
3245 4377 3540 4434 Dominus
3570 4374 3722 4433 solus
3747 4374 3817 4426 tu:

2267 4454 2533 4511 excelsus
2564 4468 2743 4524 super
2763 4467 2998 4508 omnem
3028 4455 3247 4507 terram
3277 4455 3523 4506 terram.

2207 4651 2401 4705 terum
2433 4665 2663 4706 versum
2691 4649 3009 4721 exorditur,
3041 4650 3135 4706 Vos
3163 4664 3289 4717 ergo
3320 4648 3488 4719 quasi
3514 4643 3823 4721 Adamgafgp

2209 4722 2366 4792 quod
2420 4727 2475 4777 et
2525 4722 2789 4777 Graecum
2840 4715 3658 4790 Alexandrinum—exemplar
3685 4715 3821 4792 facit.

2213 4790 2439 4864 Reginae
2471 4799 2666 4848 autem
2701 4810 2812 4849 ms.
2844 4793 3039 4864 ipsum
3070 4791 3237 4864 istud,
3260 4807 3583 4864 pronomen
3615 4790 3770 4864 tacet.

2281 4859 2438 4938 {MS-
2476 4866 2729 4938 Reginae,
2763 4859 3026 4938 quoin'am
3057 4859 3413 4920 hzeredzitabis
3434 4877 3628 4938 omnes
3649 4859 3822 4938 gemes.

2283 4936 2328 4971 ¹⁹
2358 4945 2471 4997 ’το-τ
2500 4927 2808 5000 silentium,
2843 4942 2906 4991 ut
2936 4953 3148 4992 sensus
3181 4938 3278 5003 sit,
3312 4950 3382 4992 ne
3416 4933 3496 4990 sit
3527 4932 3629 4988 tibi
3665 4927 3822 4985 silen-

2212 5007 2475 5080 tium,_id
2507 5014 2617 5078 est,
2649 5025 2718 5064 ne
2746 5009 2934 5076 sileas,
2970 5005 3179 5068 ἁπλῶς.
3406 5076 3417 5080 _
3533 5073 3547 5080 _
3592 5078 3599 5080 _
3704 5070 3715 5080 ,

2287 5081 2330 5116 ¹¹
2365 5073 2642 5151 Voculam
2673 5079 2777 5134 tibi
2809 5073 3012 5150 Regia.
3047 5097 3156 5136 ms.
3193 5073 3824 5151 praeterit.(‘isterciens.

2211 5150 2471 5218 Domine,
2500 5168 2569 5208 ne
2597 5157 2800 5220 taceas,
2831 5157 2887 5207 et
2911 5168 3011 5207 nec
3039 5150 3227 5208 sileas.
3370 5219 3381 5222 Α
3623 5220 3630 5222 Α
3788 5208 3799 5222 ,

2285 5223 2331 5258 ⁸⁸
2360 5222 2554 5280 Nostri
2585 5219 2792 5292 omnes
2815 5241 2983 5292 mss.,
3017 5239 3229 5280 nomen
3259 5219 3416 5277 corde
3445 5219 3824 5282 tacent,mlltlls

2213 5296 2282 5366 ad
2317 5295 2606 5362 Graecum,
2639 5291 3048 5361 ἐδουλώσαντο,
3073 5313 3142 5352 ex
3170 5310 3352 5366 eoque
3383 5292 3700 5348 derivatam
3728 5297 3826 5337 ver-

2214 5365 2440 5423 sionem
2473 5374 2752 5433 veterem,
2777 5368 3172 5439 cogitaverunt.

2287 5457 2332 5491 ’³
2363 5457 2554 5511 Verba
2585 5460 2713 5512 ante
2733 5458 2932 5527 faciem
2958 5457 3014 5512 in
3040 5454 3405 5512 Cisterciensi
3439 5463 3670 5527 memon
3689 5443 3822 5527 suet-

2213 5543 2462 5600 moxque
2495 5527 2710 5600 legitur
2733 5519 3015 5585 comburet
3043 5530 3261 5594 silvam,
3292 5542 3390 5599 pro
3419 5521 3707 5581 comburit,
3727 5519 3820 5600 etc:

2213 5583 2462 5727 Dentium
2505 5583 2712 5671 ju’ncto
2743 5583 2821 5657 et
2863 5583 3095 5673 Regina:
3126 5583 3267 5657 cod'.
3293 5583 3630 5671 'persequere
3654 5602 3751 5655 eos,
3778 5583 3822 5636 οι

2218 5686 2319 5728 con
2350 5687 2415 5727 ur
2452 5689 2485 5728 a
2515 5687 2620 5729 eos.
