4050 6182
172 312 296 367 1261

171 441 231 494 In
260 436 515 492 nomine
548 441 647 492 tuo
681 437 1059 492 exsultabunt
1087 442 1207 492 tota
1239 438 1350 494 die.

236 517 291 564 et
320 510 383 566 in
411 508 651 578 justitia
685 514 787 563 tua
814 508 1252 564 exaltabuntur.

169 581 308 661 Quia
346 579 551 661 gloria_
571 580 938 661 fortitudinis
969 597 1168 661 eorum
1204 587 1263 634 tu
1294 595 1382 661 es.

236 657 292 708 et
350 649 411 707 in
460 649 761 706 voluntate
803 652 914 720 (Al.
970 652 1394 723 misericordia)
1439 657 1540 708 tua
1571 652 1828 710 elevabis

304 739 498 777 cornu
538 730 830 779 nostrum.

169 795 309 860 Quia
345 812 378 849 a
414 793 663 935 Domino
697 800 784 850 est
824 793 1110 866 protectio
1145 799 1344 850 nostra
1389 796 1466 866 (h.
1504 800 1828 868 protectore

310 881 416 920 oos
451 881 510 918 ro
550 905 564 927 ,

310 873 564 927 nostro),

237 942 292 992 et
322 956 354 992 a
387 943 594 991 sancto
629 935 805 990 Israel
841 952 975 1002 rege
1007 941 1225 991 nostro.

174 1010 330 1065 Tunc
367 1010 598 1063 locutus
627 1024 688 1062 es
721 1024 825 1078 per
872 1008 1154 1062 visionem
1207 1009 1428 1064 sanctis
1481 1011 1558 1072 (h.
1592 1010 1822 1066 miseri-

309 1080 612 1150 cordibus)
647 1081 784 1145 tuis,

243 1156 299 1208 et
329 1151 564 1225 dixisti,
593 1151 762 1221 posui
796 1149 1156 1225 adjutorium
1189 1168 1366 1225 super
1395 1153 1726 1222 robustum,

241 1223 486 1279 exaltavi
519 1223 768 1278 electum
806 1223 878 1276 de
911 1223 1180 1293 populo‘.

175 1295 368 1352 Inveni
407 1293 588 1349 David
620 1309 854 1349 servum
891 1309 1126 1350 meum:

240 1367 364 1422 oleo
397 1371 606 1422 sancto
641 1382 770 1420 meo
803 1365 940 1419 unxi
977 1380 1135 1429 eum,

175 1438 312 1494 Cum
348 1453 464 1508 quo
498 1453 712 1491 manus
746 1453 877 1492 mea
908 1437 1080 1491 firma
1108 1435 1238 1508 erit,

243 1516 299 1565 et
330 1507 638 1564 brachium
673 1523 869 1562 meum
903 1507 1203 1562 roborabit
1233 1523 1391 1563 eum.

171 1582 293 1638 Non
327 1581 580 1650 decipiet
612 1579 888 1634 inimicus
917 1596 1075 1633 eum.

245 1658 299 1708 et
331 1653 490 1706 filius
523 1651 855 1722 iniquitatis
889 1667 1000 1704 non
1035 1649 1259 1722 affliget
1288 1666 1444 1706 eum.

173 1726 281 1780 Sed
315 1721 784 1777 concidamante
816 1722 1019 1776 faciem
1050 1721 1175 1790 ejus
1210 1721 1406 1777 hostes
1437 1721 1621 1792 illius,

243 1802 299 1851 et
329 1796 427 1866 qui
459 1811 593 1849 eum
626 1795 876 1848 oderunt
907 1793 1229 1868 percutiam
1251 1793 1343 1868 ⁸(Δὶ).
1374 1795 1744 1868 fulminabo).

173 1864 398 1924 Veritas
439 1874 633 1921 autem
668 1881 795 1921 mea
823 1869 881 1920 et
910 1864 1332 1920 misericordia
1362 1882 1492 1921 mea
1547 1870 1654 1936 (At.
1688 1864 1815 1928 add.

312 1938 441 2010 erit)
475 1954 606 1992 cum
642 1953 734 2002 eo,

245 2015 300 2066 et
329 2011 386 2065 in
420 2005 657 2064 nomine
689 2023 820 2063 meo
853 2005 1209 2082 exaltabitur
1239 2023 1418 2064 cornu
1455 2010 1605 2082 ejus.

177 2083 243 2140 Et
281 2098 492 2154 ponam
529 2082 586 2135 in
621 2081 769 2154 mari
806 2094 1044 2154 manum
1078 2080 1229 2154 ejus.

247 2151 302 2208 et
332 2155 389 2208 in
424 2153 766 2208 fluminibus
798 2151 1096 2205 dexteram
1124 2151 1272 2217 ejus.

178 2228 308 2300 Ipse
339 2225 630 2279 invocabit
659 2240 774 2300 me,
807 2228 1167 2300 patenmeus
1197 2239 1260 2300 es
1292 2228 1375 2278 tu.

251 2301 400 2351 Deus
434 2313 623 2362 meus,
657 2301 714 2350 et
745 2291 1026 2349 fortitudo
1059 2291 1270 2348 salutis
1305 2311 1464 2352 meas.

176 2373 292 2441 Ego
325 2374 519 2442 autem
569 2366 1030 2442 primogenitum
1085 2381 1296 2442 ponam
1327 2367 1424 2442 _(h.
1459 2369 1631 2439 dabo)
1662 2387 1822 2442 eum,

314 2435 608 2495 excelsum
642 2438 746 2508 (Al.
774 2435 840 2492 'et
864 2435 1186 2508 excelsum)
1221 2439 1457 2508 regibus
1489 2435 1679 2499 terrae.

177 2515 238 2568 In
271 2517 554 2567 aternum
586 2510 666 2578 (h.
703 2507 1006 2579 smoulum)
1044 2507 1369 2564 custodiam
1403 2516 1460 2567 et
1491 2514 1822 2571 misericor-

316 2582 472 2638 diam
503 2597 718 2651 meam,

246 2659 302 2710 et
334 2659 570 2726 pactum
605 2647 797 2708 meum
829 2648 999 2705 fidele
1027 2647 1079 2704 ei
1099 2650 1140 2704 ².

180 2727 250 2782 Et
290 2721 502 2798 ponam
538 2732 884 2798 perpetuum
919 2737 1116 2798 semen
1149 2721 1300 2798 ejus,

248 2794 307 2852 et
335 2794 614 2853 thronum
648 2794 779 2866 ejus
809 2794 961 2849 sicut
993 2794 1118 2866 dies
1150 2795 1299 2849 cmli.

181 2870 240 2925 Si
273 2863 697 2938 dereliquerint
728 2865 831 2938 ﬁlii
864 2866 992 2935 ejus
1022 2863 1212 2938 legem
1243 2883 1458 2936 meam,

247 2945 307 2996 et
338 2942 395 2995 in
427 2937 659 3010 iudiciis
692 2937 838 2992 meis
873 2937 1467 3010 noniambulaverint.

180 3012 240 3069 Si
275 3008 655 3068 caeremonias
688 3025 848 3064 meas
882 3008 1337 3079 profanaverint,

247 3089 306 3138 et
341 3087 624 3155 praecepta
656 3097 787 3136 mea
814 3096 927 3155 non
959 3080 1363 3155 custodierint.

180 3151 446 3211 Visitabo
478 3151 543 3209 in
571 3153 734 3225 virga,
757 3151 975 3225 scelera
1002 3152 1088 3225 (h.
1112 3154 1346 3225 sectus)
1373 3171 1596 3211 eorum.

255 3233 316 3282 et
348 3228 405 3282 in
442 3226 630 3298 plagis
660 3223 1004 3294 iniquitates
1035 3223 1144 3293 (Al.
1181 3223 1577 3297 iniquitatem)
1602 3245 1826 3286 eorum.

178 3299 646 3374 Misericordiam
680 3300 1095 3374 autemhmeam
1130 3311 1244 3350 non
1275 3300 1536 3356 auferam
1567 3301 1638 3357 ab
1669 3317 1758 3374 eo,

251 3387 362 3426 nec
399 3370 650 3425 mentiar
680 3368 736 3421 in
770 3367 1012 3420 veritate
1045 3383 1190 3422 mea.

176 3443 309 3499 Non
346 3441 578 3497 violabo
608 3444 842 3512 pactum
877 3454 1095 3512 meum,

252 3519 314 3569 et
348 3514 504 3584 quod
525 3509 828 3584 egressum
857 3515 944 3565 est
965 3509 1035 3564 de
1059 3509 1229 3568 labiis
1253 3511 1539 3579 meis,non
1570 3515 1831 3574 mutabo.

252 3530 314 3569 et
348 3530 504 3639 quoa
525 3530 828 3584 egressum
857 3530 944 3565 εει
965 3530 1035 3564 ue
1059 3530 1102 3565 ιθ

175 3591 354 3643 Some
406 3584 605 3656 juravi
632 3584 688 3637 in
723 3585 918 3656 sancto
953 3597 1102 3656 meo,

254 3672 328 3712 ne
362 3652 444 3718 (li.
479 3656 551 3727 si)
582 3655 760 3710 David
795 3652 1101 3727 mentiar-3.

171 3735 390 3786 Semen
423 3725 552 3796 ejus
586 3727 643 3781 iu
678 3731 960 3781 aeternum
993 3725 1073 3794 (h.
1108 3725 1386 3782 saeculum
1420 3731 1552 3795 erit,

250 3805 310 3856 et
344 3799 599 3874 thronus
617 3798 746 3868 ejus
774 3798 927 3853 sicut
951 3796 1036 3852 sol
1060 3796 1117 3851 in
1145 3804 1457 3870 conspectu
1486 3818 1614 3857 meo
1639 3802 1718 3874 (h.
1741 3818 1834 3858 co-

333 3887 460 3925 ram
495 3885 628 3934 me),

174 3870 888 4016 Sicutalglnangiabilietur
918 3939 974 3993 in
1009 3942 1297 4016 {sternam
1319 3941 1413 4016 (hi
1441 3944 1765 4016 saeculum),

256 4020 319 4070 et
351 4014 519 4069 testis
550 4013 610 4067 in
643 4011 785 4067 caelo
817 4011 898 4079 (h.
933 4011 1114 4080 nube)
1147 4011 1356 4068 fidelis.
1391 4013 1632 4072 Saurea.

174 4087 273 4142 Tu
311 4091 513 4141 autem
549 4083 841 4154 repulisti,
871 4087 931 4154 et
960 4082 1277 4154 projecisti,

255 4157 454 4212 iratus
482 4173 544 4212 es
571 4153 852 4211 adversus
876 4153 1173 4210 Christum
1200 4160 1392 4213 tuum.

175 4229 530 4290 Attenuasti
561 4233 794 4299 pactum
827 4226 978 4299 servi
1012 4225 1120 4299 tui,

263 4297 590 4372 profanasti
625 4300 871 4372 interra
902 4297 1171 4372 diadema
1200 4297 1350 4368 ejus.

185 4369 516 4444 Dissipasti
548 4369 968 4442 (h.disrupisti)
999 4384 1204 4424 omnes
1235 4370 1521 4428 macerias
1547 4371 1628 4446 (h.
1653 4376 1844 4445 sepes)

1850 1808 1896 1872 B

1859 3174 1901 3241 C

1502 313 1714 366 LIBER
1752 310 2214 366 PSALMORUM.

1854 436 1908 502 Α

3438 309 3578 366 1262

2082 451 2234 500 ejus,

2082 452 2112 490 e
2142 451 2211 489 us

2011 451 2256 588 posiiisfi
2289 505 2646 590 munitiones
2676 507 2804 577 ejus
2836 523 3127 590 pavorem.

1932 578 2317 652 Diripuerunt
2346 594 2481 633 eum
2515 596 2718 652 omnes
2752 578 2861 652 qui
2884 583 3192 652 transeunt
3222 595 3323 652 per
3352 579 3528 647 viam,

2003 651 2192 704 factus
2226 655 2315 703 est
2345 650 2726 721 opprobrium
2757 651 2967 706 vicinis
2993 651 3137 708 suis.

1930 722 2175 776 Elevasti
2209 722 2502 776 dexteram
2537 723 2792 776 hostium
2824 724 2975 793 ejus,

2000 793 2304 848 laetificasti
2341 794 2583 847 omnes‘
2614 794 2887 849 inimicos
2919 793 3098 849 illius.

1928 864 2071 919 Nam
2105 869 2161 918 et
2193 864 2454 937 avertisti
2487 866 2666 937 robur
2697 865 2871 937 gladii
2909 867 3058 935 ejus,

1999 939 2057 1018 et
2086 953 2199 991 non
2233 935 2548 1018 sublevasti
2581 935 2722 1018 eum
2747 937 3059 1018 inpraelio.

1927 1008 2232 1073 Quiescere
2259 1007 2340 1078 (h.
2376 1007 2643 1079 deficere)
2674 1007 2858 1063 fecisti
2893 1007 3244 1063 munditiam
3278 1007 3428 1078 ejus,

1998 1085 2056 1134 et
2087 1080 2364 1134 thronum
2397 1079 2556 1134 illius
2586 1077 2645 1134 in
2681 1085 2832 1135 terra
2856 1081 2958 1147 (At.
2982 1083 3225 1149 terram)
3246 1077 3571 1136 detraxisti.

1924 1151 2295 1207 Abbreviasti
2327 1151 2452 1206 dies
2483 1152 2891 1208 adolescentia:
2924 1152 3074 1222 ejus,

1998 1222 2280 1294 operuisti
2309 1239 2443 1277 eum
2475 1223 2822 1294 ignominia.
2854 1223 3144 1278 Saurea“.

1927 1294 2264 1366 Usquequo,
2298 1294 2565 1362 Domine,
2601 1295 2980 1351 absconderis
3011 1296 3070 1350 in
3103 1294 3304 1362 finem,

1997 1367 2387 1422 succendetur
2417 1367 2587 1437 quasi
2616 1367 2776 1438 ignis
2807 1366 3137 1438 indignatio
3167 1370 3289 1422 tua.

1923 1441 2210 1510 Memento
2244 1437 2356 1492 mei
2390 1438 2461 1492 de
2494 1437 2840 1510 profundo‘.

1995 1508 2253 1580 alioquin
2306 1507 2510 1580 quare'
2546 1510 2763 1564 frustra
2811 1509 3019 1565 creasti
3055 1508 3208 1564 filios
3239 1507 3578 1564 hominum;

1922 1582 2062 1645 Quis
2093 1586 2182 1636 est
2206 1581 2315 1649 vir,
2349 1581 2446 1651 qui
2473 1581 2649 1644 vivat,
2683 1587 2739 1636 et
2772 1598 2888 1636 non
2919 1582 3111 1637 videat
3142 1588 3392 1637 mortem
3422 1597 3435 1636 :

1994 1651 2502 1708 salvansanimam
2535 1669 2698 1708 suam
2731 1652 2802 1708 de
2836 1670 3013 1709 manu
3048 1652 3216 1708 inferi
3244 1652 3577 1708 ‘ISEMPaa".

1923 1725 2028 1780 Ubi
2063 1723 2669 1805 sunt_misericordia:
2718 1728 2831 1779 tuas
2884 1725 3146 1796 antiquae
3197 1725 3275 1795 (h.
3318 1723 3577 1796 priscas),

2071 1803 2340 1862 Domine,

2000 1884 2148 1939 quas
2175 1865 2390 1936 jurasti
2425 1865 2602 1922 David
2636 1867 2696 1922 in
2726 1867 2970 1939 veritate
3001 1873 3103 1923 tua
3125 1867 3152 1922 ‘I

1925 1939 2270 2044 Recordare,
2324 1939 2592 2019 Domine,
2641 1938 2935 2044 opprobrii
2980 1953 3283 2044 servorum
3311 1941 3574 1993 tuorum.

1998 2011 2223 2136 polrtavi
2257 2011 2317 2064 in
2348 2011 2481 2065 sinu
2535 2011 2702 2066 meo”
2753 2027 2958 2068 omnes
3007 2011 3352 2083 iniquitates
3383 2026 3569 2083 popu-

2093 2098 2283 2136 orum.

2093 2098 2283 2137 orum.

1927 2153 2152 2218 Quibus
2184 2153 2681 2224 exprobraverunt
2711 2153 2934 2209 inimici
2966 2153 3078 2218 tui,
3104 2152 3375 2222 Domine,

2000 2225 2217 2296 quibus
2250 2225 2748 2297 egprobraverunt
2779 2225 3026 2297 vestigia
3054 2225 3272 2280 Christi
3304 2224 3414 2297 tui.

1928 2295 2277 2352 Benedictus
2300 2295 2586 2352 Dominus
2609 2295 2668 2352 in
2691 2295 3118 2370 sempiternum
3137 2297 3220 2368 (h.
3244 2295 3576 2366 saeculum),

2001 2384 2175 2424 amen
2205 2372 2262 2422 et
2290 2384 2482 2424 amen.

2427 2501 2630 2540 ORATIO
2671 2500 2809 2539 M08!
2840 2500 2955 2540 VIR]
2987 2499 3082 2540 DEI

1930 2582 2093 2655 (XC.)
2125 2581 2392 2655 Domine,
2425 2581 2927 2655 habitaculum_tu
2961 2581 3150 2638 factus
3183 2596 3247 2638 es
3279 2581 3450 2637 nobis
3466 2579 3509 2650 ',

2002 2655 2060 2709 in
2101 2653 2478 2724 generatione
2508 2662 2563 2708 et
2594 2653 2993 2725 generatione.

1929 2731 2265 2795 Antequam
2299 2730 2531 2780 montes
2562 2729 2963 2790 nascerentur,

2000 2803 2057 2852 et
2087 2795 2479 2868 parturiretur
2506 2801 2682 2862 terra,
2717 2801 2774 2852 et
2803 2795 2985 2868 orbis,

2003 2887 2036 2924 a
2065 2864 2274 2923 saeculo
2305 2874 2363 2923 et
2392 2884 2581 2939 usque
2609 2868 2668 2922 in
2711 2866 2990 2939 saeculum
3021 2868 3084 2920 tu
3117 2880 3200 2933 es,
3231 2864 3408 2939 Deus.

1888 2995 1891 2997 _
1929 2945 2241 2998 Convertes
2273 2939 2352 3011 (h.
2401 2937 2726 3011 Convertis)
2772 2937 3073 2995 hominem
3117 2953 3304 3010 usque
3336 2937 3404 2993 ad
3436 2952 3580 2992 con-

2074 3012 2394 3067 tritionem.

2002 3090 2059 3140 et
2089 3085 2246 3138 dices
2276 3083 2359 3154 (h.
2393 3081 2589 3154 dicis),
2613 3081 2972 3139 revertimini
2996 3081 3104 3153 (Al.
3128 3078 3579 3149 convertimini),

2083 3155 2187 3210 filii
2217 3141 2424 3223 Adam,

1941 3227 2086 3294 Quia
2117 3225 2279 3281 mille
2309 3224 2449 3281 anni
2480 3224 2540 3279 in
2573 3223 2758 3282 oculis
2787 3225 2904 3281 tuis

2012 3299 2165 3354 sicut
2193 3298 2321 3370 dies
2349 3297 2626 3352 hesterna
2656 3314 2782 3370 quas
2813 3294 3174 3370 pertransiit,

2011 3375 2069 3425 et
2100 3369 2302 3440 vigilia
2335 3372 2638 3424 nocturna.

1941 3439 2310 3499 Percutiente
2339 3445 2394 3495 te
2425 3455 2545 3508 eos,
2579 3439 2876 3496 somnium
2911 3441 3122 3494 erunt:

2017 3530 2186 3568 mane
2217 3513 2387 3583 quasi
2418 3512 2599 3567 herba
2630 3511 3050 3583 pertransiens.

1942 3589 2109 3642 Mane
2141 3585 2355 3652 ﬂoruit,
2389 3589 2444 3639 et
2474 3583 2652 3639 abiit:

2015 3660 2084 3714 ad
2116 3651 2417 3727 vesperam
2448 3660 2783 3711 conteretur
2812 3657 2988 3727 atque
3013 3651 3353 3707 siccabitur.

1943 3726 2285 3799 Consumpti
2326 3728 2481 3799 enim
2515 3743 2722 3782 sumus
2752 3727 2810 3780 in
2844 3726 3038 3799 furore
3068 3728 3190 3799 tuo,

2015 3807 2072 3856 et
2101 3801 2158 3854 in
2189 3795 2596 3868 indignatione
2626 3804 2728 3852 tua
2757 3795 3084 3850 conturbati
3117 3809 3343 3849 sumus.

1944 3871 2194 3928 Posuisti
2227 3871 2568 3941 iniquitates
2600 3873 2831 3941 nostras
2861 3881 3058 3941 coram
3089 3869 3166 3935 te,

2017 3934 2670 4014 negligentiasﬂnostras
2701 3940 2760 4014 in
2793 3937 2922 3994 luce
2950 3934 3157 3993 vultus
3177 3934 3286 3990 tui.

1946 4011 2162 4073 Omnés
2184 4011 2350 4069 enim
2384 4012 2510 4068 dies
2544 4011 2747 4078 nostri,

2018 4086 2384 4160 transierunt
2409 4085 2468 4138 in
2503 4085 2696 4139 furore
2725 4087 2860 4138 tuo:
2903 4155 2911 4160 Δ
3210 4147 3222 4160 0

2020 4155 2500 4228 consumpsimus
2558 4171 2744 4210 annos
2788 4155 3020 4208 nostros
3058 4155 3226 4222 quasi
3257 4162 3592 4206 sermonem

2090 4229 2357 4285 loaueus.

1950 4246 2434 4374 Diesmgililgggum
2490 4301 2830 4374 nostrorum
2888 4295 2947 4374 in
3016 4292 3164 4374 ipsis
3227 4290 3601 4374 septuaginta

2024 4372 2161 4430 anni
2193 4390 2204 4428 :
2239 4372 2289 4428 si
2317 4376 2514 4428 autem
2547 4369 2823 4438 multum,
2853 4365 3149 4437 octoginta
3177 4365 3316 4420 anni
3342 4365 3406 4436 ⁸ο,

177 4593 404 4662 ipsum
437 4582 734 4666 exemplar
763 4581 790 4636 ὁ
821 4581 1100 4666 γιγώσῃωῖ
1129 4578 1722 4666 ἀλᾳλιαγμόνκγεῑθοιι
1746 4605 1838 4644 au-

1976 4587 2110 4654 Quia
2143 4587 2360 4657 portavz’
2411 4587 2469 4666 in
2500 4585 2647 4666 sitia.
2675 4597 2814 4666 meo,
2862 4581 3214 4666 etc.‘Cano-n
3246 4580 3438 4666 autem
3472 4574 3610 4662 Gar-

179 4655 345 4725 tém,
382 4657 751 4732 guin‘potius
807 4655 1101 4732 audaciori
1131 4655 1381 4732 cuipiam
1415 4657 1640 4723 critico,
1675 4677 1850 4732 quam

179 4727 572 4789 dormitanti
603 4727 933 4800 antiquario
983 4732 1150 4781 vetus
1198 4727 1298 4782 illa
1330 4729 1664 4800 depravatio
1690 4727 1854 4788 verbi

178 4804 407 4865 noluit,
442 4817 545 4871 pro
575 4797 961 4871 novithulpa;
991 4799 1068 4852 sit
1097 4797 1466 4856 ascribend'a.

271 4879 287 4910 ι
332 4869 477 4927 Plus
508 4871 684 4926 habet
715 4869 1084 4942 Cisterciens.
1114 4886 1226 4924 ms.
1258 4871 1326 4925 de
1350 4875 1554 4942 populo
1584 4891 1721 4931 meo.

269 4947 295 4981 ²
334 4945 555 5000 Iterum
589 4942 722 5014 plus
751 4941 971 4995 habent
1013 4942 1193 4996 nostri
1217 4941 1380 5015 _mss.
1431 4947 1614 5003 Fidele
1647 4946 1753 5002 erit
1782 4949 1858 5015 ei,

183 5021 264 5074 Et
296 5032 509 5094 pona_m
656 5021 1002 5094 perpetuum,
1054 5018 1162 5068 etc.
1212 5013 1362 5070 Tum
1414 5017 1587 5088 paulo
1616 5025 1768 5090 post,
1802 5013 1862 5073 Si

181 5097 399 5146 autem
426 5085 850 5155 dereliqucrint,
883 5090 992 5139 etc.

267 5161 293 5194 ⁸
328 5159 572 5230 Regina:
606 5154 716 5213 ms.
768 5172 902 5211 cum
937 5154 1174 5210 Hebreo
1215 5156 1550 5231 scholiaste,
1585 5161 1644 5216 Si
1671 5160 1863 5232 David,

182 5237 315 5289 etc.

267 5304 293 5336 ι
328 5300 442 5356 Hic
472 5314 667 5354 vorem
702 5314 885 5355 omnes
915 5314 1048 5353 cum
1081 5296 1221 5354 alias
1252 5300 1390 5355 Nam
1419 5310 1466 5358 et
1498 5303 1866 5360 Cisterciens.

182 5391 324 5432 ms.
367 5372 612 5427 omittit.

264 5447 296 5528 ξ
330 5449 481 5528 Τι’θε
513 5459 683 5513 mss.,
716 5441 1081 5514 sempiterna,
1131 5443 1286 5513 quod
1320 5446 1584 5502 referunt
1615 5447 1686 5503 ad
1719 5448 1870 5518 igno-

175 5537 274 5574 m1
288 5533 426 5573 ητα.

267 5591 295 5624 ⁶
333 5586 753 5661 Memmianus
787 5589 984 5661 Conon
1016 5590 1071 5640 et
1119 5587 1604 5646 Carcassonensis
1639 5595 1872 5661 tresque

175 5658 557 5736 pedisseqpi
590 5657 878 5736 ejusdem,
928 5656 1190 5736 Memento
1231 5662 1338 5736 m_ez'
1383 5661 1447 5716 de
1477 5667 1648 5736 terra.
1685 5656 1870 5718 MAit'r.

263 5735 288 5769 ⁷
330 5737 451 5805 Pro
485 5731 729 5805 Semper,
783 5729 982 5800 ipsum
1015 5729 1109 5784 hic
1159 5731 1324 5801 ponit
1363 5735 1595 5805 Regina:
1624 5751 1737 5790 ms.
1771 5751 1876 5790 no-

179 5821 354 5863 men
390 5802 735 5873 Diapsalma.

267 5877 296 5913 ⁸
328 5870 583 5933 Addunt
613 5870 880 5930 nonnulli
914 5887 1058 5927 mss.
1094 5873 1248 5944 quod
1281 5873 1532 5933 habetur
1561 5878 1619 5934 in
1655 5877 1827 5934 editis
1863 5892 1875 5932 :

1965 4649 2216 4714 cass.'ac
2248 4673 2360 4711 ms.
2411 4658 2466 4710 S.
2519 4652 2820 4710 Michaelis
2868 4651 2944 4705 ita
2992 4651 3236 4721 legunt:
3287 4649 3609 4704 Portaviin

1964 4733 2097 4786 sinu
2125 4745 2242 4783 meo
2273 4729 2575 4782 multarum
2604 4728 2871 4800 gentium.
2902 4723 3089 4800 Msa}.
3328 4796 3336 4800 _
3378 4795 3400 4800 _
3460 4789 3495 4800 ﬂ

2036 4802 2056 4836 θ
2093 4801 2386 4855 Psalmum
2421 4794 2621 4865 istum,
2673 4797 2795 4868 qui,
2824 4795 2977 4868 apud
3000 4794 3241 4868 AGrascos
3289 4796 3347 4868 et
3377 4794 3610 4868 Latinos

1966 4873 2358 4943 octogesimus
2389 4888 2580 4926 nonus
2604 4862 2964 4943 inscribitur,
2989 4865 3274 4943 Cypriane
3300 4862 3610 4918 studiosis-

1969 4935 2129 5000 simo.
2154 4947 2489 5014 presbytero
2521 4946 2707 4996 totum
2740 4935 3051 5014 edisseruit
3088 4942 3143 4990 8.
3179 4935 3569 5014 ilieronymus
3597 4947 3611 5014 ξ

1973 5003 2169 5087 (ιυδιτέ
2223 5015 2294 5070 ad
2327 5003 2492 5084 'ejus
2557 5011 3015 5087 Commentaria_
3059 5003 3616 5087 confugimus,._ubi

1976 5075 2255 5142 lectiones
2307 5075 2601 5141 variantes
2647 5086 2960 5139 occurrunt
3002 5079 3060 5135 in
3111 5075 3268 5134 mss:
3293 5075 3614 5132 codicibus.

1975 5160 2429 5284 METi’oculam
2480 5231 2560 5296 tu,
2611 5243 2738 5296 quas
2790 5229 2848 5280 et
2876 5224 2934 5278 in
2989 5211 3623 5296 Hebraao‘resonattex

1983 5319 2126 5357 mss.
2161 5301 2290 5355 sufi’v
2315 5288 2860 5355 cimus/Caeterum
2911 5295 3111 5351 confer
3152 5289 3461 5363 epistolam
3498 5288 3622 5354 140,

1979 5375 2048 5428 ad
2085 5369 2464 5445 Cyprianum,
2499 5371 2598 5445 ubi
2649 5375 2840 5445 totum
2887 5366 3042 5445 hunc
3077 5368 3366 5445 psalmum
3400 5366 3524 5445 tu‘m
3557 5374 3625 5445 ex

1984 5432 2244 5513 Heb'rvaéo,
2279 5449 2404 5497 tum
2453 5432 2524 5496 ex
2571 5439 2950 5513 Septuaginta
2980 5438 3038 5492 S.
3079 5432 3250 5490 Pater
3280 5432 3504 5500 relegit,
3536 5435 3628 5484 at-

1981 5535 2093 5589 que.
2125 5515 2403 5570 illustrat.
2634 5583 2643 5589 .
2819 5585 2825 5589 _
3045 5575 3150 5589 υ,
3240 5578 3249 5589 .
3352 5573 3403 5589 m

2057 5590 2101 5625 1°
2132 5589 2403 5656 Quinque
2451 5601 2595 5638 mss.
2632 5583 2831 5653 legunt
2879 5596 3011 5656 cum
3045 5575 3314 5656 vulgata.
3344 5573 3403 5656 Si
3436 5577 3632 5656 'auleni

1984 5664 2045 5715 in
2072 5645 2446 5731 polentaiibus
2477 5645 2752 5726 octoginta
2779 5645 3543 5731 auwtii-Regiuszporbeins.

1984 5719 2231 5788 Sorbon.
2279 5730 2533 5784 retinent
2580 5719 2775 5780 veram
2830 5722 3135 5779 lectionem
3183 5719 3536 5790 Hieronymi,
3584 5719 3633 5768 si

1985 5815 2176 5861 autem
2206 5803 2464 5873 multum,
2496 5805 2605 5855 etc.
2643 5798 2830 5852 MART.
