4050 6182
263 235 404 291 1269

335 364 395 417 et
421 377 556 418 ossa
585 377 718 418 mea
747 361 916 434 quasi
947 362 1095 420 frixa
1125 366 1574 425 contahuerunt.

265 437 620 489 Percussum
652 439 743 490 est
789 435 956 508 quasi
1007 438 1200 493 fenum
1249 445 1307 494 et
1352 441 1670 496 arefactum
1704 447 1794 499 est
1821 460 1919 500 cor

407 521 603 560 meum
637 522 650 560 ε

337 577 478 648 quia
507 576 726 653 oblitus
757 580 1229 653 sumAcomedere
1261 598 1469 653 panem
1502 600 1717 642 meum.

267 650 315 706 A
343 663 482 720 voce
513 649 771 720 gemitus
802 648 939 719 mei,

341 719 605 776 Adhaisit
633 737 698 776 os
731 736 928 775 meum
961 720 1121 776 carni
1153 737 1313 777 mea.

259 790 644 864 Assimilatus
671 808 805 847 sum
845 791 1113 864 pelicano
1147 793 1362 849 deserti
1400 813 1414 852 :

333 863 526 918 factus
556 879 691 919 sum
715 863 884 934 quasi
917 863 1072 919 bubo
1100 864 1488 922 solitudinum
1517 869 1558 924 ί.

260 933 534 1011 Xigilavi,
567 940 626 990 et
654 933 757 1011 tui:
780 935 934 1011 sicut
981 936 1124 1011 avis__
1155 937 1426 1011 solitaria
1467 956 1648 1011 super
1693 944 1913 999 tectum

259 1006 408 1062 Tota
436 1006 533 1078 die
562 1007 996 1078 exprobrabant
1026 1007 1170 1062 mihi
1203 1007 1432 1065 inimici
1464 1006 1577 1067 mei
1609 1031 1624 1070 :

331 1077 694 1157 exsultantes
724 1077 1168 1157 (b.insultantes
1190 1081 1486 1157 mihi)_per
1505 1099 1598 1140 me
1607 1085 1632 1157 j
1642 1087 1910 1144 urabant.

260 1149 411 1214 Quia
434 1149 690 1205 cinerem
723 1149 876 1205 Sicut
907 1167 1117 1221 panem
1149 1149 1400 1222 comedi,

332 1228 391 1276 et
420 1226 625 1292 potum
657 1237 856 1277 meum
885 1237 1019 1277 cum
1053 1221 1188 1278 fletu
1223 1221 1456 1280 miscui.

266 1295 317 1346 Δ
353 1292 501 1350 facie
529 1292 955 1364 indignationis
985 1298 1098 1348 tuae
1128 1299 1184 1349 et
1215 1295 1310 1350 iraa
1340 1303 1452 1352 tua:
1486 1315 1499 1353 :

407 1364 547 1438 quia
575 1363 781 1438 levasti
813 1365 919 1438 (At.
959 1364 1225 1438 elevasti)
1254 1383 1367 1438 me,
1402 1373 1456 1424 et
1487 1369 1724 1428 allisisti
1754 1386 1872 1429 me.

262 1434 401 1491 Dies
427 1434 541 1491 mei
571 1437 741 1512 quasi
763 1434 980 1512 umbra
1010 1434 1274 1512 inclinati
1305 1434 1447 1496 sunt
1475 1443 1518 1512 ³,

332 1512 390 1562 et
417 1523 522 1579 ego
553 1508 724 1578 quasi
755 1508 954 1563 fenum
987 1509 1136 1564 arui.

253 1578 344 1634 Tu
375 1578 596 1645 autem,
628 1579 894 1654 Domine,
929 1579 987 1654 in
1019 1585 1300 1636 aeternum
1335 1599 1665 1654 permanes,

328 1655 388 1706 et
417 1649 758 1726 memoriale
780 1656 948 1707 tuum
971 1651 1030 1706 in
1055 1649 1428 1726 generatione
1441 1649 1903 1726 etgeneratione.

254 1726 342 1778 Tu
370 1723 667 1794 suscitans
698 1722 780 1794 (h.
816 1722 1092 1794 surgens)
1122 1725 1492 1782 misereberis
1508 1722 1661 1783 'Sion
1699 1746 1710 1782 :

328 1792 469 1866 quia
496 1792 730 1870 tempus
760 1795 956 1870 ut_(Al.
988 1792 1114 1850 add.
1146 1798 1256 1870 est)
1289 1797 1622 1870 miserearis
1648 1799 1798 1870 ejus,

395 1865 865 1941 quoniamvenit
887 1871 1122 1941 tempus
1150 1865 1247 1937 (h.
1264 1869 1625 1941 condictum)
1657 1865 1698 1924 δῖ

327 1937 608 2013 quoniam
642 1936 888 2013 placitos
911 1936 1350 2013 fecerunt‘servi
1382 1941 1466 1994 tui
1496 1936 1719 2012 lapides
1752 1944 1902 2013 ejus,

325 2007 393 2082 et
417 2007 714 2082 pulverem
742 2010 871 2080 ejus
905 2009 1296 2066 miserabilem
1331 2015 1349 2047 ⁴
1382 2013 1486 2082 (Αι.
1531 2007 1901 2079 mirabilem).

251 2078 326 2134 Et
355 2078 657 2152 timebunt
678 2078 882 2152 gentes
912 2097 1124 2137 nomen
1159 2078 1410 2151 Domini,

323 2156 382 2222 et
411 2151 666 2208 universi
692 2151 860 2222 reges
891 2156 1055 2208 terres
1086 2152 1328 2222 gloriam
1359 2161 1536 2212 tuam.

251 2221 403 2288 Quia
429 2223 734 2306 aaditicavit
759 2221 1045 2306 Dominus
1073 2221 1208 2282 Sion
1243 2241 1256 2283 :

326 2297 600 2377 apparuit
630 2296 688 2351 in
719 2295 908 2379 gloria
939 2313 1068 2351 sua.

249 2363 529 2450 Respexit
557 2367 629 2450 ad
657 2373 982 2450 orationem
1007 2368 1175 2426 vacui
1207 2367 1288 2438 (h.
1321 2369 1562 2442 effossi),

319 2441 516 2512 etnon
548 2439 813 2512 despexit
838 2439 1164 2512 orationem
1196 2456 1420 2496 eorum.

244 2509 689 2583 Scribaturqhoc
721 2511 784 2583 in
811 2511 1212 2583 generatione,
1248 2511 1594 2582 novissima,

321 2587 378 2636 et
405 2581 660 2654 populus
691 2582 791 2654 qui
818 2581 1121 2639 creabitur
1146 2581 1422 2654 laudabit
1450 2581 1791 2642 Dominum.

252 2652 540 2727 Qu_oniam
574 2652 874 2727 prospexit
902 2655 974 2710 de
1004 2653 1230 2710 excelso
1261 2657 1597 2711 sanctuario
1627 2674 1734 2714 suo
1771 2675 1784 2714 :

325 2723 615 2799 Dominus
645 2723 890 2799 de'coelo
910 2731 1125 2799 terram
1159 2727 1593 2799 contemplatus
1625 2734 1735 2785 est.

245 2793 322 2851 Ut
352 2795 582 2868 audiret
609 2797 894 2868 gemitum
924 2797 1123 2867 vincti,

323 2871 392 2922 ut
423 2867 670 2924 solveret
701 2868 852 2926 ﬁlios
885 2869 1112 2925 mortis.

250 2936 330 2994 Ut
359 2944 626 3011 narretur
653 2940 712 2996 in
743 2941 877 2997 Sion
911 2957 1122 2996 nomen
1153 2939 1411 3011 Domini,

327 3014 386 3065 et
413 3009 669 3069 laudatio
697 3014 826 3082 ejus
858 3012 917 3068 in
946 3012 1298 3069 Jerusalem.

253 3083 407 3138 Cum
439 3085 770 3156 congregati
792 3083 1011 3157 fuerint
1041 3083 1240 3157 populi
1270 3082 1469 3153 simul,

325 3157 385 3210 et
413 3155 594 3228 regna
617 3155 682 3212 ut
711 3156 968 3214 serviant
997 3155 1255 3213 Domino.

337 3299 353 3333 ι
389 3296 576 3354 Aliter
604 3298 762 3355 hunc
788 3315 1024 3355 versum
1057 3297 1424 3368 interpretari
1451 3297 1676 3355 videtur
1704 3299 1901 3357 Hiero-

261 3385 484 3443 nymus
514 3370 572 3425 in
605 3372 776 3443 epist.
808 3371 880 3426 ad
913 3372 1100 3426 Sunn.
1133 3375 1188 3426 et
1217 3369 1449 3436 Fretel.,
1483 3371 1579 3425 ubi
1612 3372 1695 3427 ait
1727 3389 1740 3426 :
1775 3395 1802 3423 «
1835 3377 1900 3429 In

258 3442 490 3515 Hebraeo
532 3442 1019 3514 pro’nycticorace
1072 3443 1296 3515 verbum
1331 3460 1433 3515 sos
1481 3445 1749 3515 scriptum
1777 3452 1853 3500 est
1881 3461 1902 3506 ;

254 3513 401 3584 quod
422 3515 644 3584 Aquila,
675 3513 728 3569 et
759 3515 1210 3584 Septuaginlamt
1243 3513 1659 3580 T/icodolion,tet
1690 3517 1906 3580 Quinta

252 3584 887 3657 editio,nycticoracem
911 3585 1273 3657 interpretati
1303 3591 1443 3640 sunt
1465 3588 1900 3657 ;8ymmachus,

251 3673 518 3730 upupam
549 3675 563 3725 ;
595 3662 756 3730 sexta
786 3657 1449 3730 editio,noctuam,quod
1483 3664 1541 3713 et
1572 3676 1679 3714 nos
1713 3661 1904 3730 magis

252 3729 586 3801 sequimur.
623 3729 884 3801 Denique
915 3729 1016 3784 ubi
1065 3729 1219 3800 apud
1281 3734 1535 3801 nostros,
1586 3737 1639 3784 et
1673 3729 1902 3788 Graecos

252 3798 520 3872 legitur:
558 3801 766 3856 Factus
788 3798 925 3856 sum
957 3798 1118 3856 sicut
1149 3798 1480 3872 nycticorax
1503 3800 1561 3855 in
1584 3802 1902 3868 domicilio,

253 3872 412 3942 apul
444 3870 712 3928 Hebraeos
743 3872 962 3928 dicitur
997 3889 1009 3926 :
1045 3870 1254 3927 Factus
1276 3887 1405 3926 sum
1431 3873 1584 3942 sicut
1608 3878 1820 3928 noctua
1841 3875 1900 3928 in

257 3943 544 4001 ruinosis.
575 3943 842 4014 Plerique
875 3944 1168 3999 bubonem
1200 3941 1559 4014 contentiose
1588 3945 1903 4012 signiﬁcari

257 4019 494 4086 putant.
540 4035 577 4086 ν»
629 4013 969 4071 Notandum
1017 4031 1151 4070 vero
1182 4031 1284 4085 pro
1314 4013 1615 4086 hodierno
1665 4016 1903 4072 Hebraeo

259 4085 396 4159 mn:
453 4085 639 4159 Kekos,
714 4087 1134 4159 Hieronymum
1214 4085 1428 4159 legisse
1501 4096 1661 4156 ωτι),
1723 4088 1902 4156 kebos,

255 4158 384 4214 sive
411 4158 622 4225 chebos,
661 4163 718 4214 ut
751 4157 951 4214 ﬁdem'
983 4157 1154 4213 nobis
1214 4157 1436 4212 faciunt
1490 4175 1696 4214 omnes
1759 4177 1902 4216 mss.

256 4230 491 4286 codices
517 4230 774 4300 epistola
797 4231 919 4300 jam
951 4230 1119 4285 dictis
1150 4230 1220 4284 ad
1253 4231 1440 4285 Sunn.
1488 4236 1544 4285 et
1579 4231 1812 4299 Fretel.,
1844 4233 1903 4288 in

258 4305 462 4376 quas.
500 4302 927 4376 Doctor‘vertit,
957 4301 1098 4357 sicut
1127 4305 1325 4356 noctua
1342 4303 1413 4376 ‘in
1444 4303 1713 4376 ruinosis,
1748 4305 1904 4376 quod

253 4371 352 4428 hic
383 4371 442 4428 in
483 4373 766 4430 Psalterio
814 4374 1255 4444 interpretatur,
1304 4372 1446 4428 sicut
1489 4373 1624 4429 bubo
1655 4371 1907 4432 scliiudi-

263 4460 425 4499 num.
459 4443 633 4500 Plura
661 4447 732 4500 de
762 4448 863 4500 Bos
893 4450 950 4500 et
978 4443 1115 4500 Cleos
1150 4445 1206 4499 in
1259 4445 1738 4502 adnotationibus
1766 4455 1901 4504 Pro-

261 4515 456 4571 dromi
487 4518 760 4591 curiosus
791 4517 988 4591 lector_
1010 4516 1283 4591 inveniet.
1312 4517 1492 4591 Mam.
1535 4549 1602 4556 ——-
1627 4519 1696 4591 ln
1731 4522 1903 4591 epist.
1941 4487 1985 4549 Β

257 4605 442 4659 quam
469 4593 526 4643 et
558 4589 825 4645 Martian.
857 4589 1082 4653 laudat,
1112 4589 1183 4642 ad
1215 4589 1498 4642 Sunniam
1531 4593 1589 4642 et
1621 4589 1905 4648 Fretelam

259 4660 812 4731 probassegvidetur
856 4660 1066 4731 magis,
1114 4661 1253 4715 sicut
1298 4664 1497 4715 noctua
1529 4663 1586 4715 in
1642 4665 1905 4718 ruinosis.

258 4728 656 4788 Nihilosecius
686 4748 932 4804 arguere
955 4728 1027 4786 cx
1057 4732 1258 4804 eadem
1299 4731 1478 4804 licet,
1508 4732 1789 4789 maluisse
1823 4737 1910 4792 hic

262 4804 329 4877 S_.
365 4802 1032 4877 Interpretemlrecepta:
1074 4803 1295 4877 passim
1325 4802 1582 4872 Opinioni
1616 4807 1910 4877 assentiri,

264 4874 568 4942 siquidem
600 4876 785 4949 addit,
815 4874 1084 4949 Plerique
1099 4874 1368 4930 bubonem
1398 4874 1916 4949 coutcntiosesiguiL

261 4949 435 5018 ﬂcari
457 4953 680 5016 putant.
724 4947 889 5015 Vide,
924 4947 974 5001 si
1027 4946 1188 5001 libet.
1241 4962 1369 5018 qua:
1419 4947 1490 5000 ad
1535 4963 1669 5002 eum
1721 4946 1911 5005 locum

262 5019 670 5075 observamus.

338 5090 360 5124 ²
390 5091 533 5146 Tres
556 5107 721 5159 mss.,
753 5087 1226 5152 Carcassonensi,
1259 5087 1600 5158 Vaticanus,
1633 5093 1688 5144 et
1717 5094 1771 5143 S.
1808 5089 1916 5146 Mi-

265 5161 513 5226 chaelis,
545 5163 688 5217 sicut
717 5163 911 5216 umbra
946 5161 1236 5214 inclinata.
1269 5163 1450 5214 MART.

339 5232 582 5290 ’Canon
616 5234 1012 5290 Memmianus
1059 5248 1191 5285 cum
1241 5231 1420 5300 Regio
1468 5248 1532 5285 ac
1583 5233 1916 5288 Corbeiensi

267 5306 714 5376 manuscriptis,
747 5308 1011 5377 quoniam
1039 5302 1186 5377 venit
1216 5309 1446 5372 tempus,
1472 5305 1740 5377 quapiam
1771 5308 1920 5377 venit

263 5383 516 5451 pactum.
566 5374 645 5434 ita
699 5374 932 5450 quoque
980 5374 1919 5451 scriptumeratin__C_arnutensi

269 5445 409 5506 ante
439 5453 568 5522 ejus
598 5445 1090 5522 emendationem.
1118 5449 1178 5502 In
1209 5445 1444 5522 llebrteo
1477 5445 1624 5501 nihil
1651 5455 1740 5501 est
1764 5451 1917 5519 quod

269 5518 629 5594 laveat'huic
653 5520 1042 5594 geminatioui
1073 5518 1275 5594 :Junde
1309 5523 1588 5594 tanquam
1611 5518 1922 5594 superﬂua

268 5593 602 5660 abjicienda
626 5588 716 5648 est
744 5637 757 5658 ,
791 5599 848 5648 et
873 5593 984 5648 nisi
1021 5589 1184 5646 fallat
1216 5606 1322 5660 nos
1353 5588 1570 5658 opinio,
1592 5592 1803 5660 duplex
1832 5595 1921 5648 hic

269 5659 442 5720 adest
462 5665 729 5737 ejusdem
755 5671 948 5737 textus
981 5661 1246 5737 Hebraici
1265 5659 1919 5737 interpretatio’Latina.

267 5737 466 5793 ΜΑιιτ.
491 5733 564 5777 ἒ-
598 5736 853 5792 Alterum
886 5736 1061 5790 hocce
1087 5733 1523 5805 hemistichium
1549 5750 1680 5788 cum
1717 5737 1922 5805 nostri,

275 5815 406 5866 tum
439 5807 664 5881 aliquot
692 5824 869 5880 penes
904 5807 1176 5863 Martian.
1213 5820 1380 5872 mss,
1417 5804 1510 5860 hic
1544 5804 1926 5881 addunt,qno¥

1605 247 1818 300 LIBER
1859 251 2322 307 PSALMORUM.

1945 377 2002 443 Α
2031 373 2252 430 Afﬂixit
2276 374 2333 430 in
2365 374 2457 431 via
2489 375 2890 432 fortitudinem
2927 391 3114 432 meam
3153 391 3166 430 :

3542 252 3680 306 1270

2103 447 2460 502 abbreviavit
2487 448 2613 504 dies
2645 465 2826 504 meos.

2026 517 2251 584 Dicam,
2283 519 2438 575 Deus
2472 537 2637 576 meus
2663 521 2780 586 ‘,ne
2813 518 3008 591 rapias
3030 534 3124 574 me
3146 519 3204 574 in
3233 517 3422 575 medio
3443 517 3672 575 dierum

2172 607 2434 646 meorum
2471 607 2483 644 ε

2097 660 2156 715 in
2189 663 2558 733 generatione
2588 661 3033 733 generationum
3069 662 3206 718 anni
3241 661 3347 716 tui.

2024 733 2066 788 Α
2099 734 2389 806 principio
2421 741 2634 789 terram
2669 734 2950 801 fundasti,

2096 809 2153 876 et
2182 805 2330 876 opus
2362 821 2648 860 manuum
2681 811 2914 862 tuarum
2949 805 3099 860 casli.

2024 875 2144 949 Ipsi
2178 877 2477 947 peribunt,
2508 882 2572 932 tu
2595 882 2788 949 autem
2823 877 3030 942 stabis,

2093 953 2152 1004 et
2181 949 2585 1020 omnesiquasi
2615 948 3032 1004 vestimentum
3066 950 3412 1020 atterentur,

2094 1019 2264 1092 quasi
2297 1018 2541 1090 pallium
2575 1020 2656 1092 (h.
2688 1021 3134 1088 vestimentum)
3165 1018 3428 1074 mutabis
3457 1032 3581 1084 eos,
3617 1018 3676 1072 et

2165 1093 2575 1147 mutabuntur.

2020 1163 2108 1219 Tu
2139 1169 2334 1218 autem
2362 1165 2489 1234 ipse
2517 1164 2624 1232 (At.
2656 1163 2780 1218 add.
2815 1162 2922 1232 es),

2090 1239 2148 1290 et
2177 1236 2315 1290 anni
2346 1237 2431 1290 tui
2463 1251 2579 1290 non
2611 1235 2904 1290 delicient.

2019 1306 2150 1362 Filii
2184 1323 2480 1362 servorum
2513 1312 2744 1362 tuorum
2777 1305 3147 1372 habitabant,

2089 1383 2149 1435 et
2179 1394 2379 1434 semen
2411 1395 2614 1434 eorum
2660 1383 2795 1434 ante
2843 1378 3049 1434 faciem
3107 1382 3272 1432 tuam
3304 1376 3413 1448 (At.
3446 1373 3671 1445 eorum)

2160 1451 2555 1521 perseverabit
2583 1449 2666 1521 (h.
2701 1449 3028 1556 diri’gftpr).

2716 1538 2882 1577 DAVID
2911 1538 2954 1578 °.

2017 1591 2212 1663 (Clll.)
2246 1591 2514 1659 Benedic,
2547 1592 2746 1648 anima
2771 1593 2878 1649 (Αι.
2912 1591 3040 1648 add.
3077 1591 3252 1662 mea),
3283 1587 3558 1655 Domino,

2089 1669 2148 1717 et
2174 1664 2371 1718 omnia
2395 1665 2621 1720 viscera
2651 1681 2778 1720 mea
2808 1664 3033 1720 nomini
3067 1671 3271 1718 sancto
3301 1663 3452 1733 ejus.

1935 1741 1984 1807 B
2014 1735 2284 1807 Benedic,
2317 1735 2514 1792 anima
2548 1753 2700 1807 mea,
2731 1737 3002 1800 Domino,

2087 1813 2145 1861 et
2177 1805 2296 1861 noli
2328 1806 2590 1863 oblivisci
2622 1808 2886 1863 omnium
2922 1805 3375 1862 retributionum
3409 1804 3558 1874 ejus.

2014 1876 2120 1940 Qui
2155 1878 2508 1949 propitiatur
2537 1880 2555 1913 ⁷
2587 1879 2814 1934 cunctis
2847 1879 3266 1951 iniquitatibus
3299 1878 3442 1948 tuis,

2086 1951 2186 2031 qui
2219 1956 2391 2031 sanat
2420 1967 2625 2031 omnes
2657 1951 3034 2031 infirmitates
3061 1957 3215 2031 tuas,

2012 2021 2120 2085 Qui
2152 2022 2391 2077 redimit
2419 2023 2490 2077 de
2522 2024 2894 2093 corruptione
2923 2023 3098 2078 vitam
3135 2027 3322 2089 tuam,

2082 2093 2181 2175 qui
2216 2099 2456 2175 coronat
2485 2098 2542 2150 te
2561 2094 2619 2175 in
2648 2090 3050 2175 misericordia
3071 2099 3128 2150 et
3150 2090 3652 2175 miserationibus.

2010 2165 2118 2230 Qui
2150 2165 2334 2237 replet
2363 2166 2449 2236 (h.
2490 2165 2684 2236 satiat)
2716 2166 2884 2223 bonis
2916 2169 3327 2222 ornamentum
3357 2172 3528 2220 tuum
3561 2177 3578 2218 :

2081 2237 2465 2319 innovabitur.
2486 2237 2638 2319 sicut
2667 2237 2874 2319 aquilis
2898 2239 3181 2309 juventus
3212 2241 3336 2306 tua,

2009 2309 2250 2364 Faciens
2275 2309 2538 2378 justitias
2569 2309 2876 2377 Dominus,

2080 2385 2138 2436 et
2159 2381 2385 2453 judicia
2415 2381 2642 2453 cunctis
2673 2383 2772 2453 qui
2807 2380 3164 2436 calumniam
3190 2380 3509 2436 sustinent.

2008 2452 2188 2508 Notas
2221 2452 2357 2508 fecit
2385 2452 2509 2508 vias
2540 2452 2861 2510 suas’Mosi
2894 2470 2907 2507 :

2083 2524 2219 2606 {iliis
2253 2524 2431 2608 Israel
2469 2524 2849 2608 cogitatiories
2879 2523 2960 2608 (h.
2995 2523 3462 2592 adinventiones)
3495 2537 3657 2578 suas.

2007 2594 2340 2652 Misericors
2371 2604 2424 2651 et
2454 2594 2708 2652 clemens
2742 2594 3019 2652 Dominus
3055 2612 3068 2650 :

2080 2665 2309 2740 patiens
2339 2668 2420 2739 (h.
2454 2669 2658 2725 tardus
2689 2670 2761 2724 ad
2794 2668 3071 2738 furorem)
3102 2670 3159 2722 et
3183 2665 3384 2722 multae
3415 2664 3657 2720 misera-

2151 2738 2348 2794 tionis.

2008 2810 2133 2866 Non
2165 2810 2224 2864 in
2257 2808 3003 2893 sempiternumjudicabit
3136 2807 3442 2890 .litigabit).

2081 2898 2270 2936 neoue
2302 2899 2359 2936 in
2383 2887 2666 2936 aeternum
2700 2886 2988 2936 irascetur
3017 2882 3033 2936 (
3085 2922 3098 2936 .
3132 2897 3192 2935 in
3224 2878 3438 2936 seaculu

2081 2898 2270 2953 neque
2289 2878 2666 3008 1ipitg'eternum
2700 2878 2988 2938 irascetur
3017 2878 3098 2952 (h.
3132 2879 3192 2935 in
3224 2878 3502 2936 seaculum
3534 2893 3660 2950 per-

2153 2970 2283 3008 vera
2331 2971 2348 3008 ι
2406 2995 2418 3008 .

2153 2953 2418 3009 verabit).

2005 3023 2124 3080 Non
2153 2955 2484 3081 ζὲἓῗιῗιιέίίω
2514 3029 2749 3100 peccata
2765 3028 2982 3100 nostra
3016 3022 3151 3079 fecit
3179 3021 3347 3077 nobis
3383 3037 3397 3076 :
3457 3094 3466 3100 ι
3511 3090 3544 3100 η
3616 3090 3626 3100 .

2085 3113 2287 3226 nequg.
2311 3090 2638 3154 secundum
2698 3096 3042 3169 iniquitates
3099 3099 3330 3150 nostras
3389 3090 3660 3149 retribuit

2154 3185 2228 3225 no
2274 3186 2345 3226 is.

2154 3185 2345 3226 110013.

2009 3301 2172 3357 niam
2201 3303 2354 3357 venit
2382 3305 2627 3372 pactum.
2661 3299 2888 3365 Quibus
2919 3315 3052 3355 cum
3083 3297 3230 3372 nihil
3280 3296 3359 3372 sit
3388 3296 3542 3372 quod
3572 3311 3656 3350 re-

2009 3374 2296 3447 spondeat
2327 3368 2448 3428 sive
2478 3373 2537 3428 in
2570 3373 2962 3447 Hebrszo,sive
2992 3371 3147 3447 apud
3181 3369 3456 3447 antiquos
3488 3368 3664 3447 intor-

2010 3442 2224 3518 p'retes,
2257 3461 2505 3522 pronum
2540 3449 2631 3499 est
2657 3442 3268 3522 opinari,ejusde_m_in
3303 3457 3481 3522 sacro.
3503 3446 3662 3494 textu

2012 3515 2321 3573 sententiae
2357 3517 2668 3584 glossema.
2698 3515 2841 3571 isive
2890 3516 3063 3571 aliam
3119 3515 3661 3582 interpretationem

2009 3589 2162 3646 hanc
2190 3605 2336 3643 esse.
2376 3591 2443 3644 Et
2470 3605 2604 3644 vero
2628 3598 2789 3653 mni:
2822 3603 3054 3653 nomen,
3081 3587 3233 3656 quod
3275 3585 3664 3655 Hieronymus

2015 3661 2192 3716 vertit
2221 3665 2457 3730 tempus,
2483 3661 2679 3716 nescio
2701 3675 2872 3730 quem
2912 3658 3140 3730 proprie
3171 3663 3341 3712 sonat
3363 3672 3660 3730 pannorum

2013 3734 2258 3794 ﬂuxum,
2290 3729 2411 3786 sive
2442 3740 2655 3786 certam
2702 3729 3159 3802 periodumiper
3204 3729 3472 3802 condicta
3517 3732 3660 3802 tem:

2011 3808 2248 3875 pora,ut
2277 3819 2345 3858 ex
2387 3803 2623 3875 Daniele
2655 3797 2770 3875 non
2795 3818 2911 3856 uno
2945 3797 3161 3875 inloco
3186 3797 3661 3875 colligimus.0ui

2013 3870 2400 3946 adeo—pactum
2448 3873 2540 3927 hic
2591 3874 2779 3946 vertit,
2833 3889 2945 3926 non
2995 3871 3195 3942 factus,
3246 3870 3483 3946 etquod
3517 3880 3661 3946 D713

2013 3947 2072 4001 in
2122 3939 2402 4020 Hebgraico
2431 3945 2730 4020 sonat,sed
2761 3939 3006 4020 pactum’
3029 3940 3410 4020 tempus,_sive
3440 3939 3662 4020 consti:

2014 4023 2205 4074 tutum
2238 4017 2403 4073 innui
2437 4011 2859 4072 voluit.Notum
2896 4015 3114 4086 quippe
3145 4011 3255 4080 est,
3283 4011 3658 4086 haecPsalmi

2012 4090 2189 4144 verba
2220 4089 2288 4144 ad
2325 4089 2659 4157 pmdictam
2695 4089 2766 4143 ab
2806 4083 3080 4151 Jeremia,
3112 4101 3160 4140 c.
3206 4099 3318 4138 xxv
3373 4083 3457 4147 11,
3489 4087 3664 4154 atque

2015 4161 2153 4217 alibi
2186 4177 2475 4215 annorum
2508 4162 2808 4231 periodum
2843 4158 3064 4231 referri,
3109 4174 3223 4231 quo
3275 4160 3474 4231 exacto
3505 4160 3654 4231 tem-

2013 4233 2172 4306 poris
2205 4225 2917 4306 spatio,de'instaurauda
2945 4230 3080 4306 8ίίοη
3116 4225 3356 4306 urbc,ac
3379 4225 3660 4306 solvenda

2015 4297 2353 4376 captivitate
2380 4304 2792 4376 promissuma
2813 4301 2928 4356 Deo
2962 4303 3146 4356 fuerat
3167 4304 3222 4355 et
3251 4297 3662 4376 co_nst_itutum.

2015 4368 2293 4432 Hebraeus
2321 4368 2553 4447 quoque
2584 4374 3157 4447 scholiastessupra
3201 4372 3270 4427 ad
3305 4368 3458 4447 Psal.
3495 4385 3662 4447 μιν,

2018 4467 2070 4503 v.
2102 4451 2154 4510 2,
2186 4441 2495 4502 condictum
2529 4445 2896 4516 interpretari
2925 4441 3068 4500 illud
3103 4460 3310 4498 nomen
3354 4441 3557 4516 voluit.

2091 4521 2112 4554 ‘
2145 4521 2203 4574 In
2237 4524 2467 4574 (lunone
2510 4512 2989 4581 Carcassonensi,
3041 4516 3219 4585 inque
3268 4514 3501 4569 duobus
3531 4512 3666 4568 aliis

2024 4609 2191 4654 mss.,
2244 4592 2526 4646 Vaticano
2575 4595 2632 4645 et
2678 4597 2732 4644 δ.
2787 4587 3110 4655 Michaelis,
3159 4604 3307 4656 quos
3356 4593 3663 4641 Carcasso-

2024 4663 2224 4718 nensis
2256 4662 2641 4734 pedissequos
2667 4660 3182 4734 nominamus,th
3215 4658 3382 4734 modo
3415 4657 3662 4734 legitur:

2021 4730 2301 4806 Quonim}:
2329 4730 2656 4805 placuerunt
2684 4736 2854 4788 servis
2887 4733 2998 4786 tuis
3034 4730 3240 4799 lapides
3288 4731 3422 4806 ejus,
3455 4733 3504 4784 et
3532 4730 3663 4806 put--

2021 4791 2146 4865 ὕει’ίὶ
2173 4807 2289 4876 ejus
2329 4791 2760 4861 (miserebantur.
2815 4808 3010 4858 Canon
3061 4791 3258 4857 tamen
3307 4791 3468 4873 legit,
3499 4791 3666 4857 servis

2012 4879 2287 4952 juistro
2316 4879 2459 4933 servi
2485 4879 2586 4931 lui.
2631 4877 2821 4952 Μᾼητ.

2094 4951 2114 4984 ⁵
2146 4945 2376 5019 Reginis
2413 4965 2552 5004 mss.
2593 4965 2604 5001 :
2644 4950 2858 5009 Dicam,
2895 4945 3126 5019 Domine
3155 4945 3296 4998 Deus
3326 4959 3499 5004 meus,
3531 4947 3668 5009 ctc.,

2026 5026 2082 5078 et
2113 5017 2477 5075 Cistcrciens.
2514 5036 2527 5075 :
2560 5023 2619 5073 in.
2649 5019 2876 5074 dimidio
2905 5017 3119 5071 dierum
3145 5032 3409 5077 meorum,
3443 5021 3551 5068 etc.

2097 5094 2118 5128 ⁸
2154 5093 2255 5148 Ms.
2289 5091 2662 5155 Cisterciens,
2696 5093 2806 5161 Ipsi
2839 5089 3008 5144 David
3035 5106 3055 5144 .'
3085 5093 3210 5142 tum
3247 5086 3434 5158 primo
3467 5085 3668 5140 statim

2025 5165 2202 5219 verbo
2233 5165 2561 5220 Benedicam
2597 5179 2697 5234 pro
2733 5161 2979 5234 Benedic.

2099 5238 2116 5270 ⁷
2155 5236 2307 5290 Idem
2342 5253 2451 5290 ms.
2500 5227 2940 5306 propitiubiluu:
2972 5236 3097 5285 tum
3156 5244 3258 5298 pro
3306 5227 3675 5306 relativo_qui

2031 5307 2449 5378 subsequentis
2481 5298 2546 5363 ac
2577 5298 2736 5362 tertii
2788 5306 2859 5360 ab
2892 5304 2997 5358 hoc
3045 5317 3247 5357 versus
3299 5308 3351 5356 et
3402 5298 3674 5372 copulam

2073 5379 2217 5434 onit.

2073 5397 2217 5434 onit.

2032 5397 2068 5451 ρ
2101 5453 2120 5484 ⁸
2154 5450 2299 5512 Male
2331 5447 2835 5510 Careassonensis,
2873 5445 3287 5510 Memmianus,
3313 5445 3491 5511 atque
3524 5439 3684 5494 Vati-

2033 5540 2215 5578 canus
2269 5540 2409 5575 mss.
2474 5522 2724 5574 retinent
2769 5533 3082 5590 pronomen
3120 5515 3680 5590 Δργὶιιξίιι,μετρηηπρ.

2033 5599 2284 5649 inventus
2317 5612 2430 5647 mea
2465 5611 2481 5646 :
2517 5594 2625 5646 nisi
2687 5584 2927 5656 lliérony
2943 5604 3072 5642 mus
3120 5586 3322 5654 legerit
3354 5584 3496 5639 forte
3529 5594 3680 5646 7'1“):

2034 5668 2234 5720 nuurui
2265 5683 2367 5736 pro
2402 5665 2683 5718 hodierno
2714 5673 2920 5736 ’ξπ-τηε
2969 5657 3286 5736 ueuruzcki,
3323 5658 3475 5736 quod
3512 5656 3687 5710 habet

2037 5728 2562 5792 aliixunisecumlm
2591 5753 2846 5802 personae
2873 5732 3162 5786 feminina:
3191 5728 3427 5784 cumiod
3469 5744 3684 5800 perago

2037 5811 2186 5882 gico,
2224 5813 2284 5864 ut
2314 5807 2449 5864 alibi
2484 5811 2540 5862 in
2581 5807 2846 5872 Psalmis,
2882 5818 3041 5860 more
3071 5805 3370 5875 Syrorum.
3406 5803 3590 5857 MART.
