4050 6182
284 244 432 300 1277

353 370 411 424 et
440 365 696 422 animam
729 361 1084 434 esurientem
1117 361 1382 434 implevit
1413 363 1604 421 bonis.

279 439 623 498 Habitantes
657 436 713 490 in
745 433 1000 490 tenebris
1031 438 1089 488 et
1120 433 1330 490 umbra
1361 437 1592 504 mortis,

356 511 620 581 alligatos
652 507 850 578 inopia
897 511 955 560 et
987 506 1154 560 ferro.

281 584 430 651 Quia
461 577 918 654 provocaveaunt
944 593 1244 654 sermones
1275 577 1398 645 Dei,

353 661 410 712 et
442 649 754 708 consilium
787 649 1010 705 Excelsi
1039 649 1611 719 blasphemaverunt.

283 722 716 784 Et-humiliavit
747 722 804 776 in
841 721 1035 776 labore
1066 737 1164 776 cor
1185 737 1425 776 eorum:

427 798 773 852 corruerunt
800 798 840 858 ί,
874 798 930 847 et
962 809 1075 847 non
1100 798 1223 846 erat
1251 795 1350 864 qui
1383 795 1700 863 adjuvaret.

282 869 354 926 Et
399 867 797 924 clamaverunt
828 865 896 918 ad
937 865 1246 920 Dominum
1277 868 1332 918 in
1367 865 1744 924 tribulatione
1784 884 1927 924 sua:

430 942 500 994 de
526 937 814 1009 angustiis
838 937 858 970 ²
887 951 1088 1009 eorum
1123 936 1366 992 salvavit
1393 953 1512 992 eos.

283 1015 351 1067 Et
380 1011 582 1067 eduxit
608 1007 712 1065 eos
743 1010 814 1063 de
844 1007 1103 1063 tenebris
1125 1016 1176 1063 et
1211 1010 1419 1064 umbra
1449 1009 1678 1079 mortis,

354 1089 412 1138 et
444 1082 676 1139 vincula
708 1095 906 1135 eorum
941 1079 1214 1151 disrupit.

281 1155 690 1212 Conﬁteantur
720 1152 966 1206 Domino
1000 1150 1458 1207 misericordiam
1493 1152 1646 1222 ejus.

354 1232 412 1282 et
443 1224 736 1281 mirabilia
787 1225 916 1294 ejus
949 1223 1007 1278 in
1039 1224 1190 1278 ﬁlios
1239 1224 1346 1294 (Αι.
1393 1223 1552 1291 ﬁliis)
1601 1224 1928 1280 hominum.

284 1301 435 1365 Quia
459 1296 732 1352 contrivit
769 1300 962 1365 portas
989 1311 1169 1350 aereas
1202 1296 1282 1366 (h.
1308 1295 1460 1351 ostia
1489 1299 1679 1367 aerea),

359 1375 417 1426 et
444 1374 640 1425 vectes
673 1369 886 1423 ferreos
917 1367 1219 1438 confregit.

286 1441 515 1498 Stultos
545 1445 788 1512 propter
813 1437 958 1512 viam
992 1436 1588 1512 (h.__de_via)_sceleri_s
1618 1454 1842 1512 eorum,

357 1519 414 1570 et
432 1508 682 1638 fprq‘pter
711 1508 1054 1582 iniquitates
1073 1509 1152 1583 (h.
1179 1509 1680 1582 deiniquitatibus
1702 1508 1935 1582 suis)af-

478 1601 524 1637 ic
556 1600 639 1638 os.

478 1586 639 1638 ictos.

285 1656 536 1713 Omnem
576 1655 770 1711 cibum
797 1652 1137 1707 abominata
1167 1657 1257 1708 est
1285 1652 1484 1708 anima
1513 1669 1740 1719 eorum,

363 1733 419 1783 et
449 1730 821 1782 accesserunt
851 1727 917 1779 ad
967 1724 1293 1796 (Al.usque
1325 1725 1433 1796 ad),
1463 1729 1662 1796 portas
1709 1723 1932 1778 mortis.

292 1801 366 1856 Et
395 1798 794 1854 clamaverunt
824 1797 893 1850 ad
933 1795 1244 1850 Dominum
1276 1795 1334 1850 in
1368 1795 1743 1852 tribulatione
1785 1812 1933 1852 sua:

362 1871 432 1926 de
464 1871 569 1942 (Αἰ.
599 1873 655 1924 et
683 1869 775 1938 de)
811 1866 1101 1938 angustiis
1159 1883 1360 1942 eorum
1396 1867 1642 1924 salvavit
1671 1885 1790 1924 eos.

296 1940 722 1998 Misit'verbum
757 1955 957 2007 suum,
989 1943 1046 1994 et
1079 1940 1306 1994 sanavit
1334 1955 1471 1995 eos:

365 2019 422 2069 et
453 2013 696 2068 salvavit
727 2012 796 2066 de
827 2011 1062 2065 interitu
1097 2027 1320 2066 eorum.

293 2085 700 2142 Confiteantur
728 2083 977 2138 Domino
1009 2081 1469 2137 misericordiam
1504 2082 1630 2151 ejus

367 2161 425 2212 et
454 2154 745 2211 mirabilia
773 2155 902 2225 ejus
935 2153 991 2208 in
1029 2153 1178 2208 filios
1205 2153 1286 2226 (h.
1311 2153 1470 2226 ﬁliis)
1497 2153 1828 2226 hominum.

291 2230 363 2285 Et
388 2227 692 2284 immolent
741 2226 964 2281 hostias
996 2225 1418 2297 gratiarum(h.
1453 2225 1937 2294 confessionum),

368 2305 426 2355 et
458 2306 695 2355 narrent
724 2314 896 2370 opera
927 2297 1055 2370 ejus
1086 2297 1143 2352 in
1176 2297 1368 2370 laude.

291 2371 402 2436 Qui
425 2368 790 2427 descendunt
821 2385 980 2424 mare
1011 2369 1068 2422 in
1101 2368 1428 2424 navibusi’:

368 2443 646 2499 facientes
680 2457 827 2514 opus
857 2440 966 2514 (Al.
993 2441 1384 2514 Operationes)
1409 2440 1465 2495 in
1509 2438 1680 2511 aquis
1711 2437 1937 2496 multis.

291 2515 410 2588 Ipsi
443 2512 916 2588 viderunt'opera
944 2512 1203 2588 Domini,

367 2592 425 2642 et
455 2585 750 2641 mirabilia
779 2583 906 2654 ejus
941 2584 997 2638 in
1026 2583 1330 2655 profundo.

288 2659 361 2715 Et
391 2658 558 2723 dixit,
591 2663 647 2713 et
677 2653 929 2712 surrexit
960 2653 1040 2727 (h.
1075 2655 1302 2727 statuit)
1333 2657 1542 2710 ventus
1573 2653 1940 2725 tempestatis

365 2736 423 2786 et
453 2729 694 2802 elevavit
722 2727 984 2802 gurgites
1017 2728 1167 2802 ejus.

291 2802 638 2860 Ascendunt
666 2795 986 2862 in'coel'um,
1012 2795 1069 2854 et
1099 2797 1465 2853 descendunt
1492 2795 1550 2850 in
1588 2796 1866 2866 abyssos:

369 2873 569 2930 anima
589 2889 790 2928 eorum
814 2872 872 2926 in
905 2870 1219 2926 afflictione
1245 2869 1323 2926 (h.
1352 2868 1526 2937 malo)
1549 2867 1940 2923 consumitur.

299 2946 768 3018 Obstupuerunt,
799 2942 1319 3018 etAintremuerunt
1341 2939 1532 3018 quasi
1549 2939 1787 3018 ebrius:

374 3023 430 3072 et
457 3013 728 3072 universa
754 3013 1040 3087 Sapientia
1070 3030 1268 3087 eorum
1303 3013 1716 3087 absorpta_est.

372 3088 778 3145 Clamaverunt
808 3082 1050 3142 "autem
1110 3087 1181 3142 ad
1215 3082 1528 3141 Dominum
1581 3082 1640 3137 in
1694 3082 1943 3140 tribula-

441 3161 600 3215 tione
634 3176 758 3216 sua.

369 3235 426 3286 et
455 3233 527 3287 de
557 3229 848 3304 angustiis
877 3245 1077 3304 eorum
1109 3227 1305 3304 eduxit
1325 3243 1445 3304 eos.

369 3305 596 3359 Statuet
629 3297 710 3364 (h.
743 3301 1082 3370 Suscitahit)
1116 3300 1408 3354 turbinem
1440 3297 1499 3353 in
1541 3297 1944 3370 tranquillita-

368 3381 508 3443 tem,
541 3380 596 3431 et
629 3374 888 3430 silebunt
921 3373 1132 3427 ﬂuctus
1165 3372 1310 3441 ejus.

296 3449 685 3504 Laetabuntur
714 3445 993 3518 quoniam
1027 3444 1391 3516 quieverunt,

369 3525 426 3574 et
457 3519 705 3574 deducet
730 3512 833 3572 eos
867 3517 936 3572 ad
974 3512 1206 3588 portum
1240 3530 1415 3588 quem
1448 3512 1778 3588 voluerunt.

292 3591 693 3648 Conﬁteanlur
723 3586 1465 3645 Domino‘misericordiam
1493 3586 1642 3656 eius,

365 3667 423 3719 et
454 3662 744 3717 mirabilia
775 3661 902 3730 eius
932 3661 990 3714 in
1026 3659 1176 3714 ﬁlios
1210 3658 1536 3730 hominum.

297 3736 370 3792 Et
399 3733 660 3790 exaltent
687 3729 821 3789 eum
853 3734 908 3786 in
946 3731 1192 3786 ecclesia
1223 3729 1446 3801 populi,

370 3811 426 3862 et
457 3806 515 3860 in
546 3805 823 3860 cathedra
854 3805 1144 3859 seniorum
1178 3802 1421 3857 laudent
1450 3817 1604 3856 eum.

299 3879 481 3935 Ponet
515 3878 758 3933 flumina
790 3878 844 3930 in
867 3877 1183 3940 desertum,
1471 3911 1476 3920 ν

371 3955 429 4005 et
458 3949 646 4004 fontes
677 3948 752 4011 (h.
788 3947 1001 4015 exitus)
1035 3961 1318 4018 aquarum
1346 3944 1401 3998 in
1436 3943 1616 3998 sitim.

303 4022 543 4077 Terram
579 4021 936 4076 fructiferam
973 4019 1027 4072 in
1063 4017 1420 4087 salsuginem
1450 4033 1462 4084 ;

376 4111 491 4166 prae
522 4093 750 4166 malitia
783 4092 1172 4166 habitatorum
1204 4091 1354 4159 ejus,

300 4161 484 4222 Po'net
515 4165 818 4236 desertum,
843 4164 903 4218 in
938 4161 1184 4236 paludes
1212 4177 1520 4236 aquarum,

371 4241 430 4292 et
463 4242 679 4308 terram
707 4231 1002 4308 inviamin
1030 4235 1216 4288 fontes
1247 4231 1329 4304 (h.
1363 4233 1576 4306 exitus)
1641 4249 1949 4308 aquarum.

297 4312 368 4363 Et
397 4307 711 4363 collocavit
741 4307 820 4362 ibi
851 4306 1176 4362 esurientes
1211 4321 1223 4358 :

368 4385 428 4436 et
460 4379 792 4434 fundabunt
825 4379 1023 4434 urbem
1059 4379 1126 4432 ad
1156 4376 1560 4433 habitandum.

300 4452 371 4508 Et
405 4452 589 4506 ferent
619 4467 810 4522 agros,
843 4454 900 4506 et
930 4448 1286 4522 plantabunt
1309 4449 1509 4522 vineas
1537 4467 1548 4502 :

373 4528 430 4578 et
464 4523 676 4578 facient
707 4523 902 4592 fruges
932 4522 1200 4593 germina
1232 4521 1704 4593 (ALgenimina).

299 4595 375 4650 Et
407 4595 754 4650 benedicent
783 4591 888 4659 eis,
922 4591 979 4648 et
1009 4591 1566 4663 multiplicabuntur
1596 4591 1798 4656 nimis,

373 4671 431 4721 et
450 4683 662 4736 pecora
694 4666 778 4734 (h.
799 4665 1094 4736 jumenta)
1117 4680 1317 4736 eorum
1333 4681 1446 4719 non
1471 4664 1894 4720 imminuentur
1909 4664 1950 4732 ⁵,

301 4739 625 4794 Imminuta
657 4742 798 4793 sunt
825 4741 1019 4792 autem
1051 4742 1110 4792 et
1139 4735 1381 4802 afﬂicta,

298 4954 438 5025 ejus,
470 4954 521 5007 et
548 4951 840 5025 mirabilia
868 4953 992 5025 eius
1025 4952 1084 5004 in
1115 4951 1251 5025 ﬁliis
1281 4949 1566 5025 hominum
1595 4948 1951 5025 Sorbonicus

301 5021 436 5082 cum
469 5022 642 5079 editis
677 5021 843 5077 libris
876 5024 1088 5077 retinet
1123 5021 1404 5093 pluralem
1441 5036 1750 5093 numerum
1784 5022 1951 5093 mise-

297 5095 590 5161 ricordias,
625 5095 726 5150 ubi
761 5091 1134 5165 antiquiores
1161 5110 1302 5148 mss.
1329 5091 1541 5165 legunt
1566 5092 1624 5146 in
1667 5092 1953 5162 singulari

296 5165 747 5226 misericordiam
780 5208 794 5233 ,
828 5164 982 5236 quOd
1019 5183 1122 5221 nos
1153 5164 1341 5220 secuti
1367 5181 1599 5219 sumus.
1629 5167 1806 5218 Man'r.

373 5242 385 5275 '
414 5239 785 5294 Cisterciens.
820 5255 954 5303 ms.,
990 5255 1093 5309 pro
1123 5245 1471 5309 corruerunt.

373 5314 396 5347 ²
432 5316 628 5366 Denuo
661 5307 1033 5366 Cisterciens.
1065 5326 1202 5376 ms.,
1249 5313 1321 5363 Et
1352 5307 1416 5364 de
1445 5308 1722 5375 angustiis
1759 5322 1954 5362 eorum

301 5385 570 5442 liberavi!
595 5398 703 5438 eos.

372 5459 393 5492 ³
424 5459 686 5520 Quatuor
722 5469 857 5518 ms.,
894 5453 1000 5521 Qui
1040 5451 1375 5509 descendunt
1411 5450 1467 5505 in
1498 5465 1652 5505 mare
1699 5451 1949 5505 navibus.

302 5529 498 5585 MART.

371 5600 394 5632 ⁴
427 5602 488 5654 In
523 5597 728 5653 eodem
753 5611 859 5651 ms.
898 5593 1234 5650 Clamabunt
1266 5610 1280 5650 :
1313 5597 1370 5649 et
1402 5610 1533 5650 mox
1561 5592 1628 5648 de
1671 5591 1956 5666 angustiis

297 5671 516 5732 eduxit.
549 5669 893 5740 pronomine
922 5683 1111 5723 eorum
1135 5666 1544 5740 praetermisso.

373 5744 396 5778 ³
423 5738 621 5796 Active
653 5741 806 5794 idem
840 5739 981 5796 legit
1012 5738 1266 5795 ms.'non
1297 5738 1610 5793 imminuet.

375 5816 398 5850 ⁸
429 5813 656 5885 Regina:
708 5826 840 5882 ms.,
875 5808 1046 5868 Canto
1102 5815 1273 5882 ;tum
1325 5808 1753 5882 Cisterciensis,
1813 5808 1952 5865 Con-

1641 244 1855 300 LIBER
1895 247 2354 306 PBALMORUM.

1954 372 2007 439 Α
2042 443 2075 444 7
2110 374 2347 444 propter
2377 372 2711 444 angustiam
2743 370 2883 427 mali
2917 375 2974 427 et
3005 371 3250 428 doloris.

2037 443 2106 498 Et
2136 443 2398 498 effundet
2424 443 2859 514 despectionem
2887 461 3062 515 super
3093 444 3411 515 principes.

3562 251 3700 305 1278

2104 519 2160 569 et
2189 531 2384 602 errare
2405 532 2503 602 eos
2539 515 2708 570 faciet
2737 518 2796 571 in
2829 515 3147 602 solitudine
3169 516 3335 572 devia
3367 518 3442 589 (h.
3489 517 3696 602 inani).

2034 589 2102 641 Et
2130 585 2458 642 sublevabit
2488 603 2801 658 pauperem
2833 587 2903 642 de
2932 587 3148 658 inopia,

2106 662 2163 714 et
2195 657 2552 730 ponetjquasi
2577 657 2810 730 gregem
2836 658 2917 729 (h.
2952 657 3110 730 oves)
3143 657 3420 716 familias.

2035 729 2330 784 Videbunt
2363 729 2525 796 recti,
2559 729 2616 784 et
2642 729 3033 785 laetabuntur:

2107 805 2164 856 et
2190 800 2384 858 omnis
2415 801 2696 872 iniquitas
2729 803 3034 856 contrahet
3067 818 3132 857 os
3154 818 3349 858 suum.

2038 873 2177 940 Quis
2209 873 2465 943 sapiens,
2498 879 2555 928 et
2587 873 2873 928 custodiet
2906 873 3063 928 hinc:

2110 949 2167 1000 et
2197 943 2485 1016 intelliget
2518 945 2953 1000 misericordias
2985 944 3264 999 Domini?

2467 1075 2532 1114 CA
2543 1076 2710 1115 NTICU
2722 1077 2764 1114 Μ
2817 1076 3023 1115 PSALMI
3076 1076 3202 1114 DAVI
3212 1077 3265 1116 D.

2038 1158 2259 1229 (CVIII)
2301 1158 2581 1213 Paratum
2617 1175 2715 1213 cor
2739 1174 2957 1227 meum,
2990 1163 3184 1213 Deus:

2182 1228 2430 1285 cantabo
2452 1230 2494 1298 ‘,
2521 1236 2578 1285 et
2610 1229 2882 1302 psallam,
2917 1231 3018 1286 sed
3052 1235 3108 1302 et
3137 1228 3326 1300 gloria
3362 1243 3512 1284 mea.

2041 1306 2340 1372 Consurge
2373 1302 2454 1374 (h.
2481 1300 2924 1374 expergiscere),
2958 1301 3327 1374 psalterium,
3362 1300 3693 1374 etcilhara,

2114 1372 2464 1446 consurgant
2499 1372 2683 1446 mane'
2702 1372 3182 1446 (h.__expiergiscar
3212 1372 3518 1428 diluculo).

2043 1443 2374 1502 Confitebo‘r
2406 1444 2509 1518 tibi
2542 1445 2598 1500 in
2625 1443 3177 1518 populis,_Do'mi_ne,

2114 1522 2172 1574 et
2229 1517 2477 1572 cantabo
2511 1521 2563 1573 te
2595 1513 2653 1572 in
2700 1513 3038 1572 nationibus
3069 1513 3171 1588 (h.
3212 1513 3461 1587 psallam
3495 1514 3602 1570 tibi
3636 1513 3695 1570 in

2189 1588 2502 1642 plebibus).

2189 1592 2502 1659 plebibus).

2044 1657 2330 1726 Quoniam
2366 1657 2578 1730 magna
2609 1674 2785 1730 super
2816 1657 2992 1715 caelos
3023 1657 3426 1714 misericordia
3457 1660 3578 1726 tua,

2120 1737 2180 1786 et
2214 1748 2406 1802 usque
2440 1731 2510 1785 ad
2542 1730 2756 1802 aethera
2782 1732 2994 1786 veritas
3025 1735 3141 1786 tua.

2047 1801 2322 1860 Exaltare’
2344 1819 2522 1874 super
2552 1801 2747 1870 caelos,
2777 1808 2964 1859 Deus:

2118 1880 2176 1930 et
2205 1890 2376 1946 super
2408 1872 2642 1946 omnem
2676 1880 2889 1946 terram
2923 1872 3106 1944 gloria
3132 1876 3255 1928 tua.

2049 1947 2119 2004 Ut
2155 1945 2479 2003 liberentur
2507 1945 2705 2001 dilecti
2739 1945 2858 2002 tui:

2122 2019 2287 2076 salva
2314 2019 2552 2073 dextera
2582 2021 2704 2085 tua,
2738 2023 2794 2072 et
2823 2017 3030 2074 exaudi
3064 2032 3173 2071 me.

2048 2089 2202 2147 Deus
2228 2090 2463 2146 locutus
2492 2093 2582 2144 est
2614 2088 2672 2144 in
2695 2089 3029 2144 sanctuario
3061 2104 3168 2143 suo
3197 2104 3210 2144 :
3243 2086 3511 2158 gaudebo
3542 2106 3555 2144 :

2118 2160 2628 2288 digdam'Sichem
2657 2161 2761 2232 (Al.
2783 2160 3110 2231 Sicimam),
3133 2164 3191 2215 et
3213 2157 3424 2215 vallem
3449 2160 3696 2217 Soccoth

2235 2249 2348 2288 ime
2381 2249 2482 2287 iar.

2235 2233 2482 2289 imetiar.

2047 2305 2207 2361 Meus
2249 2309 2338 2361 est
2375 2303 2614 2371 Galaad,
2662 2317 2830 2358 meus
2860 2306 2948 2357 est
2999 2308 3288 2374 Manasse,
3321 2305 3380 2374 et
3426 2302 3697 2374 Ephraim

2194 2376 2504 2447 hereditas
2537 2374 2622 2447 (h.
2657 2374 2959 2446 fortitudo)
2990 2373 3198 2447 capitis
3230 2373 3341 2429 mei
3371 2390 3384 2427 :

2044 2447 2199 2504 Juda
2222 2450 2339 2504 dux
2372 2447 2452 2516 (h.
2487 2445 2707 2518 legifer)
2742 2461 2928 2501 meus.

2045 2521 2215 2576 Moab
2257 2520 2419 2575 lebes
2451 2517 2634 2590 pelVis
2666 2534 2850 2590 mea};

2045 2592 2229 2663 Super
2275 2587 2592 2663 Iduminam
2631 2589 2936 2663 projiciam
2970 2587 3412 2663 calciamentem
3455 2603 3691 2663 meum:

2117 2658 2251 2719 cum
2285 2658 3062 2732 Philisthimfzederabor(h.
3090 2658 3234 2714 mihi
3267 2659 3577 2715 Palmstina
3603 2660 3697 2715 fie-

2196 2732 2544 2802 derabitur).
3192 2800 3199 2802 Α
3359 2800 3372 2802 Α

2237 2733 2544 2789 erabiturl.

2049 2805 2190 2873 Quis
2221 2807 2468 2861 deducet
2498 2800 2590 2859 me
2623 2803 2679 2858 in
2713 2802 3005 2857 civitatem
3039 2800 3379 2873 munitam?

2122 2879 2255 2950 quis
2286 2877 2536 2932 deducet
2566 2891 2656 2930 me
2688 2890 2875 2950 usque
2908 2873 2966 2928 in
3001 2871 3362 2928 Idumazam?

2047 2945 2250 3006 Nonne
2282 2953 2368 3012 tu,
2406 2952 2578 3013 Deus,
2613 2945 2712 3018 qui
2747 2945 3072 3018 projeceras
3104 2961 3230 3018 nos,

2120 3026 2176 3076 et
2203 3037 2316 3076 non
2352 3013 2647 3086 exieras‘,‘
2668 3013 2822 3074 Deus
2847 3013 2911 3072 in
2945 3015 3296 3072 exercitibus
3324 3013 3544 3071 nostris
3565 3014 3593 3070 ‘?

2057 3093 2142 3150 Da
2169 3092 2338 3147 nobis
2371 3089 2652 3147 auxilium
2683 3089 2740 3144 in
2776 3088 3186 3144 tribulatione:

2129 3181 2275 3220 vana
2304 3169 2392 3219 est
2423 3163 2580 3218 enim
2613 3160 2775 3218 salus
2806 3161 2879 3215 ab
2908 3159 3145 3215 homine
3168 3159 3210 3216 ⁸.

2053 3239 2116 3294 In
2149 3236 2264 3292 Deo
2295 3236 2516 3292 erimus
2550 3234 2726 3289 fortes
2760 3232 3068 3294 (faciemus
3098 3229 3419 3296 virtutem),

2124 3312 2180 3364 et
2203 3308 2327 3380 ipse
2358 3305 2735 3362 conculcabit
2761 3304 2960 3360 hostes
2994 3308 3248 3359 nostros.

2279 3438 2505 3477 VICTORI
2541 3437 2705 3476 mvm
2730 3419 3164 3489 murinus-19m.
3203 3419 3492 3488 PSALMUS).

2054 3521 2240 3593 (ClX.)
2271 3525 2421 3593 Deus
2455 3517 2780 3593 laudabilis
2807 3517 2974 3593 mihi,
3011 3535 3081 3572 ne
3113 3522 3307 3573 taceas
3334 3519 3412 3572 ¹⁰;

2127 3593 2266 3666 quia
2295 3610 2359 3648 os
2390 3591 2554 3666 impii
2579 3595 2636 3646 et
2666 3607 2731 3666 os
2753 3591 2936 3646 dolosi
2965 3593 3288 3666 contrauie
3313 3592 3578 3661 apertum
3599 3589 3707 3644 est.

2057 3662 2262 3722 Locuti
2289 3669 2431 3720 sunt
2455 3665 2526 3718 de
2561 3679 2651 3717 me
2679 3662 2885 3734 lingua
2917 3662 3243 3717 mendacii:

2128 3743 2186 3794 et
2217 3736 2411 3791 verbis
2441 3735 2559 3790 odii
2593 3733 3108 3788 circumdederunt
3140 3748 3253 3802 me,

2128 3813 2184 3864 et
2215 3809 2822 3878 expugnaveruntume
2855 3805 3092 3878 frustra.

2059 3884 2168 3935 Pro
2200 3895 2266 3934 eo
2289 3871 2466 3949 'quod
2500 3892 2598 3930 eos
2627 3875 2963 3947 diligebam,
2997 3873 3466 3929 adversabantur
3516 3871 3660 3926 mihi
3695 3887 3708 3926 :

2131 3967 2236 4022 ego
2265 3955 2458 4004 autem
2493 3949 2753 4002 orabam.

2060 4023 2130 4079 Et
2164 4015 2486 4093 posuerunt
2517 4024 2717 4093 contra
2751 4033 2838 4093 me
2873 4015 3093 4072 malum
3130 4032 3232 4088 pro
3266 4015 3442 4083 bono,

2132 4090 2189 4149 et
2222 4093 2422 4148 odium
2459 4107 2558 4163 pro
2591 4090 2910 4163 dilectione
2940 4104 3087 4144 mea.

2061 4165 2363 4222 Constitue
2396 4162 2573 4234 super
2603 4179 2735 4218 eum
2773 4162 3042 4234 impium.

2134 4241 2191 4293 et
2218 4240 2394 4300 Satan
2427 4233 2540 4290 stet
2564 4251 2597 4289 a
2625 4234 2843 4289 dextris
2868 4233 3016 4303 ejus.

2062 4309 2206 4366 Cum
2241 4305 2755 4377 fueritjudicatus,
2788 4309 2954 4360 exeat
2979 4303 3446 4360 condemnatus:

2135 4386 2194 4436 et
2222 4379 2406 4435 oratio
2437 4379 2566 4449 ejus
2596 4377 2669 4431 sit
2695 4377 2753 4450 in
2788 4381 3112 4450 peccatum.

2067 4452 2234 4508 Fiant
2265 4451 2390 4506 dies
2419 4451 2547 4518 ejus
2568 4449 2766 4520 pauci:

1986 4511 2032 4574 D
2109 4511 2540 4596 episcopatum
2569 4511 2972 4596 eju_s_accipiat
3004 4517 3166 4573 alter.

2061 4592 2192 4651 Sint
2221 4592 2486 4662 ﬁliiiejus
2515 4592 2745 4664 pupilli,

2133 4672 2189 4722 et
2221 4683 2363 4720 uxor
2393 4666 2522 4734 ejus
2553 4665 2746 4718 vidua.

2062 4738 2372 4795 Instabiles
2401 4728 2683 4809 vagentur
2713 4734 2880 4790 liberi
2909 4733 3060 4804 ejus,
3092 4735 3149 4787 et
3175 4728 3544 4786 mendicent:

2061 4967 2295 5008 suraens
2324 4949 2682 5008 Psalterium.
2714 4951 2822 5003 etc.

2132 4967 2295 5022 rgens
2324 4967 2682 5018 rsauerzum,
2714 4967 2822 5003 etc.

2132 5025 2151 5058 ⁷
2184 5022 2382 5078 Canon
2436 5017 2924 5076 Carcassonensis
2955 5034 3088 5074 cum
3123 5017 3250 5073 suis
3301 5015 3706 5089 pedissequis:

2063 5097 2250 5152 Nonne
2308 5098 2386 5159 tu,
2423 5093 2581 5161 Deus,
2644 5091 2741 5162 qui
2769 5090 3053 5161 projecisti
3082 5107 3201 5160 nos,
3259 5088 3313 5145 et
3347 5105 3456 5143 non
3507 5088 3710 5156 exibis,

2063 5173 2174 5224 etc.
2213 5165 2398 5220 Man'r.

2134 5243 2154 5275 ⁸
2187 5237 2388 5305 Iidem,
2425 5251 2568 5290 vana
2597 5238 2675 5290 est
2697 5235 2844 5289 enim
2873 5234 3020 5288 salus
3049 5233 3309 5305 hominis.
3332 5231 3529 5305 Mam.

2133 5305 2154 5339 °
2211 5301 2414 5363 Plures
2475 5323 2643 5371 mss.,
2717 5307 2823 5360 Pro
2881 5306 3113 5359 victoria
3173 5301 3341 5358 David
3400 5301 3709 5359 Canticum.

2063 5380 2454 5450 Hieronymus
2515 5379 2568 5432 id
2603 5376 2844 5432 minime
2872 5375 3215 5450 improbare
3249 5375 3480 5430 videtur
3508 5375 3714 5450 prmia-

2065 5453 2221 5507 tione
2278 5446 2846 5506 Commentariorum
2904 5446 2973 5502 ini
3024 5446 3338 5502 Danielem.
3391 5446 3561 5501 Atde
3620 5447 3710 5500 lilS

2063 5522 2431 5580 sufficienter
2486 5539 2667 5592 supra
2724 5521 2949 5574 dictum
2983 5523 3085 5574 est.
3151 5519 3452 5592 M_AItT.H—-
3512 5517 3709 5576 Nostri

2065 5611 2271 5652 omnes
2299 5587 2684 5664 codicesfpro
2720 5593 2995 5664 Valeria,
3029 5595 3165 5664 etc,
3197 5587 3546 5664 inscribunt.

2137 5668 2181 5702 ¹⁰
2210 5666 2394 5721 Ambo
2453 5661 3088 5736 exemplariaCanonis
3118 5678 3250 5716 cum
3289 5678 3396 5716 ms.
3432 5661 3627 5736 codice
3647 5665 3704 5716 S.

2064 5738 2368 5795 Michaelis
2419 5755 2432 5805 ;
2496 5733 2640 5792 Deus
2695 5735 2912 5790 Iaudem
2970 5750 3149 5790 meam
3206 5751 3276 5790 ne
3323 5733 3583 5804 tacueris,
3645 5738 3709 5788 ut

2063 5809 2317 5884 legimus
2348 5809 2407 5866 in
2443 5808 2716 5881 Vulgata.
2748 5806 2934 5862 Mxn'r.
