4050 6182
369 229 507 290 1279

439 366 493 420 et
524 366 780 434 quzerent
808 361 828 397 ⁸
859 362 916 417 in
950 359 1256 433 parietinis
1286 359 1431 417 suis.

369 432 672 492 Scrutetur
700 440 934 490 exactor
955 432 1233 489 universa
1264 450 1390 504 qua:
1425 432 1619 498 habet,

441 514 498 562 et
528 507 809 577 diripiant
839 505 1012 560 alieni
1045 505 1303 560 laborem
1333 508 1487 575 ejus.

370 578 496 633 Non
527 578 602 633 sit
633 579 731 647 qui
764 577 891 646 eius
924 579 1307 632 misereatur:

439 665 626 719 neque
653 646 755 719 qui
788 649 1045 703 clemens
1077 650 1154 703 sit
1181 649 1239 702 in
1259 646 1512 718 pupillos
1543 647 1691 717 ejus.

367 721 496 776 Fiat
529 721 918 775 novissimum
951 723 1079 790 ejus
1112 721 1386 774 interitus
1421 736 1432 772 :

439 795 497 867 in
531 793 904 867 generatione
935 787 1125 867 altera»
1149 792 1413 847 deleatur
1445 805 1656 843 nomen
1681 788 1812 867 ejus
1837 787 1879 841 ².
1909 858 1917 867 ο

368 858 589 919 Redeat
617 863 674 917 in
711 864 1056 918 memoriam
1091 865 1172 932 (h.
1198 858 2016 928 commemoretur)iniquitas

518 942 747 1005 patrum
781 937 910 1005 ejus
945 937 1095 1003 apud
1131 935 1467 989 Dominum.

436 1010 490 1061 et
506 999 627 1076 i'niq
640 999 878 1077 uitas('b.
903 999 1441 1077 peccatum)matris
1453 1003 1581 1074 ejus
1598 1018 1713 1058 non
1730 999 2015 1057 deleatur.

365 1078 495 1134 Sint
525 1085 729 1132 contra
763 1079 1075 1132 Dominum
1113 1094 1346 1148 semper
1377 1095 1390 1132 :

435 1155 492 1205 et
514 1151 768 1203 intereat
797 1153 868 1203 de
898 1156 1054 1204 terra
1085 1149 1367 1204 memoria
1399 1162 1623 1202 eorum.

365 1223 442 1276 Eo
477 1222 630 1292 quod
663 1238 774 1275 non
809 1227 898 1275 est
929 1222 1268 1276 recordatus
1296 1223 1481 1274 facere
1510 1214 2013 1272 misericordiam:

435 1298 492 1348 et
523 1298 869 1361 persecutus
900 1301 988 1348 est
1025 1293 1211 1347 virum
1257 1294 1511 1362 inopem,
1545 1294 1602 1344 et
1659 1301 2015 1359 pauperem:

439 1365 1160 1441 etuconpunotumcorde,
1196 1370 1259 1419 ut
1288 1364 1660 1441 interficeret.
1736 1429 1748 1440 .
1793 1433 1804 1441 _
1879 1428 1890 1441 .

364 1437 435 1492 Et
465 1433 668 1490 dilexit
691 1435 1184 1501 mafedictienem,
1217 1452 1342 1506 quae
1377 1435 1486 1506 (At.
1521 1433 1598 1502 et)
1620 1433 1814 1506 veniet
1843 1433 1932 1506 ei:

437 1515 493 1562 et
525 1506 714 1561 no’uit
746 1501 1249 1570 benedictionem;
1270 1501 1398 1576 quae
1429 1501 1800 1576 elongobitur
1823 1501 1894 1556 ab
1925 1517 2016 1556 eo.

365 1579 431 1633 Et
461 1579 704 1633 indutus
737 1585 825 1634 est
865 1574 1479 1648 maledictione‘quaSI
1503 1574 1849 1648 vestimento
1888 1589 2016 1640 suo,

434 1655 491 1706 et
517 1651 882 1716 ingredietur
914 1652 1079 1721 quasi
1115 1667 1268 1721 aqua
1298 1647 1356 1704 in
1389 1649 1616 1705 viscera
1644 1647 1773 1716 ejus
1806 1660 1819 1698 :

437 1722 919 1798 el_quasi_oleu_m
956 1724 1012 1776 in
1043 1739 1178 1798 ossa
1209 1723 1357 1798 eius.
1421 1796 1426 1798 _
1548 1791 1556 1798 _
1788 1787 1800 1798 .

362 1794 442 1848 Sit
473 1794 723 1919 eidqtuasi
750 1793 991 1866 pallium
1022 1794 1099 1864 (h.
1123 1791 1583 1862 vestimentum),
1605 1805 1720 1860 quo
1751 1791 2009 1844 circum-

551 1882 584 1918 a
617 1883 706 1919 ur.

551 1873 706 1920 atur.

436 1941 494 1990 et
524 1938 691 2008 quasi
725 1935 1052 2008 cingulum,
1088 1953 1203 2007 quo
1235 1951 1471 2006 semper
1518 1930 1864 2008 accingitur.

366 2010 495 2063 Haec
526 2004 614 2063 est
645 2004 950 2064 retributio
981 2004 1180 2064 eorum
1202 2009 1308 2074 (At.
1328 2004 1466 2076 his),
1492 2005 1592 2076 qui
1621 2004 2010 2060 adversantur

507 2081 664 2157 mihi
685 2099 715 2135 a
741 2081 1010 2147 Domino,
1108 2149 1119 2157 _
1380 2153 1388 2157 _
1579 2145 1591 2157 .

435 2157 494 2205 et
524 2155 623 2222 qui
651 2151 974 2221 loquuntur
1008 2149 1466 2222 malumcontra
1498 2149 2006 2222 animamjmeam.

364 2221 452 2276 Tu
484 2219 676 2278 autem
715 2219 954 2278 Domine
979 2224 1128 2278 Deus
1157 2223 1198 2287 ³,
1233 2220 1319 2275 fac
1351 2235 1581 2275 mecum
1615 2219 1850 2288 propter
1906 2233 2010 2272 no-

511 2311 639 2348 men
675 2301 840 2349 tuum
877 2311 888 2347 :

433 2365 711 2434 quoniam
745 2367 898 2420 bona
928 2368 1012 2420 est
1044 2361 1448 2418 misericordia
1478 2365 1601 2430 tua,
1643 2357 1829 2414 libera
1891 2374 2006 2415 me.

360 2435 644 2499 Quoniam
675 2453 915 2508 egenus,
949 2444 1006 2508 et
1039 2451 1259 2506 pauper
1287 2450 1413 2508 sum
1439 2458 1450 2486 .-

433 2513 489 2562 et
521 2525 620 2562 cor
651 2502 848 2563 méum
872 2502 1242 2562 vulneratum
1275 2513 1363 2560 est
1385 2502 1764 2558 intrinsecus.

365 2580 542 2642 Quasi
577 2583 784 2634 umbra
803 2596 938 2635 cum
970 2579 1312 2645 inclinatur,
1346 2576 1638 2631 abductus
1670 2589 1827 2643 sum,

431 2666 716 2706 excussus
743 2651 919 2722 quasi
948 2651 1174 2706 locusta
1205 2667 1218 2714 ;

363 2721 568 2777 Genua
600 2739 730 2778 mea
759 2719 1174 2778 vacillaverunt
1202 2738 1236 2775 a
1257 2719 1508 2790 jejunio,

431 2797 487 2848 et
508 2809 641 2848 caro
674 2811 804 2850 mea
846 2785 2004 2860 mutata(b.ma'cilenta)estabsqueoleo.

360 2863 426 2918 Et
455 2881 562 2935 ego
603 2866 793 2921 factus
827 2883 959 2921 sum
990 2866 1341 2936 opprobium
1373 2863 1457 2917 eis
1493 2877 1504 2914 :

427 2937 694 2992 videntes
726 2955 796 2992 ne
828 2942 1135 2992 moverunt
1174 2939 1346 3006 caput
1379 2948 1577 2988 suum.

363 3008 594 3079 Adjuva
624 3024 738 3072 me,
768 3009 1014 3064 Domine
1048 3012 1198 3062 Dens
1240 3022 1407 3079 meus
1428 3021 1454 3079 _:

427 3074 589 3134 s'alvu
621 3095 712 3133 me
743 3081 1066 3134 secundum
1104 3074 1568 3134 miscricordiam
1601 3077 1786 3129 tuam:

359 3153 426 3203 Et
447 3151 553 3220 (At.
596 3153 682 3218 ut)
714 3152 899 3208 scient
929 3149 1206 3220 quoniam
1232 3165 1446 3204 manus
1476 3151 1578 3202 tua
1607 3145 1766 3200 haec:

431 3227 518 3288 tu,
544 3222 809 3293 Domine,
846 3221 1030 3278 fecisti
1063 3239 1212 3276 eam.

362 3293 712 3349 Maledicent
745 3292 850 3362 illi,
883 3301 939 3350 et
969 3299 1030 3349 tu
1068 3292 1407 3348 benedices:

434 3365 802 3429 restiterunt,
834 3371 889 3419 et
936 3365 1371 3421 confundentur

431 3435 659 3490 confusi
691 3438 884 3505 sunt):
928 3452 1131 3491 servus
1155 3441 1342 3488 autem
1376 3431 1517 3487 tuus
1548 3431 1864 3505 laetabitur.

359 3505 690 3562 Induantur
718 3504 1032 3562 adversarii
1067 3507 1178 3560 mei
1212 3505 1554 3561 confusione
1584 3504 1624 3568 ‘,

359 3581 417 3650 et
447 3579 789 3650 operiuntur
821 3579 990 3650 quasi
1019 3577 1192 3650 pallio
1219 3575 1560 3650 confusione
1592 3590 1718 3628 sua.

365 3647 705 3705 Con'fitebor
735 3647 985 3706 Domino
1016 3647 1395 3704 vehementer
1425 3647 1482 3700 in
1517 3662 1614 3700 ore
1641 3662 1792 3701 meo.

434 3728 490 3778 et
521 3723 580 3776 in
612 3724 805 3778 medio
834 3720 1181 3794 populorum
1217 3720 1298 3792 (h.
1353 3717 1698 3788 multorum)
1754 3716 2006 3773 laudabo

505 3810 662 3849 eum.

357 3864 644 3928 Quoniam
678 3865 861 3921 stabit
881 3881 913 3918 a
944 3863 1164 3919 dextris
1194 3861 1470 3934 pauperis
1500 3860 1584 3934 (h.
1616 3860 1826 3934 egeni).

431 3943 496 3992 ut
535 3937 719 3992 solvet
753 3937 1114 4008 ajudicibus
1140 3932 1220 4005 (bi.
1258 3932 1694 4004 ju‘dieantibus)
1740 3932 2005 3987 animum

501 4009 667 4078 ejus:

1423 3361 1504 3432 (h.
1553 3358 1918 3432 restiterunt,
1952 3365 2011 3417 et

433 4221 448 4254 ¹
482 4220 656 4275 lidem
695 4237 834 4275 mss.
888 4228 1234 4291 quaerantur,
1266 4217 1352 4272 vel
1398 4225 1724 4291 queruntur.
1761 4218 1845 4271 Ad
1897 4217 2010 4271 im-

361 4309 624 4363 pressam
657 4289 989 4361 lectionem,
1023 4309 1148 4363 qua:
1181 4289 1698 4362 propriorHebrzeo
1732 4294 1840 4354 est,
1865 4305 2010 4360 sup-

360 4362 453 4434 ple
485 4365 704 4418 victum.

432 4436 452 4468 ³
486 4435 760 4489 Hebraeus
803 4445 958 4495 mare
987 4434 1283 4496 schemam,
1313 4432 1367 4486 id
1405 4436 1494 4488 est
1544 4447 1745 4487 nomen
1793 4446 2001 4486 eorum.

1397 233 1455 289 S.
1499 232 1898 287 HIERONYMI
1937 232 2192 285 DIVINA
2240 232 2736 286 BIBLIOTHECA.

2051 357 2104 424 A

3646 237 3783 289 1280

2481 373 2650 413 DAVID
2683 376 2971 416 CANTICUM
3009 360 3088 432 (h.
3121 361 3427 431 PSALMUB).

2126 462 2458 545 (CX.)_Dixit
2487 463 2772 521 Dominus
2801 466 3048 524 Domino
3081 484 3231 537 meo,
3292 469 3430 526 sede
3472 486 3509 525 a
3564 469 3787 528 dextris

2198 551 2348 589 meis

2127 607 2309 662 donec
2343 577 2555 676 ponam
2590 607 2861 665 inimicos
2892 615 3026 666 tuos
3047 610 3368 667 scabellum
3388 611 3608 684 pedum
3643 617 3774 669 tuo-

2126 695 2479 822 Virgiilmmw.
2515 749 2814 823 Baculum)
2843 751 3202 809 fortitudinis
3232 757 3346 809 tua:
3389 755 3619 811 emittet
3667 754 3778 810 Do-

2270 823 2471 876 minus
2509 838 2577 876 ex
2608 822 2784 878 Sion:

2197 893 2502 947 dominare
2533 895 2589 947 in
2625 895 2815 949 medio
2847 894 3224 951 inimicorum
3255 900 3516 952 tuorum.

2126 981 2331 1054 Populi
2364 981 2448 1037 tui
2472 983 2776 1052 spontanei
2797 983 3043 1039 eruntin
3066 985 3159 1040 die
3187 984 3552 1042 fortitudinis
3585 990 3699 1042 tu
3733 987 3775 1043 σε

2199 1054 2256 1108 in
2288 1053 2593 1129 montibus
2623 1055 2718 1129 (h._
2743 1055 3185 1129 splendoribus)
3220 1057 3462 1113 sanctis.

2125 1125 2303 1190 Quasi
2336 1126 2407 1180 de
2438 1125 2613 1181 vulva
2639 1125 2859 1182 orietur
2896 1128 3002 1183 tibi

2198 1213 2289 1252 ros
2322 1196 2730 1253 adolescentiae
2761 1203 2896 1254 tum.

2126 1268 2356 1325 Juravit
2386 1272 2696 1343 Dominus,
2729 1275 2786 1325 et
2816 1287 2929 1326 non
2963 1269 3267 1343 paenitebit
3293 1287 3449 1327 eum.

2198 1345 2259 1395 tu
2293 1355 2352 1395 es
2380 1342 2654 1396 sacerdos
2684 1342 2743 1397 in
2777 1342 3090 1408 aeternum,
3129 1344 3456 1399 secundum
3517 1343 3784 1400 ordinem

2271 1411 2680 1469 Melchisedec.

2123 1483 2411 1539 Dominus
2442 1485 2842 1556 addexteram
2875 1488 3038 1540 tuam
3076 1483 3188 1555 (Αι.
3221 1503 3256 1541 a
3297 1485 3594 1542 dexteram
3640 1490 3783 1556 tua).

2199 1557 2495 1628 percussit
2525 1555 2583 1611 in
2616 1557 2711 1612 die
2745 1557 2960 1612 furoris
2991 1556 3118 1612 suis
3150 1574 3334 1628 reges.

2125 1624 2423 1752 Judiggﬁiet
2444 1627 2501 1682 in
2533 1628 2832 1701 gentibus,
2893 1627 3158 1698 implevit
3217 1624 3308 1698 ‘[h.
3378 1629 3786 1701 cadaveribus)

2421 1717 2469 1752 S.

2267 1715 2470 1769 vaues,

2191 1771 2480 1842 percutiet
2505 1774 2683 1843 caput
2715 1771 2774 1826 in
2809 1774 2968 1827 terra
3004 1770 3210 1827 multa.

2122 1841 2478 1898 De’torrente
2508 1841 2693 1898 in‘via
2729 1843 2888 1898 bibet
2917 1859 2931 1898 :

2191 1920 2500 1987 propterea
2528 1914 2808 1971 exaltabit
2836 1916 3034 1987 caput.

2119 2002 2275 2075 (CXI)
2308 2005 2544 2076 (Ateph.)
2573 2004 2905 2060 Confitebor
2930 2006 2950 2039 ⁷
2982 2003 3227 2059 Domino
3261 2003 3320 2058 in
3373 2006 3490 2060 toto
3548 2005 3763 2061 corde:

2119 2094 2324 2165 (Beth.)
2355 2095 2416 2148 In
2452 2092 3018 2164 consiliojustorum
3053 2093 3130 2159 (h.
3166 2093 3480 2163 rectorum)
3540 2099 3599 2149 et
3629 2109 3770 2149 con-

2263 2165 2621 2237 gregatione.

2119 2233 2400 2310 (Chiinetf)
2422 2242 2641 2310 Magna
2670 2252 2848 2310 opera
2870 2233 3099 2310 Domini
3129 2251 3141 2288 :

2119 2306 2384 2394 (Dolet/3:)
2419 2306 2788 2394 Exquirenda
2819 2307 3048 2391 cunctis
3077 2308 3096 2341 ⁸
3129 2306 3460 2362 volentibus
3492 2323 3657 2362 eum.

2151 2381 2271 2450 He.)
2294 2379 2486 2434 Gloria
2517 2385 2575 2434 et
2599 2379 2773 2434 decor
2802 2396 2952 2451 opus
2983 2380 3114 2450 ejus
3143 2396 3156 2434 :

2149 2454 2303 2521 l’au.)
2336 2451 2404 2504 Et
2425 2451 2661 2520 justitia
2689 2452 2816 2521 ejus
2849 2466 3230 2522 perseverans
3262 2464 3516 2520 semper.

2117 2521 2334 2606 ξΖαὶη.)
2371 2523 2706 2577 Memoriam
2742 2521 2878 2578 fecit
2910 2521 3274 2577 mirabilium
3308 2537 3597 2577 suorum:

2115 2611 2330 2682 [Heth.)
2352 2609 2618 2665 Clemens
2647 2614 2705 2682 et
2737 2610 3068 2666 misericors
3100 2608 3388 2665 Dominus
3417 2611 3522 2679 (At.
3565 2611 3777 2681 Deus.)

2115 2681 2305 2746 (Teth)
2342 2686 2546 2737 Escam
2578 2681 2740 2736 dedit
2772 2682 3127 2737 timentibus
3157 2697 3258 2736 se:

2118 2754 2279 2826 [tod.)
2301 2754 2532 2836 ‘Memor
2556 2753 2664 2809 erit
2695 2753 2752 2808 in
2788 2754 3219 2826 sempiternum
3251 2753 3333 2825 (h.
3365 2751 3651 2809 saeculum
3677 2769 3780 2825 pa-

2117 2830 2340 2968 (Caplil)
2362 2843 2794 2951 EIllolrtitudinem
2835 2912 3079 2968 operum
3112 2911 3358 2952 suorum
3391 2895 3776 2952 annuntiabit

2213 2967 2224 2968 ί
2265 2967 2482 3039 populo
2515 2985 2644 3032 suo,
2880 2967 2889 2968 ί
2967 3037 2978 3050 ο
3344 3039 3356 3050 ν

2123 3039 2388 3112 (ιαιηεά.)
2423 3039 2495 3095 Ut
2524 3041 2621 3094 det
2648 3039 2734 3096 eis
2767 3039 3168 3095 hereditatem
3200 3041 3488 3112 gentium.

2147 3129 2320 3196 Mem.)
2359 3127 2520 3199 Opus
2555 3145 2838 3184 manuum
2862 3129 2992 3197 ejus
3025 3128 3240 3183 veritas
3270 3132 3329 3184 et
3350 3127 3651 3199 judicium
3679 3143 3694 3183 :

2145 3201 2316 3269 Nun.)
2349 3199 2570 3256 Fidelia
2600 3201 2799 3256 omnia
2831 3205 3119 3272 praecepta
3147 3201 3304 3270 ejus.

2143 3272 2421 3355 Samech'.)
2456 3272 2711 3328 Firmata
2743 3273 2799 3327 in
2834 3271 3282 3342 sempiternum
3325 3271 3408 3344 (h.
3455 3271 3778 3340 saeculum)

2121 3350 2584 3486 (Ain'll’lﬁ‘litgtladn
2616 3415 2858 3470 veritate
2896 3418 2954 3470 et
2972 3414 3275 3486 aequitate.

2115 3486 2298 3562 (Phe.)
2339 3487 2822 3558 Redemptionem
2847 3487 3011 3542 misit
3041 3486 3256 3557 populo
3289 3503 3418 3542 suo.

2117 3575 2321 3645 (Sede)
2353 3576 2651 3631 Mandavit
2678 3576 2735 3631 in
2771 3580 3050 3631 internum
3078 3575 3164 3644 (h.
3199 3575 3508 3644 sarculum)
3529 3579 3781 3648 pactum

2117 3664 2633 3788 (Copzljuslalnctum
2665 3723 2722 3774 et
2750 3717 3012 3774 terribile
3047 3733 3267 3773 nomen
3293 3719 3445 3788 ejus.

2115 3791 2279 3863 (Rea)
2309 3790 2671 3863 Principium
2725 3790 3253 3863 sapientizetimor
3307 3790 3562 3863 Domini,

2115 3861 2284 3930 (δίη.)
2320 3861 2589 3918 Doctrina
2621 3861 2704 3932 [h.
2727 3861 3000 3933 eruditio)
3039 3861 3192 3917 bona
3221 3862 3449 3918 cunctis
3509 3861 3779 3918 facienti-

2117 3934 2516 4076 (Thuiillsﬁiziis
2547 4005 2676 4075 ejus
2710 4005 3299 4077 perscveratjugiter.

2119 3129 2140 3344 ἒ

2115 4218 2398 4272 Caeterum
2430 4217 2626 4272 Canon
2659 4218 3003 4289 Carcasson.
3032 4217 3169 4282 legit
3199 4222 3652 4289 consequentcr,
3707 4220 3767 4273 in

2115 4289 2392 4344 montibus
2421 4292 2642 4344 sanctis.
2676 4290 2831 4344 Idem
2860 4288 3104 4358 insuper
3129 4306 3262 4344 cum
3295 4288 3412 4345 ms.
3440 4293 3498 4344 S.
3549 4291 3777 4345 Micha-

2117 4360 2224 4416 elis
2265 4360 2486 4416 omittit
2517 4359 2868 4432 particulam
2911 4363 3088 4431 quasi,
3122 4377 3249 4432 quas
3297 4367 3492 4416 tamen
3540 4364 3768 4432 scripta

2117 4433 2407 4498 reperitur
2437 4432 2497 4486 in
2527 4432 2660 4487 aliis
2691 4432 2968 4487 omnibus
3011 4448 3181 4504 mss.)
3229 4434 3522 4504 editisque
3575 4435 3776 4494 libris.

359 4505 519 4567 Quod
548 4506 759 4574 legitur
791 4508 963 4562 etiam
994 4507 1048 4560 in
1073 4507 1303 4561 Canone
1333 4502 1806 4570 Carcassonensi,
1840 4507 1898 4576 et
1943 4504 2000 4558 in
2038 4496 2080 4558 D
2118 4496 2194 4559 De
2221 4503 2750 4559 SanoGermanensi
2780 4504 3011 4560 Canone
3044 4503 3192 4558 nihil
3214 4496 3493 4576 deinceps
3515 4505 3772 4560 dicetur.

358 4575 659 4632 codicibus
691 4595 836 4632 mss.
870 4596 997 4649 quae
1036 4577 1278 4634 scholiis
1327 4575 1753 4649 marginalibus
1799 4574 2003 4630 vitiata

359 4649 1074 4708 deprehendimus.MAnT.

429 4720 450 4753 ³
477 4720 649 4774 Solus
679 4719 1159 4775 Carcassonensis
1190 4720 1385 4775 Canon
1421 4738 1433 4774 :
1473 4718 1714 4784 Domine,
1750 4717 2000 4788 Domine,

356 4808 462 4862 pro
486 4794 711 4847 Domine
743 4794 898 4847 Deus.
936 4794 1119 4847 MART.

430 4893 495 4904 --—
524 4863 762 4917 Cisterc.
800 4881 907 4918 ms.
944 4865 1172 4917 inverso
1205 4863 1408 4917 ordine
1443 4863 1598 4930 Deus,
1635 4862 1862 4915 Domine
1891 4863 2000 4931 fac,

363 4941 472 4991 etc.
504 4936 564 4989 ln
598 4937 853 5002 Hebraea,
885 4947 1016 4996 mu
1057 4945 1211 4993 mm.

426 5007 652 5062 ‘Addit
680 5008 835 5062 idem
866 5024 976 5062 ms.
1035 5023 1156 5074 sua,
1202 5009 1258 5061 et
1309 5021 1440 5059 mox
1499 5003 1843 5070 indumento,
1899 5020 2001 5074 pro

357 5080 551 5150 pallio,
584 5079 743 5149 legit.

426 5151 446 5183 ⁵
477 5148 796 5216 Ιάθωίωεη
829 5149 1078 5205 animum
1107 5164 1307 5211 meam,
1335 5148 1508 5218 juxta
1564 5152 1815 5203 veterem
1874 5162 2002 5202 ver-

358 5221 585 5276 sionem
619 5228 674 5276 et
705 5225 922 5284 Graeco,
953 5221 1051 5288 τὴν
1085 5220 1270 5345 diog/pl
1305 5239 1429 5290 μου.

427 5294 447 5326 ⁵
478 5295 582 5345 Tix
615 5295 762 5345 duos
794 5295 1020 5345 similes
1055 5295 1110 5345 in
1211 5308 1276 5345 oc
1319 5307 1429 5345 ver:

427 5294 447 5326 ⁵
478 5295 582 5348 Tix
615 5295 762 5348 duos
794 5295 1020 5348 similes
1055 5288 1110 5346 in
1165 5288 1276 5345 hoc
1307 5288 1606 5345 versiculo
1667 5288 2004 5345 invenimus

353 5365 583 5420 codices
617 5383 758 5421 mss.
793 5371 985 5420 Canon
1022 5363 1412 5419 Memmianus
1446 5364 1530 5416 sic
1576 5361 1762 5430 legit:
1809 5359 2007 5431 Populi

354 5438 665 5508 tuijudices
692 5443 875 5496 erunt.
901 5439 959 5489 in
1006 5437 1096 5490 die
1141 5434 1486 5508 fortitudinis
1528 5442 1659 5508 tum.
1683 5437 2002 5508 Carcassof

349 5503 551 5562 nensis
633 5525 764 5563 vero
787 5527 805 5562 :
826 5508 1024 5579 Papul’i
1078 5503 1366 5573 spentanei
1405 5507 1482 5579 ini
1523 5503 2004 5579 diejforlitutlinis

352 5584 485 5635 tua}.
547 5575 912 5635 Corbeiensf
963 5597 1028 5634 ac
1089 5579 1228 5648 Reg.
1273 5595 1408 5632 mss.
1461 5577 1657 5648 Populi
1705 5576 1787 5630 tui
1839 5575 2002 5629 duces

353 5657 636 5718 spontanei
667 5657 847 5715 erunt,
881 5655 990 5705 etc.
1050 5647 1238 5704 Codex
1287 5650 1347 5712 S,
1402 5647 1743 5703 Michaelis:
1804 5648 2007 5717 Populi

357 5720 439 5770 tui
485 5721 642 5774 duces
687 5723 742 5774 in
771 5723 882 5789 die,
916 5728 1022 5776 etc.
1077 5721 1461 5776 Sorhonicum
1513 5719 1695 5774 secuti
1774 5735 2004 5784 sumus,

359 5789 496 5858 quia
526 5806 720 5846 veram
753 5794 1001 5850 retinere
1025 5793 1251 5849 videtur
1288 5791 1595 5848 lectionem
1646 5789 2002 5862 Hieronymi,

2111 4576 2252 4646 quia
2300 4577 2544 4648 mutilus
2576 4576 2746 4631 nobis
2775 4579 3045 4648 superest
3097 4593 3129 4648 a
3176 4576 3322 4648 psal.
3369 4593 3514 4631 xcrv.
3577 4583 3774 4632 MART.

2209 4679 2277 4686 —
2304 4647 2415 4701 Alii
2449 4663 2562 4720 ms.
2596 4664 2728 4702 cum
2761 4647 3131 4702 Cisterciensi
3160 4647 3376 4716 iudices
3399 4649 3623 4720 legunt,
3656 4667 3773 4720 pro

2109 4721 2436 4789 spontanei:
2469 4719 2588 4785 alii,
2621 4720 2784 4772 duces
2803 4722 3092 4789 spontanei
3121 4735 3140 4777 .'
3173 4737 3320 4789 quas
3377 4719 3552 4774 etiam
3615 4719 3774 4776 Mar-

2111 4794 2254 4846 tian.
2285 4791 2343 4846 in
2374 4790 2495 4845 suis
2531 4806 2670 4845 mss.
2697 4790 2992 4844 variantes
3020 4789 3307 4862 lectiones
3357 4793 3591 4862 reperit.
3653 4797 3770 4847 He-

2113 4862 2300 4916 braeus
2326 4863 2397 4917 ad
2420 4863 2684 4925 verbum,
2720 4863 2958 4932 Populus
2980 4861 3086 4916 tibi
3115 4861 3461 4931 spontaneus,
3485 4868 3598 4920 etc.

2179 4934 2199 4968 ⁷
2231 4933 2568 4988 Acrosticho
2602 4933 2693 4988 hic
2726 4939 2784 4988 et
2815 4936 3184 5002 subsequens
3221 4933 3482 5004 psalmus
3513 4935 3771 4990 artiﬁcio

2111 5010 2402 5066 constant.
2441 5023 2554 5077 non
2588 5011 2784 5077 tamen
2825 5010 2890 5077 ut
2935 5004 3188 5077 singulis
3236 5006 3572 5073 versiculis,
3658 5010 3768 5062 sed

2111 5077 2363 5149 singulis
2393 5075 2787 5132 bemisticbiis
2835 5075 3067 5147 singula
3123 5093 3191 5131 ex
3221 5078 3428 5133 ordine
3459 5078 3771 5149 alphabeti

2113 5147 2401 5204 elementa
2433 5153 2891 5221 praeponuntur:
2929 5165 3057 5218 quae
3115 5154 3174 5203 et
3204 5165 3312 5204 nos
3348 5149 3406 5203 in
3440 5147 3576 5204 libri
3632 5149 3773 5204 albn

2112 5220 2454 5290 praenotata,
2488 5224 2620 5292 post
2659 5220 3063 5276 Martianzeum
3103 5236 3170 5274 ex
3213 5226 3550 5276 nostrorum
3608 5224 3764 5277 codi-

2111 5308 2245 5347 cum
2280 5293 2392 5347 fide
2425 5293 2767 5348 retinemus.

2183 5364 2202 5397 ⁸
2236 5367 2322 5420 Ita
2343 5364 2596 5420 Canonis
2622 5361 2978 5433 exemplaria
3007 5378 3140 5418 cum
3201 5364 3427 5433 aliquot
3457 5363 3558 5419 alii
3620 5382 3766 5420 mss.

2115 5435 2267 5490 Editi
2302 5441 2495 5491 autem
2530 5452 2595 5491 ac
2623 5451 2767 5491 mss.
2804 5450 2977 5506 quam
3030 5434 3260 5504 plures:
3318 5436 3676 5506 Exquirenda
3715 5440 3768 5491 in

2113 5509 2327 5562 cunctis
2355 5508 2737 5564 voluntatibus
2764 5509 2902 5561 suis.
2935 5505 3134 5572 Helm,
3193 5505 3422 5562 cunctis
3459 5510 3773 5564 volentibus

2114 5595 2207 5643 ea,
2233 5578 2288 5633 id
2323 5587 2413 5634 est
2441 5579 2723 5634 mandata.
2759 5578 2945 5634 MART.

2184 5681 2253 5724 έ-
2285 5651 2686 5706 Cisterciensis
2718 5667 2853 5716 ms.,
2877 5650 3188 5724 8.1:.7uisita,
3211 5653 3435 5724 etcum
3472 5649 3776 5724 plerisque

2115 5720 2266 5786 aliis,
2303 5724 2362 5778 in
2390 5725 2599 5779 cunctis
2640 5721 3008 5779 voluntatibus
3039 5720 3157 5776 suis
3191 5740 3205 5788 ;
3241 5720 3363 5788 alii,
3393 5720 3532 5791 eius.
