4050 6182
312 203 445 258 1281

307 326 530 398 (ΟΧΙΙ.)
553 325 794 396 (ΑιερΙι.)
826 325 1038 398 Beatus
1068 322 1154 378 vir
1184 324 1285 394 qui
1318 323 1484 398 timet
1515 323 1852 392 Dominum,

336 396 518 468 Both.)
549 400 609 452 ln
645 397 942 450 mandatis
973 396 1104 466 ejus
1135 399 1287 450 volet
1319 397 1518 460 nimis,

337 468 598 536 Ghimel.)
632 469 843 522 Potens
874 468 932 521 in
967 474 1121 522 terra
1151 468 1261 522 erit
1292 484 1491 522 semen
1524 468 1652 536 ejus
1687 482 1700 521 :

310 539 567 613 (Dotem)
598 539 906 595 Generatio
929 541 1232 609 justorum
1257 543 1274 575 ί
1316 540 1398 610 (h.
1435 540 1750 610 rectorum)
1786 539 1965 594 bene-

450 615 702 668 dicetur.

313 686 456 759 (Ηε.)
483 681 838 759 λευὴβῐειηιὶᾳ
867 680 1166 759 et_divitiae
1200 682 1258 737 in
1293 683 1466 737 domo
1498 683 1650 752 ejus,

310 754 500 828 (γαπ.)
528 761 602 828 Et
629 756 862 825 iustitia
890 754 1021 824 ejus
1053 769 1430 828 perseverans
1461 770 1710 826 semper.

312 824 754 902 (Zain.)0_rtum
812 833 903 881 est
959 828 1018 880 in
1059 824 1334 882 tenebris
1392 824 1606 882 lumen
1637 825 1821 896 justis
1879 824 1960 898 (h.

457 899 658 954 rectis)
689 914 703 951 :

310 901 853 1042 ("Mitigtb‘slbmens
883 973 941 1042 et
973 966 1308 1042 misericors
1339 973 1396 1024 et
1429 969 1634 1039 justus
1665 969 1746 1042 (h.
1780 969 1958 1042 pius).

311 1042 509 1113 (γεω.)
543 1043 736 1096 Bonus
767 1040 855 1094 vir
884 1040 1140 1113 clemens
1171 1044 1228 1094 et
1257 1041 1526 1095 fenerans
1554 1057 1568 1096 :

313 1111 884 1187 (lod.)‘Dispensabit
912 1111 1086 1166 verba
1116 1127 1225 1187 sua
1255 1113 1310 1166 in
1335 1113 1559 1187 judicio
1581 1114 1622 1187 τ.

308 1183 532 1258 (ϐαρὴ.)
561 1183 708 1249 Quia
756 1185 816 1238 in
859 1188 1140 1238 aeternum
1170 1184 1254 1251 (h.
1302 1183 1606 1254 saeculum)
1639 1201 1753 1239 non
1803 1198 1960 1239 com-

459 1258 789 1311 movebitur
822 1270 837 1309 :

309 1328 557 1398 Lamed.)
592 1328 657 1384 In
691 1325 973 1382 memoria
1001 1324 1359 1398 sempiterna
1389 1327 1499 1382 erit
1519 1327 1744 1398 justus.

309 1402 514 1468 (Nam)
543 1397 632 1454 'Ab
663 1398 867 1453 auditu
895 1397 1050 1451 malo
1085 1414 1197 1451 non
1229 1397 1461 1452 timebit
1494 1415 1507 1452 :

309 1469 510 1542 (Num)
542 1471 812 1525 Paratum
845 1485 944 1523 cor
974 1470 1102 1537 ejus
1135 1469 1438 1542 conﬁdens
1467 1469 1526 1523 in
1559 1469 1826 1542 Domino.
1909 1530 1914 1533 ,

310 1541 565 1614 (Samech
596 1544 610 1610 )
643 1541 917 1614 Firmum
937 1557 1038 1614 cor
1065 1543 1194 1614 ejus
1225 1557 1338 1614 non
1372 1541 1602 1614 timebit
1634 1558 1648 1596 :

308 1611 484 1686 (Ain.)
514 1615 707 1686 Donec
738 1611 986 1686 aspiciat
1015 1611 1074 1665 in
1108 1612 1378 1686 hostibus
1411 1613 1556 1668 suis.

306 1684 490 1758 (Phe.)
522 1684 822 1755 Dispersit,
853 1684 1013 1758 dedit
1045 1685 1425 1758 pauperibus,

307 1755 524 1828 (διιάό.)
552 1758 794 1811 Justitia
824 1755 952 1821 ejus
987 1762 1291 1828 permanet
1323 1755 1381 1809 in
1411 1760 1693 1810 aeternum
1731 1772 1744 1810 :

308 1825 530 1902 (Copti)
554 1831 746 1902 Cornu
780 1827 910 1902 ejus
939 1825 1292 1902 exalta‘bitur
1323 1828 1380 1880 in
1413 1828 1621 1899 gloria.

308 1898 481 1972 (Rt-Ls.)
515 1899 736 1972 impius
765 1898 1004 1972 videbit,
1037 1903 1094 1951 et
1125 1898 1436 1972 irascetur;

309 1970 475 2044 (Sim)
505 1970 1224 2044 Dentibussuis‘l‘rendet,
1250 1975 1306 2024 et
1336 1972 1595 2044 tabescet
1629 1985 1642 2026 :

308 2039 526 2117 (Thaia)
557 2041 925 2099 Desiderium
958 2039 1276 2113 impiorum
1311 2042 1542 2113 peribit.

985 2172 1198 2211 ΔΕΜ-ΖΙιο
1210 2174 1282 2212 1A.

304 2257 553 2332 (CXIII.)
586 2255 868 2323 Laudate,
898 2253 1072 2332 servi,
1108 2254 1421 2332 Dominum
1453 2273 1468 2311 :

380 2332 618 2385 laudate
652 2344 860 2382 nomen
898 2326 1128 2380 Domini
1166 2341 1178 2381 :

309 2403 394 2458 Sit
425 2417 638 2456 nomen
673 2398 905 2453 Domini
939 2398 1308 2452 benedictum
1337 2414 1352 2454 :

381 2473 592 2528 amodo
624 2476 680 2524 et
711 2486 898 2541 usque
928 2469 988 2522 in
1019 2477 1298 2524 aeternum
1331 2470 1416 2536 (h.
1450 2469 1776 2531 saeculum).

310 2546 397 2601 Ab
427 2550 558 2599 ortu
591 2541 734 2597 solis
766 2557 953 2612 usque
984 2541 1056 2595 ad
1089 2557 1365 2596 occasum
1396 2542 1524 2612 ejus
1557 2558 1572 2596 :

383 2613 679 2670 laudabile
711 2628 926 2668 nomen
962 2612 1208 2683 Domini,

312 2688 588 2744 Excelsus
615 2701 794 2756 super
823 2700 1029 2756 omnes
1053 2691 1257 2755 gentes
1288 2683 1567 2740 Dominus
1601 2699 1616 2740 :

384 2774 562 2831 super
589 2755 764 2831 caelos
794 2755 978 2831 glogia
1007 2758 1158 2825 ejus.

312 2828 550 2898 Quis'ut
577 2829 862 2884 Dominus
893 2828 1047 2882 Deus
1078 2831 1312 2885 noster:

385 2903 484 2973 qui
519 2902 576 2955 in
609 2899 1182 2973 excelsishabitans.

313 2971 576 3030 Humilia
608 2971 840 3042 respicit
865 2971 887 3004 ³

386 3046 446 3100 in
477 3043 620 3100 ccslo
653 3050 710 3096 et
741 3045 797 3096 in
833 3051 1003 3097 terra.

310 3117 620 3173 Suscitans
650 3116 722 3170 de
755 3121 910 3168 terra
938 3113 1020 3183 (b.
1055 3109 1311 3182 pulvere)
1343 3109 1600 3180 inopem,

383 3193 442 3245 et
469 3188 542 3243 de
569 3191 822 3242 stercore
850 3186 1038 3240 elevat
1071 3198 1410 3254 pauperem,

315 3259 387 3317 Ut
419 3275 556 3314 eum
587 3259 789 3313 sedere
821 3256 997 3311 laciat
1029 3252 1162 3310 cum
1195 3252 1587 3325 principibus,

386 3347 522 3386 cum
552 3329 919 3400 principibus
955 3326 1152 3400 p0puli
1186 3325 1302 3379 sui.

311 3403 423 3468 Qui
456 3401 698 3457 collocat
729 3399 987 3455 sterilem
1023 3399 1079 3453 in
1110 3399 1303 3466 domo,

391 3479 638 3528 matrem
671 3471 921 3528 ﬁliorum
954 3470 1270 3524 laetantem.
1291 3465 1552 3522 'Alleluia
1573 3467 1614 3520 ‘.

317 3543 565 3617 (CXIV.)
596 3545 739 3617 cum
774 3544 1148 3617 egrederetur
1181 3539 1354 3617 Israel
1390 3540 1461 3593 de
1490 3538 1733 3610 {Egypto
1765 3552 1781 3594 :

392 3612 605 3672 domus
633 3612 910 3670 Jacob’de
943 3613 1156 3684 populo
1191 3612 1437 3666 barbaro
1472 3625 1484 3664 :

323 3688 535 3744 Factus
564 3694 652 3742 est
678 3687 863 3742 Judas
884 3687 906 3720 ⁸
933 3681 990 3739 in
1022 3681 1547 3740 sanctiﬁcationem
1576 3681 1705 3752 ejus
1735 3697 1748 3736 :

395 3759 866 3840 Israel_p_oteste.s
895 3757 1078 3840 illius.

321 3835 481 3886 Mare
513 3830 679 3894 vidit,
711 3835 768 3884 et
806 3830 955 3900 fugit
987 3844 999 3883 :

389 3901 666 3958 Jordanis
692 3917 1009 3955 conversus
1034 3903 1123 3953 est
1155 3903 1494 3953 retrorsum.

322 3974 550 4030 Montes
583 3971 969 4028 subsilierunt
999 3971 1410 4042 quasiarietes
1445 3985 1458 4023 :

393 4044 571 4100 colles
601 4047 767 4115 quasi
801 4043 900 4097 lilii
933 4039 1127 4114 gregis
1160 4041 1236 4106 (h.
1265 4039 1506 4115 ovium).

321 4117 470 4184 Quid
503 4112 727 4172 tibi—est
757 4112 1123 4184 mare;un
1159 4112 1402 4183 lugisti‘?

391 4187 686 4249 Jordanis,
718 4202 1035 4242 conversus
1065 4201 1128 4240 es
1167 4191 1511 4240 retrorsum.

321 4265 570 4325 Montes,
611 4258 1039 4313 subsultastis‘
1069 4258 1240 4327 quasi
1283 4257 1544 4327 arietes:

393 4331 591 4392 colles,
625 4331 791 4396 quasi
826 4331 926 4384 lilii
960 4326 1156 4399 gregis
1187 4329 1266 4391 (h.
1302 4326 1543 4394 ovium).

320 4403 361 4457 Α
398 4403 542 4460 facie
576 4403 806 4458 Domini
839 4401 1244 4458 contremiscit
1273 4399 1465 4455 terra"
1502 4414 1514 4452 :

397 4621 412 4654 ⁸
445 4617 679 4674 Scholia
721 4615 1062 4684 hujusmodi
1112 4613 1449 4669 nullatenus
1483 4611 1806 4683 probantur
1836 4609 1966 4665 Hie-

319 4706 586 4762 ronymo,
619 4690 717 4760 qui
761 4689 852 4743 his
884 4693 1261 4762 antevertens
1293 4684 1656 4762 in_epi_st.pad
1692 4687 1872 4762 Sunn.
1906 4685 1970 4762 et

320 4755 532 4816 Fretel.
557 4755 653 4816 ita'
669 4762 738 4816 ad
776 4759 920 4828 psal.
952 4775 1151 4817 xcvm.
1181 4774 1324 4812 vers.
1355 4757 1421 4809 15
1449 4756 1615 4828 docte
1648 4755 1964 4828 monebat:

319 4834 431 4888 Pro
459 4835 643 4895 iustis,
678 4827 869 4895 εὖΟὲῖς,
902 4832 958 4886 id
1006 4839 1082 4885 εει
1115 4839 1306 4892 rectos,
1341 4829 1398 4880 in
1443 4827 1630 4883 Graeco
1677 4841 1767 4881 vos
1816 4827 1965 4879 inve-

317 4907 469 4959 nisse
497 4904 719 4965 dicitis;
766 4906 861 4959 sed
891 4908 986 4957 hoc
1014 4905 1236 4971 propter
1273 4897 1536 4973 εὐφωνίαν
1571 4898 1662 4973 ita_
1700 4896 1760 4951 in
1804 4897 1966 4973 Lati-

317 4993 452 5030 num
479 4992 694 5031 versum
732 4985 834 5030 est.
868 4969 1126 5042 Alioquin
1158 4983 1210 5026 et
1241 4972 1299 5024 in
1328 4969 1387 5024 eo
1421 4972 1534 5026 loco
1566 4969 1662 5023 ubi
1701 4971 1967 5042 scriptum

317 5047 553 5116 legimus
585 5049 644 5102 in
689 5047 832 5100 libro
883 5039 1092 5109 εὐθόῦς,
1139 5045 1417 5116 justorum
1469 5039 1834 5116 intelligimus
1887 5039 1966 5116 li-

319 5113 480 5173 brum
511 5136 529 5173 :
562 5130 749 5174 etnon
792 5118 1047 5172 debemus
1077 5118 1156 5170 sic
1189 5115 1409 5169 verbum
1457 5115 1521 5167 de
1573 5117 1732 5168 verba
1777 5113 1966 5182 expri-

317 5207 486 5252 mere,
520 5196 579 5244 ut
612 5191 744 5244 dum
789 5189 1038 5261 syllabus
1068 5187 1374 5257 sequimur,
1406 5185 1701 5256 perdamus
1753 5182 1964 5238 intelli-

320 5264 592 5332 gentiam.
631 5261 817 5316 MART.

389 5334 410 5367 ²
442 5333 635 5388 Nostri
667 5348 871 5388 omnes
917 5347 1060 5386 mss.
1093 5327 1434 5398 dispensavit
1464 5345 1483 5382 .·
1516 5328 1721 5382 vitiose
1766 5332 1963 5381 autem

315 5409 442 5461 erat
471 5410 645 5459 antea
673 5402 1022 5473 dispersabit.

387 5479 408 5510 ³
446 5477 502 5529 In
543 5494 653 5532 ms.
685 5469 1075 5535 Cisterciensi,
1109 5469 1385 5542 respiciet.

387 5549 655 5604 ‘Vocem
717 5548 887 5612 hanc,
948 5541 1206 5611 Alleluia,
1262 5541 1542 5597 transfert
1590 5541 1960 5596 Cisterciens.

317 5635 428 5673 ms.
493 5619 549 5673 in
611 5618 1026 5688 subsequentis
1085 5615 1298 5685 psalmi
1356 5614 1732 5686 epigraphem
1793 5614 1964 5683 juxta

318 5690 705 5761 Septuaginta
738 5696 794 5745 et
826 5689 1154 5758 Vulgalam.

390 5763 411 5799 ⁵
440 5756 827 5836 Septuaginta
878 5756 1097 5832 legunt,
1137 5761 1293 5831 facta
1341 5760 1418 5814 est
1458 5758 1675 5827 Iudaea,
1707 5761 1817 5812 etc.
1869 5756 1961 5812 Id-

1662 201 1874 254 LIBER
1913 200 2374 256 PSALMORUM.

3583 220 3724 276 1282

1993 331 2044 393 Α
2148 341 2180 377 a
2211 323 2357 378 facie
2392 323 2488 378 Dei
2520 325 2723 382 Jacob.

2077 395 2518 484 Quilconvertitp
2541 410 2761 484 petram
2797 401 2854 457 in
2892 402 3136 474 paludes
3167 427 3455 484 aquarum
3493 433 3506 471 :

2145 468 2368 542 silicem
2403 470 2459 520 iu
2494 470 2682 525 l'uutes
2715 468 3026 542 aquarum.

2072 537 2281 624 (CXVI)
2313 537 2438 620 Non
2471 543 2702 624 nobis“,
2738 537 3001 624 nomine,
3036 569 3152 608 non
3186 555 3385 624 nobis;

2145 609 2244 664 sed
2279 610 2500 685 nomini
2533 618 2632 666 tuo
2663 616 2736 669 da
2767 609 3014 685 gloriam
3045 639 3058 677 :

2147 687 2380 760 propter
2411 682 2867 760 misericordiam
2903 696 3084 760 tuam,
3109 700 3166 751 et
3193 699 3496 756 veritatem
3533 707 3719 760 tuam.

2071 752 2152 807 Ne
2183 753 2265 829 (by
2299 754 2509 829 Ουίέτθ)
2539 756 2737 811 dicant
2767 766 2972 829 gentes
3009 783 3022 821 :

2147 826 2246 878 ubi
2277 833 2366 878 est
2393 826 2546 880 Deus
2577 826 2828 884 eorum"?

2072 899 2226 949 Deus
2257 901 2450 950 autem
2480 906 2674 953 noster
2707 901 2763 954 in
2789 901 2971 956 cmlo:

2146 967 2416 1022 universa
2439 985 2566 1037 quae
2593 973 2797 1036 voluit,
2815 975 2972 1028 fecit.

2072 1039 2232 1094 Idola
2259 1040 2521 1108 gentium
2551 1043 2882 1118 (h._eorum)
2914 1051 3222 1118 argentum
3254 1057 3311 1110 et
3341 1071 3547 1112 aurum
3575 1075 3588 1113 :

2143 1127 2292 1170 opus
2325 1127 2610 1166 manuum
2639 1114 2971 1170 hominum.

2072 1185 2147 1236 Us
2180 1184 2419 1256 habent,
2448 1188 2503 1236 et
2534 1201 2648 1239 non
2681 1184 2998 1256 loquentur
3031 1205 3044 1242 :

2143 1254 2342 1307 oculos
2375 1253 2611 1318 habent,
2647 1263 2704 1311 et
2740 1253 2854 1313 non
2887 1261 3186 1316 videbunt.

2071 1329 2260 1380 Aures
2289 1325 2524 1386 habent,
2560 1333 2617 1381 et
2649 1345 2762 1383 non
2798 1332 3041 1385 audient
3077 1348 3090 1384 :

2146 1413 2345 1451 nasum
2366 1397 2601 1464 habent,
2619 1408 2677 1454 et
2701 1419 2814 1456 non
2835 1405 3184 1459 odorabunt.

2071 1466 2282 1544 Manus
2315 1468 2550 1544 habent.
2573 1477 2629 1525 et
2661 1489 2776 1526 non
2812 1475 3137 1544 palpabunt
3169 1492 3183 1530 :

2144 1541 2318 1608 pedes
2350 1540 2587 1607 habent,
2619 1550 2674 1596 et
2707 1540 2826 1599 non
2855 1540 3288 1603 ambulabunt:

2143 1627 2256 1685 non
2290 1610 2553 1685 (Al.nec)
2577 1618 2871 1670 sonabunt
2897 1617 2952 1670 in
2978 1624 3214 1685 gutture
3247 1637 3374 1676 suo.

1992 1703 2038 1766 B
2071 1681 2302 1766 Similes
2333 1683 2451 1738 illis
2484 1688 2622 1765 liqut
2655 1681 3011 1766 qu_i_l'aciu‘n‘t
3040 1707 3128 1766 ea,

2141 1759 2198 1808 et
2227 1771 2432 1826 omnes
2460 1757 2559 1826 qui
2595 1760 2900 1814 conlidunt
2933 1761 2988 1815 in
3021 1757 3128 1816 eis.

2070 1825 2247 1880 Israel
2282 1825 2565 1880 conﬁdit“
2597 1830 2653 1882 in
2689 1829 2935 1886 Domino
2974 1849 2986 1886 :

2141 1897 2452 1951 auxiliator
2480 1905 2536 1952 et
2565 1907 2857 1968 protector
2882 1919 3083 1958 eorum
3121 1910 3227 1960 est.

2067 1967 2288 2022 Domus
2318 1973 2507 2023 Aaron
2541 1967 2784 2027 conlidit
2827 1975 2886 2028 in
2918 1975 3168 2031 Domino
3203 1993 3216 2030 :

2139 2040 2450 2094 auxiliator
2479 2049 2534 2096 et
2567 2052 2856 2112 protector
2885 2064 3087 2101 eorum
3119 2059 3232 2103 est.

2067 2111 2361 2164 Timentes
2394 2111 2706 2169 Dominum
2740 2117 3046 2172 confidunt
3078 2119 3134 2172 in
3173 2121 3415 2179 Domino
3449 2141 3463 2180 :

2139 2182 2450 2256 auxiliator
2477 2189 2535 2238 et
2568 2195 2857 2256 protector
2885 2206 3089 2244 eorum
3122 2198 3230 2246 est.

2066 2253 2352 2334 Dominus
2385 2253 2723 2334 recerdatus
2761 2261 2947 2334 nostri
2974 2262 3037 2332 '0,
3070 2263 3392 2334 benedicet,

2140 2325 2442 2381 benedicet
2471 2327 2670 2382 domui
2704 2330 2882 2385 Israel
2918 2349 2932 2388 :

2141 2397 2368 2451 benicet
2396 2399 2598 2452 domui
2631 2407 2847 2458 Aaron.

2069 2470 2380 2524 Benedicet
2411 2469 2754 2528 timentibus
2783 2473 3098 2530 Dominum
3130 2491 3145 2530 :

2143 2540 2334 2612 parvis
2365 2545 2421 2594 et
2440 2542 2703 2612 magnis.

2064 2610 2254 2665 Addat
2283 2610 2579 2669 Dominus
2599 2629 2777 2684 super
2807 2631 2908 2670 vos
2939 2631 2952 2669 :

2138 2698 2447 2760 supervos
2477 2689 2533 2738 et
2563 2684 2922 2760 seperl‘ilios
2948 2694 3190 2760 vestros,

2066 2753 2362 2808 Benedicti
2395 2771 2497 2810 vos
2527 2772 2560 2809 a
2592 2753 2837 2811 Domino
2872 2773 2884 2810 :

2137 2825 2236 2894 qui
2271 2826 2404 2880 fecit
2433 2829 2643 2880 ccelum
2675 2832 2734 2882 et
2763 2833 3001 2884 terram.

2064 2900 2286 2952 Caelum
2317 2898 2595 2953 caelorum
2628 2899 2872 2954 Domino
2905 2915 2918 2953 :

2140 2980 2349 3023 terram
2382 2977 2574 3024 autem
2608 2971 2769 3025 dedit
2800 2972 2938 3026 ﬁliis
2972 2971 3302 3034 hominum.

1985 3072 2029 3138 ο
2066 3038 2799 3138 Νορῌςῃρὶιξρειυᾴθξυηι
2829 3043 3140 3138 Deminum
3174 3061 3190 3102 :

2141 3127 2244 3185 nec
2275 3128 2480 3185 omnes
2510 3113 2609 3185 qui
2641 3115 3068 3170 descenderunt
3097 3118 3158 3172 in
3191 3118 3516 3176 silentium.

2069 3184 2178 3239 Sed
2215 3199 2320 3237 nos
2353 3184 2754 3240 benedicimus
2785 3185 3032 3242 Domino
3066 3204 3079 3241 :

2139 3255 2350 3326 amodo
2380 3259 2438 3308 et
2471 3273 2656 3326 usque
2687 3257 2746 3311 in
2778 3263 3084 3312 aeternum.
3119 3259 3369 3318 Alleluia
3397 3264 3457 3319 “.

2070 3325 2511 3434 (CXV'I‘.;)nI')‘lqlt-‘3:(i
2561 3325 2839 3399 quoniam
2887 3331 3157 3386 exaudiet
3191 3334 3296 3403 (Al.
3331 3334 3550 3407 audiet)
3603 3337 3712 3394 Do-

2214 3414 2412 3452 mlDUS

2144 3485 2340 3524 vocem
2376 3469 2803 3540 deprecationis
2839 3487 3002 3528 mets.

2073 3541 2694 3615 Quon_iam_inclinavit
2721 3559 2918 3598 aurem
2953 3561 3122 3599 suam
3156 3546 3323 3615 mihi,

2143 3618 2202 3667 ct
2233 3613 2291 3666 in
2323 3611 2531 3668 diebus
2564 3614 2710 3668 meis
2739 3616 3018 3670 invocabo
3044 3620 3109 3671 ‘3.

2073 3683 2522 3739 Circumderunt
2551 3701 2643 3738 me
2685 3687 2853 3740 funes
2886 3690 3110 3754 mortis,

2146 3759 2202 3809 et
2224 3755 2575 3809 munitiones
2606 3756 2818 3810 inferni
2843 3760 3187 3822 invenerunt
3209 3775 3320 3816 me.

2073 3826 2424 3895 Angustiam
2456 3831 2512 3878 et
2541 3826 2797 3880 dolorem
2831 3830 3038 3897 reperi.

2147 3906 2206 3952 et
2237 3914 2444 3951 nomen
2474 3897 2701 3951 Domini
2730 3900 3006 3954 invocabo
3039 3916 3051 3954 :

2077 3968 2352 4043 Obsecro,
2386 3969 2650 4043 Domine.
2680 3970 2838 4024 salva
2868 3971 2950 4039 (h.
2983 3971 3162 4043 eripe)
3196 3972 3451 4031 animam
3486 3993 3675 4032 meam
3703 3996 3717 4036 :

2149 4041 2405 4112 clemens
2439 4040 2741 4106 Dominus,
2775 4049 2831 4094 et
2869 4040 3112 4112 justus—2

2151 4117 2208 4166 et
2232 4111 2385 4186 Deus
2418 4118 2616 4186 noster
2648 4111 2978 4186 misericors
3005 4115 3089 4181 (h.
3120 4113 3297 4186 pius),

2079 4183 2344 4238 Custodit
2386 4183 2656 4254 parvulos
2693 4185 2972 4239 Dominus
3003 4202 3017 4240 :

2152 4259 2489 4309 attenuatus
2519 4271 2671 4314 sum,
2705 4261 2761 4308 et
2794 4258 3043 4312 salvabit
3075 4273 3185 4312 me.

2082 4325 2411 4401 Revertere,
2445 4326 2638 4401 anima
2672 4344 2819 4401 mea,
2855 4329 2908 4401 in
2945 4330 3206 4401 requiem
3241 4333 3402 4385 tuam
3437 4345 3450 4383 :

2003 4443 2049 4508 Β
2153 4399 2290 4476 quia
2323 4397 2604 4453 Dominus
2636 4400 2839 4454 reddet
2867 4400 2995 4455 tibi.

2079 4629 2190 4740 gius
2221 4613 2431 4668 retinet
2475 4612 2670 4668 Canon
2699 4615 2960 4670 Carcass.
2995 4631 3126 4670 cum
3172 4615 3298 4672 suis
3328 4615 3722 4689 pedissequis.

2140 4703 2265 4740 Αητ.

2140 4703 2265 4740 ART.

2145 4757 2166 4791 ⁶
2199 4759 2559 4829 lnterserunt
2589 4756 2703 4810 duo
2733 4773 2762 4811 e
2795 4756 3006 4811 nostris
3038 4774 3148 4812 ms.
3179 4759 3349 4829 quia:
3383 4765 3507 4814 tum
3541 4758 3725 4814 exsul-

2073 4832 2256 4894 stalis,
2291 4844 2391 4896 pro
2420 4828 2766 4882 subsultastis
2796 4828 3018 4899 legunt.

2146 4901 2164 4933 ⁷
2201 4900 2429 4968 ltegime
2464 4917 2596 4956 ms.,
2627 4908 3006 4953 contremismt
3037 4906 3204 4967 terra,

2145 4972 2164 5004 ⁸
2197 4971 2298 5024 Hic
2329 4971 2481 5043 apud
2519 4971 2786 5024 Hebraeos
2821 4973 3027 5041 incipit
3059 4975 3203 5043 psal.
3234 4990 3360 5036 CXV,
3387 4973 3539 5042 apud
3571 4977 3719 5027 Grae-

2075 5059 2173 5098 cos
2202 5059 2332 5096 vero
2365 5058 2429 5115 ae
2457 5042 2691 5115 Latinos
2722 5042 3079 5113 conjunctim
3105 5045 3437 5115 descriptus
3462 5051 3551 5098 est
3581 5061 3715 5100 cum

2074 5113 2441 5186 praecedenti.
2478 5113 2664 5167 MART.

2144 5187 2164 5220 θ
2193 5184 2562 5240 Cistercicns.
2599 5201 2710 5240 ms.
2744 5183 2839 5239 hic
2871 5190 2928 5240 et
2959 5185 3134 5256 paulo
3167 5189 3319 5255 post,
3353 5185 3608 5255 conﬁdet.

2145 5259 2188 5293 ³ο
2223 5257 2400 5318 Idem,
2434 5256 2754 5309 recordatus
2784 5260 2863 5310 est
2896 5256 3094 5320 nostri,
3122 5264 3172 5310 et
3205 5257 3504 5311 lienedicet.

2145 5331 2188 5364 “
2223 5329 2582 5382 Postremum
2621 5327 2727 5380 hoc
2759 5329 2999 5382 verbum
3032 5330 3273 5382 Alleluia
3303 5335 3457 5382 tacet
3491 5327 3719 5398 Reginae

2073 5417 2209 5461 ms.,
2263 5398 2633 5457 Cisterciens.
2677 5404 2872 5471 autem
2935 5399 3319 5468 subsequenti
3371 5401 3598 5471 psalmo
3649 5402 3718 5454 ad

2071 5471 2226 5526 tituli
2263 5471 2448 5524 instar
2473 5472 2640 5535 juxta
2673 5469 2973 5541 Vulgatam
3005 5471 3270 5541 przeligit.

2146 5545 2187 5578 ¹²
2218 5547 2352 5597 Mss.
2407 5547 2524 5596 tres
2560 5585 2572 5604 ,
2607 5540 2792 5594 Dilexi
2841 5541 3103 5611 quoniam
3150 5540 3429 5608 elrawlies,
3465 5543 3715 5596 Domine.

2070 5614 2462 5669 Memmianus
2493 5617 2550 5665 et
2597 5613 2976 5667 Carnutensis
3021 5615 3387 5680 emendatus,
3433 5616 3719 5670 exaudivit

2069 5687 2353 5742 Dominus.
2390 5685 2576 5738 MART.

2144 5759 2186 5797 ‘3
2215 5757 2585 5814 Cistercicns.
2623 5771 2758 5826 ms.,
2792 5754 3072 5812 lnvocavi.
