4050 6182
315 228 452 285 1283

313 355 460 421 Quia
490 358 650 412 eruet
683 355 937 411 animam
971 370 1162 411 meam
1197 355 1268 412 de
1297 359 1486 412 morte
1509 358 1551 412 ί.

389 428 589 500 oculos
623 443 781 483 meos
815 445 848 482 a
875 428 1175 500 lacrymis,
1206 429 1381 500 pedes
1421 443 1580 485 meos
1612 426 1682 483 ab
1716 425 1957 483 oti‘ensa.

313 499 726 573 Deambulabo
745 515 938 573 coram
971 499 1239 573 Domino,

383 573 443 626 in
474 571 645 626 terris
677 569 998 626 viventium
1022 571 1061 628 ¹.

313 642 541 698 Credidi
575 645 810 715 propter
839 643 990 712 quod
1026 643 1119 715 (h.
1141 643 1302 715 quia)
1333 643 1568 700 locutus
1597 657 1727 699 sum
1752 641 1774 676 ³
1801 658 1816 698 :

384 713 781 786 egoal'ﬂictus
813 730 946 769 sum
980 713 1210 771 nimis:

310 783 445 858 Ego'
464 783 581 858 dixi
608 785 674 858 in
702 789 940 857 stupore
972 802 1100 842 meo
1131 803 1144 840 :

383 855 1185 930 omnis_horuo;mendacium
1220 857 1302 920 (h.
1337 856 1663 930 mentitur).

313 929 459 994 Quid
497 927 738 983 reddam
773 928 1043 996 Domino,

427 1017 486 1054 ro
519 999 795 1072 omnibus
831 1017 960 1072 quae
992 1001 1264 1056 retribuit
1297 1000 1440 1055 mihi
1465 1000 1493 1055 ?

310 1070 559 1128 Calicem
594 1070 877 1145 salutaris
903 1074 1011 1144 (AI.
1045 1073 1276 1145 salutis)
1307 1072 1613 1144 accipiam,

383 1147 439 1199 et
471 1158 682 1199 nomen
715 1143 948 1198 Domini
981 1143 1283 1201 invocabo.

307 1216 453 1271 Vota
483 1229 613 1269 mea
644 1214 891 1270 Domino
925 1217 1190 1287 reddam,

385 1301 579 1360 coram
608 1287 770 1360 omni
809 1288 1022 1360 populo
1054 1290 1200 1359 ejus.

311 1357 576 1432 Gloriosa
606 1355 1013 1432 inconspectu
1042 1355 1270 1416 Domini
1300 1358 1375 1430 (h.
1399 1356 1660 1414 Pretiosa
1691 1356 1749 1410 in
1773 1355 1958 1413 oculis

453 1428 735 1497 Domini),

386 1515 545 1555 mors
578 1505 916 1573 sanctorum
948 1501 1030 1573 (b.
1064 1499 1559 1569 misericordium]
1593 1500 1744 1571 ejus.

311 1572 590 1638 Obsecro,
618 1571 886 1642 Domine,
918 1571 1056 1643 quia
1077 1589 1188 1644 ego
1221 1589 1426 1628 servus
1458 1578 1618 1643 tuus,

380 1659 485 1714 ego
519 1658 722 1698 servus
753 1648 892 1700 tuus
923 1644 1082 1699 ﬁlius
1113 1644 1336 1700 ancilla:
1367 1649 1500 1700 tuae.

311 1715 642 1771 Dissolvisti
675 1715 906 1771 vincula
939 1733 1069 1772 mea
1101 1734 1114 1772 :

381 1787 488 1860 tibi
520 1787 837 1860 immolabo
868 1788 1118 1843 hostiam
1152 1787 1345 1843 laudis
1366 1785 1917 1860 (b.:confessionis),

380 1862 435 1913 et
466 1859 523 1914 in
560 1859 794 1914 nomine
823 1859 1056 1915 Domini
1089 1861 1390 1916 invocabo.

307 1930 454 1986 Vota
485 1945 617 1985 mea
650 1931 893 1987 Domino
926 1932 1168 1986 reddam

381 2003 439 2056 in
473 2008 788 2076 conspectu
823 2005 1015 2059 omnis
1047 2003 1247 2076 populi
1279 2003 1428 2074 ejus.

310 2073 812 2146 Inratriisidomus
847 2073 1098 2146 Domini,

380 2145 437 2198 in
473 2145 664 2199 medio
695 2146 779 2200 tui
804 2146 845 2216 ⁵,
877 2143 1224 2202 Jerusalem.
1257 2143 1524 2200 Alleluia.

309 2215 573 2286 (CXVII)
607 2215 861 2272 Laudate
894 2219 1228 2286 Dominum,
1261 2233 1465 2272 omnes
1499 2218 1700 2284 gentes
1733 2231 1746 2269 :

382 2287 752 2361 collaudate‘
782 2305 940 2355 eum,
973 2289 1227 2344 universi
1263 2286 1462 2361 populi
1483 2288 1574 2361 th.
1612 2285 1855 2361 plebes).

309 2360 456 2424 Quia
482 2358 806 2433 confortata
835 2367 1128 2433 estsuper
1160 2358 1700 2433 nos—misericordia
1730 2359 1880 2429 ejus,

379 2434 437 2484 et
467 2429 682 2485 veritas
713 2432 945 2487 Domini
978 2429 1042 2486 in
1067 2437 1371 2488 aeternum.
1405 2429 1673 2487 Alleluia.

308 2500 605 2574 (CXVlll.)
636 2501 1005 2574 confitemini
1040 2504 1303 2570 Domino,
1332 2501 1829 2574 quoniamgbonus
1865 2517 1878 2557 :

380 2572 659 2656 quoniam
690 2573 749 2630 in
783 2580 1061 2632 aeternum
1098 2576 1181 2649 (h.
1216 2572 1518 2647 saeculum)
1553 2572 1954 2630 misericordia

455 2661 605 2700 eius.

307 2660 662 2790 Dicafli‘iliinc
692 2716 773 2790 (Ah.
808 2718 1069 2790 obsecro)
1101 2717 1276 2774 Israel
1312 2733 1324 2772 :

377 2788 655 2870 quoniam
700 2785 759 2844 in
795 2785 1078 2846 aeternum
1122 2790 1200 2862 (h.
1235 2789 1516 2846 saeculum
1550 2785 1954 2845 misericordia

453 2875 600 2929 ejus.

309 2929 475 2986 Dicat
507 2947 663 3004 nunc
692 2931 772 3004 (b.
807 2931 1068 3004 obsecro)
1097 2933 1305 2988 domus
1331 2937 1518 2988 Aaron
1557 2948 1572 2986 :

375 3003 659 3088 Quoniam
691 3002 748 3057 in
784 3001 1064 3059 aeternum
1100 3004 1177 3076 (b.
1212 3004 1520 3074 saeculum)
1553 3001 1952 3060 misericordia

447 3089 594 3145 ejus.

314 3160 520 3215 Dicant
546 3177 704 3235 nunc
730 3160 809 3233 (h.
843 3162 1106 3234 obsecro)
1138 3162 1239 3235 qui
1269 3163 1480 3235 timent
1509 3162 1823 3219 Dominum
1860 3179 1873 3219 :

377 3233 658 3314 quoniam
692 3233 750 3288 in
782 3238 1064 3290 aeternum
1090 3233 1179 3308 '(h'.
1213 3234 1519 3307 saaculum)
1547 3234 1954 3291 misericordia

443 3319 472 3357 e
504 3320 592 3358 us.

301 3375 440 3457 Cum
471 3319 813 3457 iribuiarer,
849 3376 1108 3457 invocavi
1154 3377 1486 3457 D_o_min_nm,

372 3450 427 3500 et
457 3447 754 3501 exaudivit
787 3463 880 3502 me
909 3449 967 3502 in
1004 3448 1316 3504 latitudine
1356 3449 1664 3504 Dominus.

303 3515 588 3592 Dominus
621 3533 787 3592 meus
822 3518 1085 3592 (Alaatld.
1121 3520 1247 3592 est),
1282 3535 1397 3575 non
1429 3521 1647 3576 timebo

374 3589 514 3659 quid
549 3589 724 3644 faciat
760 3589 904 3644 mihi
938 3589 1147 3659 homo;

309 3659 593 3716 Dominus
614 3660 768 3734 mihi
801 3662 1113 3718 auxiliator
1141 3661 1224 3727 (h.
1260 3661 1412 3719 inter
1441 3662 1858 3734 auxiliatores),

373 3737 434 3806 e_t_
458 3748 563 3804 ego
595 3732 915 3805 despiciam
948 3734 1031 3801 (b.
1067 3733 1373 3806 aspiciam)
1403 3736 1670 3791 odientes
1701 3751 1814 3791 me.

304 3803 514 3859 Melius
545 3810 635 3859 est
665 3803 901 3879 sperare
930 3807 1010 3878 (b.
1047 3803 1364 3879 confidere)
1391 3807 1449 3862 in
1481 3807 1752 3878 Domino,

371 3892 548 3946 quam
580 3892 814 3947 sperare
842 3878 898 3930 in
931 3879 1186 3934 homine.

211 3995 214 3998 .
301 3946 512 4004 Melius
543 3946 633 4004 est
662 3965 899 4020 sperare
929 3950 1011 4016 (h.
1047 3950 1360 4018 conlidere)
1391 3950 1448 4006 in
1483 3948 1752 4018 Domino,

371 4036 547 4088 quam
583 4036 823 4091 sperare
849 4021 905 4074 in
943 4021 1328 4092 principibus.

301 4089 516 4146 Omnes
548 4089 750 4163 gentes
782 4089 1293 4148 circumdederunt
1325 4109 1451 4160 me;

373 4163 430 4217 in
461 4162 696 4237 nomine
733 4164 962 4237 Domini
1001 4165 1138 4236 quia
1188 4163 1349 4220 ultus
1399 4181 1532 4220 sum
1582 4162 1641 4219 in
1691 4165 1832 4220 eas6
1863 4162 1945 4237 (h.

444 4235 689 4290 contrivi
722 4235 865 4307 eas).

303 4303 831 4363 Circumdederunt
856 4324 969 4377 me,
1003 4311 1059 4362 et
1088 4307 1446 4363 obsederunt
1477 4323 1569 4362 me
1600 4324 1612 4361 :

373 4377 473 4450 sed
510 4378 566 4432 in
600 4377 835 4435 nomine
885 4378 1138 4448 Domini,
1169 4379 1309 4450 quia
1358 4378 1518 4435 ultus
1558 4394 1690 4436 sum
1741 4378 1797 4435 in
1848 4395 1946 4435 eas

351 4517 359 4527 .
443 4449 521 4510 (b.
557 4451 798 4527 contrivi
840 4450 980 4520 cas).

300 4519 823 4579 Circumdederunt
853 4519 953 4578 me
976 4520 1142 4594 quasi
1177 4537 1314 4594 apes
1347 4537 1360 4576 :

369 4659 386 4693 ί
420 4658 661 4719 Cisterc.
695 4680 809 4720 ms.
841 4664 937 4720 hic
964 4667 1120 4719 tacet
1150 4680 1347 4720 meam.

368 4731 501 4808 ‘_Ex
532 4733 642 4790 hoc
684 4734 808 4808 loco
857 4737 1011 4791 idem
1063 4753 1174 4792 ms.
1220 4737 1390 4807 juxta
1438 4735 1842 4808 Septuaginta,
1874 4753 1941 4793 ac

298 4803 608 4890 Vulgata‘m
642 4807 733 4890 ab.
757 4807 852 4890 iis.
883 4803 1597 4890 derivatam'versione'm,
1631 4803 1941 4879 praeposita

298 4877 615 4949 epigraphe
647 4879 907 4946 Alleluia,
942 4879 1234 4951 psalmum
1267 4896 1375 4935 cxv
1405 4877 1723 4936 exorditur.
1752 4877 1767 4879 “

338 5023 342 5024 ί
369 4947 503 5024 {Ab
537 4948 630 5024 bis
658 4951 850 5006 verbis
884 4951 1179 5024 psalmum
1210 4969 1315 5007 cxv
1345 4951 1728 5023 auspicantur
1757 4949 1938 5007 Graeci

296 5023 353 5075 et
383 5020 594 5077 Latini.
625 5026 811 5078 MART.

367 5092 389 5166 ξ
419 5091 744 5166 Pronomen
778 5092 864 5150 lui
891 5093 1260 5151 Cisterciens.
1297 5111 1407 5150 ms.
1443 5093 1536 5166 hic
1569 5092 1812 5166 respuit.

365 5162 387 5197 ⁸
420 5163 579 5220 Idem
611 5183 748 5237 ms.,
779 5175 830 5222 et
859 5167 1129 5228 laudate;
1160 5173 1304 5235 tum,
1329 5165 1460 5238 quid
1486 5162 1813 5238 conﬁrmata
1841 5167 1939 5232 est,

295 5251 401 5306 pro
431 5240 735 5307 con/artata
757 5256 775 5292 :
808 5239 1060 5310 denique
1091 5237 1226 5310 plus
1251 5237 1426 5294 habet
1453 5243 1641 5293 manet
1673 5238 1938 5306 verbum,

295 5311 428 5377 post
459 5311 660 5366 veritas
691 5310 936 5366 Domini.

363 5379 383 5413 ⁶
415 5379 642 5454 Ηοοίθῑ
690 5383 950 5452 proxime
1003 5380 1273 5454 sequenti
1329 5378 1560 5454 gemino
1618 5379 1756 5454 huic
1813 5379 1939 5436 loco

297 5452 452 5506 tacet
499 5451 871 5510 CisterCiens.
924 5469 1065 5508 mss.
1113 5452 1268 5524 quia,
1318 5451 1384 5509 ac
1432 5451 1573 5524 legit
1621 5453 1770 5509 ullus
1815 5469 1940 5508 sum

295 5537 405 5576 608.

365 5593 384 5628 ⁷
418 5593 480 5647 In
512 5594 766 5653 Canonis
811 5595 1246 5667 exemplaribus
1277 5593 1542 5666 psalmus
1573 5595 1682 5650 iste
1714 5594 1939 5650 divisus

299 5669 387 5717 est
418 5669 483 5718 ut
512 5669 704 5739 caeteri
736 5685 839 5739 per
863 5668 990 5724 cola
1019 5673 1075 5724 et
1093 5672 1413 5739 commata,
1433 5667 1523 5739 ita
1553 5674 1619 5739 ut
1646 5667 1938 5739 sexdecim

296 5749 500 5812 versus
547 5737 1059 5812 sub_u_naquaque
1090 5738 1282 5794 littera
1329 5737 1625 5812 alphabeti
1669 5738 1938 5793 Hebraici

299 5807 472 5874 positi
503 5807 890 5880 reperiantur.
940 5807 1099 5868 Hanc
1129 5825 1364 5883 quoque
1391 5807 1736 5868 divisionem
1771 5825 1937 5866 secu-

1355 232 1420 286 Β.
1462 229 1869 284 HIERONYMI
1910 227 2164 283 DIVINA
2201 227 2694 283 BIBLIOTHECA.

3587 230 3723 286 1284

1989 353 2044 422 Α
2144 354 2441 439 exstincta:
2473 357 2614 439 sgnt
2645 354 2814 439 quasi
2848 353 3003 439 ignis
3035 354 3342 439 spinarum

2143 427 2203 482 in
2231 426 2468 502 nomine
2506 426 2762 502 Domini,
2811 426 2951 499 quia
3003 427 3164 483 ultus
3211 443 3344 484 sum
3397 426 3458 484 in
3509 444 3611 485 eas
3639 427 3726 502 (b.

2211 497 2458 553 contrivi
2487 500 2626 570 eas).

2071 570 2365 641 Impulsus
2396 569 2656 642 pellebar
2682 573 2748 625 ut
2786 571 3073 627 caderem.

2140 646 2198 698 et
2214 641 2510 715 Dominus
2543 645 2895 715 sustentavit
2926 660 3019 700 me
3050 642 3132 715 (h.
3160 646 3217 698 et
3245 641 3536 700 Dominus
3565 643 3725 700 auxi-

2211 713 2390 769 liatus
2421 718 2510 768 est
2540 713 2729 785 mihi).

2068 785 2368 841 Fortitudo
2399 801 2549 856 mea,
2583 791 2641 841 et
2671 787 2800 841 laus
2833 801 2960 841 mea
3001 785 3278 842 Dominus
3312 803 3326 842 :

2141 863 2199 912 et
2228 857 2416 912 factus
2448 863 2539 912 est
2568 857 2714 912 mihi
2745 859 2804 911 in
2838 857 3111 914 salutem.

2068 927 2190 984 Vox
2221 927 2435 994 laudis,
2469 935 2524 984 et
2553 929 2765 985 salutis

2142 1001 2201 1056 in
2233 1001 2627 1057 tabernaculis
2652 1004 2974 1071 justorum.

2071 1075 2315 1146 Dextera
2344 1072 2574 1146 Domini
2609 1073 2746 1129 fecit
2778 1072 3187 1146 fortitudinem
3217 1073 3302 1146 (h.
3335 1071 3608 1129 virtutem
3647 1088 3662 1127 :

2141 1145 2378 1200 dextera
2408 1144 2634 1200 Domini
2674 1145 2922 1213 excelsa,

2140 1217 2372 1272 dextera
2403 1215 2635 1272 Domini
2670 1217 2804 1272 fecit
2835 1216 3244 1273 fortitudinem
3269 1215 3352 1287 th.
3377 1214 3722 1287 virtutem):

2067 1288 2192 1344 Non
2228 1288 2461 1353 moriar,
2495 1289 2598 1344 sed
2630 1289 2842 1356 vivam,

2139 1365 2196 1415 et
2227 1360 2475 1432 narrabo
2509 1359 2964 1432 operagDomini.

2067 1430 2400 1514 Corripiens
2432 1429 2624 1501 arguit
2660 1431 2743 1504 (h.
2767 1432 3074 1502 Castigans
3122 1429 3449 1502 castigavit)
3483 1445 3578 1486 me
3608 1429 3720 1485 Do-

2211 1519 2432 1572 minus,

2138 1578 2196 1630 et
2226 1575 2399 1630 morti
2431 1591 2544 1630 non
2579 1573 2820 1629 tradidit
2852 1589 2963 1629 me.

2063 1645 2296 1716 Aperite
2329 1646 2474 1701 mihi
2507 1651 2705 1717 portas
2738 1646 2986 1716 justitim
3022 1661 3034 1700 :

1985 1730 2038 1794 Β
2070 1790 2111 1794 __
2138 1719 2444 1790 ingressus
2475 1716 2533 1772 in
2570 1733 2670 1794 eas
2699 1717 3022 1774 conﬁtebor
3052 1716 3322 1773 Domino.

2067 1789 2398 1862 Hasc’porta
2421 1789 2680 1862 Domini,

2128 1860 2279 1932 justi
2309 1861 2621 1916 intrabunt
2649 1860 2706 1915 in
2739 1876 2890 1916 eam.

2063 1931 2397 1988 conﬁtebor
2424 1933 2552 2000 tibi,
2587 1933 2865 2002 quoniam
2894 1931 3183 1988 exaudisti
3212 1946 3327 2002 me,

2134 2011 2190 2060 et
2219 2006 2406 2060 factus
2437 2021 2500 2060 es
2530 2003 2673 2059 mihi
2703 2006 2762 2059 in
2791 2003 3064 2060 salutem.

2065 2076 2342 2202 Lapiiiem
2374 2077 2480 2149 (Al.
2512 2075 2686 2149 lapis)
2719 2092 2894 2146 quem
2927 2075 3386 2149 reprobaverunt
3415 2072 3720 2130 aediﬁcan-

2233 2164 2294 2202 es
2327 2166 2340 2202 :

2233 2164 2294 2204 es
2327 2166 2340 2204 ε

2134 2218 2324 2274 factus
2355 2222 2443 2274 est
2473 2219 2533 2274 in
2566 2223 2744 2291 caput
2773 2217 2995 2290 anguli.

2061 2293 2106 2347 A
2143 2292 2382 2346 Domino
2415 2292 2635 2346 factum
2667 2294 2756 2346 est
2787 2291 2968 2360 istud,

2133 2368 2189 2418 et
2218 2363 2325 2417 hoc
2355 2367 2444 2417 cst
2473 2364 2580 2435 (Al.
2604 2366 2845 2435 (nonest)
2879 2361 3146 2435 mirabile
3167 2361 3226 2416 in
3247 2360 3436 2417 oculis
3467 2359 3721 2417 nostris.

2064 2435 2192 2490 Ilaec
2223 2440 2312 2490 est
2342 2433 2674 2506 dies‘quam
2711 2433 2846 2488 fecit
2878 2433 3164 2506 Dominus
3198 2451 3211 2490 :

2135 2505 2585 2562 sxsultemus’et
2617 2506 2883 2561 laetemur
2911 2505 2972 2559 in
3005 2521 3090 2561 ea.

2063 2577 2336 2647 Obsecro,
2371 2578 2637 2647 Domine,
2670 2577 2855 2646 salva,
2887 2577 3128 2632 obsecro
3164 2593 3178 2631 :

2134 2651 2396 2722 obsecro,
2426 2650 2691 2719 Domine,
2725 2665 3089 2722 prosperare,
3118 2649 3419 2722 obseeero.

2063 2721 2412 2780 Benedictus
2443 2723 2544 2792 qui
2575 2720 2738 2777 venit
2761 2721 2819 2775 in
2855 2721 3088 2776 nomine
3117 2720 3352 2775 Domini
3386 2735 3401 2775 :

2135 2793 2541 2849 benediximus
2571 2793 2737 2849 vobis
2769 2794 2839 2848 de
2871 2793 3044 2849 domo
3077 2792 3304 2848 Domini
3339 2809 3353 2846 :

2061 2869 2215 2920 Deus
2247 2864 2553 2932 Dominus,
2586 2871 2642 2921 et
2673 2864 2945 2937 apparuit
2972 2865 3054 2932 (h.
3089 2864 3306 2931 illuxit)
3335 2861 3507 2937 nobis
3539 2876 3555 2937 ξ

2135 2939 2500 3062 fredquentate
2530 2937 2611 3008 (b.
2647 2933 2922 3008 obligata)
2955 2937 3385 2992 solemnitatem
3429 2934 3488 2988 in
3541 2933 3715 2990 fron-

2245 3025 2387 3062 oszs.

2245 3025 2387 3074 oszs,

2135 3096 2322 3151 usque
2354 3080 2423 3135 ad
2456 3096 2676 3136 cornua
2708 3079 2928 3136 altaris.
3119 3151 3130 3160 ἰ
3183 3149 3194 3160 ,

2060 3152 2216 3208 Deus
2249 3167 2415 3207 meus
2445 3167 2507 3210 es
2536 3157 2625 3216 tu,
2656 3155 2712 3207 et
2741 3150 3062 3207 confitebor
3090 3150 3196 3204 tibi
3228 3165 3242 3206 :

2128 3223 2284 3278 Deus
2318 3240 2484 3280 meus
2513 3239 2575 3279 es
2605 3228 2691 3290 tu,
2725 3227 2781 3278 et
2809 3223 3076 3279 exaltabo
3107 3227 3184 3276 te.

2056 3295 2389 3351 Ccnﬁtebor
2420 3295 2692 3362 Domino,
2728 3296 3007 3366 quoniam
3041 3295 3232 3366 bonus
3263 3308 3276 3346 :

2129 3367 2407 3451 quoniam
2447 3367 2504 3423 in
2537 3363 2817 3423 aeternum
2848 3367 2932 3440 (b.
2967 3365 3265 3435 saeculum)
3302 3363 3716 3420 misericordia

2055 3455 2594 3582 (CXlglCSSlAleph)
2630 3509 2807 3582 Beati
2855 3506 3223 3582 immaculati
3272 3505 3331 3562 in
3377 3504 3566 3563 via":
3613 3505 3715 3578 qui

2198 3581 2504 3637 ambulant
2537 3581 2597 3636 in
2628 3581 2754 3654 lege
2787 3581 3040 3654 Domini.

2054 3655 2212 3708 Beati
2245 3654 2345 3736 qui
2377 3648 2717 3738 custodiunt
2743 3651 3082 3738 testimonia
3105 3650 3234 3722 ejus
3258 3665 3272 3706 :
3297 3648 3358 3705 in
3389 3651 3513 3705 toto
3536 3648 3712 3705 corde

2126 3727 2434 3796 requirunt
2463 3726 2570 3794 (Al.
2603 3726 2923 3797 requirent)
2957 3739 3116 3778 eum.

2053 3796 2178 3852 Non
2213 3797 2502 3869 enimqui
2553 3801 2870 3869 operantur
2918 3795 3312 3867 iniquitatem,
3343 3793 3403 3848 in
3432 3791 3545 3847 viis
3575 3793 3708 3865 ejus

2197 3867 2666 3926 ambulaverunt.

2051 3940 2141 4014 ’_I‘u
2171 3941 2462 4014 mandasti
2500 3943 2786 4014 praecepta
2815 3944 2916 3995 tua
2945 3937 3230 4014 custodiri
3261 3934 3456 4014 nimis.

2057 4012 2288 4067 Utinam
2323 4007 2656 4084 dirigantur
2685 4007 2788 4067 viae
2837 4028 3000 4078 mea,
3035 4011 3104 4066 ad
3137 4007 3523 4066 custodienda
3553 4023 3709 4078 prae-

2195 4101 2257 4141 ce
2304 4089 2361 4138 ta
2388 4089 2510 4140 tua.

2051 4155 2213 4210 Tunc
2263 4101 2386 4210 Inon
2445 4155 2790 4222 confundar,
2823 4170 2957 4210 cum
3016 4168 3321 4224 respexero
3374 4153 3446 4210 ad
3504 4149 3708 4207 omnia

2195 4229 2473 4283 mandata
2503 4231 2626 4283 tua.

2051 4296 2384 4382 Confitebor
2413 4297 2519 4382 tibi
2542 4297 2967 4382 directione
3005 4295 3198 4352 cordis
3233 4312 3247 4351 :
3281 4311 3413 4351 cum
3441 4293 3706 4350 didicero

2183 4371 2411 4441 judicia
2433 4371 2682 4442 justitiae
2712 4374 2845 4424 tuas.

1975 4469 2024 4535 Ι)
2054 4435 2343 4535 ξξᾶξξθρεα
2371 4435 2474 4498 tua
2496 4441 2862 4535 custodiam:
2887 4454 2958 4494 ne
2979 4435 3700 4535 dereJinquasjrn‘e‘nimis:

2057 4509 2264 4586 (Beth)
2290 4513 2350 4569 In
2385 4530 2499 4586 quo
2543 4513 2784 4585 corrigit
2806 4510 3042 4585 juvenis
3073 4511 3156 4581 (h.
3191 4509 3506 4566 mundabit
3532 4509 3706 4581 puer)

2049 4661 2146 4713 tus
2195 4661 2286 4714 est
2333 4657 2391 4714 S.
2425 4656 2793 4730 Augustinus
2822 4656 2883 4730 in
2913 4672 3022 4730 suo
3066 4654 3348 4730 Speculo;
3387 4653 3531 4730 quia
3569 4655 3699 4725 jam

2050 4747 2160 4785 usu
2211 4733 2441 4799 recepta
2497 4725 2623 4785 e'rat
2675 4735 2808 4784 ante
2862 4725 3275 4799 Hieronymum
3336 4725 3703 4799 inleditione

2049 4801 2256 4858 Latina
2299 4797 2666 4857 Psalmorum
2699 4800 2935 4871 vulgata
2965 4816 3030 4854 ac
3062 4797 3381 4855 communi.
3415 4797 3528 4871 an
3564 4814 3699 4871 vero

2049 4875 2422 4952 Hebraeorum
2476 4890 2618 4929 mss.
2651 4869 3074 4952 voluminibus,
3121 4887 3246 4952 quae
3297 4869 3548 4952 singulis
3601 4869 3700 4924 lit-

2049 4946 2193 5000 teris
2251 4951 2380 5000 octo
2438 4961 2640 5000 versus
2699 4943 3050 5013 attribuunt,
3109 4943 3698 5013 atqueHieronymo

2048 5018 2373 5088 praesertim
2422 5015 2809 5082 adhaerentes,
2843 5020 2929 5088 tot
2975 5012 3204 5088 versus"
3227 5012 3440 5088 cuique
3490 5012 3699 5088 littera

2048 5086 2444 5159 assignamus,
2477 5094 2621 5159 quot
2660 5088 2758 5143 ille
2806 5086 3577 5159 assignandosadmonuit:
3599 5086 3702 5159 lfa-

2048 5155 2356 5216 rumvdebes
2386 5155 2548 5228 scire,
2595 5159 2785 5230 inquit
2814 5159 2873 5214 S.
2907 5155 3117 5213 Doctor
3157 5155 3226 5211 ad
3258 5155 3500 5230 Paulam
3536 5156 3701 5230 Urbi-

2048 5249 2189 5298 cam,
2223 5255 2250 5282 «
2297 5232 2357 5286 in
2417 5228 2708 5301 prioribus
2764 5230 2973 5302 psalmi
3025 5230 3115 5302 (ex
3173 5233 3232 5302 et
3289 5229 3403 5299 cxx)
3444 5228 3704 5302 singulis

2050 5303 2261 5359 litteris
2310 5299 2576 5375 singulos
2608 5299 2947 5375 versiculos,
2980 5299 3079 5375 ι]ῡὶ
3128 5299 3394 5375 trimetro
3445 5299 3702 5375 iambico

2049 5380 2342 5439 constant,
2382 5371 2508 5430 esse
2565 5374 2926 5432 subnexos...
2984 5373 3048 5426 In
3098 5371 3418 5428 centesimo
3468 5373 3699 5426 decimo

2048 5453 2249 5504 octavo
2280 5446 2509 5519 psalmo
2554 5447 2821 5518 singulas
2870 5445 3096 5500 litteras
3126 5444 3321 5500 octoni
3348 5459 3554 5499 versus
3606 5458 3699 5498 se-

2047 5525 2331 5592 quuntur,
2358 5540 2386 5569 ››
2419 5523 2529 5575 etc.
2564 5519 2750 5574 MART.

2119 5623 2187 5632 --
2223 5594 2298 5646 De
2330 5607 2490 5646 more
2513 5592 2681 5659 juxta
2711 5587 3021 5660 Vulgatsm
3048 5585 3295 5658 praefigit
3317 5585 3690 5660 Cisterciens.

2048 5679 2158 5719 ms.
2193 5662 2432 5719 titulum
2465 5657 2731 5719 Alleluia.
2755 5657 3233 5730 De'bujus’porro
3257 5657 3469 5730 psalmi
3504 5673 3697 5730 aecro-

2047 5734 2236 5791 sticho
2295 5751 2386 5806 per
2446 5740 2685 5791 octonos
2735 5747 2903 5806 versu
2945 5728 3223 5806 artificio,
3255 5728 3451 5800 ipsum
3507 5728 3694 5786 recole

2049 5808 2108 5865 S.
2141 5801 2515 5890 interpretem
2546 5807 2605 5863 in
2636 5805 2807 5879 epist.
2840 5804 2932 5872 30,
2962 5803 3037 5860 ad
3062 5801 3328 5859 Paulam.
