4050 6182
303 257 444 312 1285

444 455 589 526 diat)
611 455 794 512 verba
823 461 944 512 tua.

299 531 366 584 In
396 530 516 583 toto
547 527 721 601 corde
750 544 878 601 meo
907 527 1197 601 exquisivi
1228 533 1285 586 te
1310 544 1324 585 :
1349 543 1422 586 ne
1442 543 1636 586 errare
1662 543 1755 584 me
1773 527 1952 584 facias

444 615 477 653 a
503 599 800 655 mandatis
830 600 971 655 tuis.

300 671 372 727 In
395 671 572 726 corde
601 686 730 797 gntes
753 671 1030 728 abscondi
1053 671 1353 744 eloquium
1376 677 1568 741 tuum,
1593 675 1659 728 ut
1679 688 1795 728 non
1820 687 1954 744 pec-

443 757 568 797 cem
689 759 726 797 ι.

443 757 568 797 cem
601 744 726 798 tibi.

296 813 648 870 Benedictus
678 818 743 869 tu
777 815 888 886 (At.
928 814 1035 887 es),
1068 815 1352 872 Domine:
1387 817 1529 873 doce
1551 831 1644 871 me
1665 818 1954 888 praecepta

440 890 566 940 tua.

301 956 369 1013 In
398 956 572 1032 labiis
603 956 752 1032 meis
784 957 1013 1032 narravi
1043 974 1250 1016 omnes
1297 958 1556 1032 justitias
1613 957 1696 1028 (h.
1757 956 1954 1014 omnia

430 1028 682 1100 judicia)
720 1030 839 1085 oris
869 1029 979 1088 tui.

299 1099 364 1157 In
395 1099 490 1156 via
517 1099 989 1179 testimoniorum
1021 1105 1264 1179 tuorum
1277 1101 1516 1179 laetatus
1545 1100 1627 1174 (h.
1688 1104 1951 1179 gavisus)

443 1187 600 1241 sum,
624 1171 804 1254 quasi
836 1172 896 1228 in
929 1173 1203 1254 omnibus
1235 1174 1494 1254 divitiis:

292 1244 359 1301 In
391 1243 698 1370 pimcetpti:
719 1243 836 1300 tuis
867 1245 1214 1315 meditabor,
1238 1250 1295 1302 et
1310 1243 1752 1319 contemplabor
1771 1249 1950 1306 semi-

467 1332 534 1370 as
594 1331 666 1370 ua
707 1355 720 1368 .

440 1321 534 1371 tas
563 1321 720 1370 tuas.

295 1387 362 1443 In
388 1386 643 1464 justitiis
675 1385 1114 1464 (b._przeceptis)
1134 1388 1254 1445 tuis
1273 1387 1628 1464 delectabar,
1653 1409 1775 1451 non
1804 1391 1950 1448 obli-

437 1459 633 1514 viscar
660 1458 834 1514 verba
867 1463 972 1514 tua

294 1530 582 1657 (Ghimelg
609 1528 824 1657 Ttribue
856 1547 1020 1588 servo
1049 1534 1185 1587 tuo:
1217 1531 1406 1590 vivam
1431 1535 1474 1604 ¹,
1515 1541 1572 1591 et
1618 1537 1951 1594 custodiam

438 1618 540 1657 ver
583 1618 618 1657 a
673 1617 764 1657 ua.

438 1605 618 1658 verba
645 1605 764 1657 tua.

293 1672 506 1753 Revela
534 1671 734 1753 ecutos
760 1688 944 1753 meos,
975 1676 1031 1730 et
1046 1673 1250 1753 videbo
1273 1673 1356 1746 (h.
1383 1678 1685 1753 aspiciam)
1711 1681 1950 1738 mirabi-

438 1744 520 1800 lia
547 1745 617 1801 de
649 1745 753 1818 (Αι.
788 1745 870 1818 in)
900 1745 1024 1818 lege
1055 1750 1175 1800 tua.

291 1817 528 1876 Advena
555 1831 661 1880 ego
692 1832 826 1872 sum
859 1817 918 1873 in
945 1817 1101 1873 terra
1127 1833 1141 1872 :
1172 1833 1245 1874 ne
1267 1818 1593 1878 abscondas
1615 1839 1648 1879 a
1669 1838 1763 1879 me
1791 1840 1952 1880 man-

435 1890 571 1962 data
601 1889 682 1959 (h.
715 1889 1024 1962 praecepta)
1057 1894 1174 1962 tua.

290 1960 653 2016 Desideravit
693 1960 1074 2017 anima‘mea
1129 1961 1500 2018 desiderare:
1563 1965 1624 2021 b.
1681 1967 1950 2023 Meditari

434 2031 634 2088 anima
664 2046 794 2088 mea
832 2031 1202 2105 desideravit)
1253 2034 1484 2104 judicia
1517 2041 1615 2093 tua
1670 2037 1730 2094 in
1790 2040 1953 2096 omni

439 2109 722 2173 tempore.

297 2173 957 2302 Increiptstitsuperbos:
985 2174 1283 2233 maledicti
1306 2177 1407 2248 qui
1431 2181 1708 2237 recedunt
1732 2197 1765 2237 a
1783 2197 1952 2239 man-

483 2263 516 2302 a
546 2263 596 2302 is
649 2262 707 2301 ul
748 2287 761 2300 .

483 2246 596 2302 atis
622 2245 761 2301 tuis.

308 2319 491 2396 Aufer
518 2334 674 2396 a__me
705 2317 1108 2396 opprobrium,
1137 2322 1197 2396 _e_t
1222 2323 1650 2396 contemptum,
1675 2323 1955 2396 quoniam

445 2389 793 2445 testimonia
815 2393 919 2445 tua
947 2390 1256 2447 custodivi.

296 2462 529 2539 Etenim
559 2461 836 2539 sederunt
864 2462 886 2495 ²
925 2462 1242 2539 principes,
1275 2463 1584 2539 adversum
1612 2481 1709 2539 me
1747 2466 1951 2539 loque-

440 2532 694 2638 bantur:
726 2532 976 2638 se‘rvus‘3
1005 2532 1202 2590 autem
1229 2541 1367 2592 tuus
1391 2537 1785 2595 meditabatur
1804 2532 1950 2612 prae-

785 2609 808 2638 ⁸
1804 2609 1825 2612 _

297 2675 412 2734 Sed
443 2609 863 2760 gfgggtiglonia
883 2679 986 2732 tua
1004 2675 1316 2760 voluntas}
1335 2677 1770 2760 (hadelectatio)
1801 2699 1949 2750 mea,

441 2748 611 2820 quasi
639 2748 745 2820 viri
778 2748 858 2817 (h.
891 2748 1146 2819 consilii)
1181 2748 1528 2807 amicissimi
1564 2754 1699 2808 mei.

292 2819 555 2945 Adbagsit
584 2819 810 2945 pplvori
839 2822 1038 2877 anima
1069 2837 1235 2877 mea:
1269 2822 1495 2880 viviﬁca
1525 2825 1804 2896 mejuxta
1821 2842 1946 2882 ver-

489 2907 584 2945 um
646 2907 810 2945 unm.

489 2907 584 2947 um
617 2896 810 2946 tuum.

298 2963 575 3036 (Dale_th.)
605 2962 743 3036 Vias
774 2977 936 3018 meas
957 2964 1196 3034 exposui
1214 2963 1296 3034 (b.
1321 2966 1667 3036 narravi),et
1683 2969 1952 3024 exaudis-

438 3034 483 3108 ti
516 3050 609 3090 me
638 3034 744 3107 (Al.
777 3038 922 3090 tacet
954 3038 1068 3108 me)
1095 3051 1107 3090 :
1140 3036 1282 3092 doce
1313 3053 1406 3092 me
1437 3034 1735 3108 justitiam
1783 3045 1947 3096 tuam

441 3105 524 3177 (h.
557 3105 844 3178 praecepta
871 3107 1014 3176 tua).

293 3175 466 3232 Viam
498 3175 922 3260 praeceptorum
955 3178 1036 3303 Sb.
1073 3179 1508 3260 mandatorum)
1563 3185 1800 3238 tuorum
1859 3182 1950 3239 fac

371 3264 465 3303 me
496 3247 844 3303 intelligere.
880 3253 936 3303 et
987 3265 1175 3303 ouuar
1206 3267 1262 3303 in
1301 3251 1672 3303 mirabilibus
1705 3255 1846 3303 tuis-

371 3247 844 3321 me_intelligere,
880 3253 936 3304 et
964 3247 1175 3320 loquar
1206 3251 1262 3305 in
1301 3247 1672 3309 mirabilibus
1705 3255 1846 3318 tuis,

295 3318 617 3376 Distillavit
645 3318 843 3376 anima
871 3337 999 3376 mea
1030 3318 1144 3392 pra;
1177 3322 1429 3378 stultitia
1455 3340 1467 3379 :
1500 3339 1668 3382 serva
1698 3324 1778 3390 (h.
1813 3341 1956 3381 con-

446 3391 642 3463 firma)
675 3409 766 3448 me
789 3393 958 3464 juxta
987 3391 1287 3464 eloquium
1323 3399 1510 3450 tuum.

301 3462 479 3519 Viam
513 3462 1004 3538 mendaciiaufer
1033 3481 1066 3519 a
1099 3462 1213 3538 ine,
1251 3469 1310 3522 et
1337 3465 1524 3538 legem
1581 3470 1746 3524 tuam
1805 3469 1960 3525 dona

453 3534 601 3608 mihi
633 3535 722 3608 (h.
747 3535 1024 3608 miserere
1056 3536 1213 3608 mei).

303 3604 475 3681 Viam
511 3606 643 3681 fidei
675 3605 822 3681 elegi
842 3624 872 3681 ξε,
887 3607 1111 3681 judicia
1118 3604 1229 3681 tua
1255 3609 1673 3681 proponebam.

296 3677 529 3751 Adhesi
555 3677 911 3735 testimoniis
931 3679 1050 3734 tuis
1077 3695 1089 3733 :
1117 3677 1380 3751 Domine;
1406 3699 1476 3738 ne
1497 3683 1822 3738 confundas
1847 3699 1959 3740 me.

297 3749 470 3805 Viam
503 3751 916 3826 mandatorum
947 3756 1186 3808 tuorum
1217 3749 1485 3809 curram:
1520 3757 1799 3826 quoniam
1824 3754 1966 3811 dila-

453 3820 590 3876 testi
619 3837 719 3877 cor
745 3838 965 3878 meum.

304 3893 449 3964 (Ηθ.)
482 3890 737 3948 Ostende
767 3893 850 3964 (h.
892 3894 1208 3967 illumina),
1260 3893 1428 3961 mihi,
1489 3896 1750 3963 Domine,
1808 3896 1963 3952 viam

448 3973 872 4090 pretceptorum
903 3971 1164 4034 tuorum,
1195 3975 1251 4022 et
1286 3967 1618 4024 custodiam
1675 3984 1805 4024 eam
1863 3985 1966 4041 per

453 4051 551 4090 ves
581 4053 788 4090 imum.

453 4051 788 4092 vestigium.

307 4053 1047 4181 Docevggfelirgbservabo
1078 4108 1266 4181 legem
1299 4112 1502 4166 tuam:
1536 4113 1594 4167 et
1635 4109 1964 4168 custodiam

456 4194 585 4234 eam
618 4178 677 4235 in
712 4184 830 4235 toto
853 4181 1046 4238 corde.

305 4248 508 4328 Deduﬁc
537 4265 631 4306 me
658 4251 718 4307 in
748 4251 960 4328 semita
977 4252 1386 4328 mandatorum
1409 4253 1492 4326 (h.
1516 4254 1963 4328 praeceptorum)

461 4327 738 4378 tuorum:
773 4323 912 4396 quia
944 4324 1131 4396 ipsam
1167 4324 1340 4380 volui.

310 4392 548 4468 Inclina
569 4410 668 4450 cor
698 4392 894 4452 meum
925 4392 996 4452 ad
1021 4395 1358 4453 testimonia
1379 4402 1498 4468 tua,
1522 4402 1580 4454 et
1601 4415 1715 4454 non
1740 4399 1810 4455 ad
1837 4414 1968 4455 ava-

457 4465 671 4522 ritiam.

1646 263 1858 317 LIBER
1895 261 2365 316 PSALMORUM.

445 381 938 456 semitamisuam,
969 400 1106 442 cum
1134 384 1478 442 custodierit
1507 383 1594 456 (h.
1641 386 1708 440 ut
1756 386 1950 440 custo-
1981 384 2036 452 Α

3574 269 3712 323 1286

2205 385 2308 438 tua
2337 381 2562 438 vivifica
2591 399 2704 439 me.

2062 455 2293 512 Suscita
2306 469 2470 510 servo
2483 460 2584 532 tuo
2608 455 3114 532 eloquiumtuum,
3134 456 3192 512 in
3217 460 3485 517 timorem
3520 465 3711 532 tuum,

2064 526 2644 606 Averteppprobium
2677 526 2870 606 meum
2900 530 3059 606 quod
3079 532 3362 588 reveritus
3385 549 3516 590 sum
3543 552 3554 590 :
3577 526 3714 606 quia

2206 598 2309 667 (AI.
2344 602 2448 671 tac.
2482 599 2642 671 quia)
2665 601 2892 670 judicia
2917 598 3016 656 tua
3047 601 3199 658 bona

2063 669 2565 747 Eccedesidera’vi
2621 669 2910 747 praecepta
2965 671 3046 745 (h.
3101 675 3399 747 mandata)
3457 680 3590 734 tua:
3652 678 3711 734 in

2198 741 2435 812 justitia
2466 747 2565 797 tua
2596 741 2827 798 vivifica
2854 760 2965 799 me.

2065 811 2250 891 (γαπ.)
2280 812 2788 891 Et_veniant_mihi
2823 815 3232 891 misericordiae
3276 821 3388 874 tute
3439 819 3710 891 Domine,

2203 888 2261 939 et
2289 883 2450 958 salus
2474 889 2581 958 tua
2603 887 2774 956 juxta
2802 886 3101 958 eloquium
3134 893 3324 946 tuum.

2061 955 2131 1010 Et
2177 956 2543 1038 respondebo
2586 955 3080 1038 exprobrantibus
3138 959 3282 1016 mihi
3333 979 3709 1020 sermonem:

2203 1029 2599 1100 quiasperavi
2630 1029 2688 1084 in
2722 1046 2991 1086 sermone
3024 1035 3145 1086 tuo.

2060 1102 2128 1154 Et
2157 1115 2228 1154 ne
2247 1099 2494 1179 auferas
2523 1101 2544 1135 ⁸
2573 1101 2642 1179 de
2667 1119 2774 1179 ore_
2796 1118 2935 1179 meo
2954 1103 3194 1158 verbum
3223 1104 3486 1179 veritatis
3521 1122 3710 1179 usque

2203 1171 2419 1246 nimis;
2453 1173 2728 1246 quoniam
2752 1173 2975 1244 judicia
3003 1179 3105 1230 tua
3133 1177 3481 1246 exspectavi.

2061 1242 2132 1298 Et
2158 1242 2488 1368 custoptiam
2521 1245 2706 1316 legem
2734 1242 2894 1301 tuam
2907 1247 3148 1317 jugiter,
3176 1242 3706 1320 insempiternum,

2205 1331 2234 1368 e
2292 1332 2325 1368 u
2383 1332 2465 1368 ra.

2205 1320 2263 1370 et
2292 1320 2465 1371 ultra.

2061 1386 2130 1441 Et
2158 1384 2474 1470 amb'ulabo
2505 1385 2564 1442 in
2597 1387 2876 1457 spatioso,
2910 1388 3047 1460 quia
3077 1394 3367 1463 praecepta
3395 1395 3494 1446 tua
3552 1408 3708 1464 quae-

2204 1474 2329 1513 SlVl.

2059 1529 2126 1586 Et
2150 1527 2362 1602 loquar
2388 1529 2410 1564 ⁸
2440 1527 2499 1606 in
2531 1529 2881 1606 testimoniis
2917 1531 3031 1588 tuis
3089 1548 3283 1588 coram
3333 1533 3595 1606 regibus,
3653 1539 3712 1591 et

2203 1601 2318 1656 non
2351 1601 2696 1658 confundar.

2058 1672 2128 1746 Et
2156 1672 2488 1746 deleetabor
2517 1672 2574 1726 in
2609 1674 2902 1729 mandatis
2937 1675 3072 1742 tuis,
3109 1691 3234 1746 quae
3268 1675 3464 1733 dilexi.

2059 1745 2126 1800 Et
2155 1743 2356 1823 levabo
2387 1761 2599 1823 manus
2627 1761 2786 1801 meas
2816 1747 2891 1823 ad
2910 1743 3185 1823 mandata
3209 1753 3328 1816 tua,
3359 1765 3484 1820 quae
3511 1749 3708 1823 dilexi,

2207 1821 2266 1872 et
2295 1818 2501 1887 loquar
2530 1815 2588 1871 in
2624 1817 2928 1888 praeceptis
2960 1817 3097 1874 tuis.

2059 1888 2264 1961 (Zain.)
2292 1891 2577 2012 Mormentto
2607 1894 2898 1945 sermonis
2930 1906 3094 1946 servo
3116 1895 3233 1958 tuo,
3259 1907 3433 1962 quem
3460 1907 3551 1947 me
3574 1909 3710 1966 spe-

2205 1976 2332 2012 rare
2385 1976 2572 2012 60181.

2205 1976 2332 2015 rare
2366 1960 2572 2015 fecisti.

2061 2032 2189 2088 Haec
2217 2037 2307 2106 est
2334 2030 2648 2087 consolatio
2675 2048 2809 2106 mea
2839 2032 3234 2106 inrafﬂictione
3254 2050 3415 2090 mea:
3442 2034 3711 2106 quiaelo-

2203 2103 2408 2175 quium
2442 2107 2610 2175 tuum
2634 2103 2947 2159 vivificavit
2979 2121 3092 2161 me.

2060 2173 2680 2257 Supeibiﬁeridebant
2708 2192 2798 2231 me
2823 2176 3000 2232 nimis
3034 2193 3046 2231 :
3072 2194 3106 2232 a
3127 2175 3253 2249 lege
3275 2181 3375 2233 tua
3397 2194 3511 2233 non
3534 2177 3710 2235 decli-

2203 2261 2356 2302 navx.

2060 2318 2417 2375 ltecordatus
2447 2333 2578 2372 sum
2605 2317 2965 2388 judiciorum
2999 2322 3232 2375 tuorum
3266 2337 3299 2376 a
3328 2322 3559 2390 sarculo,
3593 2328 3712 2379 Do-

2203 2390 2380 2454 mine,
2411 2394 2469 2443 et
2498 2390 2835 2446 consolatus
2867 2407 3020 2446 sum.

2060 2463 2276 2519 Horror
2302 2461 2558 2517 obtinuit
2587 2477 2681 2517 me
2711 2462 2783 2517 ab
2819 2462 3018 2534 impiis
3050 2462 3150 2534 qui
3171 2463 3613 2536 dereliquerunt
3637 2465 3713 2522 Ie-

2239 2549 2330 2588 em
2363 2537 2548 2588 tuam.

2239 2550 2330 2588 em
2363 2550 2548 2588 tuam.

2059 2550 2332 2682 Cartgina
2360 2609 2526 2682 erant
2559 2603 2702 2658 mihi
2729 2608 3014 2677 praecepta
3035 2609 3154 2672 tua,
3177 2606 3236 2661 in
3263 2608 3432 2664 domo
3455 2610 3712 2682 peregri-

2206 2676 2465 2731 nationis
2498 2691 2659 2730 meas.

2061 2748 2427 2820 Recordatus
2453 2764 2586 2820 sum
2620 2748 2678 2800 in
2713 2751 2880 2803 nocte
2915 2747 3167 2805 nominis
3198 2749 3303 2815 tui,
3341 2748 3603 2820 Domine,
3653 2755 3711 2807 et

2203 2818 2488 2875 custodivi
2521 2817 2704 2888 legem
2738 2822 2919 2873 tuam.

2060 2891 2178 2947 Hoc
2212 2892 2428 2945 factum
2458 2893 2547 2945 est
2579 2889 2722 2962 mihi
2753 2907 2765 2944 :
2791 2891 2931 2961 quia
2961 2894 3248 2962 praecepta
3277 2894 3377 2947 tua
3399 2893 3710 2949 custodivi.

2059 2963 2307 3034 (Ilhcth.)
2339 2967 2478 3016 Pars
2511 2976 2660 3028 mea,
2693 2961 2966 3019 Domine:
2991 2963 3106 3018 dixi
3133 2961 3542 3020 utoustodiam
3583 2983 3709 3021 ver-

2209 3035 2348 3088 bum
2380 3039 2570 3088 tuum.

2251 3050 2348 3088 um
2380 3039 2570 3088 tuum.

1980 3135 2022 3203 ρ
2065 3108 2412 3178 Deprecatus
2441 3121 2569 3186 sum
2600 3103 2828 3203 vultum
2861 3105 3117 3203 tuumin
3152 3110 3272 3203 toto
3302 3108 3507 3164 corde:
3541 3107 3718 3164 mise-

2208 3193 2332 3232 rere
2362 3177 2469 3232 mei
2501 3177 2826 3232 secundum
2859 3177 3159 3248 eloquium
3194 3183 3382 3233 tuum.

2065 3248 2394 3322 Recogitavi
2429 3247 2550 3322 vias
2583 3263 2766 3318 meas,
2799 3254 2856 3304 et
2886 3247 3141 3305 converti
3189 3250 3364 3322 pedes
3425 3267 3586 3308 meos
3643 3252 3714 3308 ad

2206 3320 2545 3375 testimonia
2575 3323 2698 3374 tua.

2066 3391 2377 3460 Festinavi,
2408 3395 2465 3446 et
2493 3407 2609 3446 non
2644 3388 2888 3462 neglexi,
2923 3391 3215 3448 custodire
3260 3394 3539 3450 mandata
3593 3397 3716 3449 tua.

2067 3462 3083 3538 Funesimpiorumuimplicaverunt
3121 3480 3250 3521 me:
3311 3466 3499 3538 legem
3555 3469 3718 3522 tuam

2212 3551 2327 3591 non
2357 3533 2488 3590 sum
2521 3533 2763 3590 oblitus.

2069 3607 2258 3680 Medio
2291 3608 2478 3680 noctis
2509 3622 2754 3680 surgam
2780 3605 2851 3680 ad
2886 3607 3301 3680 confitendum
3361 3607 3487 3679 tibi,
3544 3625 3722 3680 super

2207 3679 2434 3748 judicia
2457 3677 2704 3748 justitiaa
2738 3677 2843 3750 (At.
2871 3679 3340 3750 justilicationis)
3364 3677 3496 3736 ture.

2070 3749 2362 3820 Particeps
2393 3765 2499 3819 ego
2524 3765 2654 3804 sum
2689 3749 2952 3803 omnium
2987 3751 3320 3806 timentium
3351 3757 3423 3819 te,
3449 3755 3725 3806 etcusto-

2214 3820 2502 3875 dientium
2537 3824 2823 3890 praecepta
2855 3829 2976 3874 tua.

2073 3890 2469 3948 Misericordia
2505 3901 2617 3964 tua,
2655 3890 2915 3956 Domine,
2949 3890 3239 3963 completa
3268 3897 3357 3948 est
3383 3896 3554 3961 terra,
3581 3908 3724 3964 prae-

2215 3968 2383 4035 cepta
2411 3968 2513 4017 tua
2545 3962 2686 4035 doce
2719 3977 2831 4016 me.

2073 4033 2653 4107 (Tettio—Benefecisti
2685 4049 2818 4089 cum
2848 4050 3014 4090 servo
3045 4036 3167 4102 tuo,
3204 4034 3480 4091 Domine:
3515 4051 3726 4090 secun-

2216 4107 2358 4162 dum
2391 4109 2627 4161 verbum
2657 4109 2848 4161 tuum.

2073 4177 2301 4235 Bonum
2332 4193 2664 4234 sermonem
2686 4178 2728 4247 ⁷,
2761 4181 2818 4232 et
2850 4175 3155 4233 scientiam
3211 4177 3353 4234 doce
3398 4191 3528 4232 me:
3584 4175 3724 4248 quia

2217 4249 2512 4306 mandatis
2541 4248 2664 4304 tuis
2695 4248 2938 4305 credidi.

2073 4323 2402 4393 Antequam
2435 4321 2722 4387 audirem,
2754 4337 2860 4392 ego
2891 4319 3190 4390 ignoravi:
3217 4336 3374 4377 nunc
3397 4322 3592 4375 autem
3616 4319 3728 4376 clo-

2219 4393 2424 4465 quium
2459 4399 2624 4449 tuum
2657 4393 2967 4448 custodivi.

2075 4464 2267 4522 Bonus
2297 4482 2360 4521 es
2389 4469 2476 4531 tu,
2511 4469 2567 4520 et
2596 4465 2892 4520 beneficus
2921 4480 2933 4518 :
2969 4464 3108 4518 doce
3142 4479 3232 4518 me
3266 4466 3570 4534 praecepta.
3607 4465 3724 4534 tua.

305 4537 515 4594 Averte
544 4537 742 4595 oculos
774 4555 955 4611 meos,
989 4555 1062 4596 ne
1091 4539 1325 4597 videant
1356 4538 1672 4597 vanitatem
1703 4557 1717 4610 ;
1751 4539 1809 4596 in
1866 4540 1961 4598 via
1992 4512 2036 4578 θ
2069 4512 2619 4610 Applicabantmihi
2644 4537 3012 4593 mendacium
3035 4512 3296 4607 superbi:
3315 4550 3422 4607 ego
3447 4512 3638 4591 autem
3661 4533 3722 4590 in

381 4749 398 4784 ¹
435 4750 538 4806 Ms.
573 4750 949 4816 Cisterciens,
982 4755 1042 4808 ut
1071 4751 1296 4808 vivam.~

344 4822 414 4949 ὦ
434 4822 590 4949 Iden:
617 4825 824 4895 juncto
856 4823 1089 4896 Regina
1124 4839 1258 4895 ms.,
1289 4825 1508 4880 Etenim
1535 4824 1826 4894 sedentes.,
1861 4843 1964 4899 pro

414 4909 555 4948 erun
585 4935 598 4949 .

312 4903 598 4949 sederunt.

379 4965 764 5040 ’Exscriptor
807 4966 1061 5040 Canonis
1117 4966 1603 5040 Carcassonensis
1656 4967 1851 5040 posuit
1904 4968 1965 5025 in

308 5043 584 5110 eontextu
621 5039 798 5108 hujus
830 5038 1043 5110 psalmi
1063 5039 1258 5094 omnia
1280 5041 1398 5110 fere
1423 5038 1772 5110 marginalia
1794 5040 1965 5096 scho-

312 5108 413 5173 lia,
446 5124 572 5182 quas
601 5125 708 5165 nos
737 5111 810 5164 ob
831 5108 1120 5165 studium
1179 5109 1425 5182 legentis
1485 5108 1581 5165 hic
1635 5112 1968 5170 describere

309 5180 650 5255 curavimus
702 5182 958 5255 notando
1014 5180 1259 5255 cuinam
1313 5181 1516 5255 littera
1571 5186 1961 5255 reSpondent:

308 5250 540 5324 Gbimel
569 5253 624 5321 7,
674 5252 1036 5324 meditabitur
1090 5252 1150 5307 in
1198 5252 1488 5324 praceptis
1541 5250 1688 5319 tuis;
1730 5254 1855 5310 Vau
1914 5255 1964 5324 1,

359 5321 548 5396 [etates
577 5328 697 5380 tum
714 5341 736 5386 ;
766 5323 890 5379 Vau
921 5328 978 5394 2,
1009 5321 1387 5392 exprobranti
1423 5324 1567 5379 mihi
1613 5340 1922 5382 sermonem
1947 5321 1962 5396 ξ

359 5410 434 5448 au
461 5394 516 5460 4,
549 5396 608 5450 in
637 5396 901 5451 saeculum
929 5399 982 5450 et
1012 5397 1199 5457 ultra;
1258 5396 1385 5451 Vau
1441 5396 1496 5458 5,
1557 5399 1823 5452 mandata
1871 5394 1968 5454 tua

306 5465 592 5539 quaesivi;
616 5467 736 5539 Vau
770 5470 824 5533 7,
857 5469 915 5522 in
945 5467 1237 5539 praeceptis
1267 5470 1379 5523 tuis
1480 5465 1604 5539 Van
1638 5468 1692 5535 8,
1748 5469 1968 5539 palmas

305 5552 504 5611 meas;
533 5537 729 5611 zain8,
760 5541 898 5611 quia
927 5537 1187 5595 mandata
1216 5543 1314 5594 tua
1347 5557 1361 5608 ;
1393 5537 1581 5611 Hbeth
1627 5545 1670 5609 l,
1702 5537 1761 5594 ut
1790 5550 1965 5597 custo-

306 5607 462 5682 diam
485 5609 651 5682 verba
681 5607 783 5682 tua
797 5629 812 5678 ;
843 5611 1033 5666 Bbeth
1066 5611 1118 5680 4,
1141 5609 1399 5682 festinari
1427 5619 1507 5682 et,
1538 5607 1661 5682 nou
1703 5613 1928 5668 tardavi
1951 5637 1967 5682 ς

309 5678 482 5754 H_etb,
511 5681 565 5749 6,
598 5681 780 5754 media
809 5691 961 5738 nocte
988 5678 1312 5754 surgebam;
1343 5680 1532 5737 Hbeth
1562 5681 1619 5747 7,
1650 5678 1965 5741 custodiat;

311 5749 457 5805 tium
485 5752 752 5808 mandata
782 5757 920 5816 tua;
949 5749 1102 5809 Tetb'
1125 5755 1177 5820 2,
1232 5754 1434 5809 bonum
1489 5768 1734 5823 saporem
1771 5796 1784 5810 .
1831 5797 1844 5812 .
1889 5798 1903 5811 .
1949 5798 1963 5813 .

312 5823 447 5894 quia
474 5826 766 5897 praeceptis
795 5829 908 5882 tuis
936 5825 1178 5895 credidi;
1211 5826 1358 5883 Teth
1389 5826 1443 5894 3,
1499 5825 1804 5896 Antequam
1861 5827 1965 5885 hu-

2071 4749 2376 4816 miliarer;
2424 4749 2568 4805 Teth
2626 4749 2684 4817 5,
2745 4748 3175 4819 Applicaverunt
3229 4787 3243 4802 .
3290 4789 3303 4802 .
3352 4787 3364 4800 .
3409 4787 3422 4801 .
3478 4745 3726 4819 servabo

2071 4823 2331 4902 mandata
2362 4825 2470 4902 tua
2490 4846 2504 4888 ;
2529 4821 2679 4902 :I‘eth
2711 4821 2765 4902 εξ,
2785 4818 3090 4902 delectatus
3116 4835 3276 4902 sum':
3311 4819 3444 4902 ‘Iod.
3467 4818 3517 4885 1,
3573 4831 3726 4889 pra:-

2070 4903 2236 4966 cepta
2268 4899 2370 4948 tua
2397 4911 2418 4955 ;
2451 4894 2547 4948 Iod
2604 4893 2658 4960 3,
2719 4893 2867 4958 iusta
2913 4890 3176 4962 judma;
3233 4891 3354 4945 Iod.
3420 4891 3472 4944 4.
3531 4905 3726 4943 secun-

2070 4967 2201 5040 dum
2223 4966 2507 5040 eloquium
2531 4972 2686 5040 tuum
2714 4979 2839 5018 cum
2862 4978 3019 5040 servo
3048 4966 3179 5040 tuo;
3222 4961 3315 5040 lod
3369 4961 3454 5040 5,.
3483 4959 3726 5040 tte/reta-

2071 5037 2248 5093 tiones
2276 5032 2452 5102 meae;
2486 5035 2582 5091 Iod
2615 5036 2670 5103 6,
2701 5033 2965 5105 quoniam
2995 5033 3330 5090 mendaciter
3369 5032 3726 5101 iniquitatem

2069 5111 2324 5183 fecerunt
2353 5111 2412 5183 in
2437 5123 2541 5163 me.
2566 5112 2802 5183 Maar._
2890 5181 2897 5183 _
3049 5176 3068 5183 Α
3325 5177 3334 5183 _
3461 5172 3474 5183 .
3539 5171 3577 5183 υ

2144 5181 2165 5214 ⁴
2231 5180 2461 5252 Reginae
2511 5195 2657 5248 ms,,
2715 5178 2986 5250 voluptas,
3044 5176 3223 5232 ferme
3279 5177 3342 5230 ut
3395 5171 3724 5228 scholiastw

2114 5251 2203 5306 lac
2244 5257 2283 5307 t.
2324 5251 2337 5252 ί

2074 5269 2108 5324 p
2143 5323 2164 5356 ⁸
2195 5267 2256 5377 [fit
2289 5319 2659 5377 Cisterciens.
2695 5337 2832 5388 ms.,
2858 5324 3070 5376 avertas
3093 5335 3193 5389 pro
3223 5316 3471 5389 auferas.

2141 5395 2163 5429 ⁸
2188 5393 2292 5450 Hic
2315 5399 2371 5448 et
2401 5393 2644 5449 inferius
2676 5387 2852 5448 tertio
2884 5394 2955 5448 ab
3009 5387 3116 5446 hoc
3173 5387 3482 5453 versiculo,
3542 5387 3726 5455 loque-

2073 5465 2171 5520 bar
2203 5465 2378 5521 habet
2403 5465 2642 5520 Cisterc.
2681 5481 2789 5520 ms.
2823 5470 2879 5520 et
2908 5463 3166 5535 plerique
3219 5459 3317 5515 alii
3349 5458 3494 5515 editi
3537 5457 3727 5513 Latini

2070 5537 2228 5602 libri,
2260 5553 2362 5608 pro
2389 5537 2604 5606 loquar.

2148 5603 2470 5664 'Fortasse
2503 5606 2718 5662 rectius
2774 5605 3012 5662 Cisterc.
3075 5619 3186 5658 ms.
3251 5603 3461 5656 Bonum
3512 5615 3726 5668 sapere,

2071 5697 2176 5752 pro
2209 5682 2421 5736 Bonum
2450 5695 2774 5752 sermonem,
2824 5673 3102 5752 Hebraice
3157 5674 3310 5730 enim
3372 5673 3500 5729 est"
3562 5683 3722 5742 avia,

2073 5747 2227 5826 quod
2261 5752 2320 5807 in
2348 5750 2691 5823 sapientiam
2719 5747 2986 5804 vertitur.
