4050 6182
469 199 606 254 1287

615 323 736 377 toto
767 319 938 375 corde
973 317 1269 389 servabam
1296 321 1586 389 prazcepta
1615 321 1734 374 tua.

473 397 870 452 Incrassatum
904 395 994 462 est
1021 388 1177 462 velut
1208 389 1389 462 adeps
1419 388 1519 445 cor
1548 406 1772 460 eorum,
1805 395 1860 446 et
1903 407 2005 461 ego
2058 389 2116 444 in

613 465 737 536 lege
766 469 869 536 tua
900 461 1252 536 delectabar,

463 531 699 595 Bonum
739 535 842 605 (At.
877 533 1000 588 add.
1036 532 1146 603 est)
1180 531 1322 587 mihi
1355 533 1494 603 quia
1523 533 1777 590 afflictus
1836 550 1992 600 sum,
2051 536 2118 588 ut

607 609 904 687 discerem
926 607 1213 687 praecepta
1237 610 1356 687 tua.

457 680 655 737 Melior
685 682 776 732 est
809 675 950 731 mibi
980 675 1071 732 lex
1099 675 1218 732 oris
1251 677 1331 732 tui
1363 695 1376 745 ;
1410 692 1587 748 super
1643 675 1830 732 millia
1873 675 2002 732 auri
2061 679 2118 731 et

610 749 855 805 amenti.

457 824 615 894 (Iod.)
649 818 857 875 Manus
888 819 1298 894 tuasfecerunt
1331 835 1442 887 me,
1478 822 1535 874 et
1577 818 1972 894 firmaverunt
2000 835 2117 894 _me

601 893 712 964 (Al.
749 896 890 947 tacet
922 891 1073 962 me):
1109 891 1249 946 doce
1304 907 1412 959 me,
1472 895 1529 946 et
1559 891 1782 946 discam
1839 891 2119 947 mandata

609 970 734 1031 tua,
960 1000 963 1004 μ

459 1034 567 1100 Qui
599 1036 810 1090 timent
830 1035 906 1099 te,
939 1031 1221 1086 videbunt
1257 1047 1364 1098 me,
1417 1037 1496 1107 et_
1522 1033 1918 1091 laetabuntur:
1979 1035 2118 1107 quia

602 1121 931 1162 sermonem
968 1110 1028 1158 tu
1043 1121 1138 1158 um
1175 1105 1523 1174 exspectavi.

462 1179 612 1246 Scio,
641 1177 905 1248 Domine,
944 1176 1080 1246 quia
1104 1176 1334 1247 justum
1361 1175 1654 1248 judicium
1683 1180 1874 1248 tuum,
1907 1181 1964 1234 et
1987 1194 2120 1235 vere

603 1247 864 1305 afﬂixisti
899 1263 1014 1302 me.

453 1322 560 1391 Sit,
594 1323 860 1392 obsecro,
889 1318 1309 1373 misericordia
1332 1324 1433 1374 tua
1455 1320 1510 1375 in
1537 1319 1937 1377 consolatione
1962 1338 2116 1392 mea;

601 1394 756 1449 sicut
788 1391 1023 1445 loeutus
1059 1406 1120 1444 es
1152 1407 1314 1445 servo
1346 1396 1466 1446 tuo.

459 1465 709 1520 Veniant
743 1463 882 1536 mihi
920 1461 1330 1536 misericordia:
1364 1469 1496 1532 tuae,
1524 1467 1579 1517 et
1600 1465 1790 1520 vivam
1821 1482 1833 1520 :
1868 1464 2007 1536 quia
2027 1463 2119 1520 lex

603 1542 703 1589 tua
734 1533 1042 1588 delectatio
1074 1550 1204 1588 mea
1229 1537 1267 1587 ¹.

461 1605 1180 1676 Confundantursuperbi,
1198 1606 1474 1676 quoniam
1505 1606 1702 1675 inique
1720 1606 2120 1662 contriverunt

605 1695 698 1733 me
728 1695 740 1729 ε
769 1694 873 1748 ego
907 1682 1099 1731 autem
1132 1677 1340 1747 loquar
1372 1677 1430 1731 in
1463 1679 1768 1748 praeceptis
1794 1679 1933 1733 tuis.

467 1755 849 1830 Revertantur
872 1749 940 1830 ad
970 1764 1059 1804 me
1085 1749 1183 1819 qui
1201 1749 1407 1804 timent
1431 1753 1502 1816 te,
1529 1754 1585 1804 et
1612 1749 1709 1820 qui
1732 1749 2111 1806 sciunttesti-

608 1837 871 1878 monium
901 1837 1090 1874 tuum.

467 1894 590 1948 Fiat
621 1911 719 1948 cor
751 1909 941 1947 meum
973 1891 1292 1964 perfectum
1319 1891 1378 1946 in
1412 1891 1717 1964 praeceptis
1739 1893 1878 1962 tuis,
1914 1898 1979 1950 ut
2005 1910 2119 1950 non

611 1965 956 2020 confundar.

464 2036 684 2110 (Caph.)
713 2108 723 2110 Α
749 2035 965 2090 Deiecit
998 2034 1054 2088 in
1087 2033 1346 2088 salutare
1364 2041 1544 2110 tuum
1599 2035 1796 2093 anima
1828 2053 1998 2093 mea:
2060 2038 2119 2092 in

609 2105 848 2162 verbum
882 2112 1049 2161 tuum
1083 2105 1378 2177 expectavi
1401 2107 1421 2139 ²
1449 2123 1460 2160 :

462 2178 808 2249 Consumpti
838 2181 978 2232 sunt
1003 2176 1296 2249 oculi'mei
1331 2177 1388 2249 in
1420 2177 1663 2232 verbum
1691 2182 1856 2234 tuum
1881 2179 2120 2236 :dicen-

609 2247 986 2320 tes,_quando
1017 2247 1416 2320 consolaberis
1449 2264 1542 2302 me
1573 2251 1601 2302 ?

472 2322 543 2378 Et
571 2338 705 2376 eum
738 2319 928 2376 essem
962 2320 1133 2394 quasi
1167 2325 1295 2374 uter
1326 2319 1382 2374 in
1419 2319 1651 2390 pruina,
1706 2325 1992 2394 praecepta
2023 2326 2125 2379 tua

613 2410 732 2447 non
763 2407 890 2446 sum
925 2389 1163 2445 oblitus.

469 2467 622 2532 Quot
662 2469 810 2536 sunt
826 2463 954 2536 dies
985 2461 1134 2536 servi
1165 2459 1288 2536 tui:
1341 2462 1576 2531 quando
1609 2462 1783 2518 facies
1816 2463 1875 2520 in
1924 2481 2124 2536 perse-

612 2534 933 2606 quentibus
965 2550 1057 2588 me
1085 2533 1391 2606 judicium.

464 2604 760 2679 Foderunt
792 2604 934 2660 mihi
967 2605 1205 2677 superbi
1225 2605 1436 2672 foveas,
1479 2621 1606 2675 qua
1633 2623 1747 2662 non
1774 2608 2127 2679 erantjuxta

607 2678 794 2750 legem
825 2682 1008 2732 tuam.

463 2745 981 2806 Omnia'mandata
1014 2751 1114 2801 tua
1142 2761 1317 2801 vera:
1352 2745 1498 2802 falso
1530 2750 1821 2818 persecuti
1845 2754 2122 2818 suntme,

607 2820 887 2876 auxiliare
919 2818 1087 2873 mihi.

463 2892 647 2948 Paulo
683 2893 878 2946 minus
911 2893 1406 2966 consumpserunt
1438 2906 1530 2945 me
1562 2896 1621 2946 ln
1654 2895 1839 2949 terra:
1873 2910 1978 2966 ego
2019 2910 2124 2949 au-

607 2969 723 3019 tem
759 2980 876 3018 non
909 2961 1109 3017 dimisi
1145 2967 1432 3032 przecepta
1463 2966 1584 3016 tua.

464 3036 798 3093 Secundum
825 3033 1288 3089 misericordiam
1315 3038 1474 3087 tuam
1508 3034 1737 3090 vivifica
1760 3052 1870 3104 me,
1905 3039 1960 3092 et
1986 3052 2125 3092 cus-

607 3107 826 3167 todiam
858 3105 1197 3159 testimonia
1225 3104 1342 3158 oris
1369 3106 1452 3158 tui
1475 3105 1514 3158 ³.

462 3178 731 3250 (Ιιαηιείί.)
763 3180 824 3231 In
856 3184 1144 3232 aeternum
1182 3176 1286 3244 (At.
1313 3177 1649 3250 saeculum),
1681 3177 1945 3247 Domine,
1995 3195 2123 3234 ver-

604 3251 744 3304 bum
778 3254 946 3303 tuum
981 3252 1284 3320 permanet
1309 3247 1366 3320 in
1399 3247 1564 3320 caelo.

474 3321 535 3375 In
570 3323 964 3392 generatione,
986 3319 993 3320 7
1016 3324 1072 3372 et
1101 3319 1472 3384 generatione
1505 3319 1648 3375 ﬁdes
1679 3324 1781 3376 tua
1809 3337 1822 3375 :
1867 3320 2123 3378 fundasti

609 3399 824 3445 terram
859 3397 914 3444 et
945 3396 1086 3444 stat.

464 3463 700 3518 Judicio
730 3467 829 3517 tuo
852 3465 1011 3516 stant
1039 3476 1227 3530 usque
1248 3459 1458 3516 hodie:
1485 3461 1626 3525 quia
1642 3463 1841 3518 omnia
1862 3463 2126 3519 serviunt

611 3533 740 3588 tibi.

469 3603 594 3661 Nisi
613 3603 778 3686 .quod
838 3603 928 3656 lex
961 3605 1062 3656 tua
1093 3600 1400 3658 delectatio
1433 3619 1602 3659 mea:
1641 3605 1786 3661 forte
1838 3606 2124 3678 perissem

610 3693 669 3730 ιη
705 3690 981 3746 pressura
1015 3689 1162 3727 mea.

477 3748 540 3802 In
582 3743 1009 3820 sempiternum
1038 3761 1150 3820 non
1177 3743 1486 3820 obliviscar
1529 3753 1950 3820 praeceptorum
1992 3753 2126 3805 tuo~

618 3816 746 3873 rum
776 3818 913 3889 quia
944 3833 1044 3887 per
1075 3816 1203 3889 ipsa
1234 3817 1540 3873 viviticasti
1577 3835 1688 3873 me.

469 3891 630 3946 Tuus
674 3888 984 3971 ego-sum,
1017 3888 1178 3943 salva
1210 3904 1303 3944 me
1331 3905 1342 3944 :
1395 3890 1674 3962 quoniam
1709 3895 1998 3964 praecepta
2027 3896 2128 3948 tua

613 3976 858 4031 quaeswt

470 4039 558 4088 Ms
589 4029 1038 4102 expectaverunt
1061 4029 1244 4098 impii.
1281 4034 1343 4083 ut
1365 4032 1674 4100 perderent
1695 4049 1786 4088 me
1814 4049 1828 4089 :
1860 4035 2128 4090 testimo-

615 4101 775 4158 nium
809 4108 977 4156 tuum
1007 4101 1414 4156 considerabo.

473 4176 675 4231 Omnis
706 4172 1234 4230 consummationis
1264 4173 1377 4226 vidi
1411 4175 1583 4228 finem
1615 4190 1629 4229 :
1661 4175 1846 4232 latum
1879 4178 2128 4233 manda-

612 4251 736 4302 tum
772 4246 830 4316 (h
891 4246 1270 4316 praeceptum)
1303 4250 1471 4298 tuum
1508 4246 1706 4301 nimis.

473 4319 682 4389 (item)
714 4315 896 4381 Quam
933 4317 1108 4370 dilexi
1142 4315 1329 4386 legem
1357 4323 1518 4370 tuam
1549 4320 1559 4372 ι
1597 4323 1718 4373 tota
1750 4319 1842 4374 die
1866 4318 1986 4374 haec
2007 4336 2128 4374 me-

619 4390 824 4444 ditatio
860 4404 1008 4441 mea.

1513 197 1571 248 S.
1617 194 2021 250 HIERONX'MI
2061 192 2313 246 DIVINA
2348 187 2840 244 BIBLIOTHECA.

2149 317 2204 386 A

3661 201 3760 258 1288

2374 311 2716 369 testimonia
2745 316 2846 368 tua
2879 312 3180 370 meditatio
3213 331 3358 370 mea.

2230 391 2417 458 Super
2446 401 2617 441 senes
2650 385 2943 458 intellexi:
2977 388 3115 456 quia
3146 391 3424 458 pracepta
3458 391 3543 446 tua
3587 402 3764 455 servavi.

2223 456 2498 533 Ab'omni
2527 456 2740 533 semita
2760 457 2917 533 mala
2937 456 3209 533 prohibui
3233 456 3400 530 pedes
3418 477 3572 533 meos,
3592 473 3768 528 utcusto

2370 529 2558 601 direm
2590 529 2698 601 (Al.
2733 530 3056 601 cutodiam)
3088 529 3265 586 verba
3286 535 3402 587 tua.

2223 605 2269 658 A
2297 599 2542 671 judiciis
2571 600 2690 654 tuis
2722 618 2839 656 non
2872 599 3089 657 recessi
3113 604 3283 672 :quia
3302 609 3361 657 tu
3384 603 3768 668 illuminastime.

2227 676 2412 738 Quam
2437 672 2612 754 .dulce
2634 673 2861 743 gutturi
2885 689 3013 729 meo
3035 673 3332 745 eloquium
3350 680 3676 750 tuum,super
3693 683 3769 740 mel

2367 761 2454 799 Ol‘l
2486 759 2632 799 meo.

2225 820 2521 889 Praecepta
2535 822 2636 870 tua
2649 815 3090 889 considerabam
3107 833 3120 871 :
3138 820 3436 889 propterea
3453 819 3584 876 odivi
3603 839 3772 882 omnem

2365 888 2635 944 semitam
2669 887 2976 943 mendacii.

2228 959 2716 1032 (Nun.)_Lucerna
2746 959 2877 1032 pedi
2911 977 3037 1016 meo
3069 962 3309 1016 verbum
3342 965 3518 1031 tuum,
3542 968 3590 1019 et
3613 963 3772 1022 luxse-

2371 1030 2526 1086 mitte
2558 1046 2719 1085 meae.

2223 1102 2452 1178 Juravi,
2485 1110 2539 1156 et
2570 1102 2992 1172 perseverabo:
3026 1106 3090 1158 ut
3109 1103 3430 1160 custodiam
3450 1105 3774 1178 jndiciajusti-

2372 1175 2462 1229 tiae
2493 1178 2627 1228 tuae.

2226 1247 2492 1303 Atﬂictus
2523 1261 2867 1318 sumiusque
2914 1243 3130 1301 nimis:
3193 1247 3452 1318 Domine,
3502 1247 3686 1304 viviﬁca
3716 1266 3780 1305 me

2363 1319 2530 1388 juxta
2561 1317 2802 1388 verbum
2834 1322 3022 1372 tuum.

2225 1387 2572 1448 Voluntaria
2604 1387 2866 1461 orismei
2895 1388 3301 1461 complaceant
3332 1389 3454 1461 tibi,
3489 1391 3702 1460 Domine,
3745 1396 3783 1446 et

2368 1461 2692 1517 secundum
2719 1459 2947 1529 judicia
2978 1465 3081 1516 tua
3111 1461 3254 1517 doce
3284 1478 3394 1518 me.

2225 1533 2443 1590 Anima
2475 1531 2691 1606 meain
2727 1548 2906 1587 manu
2939 1549 3072 1588 mea
3100 1549 3354 1605 semper,
3386 1533 3684 1606 etlegistua
3701 1548 3783 1588 non

2370 1621 2498 1660 sum
2532 1603 2774 1674 oblitus,

2228 1673 3058 1751 Posuerunt‘impiilaqueum
3087 1676 3255 1746 mihi,
3289 1681 3350 1732 et
3379 1695 3410 1733 a
3431 1677 3786 1751 praceptistnis

2371 1764 2486 1803 non
2519 1747 2802 1803 aberravi.

2225 1821 2543 1893 Haereditas
2579 1835 2714 1893 mea
2757 1817 3098 1893 testimenia
3145 1828 3245 1876 tua
3293 1819 3358 1876 in
3412 1820 3788 1893 sempiternum:

2373 1891 2512 1963 quia
2543 1889 2824 1962 gaudium
2858 1890 3052 1963 cordis
3083 1893 3198 1948 mei
3229 1898 3392 1948 sunt.

2230 1962 2511 2021 Inclinavi
2544 1977 2641 2017 eor
2670 1979 2862 2017 meum
2895 1962 3240 2035 utnfacerem
3263 1964 3522 2035 justitias
3551 1969 3678 2031 tuas,
3702 1977 3797 2034 pro-

2372 2040 2500 2107 pter
2530 2039 2802 2107 zeternam
2836 2033 3302 2092 retributionem.

2232 2105 2528 2179 (.Samecli.)
2559 2106 2980 2161 Tumultuosos
3014 2107 3190 2176 odivi,
3214 2113 3270 2163 et
3291 2108 3471 2179 legem
3494 2112 3636 2162 tuam
3654 2105 3798 2160 dilexi.

2230 2177 2516 2235 Protectio
2549 2193 2679 2232 mea
2709 2182 2765 2233 et
2794 2181 3026 2233 scutum
3049 2196 3241 2238 meum
3262 2184 3324 2236 tu
3349 2177 3799 2236 eszverbumtuum

2376 2249 2724 2321 exspectavi.

2231 2319 2499 2402 Becedite
2531 2337 2562 2376 a
2595 2337 2707 2390 me,
2743 2320 3010 2394 maligni,
3043 2325 3102 2378 et
3132 2323 3460 2379 custodiam
3482 2319 3802 2378 mandataDei

2380 2409 2514 2448 mei.

2233 2465 2528 2520 Confirma
2562 2479 2649 2518 me
2681 2463 3004 2519 secundum
3037 2465 3277 2520 verbum
3311 2469 3497 2535 tuum,
3537 2468 3588 2520 et
3629 2463 3803 2518 vivam:

2377 2539 2433 2609 et
2463 2534 2581 2592 noli
2614 2552 2705 2609 me
2735 2536 3095 2609 confundere
3127 2538 3199 2593 ab
3243 2534 3652 2609 exspectatione
3697 2549 3805 2609 mea.

2233 2607 2525 2663 Auxiliare
2559 2607 2724 2677 mibi,
2758 2613 2814 2662 et
2859 2607 3057 2664 salvus
3113 2627 3210 2665 ero
3245 2625 3258 2664 :
3320 2605 3380 2665 et
3433 2607 3724 2665 delectabar
3764 2605 3807 2658 in

2378 2679 2683 2756 praeceptis
2715 2678 2830 2733 tuis
2851 2679 3096 2756 jugiter.
3578 2755 3583 2756 γ
3774 2744 3784 2756 ,

2233 2750 2514 2821 Abjecisti
2533 2767 2751 2824 omnes
2768 2751 2880 2824 _qui
2910 2750 3251 2807 aversantur
3268 2756 3547 2824 precepta
3572 2755 3684 2806 tua:
3711 2750 3812 2819 quia

2377 2822 2626 2878 mendax
2657 2821 2931 2894 cogitatio
2953 2824 2973 2857 ⁸
2997 2840 3221 2879 eorum.

2232 2895 2408 2960 Quasi
2441 2893 2692 2976 scoriam
2725 2893 3080 2976 eomputasti
3140 2911 3347 2976 omnes
3409 2894 3608 2968 impios
3657 2896 3814 2947 terra:

2374 2970 2681 3037 prepterea
2713 2965 2884 3021 dilexi
2919 2967 3258 3022 testimonia
3289 2972 3414 3022 tua.

2237 3034 2614 3109 Horripil'avit
2645 3055 2677 3092 a
2707 3037 2918 3093 timore
2949 3044 3049 3094 tuo
3083 3056 3215 3095 caro
3250 3055 3401 3109 mea,
3433 3041 3487 3093 et
3508 3034 3708 3109 judicia
3742 3037 3815 3086 tua

2380 3108 2572 3163 timui.

2237 3181 2412 3252 (Αἰη.)
2443 3180 2569 3252 Feci
2597 3179 2868 3250 judicum
2901 3185 2956 3236 et
3012 3181 3338 3252 justitiam:
3395 3198 3465 3238 ne
3513 3177 3817 3246 derelinquas

2383 3269 2475 3307 me
2508 3251 2600 3306 bis
2630 3252 2731 3323 qui
2758 3251 3194 3308 calumniantur
3227 3270 3339 3309 me.

2237 3323 2470 3395 Sponde
2500 3341 2604 3395 pro
2637 3320 2800 3379 servo
2835 3329 2935 3380 tuo
2969 3325 3027 3380 in
3055 3326 3274 3382 bonum
3303 3341 3317 3381 :
3355 3341 3426 3380 ne
3455 3320 3820 3380 calumniantur

2380 3396 2756 3472 Ψθεέιὲρεῗνδίο
2899 3467 2909 3472 ,
3037 3465 3052 3472 ,
3521 3467 3530 3472 -
3617 3464 3628 3472 .
3738 3460 3747 3472 .

2237 3465 2400 3522 Oculi
2418 3469 2526 3522 mei
2544 3464 2881 3522 defecerunt
2896 3467 2952 3522 in
2970 3465 3227 3526 salutare
3242 3473 3434 3537 tuum,
3452 3467 3574 3525 etin
3587 3464 3821 3534 eloquium

2371 3537 2619 3608 justitiae
2653 3543 2786 3594 tum.

2236 3611 2344 3665 Fac
2371 3603 2508 3666 cum
2541 3627 2708 3666 servo
2738 3616 2838 3666 tuo
2863 3611 3028 3679 juxta
3083 3610 3547 3668 misericordiam
3593 3617 3747 3673 tuam,
3787 3603 3826 3654 ει

2382 3687 2666 3754 praecepta
2695 3689 2794 3737 tua
2825 3683 2965 3739 doce
2997 3701 3109 3739 me.

2238 3753 2451 3808 Servus
2476 3753 2615 3810 tuus
2647 3771 2777 3826 sum
2813 3771 2939 3826 ego,
2975 3755 3200 3812 instrue
3245 3770 3380 3812 me:
3437 3757 3493 3809 et
3546 3755 3826 3822 cognoscam

2380 3825 2718 3881 testimonia
2751 3825 2870 3880 tua:

2236 3899 2490 3971 Tempus
2521 3902 2612 3953 est
2640 3903 2703 3952 ut
2745 3897 2944 3968 facias,
3008 3897 3284 3955 Domine:
3337 3893 3682 3971 praevaricati
3729 3889 3830 3944 sunt

2405 3985 2569 4039 egem
2602 3975 2784 4024 tuam.

2238 4036 2548 4122 Propterea
2571 4041 2743 4097 dilexi
2769 4040 3045 4120 mandata
3064 4045 3205 4097 tua:
3230 4057 3414 4112 super
3434 4054 3634 4096 aurum
3650 4040 3698 4090 et
3715 4036 3834 4101 top:-

2381 4129 2560 4168 mum.

2238 4185 2556 4254 Propterea
2582 4181 2640 4236 in
2674 4184 2729 4248 (A
2743 4181 2906 4266 l.‘_ad)
2937 4183 3220 4266 universa.
3235 4186 3533 4266 praecepta
3562 4185 3654 4261 tua
3680 4169 3836 4232 direxi:

2381 4271 2616 4310 omnem
2651 4257 2922 4310 semitam
2957 4254 3406 4312 mendaciiodio
3439 4254 3638 4308 habui.
3746 4313 3776 4322 η
3809 4309 3817 4320 ,

2237 4324 2420 4396 (Phe.)
2444 4325 2734 4407 Mirabilia
2765 4327 3107 4384 testimonia
3135 4333 3280 4384 tua:
3315 4325 3534 4382 idcirco
3583 4313 3840 4378 custodivit

2383 4413 2451 4452 ea
2483 4413 2680 4454 anima
2713 4413 2858 4452 mea.

474 4463 661 4532 super
689 4459 960 4536 inimicos
994 4473 1155 4536 meos
1187 4457 1482 4536 intruxisti
1519 4476 1610 4515 me
1643 4461 1919 4536 mandato
1948 4463 2126 4518 tuo‘:
2161 4446 2208 4512 D
2241 4446 2469 4523 Ostium
2484 4446 3096 4526 sermonum-tuorum
3121 4469 3410 4536 lucidum,
3438 4468 3645 4524 docens
3665 4459 3756 4532 (At.
3773 4455 3844 4509 do-

632 4533 771 4603 quia
801 4531 860 4586 in
887 4529 1314 4603 sempiternum
1345 4531 1454 4585 hoc
1485 4537 1576 4586 est
1604 4532 1770 4586 mihi.

476 4601 879 4674 Superomnes
911 4601 1333 4674 qui'docebant
1367 4618 1480 4672 me,
1499 4605 1764 4660 eruditus
1795 4621 1929 4660 sum
1957 4623 1969 4662 :
1995 4605 2137 4678 quia

552 4819 567 4852 ί
601 4814 833 4886 Reginae
865 4830 977 4876 ms,
1002 4815 1172 4885 juxta
1202 4813 1536 4884 Vulgatam,
1570 4817 1855 4872 meditatio
1888 4835 2026 4874 mea.

548 4889 569 4922 ²
602 4886 980 4957 Manuscripti
1046 4885 1247 4958 legunt
1278 4889 1404 4940 sine
1463 4890 1860 4958 propositione
1891 4890 1947 4944 in
2012 4892 2134 4946 Ver-

481 4960 612 5015 bum
660 4969 812 5014 tuum
870 4957 1204 5032 exspectaui.
1239 4958 1491 5032 _Scbolia
1537 4957 1733 5016 autem
1789 4962 2138 5032 marginalia

482 5033 564 5086 sic
598 5047 659 5086 se
709 5031 927 5084 habent
958 5044 978 5100 7:
1011 5027 1168 5098 Caph
1235 5029 1279 5083 l.
1319 5033 1534 5100 Defecit
1588 5034 1645 5085 in
1696 5027 1951 5088 salutari
1995 5043 2137 5094 tuo:

481 5103 637 5172 Caph
680 5104 751 5176 Δ2,
792 5104 851 5156 in
908 5099 1193 5176 eloquium
1255 5109 1452 5176 tuum_;
1479 5105 1634 5172 Caph
1668 5105 1720 5168 3,
1758 5105 1898 5170 Quia
1956 5107 2140 5176 factus

484 5191 604 5229 sum
637 5173 780 5228 sicut
826 5177 951 5226 uter
980 5174 1041 5246 in
1085 5175 1385 5246 [umario
1420 5173 1630 5228 Lamed
1663 5176 1716 5236 3,
1775 5175 1907 5246 quia
1953 5173 2142 5231 omnes

482 5248 627 5302 servi
656 5248 758 5300 tui.
793 5243 1086 5298 Nonnulla
1117 5245 1235 5310 jam
1265 5244 1454 5314 posita
1485 5262 1549 5300 ac
1585 5243 1826 5302 minoris
1860 5247 2139 5302 momenti

488 5316 1014 5389 praetermittimus.
1083 5315 1318 5389 _Lamed
1373 5318 1432 5389 78.
1501 5317 1658 5372 Omni
1737 5320 2146 5375 consumationi

483 5385 608 5445 uidi
662 5386 1040 5456 ﬁnem;Mem
1074 5386 1127 5456 ‘3,
1154 5385 1329 5456 Super
1359 5388 1612 5443 inimicos
1655 5404 1803 5443 meos
1859 5389 2148 5444 ins/ruunt

482 5478 571 5516 me
600 5455 872 5514 mandata
899 5463 1001 5513 tua.
1035 5477 1048 5522 ;
1081 5455 1209 5529 Nun
1247 5460 1300 5524 2,
1351 5459 1546 5514 Juraui
1574 5464 1624 5514 et
1655 5459 1869 5528 statui;
1904 5462 2035 5518 Nun
2087 5463 2141 5529 4,

493 5531 872 5602 σοπιρίαεειιηι
927 5529 1054 5590 tibi.
1106 5528 1342 5602 obsecro.
1403 5531 1631 5587 Domine
1678 5551 1691 5596 ;
1753 5532 1904 5597 Non,
1975 5535 2030 5600 5,
2084 5528 2147 5588 in

484 5599 671 5673 palma
702 5619 824 5657 mea
853 5620 865 5666 ;
926 5599 1168 5674 Samech
1203 5601 1254 5668 4,
1289 5602 1587 5657 secundum
1645 5604 1923 5674 eloquium
1965 5599 2144 5671 tuum,

492 5674 577 5726 vel
613 5676 912 5727 secundum
952 5671 1228 5743 judicium
1257 5676 1453 5735 tuum;
1509 5671 1751 5729 Sameeli
1775 5677 1830 5742 5,
1892 5676 2147 5733 Sustenta

493 5758 600 5808 me,
629 5748 777 5810 etc.;
838 5746 944 5796 Ain
977 5745 1034 5814 ‘2,
1090 5759 1190 5814 pro
1245 5760 1402 5802 servo
1439 5749 1622 5802 tuoin
1679 5747 1862 5818 bono;
1922 5749 2031 5803 Ain
2086 5750 2143 5817 6,

2387 4541 2500 4612 cet)
2531 4540 2826 4612 parvulos.
3637 4606 3650 4612 ι
3696 4608 3702 4612 Α
3790 4599 3798 4612 ν

2245 4610 2322 4666 Os
2355 4596 2552 4668 meum
2585 4613 2789 4684 aperui
2821 4616 2878 4669 et
2917 4613 3196 4685 respiravi
3225 4629 3238 4668 :
3283 4613 3427 4684 quia
3487 4606 3742 4666 mandata
3787 4596 3848 4668 (ho

2253 4826 2477 4895 Tempus
2524 4825 2790 4894 faciendi,
2853 4826 3105 4893 Domine,
3167 4843 3358 4882 vacare
3414 4824 3683 4896 fecerunt
3719 4818 3850 4896 ιεθςηι

2249 4886 2440 4969 tuam;
2471 4886 2580 4969 Ain
2608 4899 2660 4965 8,
2694 4886 2993 4969 Propterea
3043 4886 3300 4969 uniuersa
3359 4886 3622 4951 mandata
3668 4894 3747 4944 tua
3786 4886 3846 4940 di-

2254 4967 2409 5028 lexi;
2443 4968 2643 5042 Pliei7,
2685 4967 2884 5025 Vatum
2939 4975 3100 5025 tuum
3154 4968 3419 5024 illumina
3469 4982 3630 5036 super
3679 4971 3850 5042 ξεΐξψξτξ

2253 5045 2444 5105 tuum;
2481 5029 2705 5104 Sade'l,
2735 5046 2928 5098 Justus
2958 5047 3039 5112 tu,
3090 5043 3336 5105 Domi-ne,
3387 5044 3440 5095 et
3489 5029 3636 5093 recta

2251 5117 2385 5177 tua;
2421 5097 2570 5166 Sade
2594 5097 2970 5181 4,151'obalum
3001 5097 3459 5186 e’loquiumtuum
3494 5152 3506 5164 .
3555 5150 3568 5164 .
3611 5147 3624 5161 .
3666 5097 3851 5160 (dilexit

2251 5182 2414 5238 illud.
2450 5182 2631 5238 MART.

2251 5198 2414 5238 ιιιυα.
2451 5198 2631 5239 ΠῚΑΗΤ.

2323 5253 2344 5288 ⁸
2374 5255 2582 5310 Minori
2633 5272 2878 5311 numero
2938 5257 3314 5312 testimonium
3372 5253 3607 5325 prazl'ert
3659 5248 3849 5325 Cisterg-

2253 5341 2409 5450 Πέεη·
2442 5331 2498 5380 et
2524 5343 2654 5382 mox
2674 5333 2883 5399 perstat
2927 5330 3157 5384 verbum
3210 5312 3390 5396 tuum;
3438 5342 3544 5397 pro
3598 5312 3852 5393 permunit,

2255 5413 2284 5450 e
2317 5413 2365 5450 e.

2255 5413 2365 5452 etc.

2251 5542 2270 5592 ἰ
2328 5471 2347 5503 ⁴
2380 5471 2595 5524 Iterum
2628 5469 3000 5528 Cisterciens.
3039 5487 3174 5540 ms.,
3209 5467 3440 5526 instruit
3509 5481 3596 5520 me
3635 5454 3850 5516 manda“

2278 5557 2370 5592 ua.

2278 5557 2370 5594 ua.

2327 5613 2536 5690 uilem
2571 5614 2988 5690 msagmendax,
3049 5613 3420 5690 congregatio,
3469 5624 3573 5690 pro
3627 5594 3852 5672 cogitatio.

2256 5684 2320 5736 In
2353 5681 2592 5740 Hebraeo
2622 5687 2874 5757 fallacia,
2908 5690 3012 5745 aut
3041 5687 3333 5742 calumnia
3364 5681 3601 5737 dicitur.
