4050 6182
1535 269 1596 320 S.
1635 263 2063 321 HIERONYMI‘
2081 261 2337 318 DIYINA
2371 253 2864 313 BIBLIOTHECA.
3688 247 3794 302 1292

2172 387 2227 456 Α
2262 383 2529 441 Forsitan
2562 395 2732 450 aqua:
2762 371 3289 456 circumdedissent
3306 369 3478 425 nos‘:

2332 459 2563 511 torrens
2597 441 2915 506 transisset
2943 461 3121 515 super
3150 441 3401 515 animam
3431 441 3698 499 nostram‘.

2259 525 2531 583 Forsitan
2563 521 2921 578 transissent
2949 513 3128 589 super
3157 513 3409 572 animam
3437 518 3678 581 nostram,

2335 614 2500 669 aqua;
2534 593 2844 669 superbiae.

2263 665 2626 726 Benedictus
2648 665 2932 722 Dominus
2956 679 2974 716 :

2339 741 2439 822 qui
2494 736 2806 822 non‘dedit
2832 751 2940 816 nos
2969 732 3035 814 in.
3075 729 3330 822 praedam
3362 726 3606 822 dentibus
3643 743 3801 782 eorum.

2266 803 2477 868 Anima
2508 813 2714 866 nostra
2746 805 2918 877 quasi
2949 804 3073 859 avis
3104 805 3302 873 erepta
3327 803 3414 856 est

2341 884 2411 938 de
2440 881 2650 952 laqueo
2680 876 3021 952 venantium
3045 891 3058 929 :

2270 950 2544 1026 Laqueus
2572 950 2862 1026 contritus
2894 951 3005 1014 est,

2345 1021 2402 1081 et
2436 1041 2542 1080 nos
2572 1021 2804 1078 liberati
2839 1035 3066 1076 sumus.

2273 1096 2569 1154 Auxilium
2605 1099 2878 1150 nostrum
2911 1090 2972 1145 in
3003 1085 3242 1144 nomine
3273 1083 3525 1141 Domini:

2349 1169 2451 1240 qui
2484 1165 2619 1223 fecit
2649 1164 2860 1221 ccelum
2893 1170 2947 1218 et
2978 1165 3220 1216 terram.

499 277 636 333 1291

1012 406 1297 450 CANTICUM
1325 405 1634 448 GRADUUM.

505 507 744 585 (CXXI.)
778 486 987 585 Levavi
1018 498 1220 585 oculos
1251 513 1414 585 meos
1442 497 1501 581 in
1534 501 1802 554 montes:

576 569 738 634 unde
762 573 960 630 veniet
991 570 1277 627 auxilium
1311 569 1478 625 mihi.

506 649 805 710 Auxilium
841 660 1037 700 meum
1071 660 1106 698 a
1134 642 1400 713 Domino,

578 719 780 778 factori
811 715 940 772 οωΙί
973 719 1030 770 et
1056 718 1247 770 terrae.

503 795 630 852 Non
663 791 761 846 det
791 790 849 844 in
883 785 1340 843 commotionem
1372 783 1579 855 pedem
1609 786 1802 850 tuum,

579 879 686 920 nec
717 857 996 917 dormitet
1021 857 1119 929 qui
1139 855 1410 929 custodit
1437 859 1517 929 te.

510 941 656 992 Ecce
688 949 804 988 non
835 926 1200 994 dormitabit,
1232 942 1422 998 neque
1451 926 1724 992 dormiet,

658 1005 760 1076 qui
789 1001 1055 1076 custodit
1079 999 1256 1056 Israel
1249 1002 1317 1076 Α.

510 1066 799 1135 Dominus
829 1073 1087 1129 custodit
1118 1076 1213 1126 te:
1249 1067 1536 1125 Dominus
1569 1066 1855 1139 protectio
1884 1069 2010 1132 tua,

579 1164 757 1219 super
787 1161 1031 1219 manum
1063 1143 1373 1219 dexteram
1398 1144 1586 1219 tuam.

510 1222 620 1278 Per
650 1215 806 1274 diem
835 1216 920 1272 sol
951 1230 1065 1270 non
1098 1215 1384 1286 percutiet
1414 1215 1491 1277 te,

589 1306 780 1362 neque
809 1287 952 1344 luna
985 1301 1092 1362 per
1115 1289 1383 1362 noctem.

515 1352 802 1420 Domi‘nus
831 1352 1130 1416 custodiet
1161 1360 1218 1412 te
1251 1356 1322 1411 ab
1355 1353 1515 1409 omni
1548 1352 1737 1409 malo:

589 1432 881 1489 custodiat
911 1428 1176 1485 animam
1207 1432 1374 1482 tuam

524 1505 569 1561 D
586 1505 823 1561 ominus
854 1500 1148 1558 custodiat
1169 1499 1389 1553 exitum
1409 1499 1577 1550 tuum
1600 1499 1659 1550 et
1680 1492 1985 1550 introitum
2010 1495 2180 1546 tuum

597 1578 810 1642 amodo
846 1579 906 1630 et
940 1588 1128 1642 usque
1154 1571 1212 1626 in
1245 1575 1551 1624 aeternum.

2788 1301 3024 1342 CANTICU
3033 1300 3077 1339 M
3120 1296 3418 1338 GRADUUM.

2285 1395 2547 1471 (CXXY.)
2603 1394 2710 1458 Qui
2765 1391 3070 1449 conﬁdunt
3123 1388 3184 1444 in
3233 1385 3475 1444 Domino
3521 1383 3662 1456 quasi
3703 1398 3820 1439 mons

2429 1466 2587 1533 Sion,

2364 1527 2710 1606 immobilis,
2740 1534 2795 1589 in
2829 1538 3112 1606 aiternum
3138 1527 3477 1606 habitabilis
3491 1528 3530 1581 ⁸.

2291 1609 2618 1668 Jerusalem
2651 1602 2880 1662 montes
2911 1605 2969 1659 in
3003 1602 3250 1659 circuitu
3280 1603 3426 1670 ejus.

2369 1687 2426 1738 et
2458 1679 2737 1735 Dominus
2767 1679 2827 1732 in
2860 1675 3107 1732 circuitu
3141 1673 3342 1745 populi
3371 1672 3494 1727 sui:

2218 1751 2265 1816 B
2369 1752 2576 1808 amodo
2603 1755 2659 1806 et
2687 1763 2874 1820 usque
2902 1747 2975 1820 in
2995 1751 3302 1820 aeternum.

2297 1827 2443 1892 Quia
2471 1839 2593 1879 non
2620 1809 3070 1894 requi‘escret(Al.
3097 1809 3836 1889 requiescit)virgaimpietatis

2430 1911 2608 1967 super
2635 1897 2850 1967 sortem
2871 1893 3195 1967 iustorum,

2361 1971 2426 2022 ut
2456 1957 2570 2022 non
2621 1957 3028 2030 mittantjusti
3062 1961 3121 2017 in
3154 1957 3519 2030 iniquitatem
3549 1969 3719 2011 manus
3745 1966 3838 2008 suas

2361 1979 2426 2022 ut
2456 1983 2570 2022 non
2621 1979 2855 2020 mittant
2911 1979 3028 2018 usu
3062 1979 3080 2016 ι

2288 2038 2558 2104 Benefac,
2585 2037 2857 2105 Domine,
2877 1979 3080 2100 'lionis,

2362 2115 2420 2166 et
2450 2109 2626 2165 rectis
2657 2107 2850 2163 corde.

2289 2181 2394 2246 Qui
2429 2187 2624 2236 autem
2652 2178 2948 2234 declinant
2977 2176 3048 2231 ad
3085 2173 3407 2247 pravitates
3435 2186 3585 2247 suas,

2361 2253 2610 2308 deducet
2652 2266 2752 2306 eos
2802 2239 3102 2305 Dominus.
3139 2261 3277 2302 cum
3311 2244 3424 2311 his,
3471 2242 3561 2313 qui
3605 2239 3840 2312 operantur

2432 2323 2803 2394 iniquitatem
2832 2336 2845 2373 :

2364 2412 2475 2469 pax
2504 2390 2681 2466 super
2710 2390 2904 2448 Israel.

966 1719 1244 1761 CANTICUM
1274 1715 1549 1757 GRADUUM
1579 1713 1767 1754 DAVID.

529 1821 1076 1948 [CXXIIg'Lmtatus
1109 1835 1241 1874 sum
1274 1833 1339 1873 eo
1363 1817 1384 1850 ⁵
1417 1816 1524 1887 (Αι.
1548 1815 1607 1870 in
1630 1813 1720 1884 eo)
1745 1813 1902 1885 quod
1925 1810 2178 1869 dixerint

676 1910 757 1948 m1
804 1909 860 1948 1:

676 1909 820 1949 Imm
847 1910 860 1948 Ξ

600 1968 662 2023 in
694 1966 933 2021 domum
968 1961 1194 2017 Domini
1225 1961 1464 2015 ibimus.

528 2044 761 2097 Stantes
791 2038 958 2090 erant
988 2034 1165 2104 pedes
1197 2031 1405 2104 nostri,

600 2111 659 2165 in
695 2107 876 2180 portis
908 2103 1048 2174 tuis,
1080 2103 1430 2180 Jerusalem.

527 2171 864 2239 Jerusalem
897 2171 1419 2247 quae'aediﬁcatur’j
1451 2176 1516 2228 ut
1537 2171 1775 2247 _civitas,

604 2253 780 2321 cujus
811 2242 1183 2320 par—ticipatio
1215 2247 1342 2321 ejus
1375 2242 1574 2321 simul.

530 2311 696 2389 Quia"
712 2321 794 2376 ibi
815 2311 1220 2389 ascenderunt
1242 2311 1433 2389 tribus
1462 2317 1655 2389 tribus
1676 2311 1914 2389 Domini

605 2389 1015 2475 testimonium
1049 2387 1227 2444 Israel
1255 2404 1267 2442 :
1301 2388 1374 2442 ad
1401 2387 1797 2442 conﬁtendum
1832 2381 2054 2440 nomini
2081 2383 2182 2438 Do-

681 2478 845 2519 mlnl.

536 2535 684 2603 Quia
716 2533 798 2588 ibi
828 2531 1107 2603 sederunt
1135 2529 1305 2603 sedes
1336 2527 1402 2603 in
1418 2527 1646 2603 judicio
1675 2543 1687 2582 :

607 2607 776 2664 sedes
805 2602 1007 2658 domui
1037 2602 1141 2668 (Αι.
1177 2601 1412 2671 domus)
1440 2600 1644 2656 David.

539 2679 763 2750 Rogate
795 2690 995 2750 pacem
1027 2671 1356 2750 Jerusalem

609 2743 687 2805 sit
717 2743 863 2803 bene
890 2745 982 2800 his
1015 2743 1117 2816 qui
1145 2744 1400 2816 diligunt
1428 2746 1506 2798 te.

537 2821 625 2877 Sit
653 2836 766 2892 pax
793 2819 856 2892 in
891 2815 1076 2892 muris
1107 2815 1264 2892 t_uis_:

611 2883 976 2948 abundantia
1007 2887 1068 2942 in
1098 2887 1376 2941 domibus
1408 2883 1552 2939 tuis.

541 2963 787 3036 Propter
842 2961 1055 3086 matres
1109 2974 1272 3014 meos
1303 2961 1360 3011 et
1389 2954 1610 3011 amicos
1644 2969 1803 3011 meos
1833 2951 2044 3024 loquar
2090 2967 2191 3024 pa-

689 3048 810 3086 cem
869 3048 884 3084 ι
931 3047 971 3084 1.

689 3048 810 3089 cem
842 3031 971 3086 tibi.

544 3110 786 3177 PrOpter
813 3103 1054 3177 domum
1086 3097 1322 3177 Domini
1356 3097 1453 3154 Dei
1487 3096 1692 3166 nostri,

623 3169 880 3248 quaram
911 3173 1065 3228 bona
1096 3169 1226 3226 tibi.

2819 2531 3106 2574 CANTICUM
3137 2529 3444 2570 GRADUUM.

2297 2627 2586 2756 (CXXSYIJ
2641 2627 2785 2684 Cum
2819 2626 3178 2682 converteret
3215 2621 3502 2677 Dominus
3543 2614 3847 2689 captivitatem

2486 2702 2620 2755 iont

2486 2700 2581 2755 ion
2607 2702 2620 2751 ':

2369 2771 2508 2828 facti
2542 2785 2753 2827 sumus
2785 2766 2956 2840 quasi
2987 2764 3357 2822 somniantes
3383 2763 3422 2818 ο.

2299 2844 2462 2899 Tunc
2494 2841 2837 2913 implebitur
2868 2841 2990 2913 risu
3023 2855 3088 2913 os
3120 2843 3416 2906 nostrum,

2373 2918 2432 2970 et
2460 2909 2664 2984 lingua
2693 2916 2894 2968 nostra
2923 2909 3097 2984 laude
3121 2925 3135 2962 :

2302 2987 2468 3043 Tunc
2499 2982 2695 3040 dicent
2720 2984 2780 3038 in
2812 2982 3085 3053 gentibus
3111 2995 3124 3032 :

2374 3055 2773 3140 magniﬁcavit
2806 3045 3088 3140 Dominus
3116 3051 3310 3105 facere
3341 3064 3472 3140 cum
3508 3045 3643 3100 istis.

2223 3117 2267 3185 C
2304 3117 2698 3200 Magnificavit
2726 3125 3011 3200 Dominus
3041 3124 3226 3200 facere
3260 3120 3608 3176 nobiscum:

2379 3195 2515 3255 facti
2547 3214 2756 3255 sumus
2781 3196 2933 3253 sicut
2962 3195 3246 3250 laetantes.

2306 3274 2610 3336 Converte,
2641 3269 2904 3336 Domine,
2935 3267 3334 3338 captivitatem
3369 3265 3651 3320 nostram:

2381 3343 2537 3398 sicut
2566 3342 2720 3397 rivos
2743 3341 2786 3377 ¹⁰
2816 3340 2877 3394 in
2908 3344 3130 3394 austro.

2307 3415 2416 3481 Qui
2447 3413 2746 3469 seminant
2775 3411 2835 3466 in
2869 3409 3165 3481 lacrymis,

2380 3486 2439 3540 in
2470 3483 2862 3540 exsultatione
2892 3486 3133 3536 metent.
3589 3545 3602 3549 _
3749 3538 3758 3549 .

2310 3557 2415 3621 Qui
2450 3555 2763 3611 ambulans
2794 3554 2918 3608 ibat
2949 3557 3004 3608 et
3034 3551 3231 3620 ﬂebat,
3266 3553 3510 3621 portans
3540 3545 3604 3602 ad
3642 3545 3860 3598 seminan-

2451 3628 2592 3682 dum
2620 3628 2973 3683 sementem:

2378 3699 2616 3755 veniens
2645 3695 2837 3754 veniet
2869 3696 2926 3751 in
2956 3692 3373 3761 exsultatione,

2377 3777 2619 3842 portans
2650 3766 2986 3841 manipulos
3017 3783 3179 3822 suos.

1076 3302 1371 3342 CANTICUM
1403 3301 1677 3342 GRADUUM

547 3388 849 3462 (CXXIII.)_
874 3387 959 3462 Ad
991 3390 1048 3462 te
1075 3384 1259 3462 levavi
1283 3384 1483 3440 oculos
1518 3397 1704 3452 meos,

626 3459 728 3531 qui
758 3454 991 3531 habitas
1023 3457 1086 3531 in
1117 3454 1296 3510 oculis.
1501 3525 1517 3531 _
1575 3485 1580 3491 -

554 3521 700 3587 Ecce
731 3530 883 3584 sicut
937 3527 1090 3584 oculi
1118 3540 1418 3583 servorum
1450 3525 1521 3581 ad
1551 3538 1786 3580 manum
1826 3521 2202 3578 dominorum

701 3615 944 3656 suorum
968 3616 980 3653 ;

631 3671 786 3728 sicut
814 3669 967 3726 oculi
997 3667 1225 3724 ancillas
1255 3668 1326 3722 ad
1361 3682 1603 3722 manum
1627 3664 1877 3721 dominae
1908 3679 2047 3729 suae,

629 3743 715 3800 sic
772 3741 925 3799 oculi
985 3741 1168 3796 nostri
1200 3740 1271 3794 ad
1330 3738 1643 3793 Dominum
1673 3738 1855 3794 Deum
1907 3738 2197 3804 nostrum,

701 3815 885 3870 donec
916 3812 1261 3867 misereatur
1292 3811 1498 3865 nostri.

558 3885 830 3943 Miserere
858 3883 1067 3948 nostri,
1101 3881 1359 3948 Domine,
1393 3880 1670 3936 miserere
1698 3879 1881 3936 nostri
1908 3897 1921 3935 :

627 3957 768 4028 quia
790 3956 1045 4028 multum
1077 3953 1526 4028 repletisumus
1554 3951 1960 4028 despectione.

556 4024 809 4086 Multum
841 4026 1066 4099 repleta
1095 4028 1184 4099 est
1209 4024 1408 4099 anima
1436 4027 1637 4099 nostra

623 4091 934 4170 opprobrio
967 4095 1416 4164 abundantium,
1439 4099 1495 4150 et
1525 4093 1897 4166 despectione
1920 4091 2202 4165 superbo-

2589 3918 2872 3958 CANTICUM
2921 3915 3200 3956 canonum
3240 3911 3558 3953 suomoms
3597 3895 3657 3944 υ.

2309 4019 2611 4095 (ΟΧΧνΙΙ.)
2642 4015 3083 4095 Νίβίβοωίηυε
3110 4012 3493 4095 aedificaverit
3519 4010 3752 4095 domum,

2379 4093 2439 4146 in
2469 4085 2685 4146 vanum
2717 4087 3127 4144 laboraverunt
3156 4086 3256 4157 qui
3283 4085 3579 4141 aedificant
3606 4094 3716 4136 eam
3740 4119 3752 4143 ,

628 4157 762 4226 ruin
784 4175 822 4225 ί.
1403 4157 1412 4164 ’
1632 4157 1652 4166 ’
1995 4157 2014 4165 ’
2309 4163 2433 4220 Nisi
2459 4163 2745 4218 Dominus
2775 4160 3123 4215 custodierit
3153 4157 3478 4224 civitatem,

969 4283 1262 4323 CANTICUM
1293 4281 1567 4322 GRADUUM
1599 4281 1783 4321 DAVID.
2311 4307 2352 4323 π
2381 4231 2909 4323 ᾗ.υὲψὲ

663 4387 760 4400 ﬂ"
799 4388 813 4400 ‘
857 4383 925 4400 ψ
969 4283 1262 4400 ῗΑἱΝἯῗυΜ
1293 4283 1796 4400 ϐῗλ.ῡυυῗί.ῡΑνῙῗ’.
2311 4307 2554 4400 Frustra
2582 4283 2746 4358 vobis
2771 4283 2859 4400 est
2878 4283 3410 4400 detmanesurgere
3433 4283 3872 4370 (Al.consurgenii

551 4387 816 4452 CXXIV.)
857 4383 985 4440 Nisi
1017 4383 1297 4437 dominus
1327 4381 1539 4437 fuisset
1568 4380 1626 4436 in
1661 4380 1870 4437 nobis:
2385 4380 2700 4452 postquam
2731 4373 3021 4452 sederitis,

2385 4440 2487 4531 qui
2513 4440 2892 4531 manducetis
2913 4459 3134 4531 panem
3161 4440 3440 4498 dolorum
3464 4457 3478 4496 :

2381 4516 2464 4575 sic
2495 4518 2661 4573 dabit
2687 4516 3071 4588 diligentibus
3100 4531 3168 4588 se
3182 4529 3488 4588 somnum.

2312 4592 2457 4647 Ecce
2486 4585 3083 4653 hereditas'Domini,
3113 4585 3218 4640 ﬁlii
3243 4601 3259 4640 :

2383 4678 2628 4730 merces,
2659 4661 2890 4715 fructus
2917 4657 3160 4713 ventris.

2311 4734 2474 4789 Sicut
2502 4727 2729 4805 sagitta
2759 4731 2820 4786 in
2854 4746 3029 4785 manu
3064 4727 3324 4801 potentis
3349 4743 3364 4782 :

626 4458 787 4512 dicat
817 4471 973 4511 nunc
1005 4453 1205 4510 Israel.

626 4483 787 4512 uiuus
821 4483 973 4511 UUUU
1006 4483 1205 4510 ιδηιῠι.

550 4528 681 4585 Nisi
713 4530 996 4584 Dominus
1028 4527 1240 4581 fuisset
1273 4524 1330 4578 in
1353 4523 1524 4580 nobis
1553 4541 1573 4579 ε-
2228 4483 2278 4548 D

617 4615 752 4654 cum
785 4602 1172 4669 exsurgerent
1202 4612 1382 4669 super
1414 4612 1522 4651 nos
1553 4594 1846 4662 homines,

551 4670 820 4728 Forsitan
851 4668 1014 4724 vivos
1044 4668 1496 4724 absorbuissent
1528 4683 1671 4721 nos:

624 4759 760 4798 cum
790 4741 1139 4797 irasceretur
1168 4739 1332 4794 furor
1360 4754 1562 4794 eorum
1593 4751 1773 4808 super
1796 4752 1925 4792 nos.

549 4882 864 5013 dgtlgsnuzl
885 4881 1279 4949 Cisterciens.,
1311 4881 1491 4952 Neque
1529 4877 1846 4948 obdormiat,
1880 4879 1978 4950 qui
2024 4885 2201 4934 custo-

587 4973 604 5013 z
746 4972 807 5009 ra
872 4996 884 5009 .

640 4970 661 5011 ι
695 4970 807 5010 lsra
846 4970 884 5009 ι.

587 4971 646 5063 te”
677 4970 870 5106 Codecx
915 5023 994 5080 Si.
1035 5022 1426 5106 Michaeliset
1471 5023 1861 5078 Memmianus
1889 5024 2108 5092 Canon,
2139 5021 2200 5076 in

551 5097 784 5181 cognati
810 5096 1077 5178 digerunt
1101 5094 1263 5148 mihi.
1299 5094 1487 5150 MART.

620 5163 1080 5252 f‘Qi‘sterciensis
1096 5182 1276 5252 “ms.,
1325 5182 1430 5236 qua
1461 5163 1782 5252 adiﬁcar‘is.

621 5242 643 5275 ‘
671 5241 853 5296 Aliter
911 5254 1058 5292 mss.
1095 5234 1357 5290 Carcass‘.
1393 5241 1450 5288 et
1480 5237 1539 5291 S.
1590 5234 1766 5290 Mich.
1801 5236 1900 5302 qui
1956 5235 2194 5300 legunt;

547 5313 909 5393 Interrogata
950 5319 1136 5393 partem
1177 5307 1509 5393 Jerusalem,
1556 5306 1904 5393 abundantia
1959 5305 2046 5393 his
2099 5307 2201 5393 qui

546 5376 796 5453 diligunt
846 5390 916 5437 te.
951 5376 1062 5434 ’δίε
1082 5395 1204 5450 pax
1227 5380 1285 5433 in
1337 5379 1542 5432 virtute
1573 5384 1689 5440 tua,
1729 5376 1802 5432 sit
1830 5376 2192 5445 abundantia,

548 5461 658 5511 etc.
689 5475 703 5522 ;
739 5455 820 5510 ita
851 5467 1086 5524 quoque
1117 5450 1450 5516 Vaticanus,
1483 5448 1596 5504 nisi
1623 5449 1778 5520 quod
1800 5448 1994 5516 habet,
2019 5447 2196 5505 abun-

549 5527 800 5581 dantiam
830 5526 937 5581 his.
970 5528 1078 5578 etc.
1121 5522 1305 5578 MART.

549 5527 800 5582 dantiam
830 5522 937 5589 his,
970 5528 1078 5578 etc.
1121 5522 1305 5578 MART.

549 5685 573 5723 ³
617 5599 640 5632 ⁸
671 5596 866 5723 Eligam
893 5610 1097 5650 omnes
1129 5609 1274 5648 mss.
1308 5592 1365 5647 in
1400 5595 1578 5660 recto,
1599 5590 1986 5663 opprobrium,
2016 5591 2072 5645 et
2099 5587 2193 5645 de-

575 5684 671 5739 pec
761 5711 773 5723 .
931 5736 949 5739 _
1048 5734 1061 5739 _
1400 5733 1411 5739 -
1563 5734 1577 5739 _
1770 5735 1778 5739 Δ
1995 5704 1997 5707 .

699 5686 773 5723 ιο.

616 5738 718 5772 δη

616 5739 640 5772 ⁸
669 5739 866 5806 (idem,

555 5809 738 5862 MART.

2310 5019 2563 5075 Torrens
2589 5014 2930 5089 pertransiit
2962 5014 3472 5089 animamAmeam.

2308 5141 2692 5216 immbbiiisiiz
2719 5141 2995 5214 Merulam
3020 5141 3412 5211 inhabitabilis
3457 5141 3753 5207 Jerusalein.
3797 5141 3876 5192 Μαι

2308 5232 2428 5288 lius
2458 5231 2517 5286 in
2550 5227 3000 5285 Carcassonensi
3031 5243 3143 5282 ms.
3168 5231 3226 5282 et
3241 5226 3372 5296 ejus
3393 5221 3643 5294 sequaci,
3662 5231 3759 5271 non
3773 5223 3872 5268 ιοιπ·

2307 5303 2641 5370 movebitur,
2677 5303 2739 5356 in
2771 5300 3031 5355 secutum
3061 5298 3359 5370 habitabit.
3393 5296 3582 5352 Man'r.

2374 5377 2394 5410 °
2450 5375 2593 5430 Tres
2628 5361 2782 5428 'mss.
2839 5386 3073 5441 semper
3126 5367 3395 5437 similes,
3452 5361 3872 5441 CarcassonenLH,

2301 5534 2422 5574 mus
2448 5515 2609 5588 quasi
2638 5513 2974 5588 somniantes
2995 5555 3019 5588 ._
3041 5517 3225 5588 MART.

2301 5659 2602 5726 Martian.,
2636 5673 2781 5712 mss.
2812 5658 2951 5712 sicut
2978 5658 3183 5718 rivum,

2376 5713 2419 5768 ἷι
2444 5713 2679 5786 Nomen
2711 5726 3053 5795 Salmonis,
3081 5713 3459 5783 Cisterciens.
3495 5735 3606 5777 me.
3631 5713 3777 5772 tacet.

924 5734 1170 5791 forsitan
1201 5750 1366 5806 aqua:
1396 5733 1787 5790 inundassent
1831 5704 2010 5804 super
2058 5747 2188 5788 nos.
2301 5704 3410 5795 ’1-ῙῖἩδάῖθῖξάὧῖὧῇἶᾶξἶίἕῒειιοὶθιιξ

2378 5803 2424 5839 ¹²
2477 5801 2710 5870 Reginis
2740 5815 2877 5870 ms.,
2906 5802 3118 5870 frustra
3149 5795 3410 5870 vigilabit

2527 5810 2710 5875 eginaa
2740 5815 2877 5871 ms.,
2906 5810 3118 5870 [rustra
3149 5810 3430 5870 vigilavit.

2381 4875 2402 4911 τ
2429 4874 2707 4930 Notatum
2735 4875 2792 4928 S.
2827 4870 3068 4943 ipsimet
3091 4867 3399 4939 interpreti
3431 4866 3491 4921 in
3516 4851 3876 4943 Commentariis
3974 4831 3975 4906 ἶ

2310 4948 2367 5002 in
2403 4928 2788 5014 EzeChielem,
2815 4928 2945 5016 cap.
2976 4958 3157 5016 xuvlr,
3187 4928 3460 5011 scriptum
3489 4952 3598 4994 esse
3625 4934 3681 4989 in
3705 4928 3880 4988 Hebraei
3974 4991 3975 4998 η

2379 5062 2563 5144 ἶΝᾶιῖ
2592 5062 3447 5159 Ἥὲὲθ“1ἷέῖιῦἰῖ’ἷιῖίίδῇιξςξῖὁ
3459 5062 3556 5159 ξε.
3612 5062 3872 5159 Απυειιεὲξιῖν
3974 5087 3975 5100 *

2301 5445 2621 5502 Vaticanus
2643 5451 2698 5500 et
2728 5444 2787 5499 S.
2821 5432 3163 5498 Michaelis:
3197 5442 3336 5498 Cum
3381 5432 3758 5494 converterit...
3800 5435 3871 5475 ιπ-
3974 5439 3975 5502 ξ

2371 5534 2422 5573 us
2448 5533 2608 5588 quasz
2638 5533 2974 5570 somniantes
2995 5555 3008 5568 .
3041 5533 3225 5568 MART.
3974 5533 3975 5570 γ

2371 5590 2415 5625 ¹⁰
2443 5587 2652 5643 Minori
2701 5601 2946 5640 numero
3004 5584 3224 5640 habent
3243 5579 3432 5637 nostri
3455 5582 3624 5648 atque
3644 5569 3731 5628 alii
3751 5571 3873 5637 pen”
3974 5577 3975 5624 l
