4050 6182
262 282 394 340 1293

327 409 409 465 ita
431 407 535 464 lilii
558 406 913 478 juventutls.

260 483 460 540 Beatus
493 480 578 534 vir
595 479 728 555 _qui_
750 479 1016 551 implevit
1073 481 1405 555 pharetram
1439 499 1604 538 suam
1636 500 1705 539 ex
1737 483 1906 555 ipsis:

328 569 443 636 non
474 551 935 678 conftundentur,
969 551 1102 610 cum
1136 554 1454 626 loquentur
1481 555 1738 612 inimicis
1763 551 1910 611 'suis

398 640 459 678 in
492 640 598 678 nor
627 640 681 678 a.

398 640 459 680 in
491 640 681 696 porta.

758 756 1050 796 CANTICUM
1102 757 1409 800 GRADUUM.

264 837 606 912 (CXXVIIIJ
637 836 852 912 Beatus
883 839 1101 912 omnis,
1132 841 1234 911 qui
1283 842 1452 899 timet
1486 856 1499 888 ί
1549 844 1855 901 Dominum
1894 863 1908 903 :

375 911 432 965 ui
463 909 730 964 ambulat
764 910 822 964 in
855 911 964 965 viis
996 913 1144 982 ejus.

265 983 546 1062 Laborem
580 996 861 1062 manuum
885 987 1124 1039 tuarum
1154 984 1236 1055 (b.
1270 983 1624 1060 palmarum)
1656 1003 1790 1044 cum
1813 1005 1914 1044 co-

407 1053 660 1108 mederis
689 1069 708 1106 :
1164 1053 1169 1055 ⁷

334 1123 542 1180 beatus
572 1127 658 1194 tu,
690 1131 744 1179 et
774 1123 922 1179 bene
952 1123 1057 1179 tibi
1091 1125 1224 1182 erit.

265 1196 414 1277 Uxor
432 1201 536 1251 tua
564 1194 727 1278 sicut.
746 1195 887 1278 vitis
905 1195 1205 1278 fructifera

334 1267 392 1322 in
425 1267 825 1340 penetralibus
856 1268 1069 1324 domus
1099 1273 1211 1324 tua:
1245 1285 1258 1324 :

266 1338 390 1421 Filii
432 1339 519 1421 tui
550 1338 705 1421 sicut
733 1338 1004 1421 germina
1033 1338 1343 1412 olivarum,

334 1415 393 1465 in
425 1415 675 1465 circuitu
709 1425 927 1464 mensae
956 1415 1093 1466 tuae.

266 1482 405 1538 Ecce
437 1481 523 1537 sic
555 1481 933 1536 benedicetur
962 1483 1084 1537 viro

337 1552 436 1624 qui
464 1553 630 1607 timet
659 1552 740 1624 (b.
769 1551 1020 1624 timenti)
1054 1553 1392 1610 Dominum.

337 1623 649 1681 Benedicat
669 1623 785 1679 tibi
816 1623 1100 1681 Dominus
1131 1642 1199 1682 ex
1229 1625 1367 1682 Sion
1403 1643 1415 1681 :

335 1700 392 1753 et
419 1696 615 1753 videas
647 1694 730 1766 (b.
763 1695 916 1767 vide)
946 1696 1100 1754 bona
1125 1697 1456 1754 Jerusalem
1482 1700 1759 1759 omnibus
1789 1703 1914 1760 die-

409 1767 522 1822 bus
550 1767 679 1821 vitae
712 1773 844 1822 tuae.

274 1839 340 1894 Et
366 1839 562 1896 videas
593 1837 746 1894 filios
777 1838 1031 1894 filiorum
1063 1843 1299 1896 tuorum
1334 1858 1347 1897 :

335 1927 537 1982 pacem
571 1910 652 1981 (b.
686 1917 815 1982 pax)
853 1927 1033 1982 super
1064 1912 1263 1967 Israel.

765 2042 1054 2083 CANTICUM
1110 2045 1418 2086 GRADUUM.

271 2123 545 2252 (cxxxiii:
574 2124 739 2226 Sape
771 2131 1252 2199 expugnaverunt
1285 2145 1377 2186 me
1417 2129 1490 2186 ab
1527 2131 1924 2193 adolescentia

343 2268 499 2324 dicat
531 2283 688 2323 nunc
719 2268 916 2324 Israel.

273 2341 436 2412 Saepe
462 2345 943 2412 expugnaverunt
964 2356 1058 2396 me
1088 2341 1159 2396 ab
1192 2343 1586 2403 adolescentia
1618 2364 1786 2405 mea:

345 2412 445 2467 sed
479 2427 593 2467 non
629 2416 946 2482 potuerunt
978 2413 1121 2466 mibi

271 2487 465 2556 Supra
489 2484 769 2539 cervicem
805 2484 1249 2556 meamarabant
1273 2489 1507 2543 arantes
1535 2503 1550 2543 :

345 2553 838 2628 prolongaverunt
863 2554 1096 2611 sulcum
1127 2571 1301 2614 suum
1337 2574 1349 2614 :

275 2625 808 2696 Dominus’justus,

342 2699 610 2754 concidet
640 2697 880 2769 laqueos
910 2696 1251 2768 impiorum.

274 2770 718 2827 Confundantur
747 2774 804 2824 el.
835 2777 1212 2825 revereantur
1242 2776 1588 2840 retrorsum,

348 2858 550 2913 omnes
583 2841 682 2913 qui
714 2843 963 2895 oderunt
992 2840 1150 2896 Sion.

283 2913 406 2970 Fiat
435 2912 588 2968 sicut
607 2912 814 2966 fenum
849 2918 1162 2980 tectorum,

345 2985 501 3057 quod
532 2985 734 3057 statim
768 2987 832 3057 ut
862 2984 1126 3057 viruerit,
1157 2986 1388 3044 arescit.

278 3054 506 3130 De'quo
541 3071 654 3110 non
685 3054 953 3126 implebit
984 3072 1223 3130 manum
1247 3074 1431 3130 suam
1463 3076 1712 3130 messor,

349 3127 633 3184 atainum
666 3143 840 3182 suum
875 3127 1209 3198 manipulos
1238 3128 1478 3190 faciens.

274 3197 355 3256 De
384 3215 500 3271 quo
519 3215 643 3271 non
677 3199 951 3271 dixerunt
981 3197 1374 3258 transeuntes.

347 3269 676 3342 Benedictio
709 3270 934 3324 Domini
966 3287 1144 3342 super
1172 3289 1274 3327 vos
1307 3290 1319 3326 :

344 3341 756 3398 benediximus
787 3341 947 3397 vobis
980 3341 1302 3399 in’nomine
1333 3345 1586 3402 Domini.

770 3473 1010 3513 CANTICU
1020 3475 1062 3513 Μ
1119 3475 1424 3517 οιιΑουυΜ.

271 3553 546 3630 (CXXX)
579 3554 658 3611 De
691 3555 998 3630 profundis
1029 3555 1271 3612 clamavi
1304 3560 1375 3614 ad
1408 3565 1484 3629 te,
1513 3560 1790 3630 Domine;

344 3625 614 3691 Domine,
648 3625 861 3682 eiaudi
889 3644 1089 3684 vocem
1122 3646 1313 3686 meam
1340 3648 1353 3686 :

273 3698 444 3753 Fiant
475 3714 646 3753 aures
678 3704 791 3754 tuae
822 3699 1212 3762 intendentes.

343 3771 416 3840 ad
448 3785 646 3825 vocem
681 3770 1107 3840 deprecationis
1141 3789 1302 3827 meae.

267 3840 333 3896 Si
348 3839 711 3914 iniquitates
737 3842 1100 3914 observabis,
1132 3845 1393 3914 Domine,

347 3911 614 3984 Domine,
649 3913 783 3984 quis
813 3914 1171 3970 sustinebit?

272 3983 425 4047 Quia
457 3988 770 4056 tecumest
800 3985 1133 4056 propitiatio
1166 4003 1181 4042 :

349 4070 484 4108 cum
519 4054 933 4110 terribilis’sis'.

279 4125 557 4182 Sustinui
591 4127 926 4196 Dominum,

349 4196 636 4252 sustinuit
665 4198 862 4253 anima
893 4214 1050 4254 mea:
1070 4201 1126 4253 et
1151 4198 1390 4256 verbum
1423 4198 1550 4268 ejus
1581 4197 1930 4270 exspectavi.

351 4269 552 4323 anima
583 4285 713 4325 mea
738 4270 810 4324 ad
843 4270 1155 4325 Dominum
1191 4287 1204 4326 :

353 4355 388 4394 a
419 4339 616 4410 vigilia
647 4341 938 4414 matutina
968 4358 1156 4414 usque
1178 4341 1247 4397 ad
1267 4341 1526 4414 vigiliam
1559 4341 1933 4406 matutinam,

354 4416 652 4482 exspectet
681 4411 858 4468 Israel
892 4411 1206 4469 Dominum
1243 4429 1256 4467 :

349 4624 380 4704 ﬂ
403 4622 921 4749 .‘luxtatVuigatam
965 4627 1340 4684 Cisterciens.
1372 4644 1508 4699 ms.,
1541 4628 1702 4686 Beati
1731 4643 1934 4697 omnes,

349 4712 378 4748 ,ι
434 4711 583 4749 tmen
618 4740 631 4749 .
661 4715 690 4749 e
722 4715 772 4749 c.
1829 4709 1835 4713 ’

270 4703 378 4768 qui
409 4703 631 4762 ument,
661 4703 772 4754 etc.
1829 4709 1835 4713 ’

350 4766 374 4800 ²
406 4765 889 4847 lta_exemplaria
935 4769 1189 4847 Canonis
1238 4771 1575 4847 Memmiani
1609 4776 1664 4847 et
1694 4775 1939 4847 Carcas-

271 4843 572 4906 sonensis,
608 4857 830 4896 necnon
865 4858 978 4903 ms.
1013 4843 1244 4899 codices
1293 4844 1692 4904 Carnutensis,
1724 4845 1936 4898 Sorbo-

271 4909 476 4986 uicus,
501 4914 556 4964 et
587 4912 646 4967 S.
675 4912 995 4986 Michaelist
1020 4913 1130 4967 Alii
1164 4914 1278 4970 duo
1312 4915 1395 4969 sic
1431 4915 1652 4986 legunt.
1673 4917 1828 4971 Sicut
1848 4915 1938 4970 ab-

266 4980 522 5105 iactatus
551 4997 584 5034 a
616 4991 793 5039 matre
823 5001 945 5055 sua,
974 4983 1055 5039 ita
1100 4986 1375 5042 ablaclata
1399 5003 1436 5042 a
1457 4980 1542 5042 nie
1572 4987 1764 5042 anima
1795 5003 1936 5043 mea.

331 5066 469 5105 Αιιτ.

331 5066 469 5105 ΛΒΤ.

355 5120 687 5194 -Βεεὶῐιω
736 5141 846 5180 ms.
879 5125 1021 5182 sicut
1070 5125 1378 5183 abtactatus
1415 5128 1484 5184 ad
1515 5134 1759 5184 matrem
1786 5145 1943 5184 suam

266 5192 637 5272 tumjuncto
665 5196 1032 5254 Cisterciensi
1057 5203 1234 5268 atque
1265 5199 1420 5270 aliis,
1456 5203 1533 5256 ita
1561 5201 1847 5256 ablactata
1874 5199 1945 5255 ad

270 5277 375 5318 τηε
403 5279 598 5320 anima
628 5283 770 5322 mea.

347 5332 382 5407 Α⁸
404 5332 567 5396 Quod
601 5340 808 5408 probat
837 5338 1536 5409 soboliastes,ascendero,
1570 5339 1944 5408 Cisterciens,

274 5420 528 5529 quoque
563 5423 671 5464 ms.
709 5411 940 5483 praefert
971 5427 984 5465 :
1039 5416 1116 5494 ut.
1149 5417 1206 5467 et
1252 5412 1578 5468 variantem
1631 5412 1945 5468 lectionem

274 5493 290 5530 ι
326 5475 447 5530 lam
483 5481 688 5530 stratus
721 5499 824 5530 nm
853 5486 1165 5530 stramzms-

270 5481 447 5531 illam
483 5481 688 5535 stratus
709 5481 824 5554 'pro
853 5484 1165 5537 straminis.

355 5547 380 5629 ξ
410 5550 532 5603 Hoc
549 5553 734 5629 Amodo
765 5553 1081 5629 legendum
1117 5551 1406 5629 didic_erat
1441 5552 1610 5629 beata
1631 5551 1839 5629 Paula,
1871 5552 1953 5609 ait

272 5621 449 5696 enim
480 5621 762 5696 referente
795 5621 1148 5696 Hieronymo
1187 5641 1198 5678 :
1260 5623 1405 5679 Ecce
1445 5624 1783 5679 audivimus
1815 5641 1951 5681 eum

273 5689 344 5766 i_n
411 5689 703 5766 prrata,
763 5689 1098 5751 invenim'us
1158 5712 1291 5750 eum
1355 5696 1413 5749 in
1473 5697 1695 5766 catopis
1763 5696 1952 5764 silvae,

276 5759 364 5843 _Z_0
387 5759 603 5843 quippe
635 5759 831 5823 sermo
855 5769 1164 5843 yebreus,
1190 5771 1252 5820 ut
1275 5772 1330 5820 te
1353 5759 1952 5843 docente-didicimon

279 5831 549 5890 Mariam
571 5844 826 5895 matrem
853 5838 1117 5907 Domini,
1149 5837 1256 5894 hoc
1287 5842 1378 5893 est
1407 5834 1704 5907 αὑτήν,.ςεά
1733 5838 1952 5912 ipsum,

1599 283 1816 337 LIBER
1851 278 2317 335 PSALMORUM.

1939 407 1992 473 Α
2023 402 2169 470 Quia
2194 403 2346 474 apud
2381 403 2691 459 Dominum
2724 403 3148 473 misericordia,

1950 3153 1997 3218 C

3523 281 3660 337 1294

2093 480 2148 547 et
2175 474 2359 530 multa
2385 476 2543 547 apud
2575 491 2718 547 eum;
2742 477 3086 547 redemptio.

2019 545 2089 600 Et
2117 546 2241 617 ipse
2273 545 2520 601 redimet
2548 545 2744 613 Israel,

2091 632 2160 673 ex
2189 617 2465 673 omnibus
2493 617 2912 689 iniquitatibus
2943 619 3094 690 ejus.

2411 747 2702 789 CANTICUM
2755 749 3039 790 GRADUUM
3077 751 3270 791 DAVID.

2021 828 2296 902 (CXXXI.)
2329 829 2595 899 Domine,
2627 847 2742 886 non
2766 834 2863 902 est
2892 831 3212 888 exaltatum
3245 847 3344 888 cor
3374 847 3596 902 meum,

2094 918 2281 972 neque
2313 901 2621 973 elatigsunt
2649 901 2802 957 oculi
2833 903 2970 973 mei,

2023 974 2092 1029 Et
2121 971 2237 1045 non
2271 971 2570 1045 ambulavi
2604 973 2661 1028 in
2693 975 2944 1045 magnis,

2093 1049 2151 1099 et
2178 1043 2238 1099 in
2273 1044 2644 1116 mirabilibus
2673 1043 2852 1116 super
2881 1061 2996 1102 me.

2020 1116 2079 1171 Si
2111 1132 2226 1188 non
2240 1187 2247 1188 γ
2261 1115 2564 1188 proposui,

2095 1191 2152 1243 et
2182 1185 2491 1243 silere'feci
2525 1185 2780 1242 animam
2813 1203 3006 1243 meam
3039 1205 3053 1244 :

2020 1258 2184 1315 Sicut
2213 1258 2544 1331 ablactatus
2566 1275 2744 1331 super
2775 1263 3023 1315 matrem
3055 1275 3224 1315 suam
3245 1259 3288 1324 ³,

2094 1331 2178 1386 ita
2209 1329 2531 1402 ablacletur
2559 1329 2737 1402 super
2766 1347 2860 1386 me
2890 1331 3088 1388 anima
3112 1348 3261 1388 mea.

2025 1402 2327 1472 Exspecta,
2362 1401 2542 1458 Israel
2571 1401 2887 1458 Deminum
2921 1420 2935 1459 :

2092 1474 2302 1530 amodo
2333 1479 2392 1529 et
2417 1490 2604 1546 usque
2633 1473 2692 1529 in
2725 1479 3007 1530 aeternum
3037 1473 3120 1544 (b.
3148 1474 3208 1530 in
3239 1472 3566 1542 saeculum).

2519 1606 2816 1646 CANTICUM
2871 1606 3176 1646 GRADUUM.

2023 1686 2342 1760 (CXXXII.)
2375 1687 2704 1760 Memento,
2725 1687 2986 1756 Domine,
3021 1688 3221 1758 David,

2098 1764 2156 1816 et
2185 1759 2380 1831 omnis
2406 1759 2742 1831 afﬂictionis
2771 1760 2920 1831 ejus.

2030 1831 2138 1896 Qui
2157 1829 2380 1901 juravit
2408 1829 2676 1898 Domino,

2101 1910 2300 1958 votum
2329 1903 2486 1958 vovit
2513 1902 2630 1958 Deo
2659 1903 2741 1972 (b.
2776 1902 3020 1974 potenti)
3049 1903 3248 1959 Jacob.

2028 1974 2087 2029 Si
2118 1975 2407 2029 intravero
2438 1973 2495 2028 in
2527 1973 2973 2029 tabernaculum
3007 1974 3218 2030 domus
3249 1989 3412 2042 mese,

2103 2045 2152 2100 ei
2179 2046 2382 2118 sedero
2414 2044 2495 2114 (b.
2517 2046 2846 2118 escendero
2868 2048 2911 2117 ³)
2933 2062 3110 2118 super
3134 2045 3350 2104 lectum
3377 2045 3682 2104 straminis

2173 2115 2255 2188 (b.
2289 2117 2531 2187 stratus)
2562 2116 2698 2171 mei.

2032 2187 2093 2243 Si
2121 2185 2334 2243 dedero
2367 2185 2642 2242 somnum
2675 2185 2861 2244 oculis
2897 2187 3065 2245 meis.

2103 2264 2160 2315 et
2191 2257 2488 2330 palpebris
2519 2258 2666 2330 meis
2697 2257 3192 2315 dormitationem.

2033 2329 2226 2386 Donec
2257 2329 2546 2385 inveniam
2579 2329 2774 2386 locum
2807 2330 3055 2386 Domino
3088 2347 3103 2386 :

2103 2401 2482 2528 tegerngcula
2532 2402 2638 2474 (At.
2672 2401 3140 2475 tabernaculum)
3178 2403 3296 2460 Deo
3325 2403 3406 2474 (b.
3442 2402 3685 2476 petenti)

2210 2489 2310 2528 aco
2361 2515 2372 2526 .

2210 2489 2372 2528 acon.

2032 2548 2173 2598 Ecce
2203 2543 2535 2615 audivimus
2568 2542 2736 2598 illum
2768 2543 2827 2597 in
2858 2543 3115 2615 prrata
3146 2561 3159 2599 :

2103 2615 2436 2686 invenimus
2461 2613 2626 2669 illum
2659 2615 2716 2668 in
2749 2613 2985 2686 regione
3015 2616 3200 2672 saltus
3219 2619 3264 2660 ‘-

2032 2688 2329 2742 Intremus
2354 2685 2413 2740 in
2439 2685 2815 2758 tabernacula
2830 2685 2938 2755 (At.
2968 2686 3504 2758 tabernaculorum)
3529 2687 3679 2758 ejus:

2103 2758 2418 2814 adoremus
2449 2756 2770 2829 scabellum
2804 2758 3017 2828 pedum
3049 2759 3198 2829 ejus.

2030 2830 2230 2898 Surge,
2261 2829 2528 2894 Domine,
2562 2828 2617 2900 in
2644 2829 2901 2900 requiem
2933 2828 3118 2900 tuam,

2103 2905 2164 2954 tu
2199 2906 2257 2955 et
2285 2917 2419 2956 arca
2450 2899 2812 2955 fortitudinis
2845 2905 2979 2954 tuae.

2032 2973 2375 3028 Sacerdotes
2401 2971 2488 3026 tui
2519 2971 2839 3026 induantur
2861 2971 3119 3040 justitia,

2103 3049 2160 3098 et
2189 3043 2376 3099 sancti
2409 3044 2491 3112 (b.
2521 3042 2930 3098 misericordes
2961 3045 3037 3115 te)
3067 3043 3154 3100 tui
3182 3041 3444 3099 laudent.

2035 3119 2279 3184 Propter
2308 3115 2482 3169 David
2521 3130 2749 3169 servum
2782 3119 2974 3181 tuum,

2111 3202 2179 3242 ne
2211 3191 2437 3241 avertas
2467 3185 2675 3242 faciem
2707 3185 2911 3242 cbrisli
2941 3185 3048 3242 tui.

2034 3257 2263 3315 Juravit
2292 3256 2578 3314 Dominus
2611 3257 2779 3312 David
2810 3258 3136 3325 veritatem,

2107 3347 2222 3385 non
2258 3331 2363 3399 (At.
2396 3333 2454 3384 et
2485 3333 2624 3396 non)
2656 3335 2953 3385 avertatur
2982 3331 3052 3384 ab
3087 3345 3156 3384 ea
3185 3345 3199 3383 :

2035 3401 2116 3456 De
2147 3401 2338 3456 fructu
2368 3400 2587 3455 ventris
2617 3400 2700 3454 tui

2104 3488 2520 3554 ponamsupe‘r
2540 3472 2933 3554 sedemfuam
2987 3469 3068 3536 (b.
3103 3470 3382 3527 thronum
3409 3473 3624 3538 tuum).

2033 3545 2088 3599 Si
2108 3542 2508 3599 'custodierint
2539 3542 2641 3597 lilii
2675 3543 2757 3598 tui
2793 3548 3028 3613 pactum
3061 3559 3280 3610 meum,

2106 3621 2161 3670 et
2190 3615 2664 3669 testiﬁcationem
2701 3630 2891 3669 meam
2924 3631 3097 3683 quam
3132 3615 3384 3671 docuero
3415 3628 3536 3682 eos,

2036 3687 2102 3742 Et
2133 3685 2232 3740 lilii
2263 3702 2462 3741 eorum
2495 3702 2681 3756 usque
2712 3686 2770 3740 in
2803 3690 3083 3740 aeternum
3115 3685 3157 3751 ⁸,

2105 3758 2395 3814 sedebunt
2425 3773 2603 3826 super
2631 3756 2910 3810 thronum
2942 3761 3130 3810 tuum.

2033 3828 2315 3895 Quoniam
2347 3825 2519 3898 elegit
2547 3827 2844 3898 Dominus
2863 3825 3024 3898 Sion,

2106 3893 2606 3955 desideraviteam
2631 3899 2689 3951 in
2715 3897 3118 3952 habitaculum
3151 3912 3326 3951 suum
3352 3894 3436 3968 (h.
3461 3893 3617 3963 sibi).

2040 3971 2171 4027 Haec
2202 3975 2290 4026 est
2321 3970 2555 4040 requies
2587 3985 2717 4024 mea
2747 3968 2807 4023 in
2834 3969 3288 4040 sempiternum,

2110 4042 2206 4096 hic
2238 4039 2518 4097 habitabo
2551 4041 2690 4112 quia
2721 4039 3043 4112 desideravi
3078 4055 3228 4112 eam.

2039 4113 2417 4171 Venationem
2450 4109 2583 4171 eius
2611 4111 2961 4167 benedicens
2992 4111 3331 4166 benedicam
3358 4109 3380 4144 ⁸
3413 4125 3427 4164 :

2113 4129 2417 4168 nationem
2450 4129 2478 4166 ρ
2511 4129 2580 4168 us
2611 4129 2961 4167 benedicens
2993 4129 3331 4166 benedicam
3358 4129 3380 4144 ν
3413 4129 3427 4164 :

2113 4185 2220 4252 (At.
2255 4183 2378 4239 add.
2415 4129 2499 4254 et)l
2525 4198 2810 4255 pauperes
2842 4183 2969 4255 ejus
3000 4182 3276 4238 saturabo
3308 4196 3476 4253 pane.

2113 4201 2220 4252 (At.
2255 4201 2378 4239 aaa.
2415 4201 2492 4254 et)
2525 4201 2635 4255 pau
2686 4201 2810 4239 eres
2842 4201 2969 4253 ejus
3000 4201 3276 4238 saturano
3308 4201 3476 4253 pane.

2043 4256 2387 4312 Sacerdotes
2417 4255 2545 4322 ejus
2576 4201 2817 4310 inguam
2850 4253 3112 4322 salutari,
3346 4321 3351 4322 γ
3418 4264 3424 4272 ’
3462 4321 3466 4322 ν
3522 4319 3532 4322 Α
3575 4269 3578 4272 ‘

2112 4332 2170 4408 et
2193 4326 2382 4408 sancti
2416 4319 2497 4408 (b.
2519 4327 2959 4408 misericordes)
2979 4319 3108 4398 ejus
3137 4322 3312 4380 laude
3339 4319 3691 4378 laudabunt.

2043 4398 2131 4456 lbi
2160 4397 2297 4455 oriri
2331 4397 2540 4454 faciam
2572 4414 2752 4454 cornu
2783 4397 2963 4455 David
3000 4414 3013 4452 :

2047 4629 2104 4685 id
2145 4631 2223 4684 est
2269 4626 2452 4696 αὐτὸν,
2484 4628 2784 4698 signiﬁcat.
2835 4631 3050 4682 Caetera
3099 4626 3231 4681 vide
3275 4623 3336 4681 in
3374 4624 3697 4698 Epitaphio

2049 4701 2241 4756 Paulae
2275 4700 2481 4755 matris
2511 4696 2584 4755 ad
2612 4696 2991 4755 Eustochium
3023 4698 3332 4770 virginem.
3373 4696 3560 4770 Man'r.

2116 4773 2136 4806 ‘
2159 4773 2435 4826 Ordinem
2471 4788 2808 4841 perversum
2845 4769 3174 4841 sequuntur
3214 4769 3570 4837 exemplaria
3601 4784 3696 4822 ca-

2045 4843 2238 4910 nonis,
2275 4860 2340 4899 ac
2369 4840 2482 4897 ms.
2509 4849 2564 4897 8.
2603 4842 2902 4898 Michaelis
2929 4840 2948 4896 7:
3012 4843 3075 4896 Et
3121 4840 3238 4913 ﬁlii
3293 4857 3482 4895 eorum
3535 4855 3699 4907 super

2047 4920 2305 4969 thronum
2365 4924 2521 4969 tuum
2575 4915 2837 4969 sedebant
2896 4928 3067 4982 usque
3127 4915 3184 4967 in
3241 4922 3534 4980 (uernum,
3585 4916 3697 4965 etc.

2048 4987 2237 5042 MART.

2117 5058 2139 5091 ⁸
2175 5063 2248 5110 [‘e
2278 5055 2387 5110 hoc
2447 5055 2572 5111 loco
2627 5056 3017 5126 Hieronymus
3049 5054 3109 5110 in
3142 5052 3545 5126 Quaestionibus
3583 5055 3702 5126 He:

2053 5129 2255 5202 tit-uicis
2297 5127 2355 5182 in
2405 5127 2701 5183 Genesim.
2739 5150 2766 5177 ‹‹
2800 5121 3052 5202 verbum
3101 5121 3700 5202 Seda,.i_nquit,.quood

2052 5198 2148 5254 hic
2205 5215 2409 5254 omnes
2437 5216 2535 5254 ore
2566 5215 2824 5254 consono
2881 5193 3336 5267 i1!t0t‘tt0p.bv,id
3367 5193 3457 5251 est
3484 5193 3705 5250 cibaria

2053 5269 2142 5324 vel
2171 5271 2424 5337 sitarcia,
2458 5271 2825 5340 interpretati
2859 5274 3019 5332 sunt,
3053 5269 3111 5323 in
3145 5267 3446 5340 Psalterio
3473 5280 3704 5340 quoque

2055 5341 2324 5397 habetur.
2350 5342 2456 5395 Ubi
2491 5337 2646 5396 enim
2677 5342 2858 5396 nostri
2889 5341 3112 5409 legunt,
3141 5337 3367 5409 viduam
3396 5337 3512 5409 ejus
3545 5337 3705 5390 bene-

2055 5413 2238 5466 dicens
2271 5412 2582 5467 benedicam
2615 5431 2632 5467 ,ο
2683 5413 2816 5468 licet
2848 5413 2904 5465 in
2940 5407 3237 5481 plerisque
3269 5407 3572 5462 codicibus
3597 5422 3707 5534 Ero

2056 5482 2245 5534 vidua.
2272 5483 2380 5534 hoc
2402 5489 2488 5534 est
2519 5487 2695 5534 νῆοα-
2729 5480 2997 5534 nonnulli
3031 5481 3228 5534 legant
3257 5480 3426 5534 θήραν
3456 5496 3470 5534 :
3505 5480 3563 5533 in
3648 5494 3707 5532 e-

2056 5482 2380 5558 piduaLboc
2402 5489 2488 5540 est
2519 5480 2997 5558 Xﬁpa_,_nonnulli
3031 5481 3228 5558 legant
3257 5480 3470 5558 θήραν-ξ
3505 5480 3563 5533 in
3597 5480 3710 5558 H_e-

2059 5549 2438 5610 brmo'babet
2489 5549 2648 5618 siina.
2673 5549 2728 5609 id
2761 5560 2847 5610 est
2877 5549 3239 5618 cibariaieius
3269 5549 3589 5606 benedicens
3622 5550 3711 5604 be-

2060 5626 2332 5682 nedicam.
2389 5627 2564 5682 Porro
2623 5627 2815 5697 θήραν,
2870 5633 3212 5679 venationem
3276 5623 3463 5697 magis
3523 5623 3716 5697 potest

2063 5715 2292 5760 sonare.
2351 5715 2527 5768 quam
2588 5692 2794 5766 fruges.
2829 5719 2855 5743 »
2899 5704 3026 5768 etc-.7
3070 5698 3359 5768 Caeterum
3419 5692 3717 5768 imperitia

2064 5765 2437 5824 librariorum
2466 5765 2660 5840 posuit
2682 5765 2739 5825 in
2763 5765 3066 5824 nonnullis
3089 5782 3234 5821 mss.
3253 5767 3720 5824 Germinationem

2062 5843 2202 5914 ejus,
2235 5847 2345 5896 etc.
2377 5843 2562 5897 MART.
