2025 3091
133 135 203 164 1297

804 138 911 165 LIBER
930 138 1164 166 PSALHORUM.

1772 143 1839 172 1298

168 198 308 236 quoniam
323 199 353 227 in
369 200 511 227 mternum
527 199 569 232 (h.
588 198 736 236 saeculum)
753 199 957 229 misericordia
971 202 1000 235 Α
1050 203 1079 229 et
1093 201 1255 230 confitebor
1269 201 1382 230 nomini
1398 203 1458 231 tuo.

202 243 218 263 e
233 243 278 262 us.

134 272 208 300 Seon
217 242 332 312 Jregem
340 270 576 312 Amorrhaaorum
590 279 597 298 :

169 307 309 343 quoniam
325 307 354 334 in
367 309 509 335 aeternum
524 307 565 342 (h.
582 306 734 342 saculum)
756 307 961 336 misericordia

205 343 282 377 ejus.

133 378 169 406 Et
181 379 224 414 Og
239 384 337 414 regem
356 378 449 405 Basan
466 385 474 405 :

169 413 309 450 quoniam
324 413 356 441 in
371 416 512 441 internum
528 413 570 449 (h.
592 413 744 449 saeculum)
760 413 961 443 misericordia

131 486 167 514 Et
181 449 348 527 dgdiltaterra
359 492 460 512 eorum
476 484 529 519 (Al.
546 483 611 512 add.
628 484 670 547 in)
684 484 884 513 hereditatem
901 493 908 512 ε

168 528 309 547 quoniam
325 528 354 547 in
370 522 511 547 internum
529 520 570 547 (h.
582 528 658 547 saacu
674 521 736 547 um)
756 520 908 547 miserioor

168 521 309 563 quoniam
325 520 354 548 in
370 522 511 548 aeternum
529 520 570 556 (h.
582 520 736 557 saeculum)
756 520 960 549 misericordia

132 564 340 620 Bergdilti'tem
357 591 444 620 Israel
456 599 537 619 servo
548 600 601 619 suo
619 599 626 619 :

169 628 309 670 quoniam
328 628 358 655 in
372 630 514 655 aeternum
530 628 570 661 (h.
588 627 741 660 saeculum)
757 627 959 657 misericordia

132 672 433 734 Quiaeilrlilshumilitate
448 700 550 726 nostra
563 706 675 726 memor
689 698 746 726 fuit
761 700 853 726 nostri
871 708 878 727 :

169 735 309 777 quoniam
330 735 359 762 in
375 737 516 762 aeternum
532 734 574 770 (h.
591 734 742 770 saeculum)
759 734 959 763 misericordia

130 807 165 835 Et
179 779 289 842 eig'lpuutit
304 807 312 823 ί
331 813 384 833 nos
399 806 435 842 de
445 804 687 842 tribulationibus
699 805 808 834 nostris
818 805 896 842 (h.Et
911 814 957 834 re-

201 841 291 870 demit
305 850 359 869 nos
374 842 410 869 de
426 841 560 869 boatibus
574 841 715 875 nostris):

167 878 307 921 quoniam
321 877 351 905 in
368 880 510 905 internum
525 877 567 913 (h.
584 876 738 913 saeculum)
754 876 956 906 misericordia
970 887 995 921 Β

185 922 261 942 elus.

131 914 374 985 Quie'tilgpanem
388 948 467 976 omni
483 948 564 985 carni
579 957 589 975 .-

165 983 305 1028 quoniam
322 985 353 1012 in
364 987 506 1013 aeternum
523 984 564 1021 (h.
581 983 732 1018 saeculum)
755 984 955 1012 misericordia

131 1029 495 1097 Contigeliii'inineocmli:
525 1091 541 1097 η
670 1090 677 1097 _
733 1091 738 1097 _
787 1090 792 1096 _

165 1093 305 1135 quoniam
319 1092 348 1119 in
365 1093 506 1119 aeternum
523 1091 564 1128 (h.
590 1090 741 1127 saeculum)
753 1090 957 1119 misericordis.

131 1136 321 1228 (exigis)
331 1163 426 1199 Super
440 1162 563 1191 ﬂumina
575 1161 730 1199 Babylonis
741 1162 752 1179 ²
763 1162 804 1190 ibi
813 1162 956 1196 sedimus,

207 1208 222 1228 e
265 1207 377 1228 evtmus

207 1207 236 1228 et
244 1207 377 1228 uevrmus

171 1244 240 1264 cum
256 1235 478 1263 recordaremur
492 1234 572 1262 Sion.

139 1273 236 1307 Super
245 1271 352 1300 salices
367 1270 396 1297 in
411 1269 509 1307 medio
520 1270 596 1305 ejus,

168 1305 380 1343 suspendimus
393 1305 521 1333 citharas
532 1307 659 1333 nostras.

134 1340 281 1377 Quoniam
310 1342 350 1370 ibi
365 1341 618 1378 interrogaverunt
632 1349 685 1369 nos
698 1341 749 1377 qui
764 1340 896 1377 captivos
908 1340 960 1368 du-

203 1382 310 1407 xerunt
322 1385 377 1405 nos

166 1414 255 1442 verba
269 1413 410 1442 carminis
426 1412 467 1448 (h.
483 1412 666 1449 cantionum)
684 1421 691 1441 ε

133 1450 170 1478 Et
180 1450 232 1486 qui
249 1449 420 1486 afﬂigebant
434 1456 487 1476 nos
503 1448 559 1486 listi
577 1456 584 1476 :

168 1484 265 1514 canite
280 1484 366 1513 nobis
382 1485 418 1512 de
429 1484 551 1512 canticis
561 1484 641 1512 Sion.

134 1522 285 1554 Quomodo
300 1520 487 1549 cantabimus
502 1520 652 1548 canticum
670 1518 796 1553 Domini,

171 1558 201 1585 in
219 1559 299 1585 terra
314 1556 410 1585 aliena
426 1557 438 1584 ἲ

133 1593 165 1622 8i
178 1593 287 1621 oblitus
298 1593 379 1620 fuero
394 1592 449 1625 tui,
463 1591 636 1626 Jerusalem,

169 1629 199 1656 in
215 1628 361 1657 oblivione
375 1628 414 1656 sit
428 1628 546 1655 dextera
561 1635 635 1655 mea.

132 1665 288 1693 Adhwreat
303 1664 405 1700 lingua
419 1671 487 1700 mea
498 1662 614 1700 gutturi
625 1670 701 1694 meo,

170 1700 196 1728 si
211 1709 269 1728 non
288 1698 461 1728 recordatus
477 1698 558 1727 fuero
573 1698 615 1725 tui
633 1706 640 1726 :

132 1736 162 1764 Si
170 1744 234 1778 _non
251 1744 343 1777 prope
350 1734 610 1778 suero_.lerusalem

168 1772 199 1800 in
215 1771 363 1808 principio
377 1771 482 1798 laetitiae
497 1778 578 1798 mere.

131 1809 288 1840 Memento.
304 1807 436 1839 Domine,
453 1806 580 1834 filiorum
596 1805 686 1833 Edom

168 1844 198 1871 in
215 1843 261 1871 die
275 1842 453 1875 Jerusalem,

168 1879 329 1907 dicentium
341 1875 962 1911 :evacuate,e'racuate(h.eﬂ‘odite,eli‘odite)

205 1915 350 1950 usquead
366 1914 589 1942 fundamentum
603 1913 679 1948 ejus.

131 1950 208 1979 Filia
223 1949 380 1983 Babvlonis
395 1951 511 1977 vastata
526 1956 533 1976 :

170 1986 276 2014 beatus
288 1986 337 2021 qui
354 1985 494 2014 retribuet
506 1983 560 2012 tibi

170 2017 404 2050 vicissitudinem
418 2023 512 2055 tuam,
528 2027 617 2056 quam
634 2018 797 2047 retribuisti
814 2017 907 2045 nobis.

134 2057 242 2086 Beatus
257 2058 307 2093 qui
324 2056 446 2090 tenebit,

171 2095 200 2121 et
214 2090 316 2121 allidet
332 2092 470 2129 parvulos
485 2093 554 2119 tuos
571 2091 626 2127 (At.
642 2090 724 2126 suos)
740 2090 775 2118 ad
790 2091 915 2126 petram.

502 2157 598 2177 οινιῐ).

134 2200 342 2237 (CXXXVlll.)
378 2199 545 2228 Conﬂtebor
579 2197 645 2232 tibi,
678 2196 810 2232 Domine,
844 2196 873 2225 in
901 2198 962 2225 toto

210 2237 296 2264 corde
313 2244 387 2264 meo.

173 2272 203 2314 _in
220 2274 379 2314 conspectu
395 2272 516 2314 deorum
531 2269 658 2314 cantabo
678 2269 719 2314 (h.

136 2308 273 2336 Adorabo
288 2305 318 2335 in
334 2307 444 2343 templo
458 2308 558 2335 sancto
574 2308 624 2334 tuo
639 2305 680 2340 (h.
693 2305 727 2333 ad
740 2305 884 2340 templum
896 2312 963 2332 san-

212 2345 292 2371 ctum
310 2344 406 2373 tuum)
423 2351 429 2369 :

175 2452 183 2468 ¹
201 2450 410 2483 Memmianus,
425 2450 473 2485 qui
488 2448 603 2484 eripuit,
617 2450 671 2485 etc.
689 2448 741 2476 Hic
753 2456 870 2484 quoque
879 2448 964 2485 scho-

140 2487 239 2515 liastis
255 2483 475 2514 adnotationem
492 2484 684 2520 marginalem
702 2483 828 2513 retinent
841 2484 912 2512 editi
928 2483 964 2511 li-

139 2522 197 2555 bri.
215 2523 372 2558 pluresque
388 2529 460 2558 mss.
476 2521 599 2548 codices.
613 2519 706 2558 Mam.

176 2558 188 2575 ²
203 2555 529 2594 βιωηεὶιᾯὶειςτᾳὶευε.
546 2564 602 2583 ms.
619 2555 802 2594 _epigra_phen
827 2555 966 2594 ferme_ea

140 2590 420 2629 Septuagiﬁtavirali
443 2590 684 2629 interpretatione
712 2590 871 2629 derivatam
888 2599 894 2618 :
912 2590 967 2629 Ipsi

141 2626 234 2658 Da'vid
246 2626 391 2657 Hieremiae
403 2628 575 2657 lamentatio.
591 2626 678 2655 Nulla
692 2629 790 2655 autem
806 2629 851 2655 est
864 2626 893 2654 in
910 2628 966 2654 He-

140 2666 220 2695 braeo
236 2665 405 2701 archetypo.

175 2701 187 2719 ³
202 2698 387 2729 Cisterciehs.
404 2708 472 2732 ms.,
490 2698 619 2727 lnvocabo
633 2698 822 2731 te,exaudies,
838 2699 894 2726 etc.

176 2738 187 2754 ⁴
203 2737 306 2772 chin.
321 2745 377 2764 ms.
389 2736 499 2771 aliique
514 2734 614 2770 plures
638 2734 715 2769 apud
740 2734 889 2767 Martium,
913 2734 967 2761 Pro

140 2773 260 2801 victoria
277 2773 368 2800 David
383 2772 536 2799 Canticum.

178 2809 189 2825 ⁵
205 2811 360 2843 Perperam
376 2807 406 2835 in
422 2806 609 2836 Cistcrciensi
629 2814 695 2838 ms.,
721 2813 837 2832 manum
864 2813 966 2838 meam,

143 2846 199 2872 etc.

177 2880 187 2897 ‘
204 2881 247 2908 Ita
257 2879 345 2908 ambo
361 2876 689 2914 exemplariaQanonis,
705 2879 747 2914 e_t__
759 2885 830 2914 mss.
854 2877 969 2905 codices

141 2914 213 2951 duo,
224 2915 402 2944 Sorbonicus
419 2911 490 2942 et'S.
512 2912 670 2942 Michaelis.
694 2911 749 2940 Alii
773 2912 873 2948 legunt
901 2920 968 2941 cum

1014 239 1108 278 Super
1120 237 1330 278 miserirxgrdia~
1338 240 1399 271 tua,
1415 241 1444 266 et
1458 238 1580 267 veritate
1595 241 1657 274 tua,

1050 273 1120 336 qutia
1135 273 1332 309 magniﬁcasti
1348 282 1437 310 super
1452 282 1538 303 omne
1556 273 1663 304 nomen
1688 276 1838 314 eloquium

1100 317 1182 336 uum.

1100 317 1182 336 uum.

1014 344 1046 372 In
1058 344 1105 372 die
1119 344 1271 379 invocabo,
1287 346 1316 372 et
1330 344 1469 373 exaudies
1485 353 1531 373 me
1547 346 1558 364 ⁸
1574 354 1581 380 ;

1049 380 1187 408 dilatabis
1202 380 1307 407 animas
1323 388 1393 408 mea:
1410 381 1625 410 fortitudinem.

1013 416 1213 455 Conﬁteautur
1229 416 1292 455 tibi,
1311 417 1441 455 Domine,
1458 425 1560 455 omnes
1574 426 1658 455 reges
1672 420 1767 455 terra,

1049 452 1189 487 quoniam
1207 452 1363 479 audierunt
1380 452 1496 487 eloquia
1512 453 1571 481 oris
1586 452 1641 481 tui.

1013 486 1224 515 Et’canteutin
1243 488 1295 514 viis
1313 486 1439 520 Domini,

1049 523 1188 559 quoniam
1203 531 1309 558 magna
1326 524 1419 557 gloria
1435 524 1549 551 Domini
1568 533 1575 552 :

1012 559 1156 599 Quoniam
1172 559 1304 599 excelsus
1320 559 1480 599 Dominus,
1491 562 1518 587 et
1531 559 1655 599 humilia
1669 561 1788 598 respicit
1798 562 1839 599 (h.

1084 597 1113 622 et
1125 594 1236 631 humile
1249 595 1329 631 videt
1342 597 1372 623 et
1385 596 1555 631 excelsum),

1048 632 1078 658 et
1090 629 1204 667 excelsa
1219 630 1353 667 delonge
1369 631 1529 667 cognoscit.

1011 665 1040 693 8i
1055 665 1244 694 ambulavcro
1258 666 1288 693 in
1296 665 1392 694 medio
1403 665 1773 697 tribulationisvivificabis
1779 676 1836 697 me:

1049 710 1138 738 super
1154 702 1281 730 furorem
1297 702 1485 731 inimicorum
1505 711 1638 731 meorum
1660 703 1759 732 mittes
1773 713 1838 733 ma-

1084 745 1154 765 num
1167 740 1261 771 tuam,

1047 774 1076 800 et
1090 773 1213 801 salvabit
1230 781 1275 801 me
1286 773 1405 801 dextera
1419 775 1480 801 tua.

1010 808 1154 845 Dominus
1169 809 1340 845 operabitur
1354 817 1406 845 pro
1423 817 1478 843 me,

1045 844 1178 917 Dolmin)e,
1190 844 1398 873 misericordia
1412 847 1462 873 tua
1477 844 1508 873 in
1519 847 1661 874 aternum
1677 846 1719 883 (h.
1744 854 1838 876 saecu-

1096 888 1144 908 um

1096 888 1144 908 um

1045 924 1134 952 opera
1148 916 1292 944 manuum
1307 917 1426 944 tuarum
1442 924 1478 945 ne
1491 916 1634 945 dimittas.

1095 982 1208 1002 vro-rom
1229 980 1316 1001 pawn
1334 981 1482 1001 αΑκτιαυΜ
1502 973 1513 991 ‘
1533 973 1575 1010 (h.
1592 975 1745 1011 paramus).

1009 1022 1178 1058 (ΟΧΧΧΙΧ.)
1194 1021 1497 1058 Domine,investigati
1509 1030 1566 1057 me,
1582 1025 1611 1051 et
1620 1024 1799 1058 cognovisti:

1045 1061 1077 1086 tu
1092 1058 1254 1094 cognovisti
1269 1057 1431 1086 sessionem
1439 1057 1578 1093 ineam,et
1591 1057 1833 1089 resurrectionem

1046 1101 1142 1122 meam
1158 1102 1165 1121 ἰ

1046 1128 1214 1157 intellexisti
1231 1128 1342 1156 malum
1354 1136 1451 1165 meum
1467 1129 1478 1146 ⁸
1492 1129 1528 1157 de
1542 1129 1637 1165 longe.

1011 1165 1153 1194 Semitam
1170 1171 1265 1192 meam
1281 1165 1310 1192 et
1323 1164 1542 1193 accubationem
1555 1164 1651 1194 meam
1660 1165 1836 1195 eventilasti:

1047 1203 1077 1229 et
1089 1208 1192 1229 omnes
1206 1200 1271 1228 vias
1288 1207 1369 1228 meas
1385 1200 1554 1228 intellexisti
1571 1209 1578 1228 :

1048 1237 1192 1277 quia_non_
1206 1237 1251 1264 est
1266 1235 1462 1277 eloquiumjn
1478 1236 1580 1273 lingua
1595 1245 1670 1265 mea.

1012 1271 1098 1306 Ecce,
1113 1272 1243 1304 Domine,
1258 1271 1334 1299 nosti
1351 1271 1448 1299 omnia
1464 1280 1471 1299 :

1050 1310 1222 1340 retrorsum,
1234 1308 1262 1335 et
1278 1309 1345 1334 ante
1359 1307 1491 1335 formasti
1507 1315 1551 1335 me
1569 1315 1576 1335 :

1049 1346 1078 1372 et
1092 1342 1218 1379 posuisti
1233 1350 1325 1379 super
1338 1350 1386 1379 me
1398 1351 1520 1370 manum
1536 1343 1577 1378 (h.
1589 1343 1732 1379 palmam)
1743 1345 1837 1373 tuam.

1049 1378 1211 1408 Mirabilior
1225 1379 1271 1406 est
1286 1378 1409 1406 scientia
1424 1387 1441 1406 a
1456 1386 1514 1412 me,

1050 1414 1190 1443 excelsior
1204 1416 1251 1450 est)
1261 1414 1282 1448 ³,
1298 1421 1357 1442 non
1373 1415 1472 1450 potero
1487 1414 1524 1442 ad
1539 1421 1615 1442 eam.

1015 1452 1077 1485 Quo
1088 1451 1136 1478 ibo
1152 1458 1169 1478 a
1183 1449 1289 1485 spiritu
1310 1451 1371 1482 tuo,

1050 1489 1137 1521 etquo
1152 1494 1170 1513 a
1184 1485 1257 1521 facie
1271 1487 1327 1521 tua
1337 1485 1447 1521 fugiam
1461 1485 1476 1512 Ὺ

1015 1522 1043 1550 Si
1059 1520 1218 1550 ascendere
1232 1520 1263 1548 in
1279 1520 1395 1554 coelum,
1412 1521 1452 1549 ibi
1464 1529 1495 1549 es
1508 1522 1538 1549 tu
1556 1529 1563 1549 :

975 1573 998 1608 ο
1052 1558 1205 1594 sijacuero
1220 1557 1250 1584 in
1265 1556 1390 1597 inferno.
1404 1557 1484 1584 ades.

1015 1594 1044 1621 si
1061 1601 1213 1621 sumpsero
1229 1600 1341 1621 pennas
1355 1592 1484 1621 diluculo

1036 1603 1044 1621 l

1061 1592 1213 1628 sumpsero
1229 1600 1341 1628 pennas
1355 1592 1497 1626 diluculo,

1061 1601 1213 1628 sumpsero
1225 1600 1341 1655 lpennas
1355 1600 1497 1626 uuuculo,

1051 1630 1095 1671 (ΑΙ
1107 1629 1162 1671 ad:
1171 1629 1210 1664 et)
1247 1628 1394 1671 abitavero
1407 1628 1438 1671 in
1454 1628 1615 1671 novissimo
1631 1628 1734 1662 maris,

1015 1664 1111 1694 Etiam
1123 1664 1163 1692 ibi
1177 1672 1284 1692 manus
1295 1665 1347 1691 tua
1362 1664 1487 1693 deducet
1502 1672 1560 1699 me,

1052 1703 1080 1729 et
1094 1700 1206 1728 tenebit
1220 1707 1267 1728 me
1282 1700 1400 1727 dextera
1415 1702 1476 1728 tua.

1015 1737 1046 1765 Si
1063 1737 1173 1770 dixero,
1187 1735 1261 1777 forte
1273 1735 1404 1777 tenebras.
1413 1735 1545 1772 operient
1558 1743 1605 1764 me
1620 1744 1628 1764 :

1051 1781 1108 1800 nox
1120 1779 1237 1808 quoque
1251 1771 1301 1799 lux
1316 1771 1371 1799 erit
1381 1771 1457 1800 circa
1471 1779 1529 1800 me.

1015 1808 1075 1848 Nec
1088 1808 1215 1836 tenebrae
1231 1807 1339 1848 habent
1352 1808 1489 1848 tenebras
1504 1807 1582 1844 apud
1599 1809 1639 1841 te,

1051 1846 1080 1871 et
1095 1851 1150 1871 nox
1175 1843 1258 1878 quasi
1274 1842 1339 1870 dies
1354 1842 1431 1870 lucet
1447 1844 1457 1860 τ
1475 1851 1481 1870 :

1051 1878 1165 1906 similes
1180 1880 1251 1905 sunt
1266 1878 1393 1905 tenebris
1407 1880 1435 1906 et
1450 1878 1514 1911 lux,

1015 1914 1090 1948 Quia
1104 1916 1136 1942 tu
1152 1913 1309 1949 possedisti
1319 1920 1407 1949 renes
1423 1921 1503 1941 meos
1520 1921 1527 1940 :

1051 1948 1195 1985 orsusque
1208 1956 1301 1985 es‘me
1317 1948 1347 1976 in
1365 1951 1446 1985 utero
1458 1948 1658 1985 matrisrmsaa.

1015 1983 1181 2013 Conﬁtebor
1195 1983 1261 2017 tibi;
1287 1984 1427 2020 quoniam
1451 1983 1623 2012 terribiliter
1643 1983 1838 2020 magniﬁcasti

1051 2029 1109 2055 me,
1119 2019 1272 2074 .mi'rabilia
1286 2019 1374 2056 opera
1388 2022 1451 2053 tua,
1467 2022 1496 2048 et
1507 2019 1608 2048 anima
1623 2028 1688 2048 mea
1704 2020 1782 2048 novit
1795 2019 1839 2047 ni-

1086 2065 1143 2085 mis
1158 2065 1178 2083 '.

1015 2093 1077 2121 Non
1095 2094 1165 2120 sunt
1179 2093 1281 2127 operta
1291 2099 1359 2119 ossa
1375 2098 1438 2119 mea
1454 2099 1471 2119 a
1485 2093 1524 2124 te,

1049 2128 1161 2170 quibus
1175 2126 1272 2170 tactus
1286 2135 1352 2169 sum
1368 2127 1379 2144 ⁸
1393 2127 1422 2154 in
1433 2126 1606 2170 abscondito
1622 2134 1629 2155 :

1047 2164 1230 2200 imaginatus
1245 2172 1312 2191 sum
1329 2164 1358 2191 in
1374 2164 1546 2190 novissimis
1562 2164 1655 2190 terra).

1017 2199 1174 2228 Informem
1190 2199 1286 2227 adhuc
1303 2207 1348 2226 me
1362 2198 1498 2226 viderunt
1511 2198 1587 2226 oculi
1602 2198 1656 2231 tui,

1052 2238 1081 2263 et
1094 2236 1123 2263 in
1137 2235 1213 2263 libro
1223 2237 1274 2263 tuo
1290 2243 1391 2263 omnes
1407 2235 1573 2262 scribentur
1588 2243 1598 2261 :

745 2268 881 2304 psallam)
898 2268 960 2296 tibi.
978 2260 1001 2293 D
1051 2260 1624 2303 iisetiam“suaiié,‘ei‘aaaza’una
1638 2269 1667 2297 in
1683 2269 1737 2302 eis,

1018 2307 1289 2343 Mihiautemquam
1302 2305 1486 2334 honorabiles
1495 2305 1562 2333 facti
1574 2308 1644 2333 sunt
1654 2305 1838 2342 amioi(h.so-

1019 2450 1106 2478 editis
1123 2458 1130 2476 :
1146 2449 1234 2485 Super
1249 2457 1291 2476 me
1304 2453 1345 2477 eu
1358 2448 1485 2482 scientia,
1501 2453 1528 2476 ει
1551 2449 1693 2483 excelsior,
1709 2451 1765 2477 etc.
1780 2450 1843 2477 Ad-

1019 2486 1094 2513 dunt
1107 2484 1228 2521 insuper
1256 2485 1311 2512 tria
1326 2493 1360 2512 ex
1389 2485 1536 2521 praedictis
1569 2484 1748 2520 exemplaria
1770 2493 1842 2514 mss.

1020 2529 1192 2556 pronomen,
1209 2521 1285 2556 quod
1302 2529 1359 2548 non
1375 2523 1420 2548 est
1436 2521 1464 2548 in
1480 2520 1611 2552 Hebraeo,
1639 2521 1758 2548 scientia
1781 2525 1840 2549 tua.

1019 2557 1166 2588 Vatican.,
1182 2556 1343 2584 Mirabilior
1352 2557 1470 2584 scientia
1485 2558 1532 2583 tua
1545 2564 1562 2582 ιι
1577 2564 1631 2583 me.
1647 2558 1701 2583 etc.
1718 2557 1806 2584 ΜΑιτ.

1056 2608 1090 2613 -—
1102 2592 1199 2620 Nostri
1216 2600 1301 2628 mss.,
1316 2600 1384 2620 cum
1400 2591 1625 2628 pridcmdeditis
1642 2598 1725 2626 super
1745 2599 1790 2619 me
1803 2596 1846 2620 eu

1020 2628 1148 2661 εείεηιία,
1164 2632 1191 2656 ει
1209 2644 1213 2654 ε
1226 2637 1259 2654 πμ
1281 2625 1389 2660 [donet
1400 2625 1419 2655 τ.
1431 2627 1494 2655 Non
1506 2625 1701 2662 discipliceret
1710 2634 1793 2663 supra
1803 2635 1847 2656 me

1020 2664 1049 2692 id
1062 2666 1107 2692 est
1122 2672 1207 2699 supra
1221 2665 1333 2699 caplum
1349 2671 1452 2691 meum.

1055 2700 1066 2717 “¹
1083 2700 1114 2727 In
1131 2697 1317 2727 Cisterciens.
1334 2707 1403 2733 ms.,
1418 2698 1499 2734 quasi
1513 2697 1573 2725 lux.

1056 2735 1066 2753 ⁸
1083 2735 1161 2763 Idem
1180 2743 1248 2769 ms.,
1263 2736 1340 2763 novit
1356 2743 1393 2762 ea
1408 2734 1507 2761 nimir.

1057 2772 1068 2788 θ
1096 2772 1127 2798 In
1144 2770 1286 2806 singulari
1312 2770 1413 2804 legunt
1423 2770 1482 2797 bam
1496 2776 1590 2806 canon
1598 2768 1846 2806 _C_ar_cas_sonensis

1023 2803 1211 2839 emendatus,
1237 2806 1369 2834 Vatican.
1398 2808 1426 2832 et
1451 2813 1506 2832 ms.
1537 2804 1567 2832 S.
1598 2803 1848 2834 Michaeliazlfon

1021 2845 1062 2906 ﬁt
1077 2846 1201 2877 opertum
1221 2851 1251 2869 os
1273 2850 1364 2870 meum
1384 2850 1401 2869 a
1426 2844 1461 2876 le,
1490 2848 1542 2876 quo
1571 2840 1660 2875 factus
1688 2848 1760 2876 sum,
1788 2843 1846 2870 etc.

1053 2887 1117 2906 aer.

1053 2887 1117 2906 ΛΒΤ.

1061 2914 1082 2931 ¹⁰
1107 2913 1240 2950 chuiori
1265 2921 1372 2950 genere
1396 2911 1511 2948 Reginae
1539 2919 1608 2947 ms.,
1636 2911 1697 2940 dies
1721 2911 1844 2947 formata
