  <div class='ocr_page' id='page_1' title='image "/cluster/home/n/w/nwhite01/storage/ocr_20150623/28/hvd.32044052824265/721.png"; bbox 0 0 4050 6182; ppageno 0'>
   <div class='ocr_carea' id='block_1_1' title="bbox 351 182 492 240">
    <p class='ocr_par' dir='ltr' id='par_1_1' title="bbox 351 182 492 240">
     <span class='ocr_line' id='line_1_1' title="bbox 351 182 492 240; baseline -0.021 0"><span class='ocrx_word' id='word_1_1' title='bbox 351 182 492 240; x_wconf 80' lang='grc'><strong>1299</strong></span> 
     </span>
    </p>
   </div>
   <div class='ocr_carea' id='block_1_2' title="bbox 495 309 1028 381">
    <p class='ocr_par' dir='ltr' id='par_1_2' title="bbox 495 309 1028 381">
     <span class='ocr_line' id='line_1_2' title="bbox 495 309 1028 381; baseline -0.004 -13"><span class='ocrx_word' id='word_1_2' title='bbox 495 310 680 372; x_wconf 77' lang='lat' dir='ltr'><strong>doles)</strong></span> <span class='ocrx_word' id='word_1_3' title='bbox 709 309 819 381; x_wconf 89' lang='lat' dir='ltr'><strong>tui,</strong></span> <span class='ocrx_word' id='word_1_4' title='bbox 850 311 1028 377; x_wconf 88' lang='lat' dir='ltr'><strong>Deus,</strong></span> 
     </span>
    </p>
   </div>
   <div class='ocr_carea' id='block_1_3' title="bbox 424 381 1990 455">
    <p class='ocr_par' dir='ltr' id='par_1_3' title="bbox 424 381 1990 455">
     <span class='ocr_line' id='line_1_3' title="bbox 424 381 1990 455; baseline -0.003 -15"><span class='ocrx_word' id='word_1_5' title='bbox 424 400 600 455; x_wconf 87' lang='lat' dir='ltr'><strong>quam</strong></span> <span class='ocrx_word' id='word_1_6' title='bbox 637 387 815 438; x_wconf 80' lang='lat' dir='ltr'><strong>fortes</strong></span> <span class='ocrx_word' id='word_1_7' title='bbox 849 398 1131 453; x_wconf 80' lang='lat' dir='ltr'><strong>pauperes</strong></span> <span class='ocrx_word' id='word_1_8' title='bbox 1161 381 1242 452; x_wconf 89' lang='lat' dir='ltr'><strong>(h.</strong></span> <span class='ocrx_word' id='word_1_9' title='bbox 1276 381 1667 452; x_wconf 76' lang='lat' dir='ltr'><strong>principatus)</strong></span> <span class='ocrx_word' id='word_1_10' title='bbox 1711 396 1914 436; x_wconf 83' lang='lat' dir='ltr'><strong>eorum</strong></span> <span class='ocrx_word' id='word_1_11' title='bbox 1946 381 1990 451; x_wconf 79' lang='grc' dir='ltr'><strong>ί,</strong></span> 
     </span>
    </p>
   </div>
   <div class='ocr_carea' id='block_1_4' title="bbox 352 455 1673 525">
    <p class='ocr_par' dir='ltr' id='par_1_4' title="bbox 352 455 1673 525">
     <span class='ocr_line' id='line_1_4' title="bbox 352 455 1673 525; baseline -0.005 -13"><span class='ocrx_word' id='word_1_12' title='bbox 352 456 744 513; x_wconf 89' lang='lat' dir='ltr'><strong>Dinumerabo</strong></span> <span class='ocrx_word' id='word_1_13' title='bbox 775 470 895 519; x_wconf 92' lang='lat' dir='ltr'><strong>eos,</strong></span> <span class='ocrx_word' id='word_1_14' title='bbox 928 460 986 508; x_wconf 89' lang='lat' dir='ltr'><strong>et</strong></span> <span class='ocrx_word' id='word_1_15' title='bbox 1015 469 1190 508; x_wconf 83' lang='lat' dir='ltr'><strong>arena</strong></span> <span class='ocrx_word' id='word_1_16' title='bbox 1223 455 1421 525; x_wconf 82' lang='lat' dir='ltr'><strong>plures</strong></span> <span class='ocrx_word' id='word_1_17' title='bbox 1453 458 1625 508; x_wconf 89' lang='lat' dir='ltr'><strong>erunt</strong></span> <span class='ocrx_word' id='word_1_18' title='bbox 1661 469 1673 506; x_wconf 89' lang='lat'><strong>:</strong></span> 
     </span>
    </p>
   </div>
   <div class='ocr_carea' id='block_1_5' title="bbox 423 524 1434 599">
    <p class='ocr_par' dir='ltr' id='par_1_5' title="bbox 423 524 1434 599">
     <span class='ocr_line' id='line_1_5' title="bbox 423 524 1434 599; baseline -0.003 -16"><span class='ocrx_word' id='word_1_19' title='bbox 423 526 710 599; x_wconf 89' lang='lat' dir='ltr'><strong>evigilavi,</strong></span> <span class='ocrx_word' id='word_1_20' title='bbox 743 531 813 599; x_wconf 60' lang='lat' dir='ltr'><strong>et</strong></span> <span class='ocrx_word' id='word_1_21' title='bbox 830 524 1021 599; x_wconf 84' lang='lat' dir='ltr'><strong>adhuc</strong></span> <span class='ocrx_word' id='word_1_22' title='bbox 1053 540 1186 599; x_wconf 82' lang='lat' dir='ltr'><strong>sum</strong></span> <span class='ocrx_word' id='word_1_23' title='bbox 1216 524 1434 580; x_wconf 85' lang='lat' dir='ltr'><strong>tecum.</strong></span> 
     </span>
    </p>
   </div>
   <div class='ocr_carea' id='block_1_6' title="bbox 353 596 1284 667">
    <p class='ocr_par' dir='ltr' id='par_1_6' title="bbox 353 596 1284 667">
     <span class='ocr_line' id='line_1_6' title="bbox 353 596 1284 667; baseline -0.003 -12"><span class='ocrx_word' id='word_1_24' title='bbox 353 600 413 656; x_wconf 89' lang='lat' dir='ltr'><strong>Si</strong></span> <span class='ocrx_word' id='word_1_25' title='bbox 445 596 748 664; x_wconf 81' lang='lat' dir='ltr'><strong>occideris,</strong></span> <span class='ocrx_word' id='word_1_26' title='bbox 781 596 958 667; x_wconf 87' lang='lat' dir='ltr'><strong>Deus,</strong></span> <span class='ocrx_word' id='word_1_27' title='bbox 989 597 1236 666; x_wconf 89' lang='lat' dir='ltr'><strong>impium</strong></span> <span class='ocrx_word' id='word_1_28' title='bbox 1271 612 1284 652; x_wconf 90' lang='lat'>:</span> 
     </span>
    </p>
   </div>
   <div class='ocr_carea' id='block_1_7' title="bbox 423 667 1454 740">
    <p class='ocr_par' dir='ltr' id='par_1_7' title="bbox 423 667 1454 740">
     <span class='ocr_line' id='line_1_7' title="bbox 423 667 1454 740; baseline -0.002 -16"><span class='ocrx_word' id='word_1_29' title='bbox 423 670 533 724; x_wconf 89' lang='lat' dir='ltr'><strong>viri</strong></span> <span class='ocrx_word' id='word_1_30' title='bbox 555 667 923 740; x_wconf 47' lang='lat' dir='ltr'><strong>‘sanguinum</strong></span> <span class='ocrx_word' id='word_1_31' title='bbox 946 667 1248 740; x_wconf 9' lang='lat' dir='ltr'><strong>rdeclinate</strong></span> <span class='ocrx_word' id='word_1_32' title='bbox 1278 685 1312 723; x_wconf 89' lang='lat' dir='ltr'><strong>a</strong></span> <span class='ocrx_word' id='word_1_33' title='bbox 1342 683 1454 722; x_wconf 91' lang='lat' dir='ltr'><strong>me.</strong></span> 
     </span>
    </p>
   </div>
   <div class='ocr_carea' id='block_1_8' title="bbox 354 739 1790 808">
    <p class='ocr_par' dir='ltr' id='par_1_8' title="bbox 354 739 1790 808">
     <span class='ocr_line' id='line_1_8' title="bbox 354 739 1790 808; baseline -0.001 -12"><span class='ocrx_word' id='word_1_34' title='bbox 354 741 461 808; x_wconf 89' lang='lat' dir='ltr'><strong>Qui</strong></span> <span class='ocrx_word' id='word_1_35' title='bbox 494 739 897 797; x_wconf 87' lang='lat' dir='ltr'><strong>contradicent</strong></span> <span class='ocrx_word' id='word_1_36' title='bbox 917 739 1022 795; x_wconf 85' lang='lat' dir='ltr'><strong>tibi</strong></span> <span class='ocrx_word' id='word_1_37' title='bbox 1053 739 1334 794; x_wconf 84' lang='lat' dir='ltr'><strong>scelerate</strong></span> <span class='ocrx_word' id='word_1_38' title='bbox 1359 740 1417 807; x_wconf 81' lang='grc'><strong>²;</strong></span> <span class='ocrx_word' id='word_1_39' title='bbox 1787 791 1790 794; x_wconf 83' lang='lat'><strong>.</strong></span> 
     </span>
    </p>
   </div>
   <div class='ocr_carea' id='block_1_9' title="bbox 424 808 1878 882">
    <p class='ocr_par' dir='ltr' id='par_1_9' title="bbox 424 808 1878 882">
     <span class='ocr_line' id='line_1_9' title="bbox 424 808 1878 882; baseline -0.002 -15"><span class='ocrx_word' id='word_1_40' title='bbox 424 811 557 868; x_wconf 88' lang='lat' dir='ltr'><strong>elati</strong></span> <span class='ocrx_word' id='word_1_41' title='bbox 591 813 698 881; x_wconf 81' lang='lat' dir='ltr'><strong>(At.</strong></span> <span class='ocrx_word' id='word_1_42' title='bbox 733 811 962 882; x_wconf 73' lang='lat' dir='ltr'><strong>eleVati‘)</strong></span> <span class='ocrx_word' id='word_1_43' title='bbox 986 815 1144 880; x_wconf 90' lang='lat' dir='ltr'><strong>sunt,</strong></span> <span class='ocrx_word' id='word_1_44' title='bbox 1179 812 1398 866; x_wconf 83' lang='lat' dir='ltr'><strong>frustra</strong></span> <span class='ocrx_word' id='word_1_45' title='bbox 1427 808 1742 866; x_wconf 80' lang='lat' dir='ltr'><strong>adversarii</strong></span> <span class='ocrx_word' id='word_1_46' title='bbox 1771 808 1878 865; x_wconf 86' lang='lat' dir='ltr'><strong>tui.</strong></span> 
     </span>
    </p>
   </div>
   <div class='ocr_carea' id='block_1_10' title="bbox 351 882 1467 952">
    <p class='ocr_par' dir='ltr' id='par_1_10' title="bbox 351 882 1467 952">
     <span class='ocr_line' id='line_1_10' title="bbox 351 882 1467 952; baseline -0.003 -13"><span class='ocrx_word' id='word_1_47' title='bbox 351 883 557 940; x_wconf 87' lang='lat' dir='ltr'><strong>Nonne</strong></span> <span class='ocrx_word' id='word_1_48' title='bbox 588 883 853 939; x_wconf 91' lang='lat' dir='ltr'><strong>odientes</strong></span> <span class='ocrx_word' id='word_1_49' title='bbox 884 887 967 951; x_wconf 89' lang='lat' dir='ltr'><strong>te,</strong></span> <span class='ocrx_word' id='word_1_50' title='bbox 998 882 1264 948; x_wconf 88' lang='lat' dir='ltr'><strong>Domine,</strong></span> <span class='ocrx_word' id='word_1_51' title='bbox 1293 883 1467 952; x_wconf 89' lang='lat' dir='ltr'><strong>odivi,</strong></span> 
     </span>
    </p>
   </div>
   <div class='ocr_carea' id='block_1_11' title="bbox 425 951 2006 1080">
    <p class='ocr_par' dir='ltr' id='par_1_11' title="bbox 425 951 2006 1080">
     <span class='ocr_line' id='line_1_11' title="bbox 425 951 2006 1080; baseline -0.003 -69"><span class='ocrx_word' id='word_1_52' title='bbox 425 960 484 1011; x_wconf 90' lang='lat' dir='ltr'><strong>et</strong></span> <span class='ocrx_word' id='word_1_53' title='bbox 498 960 719 1080; x_wconf 46' lang='lat' dir='ltr'><strong>1eontra</strong></span> <span class='ocrx_word' id='word_1_54' title='bbox 749 956 1111 1011; x_wconf 87' lang='lat' dir='ltr'><strong>adversarios</strong></span> <span class='ocrx_word' id='word_1_55' title='bbox 1141 959 1276 1009; x_wconf 89' lang='lat' dir='ltr'><strong>tuos</strong></span> <span class='ocrx_word' id='word_1_56' title='bbox 1308 951 1585 1010; x_wconf 84' lang='lat' dir='ltr'><strong>distribui</strong></span> <span class='ocrx_word' id='word_1_57' title='bbox 1638 953 1721 1021; x_wconf 84' lang='lat' dir='ltr'><strong>(h.</strong></span> <span class='ocrx_word' id='word_1_58' title='bbox 1768 951 2006 1008; x_wconf 87' lang='lat' dir='ltr'><strong>resiste-</strong></span> 
     </span>
     <span class='ocr_line' id='line_1_12' title="bbox 541 1043 706 1080; baseline 0 0"><span class='ocrx_word' id='word_1_59' title='bbox 541 1043 634 1080; x_wconf 89' lang='lat' dir='ltr'><strong>am</strong></span> <span class='ocrx_word' id='word_1_60' title='bbox 693 1043 706 1080; x_wconf 92' lang='lat'><strong>:</strong></span> 
     </span>
    </p>
   </div>
   <div class='ocr_carea' id='block_1_12' title="bbox 541 1043 706 1082">
    <p class='ocr_par' dir='ltr' id='par_1_12' title="bbox 541 1043 706 1082">
     <span class='ocr_line' id='line_1_13' title="bbox 541 1043 706 1082; baseline 0.006 -1"><span class='ocrx_word' id='word_1_61' title='bbox 541 1043 706 1082; x_wconf 70' lang='lat'><strong>800):</strong></span> 
     </span>
    </p>
   </div>
   <div class='ocr_carea' id='block_1_13' title="bbox 365 1028 1242 1153">
    <p class='ocr_par' dir='ltr' id='par_1_13' title="bbox 365 1028 1242 1153">
     <span class='ocr_line' id='line_1_14' title="bbox 498 1028 706 1095; baseline 0.01 -15"><span class='ocrx_word' id='word_1_62' title='bbox 498 1028 663 1095; x_wconf 88' lang='lat' dir='ltr'><strong>bam)</strong></span> <span class='ocrx_word' id='word_1_63' title='bbox 693 1043 706 1082; x_wconf 92' lang='lat'><strong>:</strong></span> 
     </span>
     <span class='ocr_line' id='line_1_15' title="bbox 365 1095 1242 1153; baseline -0.002 -1"><span class='ocrx_word' id='word_1_64' title='bbox 365 1097 630 1153; x_wconf 86' lang='lat' dir='ltr'><strong>Perfecto</strong></span> <span class='ocrx_word' id='word_1_65' title='bbox 653 1097 787 1153; x_wconf 90' lang='lat' dir='ltr'><strong>odio</strong></span> <span class='ocrx_word' id='word_1_66' title='bbox 807 1097 1043 1152; x_wconf 89' lang='lat' dir='ltr'><strong>oderam</strong></span> <span class='ocrx_word' id='word_1_67' title='bbox 1071 1095 1242 1150; x_wconf 90' lang='lat' dir='ltr'><strong>illos:</strong></span> 
     </span>
    </p>
   </div>
   <div class='ocr_carea' id='block_1_14' title="bbox 427 1167 1661 1224">
    <p class='ocr_par' dir='ltr' id='par_1_14' title="bbox 427 1167 1661 1224">
     <span class='ocr_line' id='line_1_16' title="bbox 427 1167 1661 1224; baseline -0.004 -2"><span class='ocrx_word' id='word_1_68' title='bbox 427 1169 653 1224; x_wconf 92' lang='lat' dir='ltr'><strong>inimici</strong></span> <span class='ocrx_word' id='word_1_69' title='bbox 685 1169 818 1224; x_wconf 85' lang='lat' dir='ltr'><strong>facti</strong></span> <span class='ocrx_word' id='word_1_70' title='bbox 852 1173 991 1224; x_wconf 87' lang='lat' dir='ltr'><strong>sunt</strong></span> <span class='ocrx_word' id='word_1_71' title='bbox 1022 1167 1190 1222; x_wconf 89' lang='lat' dir='ltr'><strong>mihi.</strong></span> <span class='ocrx_word' id='word_1_72' title='bbox 1635 1201 1661 1217; x_wconf 72' lang='lat'>.</span> 
     </span>
    </p>
   </div>
   <div class='ocr_carea' id='block_1_15' title="bbox 358 1240 1793 1322">
    <p class='ocr_par' dir='ltr' id='par_1_15' title="bbox 358 1240 1793 1322">
     <span class='ocr_line' id='line_1_17' title="bbox 358 1240 1793 1322; baseline -0.002 -26"><span class='ocrx_word' id='word_1_73' title='bbox 358 1241 632 1322; x_wconf 78' lang='lat' dir='ltr'><strong>Scrutare</strong></span> <span class='ocrx_word' id='word_1_74' title='bbox 663 1257 779 1309; x_wconf 89' lang='lat' dir='ltr'><strong>me,</strong></span> <span class='ocrx_word' id='word_1_75' title='bbox 806 1240 980 1322; x_wconf 79' lang='lat' dir='ltr'><strong>Deue,</strong></span> <span class='ocrx_word' id='word_1_76' title='bbox 1014 1243 1071 1294; x_wconf 89' lang='lat' dir='ltr'><strong>et</strong></span> <span class='ocrx_word' id='word_1_77' title='bbox 1093 1252 1379 1322; x_wconf 73' lang='lat' dir='ltr'><strong>cognosce</strong></span> <span class='ocrx_word' id='word_1_78' title='bbox 1412 1253 1511 1294; x_wconf 88' lang='lat' dir='ltr'><strong>cor</strong></span> <span class='ocrx_word' id='word_1_79' title='bbox 1543 1253 1742 1293; x_wconf 90' lang='lat' dir='ltr'><strong>meum</strong></span> <span class='ocrx_word' id='word_1_80' title='bbox 1778 1253 1793 1293; x_wconf 88' lang='lat'><strong>:</strong></span> 
     </span>
    </p>
   </div>
   <div class='ocr_carea' id='block_1_16' title="bbox 428 1309 1652 1384">
    <p class='ocr_par' dir='ltr' id='par_1_16' title="bbox 428 1309 1652 1384">
     <span class='ocr_line' id='line_1_18' title="bbox 428 1309 1652 1384; baseline 0 -18"><span class='ocrx_word' id='word_1_81' title='bbox 428 1312 611 1384; x_wconf 86' lang='lat' dir='ltr'><strong>proba</strong></span> <span class='ocrx_word' id='word_1_82' title='bbox 643 1327 758 1384; x_wconf 87' lang='lat' dir='ltr'><strong>me,</strong></span> <span class='ocrx_word' id='word_1_83' title='bbox 789 1317 847 1367; x_wconf 87' lang='lat' dir='ltr'><strong>et</strong></span> <span class='ocrx_word' id='word_1_84' title='bbox 876 1309 1022 1384; x_wconf 81' lang='lat' dir='ltr'><strong>scito</strong></span> <span class='ocrx_word' id='word_1_85' title='bbox 1058 1309 1443 1384; x_wconf 82' lang='lat' dir='ltr'><strong>cogitationes</strong></span> <span class='ocrx_word' id='word_1_86' title='bbox 1473 1326 1652 1366; x_wconf 87' lang='lat' dir='ltr'><strong>meas.</strong></span> 
     </span>
    </p>
   </div>
   <div class='ocr_carea' id='block_1_17' title="bbox 355 1382 1334 1451">
    <p class='ocr_par' dir='ltr' id='par_1_17' title="bbox 355 1382 1334 1451">
     <span class='ocr_line' id='line_1_19' title="bbox 355 1382 1334 1451; baseline 0 -13"><span class='ocrx_word' id='word_1_87' title='bbox 355 1382 586 1438; x_wconf 30' lang='lat' dir='ltr'><strong>Et‘vide</strong></span> <span class='ocrx_word' id='word_1_88' title='bbox 606 1383 655 1437; x_wconf 90' lang='lat' dir='ltr'><strong>si</strong></span> <span class='ocrx_word' id='word_1_89' title='bbox 685 1384 778 1439; x_wconf 88' lang='lat' dir='ltr'><strong>via</strong></span> <span class='ocrx_word' id='word_1_90' title='bbox 807 1383 926 1438; x_wconf 88' lang='lat' dir='ltr'><strong>doli</strong></span> <span class='ocrx_word' id='word_1_91' title='bbox 955 1382 1015 1436; x_wconf 91' lang='lat' dir='ltr'><strong>in</strong></span> <span class='ocrx_word' id='word_1_92' title='bbox 1050 1382 1146 1437; x_wconf 88' lang='lat' dir='ltr'><strong>me</strong></span> <span class='ocrx_word' id='word_1_93' title='bbox 1175 1388 1266 1438; x_wconf 88' lang='lat' dir='ltr'><strong>est</strong></span> <span class='ocrx_word' id='word_1_94' title='bbox 1292 1383 1334 1451; x_wconf 79' lang='grc'><strong>³,</strong></span> 
     </span>
    </p>
   </div>
   <div class='ocr_carea' id='block_1_18' title="bbox 425 1454 1310 1510">
    <p class='ocr_par' dir='ltr' id='par_1_18' title="bbox 425 1454 1310 1510">
     <span class='ocr_line' id='line_1_20' title="bbox 425 1454 1310 1510; baseline -0.002 0"><span class='ocrx_word' id='word_1_95' title='bbox 425 1461 486 1510; x_wconf 88' lang='lat' dir='ltr'><strong>et</strong></span> <span class='ocrx_word' id='word_1_96' title='bbox 513 1455 704 1510; x_wconf 86' lang='lat' dir='ltr'><strong>deduc</strong></span> <span class='ocrx_word' id='word_1_97' title='bbox 737 1471 831 1509; x_wconf 91' lang='lat' dir='ltr'><strong>me</strong></span> <span class='ocrx_word' id='word_1_98' title='bbox 861 1455 918 1509; x_wconf 90' lang='lat' dir='ltr'><strong>in</strong></span> <span class='ocrx_word' id='word_1_99' title='bbox 951 1454 1043 1508; x_wconf 87' lang='lat' dir='ltr'><strong>via</strong></span> <span class='ocrx_word' id='word_1_100' title='bbox 1074 1459 1310 1509; x_wconf 83' lang='lat' dir='ltr'><strong>aeterna.</strong></span> 
     </span>
    </p>
   </div>
   <div class='ocr_carea' id='block_1_19' title="bbox 351 1552 1819 1640">
    <p class='ocr_par' dir='ltr' id='par_1_19' title="bbox 351 1552 1819 1640">
     <span class='ocr_line' id='line_1_21' title="bbox 351 1552 1819 1640; baseline 0 -16"><span class='ocrx_word' id='word_1_101' title='bbox 351 1552 371 1624; x_wconf 83' lang='grc'>(</span> <span class='ocrx_word' id='word_1_102' title='bbox 619 1585 845 1626; x_wconf 76' lang='lat' dir='ltr'><strong>v1c&#39;rom</strong></span> <span class='ocrx_word' id='word_1_103' title='bbox 873 1571 895 1604; x_wconf 81' lang='grc'><strong>⁴</strong></span> <span class='ocrx_word' id='word_1_104' title='bbox 917 1585 1200 1625; x_wconf 73' lang='grc' dir='ltr'><strong>οΑΝΤιαωί</strong></span> <span class='ocrx_word' id='word_1_105' title='bbox 1236 1567 1598 1640; x_wconf 71' lang='grc' dir='ltr'><strong>(Ιι.ΡεΑιΜυε)</strong></span> <span class='ocrx_word' id='word_1_106' title='bbox 1628 1585 1819 1624; x_wconf 75' lang='grc' dir='ltr'><strong>οΑνω.</strong></span> 
     </span>
    </p>
   </div>
   <div class='ocr_carea' id='block_1_20' title="bbox 383 1665 1788 1750">
    <p class='ocr_par' dir='ltr' id='par_1_20' title="bbox 383 1665 1788 1750">
     <span class='ocr_line' id='line_1_22' title="bbox 383 1665 1788 1750; baseline -0.001 -28"><span class='ocrx_word' id='word_1_107' title='bbox 383 1665 564 1750; x_wconf 81' lang='lat' dir='ltr'><strong>CXL.)</strong></span> <span class='ocrx_word' id='word_1_108' title='bbox 591 1668 750 1750; x_wconf 39' lang='lat' dir='ltr'><strong>Erue.</strong></span> <span class='ocrx_word' id='word_1_109' title='bbox 772 1683 884 1748; x_wconf 89' lang='lat' dir='ltr'><strong>me,</strong></span> <span class='ocrx_word' id='word_1_110' title='bbox 919 1667 1186 1742; x_wconf 87' lang='lat' dir='ltr'><strong>Domine,</strong></span> <span class='ocrx_word' id='word_1_111' title='bbox 1216 1666 1287 1721; x_wconf 88' lang='lat' dir='ltr'><strong>ab</strong></span> <span class='ocrx_word' id='word_1_112' title='bbox 1319 1665 1558 1722; x_wconf 87' lang='lat' dir='ltr'><strong>homine</strong></span> <span class='ocrx_word' id='word_1_113' title='bbox 1590 1665 1740 1721; x_wconf 92' lang='lat' dir='ltr'><strong>malo</strong></span> <span class='ocrx_word' id='word_1_114' title='bbox 1775 1681 1788 1720; x_wconf 91' lang='lat'><strong>:</strong></span> 
     </span>
    </p>
   </div>
   <div class='ocr_carea' id='block_1_21' title="bbox 436 1753 1220 1809">
    <p class='ocr_par' dir='ltr' id='par_1_21' title="bbox 436 1753 1220 1809">
     <span class='ocr_line' id='line_1_23' title="bbox 436 1753 1220 1809; baseline -0.005 -13"><span class='ocrx_word' id='word_1_115' title='bbox 436 1758 468 1796; x_wconf 90' lang='lat' dir='ltr'><strong>a</strong></span> <span class='ocrx_word' id='word_1_116' title='bbox 501 1756 642 1795; x_wconf 83' lang='lat' dir='ltr'><strong>vms</strong></span> <span class='ocrx_word' id='word_1_117' title='bbox 673 1755 892 1809; x_wconf 75' lang='lat' dir='ltr'><strong>iniquis</strong></span> <span class='ocrx_word' id='word_1_118' title='bbox 917 1755 1082 1809; x_wconf 89' lang='lat' dir='ltr'><strong>serva</strong></span> <span class='ocrx_word' id='word_1_119' title='bbox 1107 1753 1220 1792; x_wconf 90' lang='lat' dir='ltr'><strong>me.</strong></span> 
     </span>
    </p>
   </div>
   <div class='ocr_carea' id='block_1_22' title="bbox 364 1808 1536 1882">
    <p class='ocr_par' dir='ltr' id='par_1_22' title="bbox 364 1808 1536 1882">
     <span class='ocr_line' id='line_1_24' title="bbox 364 1808 1536 1882; baseline -0.005 -13"><span class='ocrx_word' id='word_1_120' title='bbox 364 1812 472 1881; x_wconf 87' lang='lat' dir='ltr'><strong>Qui</strong></span> <span class='ocrx_word' id='word_1_121' title='bbox 504 1808 1196 1882; x_wconf 12' lang='lat' dir='ltr'><strong>cogitaveruntimalitias</strong></span> <span class='ocrx_word' id='word_1_122' title='bbox 1227 1810 1286 1864; x_wconf 91' lang='lat' dir='ltr'><strong>in</strong></span> <span class='ocrx_word' id='word_1_123' title='bbox 1317 1810 1490 1882; x_wconf 84' lang='lat' dir='ltr'><strong>corde</strong></span> <span class='ocrx_word' id='word_1_124' title='bbox 1524 1826 1536 1863; x_wconf 91' lang='lat'>:</span> 
     </span>
    </p>
   </div>
   <div class='ocr_carea' id='block_1_23' title="bbox 445 1881 1457 1952">
    <p class='ocr_par' dir='ltr' id='par_1_23' title="bbox 445 1881 1457 1952">
     <span class='ocr_line' id='line_1_25' title="bbox 445 1881 1457 1952; baseline -0.002 -13"><span class='ocrx_word' id='word_1_125' title='bbox 445 1881 687 1939; x_wconf 24' lang='lat' dir='ltr'><strong>tota’die</strong></span> <span class='ocrx_word' id='word_1_126' title='bbox 714 1881 928 1937; x_wconf 84' lang='lat' dir='ltr'><strong>versati</strong></span> <span class='ocrx_word' id='word_1_127' title='bbox 959 1887 1100 1938; x_wconf 89' lang='lat' dir='ltr'><strong>sunt</strong></span> <span class='ocrx_word' id='word_1_128' title='bbox 1132 1881 1187 1935; x_wconf 86' lang='lat' dir='ltr'><strong>in</strong></span> <span class='ocrx_word' id='word_1_129' title='bbox 1222 1881 1457 1952; x_wconf 66' lang='lat' dir='ltr'><strong>praeliis.</strong></span> 
     </span>
    </p>
   </div>
   <div class='ocr_carea' id='block_1_24' title="bbox 362 1952 1725 2034">
    <p class='ocr_par' dir='ltr' id='par_1_24' title="bbox 362 1952 1725 2034">
     <span class='ocr_line' id='line_1_26' title="bbox 362 1952 1725 2034; baseline -0.007 -21"><span class='ocrx_word' id='word_1_130' title='bbox 362 1958 728 2012; x_wconf 85' lang='lat' dir='ltr'><strong>Exacuerunt</strong></span> <span class='ocrx_word' id='word_1_131' title='bbox 756 1953 1014 2034; x_wconf 59' lang='lat' dir='ltr'><strong>linguem</strong></span> <span class='ocrx_word' id='word_1_132' title='bbox 1047 1969 1218 2034; x_wconf 78' lang='lat' dir='ltr'><strong>suam</strong></span> <span class='ocrx_word' id='word_1_133' title='bbox 1247 1952 1418 2034; x_wconf 81' lang='lat' dir='ltr'><strong>quasi</strong></span> <span class='ocrx_word' id='word_1_134' title='bbox 1448 1966 1687 2034; x_wconf 73' lang='lat' dir='ltr'><strong>serpens</strong></span> <span class='ocrx_word' id='word_1_135' title='bbox 1714 1968 1725 2005; x_wconf 92' lang='lat'>:</span> 
     </span>
    </p>
   </div>
   <div class='ocr_carea' id='block_1_25' title="bbox 430 2024 1832 2095">
    <p class='ocr_par' dir='ltr' id='par_1_25' title="bbox 430 2024 1832 2095">
     <span class='ocr_line' id='line_1_27' title="bbox 430 2024 1832 2095; baseline -0.005 -13"><span class='ocrx_word' id='word_1_136' title='bbox 430 2041 720 2082; x_wconf 84' lang='lat' dir='ltr'><strong>venenum</strong></span> <span class='ocrx_word' id='word_1_137' title='bbox 755 2024 978 2095; x_wconf 81' lang='lat' dir='ltr'><strong>aspidis</strong></span> <span class='ocrx_word' id='word_1_138' title='bbox 1004 2025 1115 2078; x_wconf 88' lang='lat' dir='ltr'><strong>sub</strong></span> <span class='ocrx_word' id='word_1_139' title='bbox 1146 2024 1319 2079; x_wconf 86' lang='lat' dir='ltr'><strong>labiis</strong></span> <span class='ocrx_word' id='word_1_140' title='bbox 1339 2039 1554 2079; x_wconf 88' lang='lat' dir='ltr'><strong>eorom.</strong></span> <span class='ocrx_word' id='word_1_141' title='bbox 1587 2024 1832 2078; x_wconf 70' lang='lat' dir='ltr'><strong>Saurea.</strong></span> 
     </span>
    </p>
   </div>
   <div class='ocr_carea' id='block_1_26' title="bbox 362 2095 1575 2166">
    <p class='ocr_par' dir='ltr' id='par_1_26' title="bbox 362 2095 1575 2166">
     <span class='ocr_line' id='line_1_28' title="bbox 362 2095 1575 2166; baseline -0.006 -11"><span class='ocrx_word' id='word_1_142' title='bbox 362 2098 609 2155; x_wconf 86' lang='lat' dir='ltr'><strong>Custodi</strong></span> <span class='ocrx_word' id='word_1_143' title='bbox 641 2112 755 2162; x_wconf 90' lang='lat' dir='ltr'><strong>me,</strong></span> <span class='ocrx_word' id='word_1_144' title='bbox 789 2097 1050 2164; x_wconf 86' lang='lat' dir='ltr'><strong>Domine,</strong></span> <span class='ocrx_word' id='word_1_145' title='bbox 1077 2097 1146 2150; x_wconf 90' lang='lat' dir='ltr'><strong>de</strong></span> <span class='ocrx_word' id='word_1_146' title='bbox 1177 2111 1356 2149; x_wconf 87' lang='lat' dir='ltr'><strong>manu</strong></span> <span class='ocrx_word' id='word_1_147' title='bbox 1386 2095 1575 2166; x_wconf 88' lang='lat' dir='ltr'><strong>impii,</strong></span> 
     </span>
    </p>
   </div>
   <div class='ocr_carea' id='block_1_27' title="bbox 440 2167 1407 2237">
    <p class='ocr_par' dir='ltr' id='par_1_27' title="bbox 440 2167 1407 2237">
     <span class='ocr_line' id='line_1_29' title="bbox 440 2167 1407 2237; baseline -0.005 -12"><span class='ocrx_word' id='word_1_148' title='bbox 440 2188 473 2226; x_wconf 82' lang='lat' dir='ltr'><strong>a</strong></span> <span class='ocrx_word' id='word_1_149' title='bbox 502 2169 626 2222; x_wconf 78' lang='lat' dir='ltr'><strong>viro</strong></span> <span class='ocrx_word' id='word_1_150' title='bbox 658 2167 1039 2237; x_wconf 88' lang='lat' dir='ltr'><strong>iniquitatum</strong></span> <span class='ocrx_word' id='word_1_151' title='bbox 1071 2183 1237 2223; x_wconf 86' lang='lat' dir='ltr'><strong>serva</strong></span> <span class='ocrx_word' id='word_1_152' title='bbox 1267 2181 1359 2220; x_wconf 90' lang='lat' dir='ltr'><strong>me</strong></span> <span class='ocrx_word' id='word_1_153' title='bbox 1393 2183 1407 2220; x_wconf 89' lang='lat'>:</span> 
     </span>
    </p>
   </div>
   <div class='ocr_carea' id='block_1_28' title="bbox 439 2237 1871 2312">
    <p class='ocr_par' dir='ltr' id='par_1_28' title="bbox 439 2237 1871 2312">
     <span class='ocr_line' id='line_1_30' title="bbox 439 2237 1871 2312; baseline -0.003 -17"><span class='ocrx_word' id='word_1_154' title='bbox 439 2240 541 2312; x_wconf 89' lang='lat' dir='ltr'><strong>qui</strong></span> <span class='ocrx_word' id='word_1_155' title='bbox 572 2239 977 2312; x_wconf 87' lang='lat' dir='ltr'><strong>cogitaverunt</strong></span> <span class='ocrx_word' id='word_1_156' title='bbox 1007 2237 1389 2312; x_wconf 78' lang='lat' dir='ltr'><strong>supplantare</strong></span> <span class='ocrx_word' id='word_1_157' title='bbox 1418 2252 1660 2312; x_wconf 76' lang='lat' dir='ltr'><strong>gressus</strong></span> <span class='ocrx_word' id='word_1_158' title='bbox 1690 2253 1871 2293; x_wconf 87' lang='lat' dir='ltr'><strong>meos.</strong></span> 
     </span>
    </p>
   </div>
   <div class='ocr_carea' id='block_1_29' title="bbox 369 2307 1588 2381">
    <p class='ocr_par' dir='ltr' id='par_1_29' title="bbox 369 2307 1588 2381">
     <span class='ocr_line' id='line_1_31' title="bbox 369 2307 1588 2381; baseline -0.006 -13"><span class='ocrx_word' id='word_1_159' title='bbox 369 2307 823 2368; x_wconf 73' lang='lat' dir='ltr'><strong>Abscondérunt</strong></span> <span class='ocrx_word' id='word_1_160' title='bbox 851 2307 1100 2381; x_wconf 73' lang='lat' dir='ltr'><strong>superbi</strong></span> <span class='ocrx_word' id='word_1_161' title='bbox 1118 2307 1394 2380; x_wconf 88' lang='lat' dir='ltr'><strong>laqueum</strong></span> <span class='ocrx_word' id='word_1_162' title='bbox 1420 2307 1588 2375; x_wconf 81' lang='lat' dir='ltr'><strong>mihi,</strong></span> 
     </span>
    </p>
   </div>
   <div class='ocr_carea' id='block_1_30' title="bbox 440 2382 1382 2437">
    <p class='ocr_par' dir='ltr' id='par_1_30' title="bbox 440 2382 1382 2437">
     <span class='ocr_line' id='line_1_32' title="bbox 440 2382 1382 2437; baseline -0.001 0"><span class='ocrx_word' id='word_1_163' title='bbox 440 2387 497 2437; x_wconf 89' lang='lat' dir='ltr'><strong>et</strong></span> <span class='ocrx_word' id='word_1_164' title='bbox 527 2382 768 2436; x_wconf 83' lang='lat' dir='ltr'><strong>funibus</strong></span> <span class='ocrx_word' id='word_1_165' title='bbox 798 2383 1185 2437; x_wconf 79' lang='lat' dir='ltr'><strong>extenderunt</strong></span> <span class='ocrx_word' id='word_1_166' title='bbox 1215 2385 1334 2434; x_wconf 87' lang='lat' dir='ltr'><strong>rete</strong></span> <span class='ocrx_word' id='word_1_167' title='bbox 1369 2396 1382 2436; x_wconf 90' lang='lat'><strong>:</strong></span> 
     </span>
    </p>
   </div>
   <div class='ocr_carea' id='block_1_31' title="bbox 428 2451 2005 2523">
    <p class='ocr_par' dir='ltr' id='par_1_31' title="bbox 428 2451 2005 2523">
     <span class='ocr_line' id='line_1_33' title="bbox 428 2451 2005 2523; baseline -0.001 -15"><span class='ocrx_word' id='word_1_168' title='bbox 428 2456 600 2523; x_wconf 87' lang='lat' dir='ltr'><strong>juxta</strong></span> <span class='ocrx_word' id='word_1_169' title='bbox 644 2454 918 2509; x_wconf 85' lang='lat' dir='ltr'><strong>semitam</strong></span> <span class='ocrx_word' id='word_1_170' title='bbox 964 2451 1386 2508; x_wconf 82' lang='lat' dir='ltr'><strong>oll‘endioulum</strong></span> <span class='ocrx_word' id='word_1_171' title='bbox 1455 2455 1782 2522; x_wconf 88' lang='lat' dir='ltr'><strong>posuerunt</strong></span> <span class='ocrx_word' id='word_1_172' title='bbox 1833 2451 2005 2507; x_wconf 86' lang='lat' dir='ltr'><strong>mihi.</strong></span> 
     </span>
    </p>
   </div>
   <div class='ocr_carea' id='block_1_32' title="bbox 442 2525 697 2580">
    <p class='ocr_par' dir='ltr' id='par_1_32' title="bbox 442 2525 697 2580">
     <span class='ocr_line' id='line_1_34' title="bbox 442 2525 697 2580; baseline -0.016 0"><span class='ocrx_word' id='word_1_173' title='bbox 442 2525 697 2580; x_wconf 71' lang='lat' dir='ltr'><strong>Samum.</strong></span> 
     </span>
    </p>
   </div>
   <div class='ocr_carea' id='block_1_33' title="bbox 367 2594 1442 2661">
    <p class='ocr_par' dir='ltr' id='par_1_33' title="bbox 367 2594 1442 2661">
     <span class='ocr_line' id='line_1_35' title="bbox 367 2594 1442 2661; baseline -0.004 -9"><span class='ocrx_word' id='word_1_174' title='bbox 367 2595 495 2652; x_wconf 88' lang='lat' dir='ltr'><strong>Dixi</strong></span> <span class='ocrx_word' id='word_1_175' title='bbox 529 2595 794 2661; x_wconf 87' lang='lat' dir='ltr'><strong>Domino,</strong></span> <span class='ocrx_word' id='word_1_176' title='bbox 827 2594 983 2649; x_wconf 89' lang='lat' dir='ltr'><strong>Deus</strong></span> <span class='ocrx_word' id='word_1_177' title='bbox 1013 2610 1179 2648; x_wconf 89' lang='lat' dir='ltr'><strong>meus</strong></span> <span class='ocrx_word' id='word_1_178' title='bbox 1204 2597 1294 2648; x_wconf 91' lang='lat' dir='ltr'><strong>est</strong></span> <span class='ocrx_word' id='word_1_179' title='bbox 1323 2597 1385 2647; x_wconf 90' lang='lat' dir='ltr'><strong>tu</strong></span> <span class='ocrx_word' id='word_1_180' title='bbox 1429 2610 1442 2648; x_wconf 92' lang='lat'><strong>:</strong></span> 
     </span>
    </p>
   </div>
   <div class='ocr_carea' id='block_1_34' title="bbox 436 2664 2014 2738">
    <p class='ocr_par' dir='ltr' id='par_1_34' title="bbox 436 2664 2014 2738">
     <span class='ocr_line' id='line_1_36' title="bbox 436 2664 2014 2738; baseline -0.003 -14"><span class='ocrx_word' id='word_1_181' title='bbox 436 2666 576 2724; x_wconf 87' lang='lat' dir='ltr'><strong>audi</strong></span> <span class='ocrx_word' id='word_1_182' title='bbox 597 2664 1488 2738; x_wconf 89' lang='lat' dir='ltr'><strong>(b.auribuspercipe),Domine,</strong></span> <span class='ocrx_word' id='word_1_183' title='bbox 1519 2680 1716 2722; x_wconf 87' lang='lat' dir='ltr'><strong>vocem</strong></span> <span class='ocrx_word' id='word_1_184' title='bbox 1739 2666 2014 2738; x_wconf 86' lang='lat' dir='ltr'><strong>depreca-</strong></span> 
     </span>
    </p>
   </div>
   <div class='ocr_carea' id='block_1_35' title="bbox 515 2738 890 2794">
    <p class='ocr_par' dir='ltr' id='par_1_35' title="bbox 515 2738 890 2794">
     <span class='ocr_line' id='line_1_37' title="bbox 515 2738 890 2794; baseline -0.008 0"><span class='ocrx_word' id='word_1_185' title='bbox 515 2738 696 2794; x_wconf 89' lang='lat' dir='ltr'><strong>tionis</strong></span> <span class='ocrx_word' id='word_1_186' title='bbox 727 2753 890 2792; x_wconf 68' lang='lat' dir='ltr'><strong>mete.</strong></span> 
     </span>
    </p>
   </div>
   <div class='ocr_carea' id='block_1_36' title="bbox 370 2807 1548 2872">
    <p class='ocr_par' dir='ltr' id='par_1_36' title="bbox 370 2807 1548 2872">
     <span class='ocr_line' id='line_1_38' title="bbox 370 2807 1548 2872; baseline -0.006 -4"><span class='ocrx_word' id='word_1_187' title='bbox 370 2811 611 2868; x_wconf 84' lang='lat' dir='ltr'><strong>Domine</strong></span> <span class='ocrx_word' id='word_1_188' title='bbox 637 2814 789 2865; x_wconf 87' lang='lat' dir='ltr'><strong>Deus</strong></span> <span class='ocrx_word' id='word_1_189' title='bbox 822 2808 1108 2864; x_wconf 86' lang='lat' dir='ltr'><strong>fortitudo</strong></span> <span class='ocrx_word' id='word_1_190' title='bbox 1140 2807 1351 2864; x_wconf 88' lang='lat' dir='ltr'><strong>salutis</strong></span> <span class='ocrx_word' id='word_1_191' title='bbox 1383 2823 1548 2872; x_wconf 81' lang='lat' dir='ltr'><strong>meae,</strong></span> 
     </span>
    </p>
   </div>
   <div class='ocr_carea' id='block_1_37' title="bbox 439 2879 1570 2954">
    <p class='ocr_par' dir='ltr' id='par_1_37' title="bbox 439 2879 1570 2954">
     <span class='ocr_line' id='line_1_39' title="bbox 439 2879 1570 2954; baseline -0.003 -18"><span class='ocrx_word' id='word_1_192' title='bbox 439 2881 743 2954; x_wconf 59' lang='lat' dir='ltr'><strong>protexisti</strong></span> <span class='ocrx_word' id='word_1_193' title='bbox 766 2884 948 2954; x_wconf 18' lang='lat' dir='ltr'><strong>caput,</strong></span> <span class='ocrx_word' id='word_1_194' title='bbox 974 2896 1166 2954; x_wconf 81' lang='lat' dir='ltr'><strong>meum</strong></span> <span class='ocrx_word' id='word_1_195' title='bbox 1189 2880 1253 2954; x_wconf 81' lang='lat' dir='ltr'><strong>in</strong></span> <span class='ocrx_word' id='word_1_196' title='bbox 1281 2879 1570 2954; x_wconf 75' lang='lat' dir='ltr'><strong>die__b_elli.</strong></span> 
     </span>
    </p>
   </div>
   <div class='ocr_carea' id='block_1_38' title="bbox 369 2950 1500 3022">
    <p class='ocr_par' dir='ltr' id='par_1_38' title="bbox 369 2950 1500 3022">
     <span class='ocr_line' id='line_1_40' title="bbox 369 2950 1500 3022; baseline -0.003 -13"><span class='ocrx_word' id='word_1_197' title='bbox 369 2950 598 3019; x_wconf 73' lang='lat' dir='ltr'><strong>Nedes,</strong></span> <span class='ocrx_word' id='word_1_198' title='bbox 622 2950 886 3019; x_wconf 78' lang='lat' dir='ltr'><strong>Domine,</strong></span> <span class='ocrx_word' id='word_1_199' title='bbox 919 2951 1211 3006; x_wconf 87' lang='lat' dir='ltr'><strong>desideria</strong></span> <span class='ocrx_word' id='word_1_200' title='bbox 1240 2950 1405 3022; x_wconf 89' lang='lat' dir='ltr'><strong>impii</strong></span> <span class='ocrx_word' id='word_1_201' title='bbox 1435 2952 1456 2986; x_wconf 82' lang='grc'><strong><em>⁵</em></strong></span> <span class='ocrx_word' id='word_1_202' title='bbox 1487 2969 1500 3006; x_wconf 89' lang='lat'><strong>:</strong></span> 
     </span>
    </p>
   </div>
   <div class='ocr_carea' id='block_1_39' title="bbox 439 3021 2089 3112">
    <p class='ocr_par' dir='ltr' id='par_1_39' title="bbox 439 3021 2089 3112">
     <span class='ocr_line' id='line_1_41' title="bbox 439 3021 2089 3112; baseline -0.001 -32"><span class='ocrx_word' id='word_1_203' title='bbox 439 3024 661 3080; x_wconf 89' lang='lat' dir='ltr'><strong>scelera</strong></span> <span class='ocrx_word' id='word_1_204' title='bbox 689 3024 818 3094; x_wconf 89' lang='lat' dir='ltr'><strong>ejus</strong></span> <span class='ocrx_word' id='word_1_205' title='bbox 849 3039 920 3078; x_wconf 90' lang='lat' dir='ltr'><strong>ne</strong></span> <span class='ocrx_word' id='word_1_206' title='bbox 950 3021 1349 3090; x_wconf 70' lang='lat' dir='ltr'><strong>effundantur,</strong></span> <span class='ocrx_word' id='word_1_207' title='bbox 1383 3027 1440 3078; x_wconf 91' lang='lat' dir='ltr'><strong>et</strong></span> <span class='ocrx_word' id='word_1_208' title='bbox 1485 3021 1806 3079; x_wconf 81' lang='lat' dir='ltr'><strong>elevantur.</strong></span> <span class='ocrx_word' id='word_1_209' title='bbox 1861 3023 2013 3079; x_wconf 68' lang='lat' dir='ltr'><strong>Ssu-</strong></span> <span class='ocrx_word' id='word_1_210' title='bbox 2046 3043 2089 3112; x_wconf 68' lang='grc' dir='ltr'><strong>ρ</strong></span> 
     </span>
    </p>
   </div>
   <div class='ocr_carea' id='block_1_40' title="bbox 515 3112 646 3150">
    <p class='ocr_par' dir='ltr' id='par_1_40' title="bbox 515 3112 646 3150">
     <span class='ocr_line' id='line_1_42' title="bbox 515 3112 646 3150; baseline 0 0"><span class='ocrx_word' id='word_1_211' title='bbox 515 3112 646 3150; x_wconf 82' lang='lat' dir='ltr'><strong>PER.</strong></span> 
     </span>
    </p>
   </div>
   <div class='ocr_carea' id='block_1_41' title="bbox 441 3164 1575 3222">
    <p class='ocr_par' dir='ltr' id='par_1_41' title="bbox 441 3164 1575 3222">
     <span class='ocr_line' id='line_1_43' title="bbox 441 3164 1575 3222; baseline -0.002 0"><span class='ocrx_word' id='word_1_212' title='bbox 441 3165 784 3222; x_wconf 82' lang='lat' dir='ltr'><strong>Amaritudo</strong></span> <span class='ocrx_word' id='word_1_213' title='bbox 804 3165 826 3199; x_wconf 75' lang='grc'>⁸</span> <span class='ocrx_word' id='word_1_214' title='bbox 857 3164 1229 3220; x_wconf 88' lang='lat' dir='ltr'><strong>convivarum</strong></span> <span class='ocrx_word' id='word_1_215' title='bbox 1263 3179 1526 3220; x_wconf 91' lang='lat' dir='ltr'><strong>meorum</strong></span> <span class='ocrx_word' id='word_1_216' title='bbox 1562 3181 1575 3219; x_wconf 91' lang='lat'>:</span> 
     </span>
    </p>
   </div>
   <div class='ocr_carea' id='block_1_42' title="bbox 440 3236 1320 3308">
    <p class='ocr_par' dir='ltr' id='par_1_42' title="bbox 440 3236 1320 3308">
     <span class='ocr_line' id='line_1_44' title="bbox 440 3236 1320 3308; baseline -0.002 -14"><span class='ocrx_word' id='word_1_217' title='bbox 440 3237 608 3294; x_wconf 88' lang='lat' dir='ltr'><strong>labor</strong></span> <span class='ocrx_word' id='word_1_218' title='bbox 634 3236 927 3292; x_wconf 88' lang='lat' dir='ltr'><strong>labiorum</strong></span> <span class='ocrx_word' id='word_1_219' title='bbox 959 3237 1179 3308; x_wconf 89' lang='lat' dir='ltr'><strong>operiet</strong></span> <span class='ocrx_word' id='word_1_220' title='bbox 1200 3251 1320 3306; x_wconf 85' lang='lat' dir='ltr'><strong>eos,</strong></span> 
     </span>
    </p>
   </div>
   <div class='ocr_carea' id='block_1_43' title="bbox 443 3308 1328 3379">
    <p class='ocr_par' dir='ltr' id='par_1_43' title="bbox 443 3308 1328 3379">
     <span class='ocr_line' id='line_1_45' title="bbox 443 3308 1328 3379; baseline -0.005 -12"><span class='ocrx_word' id='word_1_221' title='bbox 443 3311 664 3367; x_wconf 85' lang='lat' dir='ltr'><strong>Cadent</strong></span> <span class='ocrx_word' id='word_1_222' title='bbox 687 3325 874 3379; x_wconf 85' lang='lat' dir='ltr'><strong>super</strong></span> <span class='ocrx_word' id='word_1_223' title='bbox 893 3324 992 3364; x_wconf 90' lang='lat' dir='ltr'><strong>eos</strong></span> <span class='ocrx_word' id='word_1_224' title='bbox 1022 3308 1328 3379; x_wconf 84' lang='lat' dir='ltr'><strong>carbones,</strong></span> 
     </span>
    </p>
   </div>
   <div class='ocr_carea' id='block_1_44' title="bbox 447 3378 1154 3451">
    <p class='ocr_par' dir='ltr' id='par_1_44' title="bbox 447 3378 1154 3451">
     <span class='ocr_line' id='line_1_46' title="bbox 447 3378 1154 3451; baseline -0.003 -16"><span class='ocrx_word' id='word_1_225' title='bbox 447 3381 508 3436; x_wconf 92' lang='lat' dir='ltr'><strong>in</strong></span> <span class='ocrx_word' id='word_1_226' title='bbox 534 3381 732 3451; x_wconf 84' lang='lat' dir='ltr'><strong>ignem</strong></span> <span class='ocrx_word' id='word_1_227' title='bbox 765 3378 1003 3448; x_wconf 88' lang='lat' dir='ltr'><strong>dejicies</strong></span> <span class='ocrx_word' id='word_1_228' title='bbox 1033 3395 1154 3446; x_wconf 92' lang='lat' dir='ltr'><strong>eos,</strong></span> 
     </span>
    </p>
   </div>
   <div class='ocr_carea' id='block_1_45' title="bbox 446 3450 1461 3520">
    <p class='ocr_par' dir='ltr' id='par_1_45' title="bbox 446 3450 1461 3520">
     <span class='ocr_line' id='line_1_47' title="bbox 446 3450 1461 3520; baseline -0.003 -15"><span class='ocrx_word' id='word_1_229' title='bbox 446 3452 504 3505; x_wconf 87' lang='lat' dir='ltr'><strong>in</strong></span> <span class='ocrx_word' id='word_1_230' title='bbox 541 3450 755 3516; x_wconf 81' lang='lat' dir='ltr'><strong>foveas,</strong></span> <span class='ocrx_word' id='word_1_231' title='bbox 787 3456 854 3504; x_wconf 88' lang='lat' dir='ltr'><strong>ut</strong></span> <span class='ocrx_word' id='word_1_232' title='bbox 882 3466 996 3504; x_wconf 91' lang='lat' dir='ltr'><strong>non</strong></span> <span class='ocrx_word' id='word_1_233' title='bbox 1029 3453 1393 3520; x_wconf 83' lang='lat' dir='ltr'><strong>consurgant</strong></span> <span class='ocrx_word' id='word_1_234' title='bbox 1420 3450 1461 3502; x_wconf 78' lang='grc'>⁷.</span> 
     </span>
    </p>
   </div>
   <div class='ocr_carea' id='block_1_46' title="bbox 373 3520 1594 3593">
    <p class='ocr_par' dir='ltr' id='par_1_46' title="bbox 373 3520 1594 3593">
     <span class='ocr_line' id='line_1_48' title="bbox 373 3520 1594 3593; baseline -0.001 -18"><span class='ocrx_word' id='word_1_235' title='bbox 373 3520 476 3577; x_wconf 87' lang='lat' dir='ltr'><strong>Vir</strong></span> <span class='ocrx_word' id='word_1_236' title='bbox 506 3521 814 3593; x_wconf 84' lang='lat' dir='ltr'><strong>linguosus</strong></span> <span class='ocrx_word' id='word_1_237' title='bbox 838 3537 952 3576; x_wconf 91' lang='lat' dir='ltr'><strong>non</strong></span> <span class='ocrx_word' id='word_1_238' title='bbox 986 3520 1274 3593; x_wconf 78' lang='lat' dir='ltr'><strong>dirigetur</strong></span> <span class='ocrx_word' id='word_1_239' title='bbox 1302 3521 1360 3574; x_wconf 89' lang='lat' dir='ltr'><strong>in</strong></span> <span class='ocrx_word' id='word_1_240' title='bbox 1391 3526 1547 3593; x_wconf 86' lang='lat' dir='ltr'><strong>terra</strong></span> <span class='ocrx_word' id='word_1_241' title='bbox 1581 3537 1594 3574; x_wconf 91' lang='lat'><strong>:</strong></span> 
     </span>
    </p>
   </div>
   <div class='ocr_carea' id='block_1_47' title="bbox 443 3591 2020 3664">
    <p class='ocr_par' dir='ltr' id='par_1_47' title="bbox 443 3591 2020 3664">
     <span class='ocr_line' id='line_1_49' title="bbox 443 3591 2020 3664; baseline 0.001 -18"><span class='ocrx_word' id='word_1_242' title='bbox 443 3591 635 3647; x_wconf 82' lang='lat' dir='ltr'><strong>virum</strong></span> <span class='ocrx_word' id='word_1_243' title='bbox 664 3592 936 3664; x_wconf 86' lang='lat' dir='ltr'><strong>iniquum</strong></span> <span class='ocrx_word' id='word_1_244' title='bbox 960 3591 1117 3648; x_wconf 90' lang='lat' dir='ltr'><strong>mala</strong></span> <span class='ocrx_word' id='word_1_245' title='bbox 1147 3591 1378 3662; x_wconf 90' lang='lat' dir='ltr'><strong>capient</strong></span> <span class='ocrx_word' id='word_1_246' title='bbox 1407 3592 1513 3662; x_wconf 82' lang='lat' dir='ltr'><strong>(At.</strong></span> <span class='ocrx_word' id='word_1_247' title='bbox 1546 3591 1809 3664; x_wconf 87' lang='lat' dir='ltr'><strong>capiunt)</strong></span> <span class='ocrx_word' id='word_1_248' title='bbox 1832 3592 1888 3647; x_wconf 91' lang='lat' dir='ltr'><strong>in</strong></span> <span class='ocrx_word' id='word_1_249' title='bbox 1931 3593 2020 3648; x_wconf 89' lang='lat' dir='ltr'><strong>in-</strong></span> 
     </span>
    </p>
   </div>
   <div class='ocr_carea' id='block_1_48' title="bbox 445 3664 710 3720">
    <p class='ocr_par' dir='ltr' id='par_1_48' title="bbox 445 3664 710 3720">
     <span class='ocr_line' id='line_1_50' title="bbox 445 3664 710 3720; baseline -0.004 0"><span class='ocrx_word' id='word_1_250' title='bbox 445 3664 684 3720; x_wconf 88' lang='lat' dir='ltr'><strong>teritum</strong></span> <span class='ocrx_word' id='word_1_251' title='bbox 697 3707 710 3719; x_wconf 93' lang='lat'><strong>.</strong></span> 
     </span>
    </p>
   </div>
   <div class='ocr_carea' id='block_1_49' title="bbox 379 3732 2020 3808">
    <p class='ocr_par' dir='ltr' id='par_1_49' title="bbox 379 3732 2020 3808">
     <span class='ocr_line' id='line_1_51' title="bbox 379 3732 2020 3808; baseline -0.001 -16"><span class='ocrx_word' id='word_1_252' title='bbox 379 3735 509 3792; x_wconf 86' lang='lat' dir='ltr'><strong>Scio</strong></span> <span class='ocrx_word' id='word_1_253' title='bbox 532 3736 688 3808; x_wconf 92' lang='lat' dir='ltr'><strong>quod</strong></span> <span class='ocrx_word' id='word_1_254' title='bbox 720 3733 1008 3791; x_wconf 89' lang='lat' dir='ltr'><strong>Dominus</strong></span> <span class='ocrx_word' id='word_1_255' title='bbox 1040 3732 1176 3790; x_wconf 83' lang='lat' dir='ltr'><strong>facit</strong></span> <span class='ocrx_word' id='word_1_256' title='bbox 1231 3749 1472 3790; x_wconf 88' lang='lat' dir='ltr'><strong>causam</strong></span> <span class='ocrx_word' id='word_1_257' title='bbox 1525 3733 1740 3806; x_wconf 88' lang='lat' dir='ltr'><strong>inopis,</strong></span> <span class='ocrx_word' id='word_1_258' title='bbox 1791 3735 2020 3808; x_wconf 87' lang='lat' dir='ltr'><strong>judicia</strong></span> 
     </span>
    </p>
   </div>
   <div class='ocr_carea' id='block_1_50' title="bbox 512 3822 860 3878">
    <p class='ocr_par' dir='ltr' id='par_1_50' title="bbox 512 3822 860 3878">
     <span class='ocr_line' id='line_1_52' title="bbox 512 3822 860 3878; baseline -0.006 -15"><span class='ocrx_word' id='word_1_259' title='bbox 512 3822 860 3878; x_wconf 76' lang='lat' dir='ltr'><strong>pauperum.</strong></span> 
     </span>
    </p>
   </div>
   <div class='ocr_carea' id='block_1_51' title="bbox 369 3875 1679 3949">
    <p class='ocr_par' dir='ltr' id='par_1_51' title="bbox 369 3875 1679 3949">
     <span class='ocr_line' id='line_1_53' title="bbox 369 3875 1679 3949; baseline -0.001 -16"><span class='ocrx_word' id='word_1_260' title='bbox 369 3875 806 3949; x_wconf 45' lang='lat' dir='ltr'><strong>Attamen—justi</strong></span> <span class='ocrx_word' id='word_1_261' title='bbox 828 3877 1262 3949; x_wconf 81' lang='lat' dir='ltr'><strong>confitebuntur</strong></span> <span class='ocrx_word' id='word_1_262' title='bbox 1281 3875 1504 3931; x_wconf 86' lang='lat' dir='ltr'><strong>nomini</strong></span> <span class='ocrx_word' id='word_1_263' title='bbox 1536 3881 1636 3933; x_wconf 91' lang='lat' dir='ltr'><strong>tuo</strong></span> <span class='ocrx_word' id='word_1_264' title='bbox 1665 3894 1679 3932; x_wconf 88' lang='lat'><strong>:</strong></span> 
     </span>
    </p>
   </div>
   <div class='ocr_carea' id='block_1_52' title="bbox 440 3947 1480 4006">
    <p class='ocr_par' dir='ltr' id='par_1_52' title="bbox 440 3947 1480 4006">
     <span class='ocr_line' id='line_1_54' title="bbox 440 3947 1480 4006; baseline -0.001 -3"><span class='ocrx_word' id='word_1_265' title='bbox 440 3947 967 4006; x_wconf 82' lang='lat' dir='ltr'><strong>habitabunt-recti</strong></span> <span class='ocrx_word' id='word_1_266' title='bbox 1000 3965 1135 4004; x_wconf 88' lang='lat' dir='ltr'><strong>cum</strong></span> <span class='ocrx_word' id='word_1_267' title='bbox 1168 3947 1331 4003; x_wconf 88' lang='lat' dir='ltr'><strong>vultu</strong></span> <span class='ocrx_word' id='word_1_268' title='bbox 1358 3952 1480 4003; x_wconf 90' lang='lat' dir='ltr'><strong>tuo.</strong></span> 
     </span>
    </p>
   </div>
   <div class='ocr_carea' id='block_1_53' title="bbox 718 4065 1663 4136">
    <p class='ocr_par' dir='ltr' id='par_1_53' title="bbox 718 4065 1663 4136">
     <span class='ocr_line' id='line_1_55' title="bbox 718 4065 1663 4136; baseline 0 -16"><span class='ocrx_word' id='word_1_269' title='bbox 718 4081 1008 4121; x_wconf 78' lang='lat' dir='ltr'><strong>CANTICUM</strong></span> <span class='ocrx_word' id='word_1_270' title='bbox 1039 4065 1118 4136; x_wconf 87' lang='lat' dir='ltr'><strong>(h.</strong></span> <span class='ocrx_word' id='word_1_271' title='bbox 1151 4066 1430 4135; x_wconf 66' lang='lat' dir='ltr'><strong>pessmus)</strong></span> <span class='ocrx_word' id='word_1_272' title='bbox 1473 4082 1663 4120; x_wconf 62' lang='lat' dir='ltr'><strong>navm.</strong></span> 
     </span>
    </p>
   </div>
   <div class='ocr_carea' id='block_1_54' title="bbox 369 4161 1868 4236">
    <p class='ocr_par' dir='ltr' id='par_1_54' title="bbox 369 4161 1868 4236">
     <span class='ocr_line' id='line_1_56' title="bbox 369 4161 1868 4236; baseline -0.001 -16"><span class='ocrx_word' id='word_1_273' title='bbox 369 4163 609 4235; x_wconf 89' lang='lat' dir='ltr'><strong>(CXLI.)</strong></span> <span class='ocrx_word' id='word_1_274' title='bbox 642 4163 911 4236; x_wconf 83' lang='lat' dir='ltr'><strong>Domine,</strong></span> <span class='ocrx_word' id='word_1_275' title='bbox 947 4161 1195 4236; x_wconf 83' lang='lat' dir='ltr'><strong>clamavi</strong></span> <span class='ocrx_word' id='word_1_276' title='bbox 1215 4163 1286 4216; x_wconf 92' lang='lat' dir='ltr'><strong>ad</strong></span> <span class='ocrx_word' id='word_1_277' title='bbox 1316 4166 1394 4232; x_wconf 90' lang='lat' dir='ltr'><strong>te,</strong></span> <span class='ocrx_word' id='word_1_278' title='bbox 1429 4163 1644 4217; x_wconf 86' lang='lat' dir='ltr'><strong>festina</strong></span> <span class='ocrx_word' id='word_1_279' title='bbox 1676 4163 1822 4236; x_wconf 64' lang='lat' dir='ltr'><strong>mihi</strong></span> <span class='ocrx_word' id='word_1_280' title='bbox 1856 4181 1868 4218; x_wconf 88' lang='lat'><strong>:</strong></span> 
     </span>
    </p>
   </div>
   <div class='ocr_carea' id='block_1_55' title="bbox 443 4234 2018 4362">
    <p class='ocr_par' dir='ltr' id='par_1_55' title="bbox 443 4234 2018 4362">
     <span class='ocr_line' id='line_1_57' title="bbox 443 4234 2018 4361; baseline 0 -70"><span class='ocrx_word' id='word_1_281' title='bbox 443 4234 1008 4361; x_wconf 46' lang='lat' dir='ltr'><strong>exuudiéhiauribus</strong></span> <span class='ocrx_word' id='word_1_282' title='bbox 1043 4234 1293 4307; x_wconf 88' lang='lat' dir='ltr'><strong>percipe)</strong></span> <span class='ocrx_word' id='word_1_283' title='bbox 1321 4250 1518 4291; x_wconf 85' lang='lat' dir='ltr'><strong>vocem</strong></span> <span class='ocrx_word' id='word_1_284' title='bbox 1538 4251 1727 4291; x_wconf 89' lang='lat' dir='ltr'><strong>meam</strong></span> <span class='ocrx_word' id='word_1_285' title='bbox 1759 4234 2018 4293; x_wconf 81' lang='lat' dir='ltr'><strong>claman-</strong></span> 
     </span>
     <span class='ocr_line' id='line_1_58' title="bbox 541 4322 805 4362; baseline -0.004 -1"><span class='ocrx_word' id='word_1_286' title='bbox 541 4323 593 4362; x_wconf 76' lang='grc' dir='ltr'><strong>ιε</strong></span> <span class='ocrx_word' id='word_1_287' title='bbox 625 4323 659 4361; x_wconf 89' lang='lat' dir='ltr'><strong>a</strong></span> <span class='ocrx_word' id='word_1_288' title='bbox 753 4322 805 4362; x_wconf 91' lang='lat' dir='ltr'><strong>e.</strong></span> 
     </span>
    </p>
   </div>
   <div class='ocr_carea' id='block_1_56' title="bbox 1393 178 2724 241">
    <p class='ocr_par' dir='ltr' id='par_1_56' title="bbox 1393 178 2724 241">
     <span class='ocr_line' id='line_1_59' title="bbox 1393 178 2724 241; baseline -0.003 -1"><span class='ocrx_word' id='word_1_289' title='bbox 1393 189 1450 240; x_wconf 74' lang='grc' dir='ltr'><strong>Β.</strong></span> <span class='ocrx_word' id='word_1_290' title='bbox 1492 181 1900 239; x_wconf 83' lang='lat' dir='ltr'><strong>HIERONYMI</strong></span> <span class='ocrx_word' id='word_1_291' title='bbox 1938 178 2192 233; x_wconf 80' lang='lat' dir='ltr'><strong>DIVINA</strong></span> <span class='ocrx_word' id='word_1_292' title='bbox 2228 181 2724 241; x_wconf 81' lang='lat' dir='ltr'><strong>BIBLIOTHBCA.</strong></span> 
     </span>
    </p>
   </div>
   <div class='ocr_carea' id='block_1_57' title="bbox 2021 304 3756 387">
    <p class='ocr_par' dir='ltr' id='par_1_57' title="bbox 2021 304 3756 387">
     <span class='ocr_line' id='line_1_60' title="bbox 2021 304 3756 387; baseline 0.007 -28"><span class='ocrx_word' id='word_1_293' title='bbox 2021 307 2076 372; x_wconf 77' lang='grc' dir='ltr'><strong>Α</strong></span> <span class='ocrx_word' id='word_1_294' title='bbox 2108 304 2406 379; x_wconf 89' lang='lat' dir='ltr'><strong>Dirigatur</strong></span> <span class='ocrx_word' id='word_1_295' title='bbox 2448 311 2633 367; x_wconf 88' lang='lat' dir='ltr'><strong>oratio</strong></span> <span class='ocrx_word' id='word_1_296' title='bbox 2667 327 2800 368; x_wconf 90' lang='lat' dir='ltr'><strong>mea</strong></span> <span class='ocrx_word' id='word_1_297' title='bbox 2827 313 2980 369; x_wconf 81' lang='lat' dir='ltr'><strong>sicut</strong></span> <span class='ocrx_word' id='word_1_298' title='bbox 3008 313 3318 370; x_wconf 86' lang='lat' dir='ltr'><strong>incensum</strong></span> <span class='ocrx_word' id='word_1_299' title='bbox 3344 313 3406 368; x_wconf 91' lang='lat' dir='ltr'><strong>in</strong></span> <span class='ocrx_word' id='word_1_300' title='bbox 3438 319 3756 387; x_wconf 86' lang='lat' dir='ltr'><strong>conspectu</strong></span> 
     </span>
    </p>
   </div>
   <div class='ocr_carea' id='block_1_58' title="bbox 2042 1679 2092 1746">
    <p class='ocr_par' dir='ltr' id='par_1_58' title="bbox 2042 1679 2092 1746">
     <span class='ocr_line' id='line_1_61' title="bbox 2042 1679 2092 1746; baseline 0 0"><span class='ocrx_word' id='word_1_301' title='bbox 2042 1679 2092 1746; x_wconf 92' lang='lat' dir='ltr'><strong>B</strong></span> 
     </span>
    </p>
   </div>
   <div class='ocr_carea' id='block_1_59' title="bbox 3619 187 3754 244">
    <p class='ocr_par' dir='ltr' id='par_1_59' title="bbox 3619 187 3754 244">
     <span class='ocr_line' id='line_1_62' title="bbox 3619 187 3754 244; baseline 0.03 -4"><span class='ocrx_word' id='word_1_302' title='bbox 3619 187 3754 244; x_wconf 81' lang='grc'><strong>1300</strong></span> 
     </span>
    </p>
   </div>
   <div class='ocr_carea' id='block_1_60' title="bbox 2253 386 2400 436">
    <p class='ocr_par' dir='ltr' id='par_1_60' title="bbox 2253 386 2400 436">
     <span class='ocr_line' id='line_1_63' title="bbox 2253 386 2400 436; baseline 0.02 -3"><span class='ocrx_word' id='word_1_303' title='bbox 2253 386 2400 436; x_wconf 92' lang='lat' dir='ltr'><strong>tuo:</strong></span> 
     </span>
    </p>
   </div>
   <div class='ocr_carea' id='block_1_61' title="bbox 2178 449 3758 533">
    <p class='ocr_par' dir='ltr' id='par_1_61' title="bbox 2178 449 3758 533">
     <span class='ocr_line' id='line_1_64' title="bbox 2178 449 3758 533; baseline 0.005 -29"><span class='ocrx_word' id='word_1_304' title='bbox 2178 449 2419 533; x_wconf 77' lang='lat' dir='ltr'><strong>elevatio</strong></span> <span class='ocrx_word' id='word_1_305' title='bbox 2443 469 2727 533; x_wconf 82' lang='lat' dir='ltr'><strong>manuum</strong></span> <span class='ocrx_word' id='word_1_306' title='bbox 2764 455 3496 530; x_wconf 86' lang='lat' dir='ltr'><strong>mearum(h.palmarum)</strong></span> <span class='ocrx_word' id='word_1_307' title='bbox 3536 458 3758 514; x_wconf 83' lang='lat' dir='ltr'><strong>sacriﬁ-</strong></span> 
     </span>
    </p>
   </div>
   <div class='ocr_carea' id='block_1_62' title="bbox 2249 527 2886 596">
    <p class='ocr_par' dir='ltr' id='par_1_62' title="bbox 2249 527 2886 596">
     <span class='ocr_line' id='line_1_65' title="bbox 2249 527 2886 596; baseline 0.006 -20"><span class='ocrx_word' id='word_1_308' title='bbox 2249 527 2406 578; x_wconf 88' lang='lat' dir='ltr'><strong>cium</strong></span> <span class='ocrx_word' id='word_1_309' title='bbox 2438 527 2837 596; x_wconf 89' lang='lat' dir='ltr'><strong>vespertinum</strong></span> <span class='ocrx_word' id='word_1_310' title='bbox 2873 543 2886 581; x_wconf 93' lang='lat'><strong>:</strong></span> 
     </span>
    </p>
   </div>
   <div class='ocr_carea' id='block_1_63' title="bbox 2108 593 3272 664">
    <p class='ocr_par' dir='ltr' id='par_1_63' title="bbox 2108 593 3272 664">
     <span class='ocr_line' id='line_1_66' title="bbox 2108 593 3272 664; baseline 0.006 -18"><span class='ocrx_word' id='word_1_311' title='bbox 2108 593 2283 660; x_wconf 90' lang='lat' dir='ltr'><strong>Pone,</strong></span> <span class='ocrx_word' id='word_1_312' title='bbox 2317 593 2581 664; x_wconf 79' lang='lat' dir='ltr'><strong>Domine,</strong></span> <span class='ocrx_word' id='word_1_313' title='bbox 2613 598 2943 653; x_wconf 89' lang='lat' dir='ltr'><strong>custodiam</strong></span> <span class='ocrx_word' id='word_1_314' title='bbox 2983 597 3070 653; x_wconf 91' lang='lat' dir='ltr'><strong>ori</strong></span> <span class='ocrx_word' id='word_1_315' title='bbox 3105 614 3272 655; x_wconf 90' lang='lat' dir='ltr'><strong>meo:</strong></span> 
     </span>
    </p>
   </div>
   <div class='ocr_carea' id='block_1_64' title="bbox 2180 668 3423 738">
    <p class='ocr_par' dir='ltr' id='par_1_64' title="bbox 2180 668 3423 738">
     <span class='ocr_line' id='line_1_67' title="bbox 2180 668 3423 738; baseline 0.005 -17"><span class='ocrx_word' id='word_1_316' title='bbox 2180 680 2346 738; x_wconf 83' lang='lat' dir='ltr'><strong>serva</strong></span> <span class='ocrx_word' id='word_1_317' title='bbox 2378 673 2785 738; x_wconf 86' lang='lat' dir='ltr'><strong>paupertatem</strong></span> <span class='ocrx_word' id='word_1_318' title='bbox 2816 668 3106 726; x_wconf 85' lang='lat' dir='ltr'><strong>labiorum</strong></span> <span class='ocrx_word' id='word_1_319' title='bbox 3136 687 3423 728; x_wconf 90' lang='lat' dir='ltr'><strong>meorum.</strong></span> 
     </span>
    </p>
   </div>
   <div class='ocr_carea' id='block_1_65' title="bbox 2109 737 3467 811">
    <p class='ocr_par' dir='ltr' id='par_1_65' title="bbox 2109 737 3467 811">
     <span class='ocr_line' id='line_1_68' title="bbox 2109 737 3467 811; baseline 0.005 -20"><span class='ocrx_word' id='word_1_320' title='bbox 2109 737 2192 792; x_wconf 92' lang='lat' dir='ltr'><strong>Ne</strong></span> <span class='ocrx_word' id='word_1_321' title='bbox 2221 737 2481 811; x_wconf 81' lang='lat' dir='ltr'><strong>declines</strong></span> <span class='ocrx_word' id='word_1_322' title='bbox 2501 737 2607 795; x_wconf 82' lang='lat' dir='ltr'><strong>cor</strong></span> <span class='ocrx_word' id='word_1_323' title='bbox 2641 757 2835 797; x_wconf 89' lang='lat' dir='ltr'><strong>meum</strong></span> <span class='ocrx_word' id='word_1_324' title='bbox 2869 742 2928 796; x_wconf 90' lang='lat' dir='ltr'><strong>in</strong></span> <span class='ocrx_word' id='word_1_325' title='bbox 2958 742 3201 798; x_wconf 89' lang='lat' dir='ltr'><strong>verbum</strong></span> <span class='ocrx_word' id='word_1_326' title='bbox 3226 742 3467 811; x_wconf 87' lang='lat' dir='ltr'><strong>malum,</strong></span> 
     </span>
    </p>
   </div>
   <div class='ocr_carea' id='block_1_66' title="bbox 2179 808 3063 884">
    <p class='ocr_par' dir='ltr' id='par_1_66' title="bbox 2179 808 3063 884">
     <span class='ocr_line' id='line_1_69' title="bbox 2179 808 3063 884; baseline 0.007 -22"><span class='ocrx_word' id='word_1_327' title='bbox 2179 808 2408 884; x_wconf 88' lang='lat' dir='ltr'><strong>volvere</strong></span> <span class='ocrx_word' id='word_1_328' title='bbox 2434 812 2817 884; x_wconf 82' lang='lat' dir='ltr'><strong>cogitationes</strong></span> <span class='ocrx_word' id='word_1_329' title='bbox 2849 812 3063 884; x_wconf 88' lang='lat' dir='ltr'><strong>impias</strong></span> 
     </span>
    </p>
   </div>
   <div class='ocr_carea' id='block_1_67' title="bbox 2181 881 3350 955">
    <p class='ocr_par' dir='ltr' id='par_1_67' title="bbox 2181 881 3350 955">
     <span class='ocr_line' id='line_1_70' title="bbox 2181 881 3350 955; baseline 0.005 -21"><span class='ocrx_word' id='word_1_330' title='bbox 2181 896 2317 934; x_wconf 92' lang='lat' dir='ltr'><strong>cum</strong></span> <span class='ocrx_word' id='word_1_331' title='bbox 2347 881 2487 937; x_wconf 88' lang='lat' dir='ltr'><strong>viris</strong></span> <span class='ocrx_word' id='word_1_332' title='bbox 2509 881 2898 953; x_wconf 76' lang='lat' dir='ltr'><strong>operantibus</strong></span> <span class='ocrx_word' id='word_1_333' title='bbox 2929 881 3299 955; x_wconf 82' lang='lat' dir='ltr'><strong>iniquitatem</strong></span> <span class='ocrx_word' id='word_1_334' title='bbox 3337 901 3350 939; x_wconf 91' lang='lat'>:</span> 
     </span>
    </p>
   </div>
   <div class='ocr_carea' id='block_1_68' title="bbox 2185 955 3366 1023">
    <p class='ocr_par' dir='ltr' id='par_1_68' title="bbox 2185 955 3366 1023">
     <span class='ocr_line' id='line_1_71' title="bbox 2185 955 3366 1023; baseline 0.003 -18"><span class='ocrx_word' id='word_1_335' title='bbox 2185 968 2375 1023; x_wconf 89' lang='lat' dir='ltr'><strong>neque</strong></span> <span class='ocrx_word' id='word_1_336' title='bbox 2406 955 2710 1011; x_wconf 88' lang='lat' dir='ltr'><strong>comedere</strong></span> <span class='ocrx_word' id='word_1_337' title='bbox 2740 956 2798 1010; x_wconf 90' lang='lat' dir='ltr'><strong>in</strong></span> <span class='ocrx_word' id='word_1_338' title='bbox 2832 955 3060 1010; x_wconf 89' lang='lat' dir='ltr'><strong>deliciis</strong></span> <span class='ocrx_word' id='word_1_339' title='bbox 3091 957 3111 990; x_wconf 81' lang='grc'><strong>³</strong></span> <span class='ocrx_word' id='word_1_340' title='bbox 3141 971 3366 1011; x_wconf 89' lang='lat' dir='ltr'><strong>eorum.</strong></span> 
     </span>
    </p>
   </div>
   <div class='ocr_carea' id='block_1_69' title="bbox 2114 1023 3758 1101">
    <p class='ocr_par' dir='ltr' id='par_1_69' title="bbox 2114 1023 3758 1101">
     <span class='ocr_line' id='line_1_72' title="bbox 2114 1023 3758 1101; baseline 0.002 -22"><span class='ocrx_word' id='word_1_341' title='bbox 2114 1023 2400 1101; x_wconf 72' lang='lat' dir='ltr'><strong>Corripiat</strong></span> <span class='ocrx_word' id='word_1_342' title='bbox 2430 1041 2522 1080; x_wconf 89' lang='lat' dir='ltr'><strong>me</strong></span> <span class='ocrx_word' id='word_1_343' title='bbox 2543 1026 2746 1101; x_wconf 81' lang='lat' dir='ltr'><strong>justus</strong></span> <span class='ocrx_word' id='word_1_344' title='bbox 2777 1026 2836 1101; x_wconf 85' lang='lat' dir='ltr'><strong>in</strong></span> <span class='ocrx_word' id='word_1_345' title='bbox 2869 1027 3292 1101; x_wconf 86' lang='lat' dir='ltr'><strong>misericordia,</strong></span> <span class='ocrx_word' id='word_1_346' title='bbox 3321 1031 3379 1083; x_wconf 89' lang='lat' dir='ltr'><strong>et</strong></span> <span class='ocrx_word' id='word_1_347' title='bbox 3402 1032 3612 1101; x_wconf 82' lang='lat' dir='ltr'><strong>arguat</strong></span> <span class='ocrx_word' id='word_1_348' title='bbox 3641 1043 3758 1094; x_wconf 88' lang='lat' dir='ltr'><strong>me,</strong></span> 
     </span>
    </p>
   </div>
   <div class='ocr_carea' id='block_1_70' title="bbox 2187 1094 3758 1184">
    <p class='ocr_par' dir='ltr' id='par_1_70' title="bbox 2187 1094 3758 1184">
     <span class='ocr_line' id='line_1_73' title="bbox 2187 1094 3758 1184; baseline 0.004 -35"><span class='ocrx_word' id='word_1_349' title='bbox 2187 1094 2384 1184; x_wconf 46' lang='lat' dir='ltr'><strong>oleum.</strong></span> <span class='ocrx_word' id='word_1_350' title='bbox 2411 1094 2826 1184; x_wconf 67' lang='lat' dir='ltr'><strong>amaritudinis</strong></span> <span class='ocrx_word' id='word_1_351' title='bbox 2853 1115 2964 1154; x_wconf 93' lang='lat' dir='ltr'><strong>non</strong></span> <span class='ocrx_word' id='word_1_352' title='bbox 2990 1100 3322 1184; x_wconf 47' lang='lat' dir='ltr'><strong>impi&#39;nguet</strong></span> <span class='ocrx_word' id='word_1_353' title='bbox 3341 1094 3516 1171; x_wconf 56' lang='lat' dir='ltr'><strong>capn&#39;t</strong></span> <span class='ocrx_word' id='word_1_354' title='bbox 3535 1117 3758 1157; x_wconf 87' lang='lat' dir='ltr'><strong>meum:</strong></span> 
     </span>
    </p>
   </div>
   <div class='ocr_carea' id='block_1_71' title="bbox 2117 1166 3555 1241">
    <p class='ocr_par' dir='ltr' id='par_1_71' title="bbox 2117 1166 3555 1241">
     <span class='ocr_line' id='line_1_74' title="bbox 2117 1166 3555 1241; baseline 0.003 -19"><span class='ocrx_word' id='word_1_355' title='bbox 2117 1166 2486 1241; x_wconf 79' lang='lat' dir='ltr'><strong>Quiaadbuc</strong></span> <span class='ocrx_word' id='word_1_356' title='bbox 2516 1170 2701 1226; x_wconf 89' lang='lat' dir='ltr'><strong>oratio</strong></span> <span class='ocrx_word' id='word_1_357' title='bbox 2733 1186 2859 1226; x_wconf 88' lang='lat' dir='ltr'><strong>mea</strong></span> <span class='ocrx_word' id='word_1_358' title='bbox 2893 1187 2994 1241; x_wconf 92' lang='lat' dir='ltr'><strong>pro</strong></span> <span class='ocrx_word' id='word_1_359' title='bbox 3027 1166 3271 1228; x_wconf 56' lang='lat' dir='ltr'><strong>m&#39;alitiis</strong></span> <span class='ocrx_word' id='word_1_360' title='bbox 3300 1166 3504 1227; x_wconf 75' lang='lat' dir='ltr'><strong>eorum</strong></span> <span class='ocrx_word' id='word_1_361' title='bbox 3541 1189 3555 1226; x_wconf 94' lang='lat'>:</span> 
     </span>
    </p>
   </div>
   <div class='ocr_carea' id='block_1_72' title="bbox 2190 1238 3527 1313">
    <p class='ocr_par' dir='ltr' id='par_1_72' title="bbox 2190 1238 3527 1313">
     <span class='ocr_line' id='line_1_75' title="bbox 2190 1238 3527 1313; baseline 0.003 -19"><span class='ocrx_word' id='word_1_362' title='bbox 2190 1238 2408 1313; x_wconf 81' lang='lat' dir='ltr'><strong>sublati</strong></span> <span class='ocrx_word' id='word_1_363' title='bbox 2438 1244 2578 1295; x_wconf 90' lang='lat' dir='ltr'><strong>sunt</strong></span> <span class='ocrx_word' id='word_1_364' title='bbox 2601 1241 2766 1311; x_wconf 84' lang='lat' dir='ltr'><strong>juxta</strong></span> <span class='ocrx_word' id='word_1_365' title='bbox 2795 1238 3017 1313; x_wconf 72' lang='lat' dir='ltr'><strong>petram</strong></span> <span class='ocrx_word' id='word_1_366' title='bbox 3044 1243 3274 1313; x_wconf 86' lang='lat' dir='ltr'><strong>judices</strong></span> <span class='ocrx_word' id='word_1_367' title='bbox 3304 1259 3527 1306; x_wconf 88' lang='lat' dir='ltr'><strong>eorum,</strong></span> 
     </span>
    </p>
   </div>
   <div class='ocr_carea' id='block_1_73' title="bbox 2190 1310 3620 1384">
    <p class='ocr_par' dir='ltr' id='par_1_73' title="bbox 2190 1310 3620 1384">
     <span class='ocr_line' id='line_1_76' title="bbox 2190 1310 3620 1384; baseline 0.002 -19"><span class='ocrx_word' id='word_1_368' title='bbox 2190 1313 2247 1365; x_wconf 90' lang='lat' dir='ltr'><strong>et</strong></span> <span class='ocrx_word' id='word_1_369' title='bbox 2275 1310 2518 1384; x_wconf 86' lang='lat' dir='ltr'><strong>audient</strong></span> <span class='ocrx_word' id='word_1_370' title='bbox 2544 1310 2722 1368; x_wconf 77' lang='lat' dir='ltr'><strong>verba</strong></span> <span class='ocrx_word' id='word_1_371' title='bbox 2752 1310 3186 1384; x_wconf 78' lang='lat' dir='ltr'><strong>mea,quoniam</strong></span> <span class='ocrx_word' id='word_1_372' title='bbox 3217 1316 3428 1371; x_wconf 89' lang='lat' dir='ltr'><strong>decora</strong></span> <span class='ocrx_word' id='word_1_373' title='bbox 3455 1319 3620 1370; x_wconf 88' lang='lat' dir='ltr'><strong>sunt.</strong></span> 
     </span>
    </p>
   </div>
   <div class='ocr_carea' id='block_1_74' title="bbox 2121 1381 3281 1464">
    <p class='ocr_par' dir='ltr' id='par_1_74' title="bbox 2121 1381 3281 1464">
     <span class='ocr_line' id='line_1_77' title="bbox 2121 1381 3281 1464; baseline 0.003 -27"><span class='ocrx_word' id='word_1_374' title='bbox 2121 1381 2287 1464; x_wconf 64' lang='lat' dir='ltr'><strong>Sieut</strong></span> <span class='ocrx_word' id='word_1_375' title='bbox 2317 1381 2574 1464; x_wconf 75' lang='lat' dir='ltr'><strong>agricola</strong></span> <span class='ocrx_word' id='word_1_376' title='bbox 2605 1401 2741 1440; x_wconf 91' lang='lat' dir='ltr'><strong>cum</strong></span> <span class='ocrx_word' id='word_1_377' title='bbox 2770 1381 2989 1464; x_wconf 82' lang='lat' dir='ltr'><strong>scindit</strong></span> <span class='ocrx_word' id='word_1_378' title='bbox 3019 1391 3234 1464; x_wconf 83' lang='lat' dir='ltr'><strong>terram</strong></span> <span class='ocrx_word' id='word_1_379' title='bbox 3268 1404 3281 1441; x_wconf 90' lang='lat'><strong>:</strong></span> 
     </span>
    </p>
   </div>
   <div class='ocr_carea' id='block_1_75' title="bbox 2193 1453 3768 1597">
    <p class='ocr_par' dir='ltr' id='par_1_75' title="bbox 2193 1453 3768 1597">
     <span class='ocr_line' id='line_1_78' title="bbox 2193 1453 3768 1597; baseline 0.004 -89"><span class='ocrx_word' id='word_1_380' title='bbox 2193 1453 2288 1578; x_wconf 69' lang='lat' dir='ltr'><strong>Siti:</strong></span> <span class='ocrx_word' id='word_1_381' title='bbox 2319 1453 2505 1597; x_wconf 50' lang='lat' dir='ltr'><strong>(gisst</strong></span> <span class='ocrx_word' id='word_1_382' title='bbox 2524 1457 2618 1510; x_wconf 84' lang='lat' dir='ltr'><strong>ata</strong></span> <span class='ocrx_word' id='word_1_383' title='bbox 2646 1461 2787 1512; x_wconf 90' lang='lat' dir='ltr'><strong>sunt</strong></span> <span class='ocrx_word' id='word_1_384' title='bbox 2815 1473 2950 1513; x_wconf 89' lang='lat' dir='ltr'><strong>ossa</strong></span> <span class='ocrx_word' id='word_1_385' title='bbox 2979 1463 3179 1513; x_wconf 87' lang='lat' dir='ltr'><strong>nostra</strong></span> <span class='ocrx_word' id='word_1_386' title='bbox 3208 1460 3266 1514; x_wconf 90' lang='lat' dir='ltr'><strong>in</strong></span> <span class='ocrx_word' id='word_1_387' title='bbox 3289 1474 3387 1514; x_wconf 92' lang='lat' dir='ltr'><strong>ore</strong></span> <span class='ocrx_word' id='word_1_388' title='bbox 3416 1457 3633 1514; x_wconf 79' lang='lat' dir='ltr'><strong>inferni</strong></span> <span class='ocrx_word' id='word_1_389' title='bbox 3656 1458 3768 1529; x_wconf 74' lang='lat' dir='ltr'><strong>(At.</strong></span> 
     </span>
     <span class='ocr_line' id='line_1_79' title="bbox 2221 1541 2478 1597; baseline -0.004 -17"><span class='ocrx_word' id='word_1_390' title='bbox 2221 1595 2228 1597; x_wconf 95' lang='lat'>_</span> <span class='ocrx_word' id='word_1_391' title='bbox 2289 1541 2322 1580; x_wconf 91' lang='lat' dir='ltr'><strong>n</strong></span> <span class='ocrx_word' id='word_1_392' title='bbox 2353 1541 2436 1580; x_wconf 78' lang='lat' dir='ltr'><strong>eri</strong></span> <span class='ocrx_word' id='word_1_393' title='bbox 2465 1568 2478 1595; x_wconf 94' lang='lat'><strong>,</strong></span> 
     </span>
    </p>
   </div>
   <div class='ocr_carea' id='block_1_76' title="bbox 2265 1540 2478 1595">
    <p class='ocr_par' dir='ltr' id='par_1_76' title="bbox 2265 1540 2478 1595">
     <span class='ocr_line' id='line_1_80' title="bbox 2265 1540 2478 1595; baseline 0.005 -17"><span class='ocrx_word' id='word_1_394' title='bbox 2265 1540 2478 1595; x_wconf 78' lang='lat' dir='ltr'><strong>interi),</strong></span> 
     </span>
    </p>
   </div>
   <div class='ocr_carea' id='block_1_77' title="bbox 2125 1595 3326 1665">
    <p class='ocr_par' dir='ltr' id='par_1_77' title="bbox 2125 1595 3326 1665">
     <span class='ocr_line' id='line_1_81' title="bbox 2125 1595 3326 1665; baseline 0.007 -17"><span class='ocrx_word' id='word_1_395' title='bbox 2125 1595 2273 1661; x_wconf 88' lang='lat' dir='ltr'><strong>Quia</strong></span> <span class='ocrx_word' id='word_1_396' title='bbox 2303 1599 2370 1651; x_wconf 86' lang='lat' dir='ltr'><strong>ad</strong></span> <span class='ocrx_word' id='word_1_397' title='bbox 2405 1595 2480 1665; x_wconf 85' lang='lat' dir='ltr'><strong>te,</strong></span> <span class='ocrx_word' id='word_1_398' title='bbox 2513 1597 2756 1653; x_wconf 91' lang='lat' dir='ltr'><strong>Domine</strong></span> <span class='ocrx_word' id='word_1_399' title='bbox 2777 1597 2953 1664; x_wconf 83' lang='lat' dir='ltr'><strong>Deus,</strong></span> <span class='ocrx_word' id='word_1_400' title='bbox 2981 1598 3136 1656; x_wconf 85' lang='lat' dir='ltr'><strong>oculi</strong></span> <span class='ocrx_word' id='word_1_401' title='bbox 3168 1599 3280 1655; x_wconf 90' lang='lat' dir='ltr'><strong>mei</strong></span> <span class='ocrx_word' id='word_1_402' title='bbox 3313 1616 3326 1656; x_wconf 93' lang='lat'>:</span> 
     </span>
    </p>
   </div>
   <div class='ocr_carea' id='block_1_78' title="bbox 2196 1667 3523 1739">
    <p class='ocr_par' dir='ltr' id='par_1_78' title="bbox 2196 1667 3523 1739">
     <span class='ocr_line' id='line_1_82' title="bbox 2196 1667 3523 1739; baseline 0.004 -18"><span class='ocrx_word' id='word_1_403' title='bbox 2196 1667 2255 1721; x_wconf 90' lang='lat' dir='ltr'><strong>in</strong></span> <span class='ocrx_word' id='word_1_404' title='bbox 2288 1672 2344 1722; x_wconf 89' lang='lat' dir='ltr'><strong>te</strong></span> <span class='ocrx_word' id='word_1_405' title='bbox 2363 1670 2612 1739; x_wconf 86' lang='lat' dir='ltr'><strong>speravi,</strong></span> <span class='ocrx_word' id='word_1_406' title='bbox 2643 1686 2716 1725; x_wconf 90' lang='lat' dir='ltr'><strong>ne</strong></span> <span class='ocrx_word' id='word_1_407' title='bbox 2745 1686 2988 1726; x_wconf 88' lang='lat' dir='ltr'><strong>evacues</strong></span> <span class='ocrx_word' id='word_1_408' title='bbox 3021 1670 3275 1726; x_wconf 88' lang='lat' dir='ltr'><strong>animam</strong></span> <span class='ocrx_word' id='word_1_409' title='bbox 3309 1685 3523 1726; x_wconf 87' lang='lat' dir='ltr'><strong>meam.</strong></span> 
     </span>
    </p>
   </div>
   <div class='ocr_carea' id='block_1_79' title="bbox 2119 1737 3779 1816">
    <p class='ocr_par' dir='ltr' id='par_1_79' title="bbox 2119 1737 3779 1816">
     <span class='ocr_line' id='line_1_83' title="bbox 2119 1737 3779 1816; baseline 0.004 -23"><span class='ocrx_word' id='word_1_410' title='bbox 2119 1737 2360 1794; x_wconf 85' lang='lat' dir='ltr'><strong>Custodi</strong></span> <span class='ocrx_word' id='word_1_411' title='bbox 2388 1737 2480 1795; x_wconf 82' lang='lat' dir='ltr'><strong>me</strong></span> <span class='ocrx_word' id='word_1_412' title='bbox 2509 1742 2581 1796; x_wconf 91' lang='lat' dir='ltr'><strong>de</strong></span> <span class='ocrx_word' id='word_1_413' title='bbox 2613 1741 2887 1816; x_wconf 82' lang='lat' dir='ltr'><strong>manibus</strong></span> <span class='ocrx_word' id='word_1_414' title='bbox 2917 1742 3132 1814; x_wconf 88' lang='lat' dir='ltr'><strong>laquei,</strong></span> <span class='ocrx_word' id='word_1_415' title='bbox 3193 1758 3371 1814; x_wconf 87' lang='lat' dir='ltr'><strong>quem</strong></span> <span class='ocrx_word' id='word_1_416' title='bbox 3410 1744 3522 1816; x_wconf 77' lang='lat' dir='ltr'><strong>(At.</strong></span> <span class='ocrx_word' id='word_1_417' title='bbox 3584 1746 3779 1815; x_wconf 83' lang='lat' dir='ltr'><strong>quod)</strong></span> 
     </span>
    </p>
   </div>
   <div class='ocr_carea' id='block_1_80' title="bbox 2264 1813 2813 1882">
    <p class='ocr_par' dir='ltr' id='par_1_80' title="bbox 2264 1813 2813 1882">
     <span class='ocr_line' id='line_1_84' title="bbox 2264 1813 2813 1882; baseline 0.005 -17"><span class='ocrx_word' id='word_1_418' title='bbox 2264 1819 2589 1882; x_wconf 90' lang='lat' dir='ltr'><strong>posuerunt</strong></span> <span class='ocrx_word' id='word_1_419' title='bbox 2620 1813 2764 1867; x_wconf 90' lang='lat' dir='ltr'><strong>mibi</strong></span> <span class='ocrx_word' id='word_1_420' title='bbox 2799 1830 2813 1868; x_wconf 75' lang='grc' dir='ltr'><strong>ε</strong></span> 
     </span>
    </p>
   </div>
   <div class='ocr_carea' id='block_1_81' title="bbox 2191 1881 3504 1958">
    <p class='ocr_par' dir='ltr' id='par_1_81' title="bbox 2191 1881 3504 1958">
     <span class='ocr_line' id='line_1_85' title="bbox 2191 1881 3504 1958; baseline 0.006 -22"><span class='ocrx_word' id='word_1_421' title='bbox 2191 1881 2660 1958; x_wconf 73' lang='lat' dir='ltr'><strong>deoii‘endieulis</strong></span> <span class='ocrx_word' id='word_1_422' title='bbox 2687 1885 3053 1958; x_wconf 77' lang='lat' dir='ltr'><strong>operantium</strong></span> <span class='ocrx_word' id='word_1_423' title='bbox 3081 1885 3454 1958; x_wconf 88' lang='lat' dir='ltr'><strong>iniquitatem</strong></span> <span class='ocrx_word' id='word_1_424' title='bbox 3490 1904 3504 1944; x_wconf 90' lang='lat'>:</span> 
     </span>
    </p>
   </div>
   <div class='ocr_carea' id='block_1_82' title="bbox 2121 1952 3024 2027">
    <p class='ocr_par' dir='ltr' id='par_1_82' title="bbox 2121 1952 3024 2027">
     <span class='ocr_line' id='line_1_86' title="bbox 2121 1952 3024 2027; baseline 0.004 -20"><span class='ocrx_word' id='word_1_425' title='bbox 2121 1952 2388 2027; x_wconf 81' lang='lat' dir='ltr'><strong>Incident</strong></span> <span class='ocrx_word' id='word_1_426' title='bbox 2409 1955 2468 2010; x_wconf 90' lang='lat' dir='ltr'><strong>in</strong></span> <span class='ocrx_word' id='word_1_427' title='bbox 2501 1962 2619 2011; x_wconf 91' lang='lat' dir='ltr'><strong>rete</strong></span> <span class='ocrx_word' id='word_1_428' title='bbox 2648 1952 2777 2025; x_wconf 81' lang='lat' dir='ltr'><strong>ejus</strong></span> <span class='ocrx_word' id='word_1_429' title='bbox 2807 1955 2975 2027; x_wconf 90' lang='lat' dir='ltr'><strong>impii</strong></span> <span class='ocrx_word' id='word_1_430' title='bbox 3010 1972 3024 2011; x_wconf 90' lang='lat'>:</span> 
     </span>
    </p>
   </div>
   <div class='ocr_carea' id='block_1_83' title="bbox 2190 2025 3038 2098">
    <p class='ocr_par' dir='ltr' id='par_1_83' title="bbox 2190 2025 3038 2098">
     <span class='ocr_line' id='line_1_87' title="bbox 2190 2025 3038 2098; baseline 0.006 -19"><span class='ocrx_word' id='word_1_431' title='bbox 2190 2025 2365 2080; x_wconf 83' lang='lat' dir='ltr'><strong>simul</strong></span> <span class='ocrx_word' id='word_1_432' title='bbox 2397 2030 2591 2082; x_wconf 89' lang='lat' dir='ltr'><strong>autem</strong></span> <span class='ocrx_word' id='word_1_433' title='bbox 2624 2041 2728 2098; x_wconf 86' lang='lat' dir='ltr'><strong>ego</strong></span> <span class='ocrx_word' id='word_1_434' title='bbox 2755 2025 3038 2084; x_wconf 81' lang='lat' dir='ltr'><strong>transibo.</strong></span> 
     </span>
    </p>
   </div>
   <div class='ocr_carea' id='block_1_84' title="bbox 2119 2162 3776 2234">
    <p class='ocr_par' dir='ltr' id='par_1_84' title="bbox 2119 2162 3776 2234">
     <span class='ocr_line' id='line_1_88' title="bbox 2119 2162 3776 2234; baseline 0.005 -20"><span class='ocrx_word' id='word_1_435' title='bbox 2119 2176 2388 2216; x_wconf 72' lang='lat' dir='ltr'><strong>enunmo</strong></span> <span class='ocrx_word' id='word_1_436' title='bbox 2428 2177 2599 2216; x_wconf 63' lang='lat' dir='ltr'><strong>navm</strong></span> <span class='ocrx_word' id='word_1_437' title='bbox 2621 2162 2662 2230; x_wconf 70' lang='grc' dir='ltr'><strong>θ,</strong></span> <span class='ocrx_word' id='word_1_438' title='bbox 2702 2178 2824 2218; x_wconf 71' lang='lat' dir='ltr'><strong>cum</strong></span> <span class='ocrx_word' id='word_1_439' title='bbox 2879 2179 3048 2219; x_wconf 73' lang='lat' dir='ltr'><strong>essm</strong></span> <span class='ocrx_word' id='word_1_440' title='bbox 3086 2180 3143 2219; x_wconf 81' lang='lat' dir='ltr'><strong>IN</strong></span> <span class='ocrx_word' id='word_1_441' title='bbox 3182 2181 3496 2234; x_wconf 76' lang='lat' dir='ltr'><strong>SPELUNCA,</strong></span> <span class='ocrx_word' id='word_1_442' title='bbox 3534 2183 3776 2234; x_wconf 75' lang='lat' dir='ltr'><strong>ORATIO,</strong></span> 
     </span>
    </p>
   </div>
   <div class='ocr_carea' id='block_1_85' title="bbox 2120 2274 3487 2346">
    <p class='ocr_par' dir='ltr' id='par_1_85' title="bbox 2120 2274 3487 2346">
     <span class='ocr_line' id='line_1_89' title="bbox 2120 2274 3487 2346; baseline 0.004 -15"><span class='ocrx_word' id='word_1_443' title='bbox 2120 2274 2372 2346; x_wconf 84' lang='lat' dir='ltr'><strong>(CXLII.)</strong></span> <span class='ocrx_word' id='word_1_444' title='bbox 2401 2275 2555 2332; x_wconf 90' lang='lat' dir='ltr'><strong>Voce</strong></span> <span class='ocrx_word' id='word_1_445' title='bbox 2586 2292 2716 2331; x_wconf 88' lang='lat' dir='ltr'><strong>mea</strong></span> <span class='ocrx_word' id='word_1_446' title='bbox 2746 2278 2816 2332; x_wconf 92' lang='lat' dir='ltr'><strong>ad</strong></span> <span class='ocrx_word' id='word_1_447' title='bbox 2851 2277 3161 2334; x_wconf 88' lang='lat' dir='ltr'><strong>Dominum</strong></span> <span class='ocrx_word' id='word_1_448' title='bbox 3194 2279 3440 2336; x_wconf 84' lang='lat' dir='ltr'><strong>clamavi</strong></span> <span class='ocrx_word' id='word_1_449' title='bbox 3471 2295 3487 2336; x_wconf 91' lang='lat'><strong>:</strong></span> 
     </span>
    </p>
   </div>
   <div class='ocr_carea' id='block_1_86' title="bbox 2189 2348 3515 2408">
    <p class='ocr_par' dir='ltr' id='par_1_86' title="bbox 2189 2348 3515 2408">
     <span class='ocr_line' id='line_1_90' title="bbox 2189 2348 3515 2408; baseline 0.006 -9"><span class='ocrx_word' id='word_1_450' title='bbox 2189 2362 2327 2400; x_wconf 89' lang='lat' dir='ltr'><strong>voce</strong></span> <span class='ocrx_word' id='word_1_451' title='bbox 2358 2363 2488 2402; x_wconf 90' lang='lat' dir='ltr'><strong>mea</strong></span> <span class='ocrx_word' id='word_1_452' title='bbox 2534 2349 2605 2402; x_wconf 90' lang='lat' dir='ltr'><strong>ad</strong></span> <span class='ocrx_word' id='word_1_453' title='bbox 2642 2348 2955 2404; x_wconf 89' lang='lat' dir='ltr'><strong>Dominum</strong></span> <span class='ocrx_word' id='word_1_454' title='bbox 2987 2351 3332 2408; x_wconf 83' lang='lat' dir='ltr'><strong>deprecatus</strong></span> <span class='ocrx_word' id='word_1_455' title='bbox 3361 2368 3515 2407; x_wconf 84' lang='lat' dir='ltr'><strong>sum.</strong></span> 
     </span>
    </p>
   </div>
   <div class='ocr_carea' id='block_1_87' title="bbox 2121 2417 3613 2492">
    <p class='ocr_par' dir='ltr' id='par_1_87' title="bbox 2121 2417 3613 2492">
     <span class='ocr_line' id='line_1_91' title="bbox 2121 2417 3613 2492; baseline 0.004 -19"><span class='ocrx_word' id='word_1_456' title='bbox 2121 2417 2492 2492; x_wconf 74' lang='lat' dir='ltr'><strong>Effundamin</strong></span> <span class='ocrx_word' id='word_1_457' title='bbox 2521 2425 2840 2492; x_wconf 89' lang='lat' dir='ltr'><strong>conspectu</strong></span> <span class='ocrx_word' id='word_1_458' title='bbox 2871 2422 3001 2492; x_wconf 87' lang='lat' dir='ltr'><strong>ejus</strong></span> <span class='ocrx_word' id='word_1_459' title='bbox 3025 2417 3327 2492; x_wconf 89' lang='lat' dir='ltr'><strong>eloquium</strong></span> <span class='ocrx_word' id='word_1_460' title='bbox 3361 2440 3560 2480; x_wconf 83' lang='lat' dir='ltr'><strong>meum</strong></span> <span class='ocrx_word' id='word_1_461' title='bbox 3598 2441 3613 2479; x_wconf 89' lang='lat'><strong>:</strong></span> 
     </span>
    </p>
   </div>
   <div class='ocr_carea' id='block_1_88' title="bbox 2193 2489 3634 2551">
    <p class='ocr_par' dir='ltr' id='par_1_88' title="bbox 2193 2489 3634 2551">
     <span class='ocr_line' id='line_1_92' title="bbox 2193 2489 3634 2551; baseline 0.005 -7"><span class='ocrx_word' id='word_1_462' title='bbox 2193 2489 2638 2547; x_wconf 86' lang='lat' dir='ltr'><strong>tribulationem</strong></span> <span class='ocrx_word' id='word_1_463' title='bbox 2671 2489 2860 2548; x_wconf 82' lang='lat' dir='ltr'><strong>meam</strong></span> <span class='ocrx_word' id='word_1_464' title='bbox 2883 2489 3078 2548; x_wconf 77' lang='lat' dir='ltr'><strong>coram</strong></span> <span class='ocrx_word' id='word_1_465' title='bbox 3110 2489 3210 2550; x_wconf 77' lang='lat' dir='ltr'><strong>iilo</strong></span> <span class='ocrx_word' id='word_1_466' title='bbox 3240 2496 3634 2551; x_wconf 83' lang='lat' dir='ltr'><strong>annuntiabo.</strong></span> 
     </span>
    </p>
   </div>
   <div class='ocr_carea' id='block_1_89' title="bbox 2121 2559 3446 2636">
    <p class='ocr_par' dir='ltr' id='par_1_89' title="bbox 2121 2559 3446 2636">
     <span class='ocr_line' id='line_1_93' title="bbox 2121 2559 3446 2636; baseline 0.005 -21"><span class='ocrx_word' id='word_1_467' title='bbox 2121 2559 2268 2616; x_wconf 89' lang='lat' dir='ltr'><strong>Cum</strong></span> <span class='ocrx_word' id='word_1_468' title='bbox 2300 2565 2512 2636; x_wconf 81' lang='lat' dir='ltr'><strong>anxius</strong></span> <span class='ocrx_word' id='word_1_469' title='bbox 2533 2563 2707 2636; x_wconf 81' lang='lat' dir='ltr'><strong>fuerit</strong></span> <span class='ocrx_word' id='word_1_470' title='bbox 2735 2565 2794 2618; x_wconf 91' lang='lat' dir='ltr'><strong>in</strong></span> <span class='ocrx_word' id='word_1_471' title='bbox 2827 2581 2922 2620; x_wconf 90' lang='lat' dir='ltr'><strong>me</strong></span> <span class='ocrx_word' id='word_1_472' title='bbox 2951 2564 3195 2636; x_wconf 87' lang='lat' dir='ltr'><strong>spiritus</strong></span> <span class='ocrx_word' id='word_1_473' title='bbox 3228 2584 3397 2623; x_wconf 86' lang='lat' dir='ltr'><strong>meus</strong></span> <span class='ocrx_word' id='word_1_474' title='bbox 3431 2584 3446 2621; x_wconf 88' lang='lat'><strong><em>:</em></strong></span> 
     </span>
    </p>
   </div>
   <div class='ocr_carea' id='block_1_90' title="bbox 2193 2633 3160 2693">
    <p class='ocr_par' dir='ltr' id='par_1_90' title="bbox 2193 2633 3160 2693">
     <span class='ocr_line' id='line_1_94' title="bbox 2193 2633 3160 2693; baseline 0.006 -6"><span class='ocrx_word' id='word_1_475' title='bbox 2193 2637 2257 2687; x_wconf 89' lang='lat' dir='ltr'><strong>tu</strong></span> <span class='ocrx_word' id='word_1_476' title='bbox 2287 2633 2442 2687; x_wconf 89' lang='lat' dir='ltr'><strong>enim</strong></span> <span class='ocrx_word' id='word_1_477' title='bbox 2477 2634 2630 2690; x_wconf 87' lang='lat' dir='ltr'><strong>nosti</strong></span> <span class='ocrx_word' id='word_1_478' title='bbox 2663 2635 2935 2691; x_wconf 83' lang='lat' dir='ltr'><strong>semitam</strong></span> <span class='ocrx_word' id='word_1_479' title='bbox 2969 2633 3160 2693; x_wconf 87' lang='lat' dir='ltr'><strong>meam</strong></span> 
     </span>
    </p>
   </div>
   <div class='ocr_carea' id='block_1_91' title="bbox 2193 2703 3055 2776">
    <p class='ocr_par' dir='ltr' id='par_1_91' title="bbox 2193 2703 3055 2776">
     <span class='ocr_line' id='line_1_95' title="bbox 2193 2703 3055 2776; baseline 0.007 -19"><span class='ocrx_word' id='word_1_480' title='bbox 2193 2703 2253 2776; x_wconf 88' lang='lat' dir='ltr'><strong>in</strong></span> <span class='ocrx_word' id='word_1_481' title='bbox 2286 2703 2380 2760; x_wconf 89' lang='lat' dir='ltr'><strong>via</strong></span> <span class='ocrx_word' id='word_1_482' title='bbox 2411 2705 2536 2772; x_wconf 90' lang='lat' dir='ltr'><strong>hac,</strong></span> <span class='ocrx_word' id='word_1_483' title='bbox 2573 2723 2690 2774; x_wconf 88' lang='lat' dir='ltr'><strong>qua</strong></span> <span class='ocrx_word' id='word_1_484' title='bbox 2718 2706 3055 2776; x_wconf 89' lang='lat' dir='ltr'><strong>ambulabo,</strong></span> 
     </span>
    </p>
   </div>
   <div class='ocr_carea' id='block_1_92' title="bbox 2195 2774 3140 2850">
    <p class='ocr_par' dir='ltr' id='par_1_92' title="bbox 2195 2774 3140 2850">
     <span class='ocr_line' id='line_1_96' title="bbox 2195 2774 3140 2850; baseline 0.006 -21"><span class='ocrx_word' id='word_1_485' title='bbox 2195 2774 2632 2850; x_wconf 70' lang='lat' dir='ltr'><strong>absconderant</strong></span> <span class='ocrx_word' id='word_1_486' title='bbox 2661 2777 2938 2850; x_wconf 88' lang='lat' dir='ltr'><strong>laqueum</strong></span> <span class='ocrx_word' id='word_1_487' title='bbox 2972 2774 3140 2836; x_wconf 85' lang='lat' dir='ltr'><strong>mihi.</strong></span> 
     </span>
    </p>
   </div>
   <div class='ocr_carea' id='block_1_93' title="bbox 2127 2846 3063 2918">
    <p class='ocr_par' dir='ltr' id='par_1_93' title="bbox 2127 2846 3063 2918">
     <span class='ocr_line' id='line_1_97' title="bbox 2127 2846 3063 2918; baseline 0.005 -17"><span class='ocrx_word' id='word_1_488' title='bbox 2127 2846 2371 2918; x_wconf 82' lang='lat' dir='ltr'><strong>Respice</strong></span> <span class='ocrx_word' id='word_1_489' title='bbox 2402 2849 2472 2902; x_wconf 90' lang='lat' dir='ltr'><strong>ad</strong></span> <span class='ocrx_word' id='word_1_490' title='bbox 2501 2846 2819 2914; x_wconf 79' lang='lat' dir='ltr'><strong>dexteram,</strong></span> <span class='ocrx_word' id='word_1_491' title='bbox 2846 2853 2903 2905; x_wconf 86' lang='lat' dir='ltr'><strong>et</strong></span> <span class='ocrx_word' id='word_1_492' title='bbox 2927 2850 3063 2906; x_wconf 86' lang='lat' dir='ltr'><strong>vide</strong></span> 
     </span>
    </p>
   </div>
   <div class='ocr_carea' id='block_1_94' title="bbox 2196 2917 3208 2992">
    <p class='ocr_par' dir='ltr' id='par_1_94' title="bbox 2196 2917 3208 2992">
     <span class='ocr_line' id='line_1_98' title="bbox 2196 2917 3208 2992; baseline 0.007 -20"><span class='ocrx_word' id='word_1_493' title='bbox 2196 2917 2481 2992; x_wconf 77' lang='lat' dir='ltr'><strong>quianon</strong></span> <span class='ocrx_word' id='word_1_494' title='bbox 2505 2920 2580 2976; x_wconf 86' lang='lat' dir='ltr'><strong>sit</strong></span> <span class='ocrx_word' id='word_1_495' title='bbox 2609 2922 2706 2992; x_wconf 92' lang='lat' dir='ltr'><strong>qui</strong></span> <span class='ocrx_word' id='word_1_496' title='bbox 2732 2926 3046 2992; x_wconf 74' lang='lat' dir='ltr'><strong>cognoscat</strong></span> <span class='ocrx_word' id='word_1_497' title='bbox 3068 2937 3160 2978; x_wconf 89' lang='lat' dir='ltr'><strong>me</strong></span> <span class='ocrx_word' id='word_1_498' title='bbox 3193 2939 3208 2978; x_wconf 87' lang='lat'><strong>:</strong></span> 
     </span>
    </p>
   </div>
   <div class='ocr_carea' id='block_1_95' title="bbox 2129 2989 2680 3064">
    <p class='ocr_par' dir='ltr' id='par_1_95' title="bbox 2129 2989 2680 3064">
     <span class='ocr_line' id='line_1_99' title="bbox 2129 2989 2680 3064; baseline 0.007 -19"><span class='ocrx_word' id='word_1_499' title='bbox 2129 2989 2306 3045; x_wconf 85' lang='lat' dir='ltr'><strong>Periit</strong></span> <span class='ocrx_word' id='word_1_500' title='bbox 2334 2991 2474 3064; x_wconf 80' lang='lat' dir='ltr'><strong>fuga</strong></span> <span class='ocrx_word' id='word_1_501' title='bbox 2501 3009 2535 3048; x_wconf 89' lang='lat' dir='ltr'><strong>a</strong></span> <span class='ocrx_word' id='word_1_502' title='bbox 2565 2989 2680 3062; x_wconf 75' lang='lat' dir='ltr'><strong>me,</strong></span> 
     </span>
    </p>
   </div>
   <div class='ocr_carea' id='block_1_96' title="bbox 2198 3064 3424 3135">
    <p class='ocr_par' dir='ltr' id='par_1_96' title="bbox 2198 3064 3424 3135">
     <span class='ocr_line' id='line_1_100' title="bbox 2198 3064 3424 3135; baseline 0.003 -19"><span class='ocrx_word' id='word_1_503' title='bbox 2198 3065 2258 3116; x_wconf 89' lang='lat' dir='ltr'><strong>et</strong></span> <span class='ocrx_word' id='word_1_504' title='bbox 2285 3078 2400 3135; x_wconf 86' lang='lat' dir='ltr'><strong>non</strong></span> <span class='ocrx_word' id='word_1_505' title='bbox 2427 3069 2518 3119; x_wconf 90' lang='lat' dir='ltr'><strong>est</strong></span> <span class='ocrx_word' id='word_1_506' title='bbox 2545 3064 2646 3135; x_wconf 91' lang='lat' dir='ltr'><strong>qui</strong></span> <span class='ocrx_word' id='word_1_507' title='bbox 2671 3068 2894 3135; x_wconf 73' lang='lat' dir='ltr'><strong>quaerat</strong></span> <span class='ocrx_word' id='word_1_508' title='bbox 2921 3064 3181 3120; x_wconf 85' lang='lat' dir='ltr'><strong>animam</strong></span> <span class='ocrx_word' id='word_1_509' title='bbox 3214 3081 3424 3122; x_wconf 86' lang='lat' dir='ltr'><strong>meam.</strong></span> 
     </span>
    </p>
   </div>
   <div class='ocr_carea' id='block_1_97' title="bbox 2126 3131 3661 3210">
    <p class='ocr_par' dir='ltr' id='par_1_97' title="bbox 2126 3131 3661 3210">
     <span class='ocr_line' id='line_1_101' title="bbox 2126 3131 3661 3210; baseline 0.005 -22"><span class='ocrx_word' id='word_1_510' title='bbox 2126 3131 2384 3188; x_wconf 89' lang='lat' dir='ltr'><strong>Clamavi</strong></span> <span class='ocrx_word' id='word_1_511' title='bbox 2414 3136 2487 3190; x_wconf 90' lang='lat' dir='ltr'><strong>ad</strong></span> <span class='ocrx_word' id='word_1_512' title='bbox 2518 3131 2595 3210; x_wconf 76' lang='lat' dir='ltr'><strong>te,</strong></span> <span class='ocrx_word' id='word_1_513' title='bbox 2637 3131 2898 3200; x_wconf 82' lang='lat' dir='ltr'><strong>Domine,</strong></span> <span class='ocrx_word' id='word_1_514' title='bbox 2931 3137 3069 3210; x_wconf 83' lang='lat' dir='ltr'><strong>dixi,</strong></span> <span class='ocrx_word' id='word_1_515' title='bbox 3099 3140 3183 3192; x_wconf 90' lang='lat' dir='ltr'><strong>Tu</strong></span> <span class='ocrx_word' id='word_1_516' title='bbox 3215 3153 3277 3194; x_wconf 90' lang='lat' dir='ltr'><strong>es</strong></span> <span class='ocrx_word' id='word_1_517' title='bbox 3302 3153 3438 3210; x_wconf 88' lang='lat' dir='ltr'><strong>spes</strong></span> <span class='ocrx_word' id='word_1_518' title='bbox 3471 3152 3609 3193; x_wconf 83' lang='lat' dir='ltr'><strong>mea</strong></span> <span class='ocrx_word' id='word_1_519' title='bbox 3643 3155 3661 3195; x_wconf 89' lang='lat'><strong>:</strong></span> 
     </span>
    </p>
   </div>
   <div class='ocr_carea' id='block_1_98' title="bbox 2201 3207 3131 3274">
    <p class='ocr_par' dir='ltr' id='par_1_98' title="bbox 2201 3207 3131 3274">
     <span class='ocr_line' id='line_1_102' title="bbox 2201 3207 3131 3274; baseline 0.004 -16"><span class='ocrx_word' id='word_1_520' title='bbox 2201 3220 2338 3274; x_wconf 89' lang='lat' dir='ltr'><strong>pars</strong></span> <span class='ocrx_word' id='word_1_521' title='bbox 2360 3221 2492 3262; x_wconf 88' lang='lat' dir='ltr'><strong>mea</strong></span> <span class='ocrx_word' id='word_1_522' title='bbox 2515 3207 2573 3260; x_wconf 92' lang='lat' dir='ltr'><strong>in</strong></span> <span class='ocrx_word' id='word_1_523' title='bbox 2603 3211 2760 3262; x_wconf 88' lang='lat' dir='ltr'><strong>terra</strong></span> <span class='ocrx_word' id='word_1_524' title='bbox 2787 3209 3131 3264; x_wconf 87' lang='lat' dir='ltr'><strong>viventium.</strong></span> 
     </span>
    </p>
   </div>
   <div class='ocr_carea' id='block_1_99' title="bbox 2129 3276 3150 3361">
    <p class='ocr_par' dir='ltr' id='par_1_99' title="bbox 2129 3276 3150 3361">
     <span class='ocr_line' id='line_1_103' title="bbox 2129 3276 3150 3361; baseline 0.005 -32"><span class='ocrx_word' id='word_1_525' title='bbox 2129 3276 2404 3360; x_wconf 78' lang='lat' dir='ltr'><strong>Ausculta</strong></span> <span class='ocrx_word' id='word_1_526' title='bbox 2434 3279 2905 3361; x_wconf 77' lang='lat' dir='ltr'><strong>deprecationem</strong></span> <span class='ocrx_word' id='word_1_527' title='bbox 2938 3295 3150 3361; x_wconf 77' lang='lat' dir='ltr'><strong>meam,</strong></span> 
     </span>
    </p>
   </div>
   <div class='ocr_carea' id='block_1_100' title="bbox 2201 3348 3227 3417">
    <p class='ocr_par' dir='ltr' id='par_1_100' title="bbox 2201 3348 3227 3417">
     <span class='ocr_line' id='line_1_104' title="bbox 2201 3348 3227 3417; baseline 0.004 -15"><span class='ocrx_word' id='word_1_528' title='bbox 2201 3348 2475 3417; x_wconf 91' lang='lat' dir='ltr'><strong>quoniam</strong></span> <span class='ocrx_word' id='word_1_529' title='bbox 2509 3348 2846 3406; x_wconf 87' lang='lat' dir='ltr'><strong>infirmatus</strong></span> <span class='ocrx_word' id='word_1_530' title='bbox 2869 3366 3000 3406; x_wconf 90' lang='lat' dir='ltr'><strong>sum</strong></span> <span class='ocrx_word' id='word_1_531' title='bbox 3033 3350 3227 3407; x_wconf 85' lang='lat' dir='ltr'><strong>nimis.</strong></span> 
     </span>
    </p>
   </div>
   <div class='ocr_carea' id='block_1_101' title="bbox 2130 3416 3210 3492">
    <p class='ocr_par' dir='ltr' id='par_1_101' title="bbox 2130 3416 3210 3492">
     <span class='ocr_line' id='line_1_105' title="bbox 2130 3416 3210 3492; baseline 0.005 -19"><span class='ocrx_word' id='word_1_532' title='bbox 2130 3416 2333 3476; x_wconf 83' lang='lat' dir='ltr'><strong>Libera</strong></span> <span class='ocrx_word' id='word_1_533' title='bbox 2365 3437 2456 3476; x_wconf 90' lang='lat' dir='ltr'><strong>me</strong></span> <span class='ocrx_word' id='word_1_534' title='bbox 2486 3437 2519 3476; x_wconf 91' lang='lat' dir='ltr'><strong>a</strong></span> <span class='ocrx_word' id='word_1_535' title='bbox 2540 3421 3011 3492; x_wconf 87' lang='lat' dir='ltr'><strong>persecutoribus</strong></span> <span class='ocrx_word' id='word_1_536' title='bbox 3043 3422 3210 3491; x_wconf 90' lang='lat' dir='ltr'><strong>meis,</strong></span> 
     </span>
    </p>
   </div>
   <div class='ocr_carea' id='block_1_102' title="bbox 2199 3491 3338 3564">
    <p class='ocr_par' dir='ltr' id='par_1_102' title="bbox 2199 3491 3338 3564">
     <span class='ocr_line' id='line_1_106' title="bbox 2199 3491 3338 3564; baseline 0.004 -19"><span class='ocrx_word' id='word_1_537' title='bbox 2199 3491 2476 3559; x_wconf 90' lang='lat' dir='ltr'><strong>quoniam</strong></span> <span class='ocrx_word' id='word_1_538' title='bbox 2505 3491 2814 3549; x_wconf 81' lang='lat' dir='ltr'><strong>cenfortati</strong></span> <span class='ocrx_word' id='word_1_539' title='bbox 2845 3498 2986 3550; x_wconf 89' lang='lat' dir='ltr'><strong>sunt</strong></span> <span class='ocrx_word' id='word_1_540' title='bbox 3013 3510 3191 3564; x_wconf 89' lang='lat' dir='ltr'><strong>super</strong></span> <span class='ocrx_word' id='word_1_541' title='bbox 3220 3510 3338 3551; x_wconf 90' lang='lat' dir='ltr'><strong>me.</strong></span> 
     </span>
    </p>
   </div>
   <div class='ocr_carea' id='block_1_103' title="bbox 2125 3561 3175 3634">
    <p class='ocr_par' dir='ltr' id='par_1_103' title="bbox 2125 3561 3175 3634">
     <span class='ocr_line' id='line_1_107' title="bbox 2125 3561 3175 3634; baseline 0.005 -18"><span class='ocrx_word' id='word_1_542' title='bbox 2125 3561 2282 3617; x_wconf 87' lang='lat' dir='ltr'><strong>Educ</strong></span> <span class='ocrx_word' id='word_1_543' title='bbox 2312 3565 2383 3619; x_wconf 90' lang='lat' dir='ltr'><strong>de</strong></span> <span class='ocrx_word' id='word_1_544' title='bbox 2413 3581 2642 3619; x_wconf 87' lang='lat' dir='ltr'><strong>carcere</strong></span> <span class='ocrx_word' id='word_1_545' title='bbox 2671 3565 2927 3620; x_wconf 88' lang='lat' dir='ltr'><strong>animam</strong></span> <span class='ocrx_word' id='word_1_546' title='bbox 2960 3561 3175 3634; x_wconf 72' lang='lat' dir='ltr'><strong>meam,</strong></span> 
     </span>
    </p>
   </div>
   <div class='ocr_carea' id='block_1_104' title="bbox 2201 3637 3073 3692">
    <p class='ocr_par' dir='ltr' id='par_1_104' title="bbox 2201 3637 3073 3692">
     <span class='ocr_line' id='line_1_108' title="bbox 2201 3637 3073 3692; baseline 0.005 -4"><span class='ocrx_word' id='word_1_547' title='bbox 2201 3639 2266 3689; x_wconf 90' lang='lat' dir='ltr'><strong>ut</strong></span> <span class='ocrx_word' id='word_1_548' title='bbox 2294 3637 2641 3691; x_wconf 80' lang='lat' dir='ltr'><strong>confiteatur</strong></span> <span class='ocrx_word' id='word_1_549' title='bbox 2671 3637 2890 3692; x_wconf 90' lang='lat' dir='ltr'><strong>nomini</strong></span> <span class='ocrx_word' id='word_1_550' title='bbox 2924 3641 3024 3692; x_wconf 89' lang='lat' dir='ltr'><strong>tuo</strong></span> <span class='ocrx_word' id='word_1_551' title='bbox 3059 3652 3073 3691; x_wconf 89' lang='lat'><strong><em>:</em></strong></span> 
     </span>
    </p>
   </div>
   <div class='ocr_carea' id='block_1_105' title="bbox 2129 3705 2987 3776">
    <p class='ocr_par' dir='ltr' id='par_1_105' title="bbox 2129 3705 2987 3776">
     <span class='ocr_line' id='line_1_109' title="bbox 2129 3705 2987 3776; baseline 0.005 -18"><span class='ocrx_word' id='word_1_552' title='bbox 2129 3705 2191 3758; x_wconf 90' lang='lat' dir='ltr'><strong>In</strong></span> <span class='ocrx_word' id='word_1_553' title='bbox 2230 3722 2323 3762; x_wconf 89' lang='lat' dir='ltr'><strong>me</strong></span> <span class='ocrx_word' id='word_1_554' title='bbox 2352 3707 2793 3764; x_wconf 80' lang='lat' dir='ltr'><strong>coronabantur</strong></span> <span class='ocrx_word' id='word_1_555' title='bbox 2813 3708 2987 3776; x_wconf 89' lang='lat' dir='ltr'><strong>justi,</strong></span> 
     </span>
    </p>
   </div>
   <div class='ocr_carea' id='block_1_106' title="bbox 2198 3779 2899 3837">
    <p class='ocr_par' dir='ltr' id='par_1_106' title="bbox 2198 3779 2899 3837">
     <span class='ocr_line' id='line_1_110' title="bbox 2198 3779 2899 3837; baseline -0.003 -1"><span class='ocrx_word' id='word_1_556' title='bbox 2198 3795 2333 3837; x_wconf 88' lang='lat' dir='ltr'><strong>cum</strong></span> <span class='ocrx_word' id='word_1_557' title='bbox 2365 3779 2710 3835; x_wconf 88' lang='lat' dir='ltr'><strong>retribueris</strong></span> <span class='ocrx_word' id='word_1_558' title='bbox 2735 3779 2899 3835; x_wconf 88' lang='lat' dir='ltr'><strong>mihi.</strong></span> 
     </span>
    </p>
   </div>
   <div class='ocr_carea' id='block_1_107' title="bbox 2425 3911 3470 3984">
    <p class='ocr_par' dir='ltr' id='par_1_107' title="bbox 2425 3911 3470 3984">
     <span class='ocr_line' id='line_1_111' title="bbox 2425 3911 3470 3984; baseline 0 -16"><span class='ocrx_word' id='word_1_559' title='bbox 2425 3927 2715 3968; x_wconf 79' lang='lat' dir='ltr'><strong>CANTICUM</strong></span> <span class='ocrx_word' id='word_1_560' title='bbox 2754 3913 2835 3981; x_wconf 87' lang='lat' dir='ltr'><strong>(h.</strong></span> <span class='ocrx_word' id='word_1_561' title='bbox 2875 3911 3156 3984; x_wconf 77' lang='lat' dir='ltr'><strong>PSALMUB)</strong></span> <span class='ocrx_word' id='word_1_562' title='bbox 3194 3928 3364 3968; x_wconf 63' lang='lat' dir='ltr'><strong>navm</strong></span> <span class='ocrx_word' id='word_1_563' title='bbox 3407 3912 3470 3968; x_wconf 84' lang='grc'><strong>¹⁰.</strong></span> 
     </span>
    </p>
   </div>
   <div class='ocr_carea' id='block_1_108' title="bbox 2134 4027 3542 4103">
    <p class='ocr_par' dir='ltr' id='par_1_108' title="bbox 2134 4027 3542 4103">
     <span class='ocr_line' id='line_1_112' title="bbox 2134 4027 3542 4103; baseline 0 -19"><span class='ocrx_word' id='word_1_564' title='bbox 2134 4027 2425 4103; x_wconf 54' lang='lat' dir='ltr'><strong>(CXLIIL)</strong></span> <span class='ocrx_word' id='word_1_565' title='bbox 2448 4028 2713 4103; x_wconf 81' lang='lat' dir='ltr'><strong>Domine.</strong></span> <span class='ocrx_word' id='word_1_566' title='bbox 2746 4028 2951 4103; x_wconf 58' lang='lat' dir='ltr'><strong>exaudi</strong></span> <span class='ocrx_word' id='word_1_567' title='bbox 2973 4029 3296 4103; x_wconf 83' lang='lat' dir='ltr'><strong>orationem</strong></span> <span class='ocrx_word' id='word_1_568' title='bbox 3328 4044 3542 4103; x_wconf 85' lang='lat' dir='ltr'><strong>meam,</strong></span> 
     </span>
    </p>
   </div>
   <div class='ocr_carea' id='block_1_109' title="bbox 2195 4098 3806 4173">
    <p class='ocr_par' dir='ltr' id='par_1_109' title="bbox 2195 4098 3806 4173">
     <span class='ocr_line' id='line_1_113' title="bbox 2195 4098 3806 4173; baseline 0.002 -17"><span class='ocrx_word' id='word_1_569' title='bbox 2195 4098 2601 4173; x_wconf 89' lang='lat' dir='ltr'><strong>ausculta_(h.</strong></span> <span class='ocrx_word' id='word_1_570' title='bbox 2681 4100 2925 4173; x_wconf 81' lang='lat' dir='ltr'><strong>auribus</strong></span> <span class='ocrx_word' id='word_1_571' title='bbox 3007 4100 3260 4173; x_wconf 87' lang='lat' dir='ltr'><strong>percipe)</strong></span> <span class='ocrx_word' id='word_1_572' title='bbox 3317 4100 3806 4173; x_wconf 85' lang='lat' dir='ltr'><strong>deprecationem</strong></span> 
     </span>
    </p>
   </div>
   <div class='ocr_carea' id='block_1_110' title="bbox 2267 4171 3052 4238">
    <p class='ocr_par' dir='ltr' id='par_1_110' title="bbox 2267 4171 3052 4238">
     <span class='ocr_line' id='line_1_114' title="bbox 2267 4171 3052 4238; baseline 0.004 -12"><span class='ocrx_word' id='word_1_573' title='bbox 2267 4187 2456 4226; x_wconf 86' lang='lat' dir='ltr'><strong>meam</strong></span> <span class='ocrx_word' id='word_1_574' title='bbox 2489 4171 2546 4226; x_wconf 89' lang='lat' dir='ltr'><strong>in</strong></span> <span class='ocrx_word' id='word_1_575' title='bbox 2575 4172 2817 4226; x_wconf 87' lang='lat' dir='ltr'><strong>veritate</strong></span> <span class='ocrx_word' id='word_1_576' title='bbox 2852 4176 2978 4238; x_wconf 90' lang='lat' dir='ltr'><strong>tua;</strong></span> <span class='ocrx_word' id='word_1_577' title='bbox 3010 4171 3052 4229; x_wconf 54' lang='grc' dir='ltr'>ί</span> 
     </span>
    </p>
   </div>
   <div class='ocr_carea' id='block_1_111' title="bbox 2197 4242 3098 4313">
    <p class='ocr_par' dir='ltr' id='par_1_111' title="bbox 2197 4242 3098 4313">
     <span class='ocr_line' id='line_1_115' title="bbox 2197 4242 3098 4313; baseline -0.002 -14"><span class='ocrx_word' id='word_1_578' title='bbox 2197 4243 2404 4299; x_wconf 83' lang='lat' dir='ltr'><strong>exaudi</strong></span> <span class='ocrx_word' id='word_1_579' title='bbox 2441 4259 2528 4298; x_wconf 89' lang='lat' dir='ltr'><strong>me</strong></span> <span class='ocrx_word' id='word_1_580' title='bbox 2551 4242 2863 4313; x_wconf 87' lang='lat' dir='ltr'><strong>injustitia</strong></span> <span class='ocrx_word' id='word_1_581' title='bbox 2896 4247 2999 4298; x_wconf 90' lang='lat' dir='ltr'><strong>tua</strong></span> <span class='ocrx_word' id='word_1_582' title='bbox 3034 4245 3098 4297; x_wconf 69' lang='grc' dir='ltr'><strong>ιι.</strong></span> 
     </span>
    </p>
   </div>
   <div class='ocr_carea' id='block_1_112' title="bbox 2126 4314 3651 4386">
    <p class='ocr_par' dir='ltr' id='par_1_112' title="bbox 2126 4314 3651 4386">
     <span class='ocr_line' id='line_1_116' title="bbox 2126 4314 3651 4386; baseline 0 -14"><span class='ocrx_word' id='word_1_583' title='bbox 2126 4315 2196 4372; x_wconf 85' lang='lat' dir='ltr'><strong>Et</strong></span> <span class='ocrx_word' id='word_1_584' title='bbox 2226 4332 2341 4370; x_wconf 91' lang='lat' dir='ltr'><strong>non</strong></span> <span class='ocrx_word' id='word_1_585' title='bbox 2372 4314 2570 4370; x_wconf 89' lang='lat' dir='ltr'><strong>venias</strong></span> <span class='ocrx_word' id='word_1_586' title='bbox 2592 4316 2663 4370; x_wconf 89' lang='lat' dir='ltr'><strong>ad</strong></span> <span class='ocrx_word' id='word_1_587' title='bbox 2689 4315 3084 4386; x_wconf 87' lang='lat' dir='ltr'><strong>judicandum</strong></span> <span class='ocrx_word' id='word_1_588' title='bbox 3127 4329 3263 4370; x_wconf 88' lang='lat' dir='ltr'><strong>cum</strong></span> <span class='ocrx_word' id='word_1_589' title='bbox 3295 4330 3462 4371; x_wconf 87' lang='lat' dir='ltr'><strong>servo</strong></span> <span class='ocrx_word' id='word_1_590' title='bbox 3495 4317 3601 4371; x_wconf 89' lang='lat' dir='ltr'><strong>tuo</strong></span> <span class='ocrx_word' id='word_1_591' title='bbox 3636 4332 3651 4372; x_wconf 88' lang='lat'><strong>:</strong></span> 
     </span>
    </p>
   </div>
   <div class='ocr_carea' id='block_1_113' title="bbox 377 4500 3808 4584">
    <p class='ocr_par' dir='ltr' id='par_1_113' title="bbox 377 4500 3808 4584">
     <span class='ocr_line' id='line_1_117' title="bbox 377 4500 3808 4584; baseline 0.005 -28"><span class='ocrx_word' id='word_1_592' title='bbox 377 4501 530 4571; x_wconf 89' lang='lat' dir='ltr'><strong>quod</strong></span> <span class='ocrx_word' id='word_1_593' title='bbox 565 4501 850 4584; x_wconf 9' lang='lat' dir='ltr'><strong>etemagis</strong></span> <span class='ocrx_word' id='word_1_594' title='bbox 879 4500 1311 4584; x_wconf 29' lang='lat' dir='ltr'><strong>coheredum;</strong></span> <span class='ocrx_word' id='word_1_595' title='bbox 1366 4501 1606 4584; x_wconf 77' lang='lat' dir='ltr'><strong>Cister_e.</strong></span> <span class='ocrx_word' id='word_1_596' title='bbox 1628 4502 1787 4584; x_wconf 86' lang='lat' dir='ltr'><strong>_plus</strong></span> <span class='ocrx_word' id='word_1_597' title='bbox 1827 4503 2022 4584; x_wconf 78' lang='lat' dir='ltr'><strong>habet,</strong></span> <span class='ocrx_word' id='word_1_598' title='bbox 2059 4519 2104 4584; x_wconf 78' lang='grc' dir='ltr'><strong>ι)</strong></span> <span class='ocrx_word' id='word_1_599' title='bbox 2133 4566 2144 4584; x_wconf 48' lang='grc' dir='ltr'><strong><em>ο</em></strong></span> <span class='ocrx_word' id='word_1_600' title='bbox 2203 4511 2225 4546; x_wconf 75' lang='grc' dir='ltr'>θ</span> <span class='ocrx_word' id='word_1_601' title='bbox 2257 4511 2550 4576; x_wconf 84' lang='lat' dir='ltr'><strong>Quantum</strong></span> <span class='ocrx_word' id='word_1_602' title='bbox 2583 4508 2704 4565; x_wconf 89' lang='lat' dir='ltr'><strong>scio</strong></span> <span class='ocrx_word' id='word_1_603' title='bbox 2734 4509 2903 4565; x_wconf 88' lang='lat' dir='ltr'><strong>aliter</strong></span> <span class='ocrx_word' id='word_1_604' title='bbox 2931 4508 3207 4565; x_wconf 76' lang='lat' dir='ltr'><strong>Hebrzeus</strong></span> <span class='ocrx_word' id='word_1_605' title='bbox 3241 4508 3416 4565; x_wconf 84' lang='lat' dir='ltr'><strong>habet</strong></span> <span class='ocrx_word' id='word_1_606' title='bbox 3463 4517 3612 4571; x_wconf 62' lang='lat' dir='ltr'><strong>una</strong></span> <span class='ocrx_word' id='word_1_607' title='bbox 3651 4525 3808 4578; x_wconf 61' lang='lat' dir='ltr'><strong>Ern</strong></span> 
     </span>
    </p>
   </div>
   <div class='ocr_carea' id='block_1_114' title="bbox 375 4573 2024 4644">
    <p class='ocr_par' dir='ltr' id='par_1_114' title="bbox 375 4573 2024 4644">
     <span class='ocr_line' id='line_1_118' title="bbox 375 4573 2024 4644; baseline 0.003 -16"><span class='ocrx_word' id='word_1_608' title='bbox 375 4589 482 4628; x_wconf 79' lang='lat' dir='ltr'><strong>non</strong></span> <span class='ocrx_word' id='word_1_609' title='bbox 515 4583 592 4628; x_wconf 82' lang='lat' dir='ltr'><strong>est</strong></span> <span class='ocrx_word' id='word_1_610' title='bbox 621 4573 726 4627; x_wconf 81' lang='lat' dir='ltr'><strong>tibi</strong></span> <span class='ocrx_word' id='word_1_611' title='bbox 756 4577 1006 4644; x_wconf 85' lang='lat' dir='ltr'><strong>una,etc.</strong></span> <span class='ocrx_word' id='word_1_612' title='bbox 1041 4573 1240 4629; x_wconf 88' lang='lat' dir='ltr'><strong>Variat</strong></span> <span class='ocrx_word' id='word_1_613' title='bbox 1271 4574 1516 4644; x_wconf 87' lang='lat' dir='ltr'><strong>ipsemet</strong></span> <span class='ocrx_word' id='word_1_614' title='bbox 1537 4573 2024 4639; x_wconf 30' lang='lat' dir='ltr'><strong>Heb‘reustextoé</strong></span> 
     </span>
    </p>
   </div>
   <div class='ocr_carea' id='block_1_115' title="bbox 376 4645 1050 4730">
    <p class='ocr_par' dir='ltr' id='par_1_115' title="bbox 376 4645 1050 4730">
     <span class='ocr_line' id='line_1_119' title="bbox 376 4645 1050 4730; baseline 0 -14"><span class='ocrx_word' id='word_1_615' title='bbox 376 4661 472 4717; x_wconf 88' lang='lat' dir='ltr'><strong>his</strong></span> <span class='ocrx_word' id='word_1_616' title='bbox 502 4660 696 4716; x_wconf 89' lang='lat' dir='ltr'><strong>verbis</strong></span> <span class='ocrx_word' id='word_1_617' title='bbox 725 4645 826 4730; x_wconf 58' lang='lat'><strong>3&#39;71,</strong></span> <span class='ocrx_word' id='word_1_618' title='bbox 853 4666 908 4716; x_wconf 87' lang='lat' dir='ltr'><strong>et</strong></span> <span class='ocrx_word' id='word_1_619' title='bbox 930 4646 1050 4723; x_wconf 63' lang='lat' dir='ltr'><strong>N51.</strong></span> 
     </span>
    </p>
   </div>
   <div class='ocr_carea' id='block_1_116' title="bbox 449 4732 2024 4808">
    <p class='ocr_par' dir='ltr' id='par_1_116' title="bbox 449 4732 2024 4808">
     <span class='ocr_line' id='line_1_120' title="bbox 449 4732 2024 4808; baseline 0.007 -20"><span class='ocrx_word' id='word_1_620' title='bbox 449 4734 466 4768; x_wconf 85' lang='grc'>¹</span> <span class='ocrx_word' id='word_1_621' title='bbox 500 4732 868 4808; x_wconf 85' lang='lat' dir='ltr'><strong>Cisterciens.</strong></span> <span class='ocrx_word' id='word_1_622' title='bbox 933 4750 1043 4808; x_wconf 82' lang='lat' dir='ltr'><strong>ms.</strong></span> <span class='ocrx_word' id='word_1_623' title='bbox 1077 4751 1267 4808; x_wconf 84' lang='lat' dir='ltr'><strong>_quam</strong></span> <span class='ocrx_word' id='word_1_624' title='bbox 1321 4737 1485 4803; x_wconf 78' lang='lat' dir='ltr'><strong>fortes</strong></span> <span class='ocrx_word' id='word_1_625' title='bbox 1522 4740 1647 4791; x_wconf 82' lang='lat' dir='ltr'><strong>sunt</strong></span> <span class='ocrx_word' id='word_1_626' title='bbox 1679 4736 2024 4808; x_wconf 73' lang='lat' dir='ltr'><strong>principatus</strong></span> 
     </span>
    </p>
   </div>
   <div class='ocr_carea' id='block_1_117' title="bbox 381 4805 2023 4877">
    <p class='ocr_par' dir='ltr' id='par_1_117' title="bbox 381 4805 2023 4877">
     <span class='ocr_line' id='line_1_121' title="bbox 381 4805 2023 4877; baseline 0.007 -17"><span class='ocrx_word' id='word_1_627' title='bbox 381 4821 574 4860; x_wconf 85' lang='lat' dir='ltr'><strong>eorum</strong></span> <span class='ocrx_word' id='word_1_628' title='bbox 605 4821 620 4859; x_wconf 89' lang='lat'><strong>:</strong></span> <span class='ocrx_word' id='word_1_629' title='bbox 656 4806 810 4876; x_wconf 87' lang='lat' dir='ltr'><strong>quod</strong></span> <span class='ocrx_word' id='word_1_630' title='bbox 842 4808 900 4860; x_wconf 91' lang='lat' dir='ltr'><strong>et</strong></span> <span class='ocrx_word' id='word_1_631' title='bbox 929 4805 1278 4862; x_wconf 74' lang='lat' dir='ltr'><strong>scholiastes</strong></span> <span class='ocrx_word' id='word_1_632' title='bbox 1302 4808 1526 4877; x_wconf 76' lang='lat' dir='ltr'><strong>probat.</strong></span> <span class='ocrx_word' id='word_1_633' title='bbox 1557 4812 1620 4863; x_wconf 89' lang='lat' dir='ltr'><strong>In</strong></span> <span class='ocrx_word' id='word_1_634' title='bbox 1662 4805 1899 4866; x_wconf 68' lang='lat' dir='ltr'><strong>Hebraeo</strong></span> <span class='ocrx_word' id='word_1_635' title='bbox 1931 4819 2023 4871; x_wconf 89' lang='lat' dir='ltr'><strong>est</strong></span> 
     </span>
    </p>
   </div>
   <div class='ocr_carea' id='block_1_118' title="bbox 379 4878 2022 4952">
    <p class='ocr_par' dir='ltr' id='par_1_118' title="bbox 379 4878 2022 4952">
     <span class='ocr_line' id='line_1_122' title="bbox 379 4878 2022 4952; baseline 0.01 -29"><span class='ocrx_word' id='word_1_636' title='bbox 379 4887 649 4952; x_wconf 55' lang='lat' dir='ltr'><strong>urinam,</strong></span> <span class='ocrx_word' id='word_1_637' title='bbox 679 4878 863 4952; x_wconf 78' lang='lat' dir='ltr'><strong>capita</strong></span> <span class='ocrx_word' id='word_1_638' title='bbox 901 4892 1112 4952; x_wconf 80' lang='lat' dir='ltr'><strong>eorum.</strong></span> <span class='ocrx_word' id='word_1_639' title='bbox 1167 4879 1396 4946; x_wconf 82' lang='lat' dir='ltr'><strong>Legerit</strong></span> <span class='ocrx_word' id='word_1_640' title='bbox 1437 4895 1569 4933; x_wconf 89' lang='lat' dir='ltr'><strong>vero</strong></span> <span class='ocrx_word' id='word_1_641' title='bbox 1619 4881 1677 4935; x_wconf 92' lang='lat' dir='ltr'><strong>S.</strong></span> <span class='ocrx_word' id='word_1_642' title='bbox 1732 4880 2022 4952; x_wconf 86' lang='lat' dir='ltr'><strong>Interpres</strong></span> 
     </span>
    </p>
   </div>
   <div class='ocr_carea' id='block_1_119' title="bbox 374 4949 2021 5022">
    <p class='ocr_par' dir='ltr' id='par_1_119' title="bbox 374 4949 2021 5022">
     <span class='ocr_line' id='line_1_123' title="bbox 374 4949 2021 5022; baseline 0.005 -19"><span class='ocrx_word' id='word_1_643' title='bbox 374 4950 600 5020; x_wconf 88' lang='lat' dir='ltr'><strong>absque</strong></span> <span class='ocrx_word' id='word_1_644' title='bbox 630 4962 669 5007; x_wconf 64' lang='grc' dir='ltr'>Ν</span> <span class='ocrx_word' id='word_1_645' title='bbox 706 4949 1049 5003; x_wconf 89' lang='lat' dir='ltr'><strong>intermedio</strong></span> <span class='ocrx_word' id='word_1_646' title='bbox 1084 4959 1306 5017; x_wconf 55' lang='lat' dir='ltr'><strong>tantum,</strong></span> <span class='ocrx_word' id='word_1_647' title='bbox 1343 4953 1496 5021; x_wconf 89' lang='lat' dir='ltr'><strong>quod</strong></span> <span class='ocrx_word' id='word_1_648' title='bbox 1521 4957 1606 5005; x_wconf 87' lang='lat' dir='ltr'><strong>est</strong></span> <span class='ocrx_word' id='word_1_649' title='bbox 1636 4949 1903 5022; x_wconf 70' lang='lat' dir='ltr'><strong>pauperes</strong></span> <span class='ocrx_word' id='word_1_650' title='bbox 1930 4973 2021 5012; x_wconf 82' lang='lat' dir='ltr'><strong>eo-</strong></span> 
     </span>
    </p>
   </div>
   <div class='ocr_carea' id='block_1_120' title="bbox 374 5022 2026 5095">
    <p class='ocr_par' dir='ltr' id='par_1_120' title="bbox 374 5022 2026 5095">
     <span class='ocr_line' id='line_1_124' title="bbox 374 5022 2026 5095; baseline 0.005 -22"><span class='ocrx_word' id='word_1_651' title='bbox 374 5036 522 5095; x_wconf 59' lang='lat' dir='ltr'><strong>runt,</strong></span> <span class='ocrx_word' id='word_1_652' title='bbox 557 5036 589 5074; x_wconf 91' lang='lat' dir='ltr'><strong>a</strong></span> <span class='ocrx_word' id='word_1_653' title='bbox 619 5032 762 5095; x_wconf 55' lang='lat' dir='ltr'><strong>mm</strong></span> <span class='ocrx_word' id='word_1_654' title='bbox 802 5022 996 5086; x_wconf 87' lang='lat' dir='ltr'><strong>verho,</strong></span> <span class='ocrx_word' id='word_1_655' title='bbox 1058 5023 1212 5089; x_wconf 86' lang='lat' dir='ltr'><strong>quod</strong></span> <span class='ocrx_word' id='word_1_656' title='bbox 1265 5022 1976 5095; x_wconf 22' lang='lat' dir='ltr'><strong>signiﬁcatwn&#39;epaupemri</strong></span> <span class='ocrx_word' id='word_1_657' title='bbox 2006 5047 2026 5084; x_wconf 79' lang='grc' dir='ltr'><strong>,ο</strong></span> 
     </span>
    </p>
   </div>
   <div class='ocr_carea' id='block_1_121' title="bbox 375 5093 2026 5167">
    <p class='ocr_par' dir='ltr' id='par_1_121' title="bbox 375 5093 2026 5167">
     <span class='ocr_line' id='line_1_125' title="bbox 375 5093 2026 5167; baseline 0.007 -23"><span class='ocrx_word' id='word_1_658' title='bbox 375 5093 532 5167; x_wconf 82' lang='lat' dir='ltr'><strong>unde</strong></span> <span class='ocrx_word' id='word_1_659' title='bbox 585 5103 672 5152; x_wconf 67' lang='lat' dir='ltr'><strong>uri</strong></span> <span class='ocrx_word' id='word_1_660' title='bbox 705 5094 726 5145; x_wconf 94' lang='grc' dir='ltr'>Ι</span> <span class='ocrx_word' id='word_1_661' title='bbox 761 5095 1004 5163; x_wconf 84' lang='lat' dir='ltr'><strong>Regum,</strong></span> <span class='ocrx_word' id='word_1_662' title='bbox 1037 5108 1198 5160; x_wconf 83' lang='lat' dir='ltr'><strong>xvm,</strong></span> <span class='ocrx_word' id='word_1_663' title='bbox 1229 5095 1318 5163; x_wconf 77' lang='lat'><strong>25,</strong></span> <span class='ocrx_word' id='word_1_664' title='bbox 1356 5095 1504 5164; x_wconf 85' lang='lat' dir='ltr'><strong>ipsa,</strong></span> <span class='ocrx_word' id='word_1_665' title='bbox 1553 5093 1804 5167; x_wconf 81' lang='lat' dir='ltr'><strong>Vulgata</strong></span> <span class='ocrx_word' id='word_1_666' title='bbox 1851 5101 2026 5156; x_wconf 89' lang='lat' dir='ltr'><strong>vertit</strong></span> 
     </span>
    </p>
   </div>
   <div class='ocr_carea' id='block_1_122' title="bbox 374 5163 786 5233">
    <p class='ocr_par' dir='ltr' id='par_1_122' title="bbox 374 5163 786 5233">
     <span class='ocr_line' id='line_1_126' title="bbox 374 5163 786 5233; baseline -0.002 -16"><span class='ocrx_word' id='word_1_667' title='bbox 374 5163 434 5218; x_wconf 90' lang='lat' dir='ltr'><strong>in</strong></span> <span class='ocrx_word' id='word_1_668' title='bbox 465 5177 786 5233; x_wconf 75' lang='lat' dir='ltr'><strong>pauperem.</strong></span> 
     </span>
    </p>
   </div>
   <div class='ocr_carea' id='block_1_123' title="bbox 444 5231 2026 5303">
    <p class='ocr_par' dir='ltr' id='par_1_123' title="bbox 444 5231 2026 5303">
     <span class='ocr_line' id='line_1_127' title="bbox 444 5231 2026 5303; baseline 0.007 -16"><span class='ocrx_word' id='word_1_669' title='bbox 444 5231 474 5268; x_wconf 14' lang='lat'><strong>&#39;7</strong></span> <span class='ocrx_word' id='word_1_670' title='bbox 497 5231 712 5302; x_wconf 78' lang='lat' dir='ltr'><strong>Regius</strong></span> <span class='ocrx_word' id='word_1_671' title='bbox 746 5251 812 5289; x_wconf 91' lang='lat' dir='ltr'><strong>ac</strong></span> <span class='ocrx_word' id='word_1_672' title='bbox 834 5231 1241 5289; x_wconf 88' lang='lat' dir='ltr'><strong>Corbeiensis:</strong></span> <span class='ocrx_word' id='word_1_673' title='bbox 1299 5236 1438 5303; x_wconf 82' lang='lat' dir='ltr'><strong>Quia</strong></span> <span class='ocrx_word' id='word_1_674' title='bbox 1482 5239 1859 5294; x_wconf 80' lang='lat' dir='ltr'><strong>contradz‘cent</strong></span> <span class='ocrx_word' id='word_1_675' title='bbox 1920 5242 2026 5298; x_wconf 80' lang='lat' dir='ltr'><strong>tibi</strong></span> 
     </span>
    </p>
   </div>
   <div class='ocr_carea' id='block_1_124' title="bbox 371 5305 868 5362">
    <p class='ocr_par' dir='ltr' id='par_1_124' title="bbox 371 5305 868 5362">
     <span class='ocr_line' id='line_1_128' title="bbox 371 5305 868 5362; baseline -0.008 -1"><span class='ocrx_word' id='word_1_676' title='bbox 371 5306 652 5362; x_wconf 71' lang='lat' dir='ltr'><strong>scelerati.</strong></span> <span class='ocrx_word' id='word_1_677' title='bbox 682 5305 868 5360; x_wconf 80' lang='lat' dir='ltr'><strong>MART.</strong></span> 
     </span>
    </p>
   </div>
   <div class='ocr_carea' id='block_1_125' title="bbox 445 5375 1665 5445">
    <p class='ocr_par' dir='ltr' id='par_1_125' title="bbox 445 5375 1665 5445">
     <span class='ocr_line' id='line_1_129' title="bbox 445 5375 1665 5445; baseline 0.002 -13"><span class='ocrx_word' id='word_1_678' title='bbox 445 5379 468 5413; x_wconf 81' lang='grc'>³</span> <span class='ocrx_word' id='word_1_679' title='bbox 499 5381 560 5432; x_wconf 87' lang='lat' dir='ltr'><strong>In</strong></span> <span class='ocrx_word' id='word_1_680' title='bbox 597 5378 830 5445; x_wconf 62' lang='lat' dir='ltr'><strong>Reginae</strong></span> <span class='ocrx_word' id='word_1_681' title='bbox 854 5375 1047 5441; x_wconf 74' lang='lat' dir='ltr'><strong>ms.,si</strong></span> <span class='ocrx_word' id='word_1_682' title='bbox 1073 5379 1165 5430; x_wconf 81' lang='lat' dir='ltr'><strong>via</strong></span> <span class='ocrx_word' id='word_1_683' title='bbox 1194 5377 1337 5432; x_wconf 85' lang='lat' dir='ltr'><strong>idoli</strong></span> <span class='ocrx_word' id='word_1_684' title='bbox 1365 5379 1425 5432; x_wconf 84' lang='lat' dir='ltr'><strong>in</strong></span> <span class='ocrx_word' id='word_1_685' title='bbox 1454 5393 1538 5433; x_wconf 87' lang='lat' dir='ltr'><strong>me</strong></span> <span class='ocrx_word' id='word_1_686' title='bbox 1565 5384 1665 5435; x_wconf 80' lang='lat' dir='ltr'><strong>est.</strong></span> 
     </span>
    </p>
   </div>
   <div class='ocr_carea' id='block_1_126' title="bbox 448 5447 2016 5521">
    <p class='ocr_par' dir='ltr' id='par_1_126' title="bbox 448 5447 2016 5521">
     <span class='ocr_line' id='line_1_130' title="bbox 448 5447 2016 5521; baseline 0.006 -19"><span class='ocrx_word' id='word_1_687' title='bbox 448 5449 662 5503; x_wconf 73' lang='lat' dir='ltr'><strong>‘Huno</strong></span> <span class='ocrx_word' id='word_1_688' title='bbox 694 5447 987 5518; x_wconf 76' lang='lat' dir='ltr'><strong>psalmum</strong></span> <span class='ocrx_word' id='word_1_689' title='bbox 1025 5447 1356 5503; x_wconf 88' lang='lat' dir='ltr'><strong>inscribunt</strong></span> <span class='ocrx_word' id='word_1_690' title='bbox 1389 5467 1401 5504; x_wconf 91' lang='lat'>:</span> <span class='ocrx_word' id='word_1_691' title='bbox 1443 5452 1548 5505; x_wconf 84' lang='lat' dir='ltr'><strong>Pro</strong></span> <span class='ocrx_word' id='word_1_692' title='bbox 1591 5453 1842 5521; x_wconf 75' lang='lat' dir='ltr'><strong>victoria,</strong></span> <span class='ocrx_word' id='word_1_693' title='bbox 1905 5472 2016 5512; x_wconf 90' lang='lat' dir='ltr'><strong>ms.</strong></span> 
     </span>
    </p>
   </div>
   <div class='ocr_carea' id='block_1_127' title="bbox 375 5519 1542 5590">
    <p class='ocr_par' dir='ltr' id='par_1_127' title="bbox 375 5519 1542 5590">
     <span class='ocr_line' id='line_1_131' title="bbox 375 5519 1542 5590; baseline 0.004 -19"><span class='ocrx_word' id='word_1_694' title='bbox 375 5519 576 5590; x_wconf 84' lang='lat' dir='ltr'><strong>plures</strong></span> <span class='ocrx_word' id='word_1_695' title='bbox 603 5529 659 5574; x_wconf 86' lang='lat' dir='ltr'><strong>et</strong></span> <span class='ocrx_word' id='word_1_696' title='bbox 684 5526 876 5574; x_wconf 87' lang='lat' dir='ltr'><strong>Canon</strong></span> <span class='ocrx_word' id='word_1_697' title='bbox 911 5521 1323 5576; x_wconf 81' lang='lat' dir='ltr'><strong>Memmianus.</strong></span> <span class='ocrx_word' id='word_1_698' title='bbox 1358 5527 1542 5576; x_wconf 75' lang='grc' dir='ltr'><strong>ΜΑῐιτ.</strong></span> 
     </span>
    </p>
   </div>
   <div class='ocr_carea' id='block_1_128' title="bbox 445 5591 2021 5661">
    <p class='ocr_par' dir='ltr' id='par_1_128' title="bbox 445 5591 2021 5661">
     <span class='ocr_line' id='line_1_132' title="bbox 445 5591 2021 5661; baseline 0.006 -17"><span class='ocrx_word' id='word_1_699' title='bbox 445 5591 467 5623; x_wconf 80' lang='grc'><strong><em>⁵</em></strong></span> <span class='ocrx_word' id='word_1_700' title='bbox 498 5593 704 5646; x_wconf 88' lang='lat' dir='ltr'><strong>lterum</strong></span> <span class='ocrx_word' id='word_1_701' title='bbox 739 5593 797 5646; x_wconf 92' lang='lat' dir='ltr'><strong>in</strong></span> <span class='ocrx_word' id='word_1_702' title='bbox 847 5591 1076 5661; x_wconf 64' lang='lat' dir='ltr'><strong>Regina:</strong></span> <span class='ocrx_word' id='word_1_703' title='bbox 1126 5609 1263 5656; x_wconf 80' lang='lat' dir='ltr'><strong>ms.,</strong></span> <span class='ocrx_word' id='word_1_704' title='bbox 1305 5595 1490 5661; x_wconf 77' lang='lat' dir='ltr'><strong>impiis</strong></span> <span class='ocrx_word' id='word_1_705' title='bbox 1547 5609 1560 5647; x_wconf 91' lang='lat'>:</span> <span class='ocrx_word' id='word_1_706' title='bbox 1621 5597 1816 5650; x_wconf 83' lang='lat' dir='ltr'><strong>verius</strong></span> <span class='ocrx_word' id='word_1_707' title='bbox 1865 5602 2021 5654; x_wconf 84' lang='lat' dir='ltr'><strong>esset</strong></span> 
     </span>
    </p>
   </div>
   <div class='ocr_carea' id='block_1_129' title="bbox 375 5661 2020 5740">
    <p class='ocr_par' dir='ltr' id='par_1_129' title="bbox 375 5661 2020 5740">
     <span class='ocr_line' id='line_1_133' title="bbox 375 5661 2020 5740; baseline 0.007 -26"><span class='ocrx_word' id='word_1_708' title='bbox 375 5661 551 5740; x_wconf 64' lang='lat' dir='ltr'><strong>impio</strong></span> <span class='ocrx_word' id='word_1_709' title='bbox 585 5680 596 5716; x_wconf 95' lang='lat'><strong>:</strong></span> <span class='ocrx_word' id='word_1_710' title='bbox 634 5663 711 5718; x_wconf 88' lang='lat' dir='ltr'><strong>ita</strong></span> <span class='ocrx_word' id='word_1_711' title='bbox 742 5664 1028 5740; x_wconf 63' lang='lat' dir='ltr'><strong>Hebraeus</strong></span> <span class='ocrx_word' id='word_1_712' title='bbox 1073 5665 1353 5734; x_wconf 79' lang='lat' dir='ltr'><strong>redditur,</strong></span> <span class='ocrx_word' id='word_1_713' title='bbox 1389 5669 1468 5722; x_wconf 89' lang='lat' dir='ltr'><strong>Ne</strong></span> <span class='ocrx_word' id='word_1_714' title='bbox 1493 5666 1604 5733; x_wconf 78' lang='lat' dir='ltr'><strong>des,</strong></span> <span class='ocrx_word' id='word_1_715' title='bbox 1647 5667 1892 5737; x_wconf 80' lang='lat' dir='ltr'><strong>Domine,</strong></span> <span class='ocrx_word' id='word_1_716' title='bbox 1927 5670 2020 5726; x_wconf 71' lang='lat' dir='ltr'><strong>«(e-</strong></span> 
     </span>
    </p>
   </div>
   <div class='ocr_carea' id='block_1_130' title="bbox 378 5729 1046 5805">
    <p class='ocr_par' dir='ltr' id='par_1_130' title="bbox 378 5729 1046 5805">
     <span class='ocr_line' id='line_1_134' title="bbox 378 5729 1046 5805; baseline 0.013 -22"><span class='ocrx_word' id='word_1_717' title='bbox 378 5729 580 5785; x_wconf 79' lang='lat' dir='ltr'><strong>sideria</strong></span> <span class='ocrx_word' id='word_1_718' title='bbox 610 5748 733 5788; x_wconf 87' lang='lat' dir='ltr'><strong>mea</strong></span> <span class='ocrx_word' id='word_1_719' title='bbox 760 5735 1046 5805; x_wconf 80' lang='lat' dir='ltr'><strong>peceatori.</strong></span> 
     </span>
    </p>
   </div>
   <div class='ocr_carea' id='block_1_131' title="bbox 2133 4566 3808 4722">
    <p class='ocr_par' dir='ltr' id='par_1_131' title="bbox 2133 4566 3808 4722">
     <span class='ocr_line' id='line_1_135' title="bbox 2133 4566 3808 4722; baseline 0.004 -16"><span class='ocrx_word' id='word_1_720' title='bbox 2133 4566 2404 4708; x_wconf 42' lang='grc' dir='ltr'><strong>ι,Ἠιτίέἃίίί</strong></span> <span class='ocrx_word' id='word_1_721' title='bbox 2438 4668 2570 4706; x_wconf 87' lang='lat' dir='ltr'><strong>cum</strong></span> <span class='ocrx_word' id='word_1_722' title='bbox 2605 4650 2828 4722; x_wconf 89' lang='lat' dir='ltr'><strong>aliquot</strong></span> <span class='ocrx_word' id='word_1_723' title='bbox 2869 4667 3012 4706; x_wconf 88' lang='lat' dir='ltr'><strong>mss.</strong></span> <span class='ocrx_word' id='word_1_724' title='bbox 3062 4650 3232 4706; x_wconf 85' lang='lat' dir='ltr'><strong>aliter</strong></span> <span class='ocrx_word' id='word_1_725' title='bbox 3287 4651 3558 4707; x_wconf 81' lang='lat' dir='ltr'><strong>dividunt</strong></span> <span class='ocrx_word' id='word_1_726' title='bbox 3613 4654 3808 4712; x_wconf 80' lang='lat' dir='ltr'><strong>colon</strong></span> 
     </span>
    </p>
   </div>
   <div class='ocr_carea' id='block_1_132' title="bbox 2133 4723 3801 4794">
    <p class='ocr_par' dir='ltr' id='par_1_132' title="bbox 2133 4723 3801 4794">
     <span class='ocr_line' id='line_1_136' title="bbox 2133 4723 3801 4794; baseline 0.004 -17"><span class='ocrx_word' id='word_1_727' title='bbox 2133 4723 2288 4779; x_wconf 89' lang='lat' dir='ltr'><strong>istud</strong></span> <span class='ocrx_word' id='word_1_728' title='bbox 2325 4741 2337 4778; x_wconf 88' lang='lat'><strong>:</strong></span> <span class='ocrx_word' id='word_1_729' title='bbox 2371 4724 2574 4778; x_wconf 78' lang='lat' dir='ltr'><strong>Cadent</strong></span> <span class='ocrx_word' id='word_1_730' title='bbox 2605 4738 2768 4793; x_wconf 78' lang='lat' dir='ltr'><strong>super</strong></span> <span class='ocrx_word' id='word_1_731' title='bbox 2796 4739 2882 4778; x_wconf 84' lang='lat' dir='ltr'><strong>eos</strong></span> <span class='ocrx_word' id='word_1_732' title='bbox 2915 4723 3174 4778; x_wconf 77' lang='lat' dir='ltr'><strong>carbones</strong></span> <span class='ocrx_word' id='word_1_733' title='bbox 3207 4723 3353 4790; x_wconf 81' lang='lat' dir='ltr'><strong>ignis</strong></span> <span class='ocrx_word' id='word_1_734' title='bbox 3382 4741 3401 4777; x_wconf 89' lang='lat'><strong><em>:</em></strong></span> <span class='ocrx_word' id='word_1_735' title='bbox 3431 4723 3656 4794; x_wconf 74' lang='lat' dir='ltr'><strong>dejicies</strong></span> <span class='ocrx_word' id='word_1_736' title='bbox 3695 4744 3801 4784; x_wconf 75' lang='lat' dir='ltr'><strong>eo:</strong></span> 
     </span>
    </p>
   </div>
   <div class='ocr_carea' id='block_1_133' title="bbox 2134 4793 3810 4869">
    <p class='ocr_par' dir='ltr' id='par_1_133' title="bbox 2134 4793 3810 4869">
     <span class='ocr_line' id='line_1_137' title="bbox 2134 4793 3810 4869; baseline 0.004 -19"><span class='ocrx_word' id='word_1_737' title='bbox 2134 4797 2193 4850; x_wconf 82' lang='lat' dir='ltr'><strong>in</strong></span> <span class='ocrx_word' id='word_1_738' title='bbox 2223 4796 2429 4869; x_wconf 76' lang='lat' dir='ltr'><strong>foveas,</strong></span> <span class='ocrx_word' id='word_1_739' title='bbox 2461 4801 2521 4851; x_wconf 87' lang='lat' dir='ltr'><strong>ut</strong></span> <span class='ocrx_word' id='word_1_740' title='bbox 2548 4811 2664 4869; x_wconf 59' lang='lat' dir='ltr'><strong>eoa</strong></span> <span class='ocrx_word' id='word_1_741' title='bbox 2689 4799 3041 4869; x_wconf 76' lang='lat' dir='ltr'><strong>consurgant.</strong></span> <span class='ocrx_word' id='word_1_742' title='bbox 3071 4795 3182 4869; x_wconf 73' lang='lat' dir='ltr'><strong>Sed</strong></span> <span class='ocrx_word' id='word_1_743' title='bbox 3231 4793 3441 4851; x_wconf 89' lang='lat' dir='ltr'><strong>melius</strong></span> <span class='ocrx_word' id='word_1_744' title='bbox 3482 4793 3548 4869; x_wconf 77' lang='lat' dir='ltr'><strong>ac</strong></span> <span class='ocrx_word' id='word_1_745' title='bbox 3590 4800 3810 4869; x_wconf 78' lang='lat' dir='ltr'><strong>verius</strong></span> 
     </span>
    </p>
   </div>
   <div class='ocr_carea' id='block_1_134' title="bbox 2135 4864 3809 4939">
    <p class='ocr_par' dir='ltr' id='par_1_134' title="bbox 2135 4864 3809 4939">
     <span class='ocr_line' id='line_1_138' title="bbox 2135 4864 3809 4939; baseline 0.002 -16"><span class='ocrx_word' id='word_1_746' title='bbox 2135 4864 2234 4923; x_wconf 60' lang='lat' dir='ltr'><strong>est&#39;</strong></span> <span class='ocrx_word' id='word_1_747' title='bbox 2275 4864 2428 4939; x_wconf 91' lang='lat' dir='ltr'><strong>quod</strong></span> <span class='ocrx_word' id='word_1_748' title='bbox 2513 4864 2806 4939; x_wconf 85' lang='lat' dir='ltr'><strong>edidimus</strong></span> <span class='ocrx_word' id='word_1_749' title='bbox 2855 4866 3027 4936; x_wconf 83' lang='lat' dir='ltr'><strong>juxta</strong></span> <span class='ocrx_word' id='word_1_750' title='bbox 3071 4866 3250 4922; x_wconf 88' lang='lat' dir='ltr'><strong>fidem</strong></span> <span class='ocrx_word' id='word_1_751' title='bbox 3292 4867 3809 4939; x_wconf 80' lang='lat' dir='ltr'><strong>exemplariorum</strong></span> 
     </span>
    </p>
   </div>
   <div class='ocr_carea' id='block_1_135' title="bbox 2134 4937 3803 5010">
    <p class='ocr_par' dir='ltr' id='par_1_135' title="bbox 2134 4937 3803 5010">
     <span class='ocr_line' id='line_1_139' title="bbox 2134 4937 3803 5010; baseline 0.002 -16"><span class='ocrx_word' id='word_1_752' title='bbox 2134 4937 2408 5010; x_wconf 82' lang='lat' dir='ltr'><strong>Canonis</strong></span> <span class='ocrx_word' id='word_1_753' title='bbox 2444 4937 2733 5010; x_wconf 68' lang='lat' dir='ltr'><strong>Hebraicaa</strong></span> <span class='ocrx_word' id='word_1_754' title='bbox 2782 4939 3065 5004; x_wconf 90' lang='lat' dir='ltr'><strong>veritatis,</strong></span> <span class='ocrx_word' id='word_1_755' title='bbox 3107 4937 3479 5010; x_wconf 83' lang='lat' dir='ltr'><strong>duorumque</strong></span> <span class='ocrx_word' id='word_1_756' title='bbox 3526 4938 3803 4998; x_wconf 81' lang='lat' dir='ltr'><strong>aliorum</strong></span> 
     </span>
    </p>
   </div>
   <div class='ocr_carea' id='block_1_136' title="bbox 2135 5009 2796 5065">
    <p class='ocr_par' dir='ltr' id='par_1_136' title="bbox 2135 5009 2796 5065">
     <span class='ocr_line' id='line_1_140' title="bbox 2135 5009 2796 5065; baseline -0.002 0"><span class='ocrx_word' id='word_1_757' title='bbox 2135 5027 2245 5065; x_wconf 91' lang='lat' dir='ltr'><strong>ms.</strong></span> <span class='ocrx_word' id='word_1_758' title='bbox 2278 5009 2575 5065; x_wconf 88' lang='lat' dir='ltr'><strong>Codicum.</strong></span> <span class='ocrx_word' id='word_1_759' title='bbox 2610 5009 2796 5065; x_wconf 78' lang='lat' dir='ltr'><strong>MART.</strong></span> 
     </span>
    </p>
   </div>
   <div class='ocr_carea' id='block_1_137' title="bbox 2203 5079 3799 5154">
    <p class='ocr_par' dir='ltr' id='par_1_137' title="bbox 2203 5079 3799 5154">
     <span class='ocr_line' id='line_1_141' title="bbox 2203 5079 3799 5154; baseline 0.002 -18"><span class='ocrx_word' id='word_1_760' title='bbox 2203 5113 2274 5122; x_wconf 92' lang='lat'><strong>—</strong></span> <span class='ocrx_word' id='word_1_761' title='bbox 2297 5081 2699 5137; x_wconf 87' lang='lat' dir='ltr'><strong>Cislerciensis</strong></span> <span class='ocrx_word' id='word_1_762' title='bbox 2730 5081 2878 5137; x_wconf 89' lang='lat' dir='ltr'><strong>alios</strong></span> <span class='ocrx_word' id='word_1_763' title='bbox 2912 5081 3065 5154; x_wconf 85' lang='lat' dir='ltr'><strong>apud</strong></span> <span class='ocrx_word' id='word_1_764' title='bbox 3118 5079 3525 5136; x_wconf 75' lang='lat' dir='ltr'><strong>Martianaeum</strong></span> <span class='ocrx_word' id='word_1_765' title='bbox 3568 5082 3799 5140; x_wconf 82' lang='lat' dir='ltr'><strong>citatos</strong></span> 
     </span>
    </p>
   </div>
   <div class='ocr_carea' id='block_1_138' title="bbox 2131 5154 2688 5224">
    <p class='ocr_par' dir='ltr' id='par_1_138' title="bbox 2131 5154 2688 5224">
     <span class='ocr_line' id='line_1_142' title="bbox 2131 5154 2688 5224; baseline 0 -18"><span class='ocrx_word' id='word_1_766' title='bbox 2131 5154 2362 5209; x_wconf 81' lang='lat' dir='ltr'><strong>codices</strong></span> <span class='ocrx_word' id='word_1_767' title='bbox 2402 5154 2688 5224; x_wconf 85' lang='lat' dir='ltr'><strong>sequitur.</strong></span> 
     </span>
    </p>
   </div>
   <div class='ocr_carea' id='block_1_139' title="bbox 2200 5231 3798 5304">
    <p class='ocr_par' dir='ltr' id='par_1_139' title="bbox 2200 5231 3798 5304">
     <span class='ocr_line' id='line_1_143' title="bbox 2200 5231 3798 5304; baseline 0.003 -18"><span class='ocrx_word' id='word_1_768' title='bbox 2200 5232 2221 5265; x_wconf 79' lang='grc'>⁸</span> <span class='ocrx_word' id='word_1_769' title='bbox 2246 5232 2549 5304; x_wconf 82' lang='lat' dir='ltr'><strong>Perperam</strong></span> <span class='ocrx_word' id='word_1_770' title='bbox 2579 5231 2810 5302; x_wconf 67' lang='lat' dir='ltr'><strong>Reginae</strong></span> <span class='ocrx_word' id='word_1_771' title='bbox 2858 5248 2994 5298; x_wconf 90' lang='lat' dir='ltr'><strong>ms.,</strong></span> <span class='ocrx_word' id='word_1_772' title='bbox 3026 5231 3135 5304; x_wconf 14' lang='lat' dir='ltr'><strong>fin,</strong></span> <span class='ocrx_word' id='word_1_773' title='bbox 3165 5231 3409 5288; x_wconf 71' lang='lat' dir='ltr'><strong>delictis.</strong></span> <span class='ocrx_word' id='word_1_774' title='bbox 3474 5231 3610 5304; x_wconf 68' lang='lat' dir='ltr'><strong>Mox</strong></span> <span class='ocrx_word' id='word_1_775' title='bbox 3652 5250 3798 5291; x_wconf 76' lang='lat' dir='ltr'><strong>vero</strong></span> 
     </span>
    </p>
   </div>
   <div class='ocr_carea' id='block_1_140' title="bbox 2131 5301 3796 5378">
    <p class='ocr_par' dir='ltr' id='par_1_140' title="bbox 2131 5301 3796 5378">
     <span class='ocr_line' id='line_1_144' title="bbox 2131 5301 3796 5378; baseline 0.003 -21"><span class='ocrx_word' id='word_1_776' title='bbox 2131 5301 2569 5378; x_wconf 45' lang='lat' dir='ltr'><strong>rectius&#39;arguat</strong></span> <span class='ocrx_word' id='word_1_777' title='bbox 2595 5301 2694 5373; x_wconf 91' lang='lat' dir='ltr'><strong>pro</strong></span> <span class='ocrx_word' id='word_1_778' title='bbox 2724 5309 2926 5378; x_wconf 77' lang='lat' dir='ltr'><strong>arguet</strong></span> <span class='ocrx_word' id='word_1_779' title='bbox 2959 5321 2970 5358; x_wconf 89' lang='lat'><strong>:</strong></span> <span class='ocrx_word' id='word_1_780' title='bbox 3005 5301 3259 5376; x_wconf 89' lang='lat' dir='ltr'><strong>denique</strong></span> <span class='ocrx_word' id='word_1_781' title='bbox 3306 5320 3441 5359; x_wconf 87' lang='lat' dir='ltr'><strong>cum</strong></span> <span class='ocrx_word' id='word_1_782' title='bbox 3483 5302 3796 5378; x_wconf 86' lang='lat' dir='ltr'><strong>plerisque</strong></span> 
     </span>
    </p>
   </div>
   <div class='ocr_carea' id='block_1_141' title="bbox 2132 5373 2958 5437">
    <p class='ocr_par' dir='ltr' id='par_1_141' title="bbox 2132 5373 2958 5437">
     <span class='ocr_line' id='line_1_145' title="bbox 2132 5373 2958 5437; baseline -0.001 -9"><span class='ocrx_word' id='word_1_783' title='bbox 2132 5373 2285 5437; x_wconf 88' lang='lat' dir='ltr'><strong>aliis,</strong></span> <span class='ocrx_word' id='word_1_784' title='bbox 2322 5373 2500 5430; x_wconf 82' lang='lat' dir='ltr'><strong>adhuc</strong></span> <span class='ocrx_word' id='word_1_785' title='bbox 2524 5379 2579 5429; x_wconf 81' lang='lat' dir='ltr'><strong>et</strong></span> <span class='ocrx_word' id='word_1_786' title='bbox 2609 5375 2786 5430; x_wconf 81' lang='lat' dir='ltr'><strong>oratio</strong></span> <span class='ocrx_word' id='word_1_787' title='bbox 2815 5390 2958 5429; x_wconf 85' lang='lat' dir='ltr'><strong>mea.</strong></span> 
     </span>
    </p>
   </div>
   <div class='ocr_carea' id='block_1_142' title="bbox 2201 5454 3792 5529">
    <p class='ocr_par' dir='ltr' id='par_1_142' title="bbox 2201 5454 3792 5529">
     <span class='ocr_line' id='line_1_146' title="bbox 2201 5454 3792 5529; baseline 0.002 -19"><span class='ocrx_word' id='word_1_788' title='bbox 2201 5457 2222 5491; x_wconf 80' lang='lat'><strong>’</strong></span> <span class='ocrx_word' id='word_1_789' title='bbox 2254 5456 2358 5512; x_wconf 87' lang='lat' dir='ltr'><strong>Pro</strong></span> <span class='ocrx_word' id='word_1_790' title='bbox 2392 5456 2661 5520; x_wconf 80' lang='lat' dir='ltr'><strong>Eruditio,</strong></span> <span class='ocrx_word' id='word_1_791' title='bbox 2694 5455 2929 5529; x_wconf 68' lang='lat' dir='ltr'><strong>Regina:</strong></span> <span class='ocrx_word' id='word_1_792' title='bbox 2952 5471 3042 5511; x_wconf 89' lang='lat' dir='ltr'><strong>ms</strong></span> <span class='ocrx_word' id='word_1_793' title='bbox 3075 5497 3088 5522; x_wconf 91' lang='lat'><strong>,</strong></span> <span class='ocrx_word' id='word_1_794' title='bbox 3131 5454 3372 5511; x_wconf 82' lang='lat' dir='ltr'><strong>Eruditi.</strong></span> <span class='ocrx_word' id='word_1_795' title='bbox 3405 5455 3792 5515; x_wconf 83' lang='lat' dir='ltr'><strong>Cisterciens.</strong></span> 
     </span>
    </p>
   </div>
   <div class='ocr_carea' id='block_1_143' title="bbox 2144 5529 2762 5600">
    <p class='ocr_par' dir='ltr' id='par_1_143' title="bbox 2144 5529 2762 5600">
     <span class='ocr_line' id='line_1_147' title="bbox 2144 5529 2762 5600; baseline 0.002 -18"><span class='ocrx_word' id='word_1_796' title='bbox 2144 5530 2473 5593; x_wconf 64' lang='lat' dir='ltr'><strong>intellectus,</strong></span> <span class='ocrx_word' id='word_1_797' title='bbox 2509 5529 2762 5600; x_wconf 67' lang='lat' dir='ltr'><strong>praefert.</strong></span> 
     </span>
    </p>
   </div>
   <div class='ocr_carea' id='block_1_144' title="bbox 2203 5597 3691 5656">
    <p class='ocr_par' dir='ltr' id='par_1_144' title="bbox 2203 5597 3691 5656">
     <span class='ocr_line' id='line_1_148' title="bbox 2203 5597 3691 5656; baseline 0.002 -4"><span class='ocrx_word' id='word_1_798' title='bbox 2203 5599 2247 5634; x_wconf 87' lang='grc'><strong>¹⁰</strong></span> <span class='ocrx_word' id='word_1_799' title='bbox 2288 5597 2636 5655; x_wconf 80' lang='lat' dir='ltr'><strong>lnscribitur</strong></span> <span class='ocrx_word' id='word_1_800' title='bbox 2659 5600 2716 5654; x_wconf 92' lang='lat' dir='ltr'><strong>in</strong></span> <span class='ocrx_word' id='word_1_801' title='bbox 2749 5597 3119 5655; x_wconf 84' lang='lat' dir='ltr'><strong>Cisterciens.</strong></span> <span class='ocrx_word' id='word_1_802' title='bbox 3155 5599 3348 5656; x_wconf 80' lang='lat' dir='ltr'><strong>Oratio</strong></span> <span class='ocrx_word' id='word_1_803' title='bbox 3378 5600 3691 5656; x_wconf 70' lang='lat' dir='ltr'><strong>duntaxat.</strong></span> 
     </span>
    </p>
   </div>
   <div class='ocr_carea' id='block_1_145' title="bbox 2202 5669 3534 5742">
    <p class='ocr_par' dir='ltr' id='par_1_145' title="bbox 2202 5669 3534 5742">
     <span class='ocr_line' id='line_1_149' title="bbox 2202 5669 3534 5742; baseline 0.001 -17"><span class='ocrx_word' id='word_1_804' title='bbox 2202 5671 2243 5705; x_wconf 85' lang='lat'>“</span> <span class='ocrx_word' id='word_1_805' title='bbox 2281 5670 2438 5727; x_wconf 89' lang='lat' dir='ltr'><strong>Idem</strong></span> <span class='ocrx_word' id='word_1_806' title='bbox 2471 5689 2604 5738; x_wconf 91' lang='lat' dir='ltr'><strong>ms.,</strong></span> <span class='ocrx_word' id='word_1_807' title='bbox 2638 5671 2921 5728; x_wconf 75' lang='lat' dir='ltr'><strong>exaudisti</strong></span> <span class='ocrx_word' id='word_1_808' title='bbox 2947 5688 3034 5728; x_wconf 84' lang='lat' dir='ltr'><strong>me</strong></span> <span class='ocrx_word' id='word_1_809' title='bbox 3063 5671 3124 5727; x_wconf 84' lang='lat' dir='ltr'><strong>in</strong></span> <span class='ocrx_word' id='word_1_810' title='bbox 3156 5681 3259 5729; x_wconf 87' lang='lat' dir='ltr'><strong>tua</strong></span> <span class='ocrx_word' id='word_1_811' title='bbox 3280 5669 3534 5742; x_wconf 70' lang='lat' dir='ltr'><strong>justitia.</strong></span> 
     </span>
    </p>
   </div>
  </div>
