4050 6182
236 233 373 291 1301

1583 249 1798 303 LIBER
1835 250 2301 308 PSALMORUM.

3509 261 3526 310 l
3540 257 3643 311 302

306 362 449 446 quia
476 379 593 419 non
616 363 1037 435 justiﬁcabitur
1068 368 1126 422 in
1172 373 1486 441 conspectu
1536 376 1638 428 tno
1692 373 1883 430 omnis
1913 376 1968 443 Α
2068 381 2125 432 et
2155 379 2391 435 dextera
2421 393 2644 448 eorum,
2677 379 2913 436 dextera
2944 379 3252 436 mendacii.

378 451 599 491 VIVODS.

231 509 586 582 Persecutu_s
615 512 704 582 est
732 507 887 562 enim
921 509 1198 582 inimicus
1229 511 1489 568 animam
1524 531 1738 582 meum,

307 578 593 650 confregit
623 579 681 633 in
710 583 866 634 terra
894 581 1072 636 vitam
1104 599 1294 637 meam
1323 599 1336 638 :

305 651 610 733 posuitme
626 651 685 704 in
703 651 968 735 tenebris
982 652 1383 735 {b.collocavit
1406 657 1578 735 m_e_in
1601 658 1881 731 tenebris)

378 723 545 798 quasi
582 726 844 798 mortuos
876 723 1262 798 antiquos_(b.
1299 726 1540 798 saeculi).

231 791 597 868 Etanxiatus
626 794 738 868 fuit
771 797 786 829 ί
823 793 893 868 in
913 791 1282 868 me‘spiri‘tus
1313 791 1519 854 meus':

302 864 363 919 in
398 866 590 921 medio
621 865 736 920 mei
767 864 1088 922 sollicitum
1119 868 1226 924 fuit
1255 885 1354 925 cor
1384 884 1601 926 meum.

225 935 600 1012 Recordabor
626 936 856 1012 dierum
888 939 1294 1012 antiquorum,

300 1009 629 1081 meditabar
658 1008 857 1063 omnia
887 1008 1061 1081 opera
1093 1016 1190 1066 tuo
1219 1027 1233 1066 :

301 1080 454 1134 facta
482 1095 768 1152 manuum
802 1080 1038 1136 tuarum
1073 1082 1373 1152 loquebar.

223 1149 492 1223 Expandi
523 1167 734 1206 manus
765 1167 927 1207 mcas
959 1155 1025 1208 ad
1060 1149 1164 1208 te?
1372 1213 1384 1221 ,

299 1225 500 1278 anima
530 1237 662 1277 mea
692 1223 860 1292 quasi
891 1228 1046 1280 terra
1070 1225 1276 1280 sitiens
1307 1225 1378 1280 ad
1409 1229 1483 1280 te.
1518 1225 1771 1282 Saurea.

228 1293 354 1350 Cito
378 1369 385 1372 Α
410 1294 493 1366 (h.
527 1293 762 1364 festina)
809 1296 1015 1351 exaudi
1067 1312 1182 1360 me,
1215 1295 1480 1364 Domine,
1515 1297 1724 1354 defecit
1750 1300 1869 1372 spi-

370 1369 470 1420 tus
494 1382 696 1421 meus:

295 1452 368 1492 ne
398 1437 724 1492 abscondas
757 1436 964 1491 faciem
995 1441 1157 1492 tuam
1189 1455 1222 1493 a
1254 1455 1368 1504 me,

293 1512 349 1563 et
379 1509 769 1580 comparabor
791 1510 1286 1564 descendentibus
1319 1513 1373 1564 in
1406 1509 1616 1565 lacum.

221 1580 336 1635 Fac
365 1597 457 1635 me
489 1581 689 1635 audire
721 1596 892 1635 mane
924 1581 1384 1637 misericordiam
1416 1587 1604 1649 tuam,

295 1652 572 1722 quoniam
612 1651 671 1706 in
702 1655 760 1707 te
790 1653 1020 1706 confido
1050 1669 1062 1706 :
1400 1686 1405 1691 -

218 1721 432 1778 Notam
466 1724 552 1778 fac
584 1722 728 1778 mibi
757 1722 907 1794 viam
940 1723 1000 1778 in
1031 1739 1144 1793 qua
1175 1723 1493 1794 ambulem,

289 1795 570 1866 quoniam
598 1795 674 1866 ad
705 1798 761 1866 te
788 1793 970 1850 levavi
1004 1795 1263 1850 animam
1294 1793 1507 1851 meam.

215 1865 427 1922 Libera
457 1882 548 1922 me
575 1865 645 1921 de
677 1865 934 1921 inimicis
968 1867 1136 1932 meis,
1169 1867 1414 1923 Domine
1441 1886 1454 1923 :

287 1939 360 1993 ad
396 1943 448 1993 te
481 1943 779 2009 protectus
812 1939 992 1993 sum'.

210 2015 506 2082 Doce_me,
540 2013 605 2082 ut
630 2009 839 2064 faciam
870 2009 1232 2065 voluntatem
1267 2014 1452 2082 tuam,

283 2080 422 2153 quia
453 2085 515 2135 tu
543 2080 897 2153 Deusmeus
922 2097 935 2135 :

283 2151 526 2225 spiritus
548 2155 687 2206 tuus
706 2151 896 2207 bonus
917 2151 1166 2225 deducet
1186 2165 1279 2206 me
1301 2152 1594 2225 interram
1619 2158 1858 2211 rectam.

207 2223 455 2295 Pro—pter
488 2239 702 2279 nomen
736 2227 929 2288 tuum,
960 2223 1228 2290 Domine,
1261 2223 1581 2281 vivificabis
1613 2242 1740 2282 me:

286 2296 345 2350 in
395 2295 631 2366 justitia
681 2300 785 2351 tua
839 2296 1051 2351 educes
1120 2296 1190 2350 de
1257 2296 1534 2368 angustia
1601 2299 1860 2355 animam

359 2383 576 2422 meam.

203 2439 279 2494 Et
311 2437 717 2494 misericordia
747 2441 847 2492 tua
878 2436 1200 2508 dissipabis
1229 2437 1504 2494 inimicos
1539 2456 1714 2505 meos,

275 2515 334 2566 et
361 2511 570 2582 perdes
606 2525 812 2565 omnes
841 2509 1192 2565 tribulantes
1213 2510 1234 2544 ³
1259 2510 1520 2566 animam
1553 2527 1743 2568 meam
1771 2529 1784 2566 :

273 2598 380 2655 ego
406 2583 560 2637 enim
595 2597 727 2637 sum
759 2597 965 2637 servus
997 2587 1156 2636 tuus.

910 2713 1078 2752 DAVID
1108 2697 1152 2763 ‘,

277 2793 560 2866 (CXLIV.)
591 2793 936 2850 Benedictus
969 2792 1256 2850 Dominus
1288 2794 1454 2851 fortis
1486 2812 1674 2864 meus,

321 2865 579 2939 ui_docet
611 2881 1011 2939 manusmeas
1042 2866 1115 2920 ad
1146 2867 1255 2938 (Al.
1291 2866 1375 2936 in)
1407 2867 1673 2939 praelium
1703 2886 1716 2925 ε

328 2937 500 3008 igitos
534 2953 692 2993 meos
723 2937 793 2992 ad
829 2937 1071 2992 bellum.

204 3009 606 3065 Misericordia
638 3024 788 3076 mea,
811 3013 868 3062 et
898 3008 1176 3062 fortitudo
1207 3023 1357 3077 mea,

283 3081 591 3136 auxiliator
620 3096 810 3146 meus,
842 3085 900 3135 et
928 3079 1179 3135 salvator
1205 3096 1372 3136 meus
1398 3099 1411 3142 ;

207 3156 448 3208 Bcutum
484 3167 704 3215 meum,
737 3156 794 3207 et
825 3151 882 3206 in
917 3151 1044 3222 ipso
1073 3152 1300 3222 speravi
1330 3169 1343 3207 :

277 3224 379 3296 qui
411 3223 664 3296 subjecit
693 3223 938 3296 populos
971 3223 1117 3296 mihi
1145 3223 1186 3277 ⁸.

203 3293 477 3366 Domine,
504 3295 643 3366 quid
675 3293 988 3361 est'bomo,
1023 3294 1160 3365 quia
1192 3293 1493 3366 cognoscis
1524 3311 1679 3351 eum.

279 3365 438 3422 [ilius
471 3365 754 3448 hominis,
787 3367 927 3448 quia
957 3365 1450 3448 compu‘tas’eum.

210 3438 398 3494 Homo
421 3437 668 3493 vanitati
700 3437 1064 3493 assimilatas
1095 3442 1181 3491 est
1207 3453 1220 3493 :

282 3511 410 3565 dies
441 3511 570 3581 ejus
600 3509 768 3580 quasi
803 3512 1014 3564 umbra
1044 3509 1462 3579 pertransiens.

207 3581 476 3650 Domine,
504 3581 724 3636 inclina
747 3581 920 3636 coctos
948 3585 1104 3645 tuos,
1134 3586 1190 3634 et
1219 3581 1508 3636 descende
1533 3597 1547 3636 :

280 3657 739 3720 tange,montes,
763 3657 821 3707 et
850 3653 1246 3720 fumigabunt.

212 3723 367 3780 Mica
397 3723 643 3780 fulmine
667 3725 709 3794 °,
742 3727 800 3779 et
831 3723 1054 3794 dissipa
1083 3740 1202 3778 eos.

278 3795 450 3921 mitltle
470 3793 739 3868 sagittam
763 3800 949 3865 tuam,
970 3793 1027 3851 et
1051 3793 1311 3850 interﬁce
1341 3794 1426 3865 (h.
1451 3796 1855 3868 conturbabis)

357 3884 372 3921 ι
424 3884 510 3921 os.

357 3884 510 3923 11108.

207 3939 468 3994 Extende
497 3954 740 3994 manum
771 3942 932 3993 tuam
965 3937 1036 3992 de
1065 3936 1292 3992 exelso:

281 4009 467 4066 libera
496 4027 609 4073 me,
640 4014 698 4064 et
727 4026 865 4064 erue
896 4025 988 4063 me
1019 4009 1089 4064 de
1117 4009 1282 4078 aquis
1313 4007 1518 4064 multis
1546 4025 1557 4063 :

277 4082 349 4137 de
381 4098 557 4137 manu
590 4081 846 4136 ﬁliorum
905 4079 1231 4135 alienorum
1262 4098 1274 4135 :

208 4154 471 4218 Quorum
502 4169 568 4209 os
598 4151 858 4209 locutum
891 4157 982 4208 est
1010 4151 1350 4217 vanitatem,

286 4351 301 4385 ί
337 4349 570 4430 Regina
603 4364 741 4420 ms.,
772 4347 975 4404 anxius
1008 4363 1112 4420 pro
1141 4348 1409 4403 anxiatus
1438 4364 1451 4404 :
1483 4347 1856 4406 Cisterciens.

205 4425 302 4526 est.
317 4437 420 4503 pro
448 4424 578 4502 fuit.

333 4492 706 4547 Cistermens.
744 4508 876 4560 ms.,
909 4507 941 4544 α
971 4495 1028 4544 te
1050 4493 1350 4561 protectus,
1383 4494 1492 4546 etc.

283 4565 304 4598 ³
339 4564 426 4618 Ita
454 4564 839 4620 Carautensis
888 4563 1239 4617 emendatus
1283 4565 1339 4615 et
1373 4579 1481 4616 ms.
1514 4567 1570 4616 S.
1605 4563 1860 4618 Michae-

206 4635 303 4689 lis.
338 4635 446 4690 Alii
477 4636 682 4704 legunt
713 4635 947 4704 ligantes
971 4650 984 4688 :
1009 4634 1165 4703 quod
1199 4633 1458 4687 secunda
1490 4650 1702 4689 manus
1735 4653 1867 4689 mu-

206 4705 356 4762 tavit
381 4707 439 4760 in
473 4706 757 4775 litigantes
785 4707 844 4760 in
895 4721 1115 4760 canone
1161 4705 1634 4761 Careassonensi.
1680 4707 1860 4763 MART.

209 4777 481 4833 -—Nostri
514 4794 722 4834 omnes
750 4795 916 4844 mss.,
941 4777 1194 4846 ligentes,
1216 4777 1533 4847 praeferunt
1557 4795 1659 4848 pro
1685 4779 1862 4834 tribu-

371 4866 416 4903 s.

216 4851 705 4976 layéisterciens.
740 4918 1010 4976 inscribit
1044 4917 1328 4972 Canticum
1361 4917 1549 4974 David.

289 4993 312 5026 ⁸
365 4993 469 5061 Qui
524 4993 754 5062 subjecit
811 4989 1085 5062 papulum
1140 4990 1404 5062 subme.
1465 4990 1556 5045 Sic
1615 4990 1865 5062 legimus

212 5064 276 5119 in
303 5060 756 5119 Carcasson'ensi
795 5060 852 5118 et
884 5060 958 5117 ‘in
1007 5078 1113 5116 ms.
1145 5060 1459 5127 Michaelis,
1493 5079 1596 5116 nec
1644 5060 1758 5120 non
1803 5065 1863 5120 in

209 5134 518 5208 Vaticano.
578 5138 760 5190 MART.
823 5165 891 5176 —
948 5138 1055 5188 Ms.
1090 5133 1344 5204 Reginae,
1385 5134 1636 5204 subjicict
1689 5152 1864 5208 papu-

212 5207 577 5349 “1’13?un
605 5293 776 5346 mss.,
809 5277 976 5332 Misca
1002 5274 1270 5349 fulmina.
1304 5274 1490 5349 Maa'r.

286 5350 307 5384 "
366 5347 510 5406 Mss.
573 5354 692 5406 tres
751 5353 854 5405 aut
907 5352 1184 5420 quatuor,
1215 5347 1282 5402 de
1336 5347 1522 5416 gladio
1583 5348 1861 5422 maligno.

213 5421 406 5547 MA'nlrn
437 5491 640 5548 eodem
672 5507 809 5559 ms.,
841 5493 1085 5562 Hymnus
1116 5488 1290 5546 David
1319 5507 1332 5545 :
1363 5489 1422 5544 in
1466 5489 1863 5563 Cisterciens.,

212 5566 360 5620 Laus
388 5563 582 5631 David,
614 5569 996 5636 praenotatur.

287 5637 309 5670 ⁹
336 5631 703 5708 Exemplaria
731 5637 980 5708 Canonis
1009 5637 1065 5689 et
1094 5649 1236 5708 mss.
1263 5634 1317 5686 S.
1346 5631 1645 5708 Michaelis
1667 5651 1732 5708 ac
1755 5633 1863 5688 Va-

210 5708 450 5835 ticani/11s
479 5704 587 5764 hoc
620 5707 793 5764 modo
823 5706 1065 5780 legunt:
1099 5706 1157 5759 in
1188 5706 1410 5760 cmteris
1443 5704 1686 5761 inventio
1718 5707 1861 5776 legi-

241 5795 333 5834 ur.
428 5793 558 5834 ΑΜ.

241 5795 333 5834 UP.
370 5793 558 5834 MART.

1995 452 2150 504 Deus
2178 451 2471 506 canticum
2505 468 2717 507 novum
2751 452 2996 506 cantabo
3026 450 3158 518 tibi,

2066 521 2124 594 in
2160 521 2427 590 psalterio
2459 523 2820 578 decachordo
2853 522 3099 594 psallam
3135 522 3262 591 tibi,

1992 591 2099 656 Qui
2131 594 2232 666 d_at
2263 595 2808 666 salutemiregibus,

2063 663 2164 738 qui
2194 665 2346 719 eruit
2364 665 2539 720 David
2569 663 2803 738 servum
2826 665 3037 738 suum]
3054 664 3125 738 _de
3143 665 3336 736 gladio
3354 667 3632 738 pessimo.

1990 733 2198 790 Libera
2217 751 2330 805 me,
2349 742 2407 791 et
2425 751 2560 790 erue
2582 753 2675 791 me
2691 737 2762 790 de
2780 751 2956 791 manu
2982 733 3241 792 filiorum
3266 733 3631 795 alienorum:

2060 822 2311 877 quorum
2343 823 2408 862 os
2439 807 2700 863 locutum
2730 811 2819 862 est
2845 807 3163 862 vanitatem
3191 828 3204 875 ;

2059 883 2116 932 et
2144 878 2379 934 dextera
2409 893 2635 945 eorum,
2671 879 2907 933 dextera
2937 879 3251 935 mendacii.

1987 947 2061 1004 Ut
2093 947 2213 1004 sint
2243 949 2348 1004 ﬁlii
2382 950 2565 1022 nostri
2598 950 2768 1022 quasi
2800 949 3082 1020 plantatio

2058 1036 2324 1076 crescens
2356 1022 2412 1076 in
2445 1021 2838 1077 adolescentia
2866 1036 3011 1076 sua:

1985 1090 2140 1145 Filiae
2173 1096 2386 1148 nostris
2417 1092 2586 1162 quasi
2619 1091 2845 1163 anguli,

2057 1164 2243 1218 ornati
2278 1164 2349 1218 ad
2384 1162 2833 1219 similitudinem
2864 1162 3090 1234 templi.

1983 1233 2842 1317 Promptuariamnostraplena,

2053 1310 2112 1360 et
2142 1303 2319 1377 super
2349 1303 2710 1361 effundentia
2739 1323 2806 1361 ex
2834 1305 2945 1360 hoc
2973 1304 3031 1359 in
3065 1303 3210 1360 illud
3238 1323 3252 1361 :

2053 1393 2264 1447 pecora
2293 1383 2492 1432 nostra
2521 1377 2580 1432 in
2614 1377 2900 1441 millibus,

2050 1453 2108 1502 et
2137 1448 2595 1503 innumerabilia
2624 1449 2681 1503 in
2715 1447 2987 1518 compitis
3016 1448 3255 1503 nostris.

1979 1520 2155 1574 Tauri
2189 1521 2374 1596 nostri
2407 1521 2654 1596 pingues
2683 1520 2767 1589 (h.
2792 1520 2972 1574 duces
3003 1519 3189 1573 nostri
3224 1520 3546 1596 portantes)
3573 1538 3586 1578 :

2049 1607 2166 1646 non
2196 1598 2286 1646 est
2313 1592 2649 1661 interuptio.
2677 1596 2735 1645 et
2764 1607 2878 1646 non
2910 1596 2998 1645 est
3027 1605 3336 1661 egressus:

2049 1667 2105 1717 et
2137 1679 2251 1717 non
2283 1667 2383 1734 est,
2402 1662 2665 1718 ululatus
2692 1662 2994 1734 in_plateis
3026 1663 3264 1717 nostris.

1895 1739 1946 1806 Β
1975 1731 2186 1806 Beatus
2218 1733 2466 1806 populus
2495 1735 2662 1804 cujus
2691 1731 2832 1806 talia
2862 1737 3039 1806 sunt:

2048 1803 2262 1861 Beatus
2294 1803 2544 1878 populus
2564 1803 2746 1876 cujus
2777 1804 3062 1861 Dominus
3092 1803 3247 1860 Deus
3277 1819 3440 1861 suus.

2518 1935 2796 1975 LAUDATIO
2835 1934 3002 1975 navxn
3033 1919 3074 1972 ⁸.

1975 2016 2222 2089 (CXLV)
2278 2018 2516 2088 (Aleph.)
2565 2017 2842 2089 Exaltabo
2888 2021 2965 2083 te,
2999 2021 3150 2072 Deus
3199 2032 3364 2089 meus
3415 2030 3534 2089 rex,
3563 2022 3622 2075 et

2048 2087 2388 2214 bgsmﬁiieam
2422 2087 2647 2145 nomini
2670 2093 2771 2144 tuo
2801 2088 2861 2143 in
2881 2094 3163 2144 aeternum
3184 2088 3265 2158 (h.
3288 2087 3616 2162 saeculum),

2048 2177 2074 2214 s
2133 2177 2164 2214 u
2222 2177 2304 2214 ra.

2042 2165 2101 2215 et
2133 2164 2304 2216 ultra.

1971 2231 2173 2304 (Retia)
2205 2232 2268 2287 In
2297 2229 2458 2304 omni
2490 2230 2586 2285 die
2616 2229 3112 2304 benedicamtibi,
3145 2233 3200 2285 et
3221 2229 3482 2304 laudabo
3504 2247 3620 2304 _no-

2045 2300 2178 2358 men
2211 2307 2380 2358 tuum
2408 2303 2468 2358 in
2499 2302 2927 2374 sempiternum
2953 2301 3036 2372 (h.
3061 2301 3342 2357 saeculum
3374 2306 3431 2358 et
3461 2300 3618 2358 ultra

2046 2374 2276 2429 iugiter.

1970 2391 2532 2518 (Gii‘iggingagnus
2563 2443 2869 2518 Dominus,
2895 2446 2957 2518 et
2979 2443 3296 2518 laudabilis
3327 2443 3534 2518 nimis:
3559 2447 3618 2500 et

2042 2515 2492 2583 magnificentiae
2524 2516 2652 2585 ejus
2685 2533 2799 2570 non
2832 2521 2920 2569 est
2945 2515 3316 2584 investigatio
3345 2517 3386 2568 ³.

1967 2588 2230 2659 (Παιεεῆ.)
2251 2586 2559 2659 Generatio
2591 2588 2657 2641 ad
2691 2587 3128 2659 generationem
3154 2587 3418 2641 laudabit
3439 2603 3616 2658 opera

2040 2666 2160 2725 tua,
2196 2658 2254 2714 et
2285 2658 2658 2713 fortitudines
2686 2664 2820 2712 tuas
2853 2658 3309 2712 annuntiabunt.

1969 2730 2421 2804 (He.)D_ecor_e_m
2453 2728 2647 2801 glorias
2697 2728 3123 2804 magnitudinis
3172 2733 3306 2796 tuis,
3339 2732 3396 2784 et
3440 2729 3616 2784 verba

2115 2799 2479 2857 mirabilium
2506 2805 2742 2855 tuorum
2767 2799 2993 2867 loquar.

1966 2877 2151 2946 (Vau.)
2171 2873 2241 2928 Et
2271 2871 2673 2946 fortitudinem
2709 2870 3081 2926 borribilium
3105 2869 3611 2946 tuorumAloquen-

2108 2949 2223 3008 tur,
2257 2948 2314 2998 et
2345 2943 2778 3006 magnitudines
2808 2947 2941 2996 tuas
2972 2941 3298 2996 narrabant
3329 2941 3390 2994 ¹⁰.

1965 3016 2122 3088 (Zain
2138 3020 2183 3083 .)
2203 3015 2542 3088 Memoriam
2562 3013 2761 3088 multa;
2777 3011 3056 3088 bonitatis
3074 3011 3607 3088 tumloquentudh.

2114 3086 2503 3153 eructabunt),
2537 3089 2594 3139 et
2617 3083 2882 3156 justitias
2912 3090 3045 3156 tuas
3083 3084 3428 3156 laudabunt.

1977 3157 2525 3232 (IIheth.)_Clemens,
2542 3161 2603 3232 et
2619 3154 2954 3232 misericors
2975 3154 3614 3232 Dominusapatiensﬁt

2118 3226 2314 3284 multis
2346 3227 2742 3284 miserationis
2773 3227 2852 3296 (h.
2892 3227 3099 3282 tardus
3143 3227 3213 3282 ad
3264 3226 3520 3282 furorem
3552 3230 3610 3281 et

2114 3316 2343 3365 magnes
2374 3299 2826 3369 misericordia).

1969 3373 2166 3445 (Teth.)
2198 3373 2395 3445 Bonus
2445 3371 2726 3445 Dominus
2775 3367 3066 3445 Omnibus,
3097 3372 3156 3425 et
3197 3367 3609 3425 misericordia

2111 3443 2240 3515 ejus
2269 3442 2329 3498 in
2363 3443 2634 3496 universa
2663 3458 2837 3515 opera
2867 3442 3017 3515 ejus.

1964 3512 2553 3585 (lod.)'Conﬁteantur
2579 3512 2716 3585 tibi,
2738 3513 3003 3578 Domine,
3037 3512 3233 3585 omnia
3281 3527 3457 3583 opera
3487 3515 3607 3585 tua,

2109 3581 2166 3642 et
2196 3585 2382 3641 sancti
2411 3587 2492 3652 (h.
2527 3584 2955 3651 misericordes)
2988 3584 3072 3637 tui
3123 3581 3470 3638 benedi‘cant
3501 3581 3608 3636 tibi

1967 3658 2181 3730 (Copia)
2232 3656 2485 3730 Gloriam
2538 3657 2700 3728 regni
2752 3657 2833 3710 tui
2885 3657 3100 3722 dicent,
3134 3659 3189 3712 et
3238 3655 3608 3710 fortitudines

2108 3735 2242 3784 tuas
2273 3727 2610 3799 loquentur.

1967 3800 2234 3872 (Lamed.)
2262 3793 2678 3872 Ut'ostendant
2712 3795 2850 3872 filiis
2883 3795 3191 3872 hominum
3218 3793 3613 3872 _fortitudines

2107 3866 2236 3941 ejus
2268 3871 2333 3934 ¹¹,
2365 3873 2421 3924 et
2450 3867 2698 3939 gloriam
2730 3867 2956 3921 decoris
2987 3866 3148 3941 regni
3179 3866 3329 3935 ejus.

1966 3934 2173 4014 (Memf)
2205 3934 2658 4014 Regnumtuum
2685 3953 2926 4014 regnum
2957 3934 3220 4014 omnium
3240 3934 3614 4002 saeculorum,

2111 4008 2169 4068 et
2201 4008 2456 4080 potestas
2478 4016 2580 4066 tua
2609 4011 2669 4065 in
2701 4009 2858 4064 omni
2883 4008 3284 4081 generatione,
3305 4013 3616 4079 etgenera-

2111 4084 2357 4138 tionem.

1967 4155 2268 4228 (Samech.)
2287 4157 2591 4210 Sustentat
2613 4153 2655 4187 ¹²
2679 4151 2958 4208 Dominus
2979 4167 3184 4207 omnes
3207 4152 3544 4206 oorruentee
3563 4152 3620 4202 et

2042 4353 2086 4387 ¹ο
2118 4349 2298 4406 Iidem
2333 4364 2504 4414 mss.,
2535 4347 2780 4404 narrabo
2811 4363 2913 4419 pro
2943 4346 3280 4419 narrabant.

2043 4426 2085 4460 ¹¹
2128 4424 2191 4479 In
2241 4420 2614 4477 Cisterciens.
2664 4417 3183 4490 ms.,forlitudincs
3231 4423 3376 4485 tuas,
3405 4423 3458 4472 et
3497 4417 3616 4487 glo-

1893 4478 1940 4543 D
1971 4478 2360 4551 ritimidecoris
2392 4492 2549 4559 regni
2579 4491 2682 4546 tui.

2046 4568 2087 4601 ¹²
2117 4565 2368 4621 Abestin
2388 4557 2643 4619 Hebraeis
2662 4560 3064 4616 voluminibus
3090 4559 3316 4629 integer
3357 4557 3614 4614 versicu-

1970 4637 2065 4693 lus
2097 4638 2197 4709 qui
2232 4653 2273 4709 a7
2291 4635 2488 4691 littera
2517 4652 2650 4709 nun
2682 4633 2915 4709 initium
2949 4633 3217 4709 ducebat.
3253 4631 3420 4709 Hine
3449 4631 3616 4709 colli-

1972 4726 2078 4781 gas
2111 4701 2384 4763 fnutilum
2405 4722 2546 4781 esse
2578 4704 2779 4781 aliqua
2803 4703 2891 4758 sui
2923 4709 3086 4774 parte
3130 4706 3320 4781 totum
3375 4701 3616 4756 Hebrai-

1975 4774 2130 4846 Eum,
2155 4785 2212 4833 et
2241 4783 2375 4833 ante
2404 4775 2734 4847 Hieronymi
2767 4780 3042 4847 tempora
3063 4774 3349 4829 excidisse
3377 4789 3611 4847 versum

1974 4843 2267 4907 decimum
2299 4854 2575 4920 quartum
2611 4843 2786 4920 liujus
2836 4843 3310 4920 psalmisneque
3359 4859 3488 4920 vero
3542 4843 3614 4896 il-

1975 4924 2096 4978 lum
2120 4922 2282 4994 legas
2415 4915 3139 4994 exemplaribus_Canonis
3185 4917 3494 4994 Hebraicis
3525 4931 3617 4969 ve-

1975 4987 2209 5050 ritatisv:
2234 4993 2338 5048 etsi
2387 4987 2643 5062 scriptus
2693 4989 3015 5062 reperiatur
3063 4989 3388 5062 temeritate
3438 4987 3618 5062 libra-

1975 5067 2197 5121 riorum
2229 5065 2288 5118 in
2319 5057 2574 5134 quatuor
2621 5057 2773 5116 mss:
2800 5061 3102 5116 codicibus
3154 5057 3615 5134 llieronymianaa

1972 5137 2148 5192 istius
2177 5131 2482 5190 versionis.
2517 5138 2645 5187 Haae
2676 5136 2815 5187 sunt
2843 5137 3036 5186 autem
3080 5146 3208 5200 quas
3236 5131 3616 5184 exciderunt:

1973 5207 2175 5263 Fidelis
2206 5208 2470 5262 Dominus
2516 5207 2574 5260 in
2623 5203 2876 5258 omnibus
2923 5203 3097 5257 verbis
3125 5202 3261 5268 suis,
3292 5208 3342 5256 et
3388 5207 3622 5256 sanctus

1972 5279 2036 5334 in
2067 5278 2320 5334 omuibus
2349 5276 2605 5349 operibus
2632 5275 2746 5349 suis
2775 5277 2956 5349 MART.

2050 5381 2113 5390 —
2144 5341 2391 5405 Sumcit'
2422 5346 2825 5403 Cisterciensis
2876 5361 3011 5412 ms.,
3043 5342 3421 5408 versiculum,
3456 5341 3615 5397 Fide-

1975 5421 2045 5477 lis
2078 5422 2338 5476 Dominus
2377 5422 2436 5475 in
2489 5419 2744 5473 omnibus
2798 5417 2977 5471 verbis
3006 5415 3120 5469 suis
3175 5419 3228 5470 et
3280 5417 3501 5469 sanctus
3557 5413 3624 5469 in.

1972 5494 2226 5549 omnibus
2255 5494 2509 5556 operibus
2550 5492 2689 5549 suis.
2724 5505 2894 5559 quem
2954 5487 3026 5542 ab
3086 5486 3368 5559 Hebraico
3425 5501 3618 5540 exem-

1973 5564 2120 5636 plari
2151 5564 2436 5620 excidisse
2469 5567 2692 5636 certum
2733 5557 2822 5636 est
2868 5576 2936 5613 ex
2962 5559 3119 5636 ipso.
3163 5557 3367 5636 litterae
3417 5572 3624 5636 nun,_a

2019 5653 2086 5690 us
2119 5640 2207 5690 est
2237 5635 2630 5701 incipiendus,
2663 5633 2914 5685 defectu.
2961 5630 3205 5683 Videtur
3235 5633 3428 5701 autem
3463 5627 3621 5683 exci-

2019 5653 2086 5690 U'i
2119 5653 2207 5690 est
2237 5653 2630 5701 Inoipienuus,
2663 5653 2914 5685 "ﬂlt‘CLU.
2972 5653 3205 5683 Vluelur
3235 5653 3428 5682 uuwul
3463 5653 3621 5683 excl-

1974 5653 2130 5764 gisse
2163 5712 2295 5761 ante
2327 5703 2657 5775 Hieronymi
2692 5703 2882 5775 ipsius
2921 5705 3205 5775 tempora,
3239 5699 3530 5775 siquidem
3563 5703 3621 5754 et

1976 5777 2234 5836 melioris
2267 5781 2412 5834 notae
2444 5773 2694 5845 codices,
2720 5773 2825 5846 qui
2854 5773 3004 5828 hanc
3035 5773 3162 5842 ejus
3191 5773 3516 5828 versionem
3551 5787 3619 5827 ex
