2025 3091
127 122 139 149 1
143 120 196 149 305

128 184 262 226 Ignis,Aet
276 184 401 226 grando,
416 183 476 219 nix,
493 185 521 226 et
535 183 644 226 glacies
658 191 665 211 :

162 222 280 254 ventus,
294 220 394 254 turbo,
410 228 475 256 qua)
491 220 587 248 facitis
604 227 770 248 sermonem
786 220 861 256 ejus.

129 258 241 286 Montes
256 258 286 284 et
301 263 405 284 omnes
421 255 512 284 collos
529 264 535 283 :

165 293 291 334 Lignum
305 291 490 333 fru_ctil'eru_m
507 294 535 320 et
550 291 677 334 universa
692 291 782 320 cedri.
870 303 875 317 ι

130 327 246 361 Bestiae,
261 329 291 355 et
306 327 441 355 universa
451 328 599 363 jumenta,

165 363 295 400 reptilia,
310 365 339 391 et
354 371 421 391 aves
436 363 577 400 volantes.

128 398 222 440 Reges
233 402 317 440 terra
331 402 359 440 el
375 407 477 439 omnes
493 398 592 440 populi
611 406 617 426 :

165 435 312 471 principes
327 438 356 462 ot
372 435 501 462 universi
518 435 636 470 judices
650 435 744 461 terra.

130 472 271 504 Juvenes,
284 473 313 498 et
327 471 458 506 virgines
476 479 482 497 :

164 515 251 535 senes
265 514 333 534 cum
349 505 448 535 pueris
460 506 582 534 laudent
597 513 705 533 nomen
721 505 846 533 Domini.

164 515 251 535 senes
265 515 333 534 cum
371 515 448 534 ueris
460 515 582 534 laudent
597 515 705 533 nomen
721 515 752 533 υ(

130 543 272 576 Quoniam
290 515 418 570 subiime
433 549 540 569 nomen
555 541 620 577 ejus
635 540 728 569 solius
745 550 752 569 :

164 579 258 615 gloria
271 579 336 615 ejus
351 577 381 606 in
397 577 469 606 cmlo
485 577 559 615 etin
574 579 663 615 terra.

131 612 316 642 Et'oxaltavit
329 621 420 642 cornu
434 612 594 649 populiisui
608 621 615 640 :

165 650 231 678 laus
246 649 384 678 omnibus
400 647 510 677 sanctis
527 648 566 683 (h.
585 647 836 683 misericordibus)
852 648 928 683 ejus,

166 686 235 713 ﬁliis
250 686 338 713 Israel
352 686 458 721 populo
469 684 719 721 appropinquanti
733 683 956 720 (h.propinquo)

202 721 269 749 sibi.
288 721 422 749 Alleluia.

202 721 269 750 sibi.
288 721 422 749 Alleluia.

469 786 617 806 ALLBLUIA.

134 828 272 865 (CXLIX.)
287 828 408 857 Cautate
423 828 547 865 Domino
563 827 712 855 canticum
727 834 836 865 novum
851 834 857 854 :

167 865 232 906 laus
245 861 310 906 ejus
326 865 356 892 in
372 863 598 900 congregatione
613 866 784 891 sanctorum
801 861 957 898 (h.miseri-
970 873 995 906 Β

204 900 311 934 dium).

136 936 260 964 Laetetur
275 935 363 963 Israel
379 935 409 962 in
425 935 534 963 factore
549 943 603 962 suo
620 943 627 962 ε

166 972 219 999 filii
235 972 303 999 Sion
319 971 467 999 exsultent
481 971 511 998 in
529 978 596 1006 rege
611 978 676 998 suo.

132 1007 264 1035 Laudent
279 1015 385 1035 nomen
405 1007 469 1041 ejus
482 1006 513 1034 in
528 1007 617 1033 choro
634 1015 641 1034 :

167 1043 196 1070 in
213 1046 362 1079 tympano,
379 1044 408 1070 et
418 1040 536 1079 cithara
549 1044 670 1079 cantent
694 1041 736 1076 (h.
756 1040 899 1079 psallunt)
915 1040 952 1069 ei.

134 1079 208 1112 Quia
222 1077 385 1115 complacet
400 1078 456 1115 sibi
470 1078 614 1115 Dominus
630 1077 660 1104 in
676 1077 784 1115 populo
799 1084 852 1115 suo
868 1085 876 1104 :

165 1112 305 1178 exallialzi't
329 1114 372 1186 gh.
385 1113 571 1150 gloriﬁcabit)
587 1116 758 1141 mansuetos
773 1112 802 1140 in
818 1112 888 1141 Jesu
911 1112 951 1148 (h.

200 1158 233 1178 sa
247 1159 264 1178 u
280 1158 326 1178 em
342 1170 349 1177 .

200 1152 349 1178 salutem).

668 120 858 149 PREFATIO
876 122 915 149 IN
933 121 1060 149 LIBROS
1078 121 1294 150 BAIJOMONIS.

966 186 994 221 Α
1009 184 1202 213 Exsullabant
1217 185 1311 214 sancti
1328 185 1369 221 (h.
1384 184 1600 221 misericordes)
1614 184 1644 212 in
1660 183 1755 221 gloria
1771 193 1777 211 :

1764 120 1834 148 i306

1045 221 1209 249 laudabunt
1222 221 1252 249 in
1267 221 1416 249 cubilibus
1431 221 1494 248 suis
1512 229 1519 248 :

1042 257 1261 285 Exsultationes
1278 258 1286 275 ί
1306 257 1354 285 Dei
1369 257 1398 285 in
1415 259 1533 292 gutture
1547 264 1660 290 eorum,

1044 295 1076 334 et
1087 292 1176 334 gladii
1195 292 1386 334 ancipites‘in
1403 293 1671 334 manibu‘s'eorum.

1007 329 1051 364 Ap
1066 328 1227 356 faciendam
1243 328 1402 356 vindictam
1419 328 1448 356 in
1464 328 1603 364 gentibus
1619 335 1626 355 :

1045 364 1260 400 increpationos
1275 364 1304 391 in
1317 364 1434 400 populis
1449 364 1491 398 (h.
1509 363 1667 399 plebibus).

1009 399 1046 428 Ut
1061 399 1183 435 alligent
1198 408 1281 435 reges
1296 399 1397 428 eorum
1413 400 1537 433 catenis,

1043 438 1073 472 et
1086 434 1213 472 inclytus
1227 434 1328 472 eorum
1343 436 1537 472 compedibus
1553 434 1667 472 ferreis.

1009 470 1046 499 Ut
1061 470 1170 498 faciant
1183 471 1212 499 in
1229 471 1271 498 eis
1282 471 1430 507 judicium
1446 470 1671 507 conscriptum;

1045 507 1132 535 decor
1140 509 1185 534 est
1195 503 1329 535 omnium
1340 510 1509 535 sanctorum
1521 503 1708 542 (h.bmnibus
1721 503 1834 532 miseri-

1081 542 1230 579 cordibus)
1246 543 1321 578 ejus.
1341 542 1475 578 Alleluia,

1348 609 1454 629 ALLELU
1458 609 1495 629 ΚΑ.

1008 649 1084 685 (CL.)
1099 650 1228 677 Laudato
1243 649 1402 678 Dominum
1417 650 1447 677 in
1458 650 1560 677 sancto
1572 649 1637 684 ejus
1653 656 1660 677 :

1046 683 1164 713 laudato
1179 694 1246 713 eum
1263 686 1292 713 in
1308 685 1478 713 fortitudine
1498 683 1633 720 potentia:
1662 684 1703 719 (h.
1734 683 1835 711 ﬁrma-

1082 724 1181 749 mento
1197 721 1386 755 fortitudinis)
1401 722 1479 756 ejus.

1011 757 1140 785 Laudato
1154 765 1222 785 eum
1238 757 1268 785 in
1284 757 1506 785 fortitudiuibus
1521 756 1585 791 ejus
1607 764 1614 784 ε

1046 792 1164 820 laudato
1178 801 1246 821 eum
1259 793 1343 829 juxta
1358 789 1581 821 multitudinem
1604 789 1830 828 magnificentia:

1084 837 1155 856 suae.

1011 864 1139 892 Laudato
1153 872 1219 892 eum
1236 865 1263 891 in
1282 864 1418 899 clangore
1434 862 1564 891 buccinae
1582 871 1589 890 :

1044 899 1160 928 laudate
1176 908 1241 927 eum
1260 900 1288 926 iu
1307 899 1442 934 psalterio
1458 903 1487 926 et
1502 899 1624 931 cithara,

1008 936 1138 963 Laudato
1153 944 1220 963 eum
1237 936 1265 962 in
1282 936 1400 962 chordis
1416 939 1574 970 etorgano.

1008 972 1137 999 Laudato
1152 980 1218 999 eum
1237 972 1265 998 in
1282 971 1423 1007 cymbalis
1440 971 1615 997 sonantibus
1632 978 1639 997 :

1042 1006 1160 1035 laudato
1175 1016 1242 1034 eum
1259 1008 1287 1033 in
1300 1004 1445 1043 cymbalis
1457 1006 1652 1033 tinnientibus
1667 1004 1708 1040 (h.
1723 1004 1833 1041 jubila-

1079 1043 1190 1070 tionis).

1008 1044 1195 1114 Omnteoq‘uﬂd
1211 1078 1314 1113 spirat.
1328 1077 1429 1106 laudet
1443 1077 1611 1105 Dominum.

1114 1113 1240 1142 Alleluia
1255 1115 1277 1141 ί.

771 1220 892 1256 Ezpticit
906 1220 977 1249 liber
990 1221 1164 1250 Paulinorum
1179 1222 1200 1249 ³.

163 1284 171 1301 ¹
189 1283 222 1311 In
238 1283 355 1319 Regina:
371 1291 426 1310 ms.
444 1285 476 1310 ut
490 1282 524 1319 in
536 1282 672 1318 Vulgata,
689 1282 892 1319 Exaltationu.

161 1319 172 1336 ¹
188 1318 544 1347 Cauon’Carcassouensis
552 1318 636 1354 solus
651 1319 692 1346 ita
704 1318 791 1346 habet
806 1319 952 1354 scriptum

128 1354 164 1382 ad
179 1354 289 1383 calcem
312 1354 455 1382 Psalterii.
482 1353 606 1390 Explicit
630 1355 808 1382 Psalterium.
833 1353 905 1382 Sunt
921 1355 950 1382 in

125 1391 260 1419 Psalterio
275 1398 370 1419 versus
385 1399 415 1418 ιι.
433 1398 462 1419 D.
478 1398 548 1423 mi,
565 1390 594 1418 id
610 1392 654 1418 est
669 1390 751 1424 3522,
768 1392 810 1418 tot
825 1398 952 1426 nemque

148 1429 198 1454 uot
209 1429 403 1455 numerantur
416 1426 444 1453 in
456 1426 584 1454 Hebraeis
594 1426 845 1454 Massoretharum
857 1434 952 1454 exem-

124 1461 268 1498 plaribus.
299 1462 373 1490 Hinc
401 1461 568 1499 colligimus
606 1462 830 1490 annotationem
857 1461 952 1497 illam,

126 1552 660 1567 Ξ

1007 1291 1066 1320 qua
1077 1291 1220 1320 numerus
1231 1292 1368 1312 versuum
1381 1284 1513 1312 Psalterii
1527 1284 1688 1320 praeﬁnitus
1700 1284 1837 1320 ostjuxta

1006 1319 1207 1356 Massorothas
1229 1320 1415 1356 Hieronymo)
1428 1322 1512 1347 aatate
1528 1320 1655 1347 multum
1669 1319 1835 1356 interiores,

1006 1356 1043 1383 ab
1059 1355 1218 1383 scholiaste
1229 1355 1356 1383 Canonis
1368 1355 1514 1383 Hebraicas
1522 1355 1712 1390 veritatis,vel
1725 1355 1760 1382 ab
1776 1355 1834 1383 alio

1006 1390 1149 1427 scriptore
1163 1391 1285 1426 antiquo
1296 1391 1436 1419 llebraice
1447 1391 1540 1427 perito
1551 1391 1643 1419 fuisse
1658 1391 1831 1420 derivatam.

1684 1428 1777 1454 Mau'r.

662 1552 1833 1567 mm

284 1632 595 1710 Pll/E—FATIOl
623 1636 943 1682 HIERONYMI
970 1637 1027 1680 IN
1057 1635 1262 1681 LIBROS
1293 1633 1669 1681 SALOMONIS’-

590 1736 757 1766 Chromatio
772 1738 802 1765 ot
816 1736 971 1765 Heliodoro
986 1736 1116 1774 episcopi
1131 1736 1143 1754 ⁸
1159 1737 1364 1774 Hieronymus.

157 1895 267 1931 Jungat
281 1893 415 1931 epistola.
431 1902 505 1930 quos
527 1893 628 1929 jungit
655 1893 851 1922 sacerdotium
869 1901 875 1921 :
892 1893 952 1922 imo
968 1894 989 1928 α
1007 1894 1241 1922 Commentarios
1256 1894 1286 1922 in
1302 1894 1384 1929 Osee,
1400 1895 1499 1927 Amos,
1524 1894 1705 1929 Zachariam,
1736 1895 1829 1923 Mala-

122 1939 227 1968 charta
241 1947 299 1967 non
323 1938 446 1973 dividat,
474 1946 548 1974 quos
578 1937 684 1966 Christi
714 1937 806 1966 nectit
833 1938 950 1966 amor‘.

161 2038 170 2055 ί
185 2037 285 2064 Canon
301 2036 486 2064 Memmiana:
502 2036 689 2064 Bibliotheca
713 2035 789 2063 hanc
804 2035 892 2063 habet
907 2036 952 2063 in-

124 2073 315 2109 scriptionem
332 2073 361 2099 in
379 2072 473 2109 fronte
490 2071 815 2109 librorum_8nlomo_nis
831 2080 838 2099 :
856 2071 951 2109 Hiero-

122 2107 227 2143 nyrnm
270 2108 430 2136 Chromatio
472 2110 498 2136 et
542 2107 693 2135 Heliodoro
731 2107 878 2143 episcopis,
918 2107 952 2135 de

122 2142 246 2173 editione
260 2143 294 2171 ad
310 2144 448 2179 liquidum
462 2152 499 2171 ex
515 2143 629 2172 Hel)er
645 2143 794 2172 translata.
816 2142 951 2171 Ecclesiae

122 2183 224 2209 autem
251 2179 449 2207 Narbonensis
477 2179 569 2207 Biblia
592 2181 689 2212 Sacra,
716 2187 780 2215 quae
804 2179 949 2207 Canonem

122 2215 272 2245 Hobraicaa
288 2215 418 2243 veritatis
433 2214 572 2243 similiter
591 2214 838 2250 complectuntur,
855 2217 887 2242 ut
897 2223 950 2242 suo

122 2252 189 2280 loco
205 2251 382 2286 explicatum
398 2253 453 2283 est,
480 2252 533 2278 hoc
554 2251 641 2278 modo
666 2250 889 2278 Proverbiorum
906 2251 950 2277 in-

123 2287 262 2316 scribunt
276 2286 384 2314 librum
403 2295 409 2314 :
428 2286 506 2315 Liber
522 2286 685 2318 Salomonis,
703 2287 733 2314 id
747 2289 787 2314 est
805 2286 952 2314 Parabolz

121 2324 187 2355 eius
210 2323 361 2351 secundum
389 2323 553 2350 Hebruicam
581 2323 725 2350 veritatem
752 2322 898 2350 translata:
917 2322 951 2349 ab

120 2359 239 2388 Eusebio
262 2358 430 2393 Hieronymo
464 2358 632 2393 presbytero,
657 2359 763 2393 petente
793 2359 952 2386 Chromatio

121 2397 151 2423 et
167 2394 291 2422 Eliadum
306 2393 440 2430 episcopo.
455 2393 573 2424 Eadem.
589 2396 640 2421 sed
666 2394 785 2430 clarius,
814 2393 952 2430 leguntur

122 2402 151 2423 et
167 2402 291 2422 ctzoaora
306 2402 396 2430 episco
416 2402 440 2421 ο.
455 2402 573 2424 nauem.
589 2402 640 2421 seu
666 2402 785 2427 clarius,
814 2402 949 2429 leguntur

122 2431 155 2458 in
172 2430 345 2458 ms.codices
362 2402 521 2457 Bibliorum
533 2429 704 2456 monasterii
717 2429 798 2457 Silva
810 2429 949 2464 majoris:

122 2466 206 2494 Liber
230 2466 396 2498 Salomonis,
423 2465 454 2492 id
481 2467 519 2492 est
547 2465 694 2493 Parabolze
717 2466 775 2498 eius
802 2465 951 2492 secundum

123 2503 287 2531 Hebraicam
302 2501 445 2529 veritatem
456 2501 597 2528 translata
608 2501 645 2528 ab
661 2501 828 2536 Hieronymo
839 2501 950 2536 presby-

121 2541 195 2571 tero,
211 2537 363 2573 petentibus
386 2537 541 2564 Chromatio
559 2541 597 2573 rel
626 2537 768 2564 Heliodoro
795 2538 948 2573 episcopis:

1004 1937 1114 1970 chiam,
1137 1946 1213 1974 quos
1223 1941 1357 1973 posutus,
1380 1938 1575 1974 scripsissem,
1587 1939 1611 1966 si
1624 1939 1757 1967 licuisset
1772 1947 1829 1976 prie

1040 2037 1051 2053 ¹
1066 2037 1109 2064 lta
1121 2036 1243 2072 triginta
1266 2036 1301 2063 ad
1319 2035 1421 2072 minus
1442 2044 1514 2064 mss.
1539 2036 1665 2070 codices,
1681 2035 1731 2071 qui
1747 2044 1830 2063 cons-

1005 2073 1119 2108 stanterr
1134 2071 1235 2107 legunt
1250 2072 1363 2099 uastati:
1375 2072 1403 2099 in
1413 2071 1470 2108 hac
1482 2072 1651 2108 praefatione
1669 2081 1675 2099 :
1693 2071 1828 2108 quamvis

1004 2108 1035 2136 in
1048 2107 1165 2144 prologo
1179 2107 1396 2144 Scripturarum
1412 2107 1495 2144 libris
1506 2108 1624 2135 Samuel
1635 2110 1665 2136 et
1675 2107 1827 2135 Malachim

1005 2143 1122 2205 gratim
1148 2143 1282 2185 nonnulli
1306 2144 1447 2179 scriptum
1484 2143 1611 2184 habeant
1638 2143 1779 2174 Masalottt,
1802 2145 1830 2170 et

1030 2182 1162 2205 aticanus
1183 2187 1242 2205 iam
1258 2187 1334 2205 sane
1357 2179 1506 2205 laudatus.
1522 2178 1641 2205 Misloth
1666 2179 1828 2205 secundum

1030 2179 1162 2207 aticanus
1178 2179 1242 2214 jam
1258 2187 1334 2214 saepe
1357 2178 1506 2213 laudatus,
1522 2178 1641 2206 Misloth
1666 2179 1828 2214 secundum

1006 2215 1159 2250 Origenem
1174 2213 1391 2243 Commentario
1408 2216 1437 2242 in
1453 2214 1599 2250 psalmum
1617 2223 1638 2249 ι,
1655 2215 1705 2242 ubi
1720 2213 1827 2241 Μισλὸθ

1006 2250 1123 2286 legitur.
1139 2250 1218 2278 Idem
1234 2251 1396 2278 Vaticanus
1420 2252 1508 2278 codex
1534 2259 1591 2280 ms.
1617 2254 1831 2286 consequenter

1006 2294 1057 2328 pro
1070 2286 1167 2328 Coa-(eth
1178 2286 1280 2328 scribit
1291 2286 1446 2328 {\coheleth
1459 2287 1513 2328 ide
1524 2287 1652 2322 quojam
1661 2286 1774 2328 dictum
1786 2288 1831 2328 est

1006 2321 1036 2349 in
1052 2321 1162 2349 nostris
1178 2322 1213 2349 ad
1237 2321 1391 2357 prologum
1415 2321 1647 2357 Scripturarum,
1672 2323 1733 2350 sive
1749 2323 1830 2349 Prin-

1006 2357 1116 2393 cipium
1133 2357 1299 2385 Calcatum.
1317 2357 1453 2385 Conferat
1466 2358 1521 2385 ista
1535 2358 1826 2393 quivoluerilMaar.

1041 2394 1052 2411 ³
1064 2393 1106 2421 Ad
1122 2396 1252 2421 veterum
1266 2392 1407 2421 librorum
1423 2402 1457 2420 ex
1473 2393 1518 2420 bis
1542 2394 1642 2421 etiam.
1660 2402 1734 2421 auos
1751 2394 1826 2421 illar-

1170 2401 1252 2421 erum
1267 2401 1407 2421 llDl‘Ol‘um
1423 2402 1457 2420 ΘΧ
1473 2401 1518 2420 ms
1542 2401 1642 2421 etiam.
1660 2402 1734 2421 ODOS
1751 2401 1826 2421 mar-

1041 2402 1052 2411 -
1064 2402 1106 2421 au
1122 2402 1252 2421 veterum
1267 2402 1407 2421 unrorum
1423 2402 1457 2420 ex
1473 2402 1518 2420 nis
1542 2402 1642 2421 etiam.
1660 2402 1734 2429 quos
1751 2402 1826 2421 mar-

1005 2429 1129 2457 tianasus
1145 2428 1293 2456 consuluit
1312 2429 1397 2456 {idem
1412 2430 1561 2462 addimus,
1589 2430 1733 2465 episcopis,
1749 2429 1828 2465 quod

1006 2467 1035 2492 et
1051 2465 1209 2493 Rabbanus
1225 2465 1253 2491 in
1269 2473 1323 2492 suo
1338 2464 1421 2501 olim)
1435 2465 1593 2501 exemplari
1618 2464 1696 2498 legit.
1713 2467 1746 2492 Et
1759 2464 1829 2501 vero

1004 2500 1200 2536 Aquileiensis
1213 2501 1273 2534 jam
1291 2503 1353 2528 tum
1378 2500 1533 2536 episcopus
1557 2503 1620 2528 erat
1643 2500 1829 2529 Chromatius

1005 2536 1072 2570 iste,
1089 2536 1134 2564 cui
1151 2537 1433 2564 Commentariorum
1450 2536 1559 2564 librum
1576 2536 1605 2563 in
1623 2537 1757 2563 Habacuc
1770 2544 1827 2563 non

123 2571 216 2638 auem
232 2573 349 2615 titulum
366 2572 532 2613 invenimus
557 2572 585 2599 in
612 2580 667 2613 ms.
681 2572 769 2613 etiam
785 2572 900 2600 codices
966 2571 987 2603 D
1005 2573 1045 2600 ita
1061 2572 1173 2607 pridem
1189 2572 1219 2599 S.
1236 2572 1299 2606 ipse
1320 2574 1404 2613 l’ater
1428 2572 1620 2614 inscripserat
1636 2581 1642 2599 :
1660 2572 1749 2600 Altini
1776 2580 1827 2599 au-

153 2617 265 2638 ermanl
281 2617 297 2637 a
313 2609 419 2638 Pratls.
435 2616 517 2635 num.
541 2608 567 2635 6.
587 2607 669 2638 Hinc,
695 2616 724 2635 ni
744 2607 836 2638 fallor,
854 2616 947 2635 mani-
1007 2610 1066 2635 tem
1084 2607 1253 2635 cathedram
1267 2607 1417 2634 obtmehat
1438 2608 1618 2638 Heliodorus.
1641 2608 1717 2638 quod
1742 2615 1827 2635 nemo

153 2610 265 2638 ermani
281 2617 297 2637 a
313 2608 419 2642 Pratis,
435 2616 517 2635 num.
541 2608 567 2635 6.
587 2607 669 2640 Hinc,
695 2607 724 2635 ni
744 2607 836 2641 fallor,
854 2608 947 2635 mani-

123 2647 201 2674 feste
220 2647 341 2681 apparet
360 2649 536 2681 praesentem
560 2643 779 2681 translationem
808 2643 949 2681 librorum

123 2679 294 2710 Salomonis
311 2680 490 2715 ipsissimam
505 2687 570 2707 esse
585 2688 673 2715 quam
687 2679 883 2715 Hieronymus
898 2680 950 2707 ad-

122 2725 231 2745 versus
241 2717 380 2744 Ruﬁnum
391 2715 673 2743 indicathisverbis:
686 2715 852 2743 Salomonis
862 2715 950 2742 etiam

123 2753 229 2786 libros,
247 2761 321 2788 quos
336 2751 405 2779 olim
418 2752 503 2788 juxta
518 2751 718 2787 Septuaginta.
735 2751 842 2788 additis
853 2751 950 2788 rubetis

124 2792 156 2817 et
172 2786 331 2821 asteriscis,
357 2787 387 2815 in
414 2786 550 2814 Latinum
580 2790 721 2814 verteram
748 2796 782 2814 ex
810 2786 950 2814 Hebraico

123 2824 310 2853 transferens
321 2825 349 2851 et
359 2823 497 2851 dedicans
507 2822 617 2850 sanctis
626 2822 772 2858 episcopis
783 2822 951 2850 Chromatio

125 2863 159 2889 ot
173 2860 338 2894 Heliodoro,
355 2858 416 2887 haec
432 2859 460 2886 in
478 2858 706 2895 prafatiunculaa
724 2867 793 2900 mea:
809 2858 866 2922 ﬁge
882 2858 951 2900 su_b-

730 2902 785 2922 ieci
801 2902 808 2921 :
845 2902 854 2922 ι
870 2902 916 2922 cui

730 2902 785 2930 και
801 2902 808 2921 ἓ
825 2902 854 2922 δι
870 2902 916 2922 θυι

1007 2610 1066 2635 tem
1084 2607 1253 2635 cathedram
1267 2607 1417 2634 obtinebat
1438 2608 1618 2641 Heliodorus,
1641 2608 1717 2642 quod
1742 2615 1827 2635 nemo

1006 2643 1130 2679 ignorat.
1148 2643 1222 2679 Quin
1242 2645 1275 2679 S.)
1296 2643 1358 2678 ipse
1374 2645 1466 2675 Pater,
1485 2643 1533 2670 ubi
1558 2645 1660 2671 contra
1688 2643 1827 2670 Rulinum

1005 2678 1080 2706 libn
1098 2678 1212 2706 num.3l
1226 2678 1261 2705 de
1271 2678 1323 2706 hac
1338 2687 1393 2706 sua
1403 2678 1544 2706 librorum
1556 2679 1721 2707 Salomonis
1734 2681 1828 2706 trans-

1005 2714 1115 2742 latione
1130 2723 1164 2742 ex
1180 2714 1320 2741 Hebraico
1342 2722 1506 2742 sermonem
1533 2714 1632 2745 habet.
1660 2723 1723 2742 eam
1741 2722 1772 2741 so
1787 2715 1830 2741 ait

1006 2751 1169 2781 dedicasse.
1184 2750 1287 2777 sanctis
1304 2750 1437 2784 ερὶδσοιιὶδ
1453 2750 1608 2777 Cltromutto
1627 2752 1653 2778 et
1669 2751 1828 2778 Heliodoro.

1043 2787 1053 2803 ‘
1071 2786 1176 2826 liso‘em
1186 2793 1266 2827 pene
1282 2794 1354 2827 usus
1370 2789 1414 2813 est
1422 2786 1528 2827 let-bis
1544 2786 1668 2827 epistola
1683 2786 1711 2827 in
1729 2788 1828 2814 nostra

1007 2821 1247 2849 recensione7ad
1264 2822 1399 2849 eumdem
1420 2821 1633 2850 Chromatium.
1645 2821 1781 2849 Jovinum
1798 2826 1828 2850 et

1006 2857 1163 2885 Eusebium
1179 2856 1311 2885 scribens
1327 2864 1334 2884 :
1351 2858 1409 2885 Non
1422 2858 1497 2885 debet
1512 2857 1610 2885 charta
1628 2857 1750 2886 dividere
1764 2866 1829 2893 quos

1005 2900 1087 2921 amor
1101 2894 1212 2921 mutuus
1226 2893 1373 2929 copulavit.
