4050 6182
338 228 479 287 1307

1379 231 1439 283 8.
1481 229 1886 285 ΗῘΒΒΟΝΥΜΙ
1923 230 2180 284 DIVINA
2212 228 2708 286 BIBLIOTHECA.

3607 224 3744 281 1308

337 373 434 414 ne.
465 353 699 411 Mittitis
739 353 947 412 solatia
976 357 1325 425 sumptuum
1360 369 1374 408 :
1437 354 1696 410 notarios
1753 356 1987 409 nostros
2015 353 2070 422 Α
2099 353 2187 411 las
2217 358 2628 426 praanotatum,
2679 353 2774 410 cui
2813 353 3006 424 juncti
3053 356 3223 410 erant
3265 349 3652 408 Ecclesiastes
3695 359 3751 407 et

339 450 399 503 et
426 445 696 500 librarios
723 444 1094 510 sustentatis,
1125 447 1192 498 ut
1221 442 1382 498 vobis
1437 442 1815 514 potissimum
1849 459 1986 498 nos-

340 540 502 592 trum
535 533 782 589 desudat
811 531 1137 603 ingenium.
1157 531 1222 586 Et
1251 547 1383 589 ecce
1413 549 1482 589 ex
1511 531 1689 588 latere
1716 533 1989 603 frequens

339 624 516 679 turba
544 621 776 677 diversa
805 623 1172 693 poscentium
1206 638 1219 676 :
1255 622 1425 694 quasi
1471 626 1574 677 aut
1620 638 1854 693 aequum
1887 622 1986 690 sit,

340 728 454 779 me,
483 711 648 767 vobis
679 709 1102 778 esurientibus,
1146 709 1280 766 aliis
1329 709 1600 766 laborare
1632 727 1646 765 :
1674 715 1776 766 aut
1804 710 1865 766 in
1897 727 1989 765 ra-

338 802 498 858 tione
527 800 648 856 dati
680 803 736 855 et
766 799 1013 871 accepti,
1046 799 1348 872 cuiquam,
1398 805 1609 871 praeter
1653 816 1775 867 vos,
1809 800 1991 856 obno-

339 891 474 946 xius
501 889 635 945 sim.
689 892 889 960 Itaque
939 887 1115 961 longa
1162 889 1541 960 aegrotatione
1595 889 1813 944 fractus
1844 891 1885 957 ί,
1918 903 1992 943 ne

344 978 582 1054 penitus
613 978 722 1034 hoc
754 995 906 1034 anno
958 978 1288 1045 reticerem,
1336 981 1392 1033 et
1434 978 1589 1048 apud
1635 994 1738 1034 vos
1791 983 1992 1034 mutus

342 1084 560 1137 essem,
622 1066 801 1122 tridui
860 1083 1010 1139 Opus
1069 1065 1294 1122 nomini
1370 1073 1564 1122 vestro
1633 1067 1990 1136 consecravi,

339 1156 886 1230 interpretationem
904 1155 1173 1230 videlicet
1193 1156 1371 1211 trium
1393 1154 1721 1212 Salomonis
1744 1156 1994 1212 volumi-

346 1229 515 1317 num,
556 1262 816 1301 masnora
863 1247 884 1279 ²
931 1229 1142 1306 1115193:
1190 1261 1336 1315 quas
1384 1245 1607 1300 Hebraei
1662 1245 1990 1315 Parabolar,

346 1335 601 1408 Vulgata
656 1339 854 1390 autem
909 1334 1088 1389 editio
1146 1335 1445 1390 Proverbia
1500 1339 1991 1391 vocatzcoaurm

345 1408 512 1513 ΠΒΠΡ
558 1440 732 1496 quem
781 1423 975 1479 Graece
1022 1423 1454 1491 Ecclesiastem,
1499 1423 1703 1480 Latine
1749 1423 1991 1480 Concio-

344 1518 607 1570 natorem
629 1529 946 1584 possumus
970 1513 1162 1568 dicere
1195 1528 1208 1568 :
1243 1529 1335 1568 ειη
1362 1529 1598 1568 ASSIRIM
1622 1524 1848 1575 unum
1882 1523 1994 1574 πητθ

347 1603 502 1674 quod
536 1602 593 1658 in
628 1605 831 1658 nostra
861 1600 1064 1673 lingua
1111 1600 1362 1657 vertitur
1406 1601 1710 1657 Canticum
1741 1602 1994 1658 cantico-

349 1709 505 1748 rum.
568 1692 776 1747 Fertur
813 1695 870 1746 et
897 1690 1196 1763 πανάρετος
1225 1691 1365 1746 Jesu
1416 1691 1521 1745 filii
1570 1691 1772 1748 Sirach
1822 1691 1992 1757 liber,

351 1785 410 1837 et
461 1781 614 1836 alius
644 1776 1079 1856 ψευδεπίγραφος
1106 1780 1206 1851 qui
1276 1779 1587 1852 Sapientia
1661 1781 1994 1836 Salomonis

347 1870 714 1927 inscribitur.
751 1870 1010 1934 Quorum
1062 1869 1316 1940 priorem
1373 1869 1728 1926 Hebraioum
1779 1869 1991 1941 reperi,

350 1977 467 2017 non
500 1959 1074 2028 Ecclesiasticum,ut
1104 1960 1260 2032 apud
1293 1958 1530 2015 Latinos
1559 1976 1572 2027 ;
1607 1960 1708 2015 sed
1741 1959 1992 2015 Parabo-

343 2155 462 2229 jeci
495 2171 507 2209 :
541 2154 610 2229 Si
631 2153 724 2229 cui
755 2153 1565 2229 Septuagintainterpretum
1597 2153 1790 2229 magis
1819 2152 1996 2208 editio

392 2227 564 2292 iacet,
597 2225 774 2280 habet
799 2223 928 2279 eam
961 2223 1001 2279 εἰ
1027 2223 1196 2279 nobis
1227 2223 1364 2280 olim
1415 2223 1846 2288 emendatam,»
1881 2229 1990 2281 etc.

407 2315 470 2353 eo
506 2295 642 2352 huic
664 2295 926 2367 opinioni
975 2293 1245 2351 ofﬁciunt
1273 2295 1677 2352 additamenta
1725 2296 1994 2367 quaedam

353 2371 415 2425 in
445 2365 779 2424 contextum
801 2365 1061 2438 Vulgata;
1085 2373 1296 2422 nostrae
1327 2367 1541 2438 Latinae
1571 2385 1602 2422 e
1637 2365 1782 2422 LXX
1802 2366 1997 2422 Senio-

350 2456 484 2496 rum
516 2439 999 2510 interpretatione
1028 2455 1040 2504 ;
1075 2439 1216 2510 quia
1247 2439 1366 2493 haec
1404 2437 1576 2510 longe
1607 2443 1736 2510 post
1767 2443 1995 2494 aetatem

351 2509 944 2584 Hieronymiinserta
976 2509 1431 2584 suntllebraica
1462 2509 1836 2584 transmtioni
1870 2526 1986 2584 non

347 2580 663 2639 temere'ut
692 2581 1026 2636 beterodoxi
1057 2582 1468 2650 criminantur,
1501 2582 1624 2648 sed,
1658 2583 1733 2637 ob
1766 2580 1989 2636 illumi-

355 2655 653 2711 nationem
706 2653 1037 2722 sententiae,
1089 2653 1178 2708 vel
1245 2652 1479 2709 lectoris
1531 2653 1998 2719 aediﬁcationem,

347 2728 518 2799 juxta
546 2724 702 2799 quod
734 2728 986 2799 testatur
1013 2728 1219 2799 auctor
1258 2725 1599 2799 huiusmodi
1622 2725 2002 2799 additamen-

351 2795 581 2864 torum,
605 2796 706 2868 qui
739 2811 872 2852 mox
899 2797 972 2852 ad
1004 2796 1241 2865 signum
1277 2795 1452 2868 primi
1512 2795 1664 2852 obeli
1706 2803 1762 2862 -Ξ-
1789 2812 1820 2852 e
1842 2802 2000 2851 tene-

354 2869 480 2954 bris
508 2869 867 2954 proditurus.
885 2869 1062 2954 est-in
1094 2872 1326 2924 nostras
1343 2869 1752 2924 adnotationes
1774 2869 1847 2926 ad
1871 2884 1999 2939 cap.

351 2957 390 2996 v
417 2940 598 3068 huius
630 2940 924 3022 editionis.
950 2945 1129 3021 Mia'r.

422 3014 437 3047 ¹
525 3027 601 3066 τεο
630 3011 732 3066 illa
760 3013 930 3066 nobis
966 3012 1200 3066 Videtur
1239 3009 1563 3081 (egrotatio,
1612 3011 1671 3065 in
1725 3025 1905 3081 quam
1937 3025 1999 3066 se

2096 444 2400 500 Canticum
2433 443 2819 510 canticorum,
2843 449 2908 497 ut
2937 441 3390 498 similitudinem
3421 439 3751 496 Salomonis

2099 549 2214 588 non
2242 532 2435 589 solum
2466 532 2752 588 librorum
2793 547 3060 596 numero,
3095 531 3196 586 sed
3244 529 3423 585 etiam
3471 528 3747 584 materia-

2098 639 2230 678 rum
2273 639 2482 694 genere
2523 626 2869 692 coaaquaret.
2913 620 3220 677 Secundus
3265 619 3420 690 apud
3475 617 3750 673 Hebreos

2099 727 2396 784 nusquam
2437 714 2548 778 est,
2599 710 2868 784 quia'et
2916 709 3041 782 ipse
3098 707 3289 781 stylus
3336 707 3598 763 Gracam
3635 705 3744 762 elo-

2099 802 2401 874 quentiam
2433 799 2652 857 redolet
2683 817 2696 856 :
2729 804 2788 854 et
2808 796 3076 855 nonnulli
3097 798 3451 868 scriptorum
3481 801 3747 852 veterum

2099 891 2259 948 hunc
2289 907 2418 947 esse
2466 889 2647 962 judaei
2693 887 2958 945 Philonis
3008 887 3305 942 afﬁrmant
3333 887 3372 940 ⁴.
3415 885 3579 940 Sicut
3609 900 3747 956 ergo

2099 980 2327 1048 Judith,
2357 984 2416 1037 et
2445 979 2614 1044 Tobi,
2643 983 2701 1036 et
2729 977 3200 1035 Machabeorum
3230 975 3413 1032 libros
3442 973 3585 1046 legit
3616 973 3747 1046 qui-

2101 1070 2233 1126 dem
2283 1069 2542 1128 Ecelesia
2584 1070 2626 1139 ⁸,
2667 1069 2769 1125 sed
2836 1069 2994 1123 inter
3043 1065 3359 1123 canonicas
3413 1065 3748 1133 Scriptum

2101 1175 2218 1215 non
2251 1159 2459 1230 recipit
2505 1173 2518 1212 :
2566 1158 2650 1213 sic
2694 1161 2750 1212 et
2795 1156 2919 1211 haec
2967 1155 3083 1210 duo
3133 1153 3438 1210 volumina
3481 1151 3644 1225 legat
3673 1152 3743 1208 ad

2101 1247 2543 1305 mdiﬁcationem
2566 1245 2898 1319 plebis,non
2931 1245 3004 1300 ad
3036 1242 3444 1299 auctoritatem
3469 1241 3747 1297 ecclesia-

2102 1337 2384 1393 sticorum
2419 1337 2760 1408 dogmaium
2806 1333 3303 1390 conﬁrmandam.
3353 1332 3409 1386 Si
3458 1331 3551 1387 cui
3608 1347 3749 1386 sane

2100 1426 2483 1497 Septuaginta
2547 1425 2937 1494 interpretum
3007 1422 3198 1492 magis
3284 1421 3463 1476 editio
3534 1420 3750 1491 placet,

2101 1513 2278 1570 habet
2305 1528 2433 1568 eam
2462 1513 2484 1546 ⁸
2515 1529 2549 1567 a
2579 1512 2748 1568 nobis
2776 1511 2916 1567 olim
2947 1510 3336 1566 emendatam.
3371 1513 3568 1579 Neque
3590 1509 3746 1562 enim

2102 1603 2186 1659 sic
2218 1619 2366 1658 nova
2394 1602 2686 1667 cudimus,
2712 1605 2776 1656 ut
2805 1606 3000 1656 vetera
3029 1599 3426 1655 destruamus.
3456 1601 3526 1652 Et
3549 1603 3752 1652 tamen

2102 1707 2237 1748 cum
2268 1689 2716 1762 diligentissime
2737 1689 3112 1761 legerit,sciat
3132 1687 3319 1760 magis
3351 1693 3551 1742 nostra
3572 1685 3753 1742 intel-

2102 1780 2226 1854 ligi,
2260 1798 2390 1854 quas
2420 1797 2536 1837 non
2567 1779 2625 1834 in
2658 1779 2898 1835 tertium
2931 1795 3030 1834 vas
3059 1777 3361 1833 transfusa
3389 1775 3751 1842 coacuerint,

2098 1871 2200 1926 sed
2228 1872 2425 1926 statim
2457 1870 2529 1925 de
2559 1867 2718 1942 prelo
2750 1867 3084 1940 purissimas
3115 1866 3530 1923 commendata
3564 1869 3756 1932 testa,

2098 1975 2274 2016 suum
2300 1974 2563 2033 saperem
2598 1956 2978 2014 servaverint.

2099 2155 2299 2214 sebius
2328 2153 2480 2210 libro
2509 2170 2568 2209 ix
2597 2149 3412 2224 Prwparatianiaevangelicae.
3447 2147 3546 2206 ubi
3576 2149 3762 2224 quin-

2100 2229 2290 2284 decim
2324 2227 2444 2282 fere
2493 2220 2776 2282 versus'e
2822 2222 3082 2279 Philonis
3132 2238 3304 2294 opere
3355 2241 3465 2294 των
3511 2220 3643 2294 περὶ
3690 2220 3762 2272 τὰ

2099 2293 2455 2372 Ἱεροσόλυμα
2511 2313 2543 2352 e
2614 2295 2996 2372 Polyhistoris
3035 2293 3409 2372 __t_estimonio
3484 2293 3759 2372 adducit.

2103 2364 2392 2427 Laudatur
2419 2384 2654 2439 quoque
2683 2364 3001 2439 a'Josepbo
3035 2365 3139 2432 lib,
3165 2383 3194 2439 ,ξ
3220 2372 3414 2439 contra
3442 2364 3765 2439 Appionem

2101 2459 2267 2498 num.
2299 2441 2392 2507 23,
2424 2431 2517 2496 cui
2548 2431 2606 2495 ὀί
2636 2440 2802 2495 Philo
2833 2431 3041 2508 scitior,
3103 2434 3291 2490 Φίλων
3325 2437 3352 2490 ὁ
3384 2431 3767 2507 πρεέπϐύτερος

2101 2515 2316 2569 dicitur
2348 2529 2360 2566 :
2394 2512 2629 2567 tametsi
2662 2527 2796 2566 eum
2821 2511 3264 2580 ethnicum,non
3292 2510 3553 2580 judazum
3583 2515 3771 2580 puta-

2103 2603 2166 2642 se
2198 2585 2486 2651 videatur,
2522 2583 2673 2656 quod
2707 2584 2860 2656 inter
2889 2581 3153 2656 ethnicos
3199 2582 3516 2656 scriptores
3546 2596 3766 2636 recen-

2103 2653 2642 2729 seat.Apertissi'me
2662 2671 2794 2729 vero
2812 2654 3091 2729 Judaeum
3116 2657 3284 2709 vocat
3305 2653 3710 2729 Hieronymus
3748 2667 3764 2705 :

2103 2734 2162 2785 et
2191 2723 2326 2799 ejus
2352 2744 2484 2783 eum
2519 2726 2710 2798 gentis
2742 2726 2949 2794 fuisse,
2992 2742 3118 2797 quis
3167 2725 3442 2799 tractavit
3467 2723 3770 2799 librorum

2105 2795 2453 2870 argumenta
2513 2795 2888 2870 persuadent,
2950 2795 3026 2852 ut'
3054 2799 3158 2870 gest
3211 2795 3383 2870 illud,
3411 2797 3478 2852 de
3521 2797 3772 2870 Regibus

2105 2818 2170 2856 ar
2215 2817 2453 2855 umenta
2513 2817 2888 2870 persuadent,
2950 2817 3014 2852 ut
3067 2817 3158 2852 est
3211 2817 3356 2852 uiua
3411 2817 3478 2852 ae
3521 2817 3772 2866 negwus

2103 2817 2436 2939 Jugzorum,
2476 2872 2645 2940 cujus
2693 2869 2986 2934 meminit,
3009 2867 3276 2924 Clemens
3321 2867 3773 2924 Alexandrinus

2105 2945 2166 3000 in
2201 2944 2394 3015 primo
2427 2939 2793 3015 Stromatum,
2835 2941 3018 3015 ubipt
3065 2941 3135 2994 ab
3187 2939 3438 3015 ethnico‘
3469 2939 3775 3015 scriptore

2105 3009 2400 3072 Demetrio
2449 3013 2730 3068 Phalereo
2779 3013 2837 3067 in
2911 3009 3013 3067 illa
3055 3011 3484 3083 iconsignanda
3533 3010 3777 3083 litteris

356 3084 624 3160 queritur
642 3082 934 3160 incidisse
955 3086 1016 3138 S.
1035 3080 1466 3160 Pateyepistoja
1487 3083 1545 3136 in
1578 3080 1778 3160 nostra
1798 3097 1997 3160 recen-
2029 3092 2072 3160 ο
2105 3085 2557 3160 historia,tradit
2585 3100 2720 3160 eum
2751 3080 3510 3160 longiu§_a_hlusis§e.Porro
3533 3081 3771 3160 librum

360 3152 528 3231 sione
563 3154 683 3231 ita,
701 3159 758 3209 et
787 3171 854 3231 ex
881 3153 1256 3231 qua_non_.ita
1285 3153 1511 3231 pridem
1543 3152 1996 3231 convaluissese
2036 3152 2071 3160 “
2105 3152 2523 3231 Sapientiagiab
2547 3156 2780 3231 seniore
2810 3152 2922 3211 isto
2955 3155 3195 3231 Philone
3211 3160 3514 3231 exaratum
3545 3154 3773 3219 fuisse,

364 3227 587 3282 indicat
607 3224 666 3279 in
692 3223 926 3296 prologo
948 3225 1019 3280 ad
1045 3223 1526 3280 tertium—librum
1545 3225 1999 3282 Commentario-

363 3315 494 3354 rum
527 3297 585 3352 in
617 3299 819 3354 Amos.
851 3297 1104 3354 Verbum
1138 3296 1256 3351 haec
1287 3296 1478 3352 fusius
1509 3296 1567 3352 in
1610 3297 1840 3367 praeﬁxa
1862 3296 1999 3352 huic

364 3375 523 3425 tomo
553 3369 912 3440 praefatione,
945 3385 1128 3440 eoque
1159 3367 1518 3423 luculentius
1551 3369 1611 3424 in
1642 3369 1700 3426 S.
1734 3369 2001 3424 Doctoris

356 3441 496 3496 Vita
528 3455 974 3511 prosequemur.

431 3512 460 3591 "
484 3508 751 3591 Diximus
782 3510 888 3564 hac
918 3511 991 3564 de
1017 3508 1262 3591 lectione
1293 3508 1572 3591 superius
1588 3510 1667 3591 ad
1693 3510 1999 3591 prologum

358 3582 660 3638 Galeatum
697 3599 709 3637 :
748 3597 885 3637 nam
913 3580 1067 3652 quod
1088 3580 1496 3636 terminatione
1519 3580 2002 3650 utituifeminina

360 3671 494 3710 cum
525 3654 584 3709 in
613 3653 913 3725 Scriptura
943 3667 1155 3708 nomen
1186 3653 1344 3707 istud
1376 3664 1516 3725 11:97::
1539 3653 1874 3725 _masculini
1903 3669 2002 3725 ge-

361 3726 521 3782 neris
551 3723 831 3782 contin’uo
863 3724 960 3794 sit,
991 3728 1164 3795 atque
1194 3725 1336 3780 adeo
1385 3724 1511 3796 ipse
1537 3723 1674 3780 libri
1706 3723 2003 3780 titulus‘in

363 3819 543 3884 statu,
577 3819 643 3869 ut
672 3818 898 3883 vocant,
931 3817 1264 3869 constructo
1303 3813 1447 3869 ierat
1492 3799 1678 3875 H7351?
1715 3800 1879 3876 75m:
1912 3815 2005 3870 ta-

361 3892 457 3942 ctu
470 3904 532 3959 m7
555 3887 783 3959 videtur
806 3902 874 3959 ex
900 3885 1282 3959 rabbinorum
1304 3901 1558 3959 more,ac
1581 3887 1754 3959 vulgo
1778 3891 2009 3959 recepta

362 3961 488 4029 jam
521 3958 656 4013 inde
686 3958 758 4010 ab
781 3957 1116 4029 Hieronymi
1150 3958 1433 4029 aavo,ejus
1457 3957 1710 4014 nominis
1732 3957 2007 4014 efferendi

366 4030 594 4085 ratione
623 4033 799 4085 atque
830 4045 960 4083 usu.

411 4102 455 4228 ι’
482 4100 674 4158 Malim
701 4099 893 4172 legere
921 4101 1060 4171 quin
1080 4116 1184 4172 pro
1203 4099 1370 4170 quia;
1398 4099 1518 4156 sive
1549 4101 1685 4173 quin
1707 4103 1821 4174 ipse
1836 4101 2012 4173 stylus

439 4189 487 4228 ο.

376 4187 487 4229 οιο.

435 4245 459 4278 ⁸
484 4243 773 4298 Aberrant
792 4243 864 4297 ab
894 4242 1053 4297 omni
1076 4242 1338 4314 veritatis
1360 4243 1550 4314 specie
1581 4245 1678 4314 qui
1713 4243 2013 4298 Philonem

366 4313 976 4384 Alexandrinum,qui
1008 4313 1127 4367 Caii
1175 4313 1538 4384 temporibus
1589 4313 1715 4377 fuit,
1769 4315 2018 4371 nobilis-

372 4386 591 4460 simum
650 4385 910 4460 Platonis
967 4384 1321 4460 imitatorem
1401 4385 1732 4460 hiciinnui
1779 4392 2010 4460 putant.

2105 3226 2262 3303 quod
2294 3229 2376 3285 ait
2404 3229 2816 3303 Hieronymus,
2855 3226 3169 3303 nonnullos
3219 3229 3576 3298 scriptorum
3611 3231 3776 3303 vete-

2102 3297 2235 3358 rum
2268 3297 2740 3372 putasse,minus
2766 3299 3228 3372 estverosimile,
3263 3297 3440 3370 quam
3473 3297 3633 3369 quod
3659 3297 3776 3352 ha-

2102 3376 2202 3431 bet
2230 3369 2400 3436 vulgo
2435 3377 2664 3444 recepta
2694 3370 3006 3444 sententia,
3026 3369 3338 3444 collegisse
3361 3386 3497 3444 eum
3519 3375 3770 3424 tantum

2103 3451 2282 3517 atque
2314 3441 2712 3517 descripsisse,
2745 3443 2868 3499 sive
2901 3443 3138 3517 tandem
3177 3441 3433 3517 liberiori
3455 3442 3770 3517 interpre-

2103 3512 2326 3574 tatione
2359 3512 2664 3570 eum’libri
2695 3515 3053 3585 exposuisse,
3087 3514 3242 3586 quod
3294 3513 3508 3568 Huetio
3538 3512 3766 3585 placet.

2177 3605 2196 3639 ⁸
2224 3604 2447 3662 Videsis
2479 3620 2602 3675 quia
2635 3604 2740 3659 bac
2761 3604 2832 3659 de
2863 3619 2925 3660 re
2947 3602 3114 3658 nobis
3135 3603 3205 3657 ad
3235 3601 3538 3674 prologum
3561 3601 3771 3672 galea—

2105 3681 2235 3733 tum
2267 3681 2464 3732 notata
2491 3680 2649 3730 sunt.

2177 3749 2201 3820 ἔ
2232 3749 2421 3820 Hujus
2444 3745 2838 3820 recognitaegad
2868 3746 3129 3801 Grecum
3160 3743 3435 3820 editionis
3467 3742 3770 3820 libroruin

2110 3815 2442 3875 Salomonis
2487 3815 2608 3873 nil'
2629 3817 2800 3874 hodie
2857 3825 3142 3888 superesl,
3199 3816 3312 3872 nisi
3361 3815 3772 3888 prologusgad

2112 3889 2355 3946 Paulam
2411 3893 2467 3944 et
2513 3886 3074 3956 Eustochium,'seu
3132 3886 3598 3960 potiusfprologi
3633 3886 3775 3956 ejus

2114 3962 2692 4044 fragmentumguod
2709 3977 2816 4044 _suo
2835 3960 2958 4043 loco
2971 3959 3353 4044 subsequenti
3376 3963 3535 4015 tomo
3559 3975 3778 4041 recen-

2116 4030 2689 4090 sebimusﬂaeterum
2710 4031 2859 4088 banc
2880 4033 3069 4104 ipsum
3083 4048 3150 4088 ex
3171 4030 3410 4087 llebraeo
3431 4030 3778 4086 versionem

2119 4122 2299 4176 quam
2368 4105 2741 4173 exaudimus,
2805 4104 3225 4176 Hieronymum
3296 4106 3599 4158 auctorem
3651 4119 3783 4158 non

2117 4175 2353 4244 habere,
2382 4177 2539 4248 quod
2571 4176 2904 4233 Graecorum
2936 4175 3354 4248 additamentis
3401 4191 3512 4230 non
3542 4180 3782 4248 careat.

2121 4249 2304 4304 critici
2338 4245 2605 4320 quidam,
2633 4252 2689 4304 et
2714 4265 2846 4303 cum
2883 4247 3090 4320 primis
3119 4245 3393 4320 Capellus
3418 4246 3780 4320 contendit:

2122 4317 2374 4392 quorum
2423 4320 2787 4392 argumentis
2839 4317 2898 4372 iu
2947 4319 3077 4390 ipsa
3121 4317 3316 4392 operis
3351 4317 3789 4392 _recognitiona

2121 4389 2403 4447 faciemus
2457 4389 2598 4447 satis
2633 4408 2646 4446 :
2682 4391 2778 4446 ubi
2831 4406 2930 4448 eas
2978 4389 3114 4462 qua!
3146 4389 3428 4462 tredecim
3461 4389 3534 4445 ad
3598 4406 3782 4462 surn-

367 4459 595 4512 Btenim
628 4459 815 4512 multo
865 4461 954 4530 est
997 4456 1162 4530 Philo
1206 4456 1340 4530 iste,
1372 4459 1465 4512 cui
1518 4459 1657 4514 liber
1709 4456 2013 4530 Sapientia?
2041 4461 2088 4527 D
2121 4480 2284 4518 mum
2317 4467 2440 4519 toto
2470 4462 2619 4519 libro
2651 4462 2983 4518 additiones
3004 4456 3155 4518 "sunt
3184 4479 3253 4517 ex
3274 4460 3473 4517 Graeca
3505 4460 3781 4516 transla-

363 4534 649 4602 tanquam
680 4527 1021 4602 auctori,vel
1044 4527 1253 4602 saltem
1286 4528 1593 4597 interpreti
1618 4527 2014 4602 tribuebatur,

369 4600 893 4674 antiquiormtpote
908 4600 1004 4674 qui
1019 4601 1091 4655 ab
1104 4600 1432 4674 Alexandro
1449 4602 1939 4674 Polyhistore,qui
1962 4600 2017 4661 ιζ

365 4671 542 4727 Sulla:
566 4672 932 4744 temporibus
964 4671 1780 4741 ﬂoruit,laudatur,ut'auctor
1800 4671 1891 4731 est
1913 4677 2021 4731 Eu-

2129 4537 2288 4608 tione
2317 4535 2530 4601 ascitas,
2565 4535 3048 4608 Hieronymiancs
3079 4533 3340 4608 melioris
3374 4539 3525 4608 nota
3541 4535 3793 4608 codices

2129 4625 2245 4663 non
2276 4605 2897 4679 habere,nequelectas
2920 4605 3058 4679 olim
3093 4606 3274 4662 fuisse
3303 4605 3566 4676 antiquis
3591 4605 3794 4679 scrip-

2130 4679 2380 4746 toribus,
2414 4679 2512 4750 qui
2545 4677 2902 4735 ea'versione
2933 4677 3023 4732 usi
3053 4683 3212 4743 sunt,
3245 4679 3654 4732 ostendemus.
