  <div class='ocr_page' id='page_1' title='image "/cluster/home/n/w/nwhite01/storage/ocr_20150623/28/hvd.32044052824265/726.png"; bbox 0 0 4050 6182; ppageno 0'>
   <div class='ocr_carea' id='block_1_1' title="bbox 250 218 1849 282">
    <p class='ocr_par' dir='ltr' id='par_1_1' title="bbox 250 218 1849 282">
     <span class='ocr_line' id='line_1_1' title="bbox 250 218 1849 282; baseline 0.006 -8"><span class='ocrx_word' id='word_1_1' title='bbox 250 218 389 275; x_wconf 77' lang='grc'><strong>1309</strong></span> <span class='ocrx_word' id='word_1_2' title='bbox 1543 229 1760 282; x_wconf 77' lang='lat' dir='ltr'><strong>LIBER</strong></span> <span class='ocrx_word' id='word_1_3' title='bbox 1795 229 1849 282; x_wconf 79' lang='lat' dir='ltr'><strong>Pl</strong></span> 
     </span>
    </p>
   </div>
   <div class='ocr_carea' id='block_1_2' title="bbox 2057 218 3656 282">
    <p class='ocr_par' dir='ltr' id='par_1_2' title="bbox 2057 224 3656 282">
     <span class='ocr_line' id='line_1_2' title="bbox 2057 224 3656 282; baseline 0.001 -1"><span class='ocrx_word' id='word_1_4' title='bbox 2057 224 2390 282; x_wconf 59' lang='lat' dir='ltr'><strong>RBIORUM.</strong></span> <span class='ocrx_word' id='word_1_5' title='bbox 3519 226 3656 282; x_wconf 83' lang='grc'><strong>1310</strong></span> 
     </span>
    </p>
   </div>
   <div class='ocr_carea' id='block_1_3' title="bbox 1777 517 2119 587">
    <p class='ocr_par' dir='ltr' id='par_1_3' title="bbox 1777 517 2119 587">
     <span class='ocr_line' id='line_1_3' title="bbox 1777 517 2119 587; baseline 0.003 -1"><span class='ocrx_word' id='word_1_6' title='bbox 1777 517 2119 587; x_wconf 87' lang='lat' dir='ltr'><strong>INCIPIT.</strong></span> 
     </span>
    </p>
   </div>
   <div class='ocr_carea' id='block_1_4' title="bbox 744 714 3137 907">
    <p class='ocr_par' dir='ltr' id='par_1_4' title="bbox 744 714 3137 907">
     <span class='ocr_line' id='line_1_4' title="bbox 744 714 3137 907; baseline 0 -28"><span class='ocrx_word' id='word_1_7' title='bbox 744 717 1336 881; x_wconf 78' lang='lat' dir='ltr'><strong>LIBER</strong></span> <span class='ocrx_word' id='word_1_8' title='bbox 1467 714 3137 907; x_wconf 80' lang='lat' dir='ltr'><strong>PROVEBBIORUM,</strong></span> 
     </span>
    </p>
   </div>
   <div class='ocr_carea' id='block_1_5' title="bbox 1609 978 2247 1048">
    <p class='ocr_par' dir='ltr' id='par_1_5' title="bbox 1609 978 2247 1048">
     <span class='ocr_line' id='line_1_5' title="bbox 1609 978 2247 1048; baseline -0.003 0"><span class='ocrx_word' id='word_1_9' title='bbox 1609 978 1961 1048; x_wconf 90' lang='lat' dir='ltr'><strong>Hebraice</strong></span> <span class='ocrx_word' id='word_1_10' title='bbox 2000 978 2247 1048; x_wconf 87' lang='lat' dir='ltr'><strong>dictus</strong></span> 
     </span>
    </p>
   </div>
   <div class='ocr_carea' id='block_1_6' title="bbox 1521 1164 2363 1290">
    <p class='ocr_par' dir='ltr' id='par_1_6' title="bbox 1521 1164 2363 1290">
     <span class='ocr_line' id='line_1_6' title="bbox 1521 1164 2363 1290; baseline 0 0"><span class='ocrx_word' id='word_1_11' title='bbox 1521 1164 2363 1290; x_wconf 88' lang='lat' dir='ltr'><strong>MASLOTH.</strong></span> 
     </span>
    </p>
   </div>
   <div class='ocr_carea' id='block_1_7' title="bbox 229 1550 3222 1625">
    <p class='ocr_par' dir='ltr' id='par_1_7' title="bbox 229 1550 3222 1625">
     <span class='ocr_line' id='line_1_7' title="bbox 229 1550 3222 1625; baseline 0 -17"><span class='ocrx_word' id='word_1_12' title='bbox 229 1552 389 1625; x_wconf 69' lang='grc' dir='ltr'><strong>[ϐαρ.</strong></span> <span class='ocrx_word' id='word_1_13' title='bbox 424 1550 492 1625; x_wconf 91' lang='lat' dir='ltr'><strong>_l.]</strong></span> <span class='ocrx_word' id='word_1_14' title='bbox 526 1551 611 1625; x_wconf 53' lang='lat' dir='ltr'><strong>Ad</strong></span> <span class='ocrx_word' id='word_1_15' title='bbox 646 1550 949 1625; x_wconf 87' lang='lat' dir='ltr'><strong>sciendam</strong></span> <span class='ocrx_word' id='word_1_16' title='bbox 982 1550 1334 1625; x_wconf 77' lang='lat' dir='ltr'><strong>sapientiam</strong></span> <span class='ocrx_word' id='word_1_17' title='bbox 1366 1556 1425 1608; x_wconf 90' lang='lat' dir='ltr'><strong>et</strong></span> <span class='ocrx_word' id='word_1_18' title='bbox 1455 1552 1831 1625; x_wconf 86' lang='lat' dir='ltr'><strong>disciplinam</strong></span> <span class='ocrx_word' id='word_1_19' title='bbox 1861 1570 1874 1620; x_wconf 89' lang='lat'>;</span> <span class='ocrx_word' id='word_1_20' title='bbox 1908 1552 1962 1619; x_wconf 82' lang='grc' dir='ltr'><strong>Α</strong></span> <span class='ocrx_word' id='word_1_21' title='bbox 1993 1550 2109 1623; x_wconf 88' lang='lat' dir='ltr'><strong>Ego</strong></span> <span class='ocrx_word' id='word_1_22' title='bbox 2138 1566 2367 1625; x_wconf 91' lang='lat' dir='ltr'><strong>quoque</strong></span> <span class='ocrx_word' id='word_1_23' title='bbox 2398 1552 2455 1607; x_wconf 93' lang='lat' dir='ltr'><strong>in</strong></span> <span class='ocrx_word' id='word_1_24' title='bbox 2491 1552 2729 1608; x_wconf 91' lang='lat' dir='ltr'><strong>interitu</strong></span> <span class='ocrx_word' id='word_1_25' title='bbox 2776 1557 2967 1608; x_wconf 88' lang='lat' dir='ltr'><strong>vestro</strong></span> <span class='ocrx_word' id='word_1_26' title='bbox 3000 1553 3222 1623; x_wconf 84' lang='lat' dir='ltr'><strong>ridebo,</strong></span> 
     </span>
    </p>
   </div>
   <div class='ocr_carea' id='block_1_8' title="bbox 308 1622 3647 1699">
    <p class='ocr_par' dir='ltr' id='par_1_8' title="bbox 308 1622 3647 1699">
     <span class='ocr_line' id='line_1_8' title="bbox 308 1622 3647 1699; baseline 0.001 -21"><span class='ocrx_word' id='word_1_27' title='bbox 308 1623 381 1678; x_wconf 88' lang='lat' dir='ltr'><strong>ad</strong></span> <span class='ocrx_word' id='word_1_28' title='bbox 421 1622 802 1699; x_wconf 78' lang='lat' dir='ltr'><strong>intelligenda</strong></span> <span class='ocrx_word' id='word_1_29' title='bbox 830 1624 1009 1699; x_wconf 82' lang='lat' dir='ltr'><strong>verba</strong></span> <span class='ocrx_word' id='word_1_30' title='bbox 1036 1622 1362 1699; x_wconf 70' lang='lat' dir='ltr'><strong>prudentia:</strong></span> <span class='ocrx_word' id='word_1_31' title='bbox 1394 1639 1409 1699; x_wconf 67' lang='grc' dir='ltr'>ς</span> <span class='ocrx_word' id='word_1_32' title='bbox 1608 1622 1627 1625; x_wconf 77' lang='grc'><strong><em>“</em></strong></span> <span class='ocrx_word' id='word_1_33' title='bbox 2050 1622 2117 1679; x_wconf 80' lang='lat' dir='ltr'><strong>et</strong></span> <span class='ocrx_word' id='word_1_34' title='bbox 2150 1622 2552 1699; x_wconf 85' lang='lat' dir='ltr'><strong>subsannabo,</strong></span> <span class='ocrx_word' id='word_1_35' title='bbox 2584 1642 2719 1680; x_wconf 80' lang='lat' dir='ltr'><strong>cuni</strong></span> <span class='ocrx_word' id='word_1_36' title='bbox 2752 1624 2915 1681; x_wconf 88' lang='lat' dir='ltr'><strong>vobis</strong></span> <span class='ocrx_word' id='word_1_37' title='bbox 2944 1626 3101 1699; x_wconf 87' lang='lat' dir='ltr'><strong>quod</strong></span> <span class='ocrx_word' id='word_1_38' title='bbox 3137 1622 3450 1697; x_wconf 88' lang='lat' dir='ltr'><strong>timebatis,</strong></span> <span class='ocrx_word' id='word_1_39' title='bbox 3477 1628 3647 1683; x_wconf 87' lang='lat' dir='ltr'><strong>adve-</strong></span> 
     </span>
    </p>
   </div>
   <div class='ocr_carea' id='block_1_9' title="bbox 232 1692 2312 1765">
    <p class='ocr_par' dir='ltr' id='par_1_9' title="bbox 232 1692 2312 1765">
     <span class='ocr_line' id='line_1_9' title="bbox 232 1692 2312 1765; baseline -0.001 -14"><span class='ocrx_word' id='word_1_40' title='bbox 232 1695 303 1751; x_wconf 85' lang='lat' dir='ltr'><strong>Et</strong></span> <span class='ocrx_word' id='word_1_41' title='bbox 333 1692 770 1765; x_wconf 67' lang='lat' dir='ltr'><strong>suscipiendam</strong></span> <span class='ocrx_word' id='word_1_42' title='bbox 802 1692 1192 1751; x_wconf 81' lang='lat' dir='ltr'><strong>eruditionem</strong></span> <span class='ocrx_word' id='word_1_43' title='bbox 1226 1696 1526 1765; x_wconf 63' lang='lat' dir='ltr'><strong>doctrinae,</strong></span> <span class='ocrx_word' id='word_1_44' title='bbox 2006 1764 2011 1765; x_wconf 79' lang='lat'><strong>7</strong></span> <span class='ocrx_word' id='word_1_45' title='bbox 2136 1696 2312 1750; x_wconf 89' lang='lat' dir='ltr'><strong>nerit.</strong></span> 
     </span>
    </p>
   </div>
   <div class='ocr_carea' id='block_1_10' title="bbox 297 1764 3140 1839">
    <p class='ocr_par' dir='ltr' id='par_1_10' title="bbox 297 1764 3140 1839">
     <span class='ocr_line' id='line_1_10' title="bbox 297 1764 3140 1839; baseline 0 -19"><span class='ocrx_word' id='word_1_46' title='bbox 297 1764 595 1839; x_wconf 83' lang='lat' dir='ltr'><strong>justitiam</strong></span> <span class='ocrx_word' id='word_1_47' title='bbox 629 1770 685 1820; x_wconf 90' lang='lat' dir='ltr'><strong>et</strong></span> <span class='ocrx_word' id='word_1_48' title='bbox 707 1766 1003 1839; x_wconf 80' lang='lat' dir='ltr'><strong>judicium</strong></span> <span class='ocrx_word' id='word_1_49' title='bbox 1044 1772 1101 1824; x_wconf 91' lang='lat' dir='ltr'><strong>et</strong></span> <span class='ocrx_word' id='word_1_50' title='bbox 1133 1764 1518 1839; x_wconf 62' lang='lat' dir='ltr'><strong>aequitatem.</strong></span> <span class='ocrx_word' id='word_1_51' title='bbox 1990 1764 2135 1821; x_wconf 85' lang='lat' dir='ltr'><strong>Cum</strong></span> <span class='ocrx_word' id='word_1_52' title='bbox 2169 1766 2447 1823; x_wconf 88' lang='lat' dir='ltr'><strong>irrueruit</strong></span> <span class='ocrx_word' id='word_1_53' title='bbox 2476 1768 2783 1839; x_wconf 89' lang='lat' dir='ltr'><strong>repentina</strong></span> <span class='ocrx_word' id='word_1_54' title='bbox 2814 1766 3140 1835; x_wconf 76' lang='lat' dir='ltr'><strong>calamitas,</strong></span> 
     </span>
    </p>
   </div>
   <div class='ocr_carea' id='block_1_11' title="bbox 235 1837 3329 1911">
    <p class='ocr_par' dir='ltr' id='par_1_11' title="bbox 235 1837 3329 1911">
     <span class='ocr_line' id='line_1_11' title="bbox 235 1837 3329 1911; baseline 0 -16"><span class='ocrx_word' id='word_1_55' title='bbox 235 1837 312 1895; x_wconf 85' lang='lat' dir='ltr'><strong>Ut</strong></span> <span class='ocrx_word' id='word_1_56' title='bbox 335 1838 509 1911; x_wconf 87' lang='lat' dir='ltr'><strong>detur</strong></span> <span class='ocrx_word' id='word_1_57' title='bbox 540 1837 797 1911; x_wconf 83' lang='lat' dir='ltr'><strong>parvulis</strong></span> <span class='ocrx_word' id='word_1_58' title='bbox 830 1838 1071 1911; x_wconf 87' lang='lat' dir='ltr'><strong>astutia,</strong></span> <span class='ocrx_word' id='word_1_59' title='bbox 1179 1837 1215 1911; x_wconf 28' lang='grc' dir='ltr'><strong>’ξ</strong></span> <span class='ocrx_word' id='word_1_60' title='bbox 2061 1841 2118 1892; x_wconf 87' lang='lat' dir='ltr'><strong>et</strong></span> <span class='ocrx_word' id='word_1_61' title='bbox 2149 1838 2422 1894; x_wconf 88' lang='lat' dir='ltr'><strong>interitus</strong></span> <span class='ocrx_word' id='word_1_62' title='bbox 2450 1837 2619 1911; x_wconf 82' lang='lat' dir='ltr'><strong>quasi</strong></span> <span class='ocrx_word' id='word_1_63' title='bbox 2652 1844 2972 1911; x_wconf 81' lang='lat' dir='ltr'><strong>tempestas</strong></span> <span class='ocrx_word' id='word_1_64' title='bbox 2995 1840 3284 1911; x_wconf 80' lang='lat' dir='ltr'><strong>ingruerit</strong></span> <span class='ocrx_word' id='word_1_65' title='bbox 3315 1856 3329 1895; x_wconf 89' lang='lat'><strong>:</strong></span> 
     </span>
    </p>
   </div>
   <div class='ocr_carea' id='block_1_12' title="bbox 304 1908 3630 1986">
    <p class='ocr_par' dir='ltr' id='par_1_12' title="bbox 304 1908 3630 1986">
     <span class='ocr_line' id='line_1_12' title="bbox 304 1908 3630 1986; baseline 0.002 -22"><span class='ocrx_word' id='word_1_66' title='bbox 304 1908 660 1986; x_wconf 75' lang='lat' dir='ltr'><strong>adolescenti</strong></span> <span class='ocrx_word' id='word_1_67' title='bbox 692 1910 937 1986; x_wconf 84' lang='lat' dir='ltr'><strong>scientia</strong></span> <span class='ocrx_word' id='word_1_68' title='bbox 967 1908 1411 1986; x_wconf 80' lang='lat' dir='ltr'><strong>etintellectus.</strong></span> <span class='ocrx_word' id='word_1_69' title='bbox 1988 1980 2033 1986; x_wconf 98' lang='lat'>_</span> <span class='ocrx_word' id='word_1_70' title='bbox 2060 1911 2295 1986; x_wconf 83' lang='lat' dir='ltr'><strong>quando</strong></span> <span class='ocrx_word' id='word_1_71' title='bbox 2318 1908 2733 1986; x_wconf 75' lang='lat' dir='ltr'><strong>veneritsuper</strong></span> <span class='ocrx_word' id='word_1_72' title='bbox 2764 1908 2865 1967; x_wconf 81' lang='lat' dir='ltr'><strong>vos</strong></span> <span class='ocrx_word' id='word_1_73' title='bbox 2887 1908 3211 1986; x_wconf 71' lang='lat' dir='ltr'><strong>tribulatio,</strong></span> <span class='ocrx_word' id='word_1_74' title='bbox 3239 1916 3298 1967; x_wconf 91' lang='lat' dir='ltr'><strong>et</strong></span> <span class='ocrx_word' id='word_1_75' title='bbox 3312 1912 3585 1986; x_wconf 79' lang='lat' dir='ltr'><strong>angustia</strong></span> <span class='ocrx_word' id='word_1_76' title='bbox 3615 1928 3630 1969; x_wconf 88' lang='lat'><strong>:</strong></span> 
     </span>
    </p>
   </div>
   <div class='ocr_carea' id='block_1_13' title="bbox 232 1980 3334 2053">
    <p class='ocr_par' dir='ltr' id='par_1_13' title="bbox 232 1980 3334 2053">
     <span class='ocr_line' id='line_1_13' title="bbox 232 1980 3334 2053; baseline -0 -15"><span class='ocrx_word' id='word_1_77' title='bbox 232 1980 494 2038; x_wconf 77' lang='lat' dir='ltr'><strong>Audiens</strong></span> <span class='ocrx_word' id='word_1_78' title='bbox 516 1980 752 2053; x_wconf 76' lang='lat' dir='ltr'><strong>sapiens</strong></span> <span class='ocrx_word' id='word_1_79' title='bbox 782 1982 1113 2053; x_wconf 74' lang='lat' dir='ltr'><strong>sapientior</strong></span> <span class='ocrx_word' id='word_1_80' title='bbox 1144 1981 1275 2048; x_wconf 89' lang='lat' dir='ltr'><strong>erit,</strong></span> <span class='ocrx_word' id='word_1_81' title='bbox 1376 2052 1381 2053; x_wconf 78' lang='lat'><strong>7</strong></span> <span class='ocrx_word' id='word_1_82' title='bbox 1434 2052 1439 2053; x_wconf 78' lang='lat'><strong>7</strong></span> <span class='ocrx_word' id='word_1_83' title='bbox 1473 2051 1483 2053; x_wconf 72' lang='lat'><strong>7</strong></span> <span class='ocrx_word' id='word_1_84' title='bbox 1988 1980 2153 2036; x_wconf 90' lang='lat' dir='ltr'><strong>Tunc</strong></span> <span class='ocrx_word' id='word_1_85' title='bbox 2182 1981 2541 2039; x_wconf 89' lang='lat' dir='ltr'><strong>invocabunt</strong></span> <span class='ocrx_word' id='word_1_86' title='bbox 2578 1980 2672 2039; x_wconf 78' lang='lat' dir='ltr'><strong>me</strong></span> <span class='ocrx_word' id='word_1_87' title='bbox 2731 1988 2787 2038; x_wconf 90' lang='lat' dir='ltr'><strong>et</strong></span> <span class='ocrx_word' id='word_1_88' title='bbox 2818 2000 2933 2038; x_wconf 91' lang='lat' dir='ltr'><strong>non</strong></span> <span class='ocrx_word' id='word_1_89' title='bbox 2965 1984 3275 2039; x_wconf 84' lang='lat' dir='ltr'><strong>exaudiam</strong></span> <span class='ocrx_word' id='word_1_90' title='bbox 3321 2001 3334 2037; x_wconf 90' lang='lat'><strong>:</strong></span> 
     </span>
    </p>
   </div>
   <div class='ocr_carea' id='block_1_14' title="bbox 303 2051 3386 2126">
    <p class='ocr_par' dir='ltr' id='par_1_14' title="bbox 303 2051 3386 2126">
     <span class='ocr_line' id='line_1_14' title="bbox 303 2051 3386 2126; baseline 0.001 -19"><span class='ocrx_word' id='word_1_91' title='bbox 303 2058 361 2126; x_wconf 80' lang='lat' dir='ltr'><strong>et</strong></span> <span class='ocrx_word' id='word_1_92' title='bbox 390 2051 726 2126; x_wconf 83' lang='lat' dir='ltr'><strong>intelligens</strong></span> <span class='ocrx_word' id='word_1_93' title='bbox 760 2051 1160 2126; x_wconf 82' lang='lat' dir='ltr'><strong>gubernacula</strong></span> <span class='ocrx_word' id='word_1_94' title='bbox 1191 2051 1536 2126; x_wconf 85' lang='lat' dir='ltr'><strong>possidebit.</strong></span> <span class='ocrx_word' id='word_1_95' title='bbox 2059 2068 2232 2109; x_wconf 87' lang='lat' dir='ltr'><strong>mane</strong></span> <span class='ocrx_word' id='word_1_96' title='bbox 2264 2060 2645 2126; x_wconf 85' lang='lat' dir='ltr'><strong>consurgent,</strong></span> <span class='ocrx_word' id='word_1_97' title='bbox 2678 2059 2735 2110; x_wconf 88' lang='lat' dir='ltr'><strong>et</strong></span> <span class='ocrx_word' id='word_1_98' title='bbox 2768 2071 2882 2110; x_wconf 92' lang='lat' dir='ltr'><strong>non</strong></span> <span class='ocrx_word' id='word_1_99' title='bbox 2910 2054 3211 2111; x_wconf 88' lang='lat' dir='ltr'><strong>invenient</strong></span> <span class='ocrx_word' id='word_1_100' title='bbox 3244 2071 3339 2110; x_wconf 89' lang='lat' dir='ltr'><strong>me</strong></span> <span class='ocrx_word' id='word_1_101' title='bbox 3372 2071 3386 2111; x_wconf 89' lang='lat'><strong>:</strong></span> 
     </span>
    </p>
   </div>
   <div class='ocr_carea' id='block_1_15' title="bbox 230 2123 3294 2197">
    <p class='ocr_par' dir='ltr' id='par_1_15' title="bbox 230 2123 3294 2197">
     <span class='ocr_line' id='line_1_15' title="bbox 230 2123 3294 2197; baseline 0.001 -20"><span class='ocrx_word' id='word_1_102' title='bbox 230 2123 1018 2197; x_wconf 76' lang='lat' dir='ltr'><strong>Animadvertetparabolam</strong></span> <span class='ocrx_word' id='word_1_103' title='bbox 1042 2130 1099 2180; x_wconf 89' lang='lat' dir='ltr'><strong>et</strong></span> <span class='ocrx_word' id='word_1_104' title='bbox 1124 2123 1879 2196; x_wconf 84' lang='lat' dir='ltr'><strong>interpretationem,verba</strong></span> <span class='ocrx_word' id='word_1_105' title='bbox 1984 2128 2066 2179; x_wconf 78' lang='lat' dir='ltr'><strong>Eo</strong></span> <span class='ocrx_word' id='word_1_106' title='bbox 2092 2126 2245 2197; x_wconf 88' lang='lat' dir='ltr'><strong>quod</strong></span> <span class='ocrx_word' id='word_1_107' title='bbox 2280 2123 2512 2181; x_wconf 79' lang='lat' dir='ltr'><strong>exesam</strong></span> <span class='ocrx_word' id='word_1_108' title='bbox 2546 2126 2859 2181; x_wconf 86' lang='lat' dir='ltr'><strong>habuerint</strong></span> <span class='ocrx_word' id='word_1_109' title='bbox 2891 2126 3294 2197; x_wconf 87' lang='lat' dir='ltr'><strong>disciplinam,</strong></span> 
     </span>
    </p>
   </div>
   <div class='ocr_carea' id='block_1_16' title="bbox 380 2194 3280 2269">
    <p class='ocr_par' dir='ltr' id='par_1_16' title="bbox 380 2194 3280 2269">
     <span class='ocr_line' id='line_1_16' title="bbox 380 2194 3280 2269; baseline 0.001 -19"><span class='ocrx_word' id='word_1_110' title='bbox 380 2194 739 2269; x_wconf 70' lang='lat' dir='ltr'><strong>sapientium</strong></span> <span class='ocrx_word' id='word_1_111' title='bbox 771 2201 827 2269; x_wconf 83' lang='lat' dir='ltr'><strong>et</strong></span> <span class='ocrx_word' id='word_1_112' title='bbox 850 2198 1162 2267; x_wconf 65' lang='lat' dir='ltr'><strong>aenigmata</strong></span> <span class='ocrx_word' id='word_1_113' title='bbox 1188 2194 1420 2269; x_wconf 71' lang='lat' dir='ltr'><strong>eorum.</strong></span> <span class='ocrx_word' id='word_1_114' title='bbox 2054 2194 2123 2251; x_wconf 84' lang='lat' dir='ltr'><strong>et</strong></span> <span class='ocrx_word' id='word_1_115' title='bbox 2143 2196 2419 2252; x_wconf 88' lang='lat' dir='ltr'><strong>timorem</strong></span> <span class='ocrx_word' id='word_1_116' title='bbox 2450 2197 2680 2253; x_wconf 85' lang='lat' dir='ltr'><strong>Domini</strong></span> <span class='ocrx_word' id='word_1_117' title='bbox 2714 2214 2829 2269; x_wconf 87' lang='lat' dir='ltr'><strong>non</strong></span> <span class='ocrx_word' id='word_1_118' title='bbox 2862 2194 3232 2269; x_wconf 87' lang='lat' dir='ltr'><strong>susceperint</strong></span> <span class='ocrx_word' id='word_1_119' title='bbox 3266 2213 3280 2252; x_wconf 89' lang='lat'><strong>:</strong></span> 
     </span>
    </p>
   </div>
   <div class='ocr_carea' id='block_1_17' title="bbox 230 2265 2990 2340">
    <p class='ocr_par' dir='ltr' id='par_1_17' title="bbox 230 2265 2990 2340">
     <span class='ocr_line' id='line_1_17' title="bbox 230 2265 2990 2340; baseline 0 -18"><span class='ocrx_word' id='word_1_120' title='bbox 230 2265 694 2340; x_wconf 30' lang='lat' dir='ltr'><strong>Timor’Domini</strong></span> <span class='ocrx_word' id='word_1_121' title='bbox 730 2265 1085 2340; x_wconf 73' lang='lat' dir='ltr'><strong>principium</strong></span> <span class='ocrx_word' id='word_1_122' title='bbox 1117 2267 1410 2340; x_wconf 52' lang='lat' dir='ltr'><strong>scientia}?</strong></span> <span class='ocrx_word' id='word_1_123' title='bbox 1440 2284 1453 2322; x_wconf 91' lang='lat'><strong>:</strong></span> <span class='ocrx_word' id='word_1_124' title='bbox 1561 2339 1569 2340; x_wconf 72' lang='lat'><strong>7</strong></span> <span class='ocrx_word' id='word_1_125' title='bbox 1619 2338 1626 2340; x_wconf 47' lang='lat'><strong>7</strong></span> <span class='ocrx_word' id='word_1_126' title='bbox 1984 2270 2099 2321; x_wconf 86' lang='lat' dir='ltr'><strong>Nec</strong></span> <span class='ocrx_word' id='word_1_127' title='bbox 2128 2269 2529 2338; x_wconf 88' lang='lat' dir='ltr'><strong>acquieverint</strong></span> <span class='ocrx_word' id='word_1_128' title='bbox 2558 2268 2803 2340; x_wconf 85' lang='lat' dir='ltr'><strong>consilio</strong></span> <span class='ocrx_word' id='word_1_129' title='bbox 2837 2284 2990 2337; x_wconf 87' lang='lat' dir='ltr'><strong>meo,</strong></span> 
     </span>
    </p>
   </div>
   <div class='ocr_carea' id='block_1_18' title="bbox 302 2338 3393 2412">
    <p class='ocr_par' dir='ltr' id='par_1_18' title="bbox 302 2338 3393 2412">
     <span class='ocr_line' id='line_1_18' title="bbox 302 2338 3393 2412; baseline 0.001 -20"><span class='ocrx_word' id='word_1_130' title='bbox 302 2338 653 2412; x_wconf 76' lang='lat' dir='ltr'><strong>sapientiam</strong></span> <span class='ocrx_word' id='word_1_131' title='bbox 674 2338 852 2412; x_wconf 85' lang='lat' dir='ltr'><strong>atque</strong></span> <span class='ocrx_word' id='word_1_132' title='bbox 882 2338 1206 2396; x_wconf 85' lang='lat' dir='ltr'><strong>doctrinam</strong></span> <span class='ocrx_word' id='word_1_133' title='bbox 1229 2338 1765 2412; x_wconf 85' lang='lat' dir='ltr'><strong>stultidespiciunt.</strong></span> <span class='ocrx_word' id='word_1_134' title='bbox 1992 2409 2018 2412; x_wconf 80' lang='lat'><strong><em>_</em></strong></span> <span class='ocrx_word' id='word_1_135' title='bbox 2052 2343 2111 2393; x_wconf 90' lang='lat' dir='ltr'><strong>et</strong></span> <span class='ocrx_word' id='word_1_136' title='bbox 2141 2340 2499 2395; x_wconf 85' lang='lat' dir='ltr'><strong>detraxerint</strong></span> <span class='ocrx_word' id='word_1_137' title='bbox 2532 2339 2813 2394; x_wconf 64' lang='lat' dir='ltr'><strong>universa;</strong></span> <span class='ocrx_word' id='word_1_138' title='bbox 2845 2340 3193 2412; x_wconf 89' lang='lat' dir='ltr'><strong>correptioni</strong></span> <span class='ocrx_word' id='word_1_139' title='bbox 3229 2355 3393 2396; x_wconf 65' lang='lat' dir='ltr'><strong>mea.</strong></span> 
     </span>
    </p>
   </div>
   <div class='ocr_carea' id='block_1_19' title="bbox 229 2409 3091 2483">
    <p class='ocr_par' dir='ltr' id='par_1_19' title="bbox 229 2409 3091 2483">
     <span class='ocr_line' id='line_1_19' title="bbox 229 2409 3091 2483; baseline 0 -18"><span class='ocrx_word' id='word_1_140' title='bbox 229 2409 409 2477; x_wconf 81' lang='lat' dir='ltr'><strong>Audi,</strong></span> <span class='ocrx_word' id='word_1_141' title='bbox 442 2409 649 2483; x_wconf 65' lang='lat' dir='ltr'><strong>ﬁlimi,</strong></span> <span class='ocrx_word' id='word_1_142' title='bbox 691 2409 1069 2483; x_wconf 80' lang='lat' dir='ltr'><strong>disciplinam</strong></span> <span class='ocrx_word' id='word_1_143' title='bbox 1107 2411 1291 2482; x_wconf 88' lang='lat' dir='ltr'><strong>patris</strong></span> <span class='ocrx_word' id='word_1_144' title='bbox 1312 2410 1419 2477; x_wconf 90' lang='lat' dir='ltr'><strong>tui,</strong></span> <span class='ocrx_word' id='word_1_145' title='bbox 1520 2409 1538 2411; x_wconf 70' lang='grc'><strong><em>“</em></strong></span> <span class='ocrx_word' id='word_1_146' title='bbox 1982 2409 2312 2483; x_wconf 89' lang='lat' dir='ltr'><strong>Comedunt</strong></span> <span class='ocrx_word' id='word_1_147' title='bbox 2342 2412 2523 2483; x_wconf 84' lang='lat' dir='ltr'><strong>igitur</strong></span> <span class='ocrx_word' id='word_1_148' title='bbox 2554 2412 2778 2467; x_wconf 84' lang='lat' dir='ltr'><strong>fructus</strong></span> <span class='ocrx_word' id='word_1_149' title='bbox 2811 2411 2916 2466; x_wconf 74' lang='lat' dir='ltr'><strong>vias</strong></span> <span class='ocrx_word' id='word_1_150' title='bbox 2948 2409 3091 2480; x_wconf 64' lang='lat' dir='ltr'><strong>suae,</strong></span> 
     </span>
    </p>
   </div>
   <div class='ocr_carea' id='block_1_20' title="bbox 304 2480 3063 2555">
    <p class='ocr_par' dir='ltr' id='par_1_20' title="bbox 304 2480 3063 2555">
     <span class='ocr_line' id='line_1_20' title="bbox 304 2480 3063 2555; baseline 0 -19"><span class='ocrx_word' id='word_1_151' title='bbox 304 2484 363 2536; x_wconf 89' lang='lat' dir='ltr'><strong>et</strong></span> <span class='ocrx_word' id='word_1_152' title='bbox 390 2496 462 2555; x_wconf 73' lang='lat' dir='ltr'><strong>ne</strong></span> <span class='ocrx_word' id='word_1_153' title='bbox 489 2480 765 2555; x_wconf 81' lang='lat' dir='ltr'><strong>dimittas</strong></span> <span class='ocrx_word' id='word_1_154' title='bbox 788 2480 975 2555; x_wconf 81' lang='lat' dir='ltr'><strong>legem</strong></span> <span class='ocrx_word' id='word_1_155' title='bbox 1011 2480 1215 2538; x_wconf 82' lang='lat' dir='ltr'><strong>matris</strong></span> <span class='ocrx_word' id='word_1_156' title='bbox 1247 2488 1383 2548; x_wconf 66' lang='lat' dir='ltr'><strong>tuae,</strong></span> <span class='ocrx_word' id='word_1_157' title='bbox 1998 2554 2003 2555; x_wconf 72' lang='lat'><strong>7</strong></span> <span class='ocrx_word' id='word_1_158' title='bbox 2054 2482 2290 2555; x_wconf 80' lang='lat' dir='ltr'><strong>suisque</strong></span> <span class='ocrx_word' id='word_1_159' title='bbox 2320 2480 2579 2555; x_wconf 73' lang='lat' dir='ltr'><strong>consiliis</strong></span> <span class='ocrx_word' id='word_1_160' title='bbox 2617 2484 3063 2555; x_wconf 85' lang='lat' dir='ltr'><strong>saturabuntur.</strong></span> 
     </span>
    </p>
   </div>
   <div class='ocr_carea' id='block_1_21' title="bbox 230 2550 3145 2626">
    <p class='ocr_par' dir='ltr' id='par_1_21' title="bbox 230 2550 3145 2626">
     <span class='ocr_line' id='line_1_21' title="bbox 230 2550 3145 2626; baseline 0.001 -19"><span class='ocrx_word' id='word_1_161' title='bbox 230 2550 309 2607; x_wconf 92' lang='lat' dir='ltr'><strong>Ut</strong></span> <span class='ocrx_word' id='word_1_162' title='bbox 338 2552 592 2607; x_wconf 86' lang='lat' dir='ltr'><strong>addatur</strong></span> <span class='ocrx_word' id='word_1_163' title='bbox 620 2554 808 2624; x_wconf 89' lang='lat' dir='ltr'><strong>gratia</strong></span> <span class='ocrx_word' id='word_1_164' title='bbox 837 2550 1011 2626; x_wconf 70' lang='lat' dir='ltr'><strong>capiti</strong></span> <span class='ocrx_word' id='word_1_165' title='bbox 1045 2563 1165 2621; x_wconf 91' lang='lat' dir='ltr'><strong>tuo,</strong></span> <span class='ocrx_word' id='word_1_166' title='bbox 1979 2550 2251 2609; x_wconf 74' lang='lat' dir='ltr'><strong>Aversio’</strong></span> <span class='ocrx_word' id='word_1_167' title='bbox 2281 2554 2658 2626; x_wconf 84' lang='lat' dir='ltr'><strong>parvulorum</strong></span> <span class='ocrx_word' id='word_1_168' title='bbox 2689 2553 2997 2609; x_wconf 80' lang='lat' dir='ltr'><strong>interficiet</strong></span> <span class='ocrx_word' id='word_1_169' title='bbox 3026 2570 3145 2626; x_wconf 84' lang='lat' dir='ltr'><strong>eos,</strong></span> 
     </span>
    </p>
   </div>
   <div class='ocr_carea' id='block_1_22' title="bbox 305 2624 3266 2697">
    <p class='ocr_par' dir='ltr' id='par_1_22' title="bbox 305 2624 3266 2697">
     <span class='ocr_line' id='line_1_22' title="bbox 305 2624 3266 2697; baseline 0 -19"><span class='ocrx_word' id='word_1_170' title='bbox 305 2627 365 2697; x_wconf 74' lang='lat' dir='ltr'><strong>et</strong></span> <span class='ocrx_word' id='word_1_171' title='bbox 392 2627 633 2697; x_wconf 86' lang='lat' dir='ltr'><strong>torques</strong></span> <span class='ocrx_word' id='word_1_172' title='bbox 660 2626 810 2697; x_wconf 87' lang='lat' dir='ltr'><strong>collo</strong></span> <span class='ocrx_word' id='word_1_173' title='bbox 838 2624 962 2682; x_wconf 81' lang='lat' dir='ltr'><strong>tuo.</strong></span> <span class='ocrx_word' id='word_1_174' title='bbox 2051 2630 2107 2697; x_wconf 81' lang='lat' dir='ltr'><strong>et</strong></span> <span class='ocrx_word' id='word_1_175' title='bbox 2133 2627 2489 2697; x_wconf 78' lang='lat' dir='ltr'><strong>prosperitas</strong></span> <span class='ocrx_word' id='word_1_176' title='bbox 2533 2625 2849 2681; x_wconf 88' lang='lat' dir='ltr'><strong>stultorum</strong></span> <span class='ocrx_word' id='word_1_177' title='bbox 2883 2628 3085 2696; x_wconf 90' lang='lat' dir='ltr'><strong>perdet</strong></span> <span class='ocrx_word' id='word_1_178' title='bbox 3115 2624 3266 2679; x_wconf 91' lang='lat' dir='ltr'><strong>illos.</strong></span> 
     </span>
    </p>
   </div>
   <div class='ocr_carea' id='block_1_23' title="bbox 233 2693 3626 2770">
    <p class='ocr_par' dir='ltr' id='par_1_23' title="bbox 233 2693 3626 2770">
     <span class='ocr_line' id='line_1_23' title="bbox 233 2693 3626 2770; baseline 0 -20"><span class='ocrx_word' id='word_1_179' title='bbox 233 2693 343 2750; x_wconf 83' lang='lat' dir='ltr'><strong>Fili</strong></span> <span class='ocrx_word' id='word_1_180' title='bbox 377 2695 479 2763; x_wconf 88' lang='lat' dir='ltr'><strong>mi,</strong></span> <span class='ocrx_word' id='word_1_181' title='bbox 506 2693 999 2770; x_wconf 78' lang='lat' dir='ltr'><strong>sitelactaverint</strong></span> <span class='ocrx_word' id='word_1_182' title='bbox 1020 2702 1373 2770; x_wconf 90' lang='lat' dir='ltr'><strong>peccatores,</strong></span> <span class='ocrx_word' id='word_1_183' title='bbox 1981 2695 2086 2761; x_wconf 87' lang='lat' dir='ltr'><strong>Qui</strong></span> <span class='ocrx_word' id='word_1_184' title='bbox 2119 2693 2739 2770; x_wconf 80' lang='lat' dir='ltr'><strong>autemmeaudierit,</strong></span> <span class='ocrx_word' id='word_1_185' title='bbox 2773 2693 2995 2768; x_wconf 74' lang='lat' dir='ltr'><strong>absque</strong></span> <span class='ocrx_word' id='word_1_186' title='bbox 3027 2702 3245 2751; x_wconf 89' lang='lat' dir='ltr'><strong>terrore</strong></span> <span class='ocrx_word' id='word_1_187' title='bbox 3276 2695 3626 2768; x_wconf 85' lang='lat' dir='ltr'><strong>requiescet,</strong></span> 
     </span>
    </p>
   </div>
   <div class='ocr_carea' id='block_1_24' title="bbox 305 2766 2891 2838">
    <p class='ocr_par' dir='ltr' id='par_1_24' title="bbox 305 2766 2891 2838">
     <span class='ocr_line' id='line_1_24' title="bbox 305 2766 2891 2838; baseline 0 -16"><span class='ocrx_word' id='word_1_188' title='bbox 305 2781 377 2838; x_wconf 85' lang='lat' dir='ltr'><strong>ne</strong></span> <span class='ocrx_word' id='word_1_189' title='bbox 408 2766 743 2836; x_wconf 79' lang='lat' dir='ltr'><strong>acquiescas</strong></span> <span class='ocrx_word' id='word_1_190' title='bbox 766 2769 787 2803; x_wconf 84' lang='grc'>²</span> <span class='ocrx_word' id='word_1_191' title='bbox 812 2785 825 2825; x_wconf 94' lang='lat'>:</span> <span class='ocrx_word' id='word_1_192' title='bbox 1020 2766 1039 2770; x_wconf 64' lang='grc'>⁷</span> <span class='ocrx_word' id='word_1_193' title='bbox 1358 2766 1366 2769; x_wconf 66' lang='grc'><strong><em>⁷</em></strong></span> <span class='ocrx_word' id='word_1_194' title='bbox 2054 2774 2110 2821; x_wconf 84' lang='lat' dir='ltr'><strong>et</strong></span> <span class='ocrx_word' id='word_1_195' title='bbox 2135 2768 2500 2823; x_wconf 85' lang='lat' dir='ltr'><strong>abundantia</strong></span> <span class='ocrx_word' id='word_1_196' title='bbox 2538 2769 2891 2838; x_wconf 79' lang='lat' dir='ltr'><strong>perfruetur,</strong></span> 
     </span>
    </p>
   </div>
   <div class='ocr_carea' id='block_1_25' title="bbox 238 2836 2876 2911">
    <p class='ocr_par' dir='ltr' id='par_1_25' title="bbox 238 2836 2876 2911">
     <span class='ocr_line' id='line_1_25' title="bbox 238 2836 2876 2911; baseline 0 -17"><span class='ocrx_word' id='word_1_197' title='bbox 238 2836 320 2911; x_wconf 76' lang='lat' dir='ltr'><strong>Si</strong></span> <span class='ocrx_word' id='word_1_198' title='bbox 340 2837 614 2911; x_wconf 81' lang='lat' dir='ltr'><strong>dixerint,</strong></span> <span class='ocrx_word' id='word_1_199' title='bbox 643 2838 773 2896; x_wconf 87' lang='lat' dir='ltr'><strong>veni</strong></span> <span class='ocrx_word' id='word_1_200' title='bbox 803 2839 1135 2911; x_wconf 86' lang='lat' dir='ltr'><strong>nobiscum,</strong></span> <span class='ocrx_word' id='word_1_201' title='bbox 1998 2910 2009 2911; x_wconf 87' lang='lat'><strong>7</strong></span> <span class='ocrx_word' id='word_1_202' title='bbox 2036 2840 2349 2911; x_wconf 77' lang='lat' dir='ltr'><strong>malorum</strong></span> <span class='ocrx_word' id='word_1_203' title='bbox 2382 2836 2591 2895; x_wconf 78' lang='lat' dir='ltr'><strong>timore</strong></span> <span class='ocrx_word' id='word_1_204' title='bbox 2623 2838 2876 2895; x_wconf 84' lang='lat' dir='ltr'><strong>sublato.</strong></span> 
     </span>
    </p>
   </div>
   <div class='ocr_carea' id='block_1_26' title="bbox 306 2909 3538 2991">
    <p class='ocr_par' dir='ltr' id='par_1_26' title="bbox 306 2909 3538 2991">
     <span class='ocr_line' id='line_1_26' title="bbox 306 2909 3538 2991; baseline 0.002 -28"><span class='ocrx_word' id='word_1_205' title='bbox 306 2909 647 2991; x_wconf 75' lang='lat' dir='ltr'><strong>insidiemur</strong></span> <span class='ocrx_word' id='word_1_206' title='bbox 696 2912 994 2991; x_wconf 80' lang='lat' dir='ltr'><strong>sanguini,</strong></span> <span class='ocrx_word' id='word_1_207' title='bbox 1021 2984 1035 2991; x_wconf 91' lang='lat'>_</span> <span class='ocrx_word' id='word_1_208' title='bbox 1120 2909 1126 2911; x_wconf 61' lang='grc'><em>’</em></span> <span class='ocrx_word' id='word_1_209' title='bbox 1371 2988 1382 2991; x_wconf 81' lang='lat'>_</span> <span class='ocrx_word' id='word_1_210' title='bbox 1914 2925 1963 2991; x_wconf 77' lang='grc' dir='ltr'>Β</span> <span class='ocrx_word' id='word_1_211' title='bbox 1992 2909 2144 2991; x_wconf 76' lang='grc' dir='ltr'><strong>[ϐαρ.</strong></span> <span class='ocrx_word' id='word_1_212' title='bbox 2180 2911 2273 2977; x_wconf 92' lang='grc' dir='ltr'><strong>ΙΙ.]</strong></span> <span class='ocrx_word' id='word_1_213' title='bbox 2306 2911 2409 2991; x_wconf 61' lang='lat' dir='ltr'><strong>Fili</strong></span> <span class='ocrx_word' id='word_1_214' title='bbox 2443 2910 2543 2977; x_wconf 89' lang='lat' dir='ltr'><strong>mi,</strong></span> <span class='ocrx_word' id='word_1_215' title='bbox 2579 2911 2627 2967; x_wconf 89' lang='lat' dir='ltr'><strong>si</strong></span> <span class='ocrx_word' id='word_1_216' title='bbox 2654 2913 2990 2991; x_wconf 77' lang='lat' dir='ltr'><strong>susceperis</strong></span> <span class='ocrx_word' id='word_1_217' title='bbox 3018 2930 3320 2971; x_wconf 87' lang='lat' dir='ltr'><strong>sermones</strong></span> <span class='ocrx_word' id='word_1_218' title='bbox 3353 2930 3538 2982; x_wconf 89' lang='lat' dir='ltr'><strong>meos,</strong></span> 
     </span>
    </p>
   </div>
   <div class='ocr_carea' id='block_1_27' title="bbox 310 2981 3339 3058">
    <p class='ocr_par' dir='ltr' id='par_1_27' title="bbox 310 2981 3339 3058">
     <span class='ocr_line' id='line_1_27' title="bbox 310 2981 3339 3058; baseline 0.002 -22"><span class='ocrx_word' id='word_1_219' title='bbox 310 2981 744 3058; x_wconf 78' lang='lat' dir='ltr'><strong>abscondamus</strong></span> <span class='ocrx_word' id='word_1_220' title='bbox 781 2981 1106 3043; x_wconf 78' lang='lat' dir='ltr'><strong>téndiculas</strong></span> <span class='ocrx_word' id='word_1_221' title='bbox 1135 2993 1340 3045; x_wconf 88' lang='lat' dir='ltr'><strong>contra</strong></span> <span class='ocrx_word' id='word_1_222' title='bbox 1369 2988 1669 3047; x_wconf 89' lang='lat' dir='ltr'><strong>insontem</strong></span> <span class='ocrx_word' id='word_1_223' title='bbox 1915 2981 1960 2991; x_wconf 82' lang='grc'><strong>”</strong></span> <span class='ocrx_word' id='word_1_224' title='bbox 1994 3052 2038 3058; x_wconf 88' lang='lat'>__</span> <span class='ocrx_word' id='word_1_225' title='bbox 2064 2981 2120 3038; x_wconf 74' lang='lat' dir='ltr'><strong>et</strong></span> <span class='ocrx_word' id='word_1_226' title='bbox 2151 2984 2588 3058; x_wconf 67' lang='lat' dir='ltr'><strong>mandatamea</strong></span> <span class='ocrx_word' id='word_1_227' title='bbox 2616 2981 2996 3058; x_wconf 81' lang='lat' dir='ltr'><strong>absconderis</strong></span> <span class='ocrx_word' id='word_1_228' title='bbox 3030 3004 3203 3058; x_wconf 86' lang='lat' dir='ltr'><strong>penes</strong></span> <span class='ocrx_word' id='word_1_229' title='bbox 3234 2992 3290 3042; x_wconf 87' lang='lat' dir='ltr'><strong>te</strong></span> <span class='ocrx_word' id='word_1_230' title='bbox 3327 3002 3339 3040; x_wconf 91' lang='lat'>:</span> 
     </span>
    </p>
   </div>
   <div class='ocr_carea' id='block_1_28' title="bbox 379 3052 3055 3124">
    <p class='ocr_par' dir='ltr' id='par_1_28' title="bbox 379 3052 3055 3124">
     <span class='ocr_line' id='line_1_28' title="bbox 379 3052 3055 3124; baseline 0.003 -17"><span class='ocrx_word' id='word_1_231' title='bbox 379 3052 619 3108; x_wconf 81' lang='lat' dir='ltr'><strong>frustra.</strong></span> <span class='ocrx_word' id='word_1_232' title='bbox 1994 3052 2068 3110; x_wconf 87' lang='lat' dir='ltr'><strong>Ut</strong></span> <span class='ocrx_word' id='word_1_233' title='bbox 2098 3054 2297 3110; x_wconf 91' lang='lat' dir='ltr'><strong>audiat</strong></span> <span class='ocrx_word' id='word_1_234' title='bbox 2326 3054 2672 3124; x_wconf 89' lang='lat' dir='ltr'><strong>sapientiam</strong></span> <span class='ocrx_word' id='word_1_235' title='bbox 2706 3056 2865 3111; x_wconf 91' lang='lat' dir='ltr'><strong>auris</strong></span> <span class='ocrx_word' id='word_1_236' title='bbox 2908 3062 3010 3113; x_wconf 92' lang='lat' dir='ltr'><strong>tua</strong></span> <span class='ocrx_word' id='word_1_237' title='bbox 3030 3052 3055 3113; x_wconf 77' lang='grc' dir='ltr'>ἐ</span> 
     </span>
    </p>
   </div>
   <div class='ocr_carea' id='block_1_29' title="bbox 237 3122 3627 3204">
    <p class='ocr_par' dir='ltr' id='par_1_29' title="bbox 237 3122 3627 3204">
     <span class='ocr_line' id='line_1_29' title="bbox 237 3122 3627 3204; baseline 0.002 -29"><span class='ocrx_word' id='word_1_238' title='bbox 237 3122 646 3204; x_wconf 73' lang='lat' dir='ltr'><strong>Deglutiamns</strong></span> <span class='ocrx_word' id='word_1_239' title='bbox 677 3140 811 3181; x_wconf 86' lang='lat' dir='ltr'><strong>eum</strong></span> <span class='ocrx_word' id='word_1_240' title='bbox 845 3126 998 3204; x_wconf 73' lang='lat' dir='ltr'><strong>sicut</strong></span> <span class='ocrx_word' id='word_1_241' title='bbox 1027 3128 1292 3204; x_wconf 57' lang='lat' dir='ltr'><strong>infernus</strong></span> <span class='ocrx_word' id='word_1_242' title='bbox 1321 3131 1634 3203; x_wconf 61' lang='lat' dir='ltr'><strong>viventem,</strong></span> <span class='ocrx_word' id='word_1_243' title='bbox 1996 3125 2284 3204; x_wconf 77' lang='lat' dir='ltr'><strong>__inc_lina</strong></span> <span class='ocrx_word' id='word_1_244' title='bbox 2312 3122 2412 3204; x_wconf 76' lang='lat' dir='ltr'><strong>cor</strong></span> <span class='ocrx_word' id='word_1_245' title='bbox 2438 3132 2608 3204; x_wconf 78' lang='lat' dir='ltr'><strong>tuum</strong></span> <span class='ocrx_word' id='word_1_246' title='bbox 2640 3127 2710 3204; x_wconf 84' lang='lat' dir='ltr'><strong>ad</strong></span> <span class='ocrx_word' id='word_1_247' title='bbox 2731 3132 3196 3204; x_wconf 83' lang='lat' dir='ltr'><strong>cognoscendam</strong></span> <span class='ocrx_word' id='word_1_248' title='bbox 3231 3130 3627 3204; x_wconf 90' lang='lat' dir='ltr'><strong>prudentiam.</strong></span> 
     </span>
    </p>
   </div>
   <div class='ocr_carea' id='block_1_30' title="bbox 308 3194 3026 3269">
    <p class='ocr_par' dir='ltr' id='par_1_30' title="bbox 308 3194 3026 3269">
     <span class='ocr_line' id='line_1_30' title="bbox 308 3194 3026 3269; baseline 0.006 -20"><span class='ocrx_word' id='word_1_249' title='bbox 308 3199 368 3250; x_wconf 89' lang='lat' dir='ltr'><strong>et</strong></span> <span class='ocrx_word' id='word_1_250' title='bbox 400 3194 693 3269; x_wconf 85' lang='lat' dir='ltr'><strong>integrum</strong></span> <span class='ocrx_word' id='word_1_251' title='bbox 728 3198 897 3269; x_wconf 88' lang='lat' dir='ltr'><strong>quasi</strong></span> <span class='ocrx_word' id='word_1_252' title='bbox 931 3200 1378 3258; x_wconf 87' lang='lat' dir='ltr'><strong>descendentem</strong></span> <span class='ocrx_word' id='word_1_253' title='bbox 1414 3205 1468 3259; x_wconf 91' lang='lat' dir='ltr'><strong>in</strong></span> <span class='ocrx_word' id='word_1_254' title='bbox 1498 3194 1715 3263; x_wconf 77' lang='lat' dir='ltr'><strong>lacum.</strong></span> <span class='ocrx_word' id='word_1_255' title='bbox 1993 3197 2053 3252; x_wconf 72' lang='lat' dir='ltr'><strong>Si</strong></span> <span class='ocrx_word' id='word_1_256' title='bbox 2083 3197 2617 3269; x_wconf 10' lang='lat' dir='ltr'><strong>enimrsapientiam</strong></span> <span class='ocrx_word' id='word_1_257' title='bbox 2646 3194 3026 3266; x_wconf 61' lang='grc' dir='ltr'><strong>ίῠνοοῖινθνὶεν</strong></span> 
     </span>
    </p>
   </div>
   <div class='ocr_carea' id='block_1_31' title="bbox 238 3264 1837 3357">
    <p class='ocr_par' dir='ltr' id='par_1_31' title="bbox 238 3264 1678 3357">
     <span class='ocr_line' id='line_1_31' title="bbox 238 3264 1678 3357; baseline 0.009 -36"><span class='ocrx_word' id='word_1_258' title='bbox 238 3264 506 3357; x_wconf 66' lang='lat' dir='ltr'><strong>omnem</strong></span> <span class='ocrx_word' id='word_1_259' title='bbox 526 3264 839 3357; x_wconf 59' lang='lat' dir='ltr'><strong>pretiosam</strong></span> <span class='ocrx_word' id='word_1_260' title='bbox 873 3272 1268 3357; x_wconf 76' lang='lat' dir='ltr'><strong>substantiam</strong></span> <span class='ocrx_word' id='word_1_261' title='bbox 1300 3276 1678 3357; x_wconf 76' lang='lat' dir='ltr'><strong>reperiemus,</strong></span> 
     </span>
    </p>
   </div>
   <div class='ocr_carea' id='block_1_32' title="bbox 1613 3264 3212 3357">
    <p class='ocr_par' dir='ltr' id='par_1_32' title="bbox 1613 3264 3212 3357">
     <span class='ocr_line' id='line_1_32' title="bbox 1613 3264 3212 3357; baseline 0.008 -37"><span class='ocrx_word' id='word_1_262' title='bbox 1613 3294 1678 3347; x_wconf 66' lang='lat' dir='ltr'><strong>lg,</strong></span> <span class='ocrx_word' id='word_1_263' title='bbox 1995 3339 2050 3357; x_wconf 53' lang='grc' dir='ltr'><em>Ν</em></span> <span class='ocrx_word' id='word_1_264' title='bbox 2068 3273 2124 3323; x_wconf 89' lang='lat' dir='ltr'><strong>et</strong></span> <span class='ocrx_word' id='word_1_265' title='bbox 2146 3264 2519 3351; x_wconf 65' lang='lat' dir='ltr'><strong>inclinaveris</strong></span> <span class='ocrx_word' id='word_1_266' title='bbox 2541 3274 2822 3352; x_wconf 81' lang='lat' dir='ltr'><strong>cortuum</strong></span> <span class='ocrx_word' id='word_1_267' title='bbox 2847 3264 3170 3355; x_wconf 69' lang='lat' dir='ltr'><strong>prudentiae</strong></span> <span class='ocrx_word' id='word_1_268' title='bbox 3199 3292 3212 3332; x_wconf 89' lang='lat'><strong>:</strong></span> 
     </span>
    </p>
   </div>
   <div class='ocr_carea' id='block_1_33' title="bbox 307 3337 3051 3418">
    <p class='ocr_par' dir='ltr' id='par_1_33' title="bbox 307 3337 3051 3418">
     <span class='ocr_line' id='line_1_33' title="bbox 307 3337 3051 3418; baseline 0.007 -24"><span class='ocrx_word' id='word_1_269' title='bbox 307 3337 691 3418; x_wconf 73' lang='lat' dir='ltr'><strong>implebimus</strong></span> <span class='ocrx_word' id='word_1_270' title='bbox 723 3342 927 3418; x_wconf 81' lang='lat' dir='ltr'><strong>domos</strong></span> <span class='ocrx_word' id='word_1_271' title='bbox 960 3349 1191 3402; x_wconf 87' lang='lat' dir='ltr'><strong>nostras</strong></span> <span class='ocrx_word' id='word_1_272' title='bbox 1226 3337 1454 3418; x_wconf 78' lang='lat' dir='ltr'><strong>spoliis.</strong></span> <span class='ocrx_word' id='word_1_273' title='bbox 1664 3337 1677 3347; x_wconf 79' lang='grc'><strong>’</strong></span> <span class='ocrx_word' id='word_1_274' title='bbox 1995 3339 2052 3395; x_wconf 73' lang='grc' dir='ltr'><strong>εί</strong></span> <span class='ocrx_word' id='word_1_275' title='bbox 2087 3340 2396 3418; x_wconf 58' lang='grc' dir='ltr'><strong>(ῐυεβεῖϐιῗίβ</strong></span> <span class='ocrx_word' id='word_1_276' title='bbox 2427 3357 2494 3396; x_wconf 71' lang='grc' dir='ltr'><strong>θα</strong></span> <span class='ocrx_word' id='word_1_277' title='bbox 2518 3337 3051 3418; x_wconf 58' lang='grc' dir='ltr'><strong>ρυεείρεριῑηῑεω,</strong></span> 
     </span>
    </p>
   </div>
   <div class='ocr_carea' id='block_1_34' title="bbox 230 3412 3173 3482">
    <p class='ocr_par' dir='ltr' id='par_1_34' title="bbox 230 3412 3173 3482">
     <span class='ocr_line' id='line_1_34' title="bbox 230 3412 3173 3482; baseline 0.005 -22"><span class='ocrx_word' id='word_1_278' title='bbox 230 3412 461 3466; x_wconf 78' lang='lat' dir='ltr'><strong>Sortem</strong></span> <span class='ocrx_word' id='word_1_279' title='bbox 495 3412 658 3467; x_wconf 81' lang='lat' dir='ltr'><strong>mitte</strong></span> <span class='ocrx_word' id='word_1_280' title='bbox 685 3413 1011 3482; x_wconf 76' lang='lat' dir='ltr'><strong>nobiscum,</strong></span> <span class='ocrx_word' id='word_1_281' title='bbox 1258 3412 1276 3418; x_wconf 81' lang='lat'>&#39;</span> <span class='ocrx_word' id='word_1_282' title='bbox 2066 3418 2125 3466; x_wconf 88' lang='lat' dir='ltr'><strong>et</strong></span> <span class='ocrx_word' id='word_1_283' title='bbox 2153 3412 2306 3467; x_wconf 88' lang='lat' dir='ltr'><strong>sicut</strong></span> <span class='ocrx_word' id='word_1_284' title='bbox 2334 3412 2642 3468; x_wconf 90' lang='lat' dir='ltr'><strong>thesauros</strong></span> <span class='ocrx_word' id='word_1_285' title='bbox 2661 3412 2929 3470; x_wconf 81' lang='lat' dir='ltr'><strong>etl&#39;oderis</strong></span> <span class='ocrx_word' id='word_1_286' title='bbox 2962 3412 3125 3473; x_wconf 85' lang='lat' dir='ltr'><strong>illam</strong></span> <span class='ocrx_word' id='word_1_287' title='bbox 3158 3434 3173 3475; x_wconf 89' lang='lat'><strong>:</strong></span> 
     </span>
    </p>
   </div>
   <div class='ocr_carea' id='block_1_35' title="bbox 308 3482 3081 3555">
    <p class='ocr_par' dir='ltr' id='par_1_35' title="bbox 308 3482 3081 3555">
     <span class='ocr_line' id='line_1_35' title="bbox 308 3482 3081 3555; baseline 0.007 -20"><span class='ocrx_word' id='word_1_288' title='bbox 308 3483 673 3555; x_wconf 76' lang='lat' dir='ltr'><strong>marsupium</strong></span> <span class='ocrx_word' id='word_1_289' title='bbox 709 3500 893 3540; x_wconf 89' lang='lat' dir='ltr'><strong>unum</strong></span> <span class='ocrx_word' id='word_1_290' title='bbox 927 3487 1001 3541; x_wconf 87' lang='lat' dir='ltr'><strong>sit</strong></span> <span class='ocrx_word' id='word_1_291' title='bbox 1031 3487 1296 3545; x_wconf 89' lang='lat' dir='ltr'><strong>omnium</strong></span> <span class='ocrx_word' id='word_1_292' title='bbox 1331 3495 1619 3549; x_wconf 88' lang='lat' dir='ltr'><strong>nostrum.</strong></span> <span class='ocrx_word' id='word_1_293' title='bbox 1994 3483 2155 3540; x_wconf 78' lang='lat' dir='ltr'><strong>Tunc</strong></span> <span class='ocrx_word' id='word_1_294' title='bbox 2187 3482 2476 3549; x_wconf 66' lang='grc' dir='ltr'><strong>ἰηιθιιίκθε</strong></span> <span class='ocrx_word' id='word_1_295' title='bbox 2508 3486 2777 3540; x_wconf 63' lang='lat' dir='ltr'><strong>timorem</strong></span> <span class='ocrx_word' id='word_1_296' title='bbox 2823 3486 3081 3555; x_wconf 68' lang='lat' dir='ltr'><strong>Domini.</strong></span> 
     </span>
    </p>
   </div>
   <div class='ocr_carea' id='block_1_36' title="bbox 235 3551 2938 3625">
    <p class='ocr_par' dir='ltr' id='par_1_36' title="bbox 235 3551 2938 3625">
     <span class='ocr_line' id='line_1_36' title="bbox 235 3551 2938 3625; baseline 0.002 -17"><span class='ocrx_word' id='word_1_297' title='bbox 235 3551 345 3607; x_wconf 83' lang='lat' dir='ltr'><strong>Fili</strong></span> <span class='ocrx_word' id='word_1_298' title='bbox 378 3553 479 3622; x_wconf 89' lang='lat' dir='ltr'><strong>mi,</strong></span> <span class='ocrx_word' id='word_1_299' title='bbox 514 3551 585 3609; x_wconf 78' lang='lat' dir='ltr'><strong>ne</strong></span> <span class='ocrx_word' id='word_1_300' title='bbox 612 3556 880 3611; x_wconf 85' lang='lat' dir='ltr'><strong>ambules</strong></span> <span class='ocrx_word' id='word_1_301' title='bbox 920 3574 1051 3613; x_wconf 89' lang='lat' dir='ltr'><strong>cum</strong></span> <span class='ocrx_word' id='word_1_302' title='bbox 1097 3559 1203 3625; x_wconf 84' lang='lat' dir='ltr'><strong>eis,</strong></span> <span class='ocrx_word' id='word_1_303' title='bbox 2067 3560 2125 3609; x_wconf 91' lang='lat' dir='ltr'><strong>et</strong></span> <span class='ocrx_word' id='word_1_304' title='bbox 2154 3555 2458 3610; x_wconf 87' lang='lat' dir='ltr'><strong>scientiam</strong></span> <span class='ocrx_word' id='word_1_305' title='bbox 2494 3557 2588 3611; x_wconf 89' lang='lat' dir='ltr'><strong>Dei</strong></span> <span class='ocrx_word' id='word_1_306' title='bbox 2627 3556 2891 3613; x_wconf 90' lang='lat' dir='ltr'><strong>invenies</strong></span> <span class='ocrx_word' id='word_1_307' title='bbox 2925 3575 2938 3613; x_wconf 91' lang='lat'>:</span> 
     </span>
    </p>
   </div>
   <div class='ocr_carea' id='block_1_37' title="bbox 312 3625 3013 3698">
    <p class='ocr_par' dir='ltr' id='par_1_37' title="bbox 312 3625 3013 3698">
     <span class='ocr_line' id='line_1_37' title="bbox 312 3625 3013 3698; baseline 0.003 -20"><span class='ocrx_word' id='word_1_308' title='bbox 312 3625 558 3698; x_wconf 77' lang='lat' dir='ltr'><strong>prohibe</strong></span> <span class='ocrx_word' id='word_1_309' title='bbox 589 3630 792 3698; x_wconf 71' lang='lat' dir='ltr'><strong>pedem</strong></span> <span class='ocrx_word' id='word_1_310' title='bbox 825 3632 993 3684; x_wconf 86' lang='lat' dir='ltr'><strong>tuum</strong></span> <span class='ocrx_word' id='word_1_311' title='bbox 1023 3647 1055 3685; x_wconf 83' lang='lat' dir='ltr'><strong>a</strong></span> <span class='ocrx_word' id='word_1_312' title='bbox 1088 3630 1314 3687; x_wconf 73' lang='lat' dir='ltr'><strong>semitis</strong></span> <span class='ocrx_word' id='word_1_313' title='bbox 1344 3649 1569 3688; x_wconf 73' lang='lat' dir='ltr'><strong>eorum.</strong></span> <span class='ocrx_word' id='word_1_314' title='bbox 1996 3626 2144 3691; x_wconf 88' lang='lat' dir='ltr'><strong>Quia</strong></span> <span class='ocrx_word' id='word_1_315' title='bbox 2172 3626 2461 3682; x_wconf 88' lang='lat' dir='ltr'><strong>Dominus</strong></span> <span class='ocrx_word' id='word_1_316' title='bbox 2491 3628 2591 3682; x_wconf 90' lang='lat' dir='ltr'><strong>dat</strong></span> <span class='ocrx_word' id='word_1_317' title='bbox 2613 3629 2961 3697; x_wconf 84' lang='lat' dir='ltr'><strong>sapientiam</strong></span> <span class='ocrx_word' id='word_1_318' title='bbox 3000 3648 3013 3686; x_wconf 91' lang='lat'><strong>:</strong></span> 
     </span>
    </p>
   </div>
   <div class='ocr_carea' id='block_1_38' title="bbox 239 3694 3213 3773">
    <p class='ocr_par' dir='ltr' id='par_1_38' title="bbox 239 3694 3213 3773">
     <span class='ocr_line' id='line_1_38' title="bbox 239 3694 3213 3773; baseline 0.002 -24"><span class='ocrx_word' id='word_1_319' title='bbox 239 3694 427 3773; x_wconf 81' lang='lat' dir='ltr'><strong>Pedes</strong></span> <span class='ocrx_word' id='word_1_320' title='bbox 459 3694 614 3773; x_wconf 80' lang='lat' dir='ltr'><strong>enim</strong></span> <span class='ocrx_word' id='word_1_321' title='bbox 648 3696 983 3773; x_wconf 76' lang='lat' dir='ltr'><strong>illorumad</strong></span> <span class='ocrx_word' id='word_1_322' title='bbox 1014 3702 1235 3759; x_wconf 86' lang='lat' dir='ltr'><strong>malum</strong></span> <span class='ocrx_word' id='word_1_323' title='bbox 1267 3710 1535 3773; x_wconf 87' lang='lat' dir='ltr'><strong>currunt,</strong></span> <span class='ocrx_word' id='word_1_324' title='bbox 2008 3770 2029 3773; x_wconf 76' lang='lat'><strong><em>_</em></strong></span> <span class='ocrx_word' id='word_1_325' title='bbox 2067 3702 2123 3753; x_wconf 86' lang='lat' dir='ltr'><strong>et</strong></span> <span class='ocrx_word' id='word_1_326' title='bbox 2143 3714 2339 3773; x_wconf 47' lang='lat' dir='ltr'><strong>egere</strong></span> <span class='ocrx_word' id='word_1_327' title='bbox 2361 3701 2488 3768; x_wconf 84' lang='lat' dir='ltr'><strong>ejus</strong></span> <span class='ocrx_word' id='word_1_328' title='bbox 2510 3694 2774 3773; x_wconf 75' lang='lat' dir='ltr'><strong>scientia,</strong></span> <span class='ocrx_word' id='word_1_329' title='bbox 2808 3705 2861 3753; x_wconf 88' lang='lat' dir='ltr'><strong>et</strong></span> <span class='ocrx_word' id='word_1_330' title='bbox 2884 3703 3213 3772; x_wconf 80' lang='lat' dir='ltr'><strong>prudentia,</strong></span> 
     </span>
    </p>
   </div>
   <div class='ocr_carea' id='block_1_39' title="bbox 307 3767 2921 3847">
    <p class='ocr_par' dir='ltr' id='par_1_39' title="bbox 307 3767 2921 3847">
     <span class='ocr_line' id='line_1_39' title="bbox 307 3767 2921 3847; baseline 0.005 -26"><span class='ocrx_word' id='word_1_331' title='bbox 307 3771 366 3821; x_wconf 87' lang='lat' dir='ltr'><strong>et</strong></span> <span class='ocrx_word' id='word_1_332' title='bbox 394 3767 694 3847; x_wconf 64' lang='lat' dir='ltr'><strong>festinant,</strong></span> <span class='ocrx_word' id='word_1_333' title='bbox 746 3778 816 3847; x_wconf 84' lang='lat' dir='ltr'><strong>_ut</strong></span> <span class='ocrx_word' id='word_1_334' title='bbox 841 3772 1153 3847; x_wconf 69' lang='lat' dir='ltr'><strong>effundant</strong></span> <span class='ocrx_word' id='word_1_335' title='bbox 1178 3767 1552 3847; x_wconf 80' lang='lat' dir='ltr'><strong>sanguinem.</strong></span> <span class='ocrx_word' id='word_1_336' title='bbox 1995 3770 2296 3847; x_wconf 87' lang='lat' dir='ltr'><strong>Custodiet</strong></span> <span class='ocrx_word' id='word_1_337' title='bbox 2322 3767 2613 3847; x_wconf 73' lang='lat' dir='ltr'><strong>rectorum</strong></span> <span class='ocrx_word' id='word_1_338' title='bbox 2648 3767 2921 3847; x_wconf 54' lang='lat' dir='ltr'><strong>salutem.</strong></span> 
     </span>
    </p>
   </div>
   <div class='ocr_carea' id='block_1_40' title="bbox 233 3836 3183 3912">
    <p class='ocr_par' dir='ltr' id='par_1_40' title="bbox 233 3836 3183 3912">
     <span class='ocr_line' id='line_1_40' title="bbox 233 3836 3183 3912; baseline 0 -16"><span class='ocrx_word' id='word_1_339' title='bbox 233 3836 481 3895; x_wconf 80' lang='lat' dir='ltr'><strong>Frustra</strong></span> <span class='ocrx_word' id='word_1_340' title='bbox 509 3845 710 3896; x_wconf 86' lang='lat' dir='ltr'><strong>autem</strong></span> <span class='ocrx_word' id='word_1_341' title='bbox 743 3842 958 3912; x_wconf 83' lang='lat' dir='ltr'><strong>iacitur</strong></span> <span class='ocrx_word' id='word_1_342' title='bbox 990 3850 1109 3901; x_wconf 89' lang='lat' dir='ltr'><strong>rete</strong></span> <span class='ocrx_word' id='word_1_343' title='bbox 1288 3836 1323 3847; x_wconf 82' lang='grc'><em>“”</em></span> <span class='ocrx_word' id='word_1_344' title='bbox 2065 3844 2123 3896; x_wconf 91' lang='lat' dir='ltr'><strong>et</strong></span> <span class='ocrx_word' id='word_1_345' title='bbox 2153 3845 2416 3912; x_wconf 85' lang='lat' dir='ltr'><strong>proteget</strong></span> <span class='ocrx_word' id='word_1_346' title='bbox 2442 3840 2780 3912; x_wconf 77' lang='lat' dir='ltr'><strong>gradientes</strong></span> <span class='ocrx_word' id='word_1_347' title='bbox 2811 3841 3183 3912; x_wconf 88' lang='lat' dir='ltr'><strong>simpliciter.</strong></span> 
     </span>
    </p>
   </div>
   <div class='ocr_carea' id='block_1_41' title="bbox 314 3911 2818 3982">
    <p class='ocr_par' dir='ltr' id='par_1_41' title="bbox 314 3911 2818 3982">
     <span class='ocr_line' id='line_1_41' title="bbox 314 3911 2818 3982; baseline 0.001 -17"><span class='ocrx_word' id='word_1_348' title='bbox 314 3914 452 3982; x_wconf 84' lang='lat' dir='ltr'><strong>ante</strong></span> <span class='ocrx_word' id='word_1_349' title='bbox 484 3913 685 3967; x_wconf 85' lang='lat' dir='ltr'><strong>oculos</strong></span> <span class='ocrx_word' id='word_1_350' title='bbox 715 3911 1127 3982; x_wconf 79' lang='lat' dir='ltr'><strong>pennatorum,</strong></span> <span class='ocrx_word' id='word_1_351' title='bbox 1991 3914 2243 3966; x_wconf 88' lang='lat' dir='ltr'><strong>Servans</strong></span> <span class='ocrx_word' id='word_1_352' title='bbox 2274 3911 2517 3967; x_wconf 89' lang='lat' dir='ltr'><strong>semitas</strong></span> <span class='ocrx_word' id='word_1_353' title='bbox 2551 3911 2818 3980; x_wconf 76' lang='lat' dir='ltr'><strong>justitize.</strong></span> 
     </span>
    </p>
   </div>
   <div class='ocr_carea' id='block_1_42' title="bbox 238 3980 3029 4063">
    <p class='ocr_par' dir='ltr' id='par_1_42' title="bbox 238 3980 3029 4063">
     <span class='ocr_line' id='line_1_42' title="bbox 238 3980 3029 4063; baseline 0.004 -26"><span class='ocrx_word' id='word_1_354' title='bbox 238 3980 360 4051; x_wconf 84' lang='lat' dir='ltr'><strong>Ipsi</strong></span> <span class='ocrx_word' id='word_1_355' title='bbox 392 3999 622 4063; x_wconf 74' lang='lat' dir='ltr'><strong>quoque</strong></span> <span class='ocrx_word' id='word_1_356' title='bbox 648 3980 753 4063; x_wconf 81' lang='grc' dir='ltr'><strong>[Αἰ.</strong></span> <span class='ocrx_word' id='word_1_357' title='bbox 789 3987 1048 4059; x_wconf 85' lang='lat' dir='ltr'><strong>Ipsique]</strong></span> <span class='ocrx_word' id='word_1_358' title='bbox 1080 3994 1283 4045; x_wconf 88' lang='lat' dir='ltr'><strong>contra</strong></span> <span class='ocrx_word' id='word_1_359' title='bbox 1313 3991 1664 4063; x_wconf 89' lang='lat' dir='ltr'><strong>sanguinem</strong></span> <span class='ocrx_word' id='word_1_360' title='bbox 1707 4008 1885 4047; x_wconf 87' lang='lat' dir='ltr'><strong>suum</strong></span> <span class='ocrx_word' id='word_1_361' title='bbox 1994 4056 2040 4063; x_wconf 92' lang='lat'><em>_</em></span> <span class='ocrx_word' id='word_1_362' title='bbox 2066 3987 2123 4039; x_wconf 68' lang='lat' dir='ltr'><strong>et</strong></span> <span class='ocrx_word' id='word_1_363' title='bbox 2154 3983 2276 4063; x_wconf 71' lang='lat' dir='ltr'><strong>V_ia_8</strong></span> <span class='ocrx_word' id='word_1_364' title='bbox 2296 3983 3029 4063; x_wconf 48' lang='lat' dir='ltr'><strong>egnctqrunipustodigns;</strong></span> 
     </span>
    </p>
   </div>
   <div class='ocr_carea' id='block_1_43' title="bbox 389 4053 3211 4126">
    <p class='ocr_par' dir='ltr' id='par_1_43' title="bbox 389 4053 3211 4126">
     <span class='ocr_line' id='line_1_43' title="bbox 389 4053 3211 4126; baseline 0.001 -19"><span class='ocrx_word' id='word_1_365' title='bbox 389 4053 769 4126; x_wconf 81' lang='lat' dir='ltr'><strong>insidiantur,</strong></span> <span class='ocrx_word' id='word_1_366' title='bbox 817 4053 830 4057; x_wconf 68' lang='grc'>⁷</span> <span class='ocrx_word' id='word_1_367' title='bbox 909 4053 945 4126; x_wconf 24' lang='grc' dir='ltr'><strong>μ’</strong></span> <span class='ocrx_word' id='word_1_368' title='bbox 1036 4053 1048 4059; x_wconf 88' lang='grc'><strong>’</strong></span> <span class='ocrx_word' id='word_1_369' title='bbox 1424 4053 1457 4063; x_wconf 59' lang='grc' dir='ltr'>ν</span> <span class='ocrx_word' id='word_1_370' title='bbox 1994 4053 3211 4126; x_wconf 82' lang='lat' dir='ltr'><strong>Tuncintelligesjustitiam,ctjudicium.</strong></span> 
     </span>
    </p>
   </div>
   <div class='ocr_carea' id='block_1_44' title="bbox 313 4123 3428 4196">
    <p class='ocr_par' dir='ltr' id='par_1_44' title="bbox 313 4123 3428 4196">
     <span class='ocr_line' id='line_1_44' title="bbox 313 4123 3428 4196; baseline 0.001 -19"><span class='ocrx_word' id='word_1_371' title='bbox 313 4127 372 4178; x_wconf 87' lang='lat' dir='ltr'><strong>et</strong></span> <span class='ocrx_word' id='word_1_372' title='bbox 402 4125 729 4182; x_wconf 90' lang='lat' dir='ltr'><strong>moliuntur</strong></span> <span class='ocrx_word' id='word_1_373' title='bbox 758 4123 993 4180; x_wconf 80' lang='lat' dir='ltr'><strong>fraudes</strong></span> <span class='ocrx_word' id='word_1_374' title='bbox 1024 4128 1227 4179; x_wconf 91' lang='lat' dir='ltr'><strong>contra</strong></span> <span class='ocrx_word' id='word_1_375' title='bbox 1270 4126 1501 4182; x_wconf 87' lang='lat' dir='ltr'><strong>animas</strong></span> <span class='ocrx_word' id='word_1_376' title='bbox 1530 4143 1691 4183; x_wconf 88' lang='lat' dir='ltr'><strong>suas.</strong></span> <span class='ocrx_word' id='word_1_377' title='bbox 2066 4131 2122 4181; x_wconf 89' lang='lat' dir='ltr'><strong>et</strong></span> <span class='ocrx_word' id='word_1_378' title='bbox 2152 4123 2511 4196; x_wconf 63' lang='lat' dir='ltr'><strong>aequitatem,</strong></span> <span class='ocrx_word' id='word_1_379' title='bbox 2542 4130 2598 4179; x_wconf 88' lang='lat' dir='ltr'><strong>et</strong></span> <span class='ocrx_word' id='word_1_380' title='bbox 2627 4143 2856 4181; x_wconf 87' lang='lat' dir='ltr'><strong>omnem</strong></span> <span class='ocrx_word' id='word_1_381' title='bbox 2890 4123 3159 4181; x_wconf 80' lang='lat' dir='ltr'><strong>semitam</strong></span> <span class='ocrx_word' id='word_1_382' title='bbox 3193 4128 3428 4181; x_wconf 87' lang='lat' dir='ltr'><strong>bonam.</strong></span> 
     </span>
    </p>
   </div>
   <div class='ocr_carea' id='block_1_45' title="bbox 242 4192 3046 4268">
    <p class='ocr_par' dir='ltr' id='par_1_45' title="bbox 242 4192 3046 4268">
     <span class='ocr_line' id='line_1_45' title="bbox 242 4192 3046 4268; baseline 0.001 -19"><span class='ocrx_word' id='word_1_383' title='bbox 242 4192 340 4249; x_wconf 86' lang='lat' dir='ltr'><strong>Sic</strong></span> <span class='ocrx_word' id='word_1_384' title='bbox 378 4197 601 4268; x_wconf 76' lang='lat' dir='ltr'><strong>semitas</strong></span> <span class='ocrx_word' id='word_1_385' title='bbox 636 4198 829 4254; x_wconf 89' lang='lat' dir='ltr'><strong>omnis</strong></span> <span class='ocrx_word' id='word_1_386' title='bbox 882 4195 1064 4268; x_wconf 82' lang='lat' dir='ltr'><strong>avari,</strong></span> <span class='ocrx_word' id='word_1_387' title='bbox 1992 4197 2050 4252; x_wconf 88' lang='lat' dir='ltr'><strong>Si</strong></span> <span class='ocrx_word' id='word_1_388' title='bbox 2081 4192 2383 4253; x_wconf 79' lang='lat' dir='ltr'><strong>intraverit</strong></span> <span class='ocrx_word' id='word_1_389' title='bbox 2412 4197 2699 4268; x_wconf 86' lang='lat' dir='ltr'><strong>sapientia</strong></span> <span class='ocrx_word' id='word_1_390' title='bbox 2731 4215 2830 4251; x_wconf 90' lang='lat' dir='ltr'><strong>cor</strong></span> <span class='ocrx_word' id='word_1_391' title='bbox 2858 4203 3046 4261; x_wconf 90' lang='lat' dir='ltr'><strong>tuum,</strong></span> 
     </span>
    </p>
   </div>
   <div class='ocr_carea' id='block_1_46' title="bbox 314 4266 3139 4359">
    <p class='ocr_par' dir='ltr' id='par_1_46' title="bbox 314 4266 3139 4359">
     <span class='ocr_line' id='line_1_46' title="bbox 314 4266 3139 4359; baseline 0 -37"><span class='ocrx_word' id='word_1_392' title='bbox 314 4266 543 4359; x_wconf 54' lang='lat' dir='ltr'><strong>animas</strong></span> <span class='ocrx_word' id='word_1_393' title='bbox 568 4266 1010 4359; x_wconf 61' lang='lat' dir='ltr'><strong>possidentium</strong></span> <span class='ocrx_word' id='word_1_394' title='bbox 1039 4268 1301 4340; x_wconf 88' lang='lat' dir='ltr'><strong>rapiunt.</strong></span> <span class='ocrx_word' id='word_1_395' title='bbox 1911 4291 1956 4359; x_wconf 67' lang='grc' dir='ltr'><strong>ρ</strong></span> <span class='ocrx_word' id='word_1_396' title='bbox 1995 4340 2034 4359; x_wconf 53' lang='lat' dir='ltr'><strong>ﬂ</strong></span> <span class='ocrx_word' id='word_1_397' title='bbox 2066 4275 2124 4324; x_wconf 90' lang='lat' dir='ltr'><strong>et</strong></span> <span class='ocrx_word' id='word_1_398' title='bbox 2151 4269 2394 4359; x_wconf 65' lang='lat' dir='ltr'><strong>scientia</strong></span> <span class='ocrx_word' id='word_1_399' title='bbox 2424 4266 2643 4359; x_wconf 43' lang='lat' dir='ltr'><strong>animus</strong></span> <span class='ocrx_word' id='word_1_400' title='bbox 2666 4274 2778 4359; x_wconf 65' lang='lat' dir='ltr'><strong>tua)</strong></span> <span class='ocrx_word' id='word_1_401' title='bbox 2813 4268 3094 4341; x_wconf 90' lang='lat' dir='ltr'><strong>placuerit</strong></span> <span class='ocrx_word' id='word_1_402' title='bbox 3127 4285 3139 4322; x_wconf 91' lang='lat'><strong>:</strong></span> 
     </span>
    </p>
   </div>
   <div class='ocr_carea' id='block_1_47' title="bbox 244 4338 2755 4413">
    <p class='ocr_par' dir='ltr' id='par_1_47' title="bbox 244 4338 2755 4413">
     <span class='ocr_line' id='line_1_47' title="bbox 244 4338 2755 4413; baseline 0.001 -21"><span class='ocrx_word' id='word_1_403' title='bbox 244 4338 548 4413; x_wconf 79' lang='lat' dir='ltr'><strong>Sapientia</strong></span> <span class='ocrx_word' id='word_1_404' title='bbox 566 4338 708 4397; x_wconf 77' lang='lat' dir='ltr'><strong>foris</strong></span> <span class='ocrx_word' id='word_1_405' title='bbox 738 4339 1035 4413; x_wconf 70' lang='lat' dir='ltr'><strong>prmdicat,</strong></span> <span class='ocrx_word' id='word_1_406' title='bbox 1109 4338 1125 4340; x_wconf 64' lang='grc'>⁷</span> <span class='ocrx_word' id='word_1_407' title='bbox 1913 4338 1956 4359; x_wconf 84' lang='lat'><strong>“&#39;</strong></span> <span class='ocrx_word' id='word_1_408' title='bbox 1993 4339 2315 4413; x_wconf 88' lang='lat' dir='ltr'><strong>Consilium</strong></span> <span class='ocrx_word' id='word_1_409' title='bbox 2358 4341 2648 4413; x_wconf 87' lang='lat' dir='ltr'><strong>custodiet</strong></span> <span class='ocrx_word' id='word_1_410' title='bbox 2666 4346 2755 4413; x_wconf 80' lang='lat' dir='ltr'><strong>te,</strong></span> 
     </span>
    </p>
   </div>
   <div class='ocr_carea' id='block_1_48' title="bbox 311 4410 2853 4483">
    <p class='ocr_par' dir='ltr' id='par_1_48' title="bbox 311 4410 2853 4483">
     <span class='ocr_line' id='line_1_48' title="bbox 311 4410 2853 4483; baseline 0.001 -19"><span class='ocrx_word' id='word_1_411' title='bbox 311 4410 370 4464; x_wconf 94' lang='lat' dir='ltr'><strong>in</strong></span> <span class='ocrx_word' id='word_1_412' title='bbox 406 4412 615 4482; x_wconf 88' lang='lat' dir='ltr'><strong>plateis</strong></span> <span class='ocrx_word' id='word_1_413' title='bbox 644 4410 756 4467; x_wconf 51' lang='lat' dir='ltr'><strong>dat&#39;</strong></span> <span class='ocrx_word' id='word_1_414' title='bbox 773 4427 970 4483; x_wconf 87' lang='lat' dir='ltr'><strong>vocem</strong></span> <span class='ocrx_word' id='word_1_415' title='bbox 1004 4426 1173 4466; x_wconf 89' lang='lat' dir='ltr'><strong>suam</strong></span> <span class='ocrx_word' id='word_1_416' title='bbox 1208 4426 1222 4465; x_wconf 88' lang='lat'><strong>:</strong></span> <span class='ocrx_word' id='word_1_417' title='bbox 2066 4416 2123 4467; x_wconf 90' lang='lat' dir='ltr'><strong>et</strong></span> <span class='ocrx_word' id='word_1_418' title='bbox 2153 4411 2466 4483; x_wconf 88' lang='lat' dir='ltr'><strong>prudentia</strong></span> <span class='ocrx_word' id='word_1_419' title='bbox 2494 4412 2747 4483; x_wconf 88' lang='lat' dir='ltr'><strong>servabit</strong></span> <span class='ocrx_word' id='word_1_420' title='bbox 2776 4414 2853 4476; x_wconf 89' lang='lat' dir='ltr'><strong>te,</strong></span> 
     </span>
    </p>
   </div>
   <div class='ocr_carea' id='block_1_49' title="bbox 238 4481 2776 4553">
    <p class='ocr_par' dir='ltr' id='par_1_49' title="bbox 238 4481 2776 4553">
     <span class='ocr_line' id='line_1_49' title="bbox 238 4481 2776 4553; baseline 0 -16"><span class='ocrx_word' id='word_1_421' title='bbox 238 4481 302 4537; x_wconf 91' lang='lat' dir='ltr'><strong>In</strong></span> <span class='ocrx_word' id='word_1_422' title='bbox 335 4481 525 4553; x_wconf 86' lang='lat' dir='ltr'><strong>capite</strong></span> <span class='ocrx_word' id='word_1_423' title='bbox 556 4487 858 4539; x_wconf 88' lang='lat' dir='ltr'><strong>turbarum</strong></span> <span class='ocrx_word' id='word_1_424' title='bbox 889 4482 1175 4549; x_wconf 85' lang='lat' dir='ltr'><strong>clamitat,</strong></span> <span class='ocrx_word' id='word_1_425' title='bbox 2064 4490 2131 4538; x_wconf 89' lang='lat' dir='ltr'><strong>ut</strong></span> <span class='ocrx_word' id='word_1_426' title='bbox 2154 4481 2384 4539; x_wconf 81' lang='lat' dir='ltr'><strong>eruaris</strong></span> <span class='ocrx_word' id='word_1_427' title='bbox 2412 4502 2443 4538; x_wconf 89' lang='lat' dir='ltr'><strong>a</strong></span> <span class='ocrx_word' id='word_1_428' title='bbox 2473 4483 2567 4538; x_wconf 88' lang='lat' dir='ltr'><strong>via</strong></span> <span class='ocrx_word' id='word_1_429' title='bbox 2602 4482 2776 4547; x_wconf 82' lang='lat' dir='ltr'><strong>mala,</strong></span> 
     </span>
    </p>
   </div>
   <div class='ocr_carea' id='block_1_50' title="bbox 313 4553 3131 4626">
    <p class='ocr_par' dir='ltr' id='par_1_50' title="bbox 313 4553 3131 4626">
     <span class='ocr_line' id='line_1_50' title="bbox 313 4553 3131 4626; baseline 0 -19"><span class='ocrx_word' id='word_1_430' title='bbox 313 4554 369 4607; x_wconf 91' lang='lat' dir='ltr'><strong>in</strong></span> <span class='ocrx_word' id='word_1_431' title='bbox 404 4554 631 4610; x_wconf 86' lang='lat' dir='ltr'><strong>foribus</strong></span> <span class='ocrx_word' id='word_1_432' title='bbox 661 4560 959 4626; x_wconf 87' lang='lat' dir='ltr'><strong>portarum</strong></span> <span class='ocrx_word' id='word_1_433' title='bbox 989 4554 1155 4608; x_wconf 89' lang='lat' dir='ltr'><strong>urbis</strong></span> <span class='ocrx_word' id='word_1_434' title='bbox 2062 4556 2134 4610; x_wconf 90' lang='lat' dir='ltr'><strong>ab</strong></span> <span class='ocrx_word' id='word_1_435' title='bbox 2153 4555 2410 4619; x_wconf 89' lang='lat' dir='ltr'><strong>homine,</strong></span> <span class='ocrx_word' id='word_1_436' title='bbox 2441 4553 2828 4626; x_wconf 87' lang='lat' dir='ltr'><strong>quiperversa</strong></span> <span class='ocrx_word' id='word_1_437' title='bbox 2852 4553 3131 4625; x_wconf 89' lang='lat' dir='ltr'><strong>loquitur.</strong></span> 
     </span>
    </p>
   </div>
   <div class='ocr_carea' id='block_1_51' title="bbox 313 4626 2885 4696">
    <p class='ocr_par' dir='ltr' id='par_1_51' title="bbox 313 4626 2885 4696">
     <span class='ocr_line' id='line_1_51' title="bbox 313 4626 2885 4696; baseline 0 -18"><span class='ocrx_word' id='word_1_438' title='bbox 313 4626 535 4695; x_wconf 80' lang='lat' dir='ltr'><strong>profert</strong></span> <span class='ocrx_word' id='word_1_439' title='bbox 566 4626 739 4682; x_wconf 88' lang='lat' dir='ltr'><strong>verba</strong></span> <span class='ocrx_word' id='word_1_440' title='bbox 766 4642 894 4695; x_wconf 86' lang='lat' dir='ltr'><strong>sua,</strong></span> <span class='ocrx_word' id='word_1_441' title='bbox 928 4626 1131 4679; x_wconf 77' lang='lat' dir='ltr'><strong>dicens</strong></span> <span class='ocrx_word' id='word_1_442' title='bbox 1163 4641 1176 4679; x_wconf 89' lang='lat'>:</span> <span class='ocrx_word' id='word_1_443' title='bbox 1990 4626 2097 4693; x_wconf 88' lang='lat' dir='ltr'><strong>Qui</strong></span> <span class='ocrx_word' id='word_1_444' title='bbox 2133 4626 2473 4696; x_wconf 85' lang='lat' dir='ltr'><strong>relinquunt</strong></span> <span class='ocrx_word' id='word_1_445' title='bbox 2503 4626 2611 4679; x_wconf 89' lang='lat' dir='ltr'><strong>iter</strong></span> <span class='ocrx_word' id='word_1_446' title='bbox 2640 4632 2885 4693; x_wconf 90' lang='lat' dir='ltr'><strong>rectum,</strong></span> 
     </span>
    </p>
   </div>
   <div class='ocr_carea' id='block_1_52' title="bbox 238 4692 3141 4769">
    <p class='ocr_par' dir='ltr' id='par_1_52' title="bbox 238 4692 3141 4769">
     <span class='ocr_line' id='line_1_52' title="bbox 238 4692 3141 4769; baseline 0 -20"><span class='ocrx_word' id='word_1_447' title='bbox 238 4692 580 4769; x_wconf 50' lang='lat' dir='ltr'><strong>Us&#39;quequo,</strong></span> <span class='ocrx_word' id='word_1_448' title='bbox 616 4692 1139 4769; x_wconf 19' lang='lat' dir='ltr'><strong>parvuli,vdiligilis</strong></span> <span class='ocrx_word' id='word_1_449' title='bbox 1174 4695 1517 4769; x_wconf 71' lang='lat' dir='ltr'><strong>infantiam,</strong></span> <span class='ocrx_word' id='word_1_450' title='bbox 2020 4692 2029 4693; x_wconf 25' lang='grc' dir='ltr'>ί</span> <span class='ocrx_word' id='word_1_451' title='bbox 2060 4692 2452 4769; x_wconf 85' lang='lat' dir='ltr'><strong>etambulant</strong></span> <span class='ocrx_word' id='word_1_452' title='bbox 2484 4713 2584 4768; x_wconf 89' lang='lat' dir='ltr'><strong>per</strong></span> <span class='ocrx_word' id='word_1_453' title='bbox 2614 4696 2735 4769; x_wconf 83' lang='lat' dir='ltr'><strong>vias</strong></span> <span class='ocrx_word' id='word_1_454' title='bbox 2757 4692 3095 4769; x_wconf 78' lang='lat' dir='ltr'><strong>tenebrasas</strong></span> <span class='ocrx_word' id='word_1_455' title='bbox 3129 4713 3141 4749; x_wconf 90' lang='lat'>:</span> 
     </span>
    </p>
   </div>
   <div class='ocr_carea' id='block_1_53' title="bbox 307 4767 3015 4839">
    <p class='ocr_par' dir='ltr' id='par_1_53' title="bbox 307 4767 3015 4839">
     <span class='ocr_line' id='line_1_53' title="bbox 307 4767 3015 4839; baseline 0 -18"><span class='ocrx_word' id='word_1_456' title='bbox 307 4767 365 4821; x_wconf 90' lang='lat' dir='ltr'><strong>et</strong></span> <span class='ocrx_word' id='word_1_457' title='bbox 394 4768 535 4824; x_wconf 81' lang='lat' dir='ltr'><strong>etuti</strong></span> <span class='ocrx_word' id='word_1_458' title='bbox 568 4767 655 4835; x_wconf 79' lang='lat' dir='ltr'><strong>ea,</strong></span> <span class='ocrx_word' id='word_1_459' title='bbox 688 4786 811 4838; x_wconf 70' lang='lat' dir='ltr'><strong>qua:</strong></span> <span class='ocrx_word' id='word_1_460' title='bbox 845 4767 955 4825; x_wconf 90' lang='lat' dir='ltr'><strong>sibi</strong></span> <span class='ocrx_word' id='word_1_461' title='bbox 990 4772 1130 4822; x_wconf 92' lang='lat' dir='ltr'><strong>sunt</strong></span> <span class='ocrx_word' id='word_1_462' title='bbox 1163 4767 1354 4838; x_wconf 79' lang='lat' dir='ltr'><strong>noxia,</strong></span> <span class='ocrx_word' id='word_1_463' title='bbox 1388 4767 1647 4839; x_wconf 81' lang='lat' dir='ltr'><strong>cupient,</strong></span> <span class='ocrx_word' id='word_1_464' title='bbox 1989 4769 2098 4835; x_wconf 88' lang='lat' dir='ltr'><strong>Qui</strong></span> <span class='ocrx_word' id='word_1_465' title='bbox 2128 4768 2400 4823; x_wconf 75' lang='lat' dir='ltr'><strong>laetantur</strong></span> <span class='ocrx_word' id='word_1_466' title='bbox 2430 4767 2561 4822; x_wconf 85' lang='lat' dir='ltr'><strong>cum</strong></span> <span class='ocrx_word' id='word_1_467' title='bbox 2597 4768 3015 4832; x_wconf 83' lang='lat' dir='ltr'><strong>malefecerint,</strong></span> 
     </span>
    </p>
   </div>
   <div class='ocr_carea' id='block_1_54' title="bbox 308 4838 3095 4911">
    <p class='ocr_par' dir='ltr' id='par_1_54' title="bbox 308 4838 3095 4911">
     <span class='ocr_line' id='line_1_54' title="bbox 308 4838 3095 4911; baseline 0 -18"><span class='ocrx_word' id='word_1_468' title='bbox 308 4844 367 4894; x_wconf 90' lang='lat' dir='ltr'><strong>et</strong></span> <span class='ocrx_word' id='word_1_469' title='bbox 395 4838 799 4910; x_wconf 88' lang='lat' dir='ltr'><strong>imprudentes</strong></span> <span class='ocrx_word' id='word_1_470' title='bbox 831 4840 1079 4897; x_wconf 73' lang='lat' dir='ltr'><strong>odibunt</strong></span> <span class='ocrx_word' id='word_1_471' title='bbox 1109 4839 1415 4894; x_wconf 87' lang='lat' dir='ltr'><strong>scientiam</strong></span> <span class='ocrx_word' id='word_1_472' title='bbox 1443 4838 1479 4893; x_wconf 16' lang='lat' dir='ltr'><strong>P7</strong></span> <span class='ocrx_word' id='word_1_473' title='bbox 1634 4838 1639 4839; x_wconf 49' lang='grc'><strong>“</strong></span> <span class='ocrx_word' id='word_1_474' title='bbox 2060 4844 2119 4896; x_wconf 89' lang='lat' dir='ltr'><strong>et</strong></span> <span class='ocrx_word' id='word_1_475' title='bbox 2149 4839 2445 4898; x_wconf 82' lang='lat' dir='ltr'><strong>exsultant</strong></span> <span class='ocrx_word' id='word_1_476' title='bbox 2475 4840 2535 4894; x_wconf 92' lang='lat' dir='ltr'><strong>in</strong></span> <span class='ocrx_word' id='word_1_477' title='bbox 2569 4840 2744 4895; x_wconf 91' lang='lat' dir='ltr'><strong>rebus</strong></span> <span class='ocrx_word' id='word_1_478' title='bbox 2776 4840 3049 4911; x_wconf 88' lang='lat' dir='ltr'><strong>pessimis</strong></span> <span class='ocrx_word' id='word_1_479' title='bbox 3082 4856 3095 4893; x_wconf 89' lang='lat'><strong>:</strong></span> 
     </span>
    </p>
   </div>
   <div class='ocr_carea' id='block_1_55' title="bbox 232 4908 2716 4984">
    <p class='ocr_par' dir='ltr' id='par_1_55' title="bbox 232 4908 2716 4984">
     <span class='ocr_line' id='line_1_55' title="bbox 232 4908 2716 4984; baseline 0 -19"><span class='ocrx_word' id='word_1_480' title='bbox 232 4908 656 4966; x_wconf 81' lang='lat' dir='ltr'><strong>Convertimini</strong></span> <span class='ocrx_word' id='word_1_481' title='bbox 680 4914 751 4969; x_wconf 85' lang='lat' dir='ltr'><strong>ad</strong></span> <span class='ocrx_word' id='word_1_482' title='bbox 784 4912 1209 4984; x_wconf 88' lang='lat' dir='ltr'><strong>correptioncm</strong></span> <span class='ocrx_word' id='word_1_483' title='bbox 1243 4927 1430 4965; x_wconf 88' lang='lat' dir='ltr'><strong>meam</strong></span> <span class='ocrx_word' id='word_1_484' title='bbox 1457 4927 1470 4964; x_wconf 90' lang='lat'>:</span> <span class='ocrx_word' id='word_1_485' title='bbox 1988 4911 2246 4984; x_wconf 86' lang='lat' dir='ltr'><strong>Quorum</strong></span> <span class='ocrx_word' id='word_1_486' title='bbox 2278 4912 2380 4967; x_wconf 70' lang='lat' dir='ltr'><strong>viae</strong></span> <span class='ocrx_word' id='word_1_487' title='bbox 2412 4927 2716 4984; x_wconf 75' lang='lat' dir='ltr'><strong>perversae,</strong></span> 
     </span>
    </p>
   </div>
   <div class='ocr_carea' id='block_1_56' title="bbox 308 4983 2921 5055">
    <p class='ocr_par' dir='ltr' id='par_1_56' title="bbox 308 4983 2921 5055">
     <span class='ocr_line' id='line_1_56' title="bbox 308 4983 2921 5055; baseline 0 -19"><span class='ocrx_word' id='word_1_488' title='bbox 308 4996 380 5036; x_wconf 86' lang='lat' dir='ltr'><strong>en</strong></span> <span class='ocrx_word' id='word_1_489' title='bbox 414 4984 703 5053; x_wconf 83' lang='lat' dir='ltr'><strong>proferam</strong></span> <span class='ocrx_word' id='word_1_490' title='bbox 734 4984 899 5039; x_wconf 82' lang='lat' dir='ltr'><strong>vobis</strong></span> <span class='ocrx_word' id='word_1_491' title='bbox 931 4983 1201 5055; x_wconf 76' lang='lat' dir='ltr'><strong>Spiritum</strong></span> <span class='ocrx_word' id='word_1_492' title='bbox 1232 4998 1453 5049; x_wconf 87' lang='lat' dir='ltr'><strong>meum,</strong></span> <span class='ocrx_word' id='word_1_493' title='bbox 2060 4988 2116 5040; x_wconf 89' lang='lat' dir='ltr'><strong>et</strong></span> <span class='ocrx_word' id='word_1_494' title='bbox 2146 4983 2397 5040; x_wconf 80' lang='lat' dir='ltr'><strong>infames</strong></span> <span class='ocrx_word' id='word_1_495' title='bbox 2417 4983 2668 5055; x_wconf 83' lang='lat' dir='ltr'><strong>gressus</strong></span> <span class='ocrx_word' id='word_1_496' title='bbox 2696 4997 2921 5055; x_wconf 87' lang='lat' dir='ltr'><strong>eorum.</strong></span> 
     </span>
    </p>
   </div>
   <div class='ocr_carea' id='block_1_57' title="bbox 307 5053 2893 5118">
    <p class='ocr_par' dir='ltr' id='par_1_57' title="bbox 307 5053 2893 5118">
     <span class='ocr_line' id='line_1_57' title="bbox 307 5053 2893 5118; baseline 0 -10"><span class='ocrx_word' id='word_1_497' title='bbox 307 5057 365 5108; x_wconf 88' lang='lat' dir='ltr'><strong>et</strong></span> <span class='ocrx_word' id='word_1_498' title='bbox 392 5055 697 5110; x_wconf 89' lang='lat' dir='ltr'><strong>ostendam</strong></span> <span class='ocrx_word' id='word_1_499' title='bbox 730 5056 904 5111; x_wconf 90' lang='lat' dir='ltr'><strong>verba</strong></span> <span class='ocrx_word' id='word_1_500' title='bbox 949 5053 1099 5109; x_wconf 84' lang='lat' dir='ltr'><strong>mea.</strong></span> <span class='ocrx_word' id='word_1_501' title='bbox 1989 5055 2063 5111; x_wconf 91' lang='lat' dir='ltr'><strong>Ut</strong></span> <span class='ocrx_word' id='word_1_502' title='bbox 2090 5055 2318 5112; x_wconf 86' lang='lat' dir='ltr'><strong>eruaris</strong></span> <span class='ocrx_word' id='word_1_503' title='bbox 2341 5072 2375 5111; x_wconf 92' lang='lat' dir='ltr'><strong>a</strong></span> <span class='ocrx_word' id='word_1_504' title='bbox 2406 5053 2650 5110; x_wconf 78' lang='lat' dir='ltr'><strong>muliere</strong></span> <span class='ocrx_word' id='word_1_505' title='bbox 2681 5053 2893 5118; x_wconf 83' lang='lat' dir='ltr'><strong>aliena,</strong></span> 
     </span>
    </p>
   </div>
   <div class='ocr_carea' id='block_1_58' title="bbox 232 5123 3459 5197">
    <p class='ocr_par' dir='ltr' id='par_1_58' title="bbox 232 5123 3459 5197">
     <span class='ocr_line' id='line_1_58' title="bbox 232 5123 3459 5197; baseline -0 -19"><span class='ocrx_word' id='word_1_506' title='bbox 232 5123 385 5188; x_wconf 86' lang='lat' dir='ltr'><strong>Quia</strong></span> <span class='ocrx_word' id='word_1_507' title='bbox 415 5126 633 5194; x_wconf 87' lang='lat' dir='ltr'><strong>vocavi,</strong></span> <span class='ocrx_word' id='word_1_508' title='bbox 666 5131 724 5181; x_wconf 91' lang='lat' dir='ltr'><strong>et</strong></span> <span class='ocrx_word' id='word_1_509' title='bbox 763 5126 1043 5183; x_wconf 91' lang='lat' dir='ltr'><strong>renuistis</strong></span> <span class='ocrx_word' id='word_1_510' title='bbox 1079 5142 1092 5180; x_wconf 92' lang='lat'>:</span> <span class='ocrx_word' id='word_1_511' title='bbox 1312 5196 1319 5197; x_wconf 85' lang='lat'><strong>7</strong></span> <span class='ocrx_word' id='word_1_512' title='bbox 1530 5196 1537 5197; x_wconf 85' lang='lat'><strong>7</strong></span> <span class='ocrx_word' id='word_1_513' title='bbox 1684 5195 1691 5197; x_wconf 63' lang='lat'><strong>7</strong></span> <span class='ocrx_word' id='word_1_514' title='bbox 2058 5131 2116 5183; x_wconf 90' lang='lat' dir='ltr'><strong>et</strong></span> <span class='ocrx_word' id='word_1_515' title='bbox 2145 5127 2217 5182; x_wconf 92' lang='lat' dir='ltr'><strong>ab</strong></span> <span class='ocrx_word' id='word_1_516' title='bbox 2248 5132 2688 5197; x_wconf 75' lang='lat' dir='ltr'><strong>extranea,quas</strong></span> <span class='ocrx_word' id='word_1_517' title='bbox 2724 5124 3239 5197; x_wconf 81' lang='lat' dir='ltr'><strong>mollitsermones</strong></span> <span class='ocrx_word' id='word_1_518' title='bbox 3271 5138 3411 5179; x_wconf 86' lang='lat' dir='ltr'><strong>suos</strong></span> <span class='ocrx_word' id='word_1_519' title='bbox 3445 5138 3459 5177; x_wconf 88' lang='lat'><strong><em>:</em></strong></span> 
     </span>
    </p>
   </div>
   <div class='ocr_carea' id='block_1_59' title="bbox 307 5195 3140 5270">
    <p class='ocr_par' dir='ltr' id='par_1_59' title="bbox 307 5195 3140 5270">
     <span class='ocr_line' id='line_1_59' title="bbox 307 5195 3140 5270; baseline 0 -19"><span class='ocrx_word' id='word_1_520' title='bbox 307 5197 808 5270; x_wconf 80' lang='lat' dir='ltr'><strong>extendimanum</strong></span> <span class='ocrx_word' id='word_1_521' title='bbox 840 5213 1049 5270; x_wconf 82' lang='lat' dir='ltr'><strong>meam,</strong></span> <span class='ocrx_word' id='word_1_522' title='bbox 1076 5200 1135 5252; x_wconf 93' lang='lat' dir='ltr'><strong>et</strong></span> <span class='ocrx_word' id='word_1_523' title='bbox 1160 5212 1272 5251; x_wconf 91' lang='lat' dir='ltr'><strong>non</strong></span> <span class='ocrx_word' id='word_1_524' title='bbox 1300 5196 1410 5251; x_wconf 85' lang='lat' dir='ltr'><strong>fuit</strong></span> <span class='ocrx_word' id='word_1_525' title='bbox 1440 5196 1542 5269; x_wconf 87' lang='lat' dir='ltr'><strong>qui</strong></span> <span class='ocrx_word' id='word_1_526' title='bbox 1570 5195 1874 5269; x_wconf 86' lang='lat' dir='ltr'><strong>aspiceret.</strong></span> <span class='ocrx_word' id='word_1_527' title='bbox 1987 5198 2058 5253; x_wconf 88' lang='lat' dir='ltr'><strong>Et</strong></span> <span class='ocrx_word' id='word_1_528' title='bbox 2090 5198 2373 5270; x_wconf 87' lang='lat' dir='ltr'><strong>relinquit</strong></span> <span class='ocrx_word' id='word_1_529' title='bbox 2402 5195 2610 5253; x_wconf 84' lang='lat' dir='ltr'><strong>ducem</strong></span> <span class='ocrx_word' id='word_1_530' title='bbox 2644 5195 2967 5270; x_wconf 84' lang='lat' dir='ltr'><strong>pubertatis</strong></span> <span class='ocrx_word' id='word_1_531' title='bbox 2999 5213 3140 5263; x_wconf 72' lang='lat' dir='ltr'><strong>sum,</strong></span> 
     </span>
    </p>
   </div>
   <div class='ocr_carea' id='block_1_60' title="bbox 233 5265 2901 5341">
    <p class='ocr_par' dir='ltr' id='par_1_60' title="bbox 233 5265 2901 5341">
     <span class='ocr_line' id='line_1_60' title="bbox 233 5265 2901 5341; baseline 0.001 -18"><span class='ocrx_word' id='word_1_532' title='bbox 233 5265 593 5341; x_wconf 84' lang='lat' dir='ltr'><strong>Despexistis</strong></span> <span class='ocrx_word' id='word_1_533' title='bbox 624 5286 799 5326; x_wconf 90' lang='lat' dir='ltr'><strong>omne</strong></span> <span class='ocrx_word' id='word_1_534' title='bbox 830 5268 1123 5326; x_wconf 88' lang='lat' dir='ltr'><strong>consilum</strong></span> <span class='ocrx_word' id='word_1_535' title='bbox 1156 5284 1376 5341; x_wconf 83' lang='lat' dir='ltr'><strong>meum,</strong></span> <span class='ocrx_word' id='word_1_536' title='bbox 1459 5265 1475 5269; x_wconf 65' lang='grc'>⁷</span> <span class='ocrx_word' id='word_1_537' title='bbox 1639 5265 1658 5269; x_wconf 69' lang='grc'>’</span> <span class='ocrx_word' id='word_1_538' title='bbox 2057 5274 2115 5325; x_wconf 88' lang='lat' dir='ltr'><strong>et</strong></span> <span class='ocrx_word' id='word_1_539' title='bbox 2145 5265 2297 5341; x_wconf 82' lang='lat' dir='ltr'><strong>pacti</strong></span> <span class='ocrx_word' id='word_1_540' title='bbox 2332 5272 2428 5326; x_wconf 83' lang='lat' dir='ltr'><strong>Dei</strong></span> <span class='ocrx_word' id='word_1_541' title='bbox 2459 5272 2549 5325; x_wconf 89' lang='lat' dir='ltr'><strong>sui</strong></span> <span class='ocrx_word' id='word_1_542' title='bbox 2584 5269 2765 5325; x_wconf 89' lang='lat' dir='ltr'><strong>oblita</strong></span> <span class='ocrx_word' id='word_1_543' title='bbox 2793 5274 2901 5325; x_wconf 92' lang='lat' dir='ltr'><strong>est.</strong></span> 
     </span>
    </p>
   </div>
   <div class='ocr_carea' id='block_1_61' title="bbox 304 5335 3387 5413">
    <p class='ocr_par' dir='ltr' id='par_1_61' title="bbox 304 5335 3387 5413">
     <span class='ocr_line' id='line_1_61' title="bbox 304 5335 3387 5413; baseline -0.002 -18"><span class='ocrx_word' id='word_1_544' title='bbox 304 5335 368 5395; x_wconf 77' lang='lat' dir='ltr'><strong>et</strong></span> <span class='ocrx_word' id='word_1_545' title='bbox 391 5340 822 5413; x_wconf 85' lang='lat' dir='ltr'><strong>increpationes</strong></span> <span class='ocrx_word' id='word_1_546' title='bbox 854 5358 1012 5398; x_wconf 81' lang='lat' dir='ltr'><strong>meas</strong></span> <span class='ocrx_word' id='word_1_547' title='bbox 1044 5335 1403 5413; x_wconf 83' lang='lat' dir='ltr'><strong>neglexistis.</strong></span> <span class='ocrx_word' id='word_1_548' title='bbox 1990 5335 2273 5398; x_wconf 78' lang='lat' dir='ltr'><strong>Inclinata</strong></span> <span class='ocrx_word' id='word_1_549' title='bbox 2302 5346 2394 5399; x_wconf 86' lang='lat' dir='ltr'><strong>est</strong></span> <span class='ocrx_word' id='word_1_550' title='bbox 2423 5342 2581 5397; x_wconf 90' lang='lat' dir='ltr'><strong>enim</strong></span> <span class='ocrx_word' id='word_1_551' title='bbox 2612 5342 2684 5397; x_wconf 93' lang='lat' dir='ltr'><strong>ad</strong></span> <span class='ocrx_word' id='word_1_552' title='bbox 2718 5345 2964 5397; x_wconf 90' lang='lat' dir='ltr'><strong>mortem</strong></span> <span class='ocrx_word' id='word_1_553' title='bbox 2998 5338 3211 5393; x_wconf 89' lang='lat' dir='ltr'><strong>domus</strong></span> <span class='ocrx_word' id='word_1_554' title='bbox 3236 5335 3387 5407; x_wconf 88' lang='lat' dir='ltr'><strong>ejus,</strong></span> 
     </span>
    </p>
   </div>
   <div class='ocr_carea' id='block_1_62' title="bbox 306 5474 3633 5555">
    <p class='ocr_par' dir='ltr' id='par_1_62' title="bbox 306 5474 3633 5555">
     <span class='ocr_line' id='line_1_62' title="bbox 306 5474 3633 5555; baseline -0.001 -19"><span class='ocrx_word' id='word_1_555' title='bbox 306 5483 324 5519; x_wconf 80' lang='grc' dir='ltr'>ι</span> <span class='ocrx_word' id='word_1_556' title='bbox 357 5480 593 5554; x_wconf 82' lang='lat' dir='ltr'><strong>Aliquot</strong></span> <span class='ocrx_word' id='word_1_557' title='bbox 623 5499 767 5540; x_wconf 86' lang='lat' dir='ltr'><strong>mss.</strong></span> <span class='ocrx_word' id='word_1_558' title='bbox 814 5484 990 5541; x_wconf 89' lang='lat' dir='ltr'><strong>etiam</strong></span> <span class='ocrx_word' id='word_1_559' title='bbox 1024 5483 1178 5555; x_wconf 87' lang='lat' dir='ltr'><strong>apud</strong></span> <span class='ocrx_word' id='word_1_560' title='bbox 1211 5481 1489 5555; x_wconf 73' lang='lat' dir='ltr'><strong>Martian.</strong></span> <span class='ocrx_word' id='word_1_561' title='bbox 1536 5481 1711 5555; x_wconf 84' lang='lat' dir='ltr'><strong>juxta</strong></span> <span class='ocrx_word' id='word_1_562' title='bbox 1741 5480 1875 5540; x_wconf 85' lang='lat' dir='ltr'><strong>Vul-</strong></span> <span class='ocrx_word' id='word_1_563' title='bbox 1986 5500 2055 5539; x_wconf 82' lang='lat' dir='ltr'><strong>ne</strong></span> <span class='ocrx_word' id='word_1_564' title='bbox 2082 5482 2397 5555; x_wconf 76' lang='lat' dir='ltr'><strong>acquiescas</strong></span> <span class='ocrx_word' id='word_1_565' title='bbox 2425 5484 2498 5553; x_wconf 79' lang='lat' dir='ltr'><strong>ei,</strong></span> <span class='ocrx_word' id='word_1_566' title='bbox 2552 5482 2660 5537; x_wconf 83' lang='lat' dir='ltr'><strong>Sed</strong></span> <span class='ocrx_word' id='word_1_567' title='bbox 2712 5482 2879 5555; x_wconf 84' lang='lat' dir='ltr'><strong>abest</strong></span> <span class='ocrx_word' id='word_1_568' title='bbox 2926 5481 2997 5555; x_wconf 72' lang='lat' dir='ltr'><strong>in</strong></span> <span class='ocrx_word' id='word_1_569' title='bbox 3037 5478 3299 5547; x_wconf 69' lang='lat' dir='ltr'><strong>Hebraeo,</strong></span> <span class='ocrx_word' id='word_1_570' title='bbox 3349 5492 3415 5534; x_wconf 90' lang='lat' dir='ltr'><strong>ac</strong></span> <span class='ocrx_word' id='word_1_571' title='bbox 3460 5474 3633 5533; x_wconf 79' lang='lat' dir='ltr'><strong>facile</strong></span> 
     </span>
    </p>
   </div>
   <div class='ocr_carea' id='block_1_63' title="bbox 270 5553 3129 5627">
    <p class='ocr_par' dir='ltr' id='par_1_63' title="bbox 270 5553 3129 5627">
     <span class='ocr_line' id='line_1_63' title="bbox 270 5553 3129 5627; baseline -0.001 -20"><span class='ocrx_word' id='word_1_572' title='bbox 270 5558 427 5627; x_wconf 81' lang='lat' dir='ltr'><strong>atam</strong></span> <span class='ocrx_word' id='word_1_573' title='bbox 472 5553 766 5627; x_wconf 52' lang='lat' dir='ltr'><strong>sapientiae</strong></span> <span class='ocrx_word' id='word_1_574' title='bbox 802 5573 814 5611; x_wconf 91' lang='lat'>:</span> <span class='ocrx_word' id='word_1_575' title='bbox 850 5573 986 5613; x_wconf 80' lang='lat' dir='ltr'><strong>mox</strong></span> <span class='ocrx_word' id='word_1_576' title='bbox 1016 5553 1149 5611; x_wconf 83' lang='lat' dir='ltr'><strong>vero</strong></span> <span class='ocrx_word' id='word_1_577' title='bbox 1199 5554 1300 5609; x_wconf 92' lang='lat' dir='ltr'><strong>alii</strong></span> <span class='ocrx_word' id='word_1_578' title='bbox 1346 5553 1708 5625; x_wconf 78' lang='lat' dir='ltr'><strong>disciplinam</strong></span> <span class='ocrx_word' id='word_1_579' title='bbox 1774 5570 1875 5626; x_wconf 91' lang='lat' dir='ltr'><strong>pro</strong></span> <span class='ocrx_word' id='word_1_580' title='bbox 1988 5553 2343 5613; x_wconf 85' lang='lat' dir='ltr'><strong>subauditur</strong></span> <span class='ocrx_word' id='word_1_581' title='bbox 2371 5554 2431 5610; x_wconf 92' lang='lat' dir='ltr'><strong>in</strong></span> <span class='ocrx_word' id='word_1_582' title='bbox 2462 5554 2572 5610; x_wconf 90' lang='lat' dir='ltr'><strong>bac</strong></span> <span class='ocrx_word' id='word_1_583' title='bbox 2603 5554 2914 5610; x_wconf 86' lang='lat' dir='ltr'><strong>sententia.</strong></span> <span class='ocrx_word' id='word_1_584' title='bbox 2947 5553 3129 5627; x_wconf 67' lang='grc' dir='ltr'><strong>Μιξιτ.</strong></span> 
     </span>
    </p>
   </div>
   <div class='ocr_carea' id='block_1_64' title="bbox 314 5618 3629 5715">
    <p class='ocr_par' dir='ltr' id='par_1_64' title="bbox 314 5618 3629 5715">
     <span class='ocr_line' id='line_1_64' title="bbox 314 5618 3629 5715; baseline -0.002 -33"><span class='ocrx_word' id='word_1_585' title='bbox 314 5618 795 5715; x_wconf 51' lang='lat' dir='ltr'><strong>gfifgm&#39;legunt.</strong></span> <span class='ocrx_word' id='word_1_586' title='bbox 1160 5701 1173 5715; x_wconf 42' lang='grc' dir='ltr'>ι</span> <span class='ocrx_word' id='word_1_587' title='bbox 1277 5697 1315 5715; x_wconf 55' lang='grc' dir='ltr'>η</span> <span class='ocrx_word' id='word_1_588' title='bbox 1361 5696 1395 5715; x_wconf 60' lang='grc' dir='ltr'>η</span> <span class='ocrx_word' id='word_1_589' title='bbox 1774 5618 1790 5626; x_wconf 78' lang='grc'><em>’</em></span> <span class='ocrx_word' id='word_1_590' title='bbox 1905 5650 1953 5715; x_wconf 84' lang='lat' dir='ltr'><strong>D</strong></span> <span class='ocrx_word' id='word_1_591' title='bbox 2054 5628 2167 5715; x_wconf 53' lang='lat' dir='ltr'><strong>fin</strong></span> <span class='ocrx_word' id='word_1_592' title='bbox 2201 5643 2317 5682; x_wconf 90' lang='lat' dir='ltr'><strong>uno</strong></span> <span class='ocrx_word' id='word_1_593' title='bbox 2349 5628 2503 5698; x_wconf 93' lang='lat' dir='ltr'><strong>apud</strong></span> <span class='ocrx_word' id='word_1_594' title='bbox 2524 5644 2633 5715; x_wconf 71' lang='lat' dir='ltr'><strong>pos</strong></span> <span class='ocrx_word' id='word_1_595' title='bbox 2652 5642 2773 5709; x_wconf 32' lang='lat' dir='ltr'><strong>ms:</strong></span> <span class='ocrx_word' id='word_1_596' title='bbox 2798 5627 3014 5679; x_wconf 76' lang='lat' dir='ltr'><strong>Everst’o</strong></span> <span class='ocrx_word' id='word_1_597' title='bbox 3041 5619 3359 5706; x_wconf 77' lang='lat' dir='ltr'><strong>legitur,in</strong></span> <span class='ocrx_word' id='word_1_598' title='bbox 3388 5618 3629 5702; x_wconf 65' lang='lat' dir='ltr'><strong>Hebraeo</strong></span> 
     </span>
    </p>
   </div>
   <div class='ocr_carea' id='block_1_65' title="bbox 300 5694 1899 5771">
    <p class='ocr_par' dir='ltr' id='par_1_65' title="bbox 300 5694 1871 5771">
     <span class='ocr_line' id='line_1_65' title="bbox 300 5694 1871 5771; baseline 0.002 -19"><span class='ocrx_word' id='word_1_599' title='bbox 300 5696 585 5771; x_wconf 51' lang='lat' dir='ltr'><strong>{Addunt</strong></span> <span class='ocrx_word' id='word_1_600' title='bbox 606 5694 813 5755; x_wconf 48' lang='lat' dir='ltr'><strong>o&#39;mnes</strong></span> <span class='ocrx_word' id='word_1_601' title='bbox 837 5711 1005 5767; x_wconf 85' lang='lat' dir='ltr'><strong>mss.,</strong></span> <span class='ocrx_word' id='word_1_602' title='bbox 1036 5701 1246 5771; x_wconf 68' lang='lat' dir='ltr'><strong>praeter</strong></span> <span class='ocrx_word' id='word_1_603' title='bbox 1276 5694 1678 5753; x_wconf 90' lang='lat' dir='ltr'><strong>Colbertinum</strong></span> <span class='ocrx_word' id='word_1_604' title='bbox 1704 5713 1871 5755; x_wconf 88' lang='lat' dir='ltr'><strong>num.</strong></span> 
     </span>
    </p>
   </div>
   <div class='ocr_carea' id='block_1_66' title="bbox 2028 5694 3627 5771">
    <p class='ocr_par' dir='ltr' id='par_1_66' title="bbox 2028 5694 3627 5771">
     <span class='ocr_line' id='line_1_66' title="bbox 2028 5694 3627 5771; baseline -0.005 -17"><span class='ocrx_word' id='word_1_605' title='bbox 2028 5705 2344 5771; x_wconf 56' lang='lat' dir='ltr'><strong>unum,</strong></span> <span class='ocrx_word' id='word_1_606' title='bbox 2383 5694 2542 5771; x_wconf 69' lang='lat' dir='ltr'><strong>quod</strong></span> <span class='ocrx_word' id='word_1_607' title='bbox 2592 5699 2954 5758; x_wconf 79' lang='lat' dir='ltr'><strong>aversionem,</strong></span> <span class='ocrx_word' id='word_1_608' title='bbox 3006 5696 3125 5750; x_wconf 86' lang='lat' dir='ltr'><strong>sive</strong></span> <span class='ocrx_word' id='word_1_609' title='bbox 3157 5694 3535 5760; x_wconf 62' lang='lat' dir='ltr'><strong>reensionem,</strong></span> <span class='ocrx_word' id='word_1_610' title='bbox 3568 5694 3627 5746; x_wconf 88' lang='lat' dir='ltr'><strong>in</strong></span> 
     </span>
    </p>
   </div>
   <div class='ocr_carea' id='block_1_67' title="bbox 230 5766 2999 5842">
    <p class='ocr_par' dir='ltr' id='par_1_67' title="bbox 230 5766 2999 5842">
     <span class='ocr_line' id='line_1_67' title="bbox 230 5766 2999 5842; baseline 0.001 -21"><span class='ocrx_word' id='word_1_611' title='bbox 230 5766 333 5823; x_wconf 78' lang='grc'><strong>158</strong></span> <span class='ocrx_word' id='word_1_612' title='bbox 359 5772 414 5824; x_wconf 88' lang='lat' dir='ltr'><strong>et</strong></span> <span class='ocrx_word' id='word_1_613' title='bbox 462 5766 1066 5829; x_wconf 79' lang='lat' dir='ltr'><strong>San-Germanansem</strong></span> <span class='ocrx_word' id='word_1_614' title='bbox 1111 5785 1271 5827; x_wconf 88' lang='lat' dir='ltr'><strong>num.</strong></span> <span class='ocrx_word' id='word_1_615' title='bbox 1310 5770 1398 5841; x_wconf 82' lang='grc'><strong>15,</strong></span> <span class='ocrx_word' id='word_1_616' title='bbox 1430 5784 1735 5842; x_wconf 88' lang='lat' dir='ltr'><strong>pronmem</strong></span> <span class='ocrx_word' id='word_1_617' title='bbox 1766 5771 1871 5838; x_wconf 59' lang='lat' dir='ltr'><strong>eis,</strong></span> <span class='ocrx_word' id='word_1_618' title='bbox 1986 5770 2203 5828; x_wconf 89' lang='lat' dir='ltr'><strong>malam</strong></span> <span class='ocrx_word' id='word_1_619' title='bbox 2237 5766 2519 5826; x_wconf 83' lang='lat' dir='ltr'><strong>continuo</strong></span> <span class='ocrx_word' id='word_1_620' title='bbox 2551 5773 2775 5842; x_wconf 85' lang='lat' dir='ltr'><strong>partem</strong></span> <span class='ocrx_word' id='word_1_621' title='bbox 2810 5770 2999 5823; x_wconf 83' lang='lat' dir='ltr'><strong>sonat.</strong></span> 
     </span>
    </p>
   </div>
  </div>
