4050 6182
486 248 622 306 1311

564 380 621 434 et
650 376 722 432 ad
754 374 971 432 inferos
1012 373 1235 430 semitm
1266 373 1472 447 ipsius.
1668 434 1677 444 ,

492 448 837 518 Omnes,qui
864 447 1273 517 ingrediuntur
1303 448 1372 501 ad
1406 462 1556 513 eam,
1592 464 1708 503 non
1741 450 2127 513 revertentur,

571 536 675 575 nec
707 519 1144 588 apprehendent
1173 518 1415 574 semitas
1452 519 1601 575 vitae.

498 591 571 647 Ut
600 588 867 645 ambules
900 588 956 642 in
989 590 1082 644 via
1122 590 1274 645 bona
1309 607 1321 643 :

567 668 625 716 et
645 660 820 715 calles
843 662 1142 730 justorum
1173 660 1495 716 custodias.

494 733 602 800 Qui
632 731 790 787 enim
824 731 965 787 recti
996 736 1160 800 sunt,
1191 732 1544 787 habitabunt
1570 732 1628 788 in
1660 736 1839 801 terra,

566 803 949 875 etsimplices
981 804 1407 874 permanebunt
1437 804 1494 858 in
1528 820 1616 861 ea.

491 874 665 946 Impii
698 891 831 929 vero
862 876 932 930 de
962 880 1116 929 terra
1150 876 1470 945 perdentur
1503 892 1516 929 :

560 955 619 1002 et
648 946 747 1017 qui
776 946 977 1017 inique
1007 952 1210 1017 agunt,
1244 947 1593 1001 auferuntur
1624 962 1692 1001 ex
1721 962 1812 1001 ea.

492 1018 646 1091 [Cap.
681 1018 803 1086 Ill]
833 1018 937 1072 Fili
972 1020 1073 1087 mi,
1108 1034 1179 1072 ne
1205 1017 1573 1091 obliviscaris
1596 1017 1743 1089 legis
1767 1034 1929 1084 meae,
1958 1021 2016 1073 et

636 1095 921 1160 praecepta
954 1106 1083 1145 mea
1112 1090 1405 1144 custodiat
1436 1106 1534 1145 cor
1558 1094 1747 1144 tuum.

494 1160 947 1231 Longitudinem
979 1160 1133 1215 enim
1176 1160 1426 1229 dierum,
1460 1166 1517 1215 et
1547 1177 1734 1216 annos
1768 1160 1919 1228 vitae,

565 1236 623 1286 et
652 1248 851 1302 pacem
888 1236 1183 1302 apponant
1218 1232 1346 1287 tibi.

493 1302 893 1358 Misericordia
921 1312 974 1358 et
1004 1303 1217 1359 veritas
1248 1320 1361 1359 non
1395 1306 1449 1359 te
1491 1304 1782 1370 deserant,

568 1374 871 1429 circumda
900 1390 997 1429 eas
1027 1375 1247 1445 gutturi
1282 1380 1403 1429 tuo.

565 1450 621 1501 et
651 1446 914 1501 describe
944 1445 1004 1500 in
1036 1446 1251 1501 tabulis
1279 1446 1472 1502 cordis
1499 1446 1585 1501 tui
1623 1462 1635 1501 :

493 1516 843 1572 Etinvenies
874 1517 1145 1590 gratiam,
1180 1522 1237 1572 et
1262 1518 1633 1590 disciplinam
1668 1518 1907 1588 bonam,

565 1604 761 1643 coram
796 1593 907 1643 Deo
938 1594 996 1643 et
1026 1588 1386 1644 hominibus.

493 1659 653 1715 Habe
685 1660 958 1714 fiduciam
991 1659 1051 1714 in
1085 1660 1330 1715 Domino
1358 1676 1427 1715 ex
1455 1663 1575 1716 toto
1606 1660 1780 1716 corde
1807 1665 1929 1731 tuo,

564 1735 622 1786 et
647 1746 719 1785 ne
750 1731 1024 1786 innitaris
1048 1731 1370 1802 prudentiae
1401 1738 1537 1787 tuae.

496 1802 562 1858 In
596 1802 872 1875 omnibus
901 1803 1012 1875 viis
1042 1803 1161 1858 tuis
1192 1803 1382 1875 cogita
1412 1802 1603 1871 illum,

565 1878 623 1929 et
641 1875 775 1946 ipse
806 1874 1018 1946 diriget
1044 1874 1285 1946 gressus
1308 1880 1462 1929 tuos.

492 1943 688 2018 Nesis
719 1944 957 2017 sapiens
988 1943 1143 2017 ap'ud
1175 1947 1602 2018 temetipsum_:

562 2016 708 2071 time
739 2016 1073 2083 Deminum,
1104 2021 1161 2073 et
1179 2016 1439 2073 recede'a
1471 2016 1622 2072 malo
1661 2033 1675 2071 :

493 2088 730 2144 Sanitas
761 2088 977 2159 quippe
1007 2089 1119 2143 erit
1148 2088 1425 2143 umbilico
1462 2093 1583 2143 tuo.

566 2164 624 2213 et
649 2159 909 2228 irrigatio
941 2160 1162 2214 ossium
1186 2166 1445 2215 tuorum.

496 2230 729 2286 Honora
763 2230 1080 2286 Dominum
1112 2231 1183 2286 de
1212 2236 1313 2286 tua
1344 2229 1697 2297 substantia,

568 2306 624 2374 et
651 2302 730 2374 de_
752 2301 1035 2374 primitiis
1059 2302 1323 2357 omnium
1352 2302 1589 2374 frugum
1620 2305 1857 2356 tuarum
1892 2314 1905 2355 :

494 2375 565 2426 Et
593 2371 995 2455 implebuntur
1024 2373 1233 2455 horrea
1260 2378 1375 2455 tua_
1392 2371 1725 2455 saturitate,

566 2446 623 2497 et
650 2442 1110 2499 vinotorcularia
1140 2448 1241 2500 tua
1280 2445 1714 2501 redundabuut.

496 2513 875 2586 Disciplinam
897 2515 1236 2582 Domini,ﬁli
1253 2516 1434 2583 mi,ne
1451 2516 1718 2585 abjicias,

566 2601 670 2641 nec
689 2586 926 2659 deficias
944 2602 1081 2659 cum
1098 2588 1170 2641 ab
1197 2604 1262 2643 eo
1285 2587 1599 2659 corriperis
1631 2603 1645 2641 :

490 2656 673 2741 Quem
706 2658 862 2739 enim
895 2658 1090 2741 diligit
1105 2659 1427 2741 Rominus.‘
1443 2656 1716 2741 corripit:

564 2736 621 2783 et
639 2730 808 2801 quasi
832 2733 997 2801 pater
1016 2729 1075 2785 in
1101 2730 1217 2785 filio
1240 2747 1364 2786 com
1376 2730 1565 2801 placet
1580 2729 1714 2785 sibi.

495 2799 713 2856 Beatus
740 2799 941 2874 homo,
966 2801 1067 2873 qui
1094 2802 1322 2874 invenit
1340 2799 1714 2874 sapientiam,

562 2875 618 2943 et
658 2871 754 2926 cui
788 2871 1317 2943 afﬂuit‘prudentia
1349 2890 1362 2929 :

485 2941 689 2999 Melior
716 2948 804 2998 est
832 2939 1142 3015 acquisitio
1172 2947 1302 3016 ejus
1330 2944 1722 3016 negotiatione
1750 2939 1997 3016 argenti,

558 3018 618 3069 et
645 3030 788 3087 auro
820 3014 1005 3085 primo
1035 3021 1091 3072 et
1120 3014 1435 3087 purissimo
1468 3016 1693 3071 fructus
1723 3014 1853 3084 ejus
1875 3016 1892 3049 ί
1929 3028 1943 3066 :

491 3085 822 3142 Pretiosior
851 3092 940 3142 est
986 3085 1216 3143 cunctis
1247 3088 1459 3144 onibus
1493 3103 1508 3144 :

563 3160 620 3211 et
673 3157 893 3225 omnia,
949 3173 1075 3229 qua)
1133 3152 1569 3226 desiderantur,
1600 3156 1739 3214 huic
1769 3172 1886 3212 non
1936 3152 2137 3211 valent

642 3229 995 3300 comparari-

489 3297 820 3371 Longitudo
851 3300 1077 3356 dierum
1109 3300 1170 3356 in
1202 3302 1441 3357 dextera
1468 3301 1620 3371 ejus,

560 3369 891 3445 insinistra
920 3372 1339 3445 illiusdivitiae,
1372 3378 1431 3429 et
1459 3369 1665 3445 gloria.

494 3439 614 3494 Vite
656 3441 786 3511 ejus
815 3442 917 3497 vias
949 3444 1206 3514 pulchras

560 3515 619 3565 et
639 3527 845 3586 omnes
867 3513 1091 3586 semita:
1122 3514 1282 3570 illius
1314 3513 1588 3586 pacifica.

484 3581 741 3657 Lignums
761 3585 891 3638 vitae
923 3589 1013 3640 est
1040 3585 1153 3655 his,
1188 3586 1287 3657 qui
1316 3581 1815 3657 apprehenderint
1843 3598 1971 3639 eam
2007 3598 2021 3638 :

556 3657 615 3709 et
640 3654 742 3726 qui
781 3658 1033 3711 teneruit
1061 3654 1222 3726 eam,
1244 3654 1472 3712 beatus.

484 3726 772 3799 Dominus
801 3727 1095 3799 sapientia
1120 3728 1388 3783 fundavit
1412 3732 1655 3799 terram,

555 3797 853 3871 stabilivit,
871 3797 1016 3855 cmlo
1049 3801 1387 3871 prudentia.

485 3868 791 3943 Sapientia
822 3870 983 3927 illius
1013 3868 1335 3943 eruperunt
1363 3871 1583 3943 abyssi,

556 3946 616 3994 et
651 3942 838 3997 nubes
862 3958 989 3997 rore
1021 3942 1427 3998 concrescunt.

434 4020 437 4021 '
484 4010 593 4064 Fili
619 4012 721 4075 mi,
743 4029 815 4067 ne
834 4014 1213 4069 efﬂuanthaec
1237 4016 1309 4070 ab
1330 4013 1515 4069 oculis
1546 4012 1662 4068 tuis
1698 4030 1711 4067 :

559 4081 802 4157 Custodi
837 4083 1025 4155 legem
1057 4090 1234 4157 atque
1266 4084 1576 4141 consilium
1613 4101 1626 4138 :

492 4155 561 4206 Et
589 4155 704 4239 erit
734 4154 851 4239 vita
876 4154 1089 4239 animai
1120 4154 1257 4239 tuae,

562 4228 621 4279 et
650 4227 839 4296 gratia
871 4227 1140 4283 faucibus
1174 4227 1316 4283 tuis.

488 4294 1018 4355 Tunciambulahis
1042 4299 1393 4355 ﬁducialiter
1408 4300 1464 4354 in
1482 4298 1713 4364 viatua,

560 4372 621 4441 et
642 4384 744 4437 pes
772 4373 912 4425 tuus
944 4388 1056 4426 non
1078 4370 1387 4441 impinget.

492 4437 554 4492 Si
587 4438 923 4507 dormieris,
959 4459 1075 4497 non
1106 4437 1346 4497 timebis
1380 4458 1392 4495 :

568 4510 923 4580 quiesces,et
938 4514 1136 4569 suavis
1158 4513 1267 4569 erit
1288 4528 1532 4568 somnus
1552 4516 1714 4568 tuus.

501 4578 846 4657 Nepaveas
869 4584 1172 4657 repentino
1202 4591 1443 4651 terrore,

567 4654 624 4704 et
646 4652 949 4728 irruentes
972 4657 1078 4710 tibi
1114 4657 1405 4728 potentias
1438 4653 1777 4723 impiorum.

487 4718 782 4779 Dominus
813 4728 969 4782 enim
996 4718 1192 4783 erit'in
1228 4726 1406 4783 latere
1436 4718 1561 4795 tuo,

563 4797 622 4879 et
650 4798 941 4879 custodiet
970 4799 1177 4879 pedem
1213 4804 1405 4865 tuum,
1441 4814 1509 4853 ne
1541 4796 1814 4879 capiaris.

488 4863 616 4946 Noli
649 4863 1328 4946 prohibere'benefacere
1357 4863 1493 4925 eum
1524 4863 1630 4940 qui
1655 4872 1848 4941 potest
1880 4883 1893 4921 :

562 4938 829 5013 si__vales,
863 4946 919 5013 et
949 4942 1075 5013 ipse
1106 4942 1365 4998 benefac.

487 5006 569 5062 Ne
599 5008 761 5065 dicas
794 5006 987 5067 amico
1014 5017 1114 5068 tuo
1150 5031 1163 5069 ε
1198 5014 1381 5077 Vade,
1416 5016 1473 5067 et
1501 5014 1786 5067 revertere
1821 5029 1834 5066 :

559 5083 873 5155 crasrdabo
906 5083 1033 5155 tibi,
1068 5100 1199 5139 cum
1231 5085 1433 5141 statim
1468 5085 1659 5155 possis
1690 5084 1849 5140 dare.

483 5147 565 5205 Ne
600 5152 867 5210 meliaris
890 5147 1080 5211 amico
1115 5161 1211 5211 tuo
1242 5147 1486 5223 malum;

556 5368 570 5401 ¹
605 5365 943 5427 Cannonem
968 5371 1062 5427 hic
1107 5371 1530 5428 Memmianum
1562 5371 1802 5427 Hebraeo
1830 5376 2139 5429 consenta-

487 5452 664 5493 neum
697 5442 882 5496 secuti
910 5460 1141 5499 sumus.
1176 5444 1373 5498 Canon
1405 5443 1890 5499 Carcassonensis
1933 5448 1991 5500 et
2024 5462 2134 5501 ms.

486 5510 856 5586 Corbeiensis
889 5531 1049 5570 num.
1088 5516 1152 5569 14
1184 5514 1480 5570 habebant
1513 5515 1703 5586 prima
1725 5531 1925 5583 manu,
1955 5520 2007 5571 et
2036 5534 2138 5572 au-

485 5596 551 5635 ro
577 5582 760 5659 prinis
788 5587 1005 5659 [ructus
1036 5587 1175 5654 eius,
1211 5586 1339 5643 sine
1368 5582 1695 5657 purissimo,
1725 5604 1901 5659 quam
1938 5586 2137 5644 lectio-

488 5668 620 5734 nem
657 5653 1139 5734 adhuc__retipent
1172 5675 1315 5734 mss.
1351 5653 1862 5734 Sani-Geminum.
1898 5659 1985 5734 l5_.
2030 5661 2142 5734 Ca:-

488 5725 598 5804 tsri
623 5739 763 5804 _c_um
796 5728 971 5784 editis
1000 5728 1225 5801 legunt,
1257 5739 1308 5786 et
1339 5733 1472 5788 auri
1500 5732 1677 5802 primi
1724 5735 1778 5787 et
1822 5730 2138 5804 purissimi,

489 5794 600 5848 etc.
623 5794 805 5853 MART.

1536 254 1594 307 S.
1637 250 2042 307 HIERONYMI
2077 249 2333 304 DIVINA
2368 248 2859 304 BIBLIOTHECA.

2159 373 2211 441 Α
2241 388 2376 428 cum
2406 372 2506 428 ille
2538 372 2597 429 in
2625 377 2682 429 te
2712 372 2926 429 habeat
2955 372 3254 431 fiduciam.

3701 254 3816 311 l3l2

2244 444 2327 501 Ne
2356 446 2679 500 contendas
2709 446 2992 501 adversus
3021 444 3306 501 hominem
3342 446 3567 515 frustra,

2316 533 2449 571 cum
2484 516 2610 588 ipse
2638 517 2743 571 tibi
2779 517 2927 599 nihil
2960 517 3099 599 mali
3128 518 3348 573 fecerit.

2243 587 2325 643 Ne
2354 589 2659 660 simulans
2683 588 2982 660 hominem
3016 590 3332 660 injustum,

2316 675 2423 714 nec
2451 659 2698 715 imiteris
2725 659 2847 714 vias
2878 660 3008 730 ejus
3042 676 3055 713 :

2243 730 2391 797 Quia
2422 730 2781 804 abominatio
2804 731 3047 804 Domini
3080 734 3168 786 est
3194 731 3390 804 omnis
3418 732 3632 804 illusor,

2316 807 2373 857 et
2398 818 2531 857 eum
2563 802 2931 876 simplicibus
2962 802 3371 876 sermocinatio
3401 806 3545 876 ejus.

2243 876 2483 943 Egestas
2514 891 2548 929 a
2578 874 2817 929 domino
2849 874 2907 927 in
2938 875 3113 929 domo
3145 874 3311 945 impii
3347 891 3361 930 :

2318 945 2693 1001 tabernacula
2725 951 2921 1000 autem
2945 948 3245 1016 justorum
3278 947 3696 1004 benedicentur.

2244 1015 2520 1073 Illusores
2551 1015 2965 1089 ipsedeludet,

2316 1092 2373 1143 et
2404 1087 2731 1143 mansuetis
2761 1088 2928 1143 dabit
2969 1088 3241 1160 gratiam.

2244 1158 2504 1214 Gloriam
2536 1160 2835 1229 sapientes
2859 1158 3256 1231 possidebunt,
3279 1175 3293 1215 :

2315 1231 2632 1286 stultorum
2664 1229 2940 1286 exaltatio
2962 1231 3005 1299 ³,
3042 1229 3384 1302 ignominia.

2249 1301 2412 1375 [ϐαρ.
2446 1302 2540 1373 ν.]
2572 1302 2806 1375 Audite,
2839 1302 2965 1375 lilii,
2996 1301 3340 1375 diciplinam
3374 1302 3574 1374 patris,

2317 1379 2376 1429 et
2405 1374 2708 1443 attendite,
2743 1378 2807 1429 ut
2838 1373 3041 1429 sciatis
3072 1373 3467 1445 prudentiam.

2244 1444 2473 1501 Donum
2507 1446 2724 1500 bonum
2757 1445 3014 1499 tribuam
3045 1444 3228 1509 vobis,

2319 1517 2503 1587 legem
2539 1533 2725 1588 meam
2759 1532 2831 1572 ne
2860 1516 3308 1588 derelinquatis.

2244 1586 2397 1642 Nam
2422 1592 2480 1659 et
2508 1602 2614 1659 ego
2643 1587 2823 1642 {lilius
2856 1588 2936 1641 fui
2972 1586 3153 1657 patris
3184 1590 3320 1643 mei.

2320 1658 2600 1729 tenullus,
2631 1665 2687 1714 et
2708 1659 3049 1730 unigenitus
3084 1675 3281 1715 coram
3314 1665 3503 1718 matre
3534 1676 3655 1717 mea
3682 1678 3696 1717 :

2164 1744 2212 1811 Β
2245 1728 2935 1811 Et‘docebat’_me,_atque
2963 1731 3195 1811 dicebat
3222 1747 3236 1787 :

2317 1801 2612 1872 Suscipiat
2638 1802 2814 1857 verba
2843 1818 2973 1858 mea
3003 1818 3101 1858 cor
3130 1810 3310 1871 tuum,

2315 1873 2544 1928 custodi
2576 1877 2860 1944 praecepta
2891 1889 3043 1940 mea,
3076 1877 3135 1928 et
3163 1873 3341 1929 vives.

2243 1945 2484 2027 Posside
2507 1944 2884 2027 sapientiam,
2918 1944 3153 2027 posside
3176 1946 3558 2027 prudentiam
3587 1964 3601 2003 :

2316 2033 2389 2071 ne
2426 2014 2814 2082 obliviscaris,
2848 2032 3037 2087 neque
3066 2014 3321 2073 declines
3340 2034 3376 2073 a
3395 2018 3587 2074 verbis
3606 2017 3712 2075 oris
3731 2019 3836 2076 mei.

2244 2087 2327 2144 Ne
2358 2086 2622 2143 dimittas
2641 2104 2792 2157 eam,
2823 2091 2881 2142 et
2917 2086 3208 2144 custodiet
3238 2093 3297 2144 te
3330 2105 3343 2144 :

2317 2158 2493 2231 dilige
2523 2174 2673 2227 eam,
2707 2164 2765 2213 et
2803 2160 3058 2231 servabit
3085 2164 3160 2215 te.

2243 2230 2604 2301 Principium
2628 2230 2933 2302 sapientiae
2963 2231 3199 2302 posside
3226 2230 3605 2302 sapientiam,

2316 2306 2372 2376 et
2398 2302 2457 2357 in
2485 2302 2649 2376 omni
2680 2303 3047 2376 possessione
3068 2307 3169 2357 tua
3198 2302 3438 2375 acquire
3467 2303 3833 2376 prudentiam:

2243 2373 2451 2444 Arripe
2482 2372 2753 2442 illam,‘et
2786 2372 3063 2428 exaltabit
3108 2378 3179 2429 te.

2316 2444 2738 2571 glorificaberis
2759 2444 2831 2499 ab
2850 2461 2936 2512 ea,
2961 2462 3096 2500 cum
3124 2460 3252 2500 eam
3280 2444 3462 2501 fueris
3484 2445 3840 2518 amplexatus:

2357 2517 2478 2571 abit
2499 2515 2675 2571 capiti
2704 2520 2806 2570 tuo
2826 2520 3143 2571 augmenta
3173 2518 3529 2571 gratiarum.

2357 2517 2478 2571 abit
2499 2515 2675 2588 capiti
2704 2520 2806 2570 tuo
2826 2520 3143 2587 augmenta
3173 2518 3529 2588 gratiarum,

2318 2592 2375 2643 et
2391 2603 2617 2660 corona
2635 2587 2863 2660 inclyta
2893 2594 3169 2660 proteget
3182 2587 3263 2643 te.

2247 2659 2424 2724 Audi,
2457 2658 2537 2712 fili
2569 2657 2670 2720 mi.
2704 2657 3027 2726 et'suscipe
3057 2657 3234 2715 verba
3268 2672 3421 2728 mea,

2320 2736 2387 2786 ut
2416 2728 2881 2799 multiplicantur
2909 2730 3014 2785 tibi
3048 2729 3184 2785 anni
3216 2730 3367 2785 vitae.

2246 2802 2416 2858 Viam
2444 2800 2744 2873 sapientiai
2776 2803 3119 2858 monstrabo
3150 2801 3283 2867 tibi,

2320 2872 2531 2929 ducam
2564 2878 2619 2945 te
2651 2888 2753 2944 per
2781 2873 3023 2928 semitas
3055 2872 3370 2945 aequitatis.

2248 2948 2404 3010 Quas
2441 2960 2575 3017 cum
2607 2944 2910 3017 ingressus
2950 2944 3153 3017 fueris,
3186 2961 3301 3017 non
3344 2945 3695 3017 notabuntur
3721 2958 3853 3014 gres-

2322 3033 2425 3073 sus
2454 3016 2565 3081 tui,
2589 3020 2646 3070 et
2666 3014 2908 3071 currens
2932 3032 3045 3071 non
3068 3016 3316 3071 habebis
3346 3014 3770 3071 oil‘endiculum.

2170 3116 2213 3185 ρ
2251 3090 2410 3145 Tene
2429 3085 2828 3213 disciplinam,
2854 3088 3381 3170 pedimittaseam
3419 3104 3433 3141 :

2323 3160 2550 3213 custodi
2574 3176 2590 3213 1
2620 3158 2909 3213 lam.ou1a
2929 3176 3059 3213 Insa
3080 3164 3172 3213 est
3191 3164 3306 3213 Vita
3345 3163 3433 3213 tu:

2323 3159 2550 3242 custodi
2574 3158 2909 3242 illam,qu_ia
2929 3159 3059 3242 ipsa
3080 3160 3306 3242 estvita
3345 3163 3475 3215 tua.

2243 3230 2328 3288 Ne
2357 3229 2663 3303 delecteris
2693 3230 2923 3286 semitis
2952 3229 3295 3303 impiorum,

2313 3318 2419 3357 nec
2450 3302 2560 3374 tibi
2594 3300 2823 3374 placeat
2854 3300 3281 3374 malorumvia.

2242 3374 2401 3446 Fuge
2424 3373 2513 3446 ab
2544 3373 2633 3440 ea,
2667 3389 2771 3428 nec
2794 3378 3061 3429 transeas
3094 3390 3196 3446 per
3228 3373 3395 3429 illam

2355 3444 2563 3513 eclina,
2596 3448 2654 3500 et
2681 3447 2884 3500 desere
2914 3460 3068 3500 eam.

2240 3514 2367 3572 Non
2398 3517 2555 3571 enim
2588 3517 2893 3571 dormiunt
2921 3516 3035 3571 nisi
3066 3514 3485 3572 malefecerint
3518 3531 3533 3570 :

2315 3592 2374 3643 et
2402 3588 2630 3659 rapitur
2654 3603 2900 3660 somnus
2930 3588 3002 3660 ab
3035 3586 3120 3642 eis
3135 3587 3250 3644 nisi
3279 3584 3797 3660 supplantaverint.

2241 3658 2570 3716 Comedunt
2601 3674 2817 3730 panem,
2843 3658 3189 3730 impietatis,

2312 3734 2371 3785 et
2398 3730 2600 3785 vinum
2631 3729 2967 3800 iniquitatis
2998 3730 3229 3786 bibunt.

2238 3802 2543 3858 Justorum
2576 3806 2774 3857 autem
2809 3801 3020 3856 semita
3051 3801 3222 3871 quasi
3252 3801 3353 3857 lux
3388 3800 3708 3872 splendens

2317 3873 2603 3945 procedit,
2638 3876 2695 3927 et
2723 3872 2934 3929 crescit
2956 3889 3144 3943 usque
3173 3872 3247 3928 ad
3278 3874 3605 3943 perfectam
3635 3872 3789 3927 diem.

2240 3943 2351 3999 Via
2381 3943 2703 4015 impiorum
2735 3945 3048 3999 tenebrosa
3078 3961 3092 4000 :

2315 4016 2587 4071 nesciunt
2617 4015 2716 4069 ubi
2752 4020 3045 4071 corruant.

2249 4086 2361 4142 Fili
2412 4087 2515 4156 mi,
2546 4087 2817 4141 ausculta
2844 4102 3145 4142 sermones
3185 4102 3369 4151 meos,

2314 4162 2372 4213 et
2402 4158 2472 4213 ad
2505 4157 2742 4229 eloquia
2771 4173 2901 4229 mea
2924 4157 3143 4229 inclina
3172 4174 3374 4214 aurem
3403 4162 3603 4214 tuam.

2242 4227 2326 4285 Ne
2356 4227 2633 4285 recedant
2660 4229 2732 4283 ab
2760 4228 2947 4284 oculis
2975 4228 3115 4293 tuis,

2318 4301 2549 4357 custodi
2578 4316 2648 4355 ea
2676 4300 2734 4355 in
2768 4299 2960 4355 medio
2992 4299 3186 4356 cordis
3217 4299 3304 4355 tui
3339 4317 3354 4356 :

2245 4374 2377 4429 Vita
2405 4372 2561 4427 enim
2594 4376 2733 4427 sunt
2772 4370 3212 4428 invenientibus
3230 4387 3321 4439 ea,

2315 4448 2372 4500 et
2403 4445 2687 4499 universae
2720 4443 2880 4498 carni
2911 4444 3155 4499 sanitas.

2165 4494 2211 4559 D
2242 4515 2415 4574 Omni
2442 4514 2710 4571 custodia
2740 4530 2906 4569 serva
2935 4530 3035 4570 cor
3065 4520 3252 4581 tuum,

2319 4587 2459 4659 quia
2488 4603 2553 4642 ex
2582 4585 2710 4656 ipso
2741 4586 2862 4640 vita
2894 4584 3155 4655 procedit
3187 4601 3201 4638 :

2244 4664 2499 4716 Remove
2529 4674 2562 4712 a
2591 4662 2647 4712 te
2676 4672 2741 4711 os
2774 4672 3014 4728 pravum

2316 4737 2375 4785 et
2404 4726 2958 4785 delrehentialabia
2985 4728 3109 4783 sint
3138 4726 3341 4799 procul
3374 4744 3407 4783 a
3438 4731 3519 4782 te.

2247 4800 2411 4858 Oculi
2444 4800 2528 4856 tui
2563 4804 2715 4855 recta
2745 4799 3001 4865 videant,

2246 4879 2303 4945 et
2332 4872 2618 4945 palpebras
2652 4874 2768 4926 tua:
2802 4870 3140 4945 praecedant
3164 4884 3404 4940 gressus
3438 4874 3605 4926 tuos.

2245 4940 2445 5017 Dirige
2473 4942 2746 5017 semitam
2779 4940 3028 5017 pedibus
3051 4940 3199 5017 _t_uis,

2318 5012 2610 5071 et'omnes
2639 5013 2741 5068 vis:
2766 5018 2879 5068 tum
2910 5012 3307 5067 stabilientur.

2247 5086 2338 5143 Ne
2369 5086 2627 5143 declines
2654 5086 2725 5141 ad
2758 5086 3078 5148 dexteram,
3111 5088 3169 5139 et
3198 5083 3269 5139 ad
3303 5081 3616 5140 sinistram
3655 5100 3668 5136 :

2317 5163 2510 5215 averte
2541 5157 2748 5230 pedem
2780 5160 2955 5213 tuum
2984 5172 3018 5212 a
3047 5153 3221 5211 malo.

2319 5405 2388 5415 —-
2420 5370 2661 5443 Propius
2706 5370 2779 5443 ad
2810 5369 3123 5443 Vulgatam
3156 5368 3508 5443 lectionem,
3530 5370 3645 5443 sub
3676 5367 3779 5425 alia
3804 5369 3864 5419 ta-

2249 5462 2381 5503 men
2416 5440 2893 5514 interpunctione
2924 5440 3143 5514 lectum
3171 5441 3310 5497 olim
3342 5458 3374 5495 a
3401 5440 3694 5514 Rabbano
3729 5444 3865 5514 atque

2249 5518 2406 5585 aliis,
2457 5510 2648 5570 Melior
2694 5517 2773 5570 est
2802 5512 3104 5583 acquisitio
3134 5514 3251 5583 ejus
3279 5513 3665 5583 negotiatione
3691 5510 3864 5582 argenti

2248 5594 2301 5647 et
2331 5590 2463 5643 auri
2492 5605 2510 5640 :
2540 5588 2715 5657 primi
2740 5592 2799 5657 ret
2828 5585 3118 5656 purissimi
3147 5588 3355 5654 [ructus
3382 5586 3529 5657 ejus.

2318 5663 2340 5695 ¹
2370 5661 2479 5715 Pro
2511 5656 2870 5725 exultatione,
2904 5657 2963 5712 in
2989 5673 3133 5712 mss.
3179 5658 3455 5727 corrupte
3479 5656 3695 5723 legitur
3721 5666 3861 5727 mu-

2251 5733 2433 5799 tatio:
2467 5746 2605 5785 nam
2635 5728 2699 5784 in
2733 5724 2972 5784 Hebraao
3021 5727 3309 5799 scriptum
3338 5724 3425 5782 est
3484 5738 3647 5791 cur:
3683 5724 3861 5785 nterim,

2252 5794 2408 5878 quod
2438 5798 2853 5860 exaltationem
2887 5794 3202 5872 signiﬁcat.
3235 5799 3412 5857 Mur.
