4050 6182
226 237 370 295 1313

222 369 365 424 Vias
395 364 580 431 enim,
612 380 741 436 quae.
773 381 807 421 a
835 363 1056 421 dextris
1088 371 1248 433 sunt,
1284 367 1440 425 novit
1467 369 1756 425 Dominus
1790 388 1804 438 ;

296 453 580 511 perversa:
612 454 745 493 vero
773 444 914 511 sunt
932 454 1072 511 qua:
1091 455 1125 494 a
1151 439 1412 496 sinistris
1443 447 1601 498 sunt.

224 508 360 585 Ipse
388 515 585 566 autem
618 512 804 565 rectos
835 508 1007 585 faciet
1035 526 1245 567 cursus
1267 517 1426 579 tuos,

296 583 508 638 itinera
536 586 734 654 autem
767 585 871 654 tua
900 581 959 636 in
992 598 1132 652 pace
1162 584 1460 654 producet.

216 655 377 727 [Cap.
448 655 527 727 V.]
559 653 665 727 Fili
699 652 803 717 mi,
833 654 1068 727 attende
1098 652 1179 709 ad
1201 656 1550 726 sapientiam
1584 670 1799 712 meam.

291 724 350 782 et
378 724 701 797 prudentia)
734 724 1125 797 meainclina
1154 724 1355 782 aurem
1389 737 1574 795 tuam,

222 798 300 853 Ut
328 795 630 867 custodias
651 795 1057 867 cogitationes,

293 875 352 925 et
381 866 754 939 disciplinam
785 866 940 923 labia
969 873 1071 939 tua
1101 874 1465 925 conservent.

367 944 384 977 ¹
416 938 604 994 Favus
634 939 791 995 enim
823 938 1120 994 distillans
1148 940 1303 997 labia
1334 940 1685 1008 meretricis,

294 1015 353 1067 et
381 1011 630 1066 nitidius
650 1009 778 1065 oleo
808 1013 1012 1081 guttur
1040 1012 1169 1081 ejus
1201 1028 1217 1066 :

219 1082 559 1139 Novissima
588 1087 785 1156 autem
809 1082 969 1156 illius
989 1099 1191 1156 amara
1212 1084 1383 1156 quasi
1413 1081 1804 1149 absinthium,

295 1159 355 1210 et
383 1158 556 1209 acuta
585 1153 751 1224 quasi
780 1153 1013 1225 gladius
1039 1153 1259 1226 biceps.

219 1227 407 1282 Pedes
437 1226 568 1295 ejus
598 1226 973 1281 descendunt
1001 1226 1062 1280 in
1093 1233 1363 1282 mortem.

291 1302 349 1353 et
369 1297 441 1352 ad
469 1297 687 1352 inferos
704 1312 956 1369 gressus
986 1295 1157 1369 illius
1179 1301 1509 1369 penetrant.

216 1368 330 1425 Per
359 1369 635 1424 semitam
664 1367 797 1422 vitae
824 1385 937 1424 non
966 1367 1297 1440 ambulant,

288 1440 422 1513 vagi
453 1444 594 1497 sunt
621 1440 1045 1513 gressusejus,
1076 1448 1134 1495 et
1162 1439 1606 1513 investigabiles
1636 1439 1678 1494 ³.

217 1510 391 1568 Nunc
420 1527 580 1581 ergo,
612 1510 717 1576 ﬁli,
749 1510 888 1566 audi
924 1527 1037 1576 me,

292 1587 350 1638 et
380 1600 452 1638 ne
482 1583 722 1637 recedas
753 1600 787 1638 a
838 1582 1034 1637 verbis
1065 1581 1184 1638 oris
1208 1583 1344 1640 mei.

217 1655 419 1726 Longe
450 1654 539 1709 fac
570 1655 643 1708 ab
678 1670 747 1726 ea
776 1654 928 1708 viam
955 1658 1147 1726 tuam,

292 1725 450 1781 etne
478 1725 921 1797 appropinques
957 1725 1183 1782 foribus
1215 1726 1429 1782 domus
1460 1726 1611 1797 ejus.

221 1797 311 1853 Ne
339 1799 442 1853 des
472 1797 683 1852 alienis
713 1798 992 1869 honorem
1013 1803 1202 1869 tuum,

299 1872 356 1924 et
382 1884 570 1925 annos
599 1874 733 1924 tuos
762 1867 1006 1923 crudeli.

222 1940 309 1996 Ne
330 1942 476 1996 forte
504 1939 862 2012 impleantur
891 1939 1152 2012 extranei
1184 1938 1409 2012 viribus
1441 1939 1582 2007 tuis,

304 2018 362 2068 et
390 2011 619 2067 labores
645 2012 731 2067 tui
760 2011 881 2067 sint
910 2011 970 2066 in
1002 2013 1173 2068 domo
1204 2011 1396 2067 aliena
1420 2030 1434 2069 :

233 2084 305 2139 Et
333 2100 534 2154 gemas
564 2083 623 2139 in
654 2082 1016 2153 novissimis,

308 2156 551 2221 Quando
580 2154 1019 2227 consumpseris
1077 2170 1282 2210 carnes
1337 2157 1495 2222 tuas,
1552 2159 1612 2211 et
1666 2169 1882 2225 corpus

379 2234 576 2282 tuum.

233 2298 305 2353 Et
332 2297 494 2353 dicas
528 2314 541 2352 :
575 2296 691 2352 Cur
719 2297 1042 2353 detestatus
1072 2312 1205 2352 sum
1239 2295 1638 2366 disciplinam,

304 2375 361 2424 et
390 2368 894 2440 increpationibus
927 2384 1041 2423 non
1070 2369 1362 2439 acquievit
1389 2385 1490 2423 cor
1518 2383 1739 2439 meum,

229 2438 346 2495 Nec
376 2438 573 2496 audivi
606 2456 804 2496 vocem
828 2438 1171 2496 docentium
1198 2456 1311 2506 me,

302 2518 361 2567 et
390 2512 693 2583 magistris
723 2529 839 2567 non
870 2510 1143 2583 inclinavi
1173 2525 1377 2567 aurem
1410 2526 1604 2567 meam
1652 2527 1666 2565 :

236 2582 387 2639 Pene
416 2582 513 2638 fui
532 2584 590 2638 in
621 2583 782 2638 omni
816 2582 994 2651 malo,

301 2654 360 2727 in
392 2655 586 2710 medio
618 2654 887 2710 Ecclesiae
916 2661 972 2709 et
988 2669 1317 2727 synagogas.

233 2726 372 2781 Bibe
401 2742 615 2797 aquam
646 2727 719 2781 de
749 2727 1002 2781 cisterna
1032 2732 1155 2793 tua,

302 2802 361 2853 et
392 2797 614 2854 ﬂuenta
644 2797 804 2869 putei
832 2797 917 2852 tui
950 2813 965 2852 :

305 2868 661 2925 Deriventur’
676 2868 868 2925 fontes
897 2868 984 2924 tui
1032 2868 1210 2936 foras,

304 2948 357 2995 et
392 2940 454 2995 in
489 2939 694 3011 plateis
726 2957 904 3010 aquas
934 2945 1066 2996 tuas
1096 2938 1311 2996 divide.

233 3011 464 3068 Habeto
494 3029 592 3068 eas
620 3011 805 3076 solus,

308 3099 416 3138 nec
447 3084 567 3139 sint
586 3083 760 3139 alieni
787 3081 1100 3155 participes
1132 3081 1242 3137 tui.

231 3154 319 3223 Sit
343 3171 494 3210 vena
521 3163 623 3210 tua
650 3154 976 3220 benedicta,

304 3230 362 3281 et
381 3226 576 3282 laetare
605 3226 713 3297 [Αι.
746 3226 974 3298 lactare]
1022 3240 1156 3280 cum
1205 3222 1449 3279 muliere
1478 3221 1883 3279 adolescentia

304 3302 419 3353 tuas
454 3315 469 3354 :

231 3371 411 3425 Cerva
440 3366 845 3434 charrissima,
867 3370 926 3423 et
954 3366 1331 3439 gratissimus
1354 3363 1661 3423 binnulus.

306 3440 497 3498 Ubera
519 3441 652 3512 ejus
682 3439 974 3497 inebrieut
1002 3444 1057 3495 te
1087 3439 1248 3494 omni
1279 3443 1564 3509 tempore,

308 3657 325 3691 ¹
362 3654 588 3710 [ndicat
618 3652 965 3710 marginalia
994 3653 1103 3710 iste
1149 3652 1357 3710 obelus
1409 3655 1881 3710 additamentum

234 3727 535 3798 quoddam
566 3743 596 3781 e
628 3724 777 3781 LXX
804 3724 1227 3798 interpretibus
1258 3726 1613 3798 translatum
1642 3726 1703 3780 in
1733 3725 1879 3780 Vul-

234 3796 431 3870 gatam
466 3798 733 3870 Latinam
767 3797 1102 3867 editionem,
1136 3797 1216 3852 uti
1250 3796 1701 3870 nuncilegimus
1732 3812 1747 3851 :
1805 3798 1884 3870 Ne

235 3868 493 3950 attendas
511 3869 763 3950 fallacia
790 3870 1066 3950 (uuiferis.
1126 3872 1262 3950 Qum
1320 3868 1881 3950 verbalabsunthin

234 3940 476 3996 Hebraeo
508 3938 568 3996 in
594 3940 1029 4011 exemplaribus
1059 3939 1318 3996 canonis.
1378 3939 1631 3995 Heraicaa
1679 3938 1883 3995 verita-

236 4013 334 4077 tis,
369 4018 425 4068 et
454 4012 512 4067 in
544 4012 820 4067 omnibus
850 4011 1109 4082 antiquis
1142 4028 1286 4067 mss.
1319 4012 1621 4067 codicibus
1654 4027 1667 4068 :
1694 4026 1885 4082 neque

236 4082 420 4154 hujus
449 4083 837 4139 additamenti
872 4081 1139 4154 meminit
1158 4082 1468 4154 Speculum
1492 4086 1549 4138 S.
1569 4081 1884 4153 Augustini

242 4153 329 4209 ad
350 4155 865 4227 Hieronymianam
897 4170 965 4209 ex
986 4153 1225 4227 Hebraeo
1244 4153 1694 4227 translationem
1742 4169 1884 4210 con-

235 4225 585 4297 cinnatum.‘
614 4229 684 4281 At
713 4226 772 4281 in
810 4226 867 4280 id
911 4241 1098 4297 genus
1145 4225 1703 4289 additamentorum,
1753 4240 1884 4296 quas

233 4296 423 4353 obelis
475 4298 699 4353 anobis
759 4296 1097 4352 indicantur
1153 4296 1442 4352 curiosius
1492 4298 1885 4364 attendentes,

234 4384 432 4424 veram
463 4384 666 4424 eorum
699 4368 1195 4440 deprehendimus
1223 4368 1507 4439 originem
1538 4369 1600 4440 in
1647 4367 1885 4439 antiquo

1517 241 1730 297 LIBER
1768 237 2367 298 PBOVERBIORUM.

3508 250 3643 308 1314

1910 371 1962 437 Α
2006 441 2024 443 _
2066 367 2125 423 in
2149 385 2352 443 amore
2382 369 2512 443 ejus
2539 369 2834 443 delectare
2887 372 3131 443 jugiter.

1993 441 2183 517 Quare
2214 441 2537 517 seduceris‘,
2572 442 2653 496 iiii
2682 441 3140 517 _mi,gab‘aliena,

2051 517 2109 566 et
2141 512 2355 567 foveris
2386 512 2447 568 in
2479 513 2611 567 sinu
2645 514 2933 570 alterius?

1982 582 2249 653 Respicit
2277 586 2565 640 Dominus
2597 588 2721 640 vias
2752 586 3037 651 hominis,

2055 660 2113 709 et
2143 672 2349 710 omnes
2379 671 2624 726 gressus
2654 656 2785 726 ejus
2816 660 3173 714 considerat.

1983 725 2331 800 Iniquitates
2362 743 2480 781 sua‘.
2502 725 2745 798 capiunt
2774 729 3045 800 impium,

2055 804 2113 851 et
2139 799 2378 873 funibus
2403 799 3036 873 peccatorumsuorum
3057 802 3496 873 constringitur.

1985 868 2116 940 Ipse
2143 868 2445 945 morietur,
2472 871 2611 945 quia
2641 887 2754 945 non
2779 872 2984 945 habuit
3010 868 3390 945 disciplinain,

2063 946 2120 995 et
2144 940 2616 1015 inmultitudine
2643 941 2905 997 stultitiae
2929 961 3046 999 suas
3069 940 3411 1015 decipiatur.

1987 1010 2124 1088 [Cap
2139 1012 2387 1088 AVl-.]l_"ili
2421 1013 2523 1088 mi,
2555 1013 2604 1069 si
2636 1016 3025 1085 spoponderis
3057 1033 3159 1087 pro
3185 1010 3373 1073 amico
3404 1023 3527 1088 tuo,

2056 1083 2307 1139 deﬁxisti
2333 1085 2485 1154 apud
2514 1083 2851 1159 extraneum
2887 1083 3128 1143 manum
3162 1093 3366 1159 tuam;

1986 1152 2324 1226 ilaqueatus
2354 1152 2417 1210 es
2442 1158 2633 1210 verbis
2669 1157 2789 1212 oris
2820 1158 2929 1224 tui,

2057 1234 2116 1281 et
2143 1232 2347 1296 captus
2375 1227 2625 1298 propriis
2657 1229 3054 1285 sermonibus.

1987 1296 2097 1352 Fac
2128 1313 2264 1372 ergo
2291 1296 2447 1372 quod
2466 1296 2624 1372 dico,
2656 1298 2739 1354 ﬁli
2772 1300 2873 1370 mi,
2908 1307 2965 1357 et
2994 1301 3373 1372 temetipsum
3409 1302 3631 1361 libera:

2103 1368 2480 1443 uia’incidisti
2511 1368 2570 1443 in
2601 1368 3125 1443 manum’proximi
3149 1368 3257 1429 tu'i.

2116 1443 2357 1510 iscurre,
2391 1440 2625 1507 festina,
2658 1440 2893 1498 suscita'
2912 1445 3170 1499 amicum
3204 1449 3376 1501 tuum
3410 1463 3424 1503 :

1989 1511 2073 1567 Ne
2106 1512 2341 1584 dederis
2360 1527 2636 1567 somnum
2688 1513 2875 1570 oculis
2907 1516 3046 1584 tuis,

2063 1598 2169 1637 nec
2196 1583 2520 1639 dormitent
2551 1584 2841 1656 palpebras
2860 1592 2995 1643 tuae.

1991 1654 2207 1710 Eruere
2240 1656 2411 1725 quasi
2442 1654 2682 1711 damula
2713 1658 2783 1712 de
2817 1675 3016 1724 manu,

1913 1745 1962 1810 Β
1990 1796 2038 1810 Π
2064 1730 2121 1810 et
2150 1726 2320 1810 qu‘as‘i
2350 1727 2473 1808 avis
2504 1729 2576 1781 de
2605 1728 2839 1810 insidiis
2867 1730 3133 1801 aucupis.

1990 1796 2147 1852 Vade
2174 1797 2245 1851 ad
2278 1798 2608 1871 formicam,
2627 1815 2659 1854 o
2685 1800 2866 1871 piger,

2060 1875 2120 1924 et
2148 1869 2455 1924 considera
2473 1870 2599 1945 vias
2630 1869 2783 1945 ejus,
2815 1877 2872 1927 et
2901 1872 3061 1928 disce
3076 1871 3429 1945 sapientiam
3467 1892 3484 1941 ;

1989 1941 2125 2004 Quae
2156 1956 2291 1995 cum
2325 1956 2440 1996 non
2473 1940 2685 1997 habeat
2709 1943 2942 2008 ducem,

2062 2028 2167 2067 nec
2197 2016 2631 2086 praeceptorem,
2663 2030 2769 2086 nec
2802 2013 3123 2086 principem

1992 2086 2164 2139 Parat
2188 2088 2391 2138 aestate
2420 2084 2618 2139 cibum
2649 2085 2789 2153 sibi,

2061 2159 2119 2209 et
2150 2161 2468 2226 congregat
2496 2156 2554 2210 in
2588 2171 2780 2212 messe
2808 2158 2961 2225 quod
2993 2158 3280 2225 comedat,

1992 2226 2324 2296 Usquequo,
2358 2241 2540 2297 piger,
2569 2227 2818 2283 dormies
2844 2228 2874 2283 τ

2062 2298 2296 2369 quando
2325 2313 2645 2369 consurges
2674 2316 2704 2354 e
2734 2315 2943 2353 somno
2976 2302 3075 2354 tuo
3117 2297 3146 2353 ‘I

1991 2368 2303 2440 Paululum
2328 2368 2606 2436 dormies,
2642 2369 2948 2440 paululum
2978 2370 3350 2437 dormitabis,

2066 2439 2369 2511 paululum
2401 2439 2675 2496 censeres
2714 2458 2947 2509 manus,
2982 2448 3047 2497 ut
3074 2442 3335 2499 dormias
3366 2458 3382 2499 :

1993 2511 2064 2567 Et
2093 2511 2283 2567 veniet
2310 2511 2413 2584 tibi
2446 2512 2618 2583 quasi
2648 2512 2851 2577 viator,
2884 2519 3138 2584 egestas,

2063 2588 2121 2638 et
2150 2583 2422 2653 pauperis
2472 2584 2642 2653 quasi
2675 2586 2760 2639 vir
2788 2583 3052 2640 armatus
3097 2586 3138 2639 ³.

2134 2658 2315 2725 Homo
2348 2660 2634 2725 apostata,
2667 2656 2754 2710 vir
2782 2654 3030 2725 inutilis,

2062 2724 2332 2796 graditur
2353 2724 2459 2796 ore
2485 2742 2775 2796 perverso,

1991 2794 2212 2870 Annuit
2239 2794 2447 2870 oculis,
2478 2794 2612 2853 terit
2640 2798 2805 2870 pede,

2062 2868 2247 2939 digito
2270 2867 2551 2939 loquitur,

1990 2938 2174 2994 Pravo
2204 2941 2377 2995 corde
2406 2938 2777 2994 machinatur
2798 2939 3042 3009 malum,

2062 3017 2121 3065 et
2147 3011 2207 3066 in
2239 3010 2410 3082 omni
2429 3016 2693 3082 temporc
2713 3010 2916 3082 jurgia
2945 3010 3217 3066 seminat.

1994 3084 2142 3137 Huic
2162 3080 2454 3154 extemplo
2484 3080 2674 3137 veniet
2702 3080 2951 3154 perditio
2981 3098 3111 3149 sua,

2066 3159 2125 3208 et
2152 3154 2349 3210 subito
2366 3153 2725 3224 conteretur,
2758 3169 2863 3209 nec
2893 3153 3132 3210 habebit
3186 3154 3342 3210 ultra
3394 3153 3638 3210 medici-

2063 3241 2222 3280 nam.

1989 3299 2097 3352 Sex
2118 3300 2277 3363 sunt,
2309 3312 2436 3368 qua:
2468 3296 2589 3352 odit
2607 3297 2914 3365 Dominus,

2061 3373 2125 3440 et,
2148 3366 2470 3440 septimum
2499 3368 2836 3440 detestatur
2864 3366 3062 3423 anima
3091 3367 3218 3438 ejus
3252 3386 3265 3425 :

1990 3438 2203 3497 Oculos
2219 3438 2530 3510 sublimes,
2553 3438 2817 3511 linguam
2861 3440 3228 3509 mendacem,

1991 3652 2268 3734 anonymi
2316 3656 2537 3734 attexta
2585 3653 2656 3707 ad
2709 3650 3199 3734 _calcem.prioris
3259 3651 3639 3734 praefationis.

1989 3723 2211 3780 Deinde
2238 3723 2560 3779 nonnullan
2595 3728 2821 3794 partem
2858 3723 3196 3778 additarum
3214 3723 3640 3794 sententiarum

1990 3796 2049 3851 in
2082 3811 2319 3865 corpore
2352 3793 2605 3866 positam
2633 3794 2843 3866 retinet
2873 3798 3119 3866 ;cmt_era
3175 3809 3234 3866 e_
3254 3793 3502 3866 regione
3567 3795 3639 3849 ad

1992 3863 2315 3936 marginem
2340 3863 2715 3936 repraesentat
2741 3880 2757 3930 ;
2779 3863 2860 3918 ita
2878 3870 2942 3919 ut
2971 3863 3194 3918 diceres
3217 3863 3641 3919 Memmianum

1990 3935 2249 3994 codicem
2284 3935 2419 3992 eum
2448 3952 2578 3991 esse
2609 3935 2668 3990 in
2702 3951 2817 4005 quo
2851 3937 3105 4004 primum
3155 3941 3358 3990 auctor
3405 3935 3553 3990 hanc
3610 3951 3641 3992 e

1990 4013 2186 4064 Graeco
2221 4006 2644 4064 admissionem
2674 4005 2925 4062 inseruit
2954 4007 3012 4061 in
3043 4006 3493 4062 translationem
3523 4009 3642 4061 He-

1994 4080 2273 4136 braicam.
2299 4079 2423 4135 Non
2456 4080 2539 4135 sic
2569 4094 2755 4133 canon
2785 4078 3291 4143 Carcassonensis,
3324 4079 3495 4147 cujus
3543 4094 3640 4133 ex-

1998 4151 2252 4224 scriptor
2278 4151 2479 4224 omnia
2507 4150 2931 4224 additamenta,
2957 4166 3071 4204 uno
3100 4148 3188 4203 vel
3211 4150 3447 4224 duobus
3473 4164 3641 4204 exce-

1994 4220 2138 4296 ptis,
2165 4221 2471 4296 transtulit
2503 4222 2823 4296 in_sa_crum
2846 4224 3224 4296 _contextum._
3248 4220 3452 4296 Caeteri
3496 4236 3639 4276 mss.

2001 4291 2231 4351 codices
2262 4294 2543 4349 omittunt
2571 4291 2769 4348 islhzec
2789 4292 3107 4359 adscititia,
3140 4291 3227 4346 vel
3270 4292 3636 4346 extrinsecus

1997 4371 2289 4439 reponunt
2308 4366 2382 4420 ad
2407 4364 2701 4439 margines
2718 4381 2729 4418 :
2749 4364 2901 4419 unde
2922 4363 3378 4439 idemaccidisse
3399 4362 3458 4439 in
3490 4362 3640 4417 libro

233 4457 529 4529 anonymo
560 4433 868 4529 seri‘pto're,
897 4440 1012 4529 qui.
1031 4433 1634 4529 sequentenuattexnuit
1680 4433 1883 4521 admo-
1913 4464 1959 4529 Β
1990 4433 2400 4518 Ρόνθιιὺοισίιιιη
2425 4433 3092 4529 ωθᾱίΐξειυωθεῐ¹,¹ᾳυοᾶ
3122 4435 3179 4488 in
3212 4433 3379 4489 libris
3402 4438 3634 4529 itegum

234 4510 519 4583 nitionem
553 4512 622 4583 ad
657 4512 832 4567 ﬁnem
866 4510 1221 4583 praefationis
1247 4513 1305 4565 in
1329 4512 1512 4583 libros
1530 4510 1881 4577 Salomonis,

236 4582 407 4637 editis
438 4583 510 4655 ab
540 4581 893 4655 Hieronymo
924 4600 1063 4655 cum,
1106 4581 1565 4655 haecivelumina
1614 4583 1885 4655 primum

236 4654 539 4710 recensuit
568 4655 636 4709 ad
682 4652 912 4709 Graecos
942 4653 1169 4709 codices
1231 4652 1366 4708 LXX
1422 4652 1884 4719 Translatorum,

236 4724 425 4781 obelis
455 4730 513 4796 et
541 4725 809 4781 astericis
838 4741 986 4796 opus
1012 4740 1182 4781 omne
1214 4725 1589 4796 distinguens
1620 4740 1633 4778 :
1679 4746 1715 4796 ί‹‹
1749 4724 1883 4796 Ideo

236 4800 301 4877 et
329 4797 401 4853 de
453 4795 714 4877 _Hebr_a:o,
772 4795 985 4877 inquit2
1016 4812 1346 4877 anonymus
1402 4800 1623 4877 noster,
1673 4795 1885 4877 Praefa-

236 4867 507 4924 tiuncula
558 4865 806 4938 utraque
854 4865 920 4922 in
970 4865 1078 4923 hoc
1133 4865 1313 4938 libro
1368 4867 1676 4938 praemissa
1747 4870 1884 4922 est:

235 4939 381 5011 quia
410 4939 695 5011 nonnulla
712 4937 791 5011 de
815 4942 1007 5011 Graeco
1038 4938 1111 4994 ob
1130 4937 1625 5011 illuminationem
1649 4952 1885 5011 sensus,

234 5008 297 5066 et
352 5009 615 5082 legentis
655 5010 1081 5082 mdiﬁcationen
1156 5008 1242 5082 vel
1300 5009 1520 5065 inserta
1584 5009 1889 5082 Eebraica

236 5080 644 5147 translationi,
670 5080 759 5138 vel
788 5082 1153 5146 extrinsecus
1177 5081 1381 5149 juncta
1400 5085 1555 5136 sunt.
1582 5080 1650 5134 Et
1673 5080 1889 5135 idcirco

236 5152 344 5278 aui
374 5152 521 5278 leﬁis
551 5168 784 5224 semper
812 5151 1106 5234 peregrini
1138 5156 1455 5207 memento.
1489 5174 1518 5201 »
1575 5154 1707 5206 Haec
1757 5152 1891 5221 qui-

281 5239 374 5278 em
406 5223 425 5278 i
475 5240 506 5278 e
534 5223 804 5278 auisauis
835 5223 1032 5278 fuerit.
1066 5223 1188 5278 sive
1239 5222 1585 5278 scholiastes
1641 5221 1891 5277 Canonis

281 5239 374 5295 em
406 5221 506 5279 ille
534 5221 1032 5295 quisquis‘fuerit,
1066 5223 1188 5295 sive
1239 5222 1585 5295 scholiastes
1641 5221 1893 5295 Canonis

238 5292 855 5361 Hebraicaa'veritatis,
888 5294 1011 5349 sive
1043 5293 1193 5349 alius
1226 5294 1488 5363 ejusdem
1520 5294 1707 5349 (statis
1740 5292 1891 5348 scri-

236 5372 391 5438 ptor.
417 5367 793 5438 ,Quacunque
825 5365 1007 5433 igitur
1036 5364 1310 5438 lectorem
1343 5365 1668 5438 admonuit,
1703 5364 1894 5435 posita

236 5435 616 5508 reperiuntur
646 5435 960 5492 in’Canone
990 5436 1341 5508 Memmiano
1364 5440 1498 5492 ante
1527 5435 1891 5508 octingentos

238 5506 430 5564 annos
461 5508 794 5580 descripto:
851 5524 986 5562 nam
1024 5508 1229 5580 ambae
1288 5506 1620 5580 Hieronymi
1679 5506 1892 5580 Praefaf

239 5578 528 5635 tiunculae
557 5578 692 5649 (hoc
720 5584 831 5644 est,
863 5583 921 5634 et
954 5578 1140 5649 prima
1180 5595 1357 5649 quam
1406 5579 1765 5649 praemiserat
1814 5578 1893 5649 ad

239 5666 417 5706 suam
446 5647 773 5721 versionem
791 5666 859 5721 ex
890 5648 1028 5705 LXX
1050 5647 1494 5721 Inter—pretibus,
1518 5652 1576 5721 et
1605 5647 1897 5721 posterior

241 5721 403 5778 edita
416 5738 550 5777 cum
569 5720 952 5778 translatione
966 5719 1267 5792 Hebraica)
1282 5720 1449 5776 initio
1473 5720 1724 5776 liborum
1741 5719 1899 5776 Salo-

245 5793 445 5851 monis
464 5793 525 5851 in
542 5793 743 5852 codice
762 5792 1040 5866 leguntur
1059 5808 1194 5852 cum
1217 5792 1612 5851 admonitione
1628 5792 1895 5863 ejusdem

1991 4526 2172 4580 supra
2203 4508 2544 4564 monuimus
2566 4508 2785 4580 adcap.
2820 4524 2865 4561 v.
2900 4509 3021 4580 [lue
3051 4522 3189 4577 ergo
3220 4506 3522 4580 emendari
3575 4521 3638 4562 se

1993 4576 2269 4653 patietur
2305 4580 2609 4653 studiosus
2641 4576 2840 4632 lector.
2898 4578 3073 4633 Porro
3124 4576 3383 4653 praefatio
3437 4578 3642 4653 Hiero-

1997 4647 2180 4721 nymi,
2203 4652 2275 4707 ad
2307 4650 2479 4721 cujus
2503 4650 2718 4721 calcem
2748 4665 3078 4721 anonymus
3092 4647 3263 4705 suam
3294 4647 3644 4721 admonitio-

1994 4718 2128 4779 nem
2159 4718 2424 4787 attexuit,
2460 4720 2857 4792 typisexcusa
2910 4718 3155 4775 habetur
3208 4736 3342 4776 cum
3402 4719 3554 4775 notis
3583 4718 3643 4774 in

1994 4795 2110 4851 fine
2134 4794 2333 4862 prima;
2355 4790 2530 4862 hujus
2561 4790 2951 4847 Bibliotheca.
2982 4794 3163 4848 MART.

2064 4811 2110 4850 ie
2173 4811 2333 4849 rimae
2355 4811 2530 4862 nujus
2562 4811 2951 4847 niouornecaa.
2982 4811 3163 4848 msa'r.

2064 4867 2085 4900 ²
2116 4811 2225 4921 lEro
2280 4862 2775 4934 ininveuigabiles,
2826 4867 2891 4917 ut
2936 4862 3075 4917 alibi
3134 4864 3554 4932 interpretatur
3607 4876 3643 4916 a

1992 4936 2197 4993 vestiao
2226 4936 2423 4991 verbo.

2065 5009 2086 5042 ⁸
2115 4999 2310 5064 Canon
2346 5003 2740 5061 Memmianus
2769 5004 3127 5060 sententiam
3161 5020 3338 5075 quam
3371 5003 3431 5057 in
3498 4999 3639 5055 Vul-

1996 5084 2131 5151 gata
2149 5078 2353 5151 Latina
2379 5075 2576 5151 addita
2600 5080 2798 5151 monet
2827 5076 3031 5151 ob_elus
3062 5082 3278 5141 noster,
3311 5075 3465 5151 intra
3500 5088 3643 5127 con-

1995 5144 2216 5206 textum
2250 5148 2464 5204 retinet
2495 5147 2604 5200 hoc
2653 5144 2825 5211 loco;
2879 5147 3074 5203 Canon
3132 5162 3265 5202 vero
3324 5145 3643 5199 Carcasso-

1998 5221 2200 5277 nensis
2229 5220 2595 5275 extrinsecus
2616 5216 2676 5271 in
2703 5233 2806 5271 ora
2834 5217 3125 5273 inferioris
3154 5215 3394 5273 codicis.
3454 5215 3640 5270 Maa'r.

2066 5322 2137 5333 —-
2165 5290 2423 5347 Alterum
2448 5290 2623 5344 hocce
2654 5288 3121 5344 additamentum
3150 5289 3209 5343 in
3242 5286 3514 5357 Vulgata,
3574 5284 3640 5340 Si

1997 5369 2189 5418 autem
2220 5364 2453 5433 impiger
2472 5363 2668 5430 fueris,
2690 5362 2870 5415 veniet
2903 5364 2962 5414 ut
3008 5364 3132 5429 fons
3183 5360 3371 5433 messis
3394 5366 3532 5433 -ςῃα,
3556 5426 3571 5433 _
3591 5359 3643 5411 et

1995 5439 2205 5505 egestas
2237 5426 2394 5502 loth
2421 5426 2597 5505 fugiet
2628 5426 2663 5485 ά
2691 5435 2765 5494 te,
2813 5448 2882 5485 ex
2928 5426 3123 5505 Graeco
3181 5432 3287 5481 τῶν
3352 5428 3482 5505 LXX
3541 5426 3640 5482 de-

1999 5501 2359 5576 promptum.
2391 5522 2423 5559 a
2449 5502 2721 5576 Rabbano
2752 5519 2985 5572 quoque
3016 5501 3381 5576 legitur,_qui
3438 5504 3637 5576 tamen_

1999 5567 2280 5647 pleraque
2308 5574 2595 5645 ejusmodi
2620 5573 2733 5627 alia
2772 5567 2904 5626 hon'
2947 5573 3151 5627 novit:
3206 5567 3643 5696 Hieronﬁmiani

2000 5652 2193 5696 autem
2225 5646 2573 5696 vetustiores
2630 5644 2839 5696 sinceri
2897 5646 3147 5696 codices.
3207 5645 3370 5696 iuxta
3472 5638 3643 5696 ebrzei

2000 5642 2199 5703 autem
2225 5642 2573 5702 vetustiores
2630 5644 2839 5697 sinceri
2897 5646 3147 5712 codices,
3200 5645 3370 5713 juxta
3419 5642 3644 5697 Hebrzei

2002 5723 2195 5776 textus
2216 5718 2392 5775 ﬁdem
2424 5716 2593 5789 plane
2616 5716 2905 5771 nesciunt.
