4050 6182
264 242 403 297 1317

339 369 589 425 necdum
623 368 811 423 fontes
844 372 1133 439 aquarum
1163 375 1478 439 eruperant
1507 386 1521 426 :

337 445 589 497 necdum
621 445 852 496 montes
882 441 1043 511 gravi
1080 442 1231 498 mole
1263 444 1669 500 constiterant.

271 512 629 585 Antecolles
660 527 764 584 ego
796 512 1163 585 parturiebar
1194 532 1207 572 :

346 584 539 642 adhuc
569 584 935 639 terram’non
969 584 1204 654 fecerat,
1236 588 1295 642 ct
1325 586 1590 656 flumina,

345 664 401 713 et
432 656 702 711 cardines
734 656 892 711 orbis
927 660 1115 712 terrm.

274 728 519 794 Quando
550 728 915 798 praeparabat
944 727 1140 794 caelos,
1176 731 1411 785 aderam
1443 747 1457 786 :

348 800 582 874 quando
613 806 772 874 certa
804 800 951 874 lege,
985 805 1041 855 et
1069 816 1210 872 gyro
1239 802 1489 858 vallabat
1521 803 1767 874 abyssos
1800 816 1814 855 :

276 870 517 939 Quando
548 870 761 926 ethera
797 870 1353 939 ﬁrmabat—sursum,

348 948 405 999 et
434 943 686 997 librabat
718 944 904 998 fontes
937 960 1248 1014 aquarum.

276 1016 521 1080 Quando
548 1014 950 1070 circumdabat
980 1014 1127 1069 mari
1158 1016 1480 1071 terminum
1513 1032 1710 1084 suum,

350 1093 409 1144 et
464 1086 649 1158 legem
712 1087 966 1159 ponebat
1020 1086 1220 1159 aquis,
1274 1104 1346 1144 ne
1402 1088 1725 1145 transirent
1782 1085 1928 1141 fines

425 1174 566 1213 SUOS
598 1173 612 1213 ἶ

282 1231 526 1295 Quando
559 1228 926 1301 appendebat
955 1228 1345 1286 fundamenta
1374 1235 1565 1302 terrae,

353 1318 487 1357 cum
519 1318 585 1355 eo
616 1316 777 1373 eram
813 1306 1027 1373 cuncta
1059 1316 1417 1373 componens
1454 1320 1467 1359 :

355 1379 413 1428 et
442 1372 780 1427 delectabar
810 1387 913 1441 per
944 1372 1209 1446 singulos
1241 1374 1386 1446 dies,

282 1446 516 1502 Ludens
548 1460 743 1499 coram
766 1458 843 1517 eo
876 1444 1036 1498 omni
1067 1451 1349 1517 tempore,

356 1516 569 1571 ludens
600 1520 659 1570 in
692 1515 831 1570 orbe
864 1518 1157 1571 terrarum
1192 1515 1204 1571 Ξ

356 1593 414 1644 et
441 1587 660 1644 delicias
693 1603 830 1642 meae
862 1603 992 1643 esse
1025 1604 1158 1643 cum
1191 1587 1327 1645 ﬁliis
1358 1588 1689 1645 hominum.

287 1660 453 1717 Nunc
483 1675 643 1730 ergo,
676 1658 805 1723 filii,
840 1661 1038 1715 audite
1071 1675 1164 1715 me
1198 1676 1210 1714 :

360 1732 519 1787 Beati
550 1733 650 1802 qui
687 1731 1031 1786 custodiunt
1061 1730 1183 1786 vias
1217 1748 1395 1787 meas.

288 1805 499 1859 Audite
530 1801 929 1875 disciplinam,
961 1808 1018 1857 et
1048 1808 1234 1858 estote
1265 1805 1580 1875 sapientes,

361 1881 420 1929 et
452 1874 629 1929 nolite
659 1874 910 1944 abjicere
941 1890 1089 1929 eam.

290 1951 502 2002 Beatus
533 1945 707 2002 homo
736 1945 837 2016 qui
868 1946 1035 2003 audit
1065 1962 1177 2014 me,

362 2018 462 2090 qui
492 2016 695 2089 vigilat
724 2018 796 2071 ad
830 2019 981 2073 fores
1016 2034 1175 2073 meas
1206 2016 1491 2089 quotidie,

362 2096 419 2146 et
450 2090 719 2145 observat
748 2090 818 2161 ad
853 2095 1047 2161 postes
1079 2090 1214 2145 ostii
1249 2090 1384 2145 mei.

292 2163 401 2230 Qui
434 2178 527 2216 me
558 2160 865 2227 invenerit,
898 2161 1153 2217 inveniet
1201 2161 1402 2229 vitam,

365 2238 421 2289 et
451 2234 682 2288 hauriet
710 2232 961 2288 salutem
994 2250 1027 2287 a
1057 2232 1305 2287 Domino
1338 2249 1352 2288 :

293 2306 401 2369 Qui
434 2313 628 2360 autem
661 2305 719 2357 in
751 2320 841 2358 me
874 2306 1214 2375 peccaverit,
1236 2304 1419 2375 laedet
1450 2302 1710 2358 animam
1742 2316 1935 2357 suam.

365 2377 601 2443 Omnes,
634 2376 736 2447 qui
769 2391 860 2431 me
882 2374 1157 2444 ederunt,
1190 2374 1446 2447 diligunt
1478 2379 1744 2429 mortem.

292 2448 449 2519 [ϐαρ.
478 2450 607 2520 lX.]
634 2447 933 2520 sapientia
962 2447 1268 2502 aedificavit
1298 2447 1411 2503 sibi
1442 2447 1706 2515 domum,

364 2518 915 2575 cncidit—columnas
946 2526 1189 2590 septem.

292 2590 631 2647 Immolavit
659 2591 928 2646 victimas
964 2588 1125 2659 suas,
1159 2589 1400 2646 miscuit
1428 2588 1651 2655 vinum,

364 2669 424 2719 et
454 2662 758 2735 proposuit
785 2679 1047 2719 mensam
1078 2679 1269 2718 suam.

293 2733 725 2791 Misit’ancillas
752 2751 912 2805 suas,
940 2740 1005 2789 ut
1034 2738 1304 2790 vocarent
1333 2733 1405 2789 ad
1437 2749 1652 2800 arcem,

365 2812 422 2862 et
452 2810 519 2861 ad
553 2807 768 2861 moenia
797 2807 1051 2861 civitatis
1085 2823 1098 2860 :

293 2878 351 2933 Si
387 2878 521 2950 quis
554 2883 643 2935 est
676 2877 973 2950 parvulus,
1006 2876 1203 2933 veniat
1232 2876 1302 2932 ad
1334 2892 1449 2932 me.

369 2950 433 3004 Et
462 2949 879 3021 insipientibus
911 2949 1106 3005 locuta
1134 2952 1225 3004 est
1260 2965 1272 3002 :

294 3020 513 3089 Venite,
544 3020 829 3077 comedite
859 3038 1070 3093 panem
1104 3036 1326 3093 meum,

366 3100 424 3149 et
451 3094 630 3150 bibite
661 3090 1040 3163 vinum'quod
1076 3091 1285 3148 miscui
1314 3090 1476 3147 vobis

297 3165 630 3236 Belinquite
661 3165 989 3234 infantiam,
1024 3170 1079 3219 et
1109 3164 1299 3230 vivite,

369 3241 427 3292 et
458 3233 761 3293 ambulate
792 3251 892 3308 per
922 3233 1044 3291 vias
1076 3233 1419 3307 prudentiae.

293 3307 403 3371 Qui
436 3312 629 3364 erudit
658 3303 1001 3374 derisorem,
1032 3303 1157 3379 ipse
1190 3308 1299 3363 sibi
1340 3304 1478 3379 fecit
1504 3303 1781 3376 injuriam
1818 3320 1831 3358 :

365 3387 424 3435 et
480 3383 579 3451 qui
612 3380 807 3453 arguit
834 3376 1110 3453 impium,
1144 3380 1255 3434 sibi
1274 3376 1581 3453 maculam
1614 3379 1873 3449 generat.

292 3451 424 3509 Noli
457 3451 701 3523 arguere
732 3451 1075 3515 derisorem,
1110 3467 1183 3506 ne
1214 3451 1408 3523 roderit
1438 3454 1515 3507 te.

369 3522 563 3594 Argue
594 3523 939 3596 sapientem,
974 3528 1030 3579 et
1058 3522 1266 3596 diligit!
1285 3527 1358 3596 te.

299 3596 381 3652 Da
413 3590 1081 3667 sapienti—occasionem,
1106 3590 1450 3667 etfaddetur
1474 3591 1525 3648 ei
1557 3590 1867 3663 sapientia.

370 3666 519 3723 Doce
550 3669 795 3737 justum.
829 3671 885 3722 et
914 3666 1219 3722 testinabit
1248 3666 1530 3735 accipere.

302 3740 659 3811 Principium
692 3737 1011 3808 sapientia,
1043 3738 1223 3792 timor
1256 3737 1478 3811 Domini
1513 3752 1528 3790 :

368 3818 425 3866 et
455 3809 701 3866 scientia
732 3814 1095 3872 sanctorum.
1123 3809 1455 3880 prudentia.

289 3881 400 3937 Per
431 3899 521 3937 me
552 3882 706 3937 enim
742 3877 1298 3954 multiplicabuntur
1325 3880 1448 3935 dies
1474 3877 1581 3946 tui,

363 3958 420 4009 et
450 3954 742 4009 addentur
772 3953 877 4008 tibi
910 3953 1048 4008 anni
1080 3953 1234 4007 vitae.

291 4024 351 4079 Si
385 4026 623 4096 sapiens
653 4025 857 4090 fueris,
890 4024 1241 4095 tibimetipsi
1277 4021 1393 4096 eris
1427 4037 1442 4075 :

366 4098 416 4153 si
446 4090 644 4152 autem
674 4096 905 4163 illusor,
935 4096 1099 4151 solus
1132 4090 1392 4167 portabis
1424 4090 1665 4148 malum.

297 4167 503 4224 Mulier
533 4168 714 4224 stulta
743 4174 802 4223 et
831 4167 1113 4235 clamosa,

372 4240 663 4311 plenaque
693 4238 1006 4306 illecebris,
1039 4232 1107 4294 et'
1127 4236 1271 4292 nihil
1304 4235 1542 4293 omnino
1574 4232 1785 4299 sciens,

298 4312 459 4368 Sedit
488 4313 547 4367 in
578 4312 799 4367 foribus
834 4311 1045 4366 domus
1076 4326 1217 4375 sum,

370 4400 545 4455 super
576 4382 779 4439 sellam
806 4383 867 4437 in
899 4382 1124 4438 excelso
1156 4380 1321 4455 urbis
1353 4378 1500 4445 loco,

297 4454 371 4511 Ut
399 4452 629 4511 vocaret
658 4458 1033 4511 transeuntes
1066 4469 1169 4525 per
1198 4452 1375 4519 viam,

370 4532 430 4582 et
459 4531 762 4598 pergentes
794 4525 1001 4598 itinere
1033 4542 1139 4598 suo
1174 4540 1187 4577 :

297 4599 440 4663 Quis
461 4595 869 4669 est—parvulus
888 4597 915 4652 ?
946 4597 1199 4652 declinet
1228 4595 1299 4650 ad
1333 4609 1445 4648 me.

374 4670 443 4725 Et
470 4670 698 4725 vecordi
734 4670 931 4725 locuta
962 4674 1052 4723 est
1087 4684 1099 4721 :

302 4743 480 4821 Aquas
514 4742 739 4821 furtivas
769 4740 1062 4821 dulciores
1090 4741 1249 4821 sunt2

374 4811 431 4868 et
462 4813 631 4884 panis
664 4811 1066 4884 absconditus,
1086 4811 1342 4867 suavior.

301 4888 375 4941 Et
404 4879 690 4964 ignoravit
718 4884 873 4964 quod
893 4883 983 4964 ibi
1014 4882 1296 4964 gigantes.
1313 4879 1448 4945 sint,

372 4950 518 5012 et'in
551 4950 861 5027 profundis
889 4950 1106 5010 inferni
1135 4951 1383 5009 convivae
1415 4950 1565 5019 ejus.

694 5067 1092 5124 PARABOL/E
1126 5067 1209 5121 SA
1220 5063 1556 5121 LOMONIS.

301 5167 460 5239 [Cap.
495 5167 587 5239 X.]
618 5168 800 5223 Filius
833 5167 1071 5239 sapiens
1102 5166 1357 5239 laetificat
1388 5168 1611 5239 patrem
1650 5178 1663 5215 :

373 5234 533 5295 filius
560 5234 693 5295 vero
725 5234 945 5294 stultus
979 5237 1255 5293 maestitia
1284 5242 1374 5290 est
1392 5234 1613 5291 ’matris
1643 5249 1782 5290 suas.

306 5311 432 5369 Non
468 5311 1079 5383 proderuntgtbesauri
1110 5306 1427 5379 impietatis
1461 5323 1473 5359 :

364 5381 602 5454 justitia
631 5398 765 5437 vero
797 5381 1071 5454 liberabit
1104 5398 1136 5435 a
1170 5385 1371 5454 morte.

306 5447 434 5510 Non
467 5454 688 5518 afﬂiget
717 5454 998 5509 Dominus
1030 5452 1182 5506 fame
1211 5451 1471 5505 animam
1495 5447 1665 5518 justi.

373 5530 429 5581 et
462 5523 709 5581 insidias
741 5524 1059 5595 impiorum
1091 5523 1459 5578 subvertet‘.

375 5672 393 5710 ι
424 5668 665 5723 Addunt
707 5667 971 5739 Vulgata:
1026 5665 1277 5739 codices,
1312 5662 1430 5739 Qui
1462 5663 1667 5717 nititur
1695 5659 1951 5739 __menda-

302 5738 433 5811 aiis,
464 5739 552 5794 hic
579 5741 753 5811 pascit
782 5733 998 5799 viator;
1031 5737 1177 5811 idem
1198 5744 1377 5811 autem
1410 5736 1521 5811 ipse
1548 5733 1800 5811 sequitur
1828 5746 1955 5811 aves

300 5803 591 5874 volantes}
620 5827 745 5883 quas
776 5811 995 5868 nedum
1029 5810 1087 5865 in
1136 5808 1393 5877 Hebraeo,
1423 5803 1524 5863 aed
1559 5808 1617 5861 et
1645 5804 1864 5875 Graeco,
1896 5803 1954 5859 et

1544 247 1759 302 LIBER
1797 245 2389 302 PROVBRBIORUM.

1944 374 2000 440 Α
2031 372 2360 445 Egestatem
2393 375 2631 443 Operata
2662 375 2751 427 est
2782 389 2993 429 manus
3024 375 3271 432 remissa
3303 394 3315 433 :

3528 254 3668 310 1718

2116 450 2170 520 σέ·
2201 460 2410 499 manus
2442 451 2636 520 autem
2669 445 3179 520 fortiumdivitias
3212 453 3399 520 parat.

2031 514 2140 579 Qui
2172 521 2483 591 congregat
2514 516 2572 570 in
2608 532 2815 591 messe,
2850 517 3006 591 filius
3039 514 3275 591 sapiens
3306 528 3395 577 est
3425 538 3439 577 ε

2103 588 2201 657 qui
2235 593 2430 642 autem
2464 588 2657 643 stertit
2686 596 2909 654 aestate,
2944 588 3517 651 filius'confusionis.

2033 659 2370 714 Benedictio
2401 659 2630 714 Domini
2666 676 2843 732 super
2872 668 3048 732 caput
3072 664 3219 731 justi
3247 680 3259 717 :

2105 747 2169 785 os
2202 736 2397 806 autem
2431 731 2749 806 impiorum
2782 731 2969 806 operit
2996 735 3393 806 iniquitatem,

2034 801 2312 857 Memoria
2336 802 2481 871 justi
2512 818 2648 857 cum
2681 801 2979 869 laudibus,

2105 879 2161 927 et
2193 889 2403 927 nomen
2436 874 2755 945 impiorum
2791 880 3105 945 putrcscet.

2033 945 2279 1019 Sapiens
2310 945 2494 1019 corde,
2514 960 2801 1019 praecepta
2832 947 3114 1019 suscipiet
3143 966 3161 1005 τ

2107 1016 2326 1072 stultus
2358 1016 2597 1071 caeditur
2630 1017 2823 1072 labiis.

2038 1087 2144 1151 Qui
2179 1086 2441 1143 ambulat
2472 1088 2839 1160 simpliciter,
2871 1088 3138 1144 ambulat
3168 1090 3529 1146 confidenter
3562 1109 3574 1146 :

2110 1160 2209 1241 qui
2242 1166 2438 1241 autem
2469 1162 2895 1241 deprava_t_via_s
2920 1177 3086 1241 suas,
3121 1163 3472 1219 manifestus
3502 1165 3633 1219 erit.

2038 1231 2147 1294 Qui
2179 1232 2388 1285 annuit
2419 1231 2608 1298 oculo,
2636 1233 2800 1286 dabit
2842 1232 3100 1287 dolorem
3138 1249 3150 1287 :

2112 1303 2330 1357 stultus
2362 1303 2535 1357 labiis
2566 1304 2992 1359 verberabitur.

2040 1376 2203 1429 Vena
2234 1375 2386 1443 vitae,
2421 1391 2485 1429 os
2518 1374 2661 1445 justi
2697 1391 2709 1428 :

2111 1450 2167 1501 et
2197 1462 2259 1500 os
2291 1446 2608 1517 impiorum
2642 1446 2861 1517 operiet
2892 1445 3292 1518 iniquitatem.

2040 1518 2252 1574 Odium
2286 1518 2533 1573 suscitat
2564 1518 2719 1573 rixas
2754 1534 2766 1572 :

2111 1595 2170 1645 et
2202 1589 2476 1646 universa
2506 1589 2720 1645 delicta
2749 1588 2972 1660 opcriet
3001 1588 3280 1645 charitas.

2043 1661 2105 1717 In
2136 1660 2309 1732 labiis
2341 1661 2628 1732 sapientis
2660 1662 2952 1717 invenitur
2979 1660 3275 1732 sapientia
3308 1678 3320 1716 :

1962 1743 2013 1812 Β
2048 1805 2077 1812 _
2114 1737 2176 1812 et
2197 1731 2359 1812 virga
2389 1731 2447 1812 in
2480 1734 2651 1812 dorso
2683 1735 2811 1803 ejus
2844 1731 3198 1812 quiindiget
3229 1733 3424 1788 corde.

2044 1803 2349 1876 Sapientes
2380 1806 2749 1859 abscondunt
2779 1803 3080 1859 scientiam
3116 1803 3129 1858 ἐ

2116 1874 2180 1930 os
2212 1880 2406 1930 autem
2437 1877 2605 1930 stulti
2637 1875 2968 1931 confusioni
3000 1874 3330 1945 proximum
3363 1880 3472 1932 est.

2046 1946 2388 2003 Substantia
2418 1947 2635 2015 divitis,
2669 1948 2808 2002 urbs
2842 1946 3201 2002 fortitudinis
3233 1948 3362 2019 ejus
3398 1964 3411 2003 :

2118 2034 2297 2091 pavor
2327 2035 2673 2090 pauperum,
2706 2024 2935 2091 egestas
2966 2034 3192 2074 eorum.

2048 2090 2373 2161 Opusjusti
2407 2093 2477 2145 ad
2510 2091 2685 2146 vitam
2724 2108 2735 2143 :

2120 2162 2345 2217 fructus
2376 2168 2571 2216 autem
2603 2162 2764 2233 impii
2796 2161 2869 2233 ad
2906 2164 3230 2233 peccatum.

2046 2234 2155 2288 Via
2185 2235 2331 2298 vitae,
2365 2232 2719 2288 custodienti
2750 2232 3120 2303 disciplinam
3156 2248 3169 2286 :

2118 2304 2218 2375 qui
2252 2310 2447 2359 autem
2482 2305 2918 2376 increpationes
2952 2303 3245 2376 relinquit,
3279 2309 3456 2361 errat.

2046 2374 2428 2433 Abscondunt
2457 2374 2664 2431 odium
2692 2375 2846 2431 labia
2877 2374 3178 2431 mendacia
3211 2391 3223 2427 :

2120 2450 2217 2517 qui
2250 2450 2468 2518 profert
2506 2447 2949 2516 contumeliam,
2981 2446 3269 2518 insipiens
3298 2451 3407 2503 est.

2051 2523 2113 2575 In
2149 2519 2520 2590 multiloquio
2549 2527 2864 2591 peccatum
2884 2535 3001 2591 non
3033 2519 3217 2573 deerit
3248 2534 3262 2573 :

2121 2592 2221 2663 qui
2254 2589 2450 2646 autem
2485 2589 2823 2646 moderatur
2852 2589 3009 2644 labia
3037 2606 3165 2656 sua,
3194 2590 3693 2661 prudentissimus

2192 2668 2302 2717 est.

2048 2736 2368 2805 Argentum
2402 2732 2679 2797 electum,
2713 2732 2917 2803 lingua
2942 2730 3137 2805 justi:

2121 2802 2221 2860 cor
2249 2810 2442 2859 autem
2477 2802 2927 2876 impiorumfpro
2960 2802 3164 2858 nihilo.

2053 2877 2235 2932 Labia
2256 2876 2405 2946 justi
2437 2874 2717 2931 erudiunt
2746 2874 3031 2948 plurimos
3068 2890 3080 2927 :

2122 2950 2225 3019 qui
2256 2942 2451 3002 autem
2494 2948 2710 3004 indocti
2746 2942 2925 3012 'sunt,
2957 2947 3015 3000 in
3048 2942 3242 3002 cordis
3286 2946 3540 3015 egestate
3570 2958 3696 2998 mo-

2192 3021 2437 3075 rientur.

1970 3116 2013 3183 c
2053 3087 3081 3183 BaesidiaPaein}.dificilem

2125 3180 2230 3218 nec
2262 3162 2586 3217 sociabitur
2615 3162 2699 3217 eis
2730 3160 2993 3215 afﬂictio.

2053 3236 2227 3300 Quasi
2263 3250 2364 3305 per
2395 3234 2575 3288 risum
2612 3232 2839 3305 stultus
2862 3233 3139 3305 operatur
3168 3228 3360 3305 scelus
3391 3244 3405 3283 :

2008 3326 2017 3338 '
2126 3302 2413 3375 sapientia
2447 3309 2641 3360 autem
2675 3308 2765 3360 est
2791 3303 2914 3375 viro
2946 3302 3280 3375 prudentia.

2052 3373 2213 3442 Quod
2246 3378 2413 3432 timet
2438 3378 2678 3449 impius,
2710 3373 2906 3449 veniet
2935 3373 3112 3449 super
3144 3388 3278 3429 eum
3310 3389 3323 3427 :

2125 3449 2483 3505 desiderium
2518 3445 2693 3503 suum
2719 3447 2901 3519 justis
2931 3445 3190 3519 dabitur.

2054 3520 2229 3585 Quasi
2263 3524 2584 3592 tempestas
2616 3514 2935 3592 transiens,
2967 3534 3081 3592 non
3114 3516 3227 3572 erit
3257 3514 3478 3587 impius
3510 3530 3525 3570 :

2117 3596 2321 3665 justus
2385 3584 2580 3648 autem
2639 3590 2810 3663 quasi
2878 3584 3704 3658 fundamentum'sempiter-

2194 3680 2358 3719 num.

2054 3735 2219 3789 Sicut
2252 3739 2475 3789 acetum
2506 3732 2805 3794 dentibus,
2837 3735 2893 3784 et
2924 3731 3121 3785 fumus
3151 3728 3359 3799 oculis,

2126 3806 2208 3861 sic
2240 3806 2402 3876 piger
2433 3804 2525 3876 bis
2558 3804 2658 3874 qui
2692 3804 2981 3876 miserunt
3011 3817 3167 3856 eum.

2051 3872 2257 3932 Timor
2278 3872 2506 3931 D'omini
2541 3872 2794 3944 apponet
2828 3872 2951 3927 dies
2986 3888 2998 3925 :

2123 3953 2181 4003 et
2212 3947 2351 4003 anni
2380 3945 2698 4017 impiorum
2728 3944 3169 4017 breviabuntur.

2053 4019 2426 4090 Exspectatio
2454 4014 2751 4088 justorum
2782 4014 3031 4090 laetitia;

2126 4085 2259 4162 spes
2290 4085 2487 4146 autem
2521 4085 3108 4162 impiorum_peri_bi_t,

2054 4158 2361 4219 Fortitudo
2394 4158 2681 4232 simplicis
2712 4159 2803 4213 via
2833 4158 3068 4214 Domini

2125 4239 2182 4289 et
2215 4251 2388 4303 pavor
2418 4228 2532 4299 bis,
2564 4233 2663 4302 qui
2696 4235 3015 4301 operantur
3046 4228 3293 4303 malum.

2053 4299 2263 4362 Justus
2295 4306 2353 4359 in
2385 4299 2667 4359 aeternum
2701 4299 2816 4357 non
2849 4299 3316 4356 commovebitur
3347 4312 3360 4351 :

2127 4376 2297 4449 impii
2327 4383 2521 4432 autem
2546 4392 2670 4449 non
2705 4372 3057 4449 habitabunt
3083 4386 3261 4443 super
3290 4373 3531 4438 terram,

2056 4449 2142 4531 Os_
2154 4445 2303 4531 justi
2337 4446 2624 4521 parturiet
2656 4445 3011 4531 sapientiam
3048 4460 3060 4497 :

2128 4516 2677 4592 lingua—pravorum
2713 4516 2945 4592 peribit.

2057 4584 2407 4661 Labia'justi
2440 4584 2815 4644 considerant
2850 4584 3061 4658 placita
3093 4600 3105 4639 :

2114 4669 2183 4719 .et
2212 4679 2276 4718 os
2309 4661 2624 4732 impiorum
2661 4674 2952 4732 perversa.

2056 4734 2210 4807 [ιαρ.
2248 4733 2365 4805 Χῐ.]
2396 4721 2623 4789 'Statera
2663 4721 2883 4801 dolosa,
2912 4726 3269 4784 abominatio
3315 4724 3471 4798 apud
3505 4721 3707 4780 Domi-

2200 4821 2341 4860 num
2380 4822 2391 4858 ;

2127 4883 2183 4932 et
2214 4877 2441 4945 pondus
2470 4889 2699 4945 aequum
2737 4871 3034 4945 voluntas
3066 4868 3217 4939 ejus.

2057 4948 2164 5004 Ubi
2198 4937 2373 5003 fuerit
2402 4937 2697 5009 superbia,
2732 4943 2813 4998 ibi
2844 4943 2955 4998 erit
2986 4944 3043 4995 et
3072 4937 3430 4995 contumelia
3464 4955 3477 4991 :

2130 4966 2164 5004 )1
2198 4964 2373 5003 fuerlt
2402 4964 2468 5001 su
2516 4964 2697 5009 eruta,
2732 4964 2813 4998 ιω
2844 4964 2955 4998 erit,
2986 4964 3043 4995 et.
3072 4964 3353 4995 cornuum

2130 5020 2228 5074 ubi
2263 5024 2455 5074 autem
2478 4964 2814 5079 Iliumilitas,
2845 5012 2926 5068 ibi
2959 5018 3016 5068 et
3044 5010 3353 5083 sapientia.

2058 5090 2419 5161 Simplicitas
2444 5090 2741 5161 justorum
2773 5084 2988 5154 diriget
3018 5098 3118 5137 eos
3153 5099 3166 5138 :

2128 5149 2621 5232 efsupplantatio
2650 5149 3341 5232 perve_rs6_rum_v_astabit
3371 5149 3525 5204 illos.

2060 5234 2184 5290 Non
2219 5224 2539 5305 proderunt
2568 5224 2781 5305 divitias
2803 5228 2880 5305 _in_
2900 5225 2994 5280 die
3024 5224 3265 5305 ultionis
3296 5240 3309 5278 :

2123 5298 2584 5375 jus'titiarautem
2617 5298 2890 5375 liberabit
2919 5314 2953 5375 ᾳ
2986 5299 3191 5375 morte.

2056 5367 2613 5449 Ju'stitiasirnplicis
2643 5370 2856 5441 diriget
2884 5367 3195 5449 viamejus
3230 5380 3243 5419 :

2131 5451 2187 5502 et
2216 5449 2273 5503 in
2306 5446 2601 5517 impietate
2631 5460 2740 5517 sua
2775 5444 3006 5517 corruet
3037 5444 3275 5509 impius.

2059 5519 2303 5575 Justitia
2332 5511 2623 5573 rectorum
2656 5511 2929 5569 liberabit
2959 5525 3057 5565 eos
3092 5526 3105 5565 :

1975 4486 2021 4553 D

2061 5660 2320 5717 melioris
2352 5662 2499 5713 notae
2531 5650 3001 5726 Hieronymianis
3043 5646 3346 5704 codicibus
3379 5648 3555 5716 atque
3585 5642 3701 5699 im-

2063 5732 2282 5807 pressis
2312 5730 2511 5802 Regiis
2540 5727 2740 5783 bibliis
2772 5740 2887 5780 non
2919 5726 3077 5779 sunt.
