4050 6182
361 207 503 265 1319

430 337 488 390 et
515 332 575 389 in
610 332 844 408 insidiis
873 332 1337 408 suiseapientur
1368 334 1580 408 iniqui.

359 407 587 463 Mortuo
617 405 853 481 homine
884 405 1288 481 impio,’nulla
1322 409 1441 481 erit
1462 405 1615 481 ultra
1642 422 1779 481 spes
1813 421 1827 462 :

431 423 587 463 )rtuo
618 423 853 462 nomine
884 423 1090 532 impio,
1124 423 1288 462 nuua
1322 423 1431 463 erit
1462 423 1556 463 uiti

431 483 487 534 et
516 477 871 551 exspectatio
900 494 965 551 so
996 476 1289 551 licitorum
1324 479 1556 551 peribit.

356 550 566 606 Justus
595 548 667 605 de
696 550 973 621 angustia
1002 548 1287 606 liberatus
1317 548 1407 609 est
1440 568 1455 607 :

430 626 486 676 et
515 621 778 675 tradetur
807 620 1028 692 impius
1059 639 1159 691 pro
1191 638 1279 677 eo.

354 692 671 747 Simulator
700 708 797 747 ore
828 693 1047 763 decipit
1077 694 1335 749 amicum
1367 710 1543 749 suum
1578 710 1592 748 :

418 763 569 834 justi
598 767 794 819 autem
830 763 1242 819 liberabuntur
1271 764 1536 821 scientia.

355 836 416 889 In
453 835 621 890 bonis
644 837 943 906 justorum
976 834 1294 891 exsultabit
1318 836 1521 892 civitas
1553 853 1567 891 :

424 911 479 961 et
512 907 568 959 in
604 907 931 977 perditione
962 908 1273 978 impiorum
1305 907 1415 963 erit
1442 906 1726 964 laudatio.

350 976 762 1033 Benedictione
785 976 1083 1049 justorum
1114 978 1464 1035 exaltabitur
1494 980 1699 1036 civitas
1733 994 1747 1033 :

422 1054 479 1121 et
507 1066 604 1105 ore
636 1049 955 1121 impiorum
990 1052 1382 1106 subvertetur.

347 1120 465 1194 Qui
489 1120 738 1192 despicit
769 1124 1024 1177 amicum
1058 1139 1256 1185 suum,
1291 1122 1563 1194 indigens
1594 1121 1770 1177 corde
1800 1123 1886 1177 est
1919 1137 1934 1177 :

420 1192 506 1246 vir
536 1198 728 1259 autem
764 1194 1019 1265 prudens
1048 1194 1280 1248 tacebit.

344 1265 451 1330 Qui
483 1265 744 1319 ambulat
766 1263 1197 1332 fraudulenter,
1230 1263 1446 1319 revelat
1476 1280 1691 1319 arcana
1729 1279 1744 1318 :

415 1335 512 1406 qui
549 1341 743 1391 autem
779 1336 968 1393 ﬁdelis
998 1337 1072 1391 sit
1102 1336 1303 1403 animi,
1328 1336 1478 1392 celat
1506 1336 1680 1392 amici
1712 1332 1993 1390 commis-

494 1423 645 1461 sum.

346 1477 453 1534 Ubi
486 1496 603 1550 non
636 1482 721 1533 est
749 1478 1122 1549 gubernator,
1156 1477 1409 1550 populus
1441 1481 1670 1534 corruet
1703 1492 1717 1532 :

413 1549 574 1605 salus
604 1555 801 1604 autem
835 1550 936 1605 ubi
971 1549 1452 1605 multa'consilia.

340 1621 646 1693 Afﬂigetur
679 1620 854 1690 malo,
886 1622 983 1693 qui
1018 1623 1191 1676 fidem
1229 1622 1363 1677 facit
1397 1637 1498 1692 pro
1530 1625 1802 1693 extraneo
1836 1636 1851 1675 :

413 1692 514 1763 qui
546 1697 742 1747 autem
774 1699 938 1747 cavet
973 1692 1239 1763 laqueos,
1270 1709 1515 1748 securus
1540 1692 1671 1747 erit.

343 1762 846 1846 Muliergratiosa
870 1762 1155 1846 inveniet}
1331 1763 1591 1834 habebit}
1618 1762 1862 1835 gloriam
1896 1779 1909 1817 :

411 1840 467 1890 et
498 1835 722 1890 robusti
755 1835 1055 1890 habebunt
1086 1835 1341 1891 divitias.

335 1907 629 1962 Bcnefacit
659 1907 864 1962 anima:
897 1924 1015 1962 suae
1046 1907 1136 1960 vir
1164 1906 1496 1963 misericors
1531 1920 1544 1959 :

404 1978 502 2049 qui
535 1983 730 2033 autem
764 1979 1019 2051 crudelis
1051 1983 1171 2051 est,
1193 1983 1251 2034 et
1278 1979 1640 2051 propinquos
1670 1974 1893 2046 abjicit.

336 2052 558 2127 Impius
593 2051 730 2127 facit
758 2067 905 2121 opus
935 2049 1213 2127 instabile
1247 2049 1293 2103 τί
1388 2049 1401 2051 ἡ
1556 2118 1582 2127 Α
1609 2117 1625 2127 _
1671 2117 1703 2127 η

403 2117 717 2177 ἐθωὶηιωιί
742 2117 939 2177 autem
963 2121 1262 2193 justitiam
1297 2136 1518 2176 merces
1551 2117 1763 2173 fidelis.

333 2192 657 2248 Clementia
689 2192 977 2263 praeparat
1004 2193 1183 2247 vitam
1218 2209 1231 2246 :

404 2271 463 2319 et
495 2264 733 2319 sectatio
766 2263 1055 2319 malorum
1093 2268 1361 2319 mortem.

334 2334 741 2407 Abominabile
772 2336 1018 2407 Domino
1050 2349 1423 2407 pravumcor
1455 2348 1468 2385 :

404 2406 760 2530 etlvoltuntas
808 2407 936 2478 ejus
987 2400 1067 2461 in'
1101 2406 1190 2476 iis,
1224 2405 1323 2477 qui
1374 2400 1723 2475 simpliciter
1768 2401 1975 2458 ambu-

498 2494 568 2530 an
605 2519 618 2530 .

498 2482 618 2533 ant.

332 2548 542 2605 Manus
574 2548 631 2604 in
666 2564 841 2604 manu
876 2564 990 2603 non
1018 2547 1129 2603 erit
1161 2547 1443 2602 innocens
1474 2542 1689 2600 malus.

400 2637 599 2675 semen
633 2625 829 2675 autem
856 2622 1155 2689 justorum
1189 2619 1530 2674 salvabitur.

327 2692 595 2747 Circulus
628 2708 841 2747 aureus
875 2694 933 2746 in
967 2692 1209 2747 naribus
1239 2690 1365 2746 suis
1401 2706 1414 2743 :

398 2763 607 2819 mulier
636 2764 882 2835 pulchra
912 2770 969 2817 et
1000 2763 1178 2817 fatua.

326 2832 684 2891 Desideriuin
711 2836 1007 2905 justorum
1040 2849 1212 2889 omne
1244 2832 1463 2888 bonum
1495 2835 1586 2887 est
1616 2848 1630 2887 :

397 2906 751 2989 praestolatio
781 2906 1101 2989 impiorum
1135 2905 1314 2989 furor.

320 2974 435 3033 Alii
469 2979 735 3034 dividunt
768 2974 1025 3049 propria,
1055 2983 1112 3033 et
1140 2977 1383 3032 ditiores
1416 2974 1567 3049 fiunt
1598 2989 1612 3026 :

392 3050 488 3129 alii
524 3044 1062 3135 rapiunt'non‘sua,
1087 3052 1142 3130 et
1172 3046 1773 3135 semperri‘negestate
1803 3044 1964 3099 sunt.
1997 3068 2041 3135 ρ

322 3124 557 3187 Anima,
582 3117 708 3192 quae
742 3120 1051 3185 benedicit,
1084 3117 1597 3192 imping’uabiturg:

390 3198 449 3247 et
477 3186 577 3264 qui
600 3186 882 3261 inebriat,
913 3192 1041 3261 ipse
1072 3186 1305 3264 quoque
1332 3186 1743 3264 inebriabitur.

320 3264 426 3329 Qui
460 3255 768 3319 abscondit
812 3255 1125 3328 frumenta,
1161 3255 1543 3317 m'aledicetur
1569 3258 1631 3313 in
1679 3255 1914 3328 populis
1948 3270 1963 3311 :

384 3334 712 3391 benedictio
743 3340 937 3390 autem
970 3350 1149 3404 super
1179 3337 1357 3403 caput
1388 3329 1791 3404 vendentium.

316 3405 469 3462 Bene
499 3407 801 3477 consurgit
832 3403 1092 3461 diluculo
1123 3406 1223 3476 qui
1249 3404 1468 3477 quaerit
1496 3403 1651 3457 bona
1685 3416 1699 3454 :

390 3470 1438 3604 quibautem'investigatormalorum
1464 3478 1573 3541 est,
1598 3470 1965 3544 opprimetur

462 3564 494 3603 a
566 3564 671 3604 eis.

462 3564 533 3604 au
566 3564 671 3604 OIS.

385 3618 490 3681 Qui
524 3619 766 3675 confidit
798 3619 856 3673 in
888 3617 1132 3681 divitiis,
1163 3619 1396 3672 corruet
1426 3632 1440 3671 :

374 3689 524 3770 justi
557 3696 758 3770 autem
784 3691 954 3770 quasi
982 3689 1175 3745 virens
1202 3688 1407 3743 folium
1439 3685 1874 3770 genmninabunt.

313 3759 421 3825 Qui
452 3762 767 3818 conturbat
797 3759 1038 3817 domum
1071 3777 1263 3827 suam,
1299 3759 1621 3831 possidebit
1649 3763 1848 3814 ventos
1882 3772 1897 3811 :

382 3838 440 3887 et
465 3834 565 3905 qui
598 3833 815 3905 stultus
845 3837 952 3899 est,
987 3831 1199 3888 serviet
1229 3832 1501 3903 sapienti.

312 3903 563 3961 Fructus
586 3905 734 3975 justi
768 3903 998 3975 lignum
1030 3905 1157 3958 vita:
1193 3920 1206 3957 :

380 3979 438 4031 et
467 3976 566 4046 qui
599 3974 850 4047 suscipit
880 3976 1107 4031 animas
1136 3975 1372 4046 sapiens
1402 3974 1511 4029 est.

307 4047 365 4101 Si
392 4050 593 4115 justus
625 4048 682 4103 in
715 4053 869 4103 terra
900 4047 1106 4117 recipit
1138 4063 1151 4101 :

383 4118 1080 4201 ειυεῑειὶομξιεείλλιηρίρε
1110 4118 1512 4201 Nemea?

308 4183 628 4271 [Cap._X[I._]
648 4183 963 4271 Quidiligit
989 4183 1591 4271 disciplinam,.dil_ig_it
1607 4183 1948 4271 scientiam:

380 4256 480 4344 qui
513 4256 704 4318 autem
738 4256 1349 4344 odit‘in'crepa't‘iones,
1382 4256 1667 4344 insipiens
1697 4262 1803 4313 est.

308 4328 417 4395 Qui
448 4332 638 4388 bonus
670 4338 778 4399 est,
806 4332 1038 4387 hauriet
1064 4328 1096 4387 a
1128 4330 1373 4387 Domino
1403 4328 1648 4400 gratiam
1669 4344 1699 4400 _:

1390 212 1450 265 Β.
1492 207 1902 267 ΗῙΕΒΟΝῩΜΙ
1939 205 2195 263 Βινιιυ
2231 202 2727 260 BIBLIOTHECA.

3626 218 3768 275 1320

2035 332 2091 399 Α
2120 328 2399 387 Doctrina
2427 346 2537 387 sua
2568 330 2843 386 nascetur
2866 329 2957 385 vir
2988 344 3006 387 :

2191 401 2521 527 quitautem
2548 418 2734 458 vanus
2765 406 2823 459 et
2852 416 3056 460 excors
3104 408 3215 474 est,
3255 410 3479 479 patebit
3506 418 3769 473 contem-

2262 490 2297 527 n
2329 489 2408 527 ui.

2329 489 2408 528 ιιι.

2115 490 2439 600 Μριίἕιξιὲέι
2470 559 2693 616 pauper
2728 545 3120 616 etgsufﬁciens
3150 548 3289 616 sibi,

2186 631 2363 691 quam
2390 614 2686 691 gloriosus
2716 621 2773 671 et
2796 614 3070 691 indigens
3102 635 3271 691 pane.

2110 686 2506 757 Novitjus’tus
2538 688 2794 743 animam
2821 686 3232 759 jumentorum
3271 710 3513 755 suorum
3550 716 3563 755 :

2182 760 2407 814 viscera
2436 764 2632 814 autem
2667 759 2979 831 impiorum
3012 764 3295 819 crudelia.

2109 831 2219 899 Qui
2259 835 2535 911 operatur
2563 836 2779 911 terram
2814 848 3007 911 suam,
3040 835 3354 911 satiabitur
3392 842 3647 911 panibus
3682 861 3698 901 :

2181 903 2279 1029 Ἑιὶ
2320 908 2518 957 autem
2552 908 2809 957 sectatur
2838 904 3048 970 otium,
3081 903 3474 967 stultissimus
3504 922 3596 969 est
3616 916 3662 969 ³.

2242 973 2562 1029 esiderium
2582 973 2747 1029 imnii
2767 976 3202 1029 munimentum
3222 987 3311 1029 est
3328 985 3657 1029 nensimnrn

2122 979 2176 1040 ’ἐ
2192 973 2562 1054 Desiderium
2582 973 2747 1054 impii
2767 976 3203 1054 munimentum
3222 987 3311 1036 est
3326 985 3757 1054 pessimorum:

2180 1046 2344 1102 radix
2374 1050 2569 1100 autem
2594 1045 2895 1119 justorum
2934 1048 3220 1119 proficiet,

2105 1122 2347 1195 Pr0pter
2378 1120 2613 1195 peccata
2643 1117 2952 1195 labiorum
2966 1120 3137 1175 ruina
3168 1123 3457 1195 proximat
3487 1128 3643 1185 malo
3680 1146 3694 1186 ε

2174 1189 2412 1260 effugiet
2438 1194 2633 1262 autem
2657 1190 2863 1261 justus
2893 1191 2965 1245 de
2990 1189 3282 1262 angustia.

2102 1261 2183 1317 De
2217 1258 2408 1338 fructu
2443 1258 2560 1315 oris
2592 1258 2683 1315 sui
2725 1258 3139 1333 unusquisque
3170 1266 3491 1338 replebitur
3520 1271 3717 1337 bonis.

2173 1338 2229 1387 et
2248 1332 2419 1402 juxta
2447 1348 2622 1402 opera
2662 1332 2941 1388 manuum
2974 1332 3611 1399 suarum-retribuetur
3640 1332 3716 1399 ei:

2100 1404 2206 1459 Via
2237 1404 2401 1477 stulti
2435 1407 2591 1458 recta
2623 1402 2680 1477 in
2714 1404 2901 1460 oculis
2930 1406 3059 1477 ejus
3093 1422 3106 1461 :

2170 1475 2270 1547 qui
2297 1480 2495 1547 autem
2528 1476 2762 1547 sapiens
2792 1483 2901 1543 est,
2935 1475 3102 1534 audit
3130 1480 3398 1538 consilia.

2099 1544 2315 1604 Fatuus
2347 1544 2542 1601 statim
2577 1544 2798 1602 indicat
2827 1547 2972 1604 iram
3014 1566 3184 1605 suam
3217 1568 3231 1606 :

2168 1618 2270 1701 qui
2303 1623 2496 1701 autem
2538 1617 2879 1701 dissimulat
2921 1619 3223 1701 iniuriam,
3255 1622 3509 1701 callidus
3537 1632 3627 1683 est
3660 1644 3676 1684 :

2015 1709 2063 1774 B
2096 1687 2203 1758 Qui
2234 1690 2391 1774 quod
2423 1689 2584 1743 novit
2613 1687 2893 1774 loquitur,
2918 1687 3091 1774 inde:
3114 1687 3403 1774 {iustitiae
3436 1702 3528 1753 est
3560 1716 3573 1753 :

2164 1779 2259 1833 qui
2287 1767 2481 1817 autem
2516 1761 2812 1833 mentitur,
2857 1764 3025 1819 testis
3055 1768 3145 1819 est
3160 1761 3609 1826 'fraudulentus.

2091 1832 2197 1890 Est
2222 1832 2684 1958 qgielptiigmittit,
2716 1838 2774 1889 et
2818 1834 2985 1907 quasi
3037 1834 3229 1908 gladio
3277 1842 3563 1913 pungitur
3599 1859 3747 1899 con-

2303 1922 2317 1958 ι
2526 1920 2539 1958 :

2236 1920 2491 1961 εοιθηιιω
2526 1920 2539 1958 ζ

2162 1975 2367 2047 lingua
2396 1980 2593 2030 autem
2624 1973 2978 2047 sapientium
3011 1977 3235 2035 sanitas
3258 1985 3367 2036 est.

2090 2046 2337 2124 Labium
2369 2047 2631 2124 veritatis
2649 2046 2896 2124 firmum
2928 2048 3039 2104 erit
3067 2049 3126 2124 in
3160 2058 3508 2124 perpetuum
3545 2071 3561 2108 :

2160 2120 2258 2191 qui
2284 2123 2481 2174 autem
2526 2117 2827 2192 testishest
2867 2117 3229 2192 repentinus,
3260 2117 3578 2182 concinnat
3622 2127 3746 2184 lin-

2229 2205 2405 2263 guam
2441 2188 2751 2263 mendacii.

2086 2259 2268 2319 Dolus
2300 2263 2359 2317 in
2390 2262 2563 2318 corde
2593 2260 2978 2333 cogitantium
3009 2263 3186 2331 mala,

2157 2334 2259 2405 qui
2307 2338 2499 2459 atatem
2555 2333 2760 2389 ineunt
2805 2334 2969 2406 pacis
3018 2336 3287 2407 consilia,
3319 2340 3589 2412 sequitur
3638 2358 3743 2399 eos

2228 2421 2340 2459 gau
2388 2421 2533 2459 ium.

2268 2421 2533 2460 auuium.

2084 2475 2209 2549 Non
2227 2421 2616 2532 ἷῖἶῗῖἷῗὲωι
2639 2476 2869 2549 justum
2902 2477 3188 2549 quidquid
3222 2480 3273 2537 ei
3300 2482 3580 2540 acciderit
3613 2500 3631 2541 :

2156 2547 2319 2619 impii
2349 2552 2545 2603 autem
2580 2548 2965 2619 replehuntur
2996 2547 3173 2606 malo.

2082 2618 2453 2675 Abominatio
2485 2618 2732 2675 Domino
2763 2618 2922 2674 labia
2955 2621 3257 2678 mendacia
3292 2638 3307 2678 :

2153 2692 2254 2762 qui
2286 2698 2480 2746 autem
2501 2688 3249 2774 _fideliter‘agunt,_placent
3277 2693 3351 2751 ei.

2080 2760 2264 2818 Homo
2320 2767 2591 2818 versutus
2647 2761 2796 2817 celat
2828 2760 3187 2820 scientiam:

2150 2840 2209 2890 et
2237 2850 2337 2889 cor
2365 2834 2769 2904 insipientium
2800 2843 3072 2904 provocat
3102 2835 3438 2894 stultitiam.

2077 2907 2283 2961 Manus
2314 2905 2548 2960 fortium
2583 2904 2988 2961 dominabitur
3020 2923 3033 2961 :

2148 2993 2276 3048 quae
2309 2981 2506 3032 autem
2540 2977 2788 3048 remissa
2816 2981 2908 3048 est
2934 2977 3174 3033 tributis
3211 2981 3436 3037 serviet.

2079 3046 2291 3104 Maeror
2321 3049 2379 3104 in
2413 3049 2585 3122 corde
2612 3048 2729 3122 viri
2751 3046 3082 3122 humiliabit
3115 3048 3305 3122 illum,

2150 3124 2206 3175 et
2236 3136 2505 3176 sermone
2533 3120 2685 3175 bono
2716 3118 3126 3175 lietiﬁcabitur.

2077 3190 2186 3267 Qui
2219 3191 2458 3264 negligit
2496 3192 2779 3267 damnum
2810 3196 3045 3267 propter
3069 3192 3349 3265 amicum,
3363 3195 3569 3267 justus
3601 3203 3736 3256 est:

2146 3265 2255 3318 iter
2285 3262 2479 3318 autem
2515 3262 2830 3335 impiorum
2861 3262 3110 3335 decipiet
3137 3281 3255 3320 eos.

2073 3332 2200 3389 Non
2235 3334 2486 3390 inveniet
2530 3332 2939 3390 fraudulentus
2977 3332 3205 3391 lucrum
3243 3352 3255 3392 :

2143 3411 2199 3461 et
2228 3404 2560 3479 substantia
2590 3405 2849 3479 hominis
2880 3406 2991 3461 erit
3021 3407 3149 3462 auri
3180 3409 3454 3479 pretium.

2074 3475 2150 3548 In
2176 3478 2385 3533 semita
2405 3477 2671 3548 justitiie,
2704 3476 2819 3531 vita
2854 3492 2869 3530 :

2140 3547 2251 3603 iter
2281 3554 2476 3604 autem
2508 3548 2742 3605 devium
2773 3548 2935 3603 ducit
2964 3548 3036 3603 ad
3069 3557 3330 3607 mortem.

2068 3618 2427 3695 {Cap._XllI.]
2459 3618 2638 3695 Filius
2678 3620 2936 3691 sapiens,
2969 3620 3235 3695 doctrina
3266 3621 3451 3695 patris
3485 3640 3499 3677 :

2140 3691 2239 3761 qui
2272 3691 2705 3765 autem‘illusor
2731 3696 2991 3765 est,_no_n
3024 3692 3186 3765 audit
3213 3691 3355 3765 cum
3387 3696 3686 3765 arguitur.

2066 3760 2368 3818 De’lructu
2399 3763 2518 3818 oris
2545 3766 2719 3818 homo
2750 3762 3059 3819 satiabitur
3088 3763 3259 3820 bonis
3288 3781 3302 3819 :

2136 3834 2335 3890 anima
2359 3841 2554 3906 autem
2588 3835 3095 3906 praevaricatorum
3126 3834 3353 3906 iniqua.

2062 3903 2169 3968 Qui
2202 3905 2458 3961 custodit
2487 3923 2552 3962 os
2583 3903 2778 3973 suum,
2813 3907 3071 3961 custodit
3099 3903 3355 3962 animam
3387 3925 3559 3964 suam
3599 3926 3614 3964 :

2134 3978 2233 4048 qui
2288 3982 2481 4033 autem
2541 3978 3013 4035 inconsideratus
3053 3982 3145 4033 est
3194 3979 3267 4034 ad
3319 3980 3717 4051 loquendum,

2203 4049 2415 4103 sentiet
2445 4049 2617 4103 mala.

2203 4049 2415 4104 sentiet
2445 4049 2617 4105 mala.

2060 4116 2283 4193 Vultet
2313 4137 2428 4176 non
2461 4120 2583 4177 vult
2612 4119 2775 4193 piger
2808 4136 2822 4174 :

2130 4191 2326 4247 anima
2356 4197 2550 4248 autem
2582 4189 2948 4263 operantium
2992 4189 3487 4263 impinguabitur.

2058 4260 2311 4335 Verbum
2346 4264 2596 4320 mendax
2615 4264 2820 4335 justus
2844 4260 3240 4335 detestabitu'r
3270 4280 3285 4317 :

2128 4332 2348 4405 impius
2375 4340 2571 4391 autem
2602 4332 2928 4400 confundit,
2962 4339 3018 4389 et
3046 4335 3458 4391 confundetur.

379 4403 479 4475 qui
512 4410 706 4504 aptam
744 4397 988 4460 confidit
1017 4404 1075 4458 in
1106 4397 1560 4474 cogitationibus
1589 4398 1737 4467 suis,
1768 4397 1947 4472 impie
1986 4437 2031 4504 Β
2055 4397 2583 4504 Justitia‘custodit
2614 4397 2942 4504 innocentis
2972 4405 3124 4460 viam
3160 4422 3173 4459 :

450 4476 589 4545 agit.

304 4544 429 4599 Non
463 4543 836 4602 roborahitur
864 4546 1039 4602 homo
1071 4562 1140 4601 ex
1172 4543 1473 4616 impietate
1506 4559 1520 4597 :

378 4620 435 4687 et
465 4617 942 4687 radixjustorum
976 4634 1092 4672 non
1125 4616 1608 4672 commovebitur.

307 4685 518 4743 Mulier
546 4685 820 4760 diligens,
852 4705 1067 4744 corona
1095 4692 1183 4744 est
1213 4688 1333 4743 viro
1366 4704 1472 4744 suo
1506 4703 1519 4741 :

379 4756 713 4885 ettputred'o
752 4756 843 4885 int
859 4761 1094 4815 ossibus
1122 4760 1273 4831 ejus,
1306 4775 1435 4832 qua:
1483 4756 1825 4814 confusione
1854 4773 1948 4815 res

492 4848 662 4885 ignas
692 4848 813 4885 neri
849 4872 862 4885 .

492 4832 662 4904 ignas
691 4832 862 4904 gerit.

305 4899 1025 4974 Cogitationestustorum
1048 4900 1275 4974 judicia
1306 4918 1323 4974 _:

375 4977 433 5046 et
465 4972 1057 5046 consilia—impiorum
1090 4972 1483 5046 fraudulenta.

302 5040 492 5118 Verba
510 5040 1521 5118 impiorum’insidiantursanguini:

372 5131 436 5169 os
459 5116 756 5187 justorum
792 5116 1058 5172 liberabit
1087 5132 1206 5170 eos.

300 5183 478 5260 Verte
502 5188 740 5260 impios,
765 5194 822 5245 et
844 5205 956 5243 non
989 5191 1165 5242 erunt
1196 5203 1209 5239 :

371 5256 1105 5331 domusautemjustorum
1129 5256 1514 5330 permanebit.

370 5399 387 5471 ξ
414 5398 529 5471 Pro
560 5402 825 5464 inveniet,
878 5399 1099 5468 aliquot
1147 5415 1289 5454 mss.
1322 5398 1551 5454 codices
1572 5397 1808 5471 legunt,
1841 5399 1944 5456 ha-

299 5468 461 5525 bebit.
487 5473 682 5528 Ganon
710 5472 1104 5527 Memmianus
1132 5475 1446 5541 utramque
1476 5468 1687 5526 retinet
1714 5471 1945 5527 varian-

295 5543 411 5615 tem
447 5541 753 5600 lectionem
800 5544 859 5599 in
906 5547 1203 5603 contextu.
1237 5540 1475 5611 habebit,
1507 5547 1565 5599 et
1595 5542 1655 5597 in
1682 5544 1945 5615 margine

298 5612 561 5669 inveniet.
596 5616 783 5671 ΜΑιιτ.

368 5681 485 5769 flii
524 5685 786 5769 Vulgata;
818 5683 1176 5769 editionibus
1208 5684 1473 5769 arddit'um
1506 5688 1595 5769 est
1627 5701 1640 5738 :
1675 5685 1783 5769 Qui
1807 5704 1944 5769 mtt-

295 5750 378 5803 vi:
403 5756 483 5807 est
512 5754 570 5809 in
602 5750 721 5812 υἷηί
749 5757 1212 5813 demoralionibu:
1240 5755 1418 5827 [male
1440 5750 1942 5830 quidam'legunt,

2130 4477 2402 4549 impietas
2435 4482 2629 4535 autem
2662 4482 3020 4549 peccatorem
3052 4475 3411 4548 supplantat.

2058 4548 2128 4604 Et
2157 4547 2327 4619 quasi
2358 4549 2542 4618 dives,
2573 4547 2707 4605 cum
2741 4547 2883 4603 nihil
2917 4547 3175 4604 habeat:

2128 4618 2191 4704 et
2214 4625 2303 4676 est
2325 4622 2776 4704 _quasi.pauper,
2809 4620 3033 4704 cum-in
3068 4618 3273 4675 multis
3313 4620 3533 4679 divitiis
3566 4625 3670 4679 sit.

2059 4689 2401 4763 Redemptio
2434 4689 2640 4749 animai
2662 4689 2800 4760 'viri,
2834 4690 3050 4763 divitia
3079 4708 3201 4747 suae
3234 4708 3247 4745 :

2126 4764 2232 4836 qui
2256 4761 2454 4820 autem
2499 4779 2721 4836 pauper
2766 4768 2873 4826 est,
2905 4761 3361 4835 increpationem
3394 4780 3511 4820 non
3563 4782 3714 4823 sus-

2196 4835 2363 4891 tinet.

2057 4903 2179 4977 Lux
2201 4906 2499 4977 justorum
2532 4905 2790 4961 laetificat
2816 4919 2831 4959 :

2124 4974 2363 5034 lucerna
2391 4982 2586 5033 autem
2620 4977 2937 5049 impiorum
2965 4974 3396 5049 exstinguetur.

2055 5049 2220 5121 Inter,
2242 5050 2527 5120 superbos
2557 5046 2791 5121 semper
2819 5046 3018 5119 jurgia
3049 5046 3189 5103 sunt
3217 5063 3231 5103 :

2125 5119 2223 5191 qui
2258 5118 2451 5177 autem
2479 5126 2662 5193 agunt
2689 5118 2902 5176 cuneta
2934 5118 3073 5175 cum
3116 5118 3384 5191 consilio,
3416 5123 3711 5191 reguntur

2196 5192 2505 5248 sapientia.

2053 5210 2702 5320 Subsﬁglt‘iztlgstinata
2731 5260 3031 5316 minuetur
3063 5276 3077 5315 :

2052 5404 2550 5477 moderationibus]
2583 5406 2639 5459 in
2664 5405 2786 5477 suis
2828 5400 3238 5477 munitionibus
3266 5402 3540 5477 relinquit
3567 5421 3703 5459 con-

2052 5476 2357 5532 tumeliam.
2391 5473 2732 5542 Quae'verba
2775 5491 2845 5529 ex
2887 5473 3100 5529 Graecis
3129 5473 3568 5545 exemplaribus
3602 5490 3705 5545 pe-

2051 5548 2178 5616 tita,
2211 5548 2506 5614 Hebraeus,
2538 5564 2605 5603 ac
2649 5546 3109 5617 Ilieronymianae
3146 5544 3436 5600 versionis
3467 5544 3706 5602 codices

2052 5619 2223 5691 plane
2255 5621 2546 5691 ignorant.

2120 5691 2141 5725 ³
2171 5684 2417 5755 Quidam
2450 5690 2591 5748 editi
2624 5684 3110 5758 libri,Latinique
3143 5686 3497 5760 Interpretes
3517 5690 3707 5760 Jude:

2050 5778 2155 5836 pro
2185 5762 2358 5820 index
2386 5763 2611 5836 legunt,
2643 5760 2800 5818 haud
2833 5763 3007 5815 recte.
