4050 6182
242 195 377 251 1321

1520 203 1735 258 LIBER.
1771 200 2364 265 PBOVERBIORUM.

3510 210 3653 270 1322

311 320 655 405 quae-autem
678 318 964 390 paulatim
987 318 1283 392 colligitur
1305 338 1506 393 manu,
1532 324 1700 380 multi
1710 324 1889 397 plica-
1919 327 1974 394 Α
2075 333 2311 405 astutus
2341 330 2671 388 considerat
2696 348 2936 405 gressus
2958 350 3097 390 suos
3126 335 3167 391 ³.

384 390 546 447 bitur

241 463 389 533 Spes
420 478 548 534 quae
581 461 867 535 diﬁ'ertur,
903 462 1112 535 afﬂigit
1141 465 1399 521 animam
1426 483 1439 522 :

317 534 718 607 lignumivitie
736 534 1097 607 desiderium
1131 539 1394 593 veniens.

241 605 639 683 Qui—detrahit
670 605 845 683 alicui
879 606 1115 677 rei,ipse
1145 608 1205 663 in
1238 610 1502 683 futurum
1537 610 1758 683 obligat
1788 628 1889 667 se:

314 678 416 752 qu_i
448 683 650 752 autem
675 678 1230 752 timet_praaceptum
1264 680 1321 735 in
1359 698 1494 752 pace
1524 678 1888 739 versabitur‘

385 749 495 805 Lex
518 749 972 821 rsapientisifons
1003 750 1152 821 vitae,

310 825 375 875 ut
405 819 657 877 declinet
687 838 720 875 a
752 819 922 876 ruina
954 819 1179 877 mortis.

242 894 518 949 Doctrina
549 894 703 948 bona
729 892 893 948 dabit
921 893 1166 961 gratiam
1194 910 1207 947 :

312 964 372 1018 in
403 965 609 1020 itinere
638 969 1108 1038 contemptorum
1143 982 1375 1038 vorago.

246 1037 483 1092 Astatus
513 1038 713 1091 omnia
741 1037 861 1107 agit
891 1052 1024 1091 cum
1058 1037 1340 1092 consilio:

312 1108 413 1179 qui
444 1114 640 1163 autem
674 1107 871 1162 fatuus
902 1112 1010 1177 est,
1045 1109 1233 1179 aperit
1262 1107 1595 1165 stultitiam.

242 1178 502 1235 Nuntius
536 1178 703 1246 impii
726 1180 893 1235 cadet
916 1179 975 1233 in
1016 1178 1262 1235 malum.

312 1251 541 1322 legatus
573 1249 763 1306 ﬁdelis
793 1250 1038 1305 sanitas.

242 1320 483 1397 Egestas
513 1327 569 1378 et
598 1321 924 1397 ignominia
962 1322 1013 1376 ei
1050 1321 1171 1397 _qui_
1216 1322 1437 1397 deserit
1476 1324 1892 1397 disciplinam:

313 1391 414 1465 qui
446 1391 768 1464 acquiescit
798 1391 1094 1465 arguenti,
1119 1391 1563 1463 gloriﬁcabitur.

238 1465 606 1522 Desiderium
631 1465 680 1520 si
714 1466 1097 1534 compleatur,
1130 1465 1381 1521 delectat
1412 1469 1670 1523 animam
1698 1482 1711 1523 :

312 1538 682 1593 detestantur
711 1538 878 1591 stulti
912 1554 1031 1604 eos,
1065 1538 1167 1607 qui
1200 1538 1435 1609 fugiunt
1468 1540 1641 1595 mala.

241 1611 347 1674 Qui
382 1626 515 1664 cum
548 1609 914 1682 sapientibus
942 1609 1230 1682 graditur,
1262 1610 1498 1682 sapiens
1530 1612 1675 1667 erit:

312 1682 540 1737 amicus
570 1679 887 1736 stultorum
919 1679 1207 1734 efﬁcietur
1240 1679 1475 1739 similis.

238 1752 577 1808 Peccatores
609 1752 979 1824 persequitur
1010 1750 1255 1819 malum,

312 1829 369 1879 et
391 1824 571 1894 justis
602 1823 1002 1878 retribuentur
1028 1824 1199 1894 bona.

237 1893 435 1952 Bonus
467 1895 749 1967 relinquit
780 1894 1040 1967 heredes
1073 1893 1249 1967 ﬁlios,
1281 1899 1338 1950 et
1367 1898 1643 1967 nepotes:

310 1973 368 2039 et
398 1968 727 2022 custoditur
748 1968 915 2039 justo
946 1966 1280 2022 substantia
1310 1966 1653 2039 peccatoris.

239 2038 403 2094 Multi
435 2039 550 2094 cibi
584 2038 641 2093 in
680 2038 989 2093 novalibus
1024 2042 1256 2108 patrum
1284 2054 1295 2091 :

312 2117 369 2166 et
398 2110 531 2182 aliis
560 2110 1236 2182 congreganturabsque
1259 2108 1504 2180 judicio.

244 2182 354 2247 Qui
383 2181 567 2250 parcit
598 2180 801 2250 virgae,
826 2181 951 2235 odit
982 2180 1169 2235 ﬁlium
1203 2198 1417 2236 suum:

316 2254 418 2323 qui
450 2258 644 2308 autem
677 2251 873 2323 diligit
898 2253 1085 2320 illum,
1119 2253 1405 2308 instanter
1434 2251 1645 2307 erudit.

241 2326 451 2382 Justus
485 2324 763 2394 comedit,
791 2330 847 2379 et
868 2324 1053 2395 replet
1083 2324 1337 2379 animam
1372 2340 1576 2379 suam:

312 2403 513 2452 venter
538 2402 735 2451 autem
769 2395 1085 2465 impiorum
1120 2395 1543 2450 insaturabilis.

253 2469 406 2539 (Cap.
438 2466 614 2539 XIV.)
647 2468 886 2536 Sapiens
918 2466 1130 2521 mulier
1160 2468 1407 2521 aediﬁcat
1430 2468 1670 2521 domum
1705 2482 1899 2535 suam,

389 2538 671 2610 insipiens
695 2544 1053 2594 exstructam
1073 2554 1308 2610 quoque
1324 2539 1897 2595 destruetmanibus.

244 2609 571 2667 Ambulans
602 2616 757 2667 recto
790 2610 1015 2678 itinere,
1060 2615 1118 2665 et
1144 2609 1361 2666 timens
1388 2611 1591 2676 Deum,

316 2681 640 2754 despicitur
672 2684 742 2737 ab
774 2699 839 2737 eo
873 2682 971 2753 qui
1006 2681 1210 2754 infami
1240 2681 1510 2754 graditur
1540 2682 1648 2737 via.

248 2758 312 2809 In
346 2752 445 2809 ore
475 2753 637 2809 stulti
666 2755 833 2825 virga
856 2752 1145 2823 superbia:
1172 2771 1184 2807 :

315 2825 474 2881 labia
503 2829 699 2881 autem
731 2824 1091 2897 sapientium
1124 2824 1467 2880 custodiunt
1492 2839 1614 2879 eos.

246 2896 351 2953 Ubi
384 2914 499 2952 non
530 2902 671 2951 sunt
701 2896 895 2960 boves,
930 2912 1186 2967 praesepe
1218 2912 1465 2951 vacuum
1489 2902 1615 2961 est;

320 2968 426 3095 ubi1
442 2973 637 3094 alitem
666 2965 1207 3040 plurimaisegetes,
1232 2968 1314 3023 ibi
1338 2968 1651 3024 manifesta
1671 2965 1903 3023 fortitu-

433 3056 463 3095 o
536 3056 678 3095 ov1s.

433 3056 463 3095 Ο
498 3056 678 3096 DOVlS.

249 3111 441 3168 Testis
472 3110 661 3167 ﬁdelis
694 3128 809 3166 non
842 3109 1165 3165 mentitur:

325 3183 544 3254 profert
574 3187 768 3238 autem
805 3182 1176 3254 mendacium
1211 3180 1450 3238 dolosus
1482 3182 1670 3237 testis.

258 3252 476 3319 Quaerit
503 3255 726 3310 derisor
756 3252 1220 3325 sapientiam,iet
1252 3270 1365 3310 non
1400 3254 1685 3310 inveniet:

326 3327 595 3382 doctrina
626 3324 1009 3398 prudentium.
1034 3324 1241 3380 facilis.

254 3398 418 3453 Vade
447 3394 648 3453 contra
677 3398 864 3453 virum
897 3394 1170 3462 stultum,

326 3476 385 3541 et
414 3470 599 3525 nescit
624 3469 781 3525 labia
809 3466 1154 3541 prudentiae.

254 3540 554 3613 Sapientia
585 3540 781 3613 callidi
810 3538 902 3595 est
932 3538 1257 3611 intelligere
1287 3538 1438 3594 viam
1470 3555 1678 3607 suam;

320 3618 378 3685 et
402 3612 801 3685 imprudentia
830 3613 1145 3667 stultorum
1167 3627 1391 3667 errans.

252 3684 725 3741 Stultusilludet
753 3688 1083 3756 peccatum,

322 3761 380 3812 et
399 3756 551 3811 inter
572 3753 771 3827 justos
805 3754 1129 3827 morabitur
1154 3753 1362 3827 gratia.

250 3828 362 3885 Cor
390 3828 547 3899 quod
578 3826 736 3883 novit
766 3826 1221 3899 amaritudinem
1253 3826 1458 3881 animai
1488 3841 1630 3893 suae,

326 3900 388 3955 in
409 3897 633 3971 gaudio
664 3916 789 3969 eius
819 3915 934 3954 non
966 3897 1311 3953 miscebitur
1340 3901 1670 3953 extraneas.

253 3972 478 4028 Domus
510 3971 826 4028 impiorum
858 3968 1176 4025 delabitur:

307 3988 478 4027 011105
510 3988 585 4026 ιω
598 3987 826 4027 morum
858 3985 1146 4025 (181601ῐυῖ
1164 3986 1176 4023 Ξ

324 3988 478 4027 imus
510 3988 826 4042 Implorum
858 3988 1176 4025 αθιθοιιυῑε

324 4043 704 4098 tabernacula
732 4057 865 4097 vero
895 4041 1191 4111 justorum
1222 4038 1660 4111 germinabunt.

251 4114 356 4170 Est
381 4113 497 4185 via,
529 4131 655 4185 qua:
686 4114 916 4169 videtur
944 4112 1171 4185 homini
1196 4111 1399 4181 justa:

325 4182 651 4241 novissima
676 4190 871 4240 autem
905 4183 1032 4254 ejus
1060 4183 1361 4238 deducunt
1390 4182 1462 4238 ad
1497 4185 1766 4237 mortem.

251 4258 431 4313 Risus
460 4257 658 4313 dolore
687 4255 1048 4321 miscebitur,

328 4334 386 4385 et
406 4333 679 4401 extrema
695 4326 895 4401 gaudii
912 4325 1107 4401 luctus
1139 4328 1403 4397 occupat.

253 4400 380 4455 Viis
406 4401 532 4455 suis
563 4396 882 4472 replébitur
912 4396 1150 4472 stultus,

327 4478 384 4527 et
412 4488 590 4541 super
619 4469 752 4527 eum
787 4472 897 4526 erit
927 4469 1014 4523 vir
1035 4470 1245 4523 bonus.

254 4544 547 4601 lnnocens
576 4543 761 4599 credit
789 4541 950 4599 omni
979 4541 1153 4597 verbo
1179 4558 1191 4596 :

330 4760 347 4793 ί
376 4754 756 4828 Manuscripti
790 4754 1018 4811 codices
1049 4752 1466 4828 bicquoddam
1515 4750 1735 4807 habent
1791 4751 1904 4828 ad-

258 4824 803 4899 ditamentum,'pro
822 4831 883 4881 ut
903 4842 1081 4897 supra
1102 4824 1438 4899 dicebamus
1463 4841 1474 4879 :
1496 4842 1616 4899 non
1640 4824 1905 4899 eamdem

256 4901 499 4972 quidem
522 4895 899 4972 sententiam,
933 4895 1059 4967 qua:
1098 4896 1156 4950 in
1188 4896 1439 4972 Vulgata
1492 4895 1745 4972 legitur;
1804 4895 1906 4951 sed

256 4967 390 5045 quae
420 4971 673 5045 occurrit
704 4970 855 5045 infra
885 4969 1456 5045 eap._xiv,_ver_s._15.
1492 4967 1677 5045 Mam.

333 5074 392 5083 —
430 5042 683 5113 Vulgata:
707 5042 935 5096 codices
958 5041 1183 5113 addunt
1209 5040 1471 5113 :_Animae
1491 5041 1692 5095 dolosa
1718 5045 1910 5093 errant

258 5115 326 5171 in
351 5110 607 5185 peccatis,
640 5112 1006 5185 justiautem
1054 5110 1637 5185 miscricordcssunt,
1688 5114 1743 5165 et
1800 5126 1907 5185 nii-

256 5180 530 5251 screntur,
564 5180 690 5256 quae
722 5184 995 5239 videntur
1024 5198 1091 5256 ex
1125 5183 1242 5256 [ere
1272 5181 1565 5237 similibus
1604 5180 1910 5256 sententiis

258 5253 631 5312 Psalmorufn
664 5273 795 5311 xxvr
818 5260 875 5311 et
905 5272 995 5309 cxi
1028 5254 1086 5308 in
1118 5253 1379 5308 Grmcum
1432 5255 1759 5323 exemplare
1805 5254 1911 5307 im.

259 5334 510 5401 portata.
555 5329 615 5383 ln
648 5328 909 5401 Hebraeo,
942 5343 1011 5401 ex
1057 5341 1242 5401 eoque
1300 5324 1577 5380 derivatis
1638 5325 1910 5397 Hierony-

259 5398 475 5457 inianis
504 5400 802 5455 codicibus
836 5415 950 5453 non
982 5398 1291 5451 habentur.

334 5472 355 5506 ²
389 5472 891 5537 Additamentum,
925 5468 1078 5539 quod
1110 5467 1362 5539 Vulgata
1393 5466 1604 5522 retinet
1634 5467 1743 5523 hoc
1768 5468 1913 5535 loco,

258 5560 379 5598 non
405 5541 620 5615 legitur
651 5542 709 5596 in
743 5558 886 5596 mss.
922 5540 1245 5615 codicibus.
1296 5539 1437 5593 Vide
1496 5540 1913 5615 praecedeptem

256 5609 702 5670 annotationem
738 5619 998 5667 nostram
1032 5612 1100 5665 ad
1133 5628 1260 5682 cap.
1296 5627 1379 5671 ιιι,
1415 5627 1563 5665 vers.
1600 5612 1684 5665 l3.
1739 5609 1916 5666 Prout

256 5690 501 5743 notatur
531 5701 815 5740 numerus
847 5700 1120 5738 versuum
1155 5686 1211 5736 in
1244 5682 1435 5737 editis.
1471 5682 1651 5737 MART.

332 5787 404 5800 —
426 5758 643 5813 lterum
676 5756 829 5811 idem
852 5755 1031 5810 ferme
1062 5754 1527 5810 additamentum
1558 5753 1617 5808 in
1662 5754 1916 5827 Vulgatae

584 5875 845 5935 PATBOL.
892 5871 1167 5933 XXVIII.

1923 1700 1971 1765 B

2000 402 2243 471 Sapiens
2273 404 2461 471 timet,
2494 410 2550 459 et
2580 402 2834 460 declinat
2862 423 2895 460 a
2927 410 3104 472 malo,

2074 472 2293 529 stultus
2325 476 2603 545 transilit,
2637 483 2691 532 et
2722 478 2985 532 conﬁdit.

2004 546 2321 626 Impatiens
2353 549 2689 626 cperabitur
2718 550 3029 605 stultitiam
3057 566 3069 604 :

2076 622 2131 671 et
2161 620 2247 670 vir
2274 631 2548 673 versutus
2582 620 2823 675 odiosus
2849 625 2959 675 est.

2004 686 2395 744 Possidebunt
2426 692 2650 761 parvuli
2683 691 3020 760 stultitiam,

2076 764 2133 813 et
2163 762 2342 815 astuti
2373 764 2764 832 expectabunt
2794 764 3100 818 scientiam
3128 780 3141 818 :

2002 829 2293 885 Jacebunt
2326 829 2461 887 mali
2496 839 2628 889 ante
2664 835 2884 889 bonos:

2077 906 2133 976 et
2164 902 2332 975 impii
2365 908 2500 976 ante
2530 910 2726 976 portas
2751 906 3075 975 justorum.

2004 973 2190 1048 Etiam
2223 973 2487 1048 proximo
2515 973 2622 1031 suo
2654 973 2874 1048 pauper
2904 978 3143 1033 odiosus
3174 976 3321 1035 erit:

2078 1046 2251 1100 amici
2284 1063 2416 1102 vero
2439 1046 2687 1102 divitum
2720 1046 2907 1103 m'ulti.

2004 1116 2111 1191 Qui
2141 1118 2390 1188 despicit
2421 1120 2751 1191 proximum
2787 1135 2981 1185 suum,
3014 1124 3249 1191 peccat:

2005 1188 2112 1261 Qui
2146 1196 2341 1244 autem
2375 1188 2689 1246 miseretur
2717 1188 3032 1261 pauperis;
3049 1192 3260 1247 beatus
3288 1190 3398 1247 erit
3415 1192 3457 1247 ⁸.

2004 1259 2215 1332 Errant
2247 1260 2343 1331 qui
2378 1268 2693 1332 operantur
2718 1259 2945 1317 malum
2976 1279 2989 1317 :

2075 1331 2478 1405 misericordia
2507 1338 2563 1389 et
2592 1334 2804 1389 veritas
2838 1338 3165 1405 praeparant
3194 1335 3367 1391 bona.

2006 1401 2071 1457 In
2096 1402 2255 1457 omni
2288 1419 2459 1474 opere
2492 1406 2602 1459 erit
2635 1401 3036 1461 abundantia:

2077 1474 2173 1528 ubi
2196 1480 2391 1529 autem
2436 1477 2612 1532 verba
2668 1482 2807 1533 sunt
2859 1476 3133 1549 plurima,
3184 1477 3264 1532 ibi
3322 1476 3659 1549 frequenter

2144 1553 2394 1616 egestas.

2003 1616 2229 1671 Corona
2261 1617 2643 1688 sapientium,
2676 1618 2894 1674 divitiis
2923 1635 3124 1675 eorum
3156 1637 3169 1676 :

2075 1689 2317 1743 fatuitas
2348 1689 2666 1744 stultorum
2698 1690 3118 1747 imprudentia.

2003 1760 2237 1815 Liberet
2266 1761 2496 1816 animas
2527 1761 2697 1816 testis
2727 1760 2957 1817 ﬁdelis:

2073 1836 2129 1887 et
2161 1832 2380 1905 profert
2410 1833 2713 1905 mendacia
2745 1831 3089 1905 versipellis.

2002 1903 2067 1957 In
2098 1905 2309 1976 timore
2330 1902 2559 1976 Domini
2593 1903 2807 1961 ﬁducia
2834 1902 3226 1976 fortitudinis,

2073 1979 2132 2029 et
2152 1974 2289 2029 ﬁliis
2318 1974 2457 2046 ejus,
2478 1975 2590 2029 erit
2620 1991 2773 2046 spes.

2002 2045 2203 2101 Timor
2232 2045 2463 2100 Domini
2493 2046 2624 2101 fons
2648 2045 2797 2114 vitae,

2075 2122 2140 2172 ut
2169 2116 2462 2172 declinent
2490 2136 2523 2171 a
2552 2116 2721 2173 ruina
2751 2118 2977 2173 mortis.

2002 2192 2068 2243 In
2101 2187 2479 2261 multitudine
2513 2188 3009 2261 popuiidigoitas
3027 2188 3223 2261 regis:

2074 2264 2131 2333 et
2160 2259 2219 2313 in
2251 2260 2545 2333 paucitate
2576 2260 2762 2333 plebis
2791 2259 3119 2332 ignominia
3148 2260 3454 2333 principis,

2004 2330 2110 2397 Qui
2143 2332 2371 2401 patiens
2402 2336 2512 2397 est,
2547 2332 2737 2386 multa
2766 2330 3129 2402 gubernatur
3149 2330 3507 2403 prudentia:

2075 2404 2174 2473 qui
2208 2409 2403 2457 autem
2422 2403 2737 2474 impatiens
2754 2408 2864 2472 est,
2882 2404 3099 2459 exaltat
3118 2402 3431 2461 stultitiam
3462 2420 3653 2461 suam.

2002 2473 2137 2529 Vita
2166 2474 2457 2543 carnium,
2490 2473 2712 2529 sanitas
2734 2475 2929 2530 cordis
2962 2492 2977 2531 :

2076 2548 2322 2616 putredo
2352 2547 2600 2615 ossium,
2636 2546 2875 2602 invidia.

2005 2616 2113 2689 Qui
2157 2616 2553 2671 calumniatur
2582 2622 2870 2688 egentem,
2904 2617 3216 2689 exprobrat
3252 2616 3461 2689 factori
3484 2617 3653 2689 ejus:

2077 2687 2325 2762 honorat
2346 2694 2542 2742 autem
2569 2704 2728 2762 eum,
2752 2689 2861 2762 qui
2881 2687 3196 2762 miseretur
3224 2687 3520 2762 pauperis.

2003 2761 2067 2814 In
2099 2758 2325 2814 malitia
2357 2776 2465 2814 sua
2493 2757 2820 2832 expelletur
2848 2759 3107 2832 impius:

2077 2836 2273 2901 sperat
2298 2836 2490 2885 autem
2517 2830 2721 2900 justus
2752 2831 2811 2885 in
2843 2830 3029 2886 morte
3056 2847 3205 2887 sua:

2006 2900 2065 2956 in
2093 2900 2265 2975 corde
2298 2901 2601 2971 prudentis
2639 2901 2955 2975 requiescit
2984 2901 3292 2975 sapientia,

2076 2980 2133 3028 et
2164 2973 2428 3029 indoctos
2459 2989 2718 3044 quosque
2745 2974 2989 3030 erudiet.

1931 3065 1975 3132 ρ
2011 3044 2253 3127 Justitia
2282 3044 2726 3132 elenvatlgentem
2752 3062 2766 3100 :

2084 3116 2329 3172 miseros
2361 3115 2777 3188 facit’populos
2814 3119 3138 3187 peccatum.

2012 3192 2417 3272 Acceptus‘est
2447 3187 2568 3272 regi
2599 3188 2868 3272 minister
2898 3188 3237 3272 intelligens
3266 3205 3279 3244 :

2082 3258 2449 3315 iracundiam
2480 3258 2609 3330 ejus
2638 3258 2867 3330 inutilis
2898 3258 3230 3316 sustinebit.

2010 3331 2168 3400 (Cap.
2197 3330 2337 3456 XV};
2369 3329 2691 3411 Responsio
2720 3329 2914 3386 mollis
2946 3331 3162 3403 frangit
3187 3332 3371 3387 iram:

2083 3419 2272 3456 sermo
2348 3419 2489 3456 urus
2518 3407 2765 3456 suscitat
2799 3401 3067 3456 furorem.

2083 3419 2272 3459 sermo
2303 3401 2501 3457 durus
2518 3402 2765 3458 suscitat
2799 3401 3067 3458 furorem.

2012 3474 2239 3545 Lingua
2269 3474 2623 3545 sapientium
2642 3473 3162 3545 ornatscientiam
3186 3490 3200 3529 :

2081 3543 2150 3601 oi
2180 3543 2474 3601 fatuorum
2497 3544 2706 3601 ebullit
2730 3543 3067 3602 stultitiam.

2015 3618 2082 3673 In
2113 3617 2273 3672 omni
2306 3617 2431 3673 loco
2463 3616 2614 3673 oculi
2647 3616 2878 3672 Domini

2080 3688 2556 3745 contemnlantur
2586 3688 2772 3743 malos
2802 3692 2858 3743 et
2886 3687 3093 3745 bonos.

2012 3760 2245 3829 Lingua
2277 3758 2603 3830 placabilis,
2626 3758 2853 3830 lignum
2883 3758 3014 3813 vita

2082 3826 2212 3901 quae
2243 3826 2435 3910 autem
2468 3826 2855 3911 immoderata
2884 3832 2993 3896 est,
3038 3830 3302 3911 conteret
3357 3826 3654 3901 spiritum.

2009 3901 2235 3957 Stultus
2264 3901 2470 3955 irridet
2498 3900 2874 3957 disciplinam
2907 3902 3090 3957 patris
3120 3915 3214 3955 sui
3242 3916 3257 3955 :

2082 3916 2235 3957 uitus
2264 3916 2470 3955 ιηιαθι
2498 3916 2874 3982 disciplinam
2906 3916 3090 3970 patris
3120 3916 3214 3955 8D!
3242 3916 3257 3955 2

2082 3973 2183 4043 qni
2217 3975 2413 4028 autem
2438 3971 2695 4043 custodit
2714 3970 3164 4043 increpationes,
3195 3968 3446 4028 astutior
3494 3969 3594 4027 ﬁet
3613 3970 3655 4026 ‘.

2018 4041 2241 4101 Domus
2264 4042 2413 4101 justi
2445 4042 2702 4101 plurima
2731 4041 3031 4097 fortitudo.

2083 4060 2241 4101 imus
2295 4060 2413 4098 usu
2487 4060 2702 4098 iurima
2731 4060 3031 4097 tortuuao.

2083 4119 2148 4195 et.
2171 4115 2230 4170 in
2262 4060 2549 4195 llrnctigus
2581 4112 2749 4195 impii
2778 4111 3167 4195 conturbatio.

2015 4186 2191 4242 Labia
2222 4186 2578 4257 sapientium
2606 4182 3084 4257 disseminabunt
3114 4182 3459 4241 scientiam:

2085 4274 2185 4313 cor
2212 4255 2526 4314 stultorum
2559 4255 2847 4313 dissimile
2875 4255 3002 4311 erit.

2012 4328 2276 4385 Victimse
2307 4329 2625 4400 impiorum
2658 4325 3081 4400 abominabiles
3110 4324 3358 4383 Domino
3386 4342 3402 4383 :

1933 4433 1980 4499 Ι)
2086 4406 2221 4484 vota
2241 4399 2541 4483 justorum
2572 4399 2900 4483 placabilis.

2011 4473 2381 4527 Abominatio
2412 4477 2502 4527 est
2532 4478 2774 4527 Domino
2805 4488 2894 4527 Via

2062 4468 2381 4528 hominatio
2412 4477 2502 4527 est
2532 4468 2774 4527 Domino
2805 4472 2894 4527 via
2926 4468 3128 4541 impii:

2083 4544 2182 4616 qui
2215 4543 2814 4615 sequiturjustitiam,
2848 4540 3114 4613 diligitur
3145 4540 3216 4596 ab
3249 4555 3335 4596 eo.

2014 4758 2233 4829 aliquot
2263 4756 2617 4813 editionibus
2650 4755 2900 4811 occurrit
2928 4772 2940 4808 :
2978 4753 3115 4809 Filio
3144 4754 3330 4829 dolosa
3385 4768 3494 4809 non
3551 4753 3663 4809 erit

2015 4828 2162 4895 boni,
2192 4846 2343 4885 servo
2372 4838 2557 4884 autem
2585 4829 2822 4897 sapienti
2866 4842 3124 4897 prospere
3172 4828 3328 4880 erunt
3352 4896 3357 4897 γ
3380 4829 3551 4893 actus,
3607 4829 3663 4897 et

2013 4903 2287 4972 dirigetur
2307 4904 2395 4956 via
2425 4902 2573 4972 ejus,
2596 4894 2722 4970 quae
2752 4894 3171 4972 exisupefrioris
3201 4896 3461 4969 proxime
3506 4894 3662 4972 capi-

2014 4970 2324 5029 tuli‘vcrsu
2361 4973 2425 5027 13
2456 4973 2514 5025 in
2547 4970 2741 5025 Graeco
2772 4971 2843 5024 ad
2892 4971 3133 5024 verbum
3176 4974 3445 5023 mutuata
3499 4970 3661 5021 sunt.

2084 5045 2106 5079 ³
2135 5044 2331 5123 Neque
2362 5045 2419 5097 in
2450 5043 2872 5123 ‘ilebraaosunt,
2907 5056 3095 5123 neque
3127 5041 3183 5095 in
3216 5040 3665 5123 Graeco._neque

2017 5109 2255 5171 demum
2288 5116 2344 5169 in
2376 5112 2795 5168 vetustioribus
2827 5109 3047 5167 Latinis
3079 5128 3222 5165 mss.
3256 5126 3382 5180 quae
3403 5109 3497 5163 hic
3518 5110 3664 5163 sub-

2009 5189 2270 5258 jungunt
2286 5185 2543 5258 Vulgata;
2557 5184 2787 5258 codices
2809 5185 3006 5251 verba,
3027 5182 3124 5253 qui
3134 5181 3304 5237 credit
3328 5183 3390 5237 in
3409 5180 3663 5246 Domino,

2016 5255 2466 5313 miscricordiam
2494 5255 2703 5323 diligit.

2091 5332 2110 5365 ⁴
2146 5329 2439 5385 Nonnulla
2468 5322 2725 5391 Vulgata;
2745 5324 3026 5379 versionis
3043 5322 3399 5393 exemplaria
3418 5322 3663 5387 addunt,

2020 5402 2081 5457 In
2112 5399 2428 5456 abundanti
2445 5400 2671 5469 justitia
2692 5399 2871 5450 virtus
2898 5398 3149 5450 maxima
3169 5404 3283 5453 est:
3306 5393 3671 5469 cogitatione:

2018 5476 2207 5529 autem
2244 5464 2548 5543 impiorum
2572 5469 3030 5543 eradicabuiitur,
3055 5484 3183 5543 quae
3213 5464 3669 5543 ne_dum_in__He-

2020 5546 2194 5609 braeo,
2228 5560 2294 5598 ex
2324 5535 2509 5613 eoque
2539 5541 2832 5613 expressis
2855 5537 3321 5613 Hieronymianis
3346 5535 3669 5613 codicibus,

2022 5618 2121 5672 sed
2150 5607 2538 5689 etin_Gra;cis
2570 5607 2795 5682 aliquot
2835 5607 3191 5689 editioni—bus
3240 5607 3669 5689 desiderantur,

2022 5705 2128 5743 nec
2161 5686 2321 5742 aliud
2349 5686 2622 5739 videntur
2652 5699 2801 5749 esse,
2832 5697 3007 5751 quam
3043 5682 3456 5750 subsequentis
3488 5682 3668 5733 versi-

2026 5760 2163 5829 culi,
2196 5760 2392 5814 Domus
2423 5758 2580 5827 justi,
2612 5760 2747 5821 etc.,
2778 5752 2993 5825 duplex
3024 5752 3447 5823 interpretatio,

3272 5869 3350 5927 42
