4050 6182
330 248 474 305 1329

400 391 517 432 non
549 374 924 448 miserebitur
954 375 1217 448 proximo
1244 394 1371 435 suo.

325 448 601 530 Mul‘ctato
627 446 975 530 pestilenta;
995 448 1317 530 sapientior
1345 450 1457 530 erit
1490 451 1769 530 parvulus
1794 471 1807 510 :

401 523 458 576 et
486 518 537 575 si
566 518 823 575 sectetur
852 518 1201 590 sapientem,
1234 528 1430 579 sumet
1459 518 1787 582 scientiam.

325 591 632 665 Excogitat
653 592 857 665 justus
889 592 960 665 de
986 592 1159 648 domo
1188 592 1379 665 impii,

400 668 467 719 ut
493 661 765 718 detrahet
794 661 1008 734 impios
1038 681 1071 719 a
1103 663 1275 720 malo.

328 734 702 814 Quiobturat
730 751 932 814 aurem
974 751 1143 814 suam
1202 736 1274 791 ad
1308 736 1622 814 clamorem
1681 739 1979 814 pauperis.

401 811 459 863 et
489 807 612 877 ipse
643 805 945 871 clamabit,
977 811 1033 862 et
1063 824 1176 862 non
1200 809 1558 866 exaudietur.

328 882 542 951 Munus
573 877 1310 951 absconditumgextinguit
1338 881 1480 950 iras,

400 954 457 1006 et
486 949 708 1021 donum
737 947 797 1004 in
829 949 963 1005 sinu
996 947 1473 1021 indignationem
1493 953 1834 1010 maximam.

328 1020 620 1079 Gaudium
643 1020 809 1091 justo
842 1026 931 1077 est
956 1020 1147 1093 facere
1170 1022 1487 1093 judicium,

398 1097 457 1150 et
486 1109 668 1167 pavor
698 1092 1236 1167 operantibusiniq
1252 1095 1518 1167 nitatem,

322 1164 427 1221 Vir
455 1164 559 1236 qui
591 1164 869 1219 erraverit
900 1181 933 1219 a
960 1164 1054 1220 via
1080 1164 1379 1234 doctrinm,

398 1236 458 1307 in
489 1239 640 1307 cmtu
664 1236 971 1307 gigantum
996 1237 1479 1295 commorabitur.

319 1306 431 1373 Qui
462 1305 909 1390 diligitppulas,
946 1307 1293 1390 in_egestat_e
1326 1310 1474 1365 erit:

396 1378 500 1451 qui
531 1383 691 1452 amat
722 1378 942 1452 vinum,
977 1382 1034 1452 et
1068 1378 1329 1452 pinguia,
1363 1397 1478 1436 non
1512 1381 1819 1441 ditabitur.

321 1450 433 1506 Pro
456 1452 620 1522 justo
655 1450 835 1522 datur
862 1450 1120 1522 impius:

395 1520 585 1593 et'pro
616 1520 791 1593 rectis
825 1520 1084 1592 iniquus.

323 1591 530 1650 Melius
560 1596 651 1649 est
681 1591 943 1649 habitare
977 1594 1033 1648 in
1067 1598 1219 1649 terra
1249 1594 1504 1663 deserta,

400 1681 578 1737 quam
606 1681 741 1721 cum
777 1664 1246 1737 muliereirixosa
1276 1670 1331 1721 et
1360 1666 1663 1724 iracunda.

324 1736 665 1794 Thesaurus
709 1736 1139 1803 desiderabilis,
1182 1741 1239 1793 et
1285 1737 1478 1793 oleum
1525 1738 1585 1794 in
1637 1738 1975 1796 habitaculo

388 1808 541 1881 justi
572 1824 587 1864 :
621 1811 677 1881 et
705 1807 1049 1881 imprudens
1081 1808 1266 1881 homo
1287 1809 1600 1881 dissipabit
1630 1810 1797 1867 illud.

321 1879 437 1953 Qui
468 1879 738 1953 sequitur
768 1880 1165 1953 justitiamLet
1197 1879 1680 1953 misericordiam,

398 1951 654 2033 inveniet
682 1952 883 2033 vitam,
909 1952 1231 2033 justitiam,
1264 1958 1322 2008 et
1344 1952 1617 2033 gloriam.

324 2023 637 2081 Civitatem
680 2023 915 2079 fortium
948 2024 1211 2079 ascendit
1240 2023 1498 2095 sapiens,

400 2099 458 2152 et
490 2095 782 2151 destruxit
812 2096 989 2151 robur
1018 2094 1243 2167 ﬁducita
1276 2097 1422 2167 ejus.

327 2168 449 2233 Qui
476 2166 737 2223 custodit
766 2182 831 2221 os
863 2183 1065 2235 suum,
1096 2170 1153 2221 et
1182 2166 1443 2238 linguam
1478 2182 1672 2236 suam,

398 2239 656 2296 custodit
683 2239 756 2294 ab
785 2238 1077 2310 angustiis
1108 2238 1369 2294 animam
1403 2255 1592 2295 suam.

328 2310 630 2382 Superbus
662 2314 718 2366 et
746 2326 1027 2382 arrogans
1057 2315 1298 2366 vocatur
1330 2310 1628 2381 indoctus,

403 2383 502 2455 qui
533 2382 593 2455 in
622 2382 710 2437 ira
740 2386 1021 2455 operatur
1046 2382 1406 2453 superbiam.

333 2453 635 2527 Desideria
666 2453 940 2527 occidunt
970 2454 1200 2527 pigrum
1228 2471 1242 2509 :

402 2524 717 2582 noluerunt
745 2526 900 2580 enim
934 2524 1258 2597 quidquam
1301 2541 1514 2581 manus
1545 2525 1675 2595 ejus
1707 2525 1976 2597 operari:

330 2597 480 2655 Tota
509 2596 600 2653 die
630 2597 994 2668 concupiscit
1023 2603 1081 2653 et
1104 2596 1404 2653 desiderat
1428 2614 1442 2653 :

407 2668 508 2741 qui
534 2673 729 2741 autem
754 2666 975 2741 justus
1005 2674 1119 2741 est,
1148 2669 1387 2741 tribuet,
1424 2672 1482 2725 et
1535 2684 1651 2724 non
1700 2666 1976 2724 cessabit.

338 2739 551 2798 Hostiae
584 2739 900 2811 impiorum
933 2739 1379 2797 abominabiles.

409 2813 549 2885 quia
579 2812 906 2868 offeruntur
933 2829 1001 2868 ex
1027 2812 1265 2869 scelere.

335 2883 526 2941 Testis
556 2885 806 2940 mendax
846 2884 1055 2955 peribit
1083 2901 1096 2937 :

404 2956 494 3011 vir
523 2956 802 3012 obediens
834 2952 1105 3027 loquetur
1133 2952 1455 3027 victoriam.

337 3026 436 3084 Vir
462 3027 683 3101 impius
715 3024 1033 3101 procaciter
1061 3026 1337 3101 obﬁrmat
1365 3024 1593 3101 vultum
1623 3041 1803 3083 suum
1828 3042 1843 3082 :

402 3099 504 3171 qui
527 3097 732 3171 autem
753 3105 947 3156 rectus
978 3103 1089 3169 est,
1122 3097 1359 3171 corrigit
1387 3098 1541 3171 viam
1572 3115 1761 3155 suam.

332 3168 460 3228 Non
491 3176 580 3227 est
609 3170 917 3243 sapientia,
951 3168 1185 3226 nonest
1214 3168 1550 3243 prudentia,

408 3260 522 3299 non
557 3248 645 3299 est
675 3240 986 3299 consilium
1020 3240 1231 3297 contra
1256 3240 1585 3297 Dominum.

331 3314 539 3387 Equus
559 3319 810 3387 paratur
843 3314 914 3370 ad
946 3313 1097 3387 diem
1126 3311 1260 3367 belli
1288 3328 1300 3387 ς

404 3382 693 3443 Dominus
724 3389 920 3442 autem
952 3384 1202 3441 salutem
1236 3382 1461 3438 tribuit.

333 3456 492 3531 (Cap.
516 3458 724 3586 ἷξΧΙΙ.)
740 3458 948 3514 Melius
968 3462 1054 3514 est
1070 3472 1282 3513 nomen
1298 3456 1541 3521 bonum,
1563 3471 1741 3527 quam
1764 3455 1978 3512 divitia:

411 3546 512 3586 mu
565 3548 609 3586 ae
633 3546 648 3585 :

411 3546 609 3586 multae
633 3546 648 3585 ε

409 3618 587 3674 super
615 3604 927 3674 argentum
958 3605 1009 3674 et
1032 3615 1266 3667 aurum,
1298 3598 1487 3674 gratia
1519 3599 1691 3655 bona.

336 3670 509 3731 Dives
538 3678 595 3729 et
625 3670 845 3744 pauper
877 3671 1262 3744 obviaverunt
1290 3670 1403 3744 sibi
1429 3686 1444 3724 :

412 3741 1016 3817 utriusqueoperator
1046 3747 1135 3799 est
1162 3741 1469 3817 Dominus.

336 3817 596 3873 Callidus
622 3813 771 3872 vidit
785 3813 1045 3879 'malum,
1078 3819 1136 3870 et
1165 3813 1473 3869 abscondit
1503 3829 1601 3869 se:

408 3889 687 3945 innocens
722 3887 1098 3960 pertransiit,
1115 3896 1168 3940 et
1199 3885 1453 3960 afflictus
1484 3887 1574 3940 est
1604 3884 1839 3943 damno.

338 3961 501 4019 Finis
532 3957 830 4016 modestia)
861 3959 1038 4015 timor
1066 3957 1324 4025 Domini,

409 4032 623 4088 divitiaa
654 4036 713 4087 et
742 4030 927 4088 gloria
964 4034 1020 4085 et
1044 4029 1177 4084 vita.

336 4106 517 4160 Arma
547 4108 605 4160 et
632 4098 812 4176 gladii
845 4103 903 4157 in
935 4102 1028 4176 via
1060 4098 1313 4176 perversi
1341 4116 1353 4154 :

409 4180 607 4233 custos
633 4169 837 4232 autem
869 4169 1081 4229 animae
1110 4189 1229 4229 sua;
1260 4172 1431 4242 longe
1454 4170 1672 4225 recedit
1700 4170 1773 4224 ab
1803 4169 1909 4225 eis.

335 4247 714 4305 Proverbium
746 4250 870 4303 est:
903 4244 1257 4300 Adolescens
1281 4244 1451 4314 juxta
1479 4242 1629 4298 viam
1665 4259 1858 4313 suam,

407 4320 582 4376 etiam
614 4335 744 4375 cum
786 4316 1068 4385 senuerit,
1102 4332 1216 4372 non
1247 4314 1477 4371 recedet
1506 4316 1578 4371 ab
1610 4331 1697 4383 ea,

336 4391 507 4448 Dives
539 4389 899 4462 pauperibus
926 4388 1175 4457 imperat
1203 4405 1216 4443 :

407 4468 466 4519 et
516 4456 613 4533 qui
660 4456 874 4533 accipit
906 4456 1223 4528 mortuum,
1270 4474 1473 4513 servus
1497 4461 1595 4533 est
1639 4456 1980 4523 fenerantis,

336 4535 443 4599 Qui
477 4529 728 4590 seminat
759 4529 1154 4605 iniquitatem,
1190 4534 1368 4605 metet
1402 4529 1574 4597 mala,

411 4615 470 4663 et
500 4606 663 4677 virga
692 4606 789 4661 ira:
812 4602 929 4677 sua:
959 4602 1488 4677 consu‘mmabitur.

338 4678 446 4742 Qui
478 4669 698 4750 pronus
729 4680 817 4732 est
845 4676 917 4750 ad
952 4673 1438 4750 misericordiam,
1477 4669 1886 4750 benedicetur:

409 4743 496 4805 de.
511 4750 762 4821 panibus
793 4748 950 4803 enim
984 4744 1302 4821 suisdedit
1333 4743 1573 4821 pauperi
1595 4746 1647 4821 Δί,

340 4816 868 4893 Εῇοθᾙθιιίεοιιθω,
900 4823 955 4874 et
985 4817 1164 4873 exibit
1194 4832 1327 4893 cum
1360 4832 1424 4871 eo
1448 4816 1737 4893 iurgium,

420 4893 860 4962 cessabuntque
891 4893 1161 4962 causaest
1190 4887 1578 4944 contumeliis.

343 4963 651 5036 Quidiligit
679 4960 869 5036 cordis
902 4960 1276 5036 munditiam.

408 5029 646 5109 propter
675 5034 925 5108 gratiam
959 5033 1255 5089 labiorum
1287 5047 1532 5087 suorum
1564 5030 1806 5086 habebit
1835 5029 1985 5084 ami-

483 5124 615 5164 cum
646 5122 863 5179 regem.

338 5178 503 5236 Oculi
534 5174 766 5236 Domini
800 5174 1143 5233 custodiunt
1175 5174 1483 5230 scientiam
1510 5190 1522 5228 :

411 5255 469 5308 et
500 5250 967 5323 supplantantur
993 5247 1170 5323 verba
1200 5246 1413 5318 iniqui.

339 5322 495 5379 Dicit
521 5318 717 5396 piger:
750 5325 861 5377 Leo
893 5324 983 5375 est
1015 5318 1176 5375 l'oris.

415 5538 430 5573 ¹
465 5538 740 5602 Quasdam
757 5534 1019 5605 Vulgata:
1041 5531 1329 5588 editiones
1354 5531 1600 5599 addunt,
1630 5531 1917 5588 Victoriam
1941 5541 1996 5586 et

346 5610 605 5667 honorem
638 5610 888 5679 acquirat
914 5608 1012 5678 qui
1039 5606 1129 5679 dat
1152 5606 1677 5679 munera,_anz'mum
1693 5607 1873 5679 natent
1894 5620 1996 5657 au-

346 5685 456 5754 fert
484 5675 873 5754 accipientium
913 5675 935 5734 ε’
959 5695 1085 5754 quae
1109 5676 1167 5731 in
1200 5675 1331 5754 aliis
1362 5676 1565 5754 itidem
1595 5675 1992 5754 _ed_itioniluus,

347 5748 826 5826 Hisronymianis
873 5750 1195 5819 codicibus,
1230 5749 1466 5803 demum
1500 5753 1557 5803 et
1595 5748 1829 5803 Hebraeo
1876 5763 1988 5802 non

350 5828 508 5882 sunt.

1613 258 1825 312 LIBER
1864 256 2457 314 PROVERBIORUM.

3602 254 3742 310 1330

1999 386 2053 453 Α
2158 383 2217 438 in
2250 370 2441 438 medio
2474 379 2802 453 platearum
2836 378 3199 439 occidendus
3232 396 3387 438 sum.

2093 456 2278 511 Fovea
2313 451 2604 527 profunda
2630 469 2693 508 os
2727 451 2969 527 alienae:

2162 527 2255 582 cui
2291 523 2476 581 iratus
2508 530 2596 581 est
2622 523 2933 592 Dominus,
2966 524 3185 580 incidet
3214 526 3273 580 in
3300 541 3449 582 eam.

2091 597 2352 654 Stultitia
2383 595 2663 668 colligata
2686 602 2774 651 est
2804 596 2861 649 in
2896 597 3068 651 corde
3098 598 3284 667 pueri,

2160 674 2219 725 et
2248 670 2411 741 virga
2440 667 2763 741 disciplinae
2794 667 3021 740 iugabit
3051 684 3201 724 eam.

2087 740 2195 805 Qui
2227 739 3305 821 calumniatur_pau_perem,ut.augeat
3332 739 3568 797 divitias
3598 757 3737 797 suas

2232 812 2393 869 dabit
2422 812 2547 882 ipse
2578 810 2795 879 ditiori,
2831 816 2887 866 et
2919 811 3129 883 egebit.

2091 882 2317 939 Inclina
2348 900 2551 939 aurem
2586 888 2773 949 tuam,
2804 887 2862 936 et
2890 882 3235 955 auidiiverba
3264 883 3655 955 sapientium:

2161 971 2403 1027 appone,
2421 960 2615 1011 autem
2642 970 2753 1027 cor
2771 954 2841 1009 ad
2874 954 3199 1010 doctrinam
3232 954 3442 1011 meam.

2088 1024 2499 1097 Qua—{pulchra
2520 1027 2630 1082 erit
2652 1024 2779 1094 tibi,
2804 1042 2935 1081 cum
2963 1028 3281 1083 servaveris
3300 1043 3427 1083 eam
3456 1026 3511 1082 in
3537 1029 3742 1082 ventre

2233 1099 2342 1180 [Αίε
2376 1099 2727 1180 θοῖἀῗμμοη

2159 1172 2216 1224 et
2240 1166 2598 1225 redundabit
2628 1169 2685 1224 in
2712 1166 2895 1223 labiis
2924 1166 3043 1223 tuis
3071 1185 3084 1223 :

2090 1239 2159 1296 Ut
2188 1239 2265 1295 sit
2297 1241 2355 1297 in
2387 1240 2634 1297 Domino
2665 1239 2883 1295 ﬁducia
2912 1244 3035 1306 tua,

2160 1313 2313 1368 unde
2340 1318 2397 1368 et
2427 1312 2653 1368 ostendi
2687 1328 2814 1367 eam
2848 1310 2954 1366 tibi
2986 1311 3178 1367 hodie.

2090 1382 2234 1455 Ecce
2265 1384 2546 1455 descripsi
2578 1399 2704 1438 eam
2740 1382 2841 1437 tibi
2876 1383 3203 1455 tripliciter,

2158 1454 2215 1509 in
2247 1453 2703 1527 cogitationibus
2730 1459 2785 1527 et
2813 1453 3057 1527 scientia
3082 1470 3094 1508 :

2087 1527 2161 1580 Ut
2192 1525 2558 1583 ostenderem
2592 1526 2695 1581 tibi
2729 1526 3089 1597 ﬁrmitatem,
3117 1529 3174 1580 et
3205 1525 3433 1597 eloquia
3454 1525 3736 1594 veritatis,

2159 1600 2511 1671 respondere
2542 1614 2611 1671 ex
2642 1598 2756 1671 his,
2790 1596 2906 1651 illis
2938 1597 3050 1671 qui;
3071 1597 3357 1671 miserunt
3384 1603 3460 1654 te.

2086 1667 2211 1723 Non
2243 1667 2420 1727 facias
2446 1669 2779 1725 violentiam
2812 1667 3077 1742 pauperi,
3101 1669 3240 1740 quia
3267 1685 3488 1742 pauper
3516 1673 3648 1727 est:

2157 1757 2347 1812 neque
2377 1746 2645 1797 conteras
2675 1739 3015 1812 egen’um'in
3047 1739 3209 1811 porta
3238 1756 3251 1797 :

2084 1809 2546 1885 Quiajudicabit
2578 1809 2862 1885 Dominus
2895 1809 3131 1885 causam
3165 1815 3316 1884 ejus,

2165 1892 2224 1942 et
2255 1884 2507 1957 eonﬁget
2537 1902 2669 1957 eos,
2690 1884 3183 1957 quigconfixerunt
3220 1884 3478 1941 animam
3510 1900 3662 1955 ejus,

2083 1958 2213 2018 Noli
2246 1973 2376 2013 esse
2409 1955 2634 2012 amicus
2658 1955 2881 2011 homini
2912 1956 3213 2011 iracundo.

2158 2044 2349 2100 neque
2381 2028 2649 2084 ambules
2682 2044 2815 2100 cum
2841 2027 2966 2083 viro
2998 2027 3253 2083 furioso:

2083 2103 2166 2159 Ne
2192 2099 2337 2157 forte
2369 2100 2563 2155 discas
2596 2099 2833 2156 semitas
2855 2101 3004 2169 ejus,

2155 2178 2212 2229 et
2242 2188 2444 2227 sumas
2476 2170 2823 2227 scandalum
2856 2170 3064 2224 animm
3097 2172 3230 2224 tuae.

2084 2244 2213 2303 Noli
2245 2260 2375 2300 esse
2408 2260 2538 2297 cum
2569 2243 2685 2309 his,
2719 2243 2816 2313 qui
2848 2241 3349 2313 deﬁguntmanus
3380 2257 3545 2310 suas,

2156 2322 2212 2373 et
2243 2315 2341 2386 qui
2375 2315 2551 2370 vades
2581 2331 2643 2370 se
2673 2312 2924 2369 oil'erunt
2955 2330 3058 2386 pro
3091 2312 3324 2368 debitis.

2083 2388 2143 2446 Si
2173 2384 2329 2445 enim
2360 2403 2468 2441 non
2502 2386 2683 2442 habes
2716 2386 2870 2440 unde
2901 2384 3198 2440 restituas.

2156 2460 2295 2533 quid
2315 2461 2685 2533 causaestut
2700 2456 3307 2533 tollatoperimentum
3332 2456 3400 2512 de
3412 2454 3587 2512 cubili
3607 2457 3737 2513 tuo?

2085 2528 2650 2601 Ne‘transgrediaris
2681 2528 2966 2584 terminos
2998 2528 3290 2600 antiquos,

2156 2620 2303 2673 quos
2335 2605 2657 2673 posuerunt
2687 2606 2881 2672 patres
2911 2603 3016 2654 tui.

2084 2671 2295 2730 Vidisti
2327 2671 2512 2729 virum
2541 2671 2796 2728 velocem
2831 2673 2888 2725 in
2921 2685 3095 2743 opere
3125 2687 3254 2741 suo,

2156 2762 2351 2803 coram
2386 2744 2618 2814 regibus
2649 2743 2854 2808 stabit,

2156 2835 2263 2874 nee
2293 2815 2403 2871 erit
2433 2820 2564 2872 ante
2595 2814 2905 2887 ignobiles.

2086 2891 2240 2959 (Cap.
2296 2887 2513 2970 ῌΧῌΙ).
2575 2882 2815 2952 Quando
2874 2882 3116 2952 sederis,
3170 2885 3232 2938 ut
3261 2884 3535 2941 comedas
3593 2902 3726 2941 cum

2270 2977 2510 3026 rinclpe,

2086 2978 2678 3105 diligghltteglpgtende
2732 3044 2857 3100 quae
2908 3025 3096 3099 posita
3150 3029 3289 3081 sunt
3334 3033 3466 3083 ante
3526 3027 3729 3084 faciem

2234 3108 2395 3159 tuam
2423 3119 2436 3158 :

2009 3139 2053 3207 Ο
2093 3178 2161 3232 Et
2190 3139 2661 3230 ειέὶῗιῒέυηωω
2697 3171 2752 3225 in
2787 3174 3023 3243 gutture
3053 3174 3176 3234 tuo,

2159 3248 2204 3303 si
2237 3250 2431 3302 tamen
2467 3244 2649 3300 habes
2680 3243 2736 3297 in
2772 3241 3057 3315 potestate
3090 3241 3345 3297 animam
3376 3244 3560 3315 tuam,

2158 3336 2230 3446 3e
2255 3318 2554 3401 desideres
2587 3316 2655 3370 de
2686 3312 2835 3370 cibis
2857 3315 3006 3384 ejus,
3038 3312 3097 3368 in
3127 3330 3242 3385 quo
3265 3317 3351 3370 est
3380 3313 3548 3386 panis
3564 3329 3727 3370 men-

2197 3407 2326 3446 acu.

2197 3407 2326 3447 8.011.

2087 3462 2217 3519 Noli
2248 3460 2512 3518 laborare
2544 3460 2606 3512 ut
2637 3456 2877 3512 diteris:

2158 3535 2260 3589 sed
2302 3529 2623 3604 prudentia
2657 3534 2767 3585 tuae
2800 3543 2947 3604 pone
2980 3528 3241 3583 modum.

2087 3607 2169 3663 Ne
2199 3599 2391 3676 erigas
2439 3600 2639 3658 oculos
2673 3599 2816 3657 tuos'
2842 3600 2913 3655 ad
2948 3616 3107 3671 opes,
3151 3616 3298 3671 quas
3346 3599 3560 3657 habere
3609 3618 3724 3657 non

2270 3686 2389 3731 OlCS
2416 3690 2428 3729 ἶ

2270 3693 2389 3731 OlCS
2416 3693 2428 3729 :

2160 3693 2301 3819 quiia
2322 3742 2681 3819 iacient_sibi
2714 3758 2939 3819 pennas
2971 3742 3136 3812 quasi
3166 3742 3397 3813 aquilae,

2159 3812 2216 3875 et
2246 3818 2523 3874 volabunt
2554 3813 2613 3869 in
2646 3812 2877 3868 omium.

2087 3891 2167 3947 Ne
2199 3889 2469 3947 comedas
2498 3903 2632 3941 cum
2664 3884 2900 3939 homine
2927 3882 3140 3951 invido,

2159 3967 2216 4018 et
2245 3977 2316 4017 ne
2346 3958 2641 4015 desideres
2668 3956 2829 4010 cibos
2860 3955 3021 4025 ejus:

2089 4034 2375 4101 Quoniam
2406 4031 2465 4086 in
2498 4024 2945 4101 similitudinem
2972 4024 3139 4081 arioli
3173 4028 3229 4082 et
3256 4026 3605 4098 conjectoris

2161 4105 2415 4162 aestimat
2444 4102 2597 4173 quod
2630 4099 2881 4173 ignorat.

2090 4177 2339 4235 Comede
2369 4179 2425 4231 et
2454 4170 2607 4240 bibe,
2642 4170 2791 4226 dicet
2821 4170 2925 4225 tibi
2954 4186 2967 4223 :

2162 4254 2219 4306 et
2258 4263 2422 4303 mens
2468 4246 2595 4315 ejus
2628 4261 2741 4299 non
2784 4248 2875 4297 est
2906 4246 3119 4296 tecum.

2090 4322 2284 4386 Cibos,
2318 4334 2466 4391 quos
2487 4316 2847 4391 comederas,
2882 4328 3137 4391 evomcs,

2163 4398 2219 4450 et
2242 4388 2447 4464 perdes
2469 4388 2765 4464 pulchros
2796 4399 3098 4464 sermones
3123 4388 3272 4464 tuos.

2093 4467 2155 4521 In
2190 4454 2433 4520 auribus
2466 4454 2872 4532 insipientium
2908 4472 2979 4511 ne
3005 4454 3263 4532 loquaris
3292 4473 3303 4509 :

2166 4536 2301 4606 quia
2332 4526 2657 4606 despicient
2680 4529 3000 4606 doctrinam
3034 4526 3255 4606 eloquii
3287 4527 3393 4583 tui.

2095 4599 2463 4677 Ne'attingas
2494 4603 2773 4677 terminos
2806 4599 3175 4677 parvulorum
3204 4599 3225 4632 ²
3252 4617 3263 4655 :

2166 4683 2222 4735 et
2253 4671 2456 4749 agrum
2491 4673 2848 4749 pupillorum
2873 4688 2943 4727 ne
2960 4671 3248 4749 introeas.

2097 4742 2467 4821 Propquuus
2492 4742 2656 4821 enim
2687 4744 2921 4821 illorum
2949 4742 3120 4821 Afortis
3152 4746 3241 4797 est
3268 4758 3281 4796 :

2165 4812 2223 4877 et
2252 4812 2371 4891 ipse
2395 4816 2686 4891 judicabit
2716 4819 2916 4891 contra
2943 4818 2999 4870 te
3031 4830 3272 4891 causam
3300 4812 3538 4870 illorum

2094 4888 2465 4966 Ingrediatur
2494 4891 2563 4945 ad
2597 4888 2925 4966 doctrinam
2959 4903 3057 4966 cor
3080 4890 3274 4966 tuum,

2165 4957 2223 5020 Et
2253 4980 2423 5019 aures
2459 4968 2570 5017 tuae
2600 4961 2669 5015 ad
2705 4959 2879 5013 verba
2911 4957 3189 5013 scientiae.

2094 5036 2222 5094 Noli
2248 5035 2592 5092 subtrahere
2624 5049 2656 5088 a
2689 5046 2867 5103 puero
2898 5028 3269 5103 disciplinam
3299 5045 3311 5083 :

2168 5108 2217 5163 si
2247 5108 2401 5163 enim
2436 5098 2795 5178 percusseris
2835 5118 2965 5157 eum
2998 5098 3159 5174 virga
3190 5117 3302 5154 non
3339 5098 3639 5156 morietur.

2095 5185 2179 5236 Tu
2210 5179 2373 5251 virga
2406 5176 2687 5251 percuties
2718 5190 2850 5251 eum
2877 5191 2893 5251 ε

2167 5255 2224 5307 et
2250 5241 2512 5307 animam
2541 5249 2672 5319 ejus
2703 5248 2773 5302 de
2805 5246 3033 5319 inferno
3064 5241 3365 5298 liberabis.

2099 5322 2206 5379 Fili
2237 5323 2338 5391 mi,
2372 5322 2421 5379 si
2454 5315 2692 5393 sapiens
2724 5318 2897 5374 fuerit
2929 5315 3163 5371 animus
3193 5320 3354 5384 tuus,

2167 5501 2189 5535 ⁸
2218 5501 2312 5555 Est
2344 5504 2538 5554 autem
2572 5498 2629 5552 in
2662 5496 2901 5551 Hebraeo
2933 5477 3079 5556 εὸπν
3115 5474 3268 5554 ‘71:},
3300 5489 3468 5561 'quod
3510 5495 3600 5548 est
3636 5498 3756 5549 (er-

2099 5575 2281 5627 minos
2311 5574 2465 5637 olim,
2500 5570 2620 5624 sive
2664 5577 2892 5630 veteres,
2928 5582 3029 5636 pro
3062 5580 3177 5634 quo
3209 5562 3439 5617 videtur
3476 5564 3533 5619 S.
3569 5564 3755 5621 Pater

2102 5647 2250 5731 clay,
2285 5660 2509 5732 duplici
2547 5657 2705 5729 segol
2741 5656 3094 5723 substracto,
3130 5652 3340 5732 legisse
3368 5655 3567 5721 helem,
3600 5657 3753 5728 quod

2100 5756 2190 5805 est
2223 5749 2564 5813 adolescens,
2621 5746 2738 5800 sive
2769 5741 3063 5815 parvulus,
3098 5758 3199 5812 pro
3256 5726 3402 5807 D512
3435 5745 3591 5814 quod
3620 5726 3755 5801 solo

2102 5820 2462 5879 intermedio
2507 5824 2621 5874 Vau
2655 5817 2866 5875 diﬂert.
