4050 6182
382 187 513 242 1331

453 314 728 388 gaudebit
758 318 950 370 tecum
977 329 1076 368 cor
1103 329 1298 388 meum
1327 330 1339 366 :

383 384 858 444 Et'exsultabunt
885 401 1051 440 renes
1084 384 1218 451 mei,

464 476 598 514 cum
627 458 819 514 locuta
848 457 1065 512 fuerint
1095 461 1316 511 rectum
1353 454 1510 512 labia
1539 459 1656 512 tua.

392 532 520 588 Non
553 530 861 586 aemuletur
889 545 987 584 cor
1017 533 1184 582 tuum
1221 532 1588 598 peccatores:

468 604 565 658 sed
601 603 660 655 in
692 601 900 655 timore
933 599 1162 655 Domini
1195 604 1314 654 esto
1347 605 1470 654 tota
1500 601 1630 656 die:

397 675 544 741 Quia
573 672 817 726 habebis
848 688 1013 742 spem
1045 673 1104 726 in
1138 670 1477 740 novissimo,

468 749 524 800 et
553 743 906 815 praestolatio
937 749 1039 798 tua
1070 760 1183 798 non
1216 743 1529 799 auferetur.

397 814 571 884 Audi,
605 814 686 870 ﬁli
719 815 820 882 mi,
852 819 910 870 et
938 820 1060 870 esto
1084 816 1316 884 sapiens
1345 832 1358 869 :

465 893 522 942 et
552 885 736 957 dirige
769 887 827 940 in
858 887 952 942 via
982 886 1247 942 animum
1283 892 1476 940 tuum.

395 959 521 1016 Noli
551 973 680 1014 esse
710 957 769 1012 in
803 958 1080 1013 conviviis
1114 962 1471 1027 potatorum,

465 1047 571 1087 nec
600 1029 660 1084 in
690 1029 1222 1086 comessationihus
1245 1045 1469 1099 eorum,
1504 1027 1604 1101 qui
1630 1045 1835 1084 carnes
1857 1029 1930 1084 ad
1952 1041 2043 1082 ve-

543 1101 832 1158 scendum
891 1103 1239 1157 conferunt:

394 1173 544 1241 Quia
588 1176 865 1228 vacantes
898 1173 1156 1245 potibus,
1190 1177 1248 1228 et
1278 1173 1484 1228 dantes
1518 1170 1781 1245 symbola
1830 1186 2044 1227 consu-

543 1249 795 1300 meatur.

472 1319 531 1371 et
559 1315 840 1371 vestietur
872 1315 1086 1386 pannis
1115 1313 1472 1386 dormitatio.

402 1387 555 1443 Audi
589 1393 815 1459 patrem
846 1385 1041 1457 tuum,
1069 1387 1168 1456 qui
1198 1385 1403 1458 genuit
1430 1389 1510 1459 te,

473 1464 531 1515 et
560 1457 631 1514 ne
688 1464 1026 1514 contemnas
1057 1474 1190 1512 cum
1218 1457 1485 1513 senuerit
1514 1459 1701 1511 mater
1729 1459 1849 1512 tua.

403 1530 727 1586 Veritatem
761 1545 909 1598 eme,
942 1535 1000 1584 et
1029 1528 1148 1584 noli
1183 1530 1432 1585 vendere

401 1603 754 1674 sapientem,
783 1600 1211 1674 etadoctrinam,
1241 1606 1297 1674 et
1328 1599 1796 1671 intelligentiam.

403 1673 668 1755 Exsultat
699 1673 915 1755 gaudio
947 1676 1113 1744 pater
1134 1673 1283 1755 justi
1315 1689 1327 1755 ς

473 1747 575 1816 qui
605 1741 964 1816 sapientiam
986 1741 1207 1814 genuit,
1240 1741 1532 1798 laetabitur
1562 1742 1623 1797 in
1654 1759 1741 1798 eo.

399 1818 663 1872 Gaudeat
685 1821 848 1887 pater
876 1821 1036 1882 tuus,
1069 1820 1125 1870 et
1156 1821 1342 1871 mater
1371 1821 1492 1881 tua,

469 1894 528 1943 et
556 1887 829 1954 exsultet,
865 1904 992 1959 quae
1024 1887 1226 1958 genuit
1254 1892 1330 1941 te.

400 1961 619 2026 Praebe,
653 1959 736 2014 fili
770 1957 1003 2028 mi,'cor
1032 1957 1201 2013 tuum
1236 1957 1418 2013 mihi:

470 2036 528 2086 et
558 2031 710 2086 oculi
745 2031 831 2085 tui
860 2030 986 2085 vias
1018 2046 1180 2085 meas
1213 2029 1568 2099 custodiant,

401 2104 586 2159 Fovea
612 2102 766 2158 enim
800 2103 1090 2173 profunda
1121 2105 1210 2173 est
1243 2100 1532 2156 meretrix.

473 2179 531 2230 et
560 2178 772 2246 puteus
803 2172 1354 2246 angustus,aaliena.

408 2243 729 2302 Insidiatur
758 2245 817 2298 in
847 2245 940 2299 via
971 2243 1140 2315 quasi
1172 2245 1344 2300 latro:

478 2321 536 2372 et
565 2332 713 2387 quos
742 2314 1010 2370 incautos
1039 2314 1267 2387 viderit,
1298 2315 1630 2387 interﬁciat,

486 2386 597 2469 Cui
622 2405 705 2469 vis
730 2389 746 2422 ¹
770 2387 799 2469 ἶ
824 2388 997 2469 cujus
1028 2386 1181 2469 patri
1208 2403 1291 2442 vae
1310 2386 1338 2440 ‘I

483 2459 575 2515 cui
608 2459 745 2514 rixae
771 2457 799 2512 ‘I
819 2457 911 2514 cui
946 2458 1119 2512 foveae
1137 2457 1165 2512 ?

479 2531 574 2587 cui
607 2530 734 2585 sine
765 2546 944 2586 causa
971 2528 1232 2591 vulnera,

479 2601 574 2658 cui
604 2601 850 2657 suffusio
880 2600 1181 2658 oculorum
1207 2599 1235 2654 ?

409 2674 614 2730 Nonne
644 2672 739 2728 his
769 2674 870 2744 qui
903 2675 1347 2728 commorantur
1374 2671 1432 2727 in
1464 2672 1622 2741 vino,

480 2749 539 2800 et
570 2745 813 2800 student
842 2744 1125 2800 calicibus
1155 2744 1506 2814 epotandis?

408 2816 491 2873 Ne
522 2815 809 2887 intuearis
838 2817 1040 2871 vinum
1081 2816 1316 2887 quando
1347 2815 1626 2883 ﬂavescit,

484 2905 618 2944 cum
653 2886 1018 2958 splenduerit
1047 2886 1113 2942 in,
1139 2887 1287 2944 vitro
1319 2887 1479 2943 color
1506 2889 1634 2957 ejus

413 2959 749 3086 Ingredlititr
794 2959 1028 3028 blande,
1061 2959 1162 3014 sed
1204 2959 1263 3014 in
1297 2960 1617 3015 novissimo
1666 2958 1959 3015 mordebit
1990 2959 2055 3012 ut

556 3049 621 3086 eo
651 3049 685 3086 u
734 3048 816 3086 er.

556 3048 685 3088 com
697 3048 816 3099 ner,

485 3106 548 3174 et
568 3103 723 3158 sicut
751 3101 992 3174 regulus
1019 3117 1242 3157 venena
1270 3101 1576 3158 diffundat.

417 3173 579 3230 Oculi
609 3175 696 3229 tui
727 3173 1011 3229 videbunt
1036 3178 1361 3228 extraneas.

491 3251 547 3300 et
576 3261 675 3301 cor
700 3250 868 3300 tuum
902 3245 1178 3316 loquetur
1206 3261 1495 3315 perversa.

418 3317 492 3373 Et
525 3317 641 3373 eris
670 3316 826 3372 sicut
857 3316 1155 3372 dormiens
1186 3316 1244 3370 in
1278 3316 1470 3371 medio
1503 3315 1676 3378 mari,

489 3393 547 3443 et
575 3388 740 3458 quasi
774 3388 1001 3458 sopitus
1033 3389 1410 3458 gubernator,
1435 3389 1651 3442 amisso
1675 3386 1834 3458 clavo
1865 3403 1878 3442 :

415 3459 483 3515 Et
508 3457 705 3514 dices:
737 3457 1202 3514 Verberavérunt
1227 3474 1339 3527 me,
1364 3458 1464 3513 sed
1498 3475 1613 3514 non
1645 3457 1804 3514 dolui
1830 3475 1842 3512 :

486 3534 792 3586 traxerunt
823 3545 937 3594 me,
970 3535 1029 3584 et
1059 3546 1164 3600 ego
1197 3546 1309 3584 non
1343 3529 1538 3584 sensi:

481 3603 720 3673 quando
749 3600 1057 3674 evigilabo,
1088 3607 1153 3674 et
1176 3617 1384 3674 rursus
1417 3601 1551 3656 vina
1581 3600 1865 3674 reperiam
1887 3601 1915 3655 ?

425 3672 578 3746 (cap.
611 3672 955 3746 XXIV.)'Ne
986 3672 1280 3728 aemuleris
1306 3672 1461 3746 viros
1494 3672 1702 3744 malos,

479 3743 585 3800 nec
614 3744 911 3801 desideres
941 3760 1069 3800 esse
1101 3760 1234 3800 cum
1268 3743 1387 3799 eis:

408 3816 554 3884 Quia
584 3816 1172 3888 rapinasimeditatur
1201 3832 1368 3872 mens
1399 3831 1602 3872 eorum

477 3893 534 3944 et
564 3887 799 3944 fraudes
826 3887 982 3943 labia
1012 3903 1212 3944 eorum
1245 3887 1596 3959 loquuntur,

416 3959 720 4031 Sapientia
745 3959 1131 4031 aedificabitur
1156 3961 1393 4027 domus,

481 4030 538 4088 et
570 4030 877 4103 prudentia
909 4031 1298 4103 reborabitur.

414 4105 478 4159 In
511 4101 777 4159 doctrina
807 4102 1190 4172 replehuntur
1219 4101 1471 4169 cellaria,

478 4175 752 4247 universa
781 4174 1115 4247 substantia
1143 4175 1399 4247 pretiosa
1428 4179 1484 4231 et
1512 4173 1924 4246 pulcherrima.

419 4245 522 4302 Vir
552 4246 811 4318 sapiens,
845 4245 1168 4318 fortisest:

485 4322 542 4374 et
570 4318 659 4373 vir
688 4320 918 4383 doctus,
952 4317 1229 4372 robustus
1260 4320 1316 4371 et
1345 4317 1599 4372 validus.

415 4389 562 4456 Quia
592 4407 725 4445 cum
757 4389 1138 4461 dispositione
1169 4387 1352 4443 initur
1379 4388 1634 4461 bellum:

480 4465 538 4516 et
565 4461 676 4516 erit
703 4460 869 4517 salus
894 4461 992 4517 ubi
1029 4461 1216 4516 multa
1245 4460 1488 4516 consilia
1519 4465 1677 4516 sunt.

408 4531 650 4588 Excelsa
679 4533 862 4588 stulto
894 4532 1201 4604 sapientia.

481 4604 540 4676 in
572 4607 741 4676 porta
771 4604 1139 4676 nonaaperiet
1168 4621 1233 4660 os
1255 4620 1452 4660 suum.

412 4675 518 4743 Qui
555 4675 774 4746 cogitat
798 4674 1195 4746 mala—facere,

484 4747 704 4804 stultus
734 4747 1050 4806 vocabitur.

411 4819 695 4885 Cogitatio
726 4818 888 4876 stulti
922 4823 1225 4891 peccatum
1259 4822 1382 4874 est:

484 4896 541 4947 et
570 4891 927 4947 abominatio
952 4891 1259 4946 hominum
1319 4892 1628 4945 detractor.

415 4963 474 5020 Si
507 4964 906 5035 desperaveris
938 4963 1130 5018 lassus
1159 4964 1215 5018 in
1249 4962 1342 5018 die
1371 4961 1655 5035 angustiae
1684 4978 1698 5018 :

488 5035 873 5091 imminuetur
904 5035 1182 5090 fortitudo
1213 5039 1335 5090 tua.

417 5107 565 5163 Erue
595 5123 716 5179 eos,
747 5107 847 5179 qui
876 5107 1174 5162 ducuntur
1202 5108 1272 5161 ad
1305 5112 1551 5162 mortem
1582 5123 1594 5160 :

487 5184 545 5235 et
575 5179 675 5251 qui
702 5178 1021 5234 trahuntur
1049 5179 1119 5233 ad
1153 5179 1451 5233 interitum
1479 5179 1728 5234 liberare
1756 5193 1826 5232 ne
1844 5191 2056 5233 cesses.

489 5358 797 5433 ’Ilehraaus
816 5355 993 5412 habet
1012 5355 1081 5410 ad
1105 5355 1372 5426 verbum,
1394 5357 1504 5412 Cui
1523 5355 1578 5410 οἱ
1598 5355 1741 5433 (sive
1764 5363 1866 5423 va?)
1888 5360 1939 5433 et
1968 5371 2058 5410 ειη

413 5447 543 5503 aboz’
568 5431 712 5519 (sive
741 5445 1044 5519 patrium).
1064 5445 1357 5519 ~Hebraice
1382 5463 1394 5500 :
1428 5429 1688 5519 ’ΠΝ-⁷72ῐῖ
1717 5429 2058 5519 7133D5.Yi—

414 5515 586 5574 detur
608 5535 740 5574 vero
763 5518 949 5574 doctis
969 5517 1111 5573 viris
1132 5519 1514 5590 Hieronymus
1536 5516 1773 5573 alteram
1799 5515 2056 5572 isocolon

413 5609 604 5663 tribus
635 5607 947 5675 seiunctim
978 5607 1170 5664 verbis
1193 5607 1272 5662 ita
1305 5608 1532 5676 legisse,
1564 5616 1653 5665 71R
1683 5620 1764 5667 ΞΝ
1801 5591 1918 5674 νηί),
1939 5607 2057 5662 sive

412 5687 618 5807 magna
667 5681 898 5736 duobus
937 5680 1150 5748 verbis,
1196 5681 1438 5737 suffecto
1488 5679 1669 5736 altero
1723 5678 1914 5753 Aleph,
1953 5695 2056 5751 pro

1427 186 1938 262 8.,‘HIERONYMI
1975 184 2232 242 DIVINA
2272 183 2764 238 BlBLIOTHECA.

2059 311 2115 378 Α
2145 310 2203 366 Si
2235 309 2450 364 dixeris
2481 325 2493 362 :
2529 306 2694 363 Vires
2725 325 2841 363 non
2876 313 3244 382 suppetunt:

2216 382 2311 452 qui
2346 381 2644 458 inspector
2673 384 2760 458 est
2791 381 3009 458 cordis,
3045 383 3171 458 ipse
3202 381 3489 458 intelligit.

2140 455 2208 510 Et
2234 451 2596 524 servatorem
2629 451 2840 524 anima:
2863 456 2978 507 tuas
3013 451 3159 508 nihil
3195 454 3360 524 fallit,

2213 525 2530 596 reddatque
2565 523 2977 596 hominijuxta
3009 541 3189 596 opera
3221 543 3347 581 sua.

2142 597 2412 658 Comede,
2446 595 2530 648 fili
2563 595 2663 658 mi,
2702 595 2839 664 mel,
2872 595 3010 666 quia
3046 595 3260 652 bonum
3295 603 3402 665 est,

2215 672 2279 722 ut
2308 668 2504 721 favum
2535 666 2949 721 dulcissimum
2983 671 3203 736 gutturi
3241 679 3361 726 tuo.

2143 739 2234 794 Sic
2265 743 2322 793 et
2351 737 2616 792 doctrina
2647 739 2946 808 sapientiae
2979 739 3188 794 animae
3222 745 3334 796 tuas
3371 758 3382 794 :

2217 826 2394 882 quam
2424 826 2557 864 cum
2599 810 2917 882 inveneris,
2950 809 3194 867 habebis
3223 813 3283 866 in
3317 813 3633 872 novissimis

2215 881 2274 937 et
2304 898 2438 953 spes
2469 885 2572 935 tua
2599 897 2712 935 non
2747 881 2978 953 peribit.

2145 955 2228 1010 Ne
2251 951 2571 1033 insidieris,
2604 957 2660 1007 et
2691 951 3304 1033 quaerasimpietatem
3339 955 3397 1010 in
3431 956 3590 1012 domo
3610 959 3751 1033 justi,

2218 1041 2407 1096 neque
2437 1029 2624 1096 vastes
2657 1024 2920 1096 requiem
2954 1024 3103 1095 ers.

2145 1095 2382 1180 Septies.
2411 1095 2568 1180 enim
2600 1095 2764 1150 cadet
2803 1096 2914 1180 [A1,
2953 1097 3369 1180 cadit].justus
3402 1103 3459 1155 et
3485 1109 3747 1174 resurget:

2218 1167 2385 1239 impii
2417 1172 2922 1239 autemcorruent
2950 1167 3009 1222 in
3047 1167 3291 1226 malum.

2148 1238 2596 1314 Cumceciderit
2620 1238 2896 1314 inimicus
2929 1242 3091 1314 tuus,
3129 1257 3199 1295 ne
3229 1241 3510 1314 gaudeas,

2222 1319 2278 1368 et
2307 1314 2365 1364 in
2398 1311 2567 1365 ruina
2598 1311 2724 1380 ejus
2754 1327 2824 1365 ne
2854 1309 3105 1366 exsultet
3135 1309 3431 1367 cor'tuum
3461 1331 3473 1367 ε

2150 1384 2232 1440 Ne
2265 1385 2409 1456 forte
2441 1382 2629 1456 videat
2661 1382 2965 1450 Dominus,
2998 1388 3054 1437 et
3086 1382 3393 1456 displiceat
3423 1385 3498 1440 ci.

2223 1459 2280 1510 et
2309 1455 2533 1508 auferat
2561 1454 2631 1508 ab
2663 1469 2729 1508 eo
2759 1455 2906 1508 iram
2939 1471 3131 1509 suam.

2151 1529 2233 1584 Ne
2263 1525 2584 1582 contendas
2615 1541 2746 1579 cum
2781 1524 3075 1596 pessimis,
3154 1531 3158 1534 ’

2224 1615 2328 1654 nec
2358 1596 2650 1651 aamuleris
2681 1597 2898 1666 impios
2924 1613 2937 1651 :

2069 1681 2118 1746 B
2148 1670 2434 1746 Quoniam
2469 1684 2595 1746 non_
2616 1667 2832 1746 habent
2865 1670 3195 1746 futurorum
3230 1686 3395 1741 spem
3424 1671 3587 1743 mali,

2221 1747 2279 1798 et
2309 1741 2550 1812 lucerna
2580 1739 2909 1812 impiorum
2928 1739 3356 1812 exstinguctur.

2149 1817 2315 1873 Time
2345 1809 2685 1884 Dominum,
2717 1809 2938 1884 ﬁlimi,
2970 1817 3027 1868 et
3055 1809 3250 1884 regem
3280 1831 3293 1869 τ

2221 1891 2278 1942 et
2311 1899 2448 1938 cum
2485 1883 2916 1938 detractoribus
2949 1900 3064 1939 non
3097 1883 3574 1941 commiscearis:

2150 1955 2436 2028 Quoniam
2495 1959 2730 2028 repente
2762 1964 3073 2027 consurget
3104 1957 3351 2028 perditio
3377 1974 3578 2014 eorum
3607 1975 3618 2012 :

2223 2035 2280 2086 et
2303 2027 2535 2082 ruinam
2562 2025 2869 2096 utriusque
2901 2025 3032 2097 quis
3068 2025 3272 2084 novit?

2152 2104 2282 2160 Haec
2313 2113 2549 2170 quoque
2578 2098 2945 2168 sapientibus
2973 2115 2985 2152 :

2153 2169 2874 2254 Qogn‘o'scereperosonam
2903 2169 2966 2254 in
2990 2169 3237 2240 judicio,
3272 2187 3384 2226 non
3419 2175 3514 2227 est
3557 2171 3768 2243 bonum,

2159 2239 2268 2314 Qui
2301 2244 2505 2297 dicunt
2533 2239 2751 2314 impio:
2785 2239 3005 2314 Justus
3025 2257 3128 2314 es:

2223 2314 2574 2372 maledicent
2602 2312 2686 2368 eis
2709 2311 2992 2382 populi,et
3012 2313 3464 2370 detestabuntur
3484 2315 3770 2371 eostribus.

2160 2389 2267 2455 Qui
2298 2389 2574 2457 arguunt,
2609 2382 3011 2457 laudabuntur
3039 2401 3051 2438 :

2227 2463 2284 2516 et
2309 2455 2487 2528 super
2515 2456 2677 2528 ipsos
2696 2455 2895 2528 veniet
2924 2455 3255 2512 benedictio
3280 2473 3294 2510 :

2158 2532 2340 2588 Labia
2370 2526 2833 2592 deosc’ulabitur,

2230 2602 2331 2673 qui
2361 2605 2516 2673 recta
2544 2600 2718 2673 verba
2741 2597 3076 2669 respondet.

2159 2671 2421 2744 Praepara
2454 2671 2594 2727 foris
2624 2687 2772 2742 opus
2801 2675 2994 2739 tuum,

2231 2743 2626 2814 et’diligenter
2654 2759 2856 2798 exerce
2886 2757 3092 2812 agrum
3120 2743 3290 2796 tuum
3317 2757 3330 2797 :

2231 2822 2296 2872 ut
2325 2821 2528 2887 postea
2557 2814 2808 2887 aedifices
2838 2814 3082 2868 domum
3115 2817 3298 2887 tuam.

2160 2893 2242 2945 Ne
2275 2885 2357 2944 sis
2373 2885 2556 2968 .testis
2586 2886 2805 2940 frustra
2835 2891 3051 2968 contra
3070 2885 3402 2968 proximum
3437 2889 3625 2955 tuum,

2234 2977 2339 3016 nec
2373 2960 2552 3014 lactes
2584 2973 2943 3028 quemquam
2977 2956 3146 3028 labiis
3173 2957 3312 3012 tuis.

2083 3043 2127 3110 α
2163 3037 2245 3088 Ne
2269 3029 2466 3110 dicas:
2500 3027 2800 3110 Quomodo
2832 3030 2968 3084 fecit
2999 3027 3166 3110 mihi,
3198 3029 3282 3084 sic
3313 3027 3527 3084 faciam
3556 3028 3642 3084 ei:

2234 3103 2476 3159 reddam
2507 3100 2825 3173 unicuique
2855 3101 3181 3173 secundum
3213 3117 3361 3173 opus
3383 3117 3585 3156 suum.

2162 3179 2271 3230 Per
2300 3189 2505 3246 agrum
2534 3171 2975 3246 hominispigri
3004 3171 3274 3246 transivi,

2233 3251 2292 3303 et
2321 3243 2423 3317 per
2450 3245 2682 3300 vineam
2713 3243 3040 3317 viri’stulti,

2162 3321 2232 3374 Et
2262 3314 2393 3373 ecce
2424 3319 2614 3372 totum
2650 3315 3013 3388 repleverant
3042 3314 3238 3388 urticae
3265 3333 3277 3373 :

2235 3392 2587 3460 operuerant
2607 3384 2989 3460 superficiem
3041 3387 3169 3457 ejus
3219 3384 3426 3458 spinae,

2235 3457 2292 3516 et
2323 3459 2580 3516 maceria
2607 3457 2867 3530 lapidum
2900 3459 3196 3514 destructa
3228 3457 3370 3514 erat.

2168 3533 2332 3600 Quod
2366 3548 2497 3587 cum
2527 3530 2834 3598 vidissem,
2868 3530 3126 3602 posuiin
3158 3532 3330 3585 corde
3363 3546 3498 3586 meo

2236 3609 2293 3660 et
2325 3603 2589 3674 exemplo
2621 3602 2800 3657 didici
2831 3601 3226 3673 disciplinam.

2164 3681 2423 3746 Parum,
2458 3671 2721 3746 inquam,
2779 3671 3054 3736 dormies.
3090 3673 3384 3728 modicum
3444 3671 3786 3739 dormitabis,

2236 3745 2803 3819 pauxillummanus
2835 3761 3126 3816 censeres,
3163 3749 3228 3799 ut
3258 3746 3574 3816 quiescas:

2163 3816 2451 3874 Et'veniet
2479 3816 2584 3873 tibi
2619 3817 2790 3889 quasi
2827 3833 3032 3873 cursor
3061 3823 3291 3888 egestas
3320 3821 3446 3886 tua,

2235 3894 2289 3946 et
2321 3889 2666 3946 mendicitas
2699 3890 2864 3961 quasi
2897 3889 2984 3944 vir
3015 3893 3299 3944 armatus.

2308 4015 2420 4069 H/E
2459 4013 2738 4080 QUOQUE
2792 4012 3192 4069 PARABOLE
3240 4013 3670 4081 SALOMON‘IS,

2235 4146 2381 4194 QUAS
2408 4145 2896 4185 TRANSTULERUNT
2931 4146 3048 4184 VIRI
3075 4146 3324 4185 EZECHIJB
3347 4147 3518 4187 REGIS
3548 4147 3687 4186 JUDA
3708 4129 3746 4197 ³,

2164 4245 2327 4317 (Cap.
2364 4244 2566 4313 XXV.)
2598 4243 2795 4317 Gloria
2825 4242 2922 4298 Dei
2956 4247 3043 4317 est
3068 4243 3254 4300 celare
3285 4245 3557 4315 verbum,

2237 4316 2296 4388 et
2324 4317 2510 4388 gloria
2540 4332 2741 4388 regum
2775 4316 3126 4388 investigare
3157 4332 3518 4373 sermonem.

2087 4413 2134 4478 Β
2167 4387 2385 4478 Caelum
2419 4387 2769 4470 sursum,.et
2800 4387 3284 4478 terraLd‘eorsum,

2238 4464 2295 4515 et
2325 4477 2422 4515 cor
2453 4475 2654 4531 regum
2687 4457 3087 4513 inscrutabile.

2165 4532 2344 4587 Aufer
2373 4532 2703 4601 rubiginem
2735 4531 2805 4585 de
2836 4535 3099 4600 argento,

2237 4608 2295 4685 e_t
2324 4603 2654 4685 egredietur
2681 4601 3220 4685 vas_purissimum.

2165 4677 2346 4730 Aufer
2362 4672 2734 4747 impietatem
2768 4672 3029 4747 devultu
3063 4673 3237 4746 regis.

2237 4752 2294 4802 et
2322 4744 2653 4802 firmabitur
2675 4744 2908 4815 justitia
2938 4744 3190 4800 thronus
3221 4745 3370 4815 ejus.

2165 4818 2248 4874 Ne
2277 4819 2564 4889 gloriosus
2595 4833 2877 4890 apparens
2907 4833 3100 4872 coram
3135 4833 3291 4890 rege,

2236 4896 2294 4946 et
2325 4891 2382 4946 in
2415 4891 2540 4949 loco
2573 4904 2915 4959 magnorum
2952 4905 3023 4944 ne
3053 4889 3306 4944 steteris.

2167 4961 2378 5018 Melius
2409 4967 2498 5018 est
2527 4962 2682 5016 enim
2717 4967 2780 5015 ut
2809 4961 3041 5014 dicatur
3069 4961 3214 5015 tibi:
3246 4960 3512 5016 Ascende
3541 4959 3660 5014 huc
3689 4974 3701 5012 :

2238 5050 2414 5104 quam
2449 5038 2510 5088 ut
2540 5032 3096 5104 humilieriscoram
3131 5032 3414 5104 principe.

2165 5100 2298 5170 Quae
2332 5107 2605 5160 viderunt
2632 5103 2783 5160 oculi
2814 5103 2918 5169 tui,
2954 5119 3025 5159 ne
3050 5100 3307 5176 proferas
3325 5100 3398 5159 'in
3421 5102 3630 5176 jurgio
3661 5100 3795 5156 cito:

2237 5194 2310 5234 ne
2338 5181 2542 5250 postea
2571 5177 2880 5232 emendare
2913 5192 3029 5231 non
3064 5176 3277 5248 possis,

2235 5360 2256 5394 ²
2283 5357 2420 5412 Plus
2465 5356 2681 5410 habent
2709 5354 2870 5414 editi.
2902 5358 2960 5410 et
3009 5370 3185 5426 penes
3215 5354 3618 5411 Martianeum
3667 5369 3791 5409 mss.

2166 5431 2364 5501 aliquo
2421 5429 2552 5483 libri
2585 5430 2647 5483 in
2674 5428 2990 5482 novissimis
3017 5443 3171 5496 spem
3194 5443 3216 5488 ,ο
3247 5427 3304 5482 in
3341 5427 3583 5482 Hebraeo
3614 5431 3790 5482 autem

2167 5504 2450 5558 duntaxat
2478 5505 2588 5564 est,
2618 5509 2805 5560 manu
2844 5506 2944 5557 W11
2971 5502 3039 5563 ,εἰ
3068 5501 3178 5554 erit
3207 5501 3266 5554 in
3286 5502 3570 5556 extremis.

2235 5606 2433 5666 3Male
2477 5608 2532 5661 in
2582 5612 2808 5660 Canone
2863 5605 3113 5678 Memm.
3149 5606 3393 5678 positum
3441 5606 3543 5662 hic
3592 5603 3791 5678 legitur

2165 5681 2490 5750 Diapsalma
2521 5683 2651 5751 post
2678 5678 2918 5734 verbum
2951 5676 3117 5735 Iuda.
3149 5677 3331 5735 MART.
