4050 6182
279 263 423 320 1333

345 403 480 443 cum
514 384 987 442 dehonestaveris
1018 385 1276 442 amicum
1311 389 1482 441 tuum
1519 403 1531 443 :

271 464 525 516 Causam
556 463 717 513 tuam
741 463 924 514 tracta
953 475 1088 514 cum
1113 459 1300 514 amico
1323 463 1446 523 tuo,

343 536 402 588 et
432 538 720 586 secretum
750 537 1025 586 extraneo
1055 547 1126 585 ne
1162 530 1379 585 reveles
1412 546 1425 584 :

269 607 354 660 Ne
376 603 523 658 forte
547 601 792 657 insultet
820 601 925 656 tibi
965 618 1094 657 cum
1129 600 1398 668 audierit,

342 680 400 730 et
429 674 778 744 exprobrare
803 690 916 728 non
950 677 1139 730 cesset
1168 674 1205 730 ¹.

269 746 631 818 Malaaurea
654 745 714 800 in
747 746 912 801 lectis
943 745 1262 818 argenteis,

341 816 737 890 quirloquitur
769 816 1108 890 verbum’in
1131 821 1392 890 tempore
1425 832 1554 872 suo.

268 886 503 946 lnauris
535 886 734 961 aurea,
768 893 826 944 et
857 887 1244 961 margaritum
1277 886 1528 961 fulgens,

340 961 443 1033 qui
473 960 667 1032 arguit
696 957 1042 1042 sapientem,
1067 963 1124 1014 et
1151 975 1355 1016 aurem
1370 957 1779 1015 'obedientem.

264 1032 427 1089 Sicut
455 1033 644 1089 frigus
666 1033 817 1088 niVIs
849 1033 906 1087 in
940 1032 1034 1087 die
1063 1032 1296 1088 messis.

304 1047 427 1088 icut
455 1047 644 1088 II‘IEUS
666 1049 817 1088 anIS
849 1049 906 1087 ID
940 1047 1034 1087 (116
1063 1047 1296 1088 [1108818.

337 1049 427 1089 :ut
455 1049 644 1103 mgus
666 1049 817 1088 nms
849 1049 906 1087 in
940 1049 1034 1087 uie
1063 1049 1296 1088 messxs.

337 1104 417 1160 ita
447 1103 671 1175 legatus
700 1103 892 1160 ﬁdelis
917 1103 966 1160 ei
995 1104 1101 1175 qui
1135 1103 1298 1175 misit
1327 1115 1487 1175 eum,

334 1173 596 1232 animam
625 1175 815 1246 ipsius
845 1173 1208 1246 requiescere
1237 1173 1392 1230 facit.

260 1247 823 1319 Nubes.aetaventus,
856 1251 914 1302 et
943 1246 1150 1319 pluviae
1183 1263 1297 1302 non
1329 1247 1640 1319 sequentes
1672 1256 1684 1297 :

335 1319 425 1374 vir
448 1317 764 1391 gloriosus,
798 1323 854 1373 et
886 1315 1178 1391 promissa
1209 1334 1322 1374 non
1354 1315 1679 1388 complens.

260 1391 302 1448 P
322 1389 564 1446 atientia
585 1389 836 1445 lenietur
854 1389 1145 1461 princeps,

333 1462 625 1534 etilingua
650 1459 1208 1534 mollis'coufri'nget
1235 1459 1536 1534 duritiam.

259 1533 372 1592 Mel
393 1530 693 1601 invenisti,
725 1534 964 1588 comede
996 1530 1148 1604 quod
1174 1531 1394 1588 sufficit
1425 1530 1550 1601 tibi,

331 1622 404 1662 ne
437 1607 584 1661 l'orte
602 1604 852 1660 satiatus
882 1603 1114 1661 evomas
1146 1603 1314 1658 illud.

265 1677 564 1734 Subtrahe
593 1678 801 1748 pedem
831 1680 1000 1732 tuum
1033 1678 1104 1732 de
1124 1677 1298 1732 domo
1330 1673 1577 1747 proximi
1608 1671 1714 1739 tui,

333 1765 406 1805 ne
435 1749 672 1820 quando
701 1748 955 1804 satiatus
985 1749 1174 1820 oderit
1194 1756 1266 1803 te.

259 1819 556 1884 Jaculum,
588 1824 646 1876 et
672 1819 937 1892 gladius,
968 1824 1025 1876 et
1054 1819 1270 1891 sagitta
1300 1821 1491 1892 acuta,

329 1893 506 1950 homo
538 1892 641 1974 qui
667 1889 928 1974 leniuntur
955 1889 1159 1948 contra
1186 1889 1517 1963 proximum
1543 1906 1719 1945 suum
1746 1889 1913 1946 testi-

404 1963 673 2020 monium
715 1963 952 2019 falsum.

259 2036 741 2107 Densputridus,
772 2041 830 2090 et
851 2052 951 2107 pes
981 2033 1193 2107 lassus,

332 2103 671 2179 qui—sperat
701 2103 879 2179 super
909 2105 1132 2179 infideli
1157 2103 1662 2179 indicangustiae,

333 2176 392 2234 et
418 2179 639 2234 amittit
670 2177 914 2248 pallium
946 2177 1005 2233 in
1037 2176 1130 2232 die
1162 2176 1415 2247 frigoris.

257 2254 507 2306 Acetum
537 2249 597 2305 in
635 2251 810 2320 nitro,

333 2322 434 2394 qui
465 2318 941 2394 cantatcarrnina
968 2319 1125 2375 cordi
1157 2318 1409 2394 pessimo
1444 2320 1484 2371 ε.

259 2393 323 2450 Si
352 2389 628 2450 esurierit
656 2393 936 2449 inimicus
968 2395 1130 2456 tuus,
1162 2389 1294 2446 eiba
1324 2389 1491 2445 illum
1528 2407 1540 2444 :

332 2466 383 2521 si
416 2465 649 2532 sitierit,
682 2466 757 2521 da
787 2465 839 2520 ei
872 2481 1083 2535 aquam
1117 2463 1354 2518 bibere:

259 2538 492 2593 Prunas
521 2536 680 2592 enim
704 2534 1092 2608 congregabis
1114 2551 1292 2606 super
1320 2536 1497 2604 caput
1525 2534 1675 2606 ejus,

335 2614 393 2666 et
423 2609 709 2665 Dominus
735 2607 948 2665 reddet
969 2607 1098 2663 tibi.

253 2679 482 2736 Ventus
505 2681 701 2752 aquilo
732 2680 985 2752 dissipat
1017 2675 1271 2752 pluvias,

331 2757 392 2831 e_t_
417 2747 594 2831 facies
623 2753 809 2831 tristis
839 2747 1111 2831 linguam
1128 2747 1556 2831 detrahentem.

255 2823 470 2881 Melius
509 2827 598 2880 est
622 2825 825 2881 sedere
855 2823 914 2879 in
934 2821 1152 2894 angulo
1176 2821 1451 2894 domatis,

335 2911 680 2979 quamcum
712 2895 958 2952 muliere
989 2890 1270 2966 litigiosa,
1311 2895 1366 2948 et
1415 2892 1474 2946 in
1531 2890 1705 2947 domo
1756 2909 1914 2949 com-

408 2982 595 3022 muni.

255 3041 431 3111 Aqua
463 3038 675 3110 frigida
699 3036 914 3111 animae
934 3033 1190 3111 sitienti,

331 3105 390 3167 et
420 3105 662 3166 nuntius
693 3110 886 3166 bonus
915 3109 985 3164 de
1016 3111 1171 3162 terra
1202 3105 1547 3177 longinqua.

253 3182 414 3238 Fons
446 3183 721 3238 turbatus
753 3182 918 3254 pede,
947 3183 1005 3236 et
1025 3195 1181 3254 avena
1212 3182 1508 3248 corrupta,

321 3250 773 3325 justusicadens
805 3269 1000 3325 coram
1021 3250 1101 3306 im
1111 3250 1222 3325 pio.

250 3321 420 3383 Sicut
449 3324 550 3396 qui
583 3324 698 3380 mel
730 3324 986 3380 multum
1017 3321 1415 3396 comedit,n_on
1448 3323 1536 3376 est
1565 3321 1614 3396 ei
1649 3321 1901 3378 bonum:

327 3392 545 3524 sic
577 3400 872 3453 scrutator
909 3400 997 3452 est
1046 3392 1396 3465 majestatis,
1445 3393 1816 3465 Opprimetur
1871 3411 1905 3450 a

400 3485 437 3524 α
463 3485 606 3524 orla.

463 3485 606 3525 01⁵18.

249 3485 815 3616 Sicughci'liigpatens
842 3542 898 3595 ct
928 3539 1152 3616 absque
1171 3552 1488 3616 _muroram
1521 3536 1770 3616 ambitu,

325 3613 413 3668 ita
440 3612 550 3679 vir,
583 3608 682 3683 qui
710 3629 822 3667 non
858 3608 1137 3683 potest‘in
1169 3609 1463 3681 loquendo
1494 3608 1766 3666 cohibere
1789 3609 1904 3681 spi-

331 3683 512 3739 ritum
544 3701 740 3739 suum.

253 3755 424 3828 (Cap.
454 3755 683 3827 XXVI.)
718 3753 1018 3822 Quomodo
1050 3751 1150 3807 nix
1172 3750 1233 3806 in
1263 3754 1483 3818 aestate,
1508 3753 1565 3805 et
1596 3750 1803 3822 pluviae
1844 3754 1902 3808 in

403 3843 595 3884 messe
629 3844 642 3882 Ξ

328 3899 414 3954 sic
435 3899 712 3955 indecens
743 3901 833 3952 est
859 3895 1036 3952 stulto
1067 3893 1276 3955 gloria.

248 3968 418 4027 Sicut
443 3971 566 4027 avis
598 3972 667 4026 ad
693 3968 809 4026 alia
837 3968 1262 4034 transvolans”;

327 4046 387 4098 et
416 4058 621 4113 passer
650 4057 761 4113 quo
793 4040 936 4096 libet
965 4040 1185 4094 vadens
1218 4056 1235 4092 :

337 4111 830 4186 sic—maledictum
863 4113 1083 4168 frustra
1132 4112 1427 4183 prolatum
1462 4111 1520 4168 in
1571 4113 1908 4186 quempiam

405 4185 800 4257 superveniet.

250 4254 580 4328 Flagellum
614 4274 786 4329 equo,
815 4260 878 4329 et
899 4255 1147 4311 chamus
1179 4256 1371 4325 asino,

325 4327 385 4384 et
411 4330 576 4399 virga
603 4327 777 4385 dorso
809 4327 1298 4398 imprudentium.

248 4398 336 4454 Ne
369 4401 724 4472 respondeas
755 4399 943 4472 stulto
957 4400 1131 4472 juxta
1159 4401 1475 4456 stultitiam
1496 4418 1690 4472 suam,

324 4487 396 4526 ne
427 4471 708 4529 efficiaris
730 4473 779 4528 ei
813 4471 1049 4526 similis.
1227 4529 1236 4539 ς

248 4542 562 4614 Responde
591 4543 773 4600 stulto
795 4544 960 4614 iuxta
989 4541 1300 4598 stultitiam
1334 4558 1527 4610 suam,

322 4631 394 4669 ne
423 4615 534 4671 sibi
565 4616 802 4685 sapiens
831 4631 960 4670 esse
987 4615 1275 4669 videatur.

244 4684 511 4743 Claudus
543 4683 812 4758 pedibus,
844 4692 901 4741 et
929 4686 1304 4758 iniquitatem
1340 4683 1570 4758 bibens,

319 4758 422 4828 qui
455 4755 638 4814 mittit
665 4760 840 4816 verba
870 4773 972 4829 per
1005 4755 1272 4829 nuntium
1307 4755 1576 4829 stultum.

243 4827 550 4903 Quamodo
577 4831 853 4903 pulchras
873 4827 1100 4884 frustra
1127 4828 1301 4903 habet
1328 4828 1577 4903 claudus
1606 4827 1780 4903 tibias
1813 4846 1826 4884 :

318 4903 404 4956 sic
437 4899 713 4958 indecens
744 4907 833 4958 est
861 4903 918 4957 in
951 4919 1050 4957 ore
1080 4900 1394 4956 stultorum
1424 4899 1719 4971 parabola.

241 4971 408 5046 Sicut
438 4974 534 5046 qui
568 4975 749 5031 mittit
777 4973 1032 5046 lapidem
1063 4973 1118 5046 in
1143 4987 1416 5026 acervum
1446 4972 1713 5027 Mercurii
1751 4991 1765 5028 :

321 5043 404 5100 ita
433 5043 535 5117 qui
566 5045 779 5103 tribuit
806 5043 1108 5116 insipienti
1140 5046 1446 5117 honorem.

245 5115 552 5182 Quomodo
583 5120 634 5175 si
664 5119 837 5190 spina
867 5115 1146 5174 nascatur
1167 5116 1224 5170 in
1258 5132 1435 5171 manu
1469 5115 1778 5172 temulenti
1811 5133 1825 5171 :

319 5335 338 5368 ³
372 5333 536 5389 Hunc
561 5333 744 5389 alium
767 5333 1118 5388 versiculum
1142 5331 1445 5388 sufficiunt
1471 5331 1727 5401 Vulgata:
1748 5334 1904 5388 codi-

245 5420 345 5460 ces
380 5421 392 5458 :
424 5405 620 5472 gratia
651 5410 703 5460 et
733 5405 990 5461 amiritz’u
1022 5405 1265 5459 liberant
1295 5422 1312 5458 :
1345 5421 1478 5474 quas
1507 5404 1610 5459 (ibi
1645 5421 1801 5460 serva
1832 5424 1900 5461 ne

242 5477 656 5546 exprobrabifis
705 5479 804 5544 ﬁas
844 5495 862 5532 :
904 5494 969 5532 ex
1032 5475 1175 5531 solis
1220 5475 1458 5546 quidem
1495 5477 1899 5546 Septuaginta

241 5543 599 5620 derivatum,
635 5543 737 5620 sed
760 5549 859 5620 qui
889 5554 1172 5620 praiterea
1203 5543 1448 5612 addunt,
1483 5543 1627 5600 ἀλλά
1660 5546 1894 5620 φύλαξον

239 5617 342 5680 τάς
372 5615 531 5680 ὁδούς
564 5623 660 5673 σού
692 5615 1166 5684 εὑσῖδναλλάκτως,
1194 5620 1286 5675 sed
1315 5619 1536 5674 observa
1588 5615 1713 5675 vicis
1772 5615 1898 5676 ldus

240 5691 309 5746 in
337 5694 612 5748 amicitia.
647 5692 802 5747 Nihil
835 5709 969 5747 vero
1001 5707 1069 5746 ex
1110 5691 1201 5746 his
1258 5691 1380 5746 sive
1427 5690 1730 5758 Hebraeus,
1780 5693 1898 5748 sivo

246 5761 684 5836 Hieronymiani
715 5763 944 5821 codices
969 5763 1217 5836 ipsi,seu
1248 5763 1486 5819 demum
1517 5763 1896 5835 Compluten-

244 5831 328 5891 sis
357 5831 560 5910 editio,
590 5836 829 5893 habent.

1565 265 1778 320 mssa
1815 265 2411 340 PROVERBIORUM.

1955 391 2009 458 Α
2054 457 2071 472 ρ
2111 388 2505 472 sicparabola
2534 391 2726 472 in_ore
2758 396 3099 458 stultorum.

1937 1739 1986 1803 B

3550 286 3687 342 1334

2039 457 2344 537 Judici'um
2369 462 2722 537 determinat
2753 484 2980 537 causas,

2077 533 2582 624 “etqui‘imponit
2606 538 2792 624 stulto
2824 533 3303 624 silentiumgiras
3336 549 3592 624 mitigat.

2033 601 2187 684 Sicut
2216 601 2534 694 canisfqui
2565 611 2874 694 revertitur
2901 615 2974 669 ad
3006 601 3510 694 vomitum'suumo,

2084 678 2188 757 sic
2206 678 2583 757 imprudens,
2617 682 2728 757 qui
2751 683 2923 739 iterat
2952 687 3263 745 stultitiam
3293 708 3486 751 suam.

2031 745 2253 828 Vidisti.
2275 745 2570 828 hominem
2605 745 2928 828 sapientem
2963 758 3074 813 sibi
3108 745 3333 818 videri?

2103 819 2288 892 magis
2323 819 2419 876 illo
2452 838 2617 892 spem
2648 819 2888 882 Habebit
2921 830 3161 888 stultus.

2029 889 2178 962 Dicit
2201 890 2365 962 piger
2393 909 2406 945 :
2439 889 2643 949 Leaena
2674 896 2733 951 in
2765 898 2894 954 via:

2099 960 2187 1016 leo
2205 960 2290 1017 in'
2311 962 2624 1022 itineribus
2654 983 2666 1020 :

2026 1032 2191 1116 Sicut
2210 1034 2427 1116 ostium
2453 1038 2694 1116 vertitur
2725 1039 2782 1095 in
2816 1044 3056 1101 cardine
3085 1063 3216 1116 suo,

2096 1105 2176 1160 ita
2209 1103 2369 1177 piger
2395 1106 2454 1161 in
2485 1107 2698 1166 lectulo
2729 1129 2858 1169 suo.

2025 1175 2345 1262 Abscondit
2375 1177 2807 1262 piger_manum
2840 1187 2951 1242 sub
2984 1188 3199 1244 ascella
3229 1205 3358 1252 sua.

2091 1251 2148 1304 et
2169 1248 2394 1305 laborat
2414 1248 2462 1305 si
2495 1253 2565 1307 ad
2591 1270 2656 1309 os
2686 1273 2862 1312 suum
2894 1275 3022 1314 eam
3050 1248 3417 1318 converterit.

2020 1319 2350 1403 Sapientior
2379 1322 2492 1403 sibi
2518 1323 2680 1403 piger
2700 1328 2927 1403 videtur

2063 1396 2313 1474 .septem
2347 1396 2487 1449 viris
2518 1396 2889 1474 loquentibus
2920 1399 3261 1457 sententias.

2017 1461 2181 1546 Sicut
2208 1463 2308 1546 qui
2339 1461 2991 1548 apprehenditauribus
3022 1489 3244 1540 canem,

2088 1538 2172 1591 sic
2197 1538 2547 1660 lquttrausit
2569 1539 2904 1615 impatiens,
2954 1549 3010 1600 et
3065 1538 3481 1602 commiscetur
3525 1545 3661 1603 rixas

2158 1624 2187 1660 8
2244 1623 2422 1660 enus.

2158 1623 2422 1664 alterius.

2017 1677 2410 1806 Sicutnapatiaara
2441 1685 2530 1737 est
2563 1683 2666 1754 qui
2715 1684 2899 1741 mittit
2945 1687 3213 1760 sagittas,
3264 1693 3321 1745 et
3347 1689 3577 1749 lanceas
3600 1690 3658 1746 in

2262 1769 2285 1804 r
2442 1768 2454 1804 :

2262 1768 2406 1804 rtem
2442 1768 2454 1804 Σ

2091 1819 2173 1875 ita
2203 1822 2307 1890 vir,
2340 1822 2441 1894 qui
2474 1824 2874 1882 fraudulenter
2903 1833 3069 1884 nocet
3097 1830 3288 1887 amico
3307 1849 3414 1888 suo
3448 1849 3460 1888 :

2091 1896 2150 1947 et
2178 1909 2309 1968 cum
2341 1894 2514 1968 fuerit
2537 1896 2960 1968 deprehensus,
2984 1899 3127 1956 dicit
3157 1919 3170 1958 :
3207 1902 3440 1960 Ludens
3464 1905 3592 1962 feci.

2021 1962 2168 2045 Cum
2199 1965 2517 2022 defecerint
2545 1962 2725 2045 ligna,
2757 1962 3156 2045 exstinguetur
3185 1973 3380 2045 ignis;

2069 2040 2149 2116 .et
2169 2053 2500 2116 susu‘rrone
2530 2043 2854 2116 subtracto,
2874 2040 3074 2116 jurgia
3103 2040 3540 2116 conquiescent.

2069 2060 2149 2116 ,δι
2178 2060 2500 2093 susurrone
2530 2060 2854 2110 sumracto,
2874 2060 2975 2114 Jur
3020 2061 3074 2098 ia
3103 2060 3509 2116 conquxescent

2206 2109 2501 2198 Earboaes
2529 2113 2598 2166 ad
2635 2060 3158 2198 prunasnetﬁigna
3185 2117 3257 2173 ad
3289 2118 3509 2190 ignem,

2093 2179 2177 2233 sic
2204 2178 2378 2235 homo
2409 2178 2729 2239 iracundus
2751 2185 2993 2242 suscitat
3024 2178 3202 2245 rixas.

2020 2248 2210 2331 Verba
2241 2254 2582 2331 susurronis
2603 2256 2777 2331 quasi
2803 2257 3119 2331 simplicia,

2092 2325 2150 2376 et
2179 2325 2309 2392 ipsa
2334 2325 2684 2395 perveniunt
2715 2329 2785 2382 ad
2821 2325 3031 2385 intima
3056 2325 3305 2387 ventris.

2021 2393 2406 2476 Quomodo—si
2428 2402 2669 2476 argento
2696 2399 2930 2456 sordido
2955 2417 3164 2476 ornare
3187 2402 3326 2458 velis
3351 2420 3447 2459 vas
3473 2401 3674 2476 fictile,

2093 2464 2179 2546 sic
2207 2463 2363 2546 labia
2394 2463 2687 2546 tumentia
2717 2487 2850 2546 cum
2879 2473 3137 2546 pessimo
3168 2475 3341 2530 corde
3367 2475 3608 2532 sociata.

2021 2537 2216 2591 Labiis
2236 2538 2361 2617 suis
2392 2539 2740 2617 intelligitur
2769 2537 3066 2617 inimicas,

2093 2624 2228 2662 cum
2257 2612 2314 2663 in
2345 2612 2517 2666 corde
2547 2615 2882 2669 tractaverit
2911 2615 3098 2672 dolos.

2022 2680 2271 2762 Quando.
2295 2681 2640 2762 submiserit
2663 2701 2864 2762 vocem
2889 2704 3084 2754 suam,
3114 2705 3187 2762 ne
3217 2688 3538 2762 credideris
3556 2689 3618 2762 ei
3647 2705 3662 2745 :

2092 2757 2372 2833 quoniam
2397 2757 2916 2833 septem‘nequitiaa
2947 2763 3087 2815 sunt
3133 2760 3194 2815 in
3255 2761 3428 2816 corde
3483 2761 3666 2817 illius.

2020 2821 2130 2886 Qui
2159 2823 2346 2896 operit
2373 2821 2574 2881 odi—um
2606 2821 3026 2896 fraudulenter,

2093 2894 2446 2970 revelabitur
2475 2898 2703 2955 malitia
2731 2901 2860 2970 ejus
2891 2901 2948 2956 in
2981 2894 3250 2970 concilio,

2022 2966 2130 3032 Qui
2164 2966 2312 3040 fodit
2340 2967 2586 3040 foveam,
2616 2966 2831 3028 incidet
2861 2973 2919 3027 in
2945 2989 3073 3028 eam
3109 2991 3122 3029 :

2093 3041 2151 3092 et
2182 3038 2490 3116 qui_v_olvit
2517 3038 2795 3114 lapidem,
2826 3049 3147 3100 revertetur
3176 3045 3249 3101 ad
3269 3061 3429 3116 eum,

1942 3112 1984 3179 C
2025 3107 2247 3188 Lingua
2275 3110 2452 3188 fallax
2483 3107 2597 3170 non
2631 3107 2792 3171 amat
2813 3117 3134 3188 veritatem,

2093 3185 2150 3235 et
2177 3198 2243 3256 os
2261 3181 2568 3256 lubricum
2602 3193 2877 3256 operatur
2901 3181 3126 3244 ruinas;

2012 3251 2166 3336 (09p.
2201 3253 2454 3326 XXVII.)
2475 3257 2567 3336 itte
2598 3251 2869 3336 glorieris
2902 3259 2961 3314 in
2993 3258 3346 3336 crastinum,

2081 3329 2362 3404 ignorans
2382 3329 2529 3404 quid
2563 3335 2992 3402 superventura
3014 3332 3204 3404 pariat
3235 3331 3380 3387 dies.

2011 3395 2232 3452 Laudet
2264 3401 2321 3454 te
2341 3395 2592 3469 alienus,
2619 3395 2674 3456 et
2704 3418 2822 3458 non
2856 3420 2922 3458 os
2954 3395 3123 3459 tu'um
3157 3420 3170 3459 :

2081 3472 2414 3540 extraneus,
2447 3476 2505 3527 et
2526 3489 2640 3528 non
2664 3473 2817 3530 labia
2846 3479 2969 3530 tua.

2012 3539 2195 3614 Grave
2219 3545 2316 3614 est
2342 3539 2637 3614 saxum,et
2655 3562 2902 3602 onerosa
2932 3563 3110 3602 arena
3145 3564 3156 3601 :

2082 3611 2184 3666 sed
2215 3612 2303 3689 ira
2327 3615 2494 3689 stulti
2527 3611 2772 3689 utroque
2795 3618 3046 3689 gravior.

2011 3682 2100 3738 Ita
2128 3699 2244 3759 non
2277 3685 2452 3742 habet
2481 3682 2970 3756 misericordiam,
2999 3706 3103 3744 nec
3137 3703 3454 3759 erumpens
3482 3687 3662 3742 furor:

2083 3759 2142 3832 et
2172 3754 2458 3827 impetum
2490 3761 2760 3832 cancilati
2787 3763 2934 3816 ferre
2955 3754 3089 3831 quis
3121 3754 3334 3832 poterit
3354 3761 3381 3813 Υ

2012 3823 2215 3881 Melior
2238 3823 2327 3883 est
2356 3829 2669 3885 manifesta
2690 3823 3000 3902 correptio,

2083 3913 2261 4022 quam
2287 3917 2452 3955 amor
2482 3901 2888 3958 absconditus.

2083 3983 2103 4022 Β
2132 3968 2256 4022 iora
2283 3976 2425 4022 sunt
2453 3971 2693 4022 vulnera
2723 3973 2888 4022 dilige

2014 3968 2256 4024 Meliora
2283 3976 2425 4045 sunt
2453 3971 2694 4045 vulnera
2723 3971 3047 4045 diligentis,

2085 4057 2261 4121 quam
2289 4043 2660 4121 fraudulenta
2683 4041 2885 4121 oscula
2915 4041 3191 4100 odientis.

2011 4112 2225 4169 Anima
2255 4120 2516 4172 saturata
2546 4117 2796 4172 calcabit
2816 4118 3014 4172 favum
3049 4132 3062 4171 :

2085 4184 2285 4240 anima
2313 4189 2580 4244 esuriens
2611 4194 2668 4244 et
2701 4205 2969 4244 amarum
3004 4203 3106 4244 oro
3138 4184 3296 4241 dulci
3326 4188 3544 4240 sumet.

2011 4253 2177 4332 Sicut
2207 4258 2332 4332 avis
2363 4259 2794 4332 transmigrans
2827 4261 2897 4332 de
2923 4253 3062 4314 nido
3094 4274 3226 4323 suo,

2084 4327 2168 4382 sic
2199 4329 2288 4383 vir
2317 4332 2418 4400 qui
2459 4327 2816 4404 derelinquit
2838 4331 3038 4404 locum
3064 4345 3264 4394 suum,

2012 4395 2320 4469 Unguento
2334 4395 2403 4458 ‘et
2432 4404 2608 4458 variis
2640 4395 2920 4459 odoribus
2951 4401 3270 4457 delectatur
3293 4415 3429 4467 cor;

1935 4489 1981 4553 ι)
2029 4543 2042 4553 Δ
2084 4476 2141 4553 et
2171 4473 2340 4553 bonis
2371 4475 2556 4553 amici
2577 4475 2836 4553 consiliis
2860 4475 3056 4553 anima
3081 4471 3443 4553 daul_corat_ur.

2012 4543 2284 4618 Amicum
2310 4549 2566 4615 tuum,et
2597 4548 2855 4602 amicum
2889 4543 3202 4618 patris__tui_
3227 4560 3300 4618 ne
3329 4541 3657 4618 dimiseris:

2086 4620 2143 4670 et
2171 4616 2413 4689 domum
2442 4613 2637 4675 fratris
2668 4619 2753 4675 tui
2788 4635 2859 4674 ne
2890 4613 3240 4689 ingrediaris
3280 4616 3340 4670 in
3373 4614 3465 4670 die
3496 4613 3657 4670 alﬂi-

2155 4687 2332 4744 tionis
2361 4694 2493 4744 ωδε.

2011 4759 2213 4816 Melior
2241 4766 2329 4816 est
2351 4761 2579 4816 vicinus
2605 4762 2795 4832 juxta.

2084 4849 2260 4903 quam
2293 4833 2474 4888 frater
2503 4833 2726 4905 procul.

2011 4905 2192 4960 Stude
2218 4904 2540 4976 sapientiae,
2574 4905 2654 4959 fili
2686 4906 2788 4972 mi,
2815 4909 2872 4962 et
2901 4904 3128 4962 laetifica
3149 4923 3247 4962 cor
3276 4923 3472 4962 meum
3499 4923 3512 4973 ;

2084 4981 2146 5030 ut
2177 4977 2368 5049 possis
2400 4977 2773 5049 exprobranti
2806 4979 3160 5049 respondere
3191 4995 3546 5040 sermonem.

2009 5047 2494 5119 Astutusavidens
2519 5047 2761 5119 malum,
2794 5047 3181 5106 absconditus
3204 5055 3292 5106 est
3327 5067 3340 5104 :

2081 5117 2310 5190 parvuli
2346 5125 2720 5178 transeuntes
2749 5117 3169 5178 Sustinucrunt
3197 5120 3524 5193 dispendia.

2082 5335 2102 5368 ‘-’
2133 5333 2314 5388 Iidem
2344 5333 2609 5404 Vulgata:
2642 5335 2872 5390 codices
2905 5336 3154 5402 addunt,
3183 5336 3339 5391 Sicut
3390 5335 3537 5390 linea
3567 5352 3660 5390 ve-

2008 5405 2284 5465 stimento.
2318 5410 2368 5460 et
2397 5405 2598 5460 vermis
2621 5409 2799 5476 ligno:
2818 5409 2892 5461 ita
2917 5406 3148 5461 trislilia
3170 5407 3282 5462 υἱνί
3308 5416 3462 5461 nocet
3489 5409 3667 5476 cordi,

2010 5495 2137 5546 quae
2164 5480 2218 5531 in
2252 5477 2520 5532 Chaldaeo
2546 5479 2782 5548 quiderm
2815 5483 3118 5544 resonant,
3155 5478 3211 5532 in
3246 5479 3526 5534 Hebraico
3559 5497 3662 5535 au-

2013 5560 2157 5623 tem,
2183 5549 2738 5623 ettlieronymianis
2767 5551 3087 5618 codicibus,
3125 5556 3262 5606 utet
3293 5550 3352 5604 in
3386 5551 3664 5623 Complu-

2012 5620 2158 5675 tensi
2193 5621 2469 5689 editione,
2500 5638 2614 5676 non
2647 5627 2803 5677 sunt.

2079 5691 2280 5747 ’Sunt
2337 5691 2628 5747 nonnulla:
2681 5693 2987 5759 editiones,
3053 5697 3116 5748 ut
3157 5697 3248 5748 est
3307 5693 3450 5749 Sixti
3509 5696 3549 5752 V
3603 5699 3660 5752 et

2009 5762 2458 5839 Complutensis,
2493 5764 2758 5839 aliaeque,
2787 5763 3054 5839 tumloei
3077 5764 3255 5836 hujus
3287 5765 3658 5839 interpretes,

2010 5835 2107 5904 qui
2139 5834 2340 5905 legunt
2368 5837 2437 5891 ad
2470 5837 2602 5902 alta,
2636 5834 2739 5908 pro
2779 5835 2847 5890 ad
2875 5836 3010 5890 alia.
