4090 6192
288 275 428 334 1337

430 400 641 457 fundet
669 400 917 455 matrem
950 412 1147 454 suam.

286 476 353 533 lu
385 470 1213 599 mlultiplicationeimpiorum
1228 467 1784 541 multiplicabuntur
1805 483 1934 524 sce-

467 560 566 599 era
594 559 608 597 :

467 560 566 599 6P8
594 559 608 597 ἶ

365 620 423 672 et
442 615 595 688 justi
628 613 831 668 ruinas
863 629 1064 668 eorum
1096 611 1399 688 videbunt,

292 684 471 745 Erudi
505 686 692 742 ﬁlium
726 691 918 751 tuum,
952 689 1010 739 et
1043 684 1409 753 refrigerabit
1442 687 1518 753 te,

366 766 425 816 et
455 756 619 814 dabit
648 756 890 811 delicias
921 756 1133 811 animae
1167 762 1302 809 tute.

290 833 438 890 Cum
470 827 784 903 prophetia
812 828 1113 903 defecerit,
1150 825 1540 903 dissipabitur
1569 824 1823 898 populus
1855 840 1870 881 :

368 898 655 976 qui'vero
675 899 934 976 custodit
964 898 1171 976 legem,
1204 899 1412 976 beatus
1442 901 1552 954 est.

292 968 509 1032 Servus
537 971 733 1027 verbis
766 986 882 1026 non
914 974 1107 1041 potest
1137 968 1359 1024 erudiri
1394 984 1409 1023 :

367 1046 509 1117 quia
538 1042 694 1125 quod
725 1042 875 1098 dicis
906 1039 1205 1115 intelligit,
1259 1046 1318 1096 et
1362 1039 1719 1112 respondere
1748 1041 1948 1096 conte-

446 1120 617 1171 mnit.

301 1187 512 1247 Vidisti
544 1184 847 1241 hominem
877 1183 1131 1239 velocem
1165 1182 1236 1238 ad
1270 1181 1633 1254 loquendum
1658 1181 1686 1238 ‘2

374 1258 636 1315 stultitia
650 1257 839 1327 magis
855 1256 1146 1329 speranda
1158 1258 1247 1329 est
1263 1251 1437 1326 quam
1452 1254 1615 1309 illius
1639 1251 1948 1325 correptio.

302 1332 411 1398 Qui
443 1330 688 1386 delicate
725 1326 759 1382 a
785 1326 1037 1399 pueritia
1063 1326 1253 1381 nutrit
1285 1341 1517 1381 servum
1552 1342 1752 1391 suum,

374 1407 581 1474 postea
610 1400 779 1454 illum
812 1400 1026 1454 sentiet
1055 1403 1484 1474 contumacem.

303 1470 407 1529 Vir
434 1474 753 1529 iracundus
783 1473 1053 1543 provocat
1082 1470 1235 1543 rixas
1268 1486 1282 1543 ξ

375 1551 433 1602 et
472 1544 575 1615 qui
606 1543 679 1598 ad
712 1539 1143 1615 indignandum
1180 1539 1368 1597 facilis
1394 1544 1505 1608 est,
1556 1539 1668 1597 erit
1713 1540 1785 1596 ad
1818 1555 1951 1612 peo-

486 1614 684 1671 catum
718 1614 1048 1686 proclivior.

306 1688 652 1759 Superbum
675 1682 947 1759 sequitur
972 1682 1280 1759 humilitas
1308 1701 1323 1759 ;

378 1753 436 1838 et
466 1753 776 1838 humilem‘
797 1757 1008 1838 spiritu
1044 1755 1331 1838 suscipiet
1361 1753 1567 1835 gloria.

304 1830 415 1895 Qui
446 1846 576 1885 cum
610 1829 734 1884 fure
764 1828 1097 1901 participat,
1129 1828 1254 1901 odit
1283 1828 1542 1901 animam
1566 1842 1739 1882 suam
1771 1841 1786 1883 :

380 1897 1063 1972 adjurantem'auditfet
1092 1915 1207 1955 non
1240 1897 1482 1953 indicat.

306 1973 415 2038 Qui
442 1971 612 2028 timet
640 1972 968 2036 hominem,
1000 1971 1113 2026 cito
1144 1975 1376 2026 corruet
1407 1985 1421 2023 :

379 2044 483 2116 qui
515 2047 714 2116 sperat
743 2042 803 2098 in
829 2042 1101 2116 Domino,
1131 2039 1535 2116 sublevabitur
1565 2055 1580 2095 :

310 2112 479 2173 Multi
512 2112 823 2186 requirunt
853 2115 1058 2170 faciem
1093 2112 1373 2186 principis
1408 2129 1422 2167 :

380 2128 479 2171 ulti
512 2128 823 2186 requirunt
853 2128 1058 2170 faciem
1093 2128 1373 2238 pranlJnS
1408 2129 1422 2167 :

380 2194 439 2244 et
468 2186 1095 2268 alDominojudici'um
1129 2200 1263 2268 egre
1300 2182 1428 2266 .itur
1456 2181 1850 2257 singulorum.

308 2258 745 2315 Abominantur
767 2255 917 2328 justi
946 2258 1138 2312 virum
1168 2255 1456 2326 impium:

382 2335 440 2387 et
463 2326 881 2386 abominantur
901 2329 1067 2400 impii
1091 2327 1319 2400 eos,qui
1340 2328 1398 2382 in
1422 2330 1580 2382 recta
1600 2329 1739 2382 sunt
1758 2326 1904 2382 via‘.

416 2444 659 2502 VERBA
689 2443 1240 2502 CONGREGANTIB
1268 2442 1435 2498 FILII
1466 2441 1849 2512 VOMENTIS,

312 2544 467 2617 (Cap.
501 2542 696 2670 )Exgi.)
729 2542 912 2609 Visio,
942 2558 1123 2615 quam
1152 2540 1385 2598 locutus
1416 2544 1506 2597 est
1524 2540 1634 2609 vir,
1662 2557 1797 2596 cum
1842 2558 1959 2614 quo

455 2632 517 2670 es
662 2631 753 2670 us.

455 2630 547 2672 est
575 2630 753 2683 usus,

384 2690 442 2741 et
474 2684 573 2757 qui
605 2685 721 2741 Deo
752 2688 1244 2757 secummorante
1273 2684 1661 2753 confortatus,
1694 2682 1776 2739 ait
1806 2700 1821 2740 :

307 2756 719 2815 Stultissimus
750 2774 882 2813 sum
912 2756 1198 2827 virorum,

386 2833 445 2884 et
474 2829 765 2900 sapientia
795 2827 1103 2884 hominum
1135 2844 1250 2885 non
1282 2831 1372 2884 est
1400 2842 1653 2884 mecum.

322 2901 371 2957 N
386 2917 461 2957 on
490 2900 669 2956 didici
699 2900 1072 2972 sapientiam,

390 2977 450 3027 et
480 2972 611 3028 novi
643 2970 982 3027 sanctorum
1015 2970 1323 3027 scientiam
1346 2971 1389 3024 ³.

317 3044 460 3109 Quis
492 3046 754 3099 ascendit
776 3043 836 3098 in
863 3043 1096 3107 caelum,
1128 3048 1307 3113 atque
1337 3040 1682 3113 descendit?

392 3116 526 3196 quis
553 3115 845 3196 continuit
874 3115 1147 3185 spiritum
1276 3114 1552 3196 manibus
1581 3112 1755 3196 suish?

322 3184 463 3253 Quia
493 3185 790 3257 colligavit
817 3184 1001 3257 aquas
1032 3185 1203 3258 quasi
1232 3185 1296 3258 in
1322 3184 1674 3241 vestimento
1694 3184 1723 3240 ?

398 3258 535 3328 quis
566 3256 876 3313 suscitavit
898 3256 1105 3314 omnes
1131 3256 1415 3314 terminos
1438 3260 1601 3312 terra
1627 3258 1648 3311 Β

324 3330 487 3393 Quod
521 3346 733 3385 nomen
762 3330 911 3399 eius,

399 3406 458 3456 et
487 3402 643 3471 quod
676 3398 889 3456 nomen
922 3400 1029 3455 lilii
1060 3400 1211 3471 ejus,
1243 3401 1294 3456 si
1325 3398 1529 3455 nosti?

326 3471 532 3543 Omnis
561 3488 755 3529 sermo
787 3472 889 3528 Dei
920 3472 1167 3543 ignitus,

401 3542 637 3615 clypeus
667 3549 753 3599 est
782 3542 1156 3614 sperantibus
1186 3542 1359 3615 inse.

320 3618 404 3669 Ne
438 3613 621 3670 addas
652 3613 975 3686 quidquam
1008 3615 1198 3670 verbis
1224 3613 1408 3683 illius,

392 3691 453 3741 et
481 3687 772 3756 argueris,
804 3684 1240 3757 i‘nveniarisque
1272 3684 1545 3757 mendax.

319 3756 445 3813 Duo
471 3758 667 3825 rogavi
694 3763 769 3823 te,
789 3775 861 3814 ne
882 3759 1132 3826 deneges
1157 3756 1300 3812 mihi
1349 3760 1664 3826 antequam
1698 3756 1918 3812 moriar
1948 3775 1963 3813 :

390 3829 742 3900 Vanitatem,
782 3834 841 3885 et
872 3831 1047 3885 verba
1088 3826 1393 3900 mendacia
1440 3827 1630 3900 longe,
1664 3828 1751 3883 fac
1783 3845 1817 3884 a
1848 3844 1962 3885 me.

318 3897 782 3967 Mendicitatem,
814 3906 871 3956 et
900 3900 1137 3957 divitias
1168 3917 1240 3955 ne
1269 3897 1499 3953 dederis
1530 3897 1676 3953 mihi
1707 3916 1727 3956 :

388 3972 581 4027 tribue
612 3977 845 4028 tantum
875 3972 1052 4028 victui
1089 3988 1216 4026 meo
1247 3971 1581 4025 necessaria
1614 3986 1629 4026 :

314 4044 398 4098 Ne
422 4043 571 4099 forte
602 4045 856 4099 satiatus
888 4043 1097 4099 illiciar
1125 4044 1196 4099 ad
1236 4042 1594 4114 negandum,

388 4122 442 4169 et
470 4115 661 4169 dicam
697 4132 710 4170 :
745 4115 887 4179 Quis
917 4120 1008 4170 est
1042 4114 1367 4171 Dominus?

387 4190 445 4312 Et
476 4191 734 4270 egestate
755 4189 1102 4259 compulsus
1134 4188 1312 4254 furer,
1340 4189 1398 4241 et
1420 4185 1714 4257 perjutem
1747 4202 1960 4243 nomen

439 4272 492 4312 ei
526 4274 659 4312 mei.

439 4272 492 4312 ΘΙ
526 4274 659 4313 mei.

316 4326 397 4384 Ne
433 4344 673 4385 accuses
706 4344 942 4385 servum
974 4329 1045 4384 ad
1078 4328 1395 4385 Dominum
1427 4345 1625 4399 suum,

389 4415 462 4453 ne
494 4400 638 4455 forte
663 4400 975 4456 maledicat
1003 4402 1134 4467 tibi,
1164 4408 1222 4455 et
1250 4416 1512 4456 corruas.

311 4469 644 4537 Generatio,
679 4489 805 4544 quas
839 4473 985 4543 patri
1022 4489 1128 4528 suo
1159 4471 1478 4539 maledicit,

383 4547 441 4596 et
471 4559 597 4611 quas
626 4561 739 4599 nou
768 4544 1058 4599 benedicit
1091 4544 1259 4599 matri
1292 4561 1433 4599 suae.

310 4610 644 4679 Generatio,
673 4632 802 4685 quae
836 4615 949 4670 sibi
984 4616 1205 4670 munda
1232 4614 1481 4677 videtur,

380 4694 439 4739 et
469 4689 665 4742 tamen
699 4703 814 4741 non
840 4693 930 4742 est
962 4686 1083 4742 lota
1113 4704 1146 4742 a
1178 4687 1453 4743 sordibus
1484 4687 1629 4743 suis.

305 4752 641 4821 Generatio,
681 4760 854 4828 cujus
886 4757 1099 4813 excelsi
1132 4764 1272 4813 sunt
1303 4760 1482 4827 oculi,

380 4834 437 4883 et
467 4828 762 4901 palpebras
793 4830 922 4899 ejus
954 4830 1012 4884 in
1042 4829 1161 4884 alta
1190 4835 1488 4886 surrecta.

386 5037 757 5119 {subjungit
806 5040 977 5110 Vulg.
1029 5040 1609 5119 editioAyersiculum
1664 5059 1699 5119 :_
1734 5044 1964 5119 Verbum

309 5110 623 5184 custodiens
653 5111 834 5179 ﬁlius,
859 5120 1022 5167 extra
1047 5112 1208 5183 perdi
1216 5113 1423 5168 lienem
1454 5112 1582 5182 erit,
1603 5115 1700 5184 qui
1726 5117 1964 5173 tametsi

311 5197 380 5236 ex
414 5182 552 5237 LXX
587 5183 872 5239 duntaxat
903 5185 1288 5239 translatione
1343 5185 1398 5238 in
1455 5182 1685 5240 Latinos
1738 5188 1965 5243 codices

310 5252 674 5327 importatus
705 5259 796 5310 est
828 5273 840 5311 :
876 5254 910 5308 ii
946 5260 1143 5311 tamen
1178 5272 1293 5312 non
1322 5255 1415 5310 hic
1447 5255 1557 5311 loci
1590 5257 1829 5327 habent,
1862 5261 1963 5314 sed

309 5324 600 5398 superiori
634 5327 824 5396 capite
854 5344 1008 5393 xxw,
1042 5330 1170 5398 post
1209 5327 1565 5382 versiculum
1616 5324 1965 5386 vicesimum

310 5397 661 5451 secundum.
716 5398 774 5452 S.
830 5399 1205 5469 Augustinus
1250 5399 1400 5454 libro
1453 5400 1517 5454 de
1565 5400 1849 5458 Mendacio
1894 5403 1967 5458 ad

306 5469 583 5539 Consent.
621 5485 671 5523 c.
708 5470 795 5537 18,
851 5470 985 5538 plus
1024 5470 1218 5527 adhuc
1267 5471 1496 5524 videtur
1544 5469 1755 5539 legisse
1789 5491 1801 5527 :
1843 5474 1963 5528 Vero

310 5538 440 5620 bula
484 5542 779 5620 “excipiens
827 5540 986 5620 ﬁlius
1013 5559 1035 5620 ς
1067 5558 1101 5597 a
1130 5542 1492 5620 “perditione,
1523 5538 1680 5620 longe
1737 5546 1966 5620 aberit:

306 5611 591 5691 excipiam
630 5617 818 5691 autent
850 5612 1084 5683 excipiet
1119 5612 1261 5667 illud
1285 5614 1414 5682 sibi,
1444 5617 1494 5668 el
1532 5611 1679 5669 nihil
1705 5617 1841 5686 [alsi
1895 5618 1969 5674 de

311 5696 407 5753 ore
434 5681 593 5737 illius
616 5682 892 5753 procedet.

385 5752 407 5785 ²
438 5754 525 5808 Ita
552 5752 909 5837 exemplaria
940 5754 1193 5837 Catienis
1226 5754 1835 5837 Hebraicteveritatis,
1862 5775 1966 5837 nec

312 5839 432 5880 non
494 5824 752 5883 universi
784 5842 931 5884 mss.
992 5824 1243 5883 codices.
1290 5826 1442 5884 Editi
1475 5827 1702 5885 addunt
1734 5831 1965 5903 negati-

1570 272 1786 327 LIBEB
1825 270 2421 330 PROVBBBIORUM.

1963 396 2019 465 Α
2051 396 2381 480 Generatio,
2417 413 2671 480 quaspro
2711 394 2986 480 dentibus
3019 390 3476 480 gladios‘habet,

3569 260 3704 319 1338

2122 477 2183 525 et
2212 463 2660 525 commandit'in
2695 463 3195 537 molaribus’suis,
3213 468 3279 521 ut
3313 464 3582 521 comedat
3613 463 3704 523 in-

2159 557 2297 613 opes
2328 542 2398 596 de
2426 551 2597 609 terra,

2123 619 2180 668 et
2198 610 2489 684 pauperes
2521 630 2590 668 ex
2620 610 2985 667 hominibus.

2052 684 2435 756 Sanguisugte
2468 684 2594 739 duae
2628 687 2787 756 sunt,

2126 752 2257 811 ﬁlia
2289 752 2550 811 dicentes
2585 772 2597 810 ε
2632 754 2808 821 Atl‘er,
2839 752 3001 821 affer,

2053 827 2194 883 Tria
2223 836 2363 883 sunt
2391 826 2824 892 insaturabilia,

2125 905 2186 955 et
2214 903 2512 970 quartum,
2536 899 2692 971 quod
2741 911 3054 969 nunquam
3093 893 3236 951 dicit
3266 909 3280 950 :

2198 971 2445 1037 Sufficit,

2056 1041 2350 1109 Infernus,
2382 1049 2440 1097 et
2467 1058 2533 1097 os
2566 1040 2771 1106 vulvae,

2128 1117 2186 1169 et
2215 1119 2371 1185 terra
2401 1113 2501 1185 qui
2536 1130 2651 1169 non
2684 1111 2947 1185 satiatur
2974 1125 3177 1185 aqua;

2127 1184 2281 1257 ignis
2313 1179 2447 1243 vero
2494 1200 2801 1256 nunquam
2835 1182 2980 1239 dicit
3003 1179 3284 1238 z'sufﬁcit.

2057 1256 2330 1314 Oculum.
2364 1257 2465 1314 aui
2497 1257 2826 1312 subsannat
2857 1260 3101 1314 patrem.

2108 1270 2330 1312 culum.
2364 1274 2465 1312 aut
2497 1270 2826 1312 ευῡεεωηξιι
2857 1270 3101 1312 patrem.

2129 1274 2330 1325 :uium,
2364 1274 2465 1328 qui
2497 1274 2826 1312 subsannat
2855 1274 3101 1326 patrem.

2129 1327 2573 1400 etquidespicit
2604 1332 2837 1400 partum
2872 1325 3229 1400 matrissuae
3266 1338 3281 1378 :

2059 1397 2347 1456 Ell'odiant
2376 1397 2511 1456 eum
2539 1397 2693 1455 corvi
2716 1400 2788 1453 de
2826 1397 3215 1464 torrentibus,

2200 1478 2257 1528 et
2287 1473 2595 1528 comedaut
2624 1487 2759 1526 eum
2791 1470 2894 1524 ﬁlii
2926 1467 3160 1541 aquilas.

2057 1542 2193 1598 Tria
2224 1549 2364 1599 sunt
2392 1543 2659 1598 ditﬁcilia
2699 1541 2865 1607 mibi,

2132 1622 2189 1670 et
2217 1615 2763 1687 quartumgpenitus
2791 1614 2995 1685 ignoro
3029 1626 3044 1667 :

2058 1684 2473 1759 Viam'aquilm
2498 1684 2559 1759 in
2590 1685 2753 1754 cmlo,

1981 1765 2029 1831 Β
2138 1760 2296 1815 viam
2314 1757 2552 1831 colubri
2585 1774 2763 1831 super
2794 1758 3045 1831 petram,

2132 1831 2288 1889 viam
2320 1830 2485 1887 navis
2515 1830 2573 1884 in
2609 1826 2807 1885 medior
2833 1826 3003 1893 mari,

2134 1908 2193 1960 et
2217 1902 2369 1958 viam
2397 1902 2503 1956 viri
2536 1902 2595 1956 in
2627 1896 3044 1956 adolescentia.

2064 1975 2227 2033 Talis
2256 1979 2345 2030 est
2373 1979 2430 2029 et
2458 1972 2551 2028 via
2580 1970 2848 2029 mulieris
2877 1968 3179 2037 adulterae,

2180 2063 2264 2102 uaa
2295 2044 2571 2111 comedit,
2602 2048 2661 2099 et
2680 2048 2913 2112 tergens
2944 2057 3011 2095 os
3040 2053 3220 2112 suum

2180 2064 2264 2102 ιιω
2295 2064 2571 2111 comedit,
2602 2064 2661 2099 et
2680 2064 2913 2112 tergens
2944 2064 3011 2095 us
3040 2064 3209 2094 suum

2136 2064 2278 2174 gicit
2309 2133 2324 2172 :
2356 2116 2483 2171 Non
2515 2132 2647 2171 sum
2680 2118 2920 2186 operata
2960 2110 3209 2167 malum.

2062 2195 2172 2247 Per
2202 2188 2315 2245 tria
2344 2192 2613 2243 movetur
2644 2191 2819 2251 terra,

2135 2267 2194 2318 et
2218 2264 2494 2331 quartum
2526 2275 2643 2315 non
2673 2259 2865 2329 potest
2888 2252 3180 2331 sustinere
3214 2267 3227 2305 :

2066 2334 2174 2390 Per
2202 2326 2434 2407 servum
2466 2346 2600 2386 cum
2632 2326 2963 2407 regnaverit
2994 2341 3008 2380 :
3057 2396 3079 2407 _
3185 2393 3221 2407 η
3293 2393 3304 2404 .

2137 2421 2241 2478 per
2264 2403 2523 2478 stultum
2555 2393 3230 2478 cum'saturatusfuerit
3256 2393 3387 2477 cibo
3421 2403 3438 2474 ξ

2066 2461 2177 2534 Ρθῖ·
2206 2476 2470 2532 odiosam
2500 2473 2829 2541 mulierem,
2860 2486 2995 2525 cum
3027 2468 3088 2523 in
3120 2463 3489 2523 matrimonio
3538 2461 3716 2520 fuerit

2207 2550 2556 2618 assumpta:

2136 2624 2194 2676 et
2225 2634 2328 2690 per
2355 2606 2631 2690 ancillam
2661 2630 2794 2690 cum
2822 2612 3007 2667 haeres
3058 2608 3236 2667 fuerit
3284 2606 3535 2665 dominae
3566 2622 3710 2665 sua.

2066 2686 2330 2761 Quatuor
2360 2694 2500 2746 sunt
2531 2686 2775 2761 minima
2804 2690 3018 2761 terrae,_
3108 2751 3144 2761 η

2137 2762 2341 2845 etipsa
2361 2766 2501 2816 sunt
2524 2757 2886 2845 sapientiora
2895 2752 3287 2845 sapientibus.

2066 2829 2340 2892 Formica:
2376 2829 2993 2905 populus‘inﬁrmus,“
3178 2893 3213 2905 η
3242 2892 3253 2905 _

2138 2924 2264 2979 quas
2298 2893 2624 2979 praeparant
2643 2901 2700 2979 i_n
2723 2893 3121 2979 messecibum
3145 2893 3287 2952 sibi:

2069 2970 2435 3050 Lepusculus
2458 2974 2624 3050 plebs
2654 2970 2931 3050 invalida,

2141 3037 2239 3120 qui
2274 3037 2518 3120 collocat
2547 3046 2607 3100 in
2640 3049 2815 3120 petra
2838 3037 3028 3120 cubile
3059 3053 3236 3094 suum
3269 3053 3283 3091 :

1994 3125 2039 3193 ο
2076 3114 2288 3191 Regem
2322 3118 2551 3193 locusta
2575 3114 2692 3193 non
2725 3114 2920 3169 habet.

2147 3185 2205 3249 et
2226 3190 2521 3262 egreditur
2543 3188 2815 3262 universa
2838 3200 2938 3256 per
2959 3185 3191 3238 turmas
3220 3194 3360 3236 suas
3389 3193 3404 3235 :

2074 3258 2574 3321 Stelliovmanibus
2604 3258 2833 3324 nititur,

2148 3341 2205 3391 et
2233 3338 2499 3390 moratur
2521 3333 2581 3389 in
2611 3331 2835 3387 aedibus
2865 3325 3039 3398 regis.

2075 3408 2215 3463 Tria
2240 3410 2400 3473 sunt,
2435 3421 2565 3477 quas
2594 3404 2740 3477 bene
2761 3399 3152 3477 gradiuntur,

2145 3485 2204 3536 et
2241 3468 2541 3550 quartum,
2573 3468 2979 3550 quod‘incedit
3003 3468 3250 3526 feliciter
3280 3477 3295 3520 :

2073 3555 2185 3608 Leo
2217 3545 2948 3610 fortissimus'bestiarum,

2146 3624 2218 3678 ad
2251 3620 2475 3676 nullius
2506 3618 2736 3690 pavebit
2763 3627 3073 3690 occursum
3108 3626 3123 3665 :

2073 3693 2277 3750 Gallus
2307 3688 2646 3749 succinctus
2680 3688 2913 3745 lumbos
2939 3702 2959 3762 _:
3082 3754 3093 3762 '
3139 3756 3149 3762 _
3199 3755 3209 3762 _
3282 3750 3293 3762 ,

2142 3772 2200 3820 et
2226 3763 2378 3819 aries
2405 3781 2419 3819 :
2456 3779 2561 3819 nec
2591 3764 2681 3817 est
2706 3776 2826 3821 rex,
2858 3757 2953 3824 qui
2985 3754 3218 3809 resistat
3246 3754 3321 3829 ei.
3386 3824 3395 3829 _
3596 3825 3606 3829 _
3658 3819 3670 3829 υ

2074 3836 2139 3892 Et
2170 3834 2269 3908 qui
2289 3834 2512 3959 giultus
2543 3831 2817 3904 apparuit
2847 3821 3158 3900 postquam
3219 3821 3478 3878 elevatus
3526 3825 3616 3875 est
3654 3821 3715 3875 in

2212 3923 2279 3959 8|.)
2353 3920 2467 3959 lme
2500 3921 2514 3959 ἶ

2212 3906 2467 3960 sublime
2500 3921 2514 3959 :

2142 3978 2192 4033 si
2223 3977 2380 4033 enim
2413 3973 2814 4040 intellexisset,
2870 3968 2957 4025 ori
3009 3982 3116 4023 suo
3162 3962 3548 4037 imposuisset
3587 3976 3713 4017 ma-

2068 4120 2175 4184 Qui
2204 4066 2399 4176 $1311
2433 4118 2659 4174 fortiter
2690 4114 2903 4188 premit
2932 4112 3115 4169 ubera
3144 4109 3213 4166 ad
3229 4103 3707 4173 eliciendumlac,

2209 4192 2481 4263 exprimit
2512 4191 2787 4259 butyrum
2822 4203 2837 4242 :

2138 4268 2197 4319 et
2226 4249 2327 4336 qui
2352 4249 2726 4336 vehementer
2754 4255 3056 4336 emun_git_,_
3075 4249 3609 4336 elicitsanguinem
3636 4263 3653 4305 :

2138 4343 2195 4392 et
2226 4323 2496 4407 provocat
2525 4334 2665 4400 iras,
2698 4323 2971 4404 producit
3002 4323 3353 4383 discordias-

2438 4449 2670 4505 VERBA
2701 4444 3065 4504 LAMUELIS
3095 4441 3328 4500 REGIS.

1988 4504 2033 4568 Β
2065 4550 2219 4628 αέα-ρ..
2253 4546 2467 4628 XXXI.)
2493 4545 2677 4628 Visio,
2709 4560 2827 4628 qua
2854 4541 3133 4628 erudivit.
3156 4555 3290 4622 eum
3330 4541 3537 4628 Amater
3578 4553 3708 4603 sua,

2066 4611 2238 4685 Quid,
2272 4611 2479 4674 dilecte
2508 4619 2618 4673 mi:
2648 4611 2811 4687 quid,
2838 4614 3047 4669 dilecte
3079 4612 3228 4687 uteri
3262 4611 3408 4679 mei;

2139 4692 2300 4763 quid,
2333 4690 2553 4763 dilecte
2569 4684 2841 4763 vliterum
2874 4701 3131 4763 meorum
3159 4684 3178 4738 ἒ

2068 4758 2407 4819 Νέάθᾶθτίε
2440 4760 2787 4816 mulieribus
2818 4758 3217 4813 substantiam
3247 4758 3437 4822 tuam,

2138 4840 2195 4890 et
2224 4835 2345 4890 vias
2376 4838 2509 4889 tuas
2531 4833 2553 4869 ³
2581 4832 2653 4887 ad
2685 4830 2967 4887 delendos
2996 4843 3185 4901 reges,

2067 5066 2198 5104 vam
2235 5047 2605 5119 particulam,
2638 5050 2689 5119 et
2717 5063 2829 5119 non
2848 5046 3001 5109 novi,
3033 5049 3144 5119 etc.
3174 5060 3313 5119 quae
3342 5041 3578 5119 quidem
3612 5056 3714 5119 su:

2067 5112 2497 5190 bintelligenda
2544 5112 2700 5174 venit
2748 5117 2808 5172 in
2868 5112 3601 5190 similibus‘Hebr'aismis,
3650 5115 3718 5190 ut

2060 5195 2189 5265 jam
2222 5182 2562 5265 monuimus
2611 5190 2670 5245 in
2703 5190 3185 5245 adnotationibus
3217 5185 3434 5241 nostris
3465 5184 3535 5239 ad
3561 5182 3719 5255 psal-

2070 5263 2193 5320 mul
2227 5281 2283 5318 Ix
2316 5263 2507 5318 Maa'r.

2138 5336 2161 5370 ³
2193 5336 2376 5391 Locus
2412 5351 2525 5390 non
2562 5350 2679 5388 uno
2714 5333 2885 5388 modo
2918 5325 3715 5400 depravatuserroreulibra-

2070 5406 2318 5463 riorum.
2360 5408 2615 5462 Canonis
2645 5398 3022 5472 exemplaria,
3054 5399 3438 5472 nonnullique
3460 5398 3557 5453 alii
3573 5414 3717 5472 mss.

2071 5480 2300 5534 codices
2334 5480 2483 5533 hanc
2508 5477 2759 5531 retinent
2804 5470 3074 5528 vitiosam
3109 5470 3455 5525 lectionem:
3481 5471 3553 5524 Et
3579 5470 3721 5535 divt-

2072 5556 2183 5605 la‘as
2213 5560 2335 5604 tuas
2366 5550 2441 5605 ad
2471 5549 2727 5604 delendas
2757 5561 2923 5615 reges.
2980 5544 3041 5599 In
3095 5541 3297 5597 multis
3347 5540 3621 5615 legimus,
3654 5542 3720 5595 Et

2071 5621 2304 5676 delicias
2334 5625 2599 5683 tuas,etc.
2626 5612 2991 5674 Corbeieusis
3017 5619 3212 5669 autem
3238 5612 3458 5685 numCI
3490 5613 3721 5685 optima:

2073 5699 2219 5749 note
2252 5710 2317 5748 ac
2341 5691 2748 5761 perantiquus,
2775 5689 2915 5743 fonti
2938 5686 3215 5761 Hebraico
3246 5684 3461 5761 directe
3480 5684 3722 5761 respon:

2073 5765 2201 5820 det:
2223 5756 2775 5833 habeteuim‘prima
2790 5760 3079 5833 manu,“
3102 5757 3220 5833 uias
3233 5760 3513 5833 (augete.
3528 5799 3541 5823 ,
3566 5756 3722 5833 quod

2072 5837 2155 5894 ita
2184 5837 2469 5907 scriptum
2491 5824 2781 5905 reperitur
2811 5831 2871 5888 in
2906 5828 3163 5887 Hebr-mis
3187 5824 3606 5898 voluminibus,
3622 5824 3725 5883 ubi
