4090 6192
441 238 582 294 1339

513 439 651 509 quia
671 433 908 492 nullum
942 439 1245 509 secretum
1263 438 1354 488 est
1386 433 1491 488 ubi
1519 438 1724 509 regnat
1756 433 2030 490 ebrietas.

440 505 702 565 Ne'forte
744 509 1037 572 bibant,et
1071 505 1498 560 obliviscantur
1522 505 1908 576 judiciorum,

507 586 564 637 et
587 585 815 637 mutent
845 593 1087 633 causam
1120 577 1376 650 filiorum
1406 577 1702 650 pauperis.

437 653 579 709 Date
609 652 798 707 sicera
812 667 868 704 m
902 649 1306 715 mcerentibus,

507 730 566 780 et
606 723 811 778 vinum
841 721 934 776 his
967 721 1069 791 qui
1102 737 1302 776 amaro
1331 724 1470 775 sunt
1502 719 1723 776 animo.

436 795 665 862 Bibant,
700 799 756 849 et
787 793 1209 850 obliviscantur
1244 792 1520 863 egestatis
1551 809 1694 863 suis,

507 872 563 924 et
593 865 814 922 doloris
848 865 937 919 sui
974 881 1089 920 non
1124 861 1501 920 recordentur
1535 861 1815 936 amplius.

442 940 616 1010 Aperi
653 955 718 993 os
747 943 912 992 tuum
941 941 1123 1010 muto,

515 1017 571 1066 et
597 1009 792 1065 causis
822 1009 1080 1064 omnium
1117 1006 1367 1062 filiorum
1393 1007 1493 1078 qui
1521 1009 1933 1078 pertranseunt
1963 1021 1978 1060 :

445 1082 619 1154 Aperi
651 1098 716 1137 os
749 1087 941 1154 tuum,
971 1080 1216 1135 decerne
1245 1079 1398 1148 quod
1423 1080 1656 1149 justum
1689 1082 1802 1148 est,

505 1153 787 1224 etjudica
819 1153 1070 1223 inopem
1105 1156 1160 1205 et
1189 1167 1527 1224 pauperem.

441 1219 1014 1299 [AleﬁlujMulierém
1045 1219 1255 1299 fortem
1288 1221 1426 1299 quis
1450 1219 1750 1299 inveniet?
1780 1219 2005 1293 procul,

585 1293 743 1352 et'de
777 1295 1002 1350 ultimis
1036 1294 1249 1349 finibus
1282 1294 1537 1364 pretium
1570 1293 1719 1363 ejus.

442 1368 640 1444 [88111.]
672 1367 928 1444 Qonfidit
955 1367 1016 1422 in
1047 1383 1114 1421 ea
1147 1381 1246 1420 cor
1278 1362 1387 1420 viri
1438 1365 1552 1433 sui,
1602 1362 1670 1420 et
1725 1362 1936 1434 spoliis
1969 1379 2084 1419 non

587 1439 890 1494 indigebit.

437 1456 972 1585 [Ghiilnxglffgglldet
993 1510 1043 1564 ei
1064 1508 1306 1572 bonum,
1322 1512 1377 1563 et
1402 1525 1518 1564 non
1542 1507 1786 1576 malum,
1808 1506 2086 1562 omnibus

587 1582 796 1638 diebus
826 1582 959 1636 vitae
984 1597 1121 1636 suae.

438 1656 693 1732 |Daleth.]
728 1654 999 1732 Quaesivit
1027 1652 1220 1707 lanam
1260 1655 1318 1706 et
1350 1650 1556 1717 linum,
1606 1654 1664 1705 et
1711 1653 1949 1722 operata
1997 1654 2087 1706 est

580 1726 828 1783 consilio
859 1739 1147 1780 manuum
1181 1739 1453 1778 suarum.

439 1800 583 1872 [He.]
615 1800 789 1854 Facta
835 1800 924 1852 est
981 1795 1153 1868 quasi
1215 1795 1381 1850 navis
1428 1792 1742 1864 institoris,
1785 1793 1858 1849 de
1917 1790 2085 1863 longe

583 1875 830 1943 portans
863 1884 1074 1939 panem
1107 1883 1304 1943 suum.

444 1936 622 2014 [VavI]
657 1943 720 1998 Et
753 1942 822 2014 de
853 1936 1020 2014 nocte
1050 1939 1324 2014 surrexit,
1357 1937 1634 2014 deditque
1683 1936 1938 2014 praedam
1985 1937 2086 1992 do-

586 2008 851 2069 mesticis
878 2011 1026 2079 suis,
1058 2016 1116 2066 et
1145 2010 1366 2066 cibaria
1397 2008 1629 2065 ancillis
1656 2008 1802 2064 suis.

444 2086 649 2157 [Zain.]
682 2083 1087 2141 Consideravit
1117 2099 1364 2157 agrum,
1383 2086 1438 2136 et
1468 2080 1610 2157 emit
1640 2096 1775 2157 eum
1811 2096 1824 2133 :
1859 2079 1930 2134 de
1965 2079 2084 2135 fru-

585 2151 679 2212 ct'u
713 2172 998 2211 manuum
1033 2151 1276 2209 suarum
1311 2151 1594 2225 plantavit
1622 2152 1872 2206 vineam.

443 2228 682 2299 [Rhet/1.]
714 2228 978 2299 Accinxit
1009 2223 1354 2281 fortitudine
1378 2224 1610 2280 lumbos
1641 2240 1800 2287 suos,
1829 2227 1888 2278 et
1917 2223 2087 2279 robo-

585 2298 735 2355 ravit
765 2298 1070 2354 brachium
1106 2313 1304 2353 suum.

440 2370 638 2444 [ΤθιΙι.]
672 2371 942 2427 Gustavit
993 2374 1051 2424 et
1103 2369 1252 2424 vidit
1295 2367 1437 2439 quia
1467 2367 1619 2423 bona
1648 2368 1737 2421 est
1769 2365 2086 2437 negotiatio

443 2513 692 2569 verbum
722 2522 889 2599 ’νινε
911 2510 1337 2577 darkekchecha,
1359 2509 1480 2566 sive
1514 2507 1804 2599 derakeka,
1826 2509 1946 2599 vius
1967 2517 2089 2564 luas

439 2597 759 2686 signiﬁcat,
825 2607 1138 2686 MA‘ItT..--
1197 2603 1283 2686 Ita
1311 2603 1368 2656 et
1409 2598 1843 2686 complut‘ensis
1882 2597 2089 2681 Latina

440 2672 644 2746 editio,
704 2678 761 2730 et
818 2672 1080 2729 melioris
1135 2677 1284 2729 notua
1362 2672 1591 2728 codices
1645 2672 2087 2742 Hieronymiani

1481 239 1539 290 Β.
1579 236 1989 292 HIERONYMI
2028 237 2282 291 DIVINA
2317 235 2814 292 BIBLIOTHECA.

441 365 571 423 Noli
601 365 862 444 regibus,
897 380 928 419 o
961 361 1221 444 Lamuel,
1251 359 1371 444 noli
1402 361 1638 444 regibus
1667 361 1806 444 dare
1834 360 2040 444 vinum
2067 377 2081 418 :
2115 362 2167 429 Α

3671 245 3780 302 1340

2339 361 2469 433 ejus
2499 376 2514 416 :
2541 377 2656 416 non
2681 360 3090 433 exstinguetur
3113 361 3170 416 in
3195 365 3365 420 nocte
3403 362 3624 422 lucerna
3643 368 3786 428 illius.

2197 432 2356 504 [Iod.]
2388 438 2627 514 Manum
2659 432 3026 514 suam‘misit
3057 434 3130 489 ad
3163 434 3356 506 fortia,
3405 445 3458 493 et
3495 437 3649 511 digiti
3690 444 3790 514 ejus

2340 504 2859 574 apprehenderunt
2893 506 3112 560 fusum.

2198 574 2905 654 [Caph.]Manum_suam
2963 576 3195 649 aperuit
3245 577 3427 650 inopi,
3490 583 3544 635 et
3603 581 3788 654 palmas

2339 664 2482 720 suas
2505 648 2775 720 extendit
2806 649 2877 703 ad
2918 648 3255 720 pauperem.

2199 719 2466 791 [Lamed.]
2503 719 2626 774 Non
2650 719 3097 793 timebitdomui
3121 737 3241 776 suae
3261 737 3295 776 a
3319 720 3623 793 frigoribus
3643 725 3787 783 nivis:

2339 806 2547 917 argues
2577 792 2734 848 enim
2767 791 3074 848 domestici
3105 793 3234 864 ejus
3263 791 3452 849 vestiti
3485 798 3612 850 sunt
3638 797 3789 868 dupli-

2339 879 2386 917 Cl
2440 879 2528 917 us.

2338 879 2528 918 ClDUS.

2198 934 2399 1005 [Mem]
2429 933 2818 1009 Stragu‘latam
2849 938 3074 991 vestem
3114 934 3262 1009 Afecit
3300 934 3415 991 sibi
3465 953 3478 992 :
3528 936 3714 1009 byssus
3747 946 3790 996 et

2339 1006 3040 1078 purpurarindumentum
3071 1007 3226 1077 ejus.

2196 1076 2394 1150 [Nunl]
2426 1076 2649 1134 Nobilis
2678 1079 2749 1150 in
2772 1079 2953 1148 portis
2983 1078 3072 1132 vir
3111 1076 3267 1149 ejus,
3330 1079 3558 1150 quando
3615 1082 3787 1139 sederit

2331 1149 2465 1204 cum
2498 1149 2875 1206 senatoribus
2900 1155 3090 1206 terras.

2198 1219 2846 1296 [SamecIuJUSinc‘lonem
2882 1221 3036 1292 fecit,
3067 1224 3124 1277 et
3153 1221 3440 1292 vendidit,
3463 1225 3520 1278 et
3539 1221 3790 1296 cingulum

2332 1291 2577 1348 tradidit
2604 1291 2952 1349 Chananaeo.

2195 1363 2361 1436 [Ain.]
2393 1365 2698 1420 Fortitudo
2727 1372 2786 1420 et
2806 1366 2980 1420 decor
3010 1363 3426 1421 indumentum
3477 1365 3618 1436 ejus,
3664 1370 3712 1422 et
3733 1368 3791 1422 ri-

2375 1436 2535 1491 debit
2565 1437 2620 1491 in
2656 1436 2748 1492 die
2780 1437 3121 1492 novissimo.

2197 1506 2379 1590 [Phe._]
2412 1507 2486 1590 Os
2519 1524 2692 1590 suum
2728 1509 2959 1590 aperuit
2989 1507 3313 1581 sapientiae,
3345 1512 3404 1564 et
3449 1507 3537 1564 lex
3581 1507 3792 1565 clemen-

2339 1578 2431 1634 tiae
2464 1579 2522 1633 in
2555 1578 2938 1650 lingua'ejus.

2197 1649 2400 1721 [Sade.]
2434 1649 2779 1708 Considerat
2809 1649 3051 1707 semitas
3100 1651 3312 1707 domus
3344 1668 3487 1722 suae,
3535 1655 3588 1708 et
3625 1667 3793 1722 panem

2340 1722 2530 1778 otiosa
2561 1740 2674 1780 non
2708 1723 2983 1779 comedit.

2195 1791 2410 1867 [δορὴ]
2441 1796 2831 1851 Surrexerunt
2865 1795 2968 1850 ﬁlii
2999 1795 3162 1867 ejus,
3183 1797 3240 1849 et
3269 1793 3662 1867 beatissimam
3679 1811 3798 1867 prae-

2341 1866 2683 1937 dicaverunt
2714 1882 2726 1922 :
2763 1867 2850 1922 vir
2879 1868 3029 1937 ejus,
3062 1869 3120 1921 et
3150 1865 3414 1921 laudavit
3442 1883 3589 1922 eam.

2197 1935 2363 2008 [Rea]
2395 1937 2587 1992 Multis
2613 1937 2745 1993 ﬁliae
2795 1935 3300 2008 congregaverunt
3348 1938 3619 2008 divitias;
3644 1941 3696 1993 tu
3723 1954 3796 1994 su-

2340 2025 2646 2079 pergressa
2676 2027 2739 2066 es
2770 2011 3094 2066 universas.

2199 2079 2366 2150 [Sim]
2399 2081 2596 2152 Fallax
2649 2080 2856 2152 gratia,
2917 2086 2976 2137 et
3029 2097 3181 2137 vana
3227 2083 3316 2137 est
3354 2079 3745 2152 pulchritudo:

2340 2151 2554 2208 mulier
2582 2151 2796 2209 timens
2831 2153 3163 2220 Dominum,
3196 2152 3323 2224 ipsa
3355 2151 3695 2208 laudabitur.

2199 2222 2413 2295 [Thac.]
2474 2226 2612 2280 Date
2669 2226 2721 2281 ei
2777 2226 2847 2280 de
2903 2225 3095 2280 fructu
3141 2222 3434 2280 manuum
3465 2225 3804 2281 suarumzet

2340 2294 2585 2352 laudent
2614 2312 2742 2352 eam
2773 2296 2831 2353 in
2865 2295 3047 2368 portis
3078 2313 3256 2369 opera
3284 2297 3440 2368 ejus.

2189 2509 2358 2580 juxta
2390 2509 2695 2566 Hebmum
2725 2520 2918 2597 T311,
2948 2510 3068 2566 vias
3118 2515 3247 2567 tuas
3311 2511 3672 2584 praeferunt:
3729 2507 3806 2564 ubi

2199 2597 2297 2655 alii
2327 2598 2586 2669 divitias,
2619 2599 2717 2654 alii
2745 2599 2984 2656 delicias
3014 2599 3252 2657 habent.

1666 2798 1965 2872 Explicio“
1997 2797 2140 2855 liber
2167 2800 2617 2858 Proverbiorum.

2004 3065 2296 3128 INCIPIT

996 3255 1605 3420 LIBER
1755 3249 3286 3430 ECCLESIASTES.

1821 3522 2176 3592 Hebraice
2217 3521 2452 3590 dictus

1713 3711 2504 3837 COELETH.

1043 4075 1308 4140 VERBA
1349 4070 1943 4135 ECCLESIAST/E‘
1992 4070 2144 4132 FILl
2187 4069 2428 4131 DAVID
2474 4067 2708 4130 REGIS
2750 4068 3241 4132 JEBUSALEM.

434 4243 590 4318 (Cap.
747 4237 991 4318 Vanitas
1047 4235 1397 4318 vanitatum,
1456 4232 1620 4318 dixit
1651 4230 2032 4290 Ecclesiastes
2065 4246 2078 4287 :
2113 4234 2156 4302 ρ
2196 4228 2344 4312 Quid
2375 4233 2464 4284 est
2495 4228 2649 4318 quod

505 4305 735 4369 vanitas
764 4309 1118 4378 vanitatum,
1153 4313 1211 4363 et
1240 4306 1439 4363 omnia
1469 4305 1717 4362 vanitas.

437 4385 584 4454 Quid
619 4382 795 4438 habet
825 4381 1082 4454 amplius
1116 4381 1310 4447 homo,

593 4455 665 4510 de
687 4446 971 4532 universo
994 4453 1200 4532 labore
1232 4467 1360 4517 suo,
1392 4465 1507 4532 quo
1529 4448 1758 4532 laborat
1782 4447 1893 4505 sub
1920 4446 2087 4504 sole?

434 4524 738 4581 Generatio
781 4525 1054 4594 praeterit,
1088 4528 1145 4578 et
1175 4521 1472 4595 generatio
1505 4521 1761 4577 advenit.

506 4601 666 4652 terra
694 4612 830 4653 vero
859 4598 918 4652 in
950 4601 1234 4652 aeternum
1254 4600 1390 4650 stat.

443 4668 648 4723 Oritur
679 4669 789 4734 sol,
818 4674 875 4723 et
903 4668 1133 4734 occidit,

505 4745 562 4794 et
595 4742 666 4795 ad
701 4741 896 4796 locum
931 4757 1104 4796 suum
1138 4737 1448 4794 revertitur
1481 4752 1493 4791 :

435 4811 640 4885 Ibique
673 4828 1010 4882 renascens,
1044 4819 1209 4885 gyrat
1236 4826 1336 4880 per
1367 4807 1700 4874 meridiem,

507 4889 570 4962 et
595 4884 853 4962 ﬂectitur
883 4885 952 4940 ad
983 4883 1368 4962 aquilonem;
1571 4951 1602 4962 η
1712 4949 1725 4962 ⁸
1765 4948 1777 4960 .

437 4959 722 5012 Lustrans
755 4953 1117 5012 universa'in
1150 4954 1399 5010 circuitu
1423 4953 1612 5023 pergit
1637 4953 1904 5023 spiritus,

508 5033 565 5082 et
597 5029 656 5084 in
689 5027 941 5086 circulos
974 5043 1114 5083 suos
1144 5026 1492 5097 regreditur,

437 5099 648 5155 Omnia
677 5100 922 5156 ﬂumina
953 5101 1176 5155 intrant
1204 5099 1264 5153 in
1299 5112 1480 5164 mare,

506 5176 564 5226 et
592 5189 756 5228 mare
786 5189 899 5228 non
934 5171 1226 5228 redundat
1260 5185 1273 5224 :

428 5243 513 5297 Ad
548 5242 761 5310 locum,
798 5245 952 5300 unde
984 5247 1196 5300 exeunt
1227 5239 1493 5307 ﬂumina,
1523 5235 1918 5305 revertuntur,

505 5319 570 5370 ut
601 5316 813 5372 iterum
850 5317 1056 5371 fluant.

432 5385 669 5444 Cunctis
699 5405 792 5444 res
822 5387 1105 5443 dilfaciles
1140 5403 1152 5441 :

504 5476 618 5514 non
654 5466 844 5530 potest
873 5477 973 5516 eas
1003 5461 1177 5515 homo
1209 5454 1500 5527 explicare
1539 5464 1829 5508 sermone.

431 5527 556 5585 Non
591 5527 894 5587 saturatur
921 5532 1130 5588 oculus
1155 5529 1310 5594 visu,

503 5619 610 5660 nec
641 5604 802 5660 auris
835 5603 1114 5676 impletur
1147 5601 1377 5657 auditu.

2265 4303 2462 4373 ipsum
2491 4301 2648 4372 quod
2685 4301 2949 4373 (uturum
2981 4303 3072 4373 est
3109 4317 3124 4356 :

2193 4370 2342 4440 Quid
2372 4378 2462 4429 est
2493 4370 2650 4445 quod
2684 4371 2910 4445 factum
2929 4370 3055 4426 est?

2266 4445 2460 4517 ipsum
2495 4443 2650 4517 quod
2687 4443 3021 4499 faciendum
3053 4446 3164 4498 est.

2191 4515 2344 4570 Nihil
2374 4516 2486 4572 sub
2514 4515 2641 4572 sole
2671 4531 2910 4584 novum,
2952 4583 2955 4584 ν
3590 4567 3592 4569 ,

2263 4603 2369 4643 nec
2390 4587 2542 4644 valet
2568 4587 2882 4659 quisquam
2905 4583 3097 4640 dicere
3120 4585 3311 4659 _:_Ecce
3331 4585 3444 4644 hoc
3471 4604 3676 4646 recens
3702 4590 3813 4653 est;

2188 4659 2320 4714 Jam
2352 4661 2510 4715 enim
2543 4656 2842 4730 princessit
2868 4659 2926 4713 in
2954 4656 3188 4714 saeculis
3217 4683 3232 4726 ;

2262 4748 2389 4804 quis
2419 4733 2656 4787 fuerunt
2683 4735 2820 4786 ante
2849 4745 2979 4796 nos,

2189 4799 2317 4859 Non
2349 4809 2438 4859 est
2469 4804 2730 4875 priorum
2753 4799 3038 4875 memoria
3069 4814 3082 4854 :

2260 4876 2359 4931 sed
2393 4873 2498 4930 nec
2528 4891 2730 4930 eorum
2765 4873 3029 4944 quidem,
3055 4888 3183 4944 quae
3205 4876 3407 4944 postea
3438 4874 3642 4930 futura
3668 4875 3809 4935 sunt,

2260 4947 2370 5001 erit
2403 4946 2727 5004 recordatio
2754 4947 2907 5017 apud
2933 4960 3055 5017 eos,

2260 5018 2362 5090 qui
2394 5017 2576 5075 futuri
2607 5022 2750 5074 sunt
2779 5014 2838 5072 in
2865 5014 3207 5072 novissimo.

2721 5133 2839 5204 Eeo
2887 5119 3299 5187 Eccnssixs'rss

2263 5231 2347 5287 fui
2380 5247 2479 5287 rex
2510 5230 2690 5287 Israel
2717 5229 2777 5284 in
2806 5227 3156 5285 Jerusalem.

2187 5307 2251 5358 Et
2281 5303 2559 5376 proposui
2589 5303 2649 5358 in
2682 5302 2879 5376 animo
2927 5317 3055 5357 meo
3087 5317 3347 5372 qumrere

2258 5373 2316 5431 et
2347 5373 2696 5442 investigare
2729 5373 3025 5446 sapienter

2257 5449 2328 5502 de
2359 5447 2630 5502 omnibus
2663 5442 2814 5518 quze'
2841 5446 3003 5518 ﬁunt
3025 5444 3135 5499 sub
3169 5442 3311 5518 sole.

2188 5519 2346 5575 Hanc
2376 5513 2817 5590 occupationem
2852 5515 3172 5589 pessimam
3204 5514 3362 5572 dedit
3391 5519 3554 5574 Deus
3584 5513 3713 5572 ﬁliis
3730 5513 3811 5570 bo-

2331 5606 2586 5658 minum,

494 5729 510 5760 ί
545 5727 607 5780 In
659 5729 888 5783 cunctis
917 5745 1058 5784 mss.
1095 5726 1397 5784 codicibus
1430 5720 1818 5794 exscriptores
1849 5721 2196 5793 posuerunt.
2231 5717 2404 5775 Verba
2437 5717 2800 5782 Ecclesiastes,
2852 5719 2963 5772 etc.
2999 5713 3167 5786 quasi
3211 5713 3566 5773 Ecclesiastes
3618 5728 3804 5772 nomen

431 5801 586 5850 esset
614 5795 931 5855 inflexibile
961 5804 1062 5856 aut
1091 5801 1420 5857 Hebrzeum.
1456 5797 1637 5854 MART.

3999 1299 4001 1396 ι

3999 1487 4001 1630 l
