4090 6192
227 219 358 275 1341

298 350 366 402 ut
393 351 824 415 occuparentur
853 349 912 402 in
946 363 1032 404 ea.

225 418 360 474 Vidi
395 427 628 487 cuncta,
661 435 788 490 quae
820 420 972 474 fiunt
994 421 1105 476 sub
1137 422 1279 488 sole,

297 495 352 546 et
379 506 512 569 ecc_e
532 489 823 569 universa
853 494 1104 569 vanitas,
1137 500 1194 549 et
1216 495 1454 552 afflictio
1487 495 1754 569 spiritus.

225 560 761 636 Perversidifficile
787 560 1186 636 corriguntur,

293 639 351 688 et
394 633 713 689 stultorum
749 633 1017 692 infinitus
1048 641 1137 693 est
1168 633 1470 695 numerus.

216 706 482 762 Locutus
515 721 647 760 sum
681 705 742 761 in
777 709 949 763 corde
981 725 1131 774 meo,
1163 711 1368 766 dicens
1401 727 1413 765 :

214 783 364 834 Ecce
397 792 654 848 magnus
686 779 932 835 effectus
963 796 1117 846 sum,

291 856 344 906 et
378 848 665 931 pnecessi
691 850 1239 931 sapientia_om_nes,

292 921 393 993 qui
428 921 674 976 fuerunt
706 927 842 977 ante
871 939 964 978 me
993 922 1050 978 in
1081 921 1410 980 Jerusalem
1447 939 1462 979 :

291 998 350 1048 et
373 993 985 1119 (mgnstcontemplata
1014 1001 1104 1052 est
1133 995 1323 1052 multa
1352 994 1672 1067 sapienter,
1703 1001 1760 1053 et

415 1081 429 1118 ι
478 1080 550 1119 ιοι
586 1105 599 1118 .

415 1080 599 1120 ιαιοιῑ.

223 1135 494 1214 Dedique
523 1151 625 1214 eor
656 1151 878 1203 meum,
913 1141 980 1193 ut
1009 1138 1221 1195 scirem
1253 1139 1647 1212 prudentiam,
1674 1143 1848 1214 atque

369 1207 723 1274 doctrinam,

294 1295 644 1351 erroresque
676 1283 734 1333 et
764 1277 1118 1346 stultitiam;

226 1351 296 1406 Et
325 1352 531 1432 agnovi
554 1351 827 1432 quodin
853 1351 945 1407 his
978 1368 1214 1424 quoque
1243 1358 1401 1410 esset
1429 1352 1615 1420 labor,

301 1421 630 1478 et'afflictio
664 1421 911 1493 spiritus
948 1440 962 1478 :

224 1498 303 1550 Eo
335 1495 491 1568 quod
525 1495 584 1568 in
614 1493 808 1568 multa
838 1493 1151 1568 sapientia,
1176 1495 1367 1568 multa
1397 1495 1473 1552 sit
1503 1495 1831 1568 indignatio
1865 1513 1878 1551 :

299 1571 357 1622 et
386 1567 488 1636 qui
519 1565 682 1619 addit
711 1566 1043 1634 scientiam,
1077 1566 1240 1622 addit
1269 1567 1525 1625 laborem
1559 1565 1666 1640 [Αῐ.

369 1637 680 1708 dolorem].

412 1653 630 1692 0101⁸60]
647 1653 680 1692 Ι.

224 1708 382 1778 (Cap.
417 1709 514 1780 II.)
545 1707 682 1780 Dixi
702 1723 808 1778 ego
841 1708 899 1764 in
934 1711 1106 1765 corde
1139 1727 1270 1768 meo
1302 1727 1316 1766 :

229 1781 478 1842 Vadam,
499 1778 566 1836 et
597 1778 838 1835 affluam
871 1781 1124 1850 deliciis,

301 1856 360 1908 et
391 1853 554 1907 fruar
584 1852 777 1906 bonis.

227 1928 301 1978 Et
330 1923 450 1978 vidi
477 1924 630 1994 quod
667 1923 774 1995 hoc
804 1939 1038 1995 quoque
1069 1930 1227 1981 esset
1257 1924 1505 1982 vanitas.

231 1996 444 2052 Risum
479 1993 751 2066 reputavi
775 1993 1031 2052 errorem
1067 2012 1080 2052 :

306 2072 370 2140 et,
396 2065 612 2140 gaudio
641 2065 758 2140 dixi
786 2083 800 2121 :
832 2069 980 2132 Quid
1015 2068 1235 2124 frustra
1263 2068 1591 2140 deciperis?

235 2138 500 2212 Cogitavi
532 2138 588 2192 in
621 2139 793 2194 corde
823 2155 951 2195 meo
983 2140 1323 2197 abstrahere
1351 2138 1547 2196 a‘vino
1579 2155 1814 2196 carnem

385 2225 599 2277 meam,

306 2284 374 2356 nt
398 2282 664 2356 animum
696 2297 890 2356 meum
924 2281 1307 2356 transferrem
1331 2283 1403 2339 ad
1436 2283 1811 2356 sapientiam,

307 2351 744 2423 devitaremque
777 2352 1110 2408 stultitiam.

232 2424 430 2480 Donec
459 2422 712 2496 viderem
743 2425 886 2496 quid
916 2431 1074 2481 esset
1103 2424 1247 2480 utile
1279 2422 1418 2481 ﬁliis
1447 2425 1754 2482 hominum
1788 2444 1803 2483 :

307 2512 426 2568 quo
458 2495 609 2552 facto
639 2495 786 2566 opus
817 2501 907 2552 est
935 2497 1047 2552 sub
1076 2496 1200 2554 sole
1230 2513 1476 2554 numero
1506 2498 1734 2555 dierum
1758 2498 1887 2555 vitae

379 2585 523 2623 sua.

232 2638 567 2711 Magnicavi
582 2652 776 2711 opera
805 2654 934 2693 mea
961 2654 975 2693 :

311 2709 594 2766 ﬁdiﬁcavi
627 2709 772 2765 mihi
804 2711 1034 2780 domos,

306 2787 365 2838 et
393 2782 661 2839 nlantavi
693 2782 895 2838 vineas
929 2798 943 2838 :

235 2853 374 2910 Feci
398 2853 626 2921 hortos,
661 2858 718 2909 et
746 2853 1034 2926 pomaria,

310 2930 372 2981 et
400 2925 628 2982 consevi
661 2942 730 2997 ea
752 2925 954 2982 cuncti
981 2925 1213 2997 generis
1243 2926 1589 2996 arboribus;

234 2997 311 3053 Et
339 2997 594 3070 exstruxi
625 2996 770 3052 mihi
794 2996 1063 3070 piscinas
1093 3014 1407 3070 aquarum,

314 3073 382 3125 ut
415 3069 723 3143 irrigarem
755 3068 1289 3143 silvam__ligno'rum
1321 3071 1817 3143 germinantium;

235 3141 482 3197 Possedi
515 3140 713 3196 servos
743 3145 800 3196 et
827 3140 1095 3207 ancillas,

313 3211 684 3283 multamque
709 3211 995 3268 familiam
1023 3212 1203 3268 habui
1237 3229 1251 3267 :

235 3288 524 3358 Armenta
553 3299 811 3355 quoque,
837 3288 903 3358 iet
933 3301 1180 3356 magnos
1211 3284 1405 3341 ovium
1439 3301 1666 3358 greges,

311 3355 468 3412 ultra
499 3371 717 3428 omnes,
749 3357 848 3428 qui
881 3355 1120 3412 fuerunt
1149 3361 1284 3412 ante
1317 3373 1407 3412 me
1436 3355 1496 3413 in
1525 3355 1844 3414 Ierusalem
1883 3371 1896 3411 :

235 3427 590 3485 Coacervavi
622 3427 771 3483 mihi
803 3433 1136 3499 argentum,
1165 3433 1224 3484 et
1253 3444 1488 3496 aurum,
1522 3435 1578 3486 et

313 3499 685 3572 substantias
716 3515 946 3571 regum,
979 3517 1045 3556 ac
1077 3499 1548 3572 provinciarum;

231 3570 374 3627 Feci
405 3570 874 3644 mihicantores,
905 3576 969 3644 et
990 3570 1363 3644 cantatrices,

313 3647 373 3698 et
401 3642 642 3698 delicias
671 3642 929 3698 filiorum
961 3643 1293 3710 hominum,

233 3713 506 3788 Scyphos
536 3717 594 3769 et
625 3730 829 3770 urceos
861 3715 920 3770 in
953 3715 1280 3772 ministerio
1311 3716 1383 3772 ad
1415 3716 1551 3771 vina
1581 3714 1896 3788 fundanda,

314 3787 376 3842 et
405 3801 824 3860 supergressus
851 3803 992 3860 sum
1015 3787 1226 3858 opibus
1255 3805 1461 3845 omnes
1492 3787 1592 3860 qui
1625 3787 1864 3844 fuerunt

389 3862 524 3913 ante
554 3874 649 3914 me
676 3857 737 3913 in
767 3857 1114 3915 Jerusalem.

235 3929 550 4000 Sapientia
579 3946 814 4001 quoque
847 3931 1236 3999 perseveravit
1267 3946 1498 3986 mecum
1532 3945 1546 3985 :

317 4005 376 4057 et
405 4001 626 4084 omnia,
658 4018 786 4084 quis
817 4001 1300 4060 desideraverunt
1324 4001 1477 4059 oculi
1511 4001 1646 4072 mei,
1681 4018 1798 4057 non

389 4088 594 4129 ηθεενι
627 4087 712 4129 618
749 4089 763 4129 τ

389 4089 460 4127 ne
540 4090 594 4127 v1
627 4089 677 4127 ex
749 4089 763 4129 :

235 4143 364 4200 Nec
395 4089 802 4216 prghibuiscor
828 4160 1024 4201 meum
1055 4145 1203 4218 quin
1233 4145 1395 4201 omni
1415 4143 1712 4217 voluptate
1747 4145 1898 4202 frue-

395 4221 578 4283 retur,

316 4290 375 4362 et
404 4287 722 4344 oblectaret
751 4303 814 4342 se
846 4287 904 4342 in
937 4287 1029 4342 his
1057 4304 1185 4360 quae
1218 4305 1676 4362 prmparaveram
1705 4305 1717 4344 :

234 4363 315 4414 Et
349 4358 498 4432 hanc
530 4365 694 4415 ratus
726 4376 857 4415 sum
891 4358 1117 4432 partem
1148 4358 1356 4429 meam,

317 4431 368 4485 si
399 4435 595 4487 uterer
625 4431 824 4487 labore
855 4431 1003 4487 meo.

233 4505 513 4576 Cumque
546 4519 634 4559 me
665 4503 1084 4558 convertissem
1119 4503 1188 4558 ad
1223 4504 1495 4560 universa
1525 4521 1721 4576 opera,
1773 4520 1902 4576 quae
1931 4473 1977 4536 D

392 4575 651 4630 fecerant
682 4591 893 4630 manus
925 4591 1086 4640 meae,

320 4646 376 4716 et
405 4647 476 4701 ad
511 4645 765 4714 labores,
797 4646 854 4700 in
890 4647 1106 4716 quibus
1140 4647 1359 4702 frustra
1389 4648 1757 4712 sudaveram,

235 4714 376 4773 Vidi
407 4717 466 4772 in
499 4718 778 4773 omnibus
807 4714 1122 4773 vanitatem
1158 4723 1213 4773 et
1265 4719 1643 4775 afﬂictionem
1694 4718 1900 4784 animi,

318 4791 379 4842 et
409 4789 558 4862 nihil
591 4805 941 4862 permanere
967 4791 1078 4845 sub
1102 4789 1245 4845 sole.

237 4860 522 4916 Transivi
553 4860 622 4917 ad
656 4861 1176 4931 contemplandum
1208 4860 1581 4934 sapientiam,

319 4946 669 5016 erroresque
696 4939 755 4989 et
783 4933 1118 5016 stultitiam.

237 5001 398 5067 Quid
433 5008 542 5070 est,
575 5001 842 5077 inquam,
876 5005 1074 5071 homo,

320 5080 388 5149 ut
413 5077 591 5149 sequi
624 5076 812 5149 possit
842 5093 1039 5149 regem
1071 5076 1371 5132 Factorem
1401 5093 1575 5132 suum
1594 5076 1621 5131 Ἰ

233 5149 321 5202 Et
333 5147 452 5204 vidi
475 5147 867 5220 quiatantum
892 5147 1551 5222 praecederetsapientia
1564 5147 1903 5214 stultitiam,

323 5364 340 5398 ί
371 5361 744 5419 Corbeiensis
777 5379 890 5419 ms.
926 5381 1092 5420 num.
1129 5364 1166 5430 ί,
1193 5365 1346 5420 addit
1376 5368 1425 5420 et
1453 5363 1728 5426 dotarem,
1748 5364 1903 5432 quod

242 5434 661 5508 emendatores
693 5441 1018 5508 posuerunt
1047 5437 1107 5493 in
1141 5437 1413 5508 plurimis
1445 5435 1903 5508 exemplaribus,

246 5505 348 5560 ubi
387 5506 576 5580 prima
606 5505 781 5562 manu
812 5509 1098 5580 scriptum
1131 5505 1438 5578 erat,addz't
1467 5507 1906 5564 laboremUter-

244 5592 366 5649 que
387 5577 1100 5645 Canon,Carcassonensis
1121 5577 1393 5637 videlicet
1406 5598 1472 5637 ac
1487 5580 1905 5645 Memmianus,

247 5665 473 5723 purum
508 5651 715 5707 retinet
743 5655 1101 5709 contextum.
1138 5658 1325 5711 MART.

327 5721 348 5756 ³
378 5720 622 5794 Aliquot
652 5741 794 5779 mss.
827 5741 962 5780 cum
994 5727 1226 5783 Canone
1256 5732 1520 5783 Carcass.
1572 5723 1904 5788 emendato,

249 5792 516 5850 similiter
545 5803 604 5852 ut
635 5795 911 5853 indoctus.
944 5796 1127 5854 MART.

1527 229 1741 282 LIBER
1777 223 2330 282 ECCLESIASTES.

1902 355 1955 420 Α
1994 422 2026 430 κ
2065 351 2352 430 quantum
2385 347 2578 430 differt
2606 346 3078 430 lux_atenebris.

1909 1722 1958 1788 B

3497 234 3635 290 1342

1992 419 2289 492 Sapientis
2321 419 2474 474 oculi
2508 421 2564 492 in
2597 420 2789 491 capite
2812 422 2940 492 ejus
2974 440 2987 478 ;

2061 491 2282 548 stultus
2312 493 2370 545 in
2404 491 2658 546 tenebris
2689 494 2952 549 ambulat
2986 511 2998 548 :

2060 562 2322 638 etdidici
2355 564 2510 638 quod
2547 580 2699 619 unus
2733 567 3041 638 utriusque
3072 573 3230 624 esset
3253 569 3547 630 interitus.

1988 637 2058 692 Et
2086 635 2202 690 dixi
2236 635 2296 689 in
2327 636 2500 690 corde
2530 651 2656 690 meo
2693 652 2705 690 :

1989 709 2050 764 Si
2084 723 2240 762 unus
2271 710 2329 779 et
2351 706 2514 779 stulti
2548 712 2605 761 et
2636 723 2802 762 meus
2833 725 3078 767 occasus
3109 711 3241 779 erit,

2060 777 2652 903 qugcgemairnlifrodest
2681 781 2837 851 quod
2870 783 3150 852 majorem
3172 777 3476 858 sapientiae
3499 789 3635 846 dedi

2132 865 2369 921 operam

1989 923 2246 979 Locutus
2277 937 2410 976 cum
2446 925 2642 976 mente
2675 938 2824 990 mea,

2059 992 2446 1066 animadverti
2479 993 2634 1064 quod
2667 993 2776 1049 hoc
2807 1011 3041 1066 quoque
3070 1002 3226 1054 esset
3254 1002 3504 1060 vanitas.

1987 1069 2113 1122 Non
2135 1066 2302 1139 enim
2333 1064 2445 1119 erit
2477 1066 2760 1122 memoria
2790 1064 3072 1139 sapientis
3094 1070 3370 1129 similiter
3391 1079 3453 1130 ut
3474 1074 3638 1131 stulti

2131 1138 2188 1192 in
2224 1142 2591 1208 perpetuum,

2059 1213 2118 1264 et
2149 1209 2344 1290 futura
2377 1213 2638 1280 tempora
2669 1208 2960 1266 oblivione
2992 1218 3204 1271 cuncta
3236 1217 3456 1288 pariter
3499 1233 3638 1290 ope-

2133 1281 2303 1338 rient.

1991 1351 2237 1408 Moritur
2263 1353 2472 1406 doctus
2503 1351 2524 1384 ³
2557 1350 2830 1407 similiter
2858 1356 2914 1408 et
2944 1352 3218 1415 indoctus
3255 1376 3268 1415 :

2060 1429 2117 1479 et
2145 1423 2361 1478 idcirco
2395 1423 2598 1478 taeduit
2629 1440 2720 1480 me
2750 1423 2878 1479 vitae
2911 1441 3076 1490 meae,

1984 1496 2296 1550 Videntem
2329 1493 2481 1549 mala
2504 1493 2782 1568 universa
2811 1512 2940 1551 esse
2971 1499 3080 1553 sub
3107 1498 3251 1568 sole,

2056 1571 2113 1623 et
2142 1571 2354 1656 cuncta
2384 1567 2701 1656 vanitatem
2735 1571 2790 1622 et
2823 1563 3481 1656 afflictionemspiritus
3513 1591 3526 1631 :

1989 1645 2212 1696 Rursus
2243 1639 2570 1718 detestatus
2597 1655 2998 1718 sumomnem
3027 1639 3389 1718 industriam
3423 1662 3639 1718 meam,

2061 1727 2179 1786 qua
2208 1710 2317 1764 sub
2339 1711 2471 1786 _so|e
2503 1709 2935 1786 studiosissime
2966 1713 3244 1786 laboravi,

1989 1781 2312 1839 Habiturus
2339 1781 2629 1837 heredem
2665 1787 2794 1853 post
2821 1799 2932 1851 me,

2061 1869 2242 1937 quem.
2257 1853 2690 1937 ignoro,utrum
2709 1855 2947 1937 sapiens
2965 1858 3273 1937 an_stultus
3296 1861 3530 1919 futurus
3542 1861 3636 1934 sit,

1991 1927 2057 1982 Et
2084 1925 2490 1981 dominabitur
2521 1926 2579 1980 in
2615 1925 2914 1982 laboribus
2946 1929 3110 1993 meis,

2062 1997 2279 2070 quibus
2310 1996 2590 2070 desudavi
2621 2001 2679 2053 et
2708 1997 2998 2055 sollicitus
3032 2001 3113 2057 fui
3146 2018 3160 2057 :

2062 2069 2116 2124 et
2144 2073 2233 2124 est
2263 2069 2590 2140 quidquam
2623 2075 2744 2125 tam
2771 2072 3030 2127 vanum?

1994 2141 2154 2199 Unde
2184 2141 2427 2210 cessavi,

2065 2213 2535 2282 renuntiavitque
2556 2227 2654 2266 cor
2677 2227 2872 2268 meum
2900 2212 3058 2271 ultra
3075 2215 3342 2273 laborare
3363 2218 3473 2274 sub
3495 2217 3638 2275 sole.

1991 2286 2138 2341 Nam
2166 2300 2300 2360 enm
2328 2281 2488 2360 alius
2516 2282 2740 2339 laboret
2767 2283 2826 2340 in
2858 2285 3167 2357 sapientia,
3199 2293 3255 2345 et
3285 2289 3571 2360 doctrina,

2064 2361 2123 2413 et
2152 2354 2574 2421 sollicitudine,

2063 2427 2291 2484 homini
2322 2427 2510 2482 otioso
2543 2426 2794 2499 quaesita
2825 2427 3066 2485 dimittit
3099 2445 3113 2486 :

2065 2499 2264 2574 ethoc
2291 2514 2427 2570 ergo
2461 2502 2691 2574 vanitas
2722 2499 2762 2568 ³,
2796 2504 3166 2574 etmagnum
3199 2502 3442 2560 malum.

1995 2571 2143 2637 Quid
2171 2570 2329 2626 enim
2364 2571 2618 2641 proderit
2649 2570 2875 2625 homini
2905 2570 3280 2630 de'universo
3303 2575 3501 2632 labore
3524 2593 3654 2641 suo,

2067 2648 2125 2698 et
2156 2641 2473 2697 afflictione
2505 2641 2891 2712 spiritus,qua
2924 2644 3034 2700 sub
3064 2645 3188 2700 sole
3219 2649 3514 2703 cruciatus
3536 2649 3657 2704 est?

1995 2714 2203 2772 Cuncti
2235 2713 2359 2769 dies
2387 2713 2512 2791 ejus
2545 2713 2848 2791 doloribus
2877 2718 2934 2770 et
2965 2717 3244 2791 aerumnis
3275 2718 3433 2791 pleni
3465 2724 3627 2789 sunt,

2067 2801 2173 2858 nec
2199 2801 2299 2857 per
2331 2789 2782 2858 noctemnmente
2814 2786 3136 2858 requiescit
3171 2805 3183 2842 :

2067 2863 2124 2913 et
2154 2855 2264 2912 hoc
2294 2873 2430 2929 ergo
2461 2855 2686 2912 vanitas
2715 2859 2806 2912 est
2832 2858 2874 2910 ⁴.

1999 2930 2200 2989 Nonne
2234 2927 2445 2984 melius
2471 2934 2562 2984 est
2592 2929 2896 2984 comedere
2926 2933 2984 2986 et
3011 2930 3231 2998 bibere,

2066 3007 2123 3056 et
2155 3001 2462 3056 ostendere
2493 2999 2702 3056 animae
2734 3017 2858 3056 suae
2885 3002 3038 3058 bona
3066 3003 3139 3058 de
3169 3001 3470 3060 laboribus
3493 3003 3652 3062 suis?

1923 3095 1967 3164 C
2009 3077 2143 3164 “ﬁt,
2163 3072 2584 3164 1399f19h113931u
2613 3074 2717 3130 Dei
2746 3077 2853 3129 est.

2006 3145 2147 3211 Quis
2178 3144 2263 3200 ita
2289 3143 2537 3210 vorabit,

2073 3221 2132 3274 et
2161 3215 2389 3288 deliciis
2419 3217 2619 3272 afﬂuet
2649 3219 2713 3271 ut
2742 3215 2890 3288 ego?

2007 3287 2241 3362 Homini
2273 3288 2425 3343 bono
2455 3289 2514 3343 in
2545 3287 2862 3360 conspectu
2893 3304 3000 3345 suo
3033 3289 3196 3345 dedit
3225 3289 3380 3346 Deus
3426 3289 3665 3362 sapien-

2146 3359 2313 3416 tiam.

2076 3434 2132 3488 et
2161 3431 2494 3498 scientiam,
2527 3434 2584 3486 et
2615 3430 2876 3487 laetitiam
2913 3447 2927 3486 :

2005 3503 2296 3630 Peccgtori
2321 3507 2517 3559 autem
2539 3502 2703 3559 dedit
2730 3503 3197 3573 afflictionem,et
3224 3520 3426 3560 curam
3457 3521 3662 3579 super-

2194 3592 2351 3630 nam.

2194 3592 2351 3640 uam,

2077 3647 2370 3774 utgddat,
2399 3649 2455 3702 et
2484 3650 2818 3719 congregat,
2850 3649 2907 3701 et
2940 3647 3134 3702 tradat
3163 3647 3214 3703 ei
3247 3647 3348 3719 qui
3381 3647 3605 3720 placuit

2197 3735 2263 3773 eo
2297 3734 2311 3773 :

2197 3734 2311 3773 602

2076 3791 2177 3845 sed
2210 3794 2266 3845 et
2295 3788 2405 3843 hoc
2430 3787 2679 3853 vanitas,
2713 3791 2771 3843 et
2799 3804 2969 3844 cassa
2999 3788 3337 3846 sollicitudo
3367 3789 3602 3846 mentis.

2075 3860 2233 3933 (Cap.
2267 3858 2391 3929 ΙΙΙ.)
2420 3859 2634 3933 Omnia
2667 3863 2901 3930 tempus
2932 3860 3174 3933 habent,

2075 3929 2132 3988 et
2161 3929 2286 3987 suis
2319 3929 2529 4002 spatiis
2561 3935 2872 3987 transeunt
2906 3932 3179 3988 universa
3208 3931 3318 3988 sub
3351 3931 3514 3990 ccelo.

2003 4003 2261 4075 Tempus
2290 4002 2596 4070 nascendi,

2075 4081 2134 4130 et
2155 4074 2402 4146 tempus
2433 4074 2742 4129 moriendi.

2005 4149 2262 4218 Tempus
2297 4146 2621 4218 plantanrdi,

2076 4224 2131 4273 et
2157 4216 2711 4290 tempusevellendi
2745 4217 2897 4290 quod
2935 4217 3264 4290 plantatum
3296 4221 3404 4274 est.

2005 4291 2264 4362 Tempus
2290 4289 2623 4356 foccidendi,

2077 4366 2133 4418 et
2157 4360 2401 4434 tempus
2434 4360 2703 4434 sanandi.

2008 4435 2268 4506 Tempus
2292 4431 2664 4500 destruendi,

2081 4509 2138 4559 et
2159 4503 2398 4576 tempus
2430 4503 2778 4559 rediﬁcandi.

2007 4575 2265 4648 Tempus
2293 4575 2492 4639 ﬂendi,

2081 4652 2137 4704 et
2156 4645 2396 4722 tempus
2430 4645 2681 4722 ridendi.

2009 4721 2267 4793 Tempus
2289 4719 2634 4792 ‘plangendi,

2081 4797 2139 4848 et
2157 4790 2397 4866 tempus
2425 4790 2697 4866 saltandi.

2009 4865 2269 4936 Tempus
2288 4861 2613 4936 spargendi
2649 4861 2896 4936 lapides,

2081 4940 2138 4992 et
2163 4934 2402 5009 tempus
2434 4934 2768 5009 colligendi.

2010 5008 2269 5080 Tempus
2293 5006 2694 5080 amplexandi,

2081 5085 2138 5136 et
2160 5075 2759 5151 tempus—longefieri
2791 5093 2824 5132 a
2853 5075 3277 5150 complexibus.

2010 5151 2267 5225 Tempus
2293 5149 2665 5223 acquirendi,

2082 5364 2104 5398 ³
2134 5362 2556 5420 Memmianum
2586 5361 2681 5418 hic
2710 5365 3004 5418 Canoncm
3038 5361 3218 5416 secuti
3249 5375 3477 5417 sumus.
3522 5359 3658 5414 Car-

2014 5435 2388 5490 cassonensis
2454 5433 2594 5506 legit
2659 5433 3070 5504 interrogative
3125 5450 3137 5487 :
3200 5438 3262 5489 Et
3298 5434 3422 5506 [ηερ
3475 5447 3660 5487 nonne

2014 5507 2238 5562 vanitas
2284 5509 2406 5560 est?
2455 5503 2560 5562 Cui
2630 5503 2955 5560 consonant
3023 5521 3198 5575 quam
3259 5503 3455 5577 plures
3514 5520 3657 5560 mss.

2014 5579 2262 5634 codices.
2299 5578 2483 5633 MART.

2085 5652 2105 5683 ‘
2135 5651 2252 5705 Sub
2307 5648 2699 5718 interrogandi
2753 5651 2888 5700 nota
2939 5647 3220 5717 Vulgatus
3266 5646 3558 5718 interpres
3607 5650 3665 5702 et

2015 5722 2253 5830 quidam
2289 5737 2466 5830 penes
2494 5717 2760 5776 Martian.
2794 5735 2938 5774 mss.
2970 5729 3022 5775 et
3053 5718 3149 5775 hoc
3181 5717 3278 5791 (al.
3307 5717 3442 5790 haec)
3481 5735 3663 5777 nonne

2013 5795 2236 5851 vanitas
2262 5797 2366 5850 est!
