4090 6192
568 203 711 261 1343

635 335 693 387 et
722 335 955 403 tempus
988 331 1286 403 perdendi.

565 405 827 475 Tempus
858 404 1249 471 custodiendi,

635 479 693 531 et
722 480 955 546 tempus
984 475 1327 543 abiiciendi.

565 547 825 617 Tempus
856 546 1187 615 scindendi,

634 624 692 673 et
723 623 953 688 tempus
984 618 1331 674 consuendi.

562 689 823 760 Tempus
854 690 1110 760 tacendi,

631 767 690 816 et
716 759 957 831 tempus
985 759 1287 831 loquendi.

559 831 817 903 Tempus
850 831 1203 903 dilectionis,

630 908 689 959 et
720 910 953 974 tempus
987 904 1124 959 odii.
1226 908 1227 911 “

562 975 821 1046 Tempus
852 974 1010 1041 belli,

630 1052 689 1102 et
716 1052 952 1118 tempus
984 1046 1165 1117 pacis.

559 1118 708 1184 Quid
743 1117 919 1173 habet
946 1118 1204 1189 amplius
1234 1117 1411 1174 homo

632 1190 703 1244 de
734 1189 931 1244 labore
964 1206 1069 1245 suo
1085 1189 1113 1245 Ἰ

557 1260 688 1316 Vidi
722 1260 1304 1331 afﬂictionem,quam
1338 1260 1502 1316 dedit
1530 1265 1681 1317 Deus
1712 1260 1848 1318 ﬁliis
1878 1261 2211 1331 hominum,

643 1336 707 1387 ut
736 1333 1151 1388 distendantur
1178 1331 1238 1387 in
1269 1348 1355 1386 ea.

563 1403 788 1459 Cuncta
814 1404 947 1458 fecit
971 1404 1126 1461 bona
1154 1402 1215 1458 in
1245 1408 1506 1474 tempore
1538 1420 1666 1472 suo,

633 1480 690 1531 et
721 1476 1007 1531 mundum
1038 1474 1281 1531 tradidit
1313 1474 1700 1545 disputationi
1734 1491 1959 1543 eorum,

634 1553 844 1673 utﬁion
876 1548 1134 1603 inveniat
1165 1546 1339 1603 homo
1370 1564 1538 1618 opus,
1572 1548 1728 1617 quod
1762 1551 2037 1619 operatus
2067 1552 2158 1605 est

754 1634 861 1673 eus

754 1634 861 1673 6118

633 1689 706 1745 ab
736 1689 904 1745 initio
937 1705 1124 1760 usque
1150 1689 1222 1744 ad
1253 1689 1450 1744 ﬁnem.

562 1761 630 1817 Et
662 1759 905 1843 cognovi
935 1759 1234 1843 quodnon
1268 1766 1425 1843 esset
1452 1759 1666 1843 melius

634 1832 751 1888 nisi
780 1832 985 1901 laetari,
1017 1837 1074 1888 et
1102 1832 1290 1888 facere
1320 1833 1467 1888 bene
1497 1832 1554 1886 in
1586 1833 1706 1888 vita
1733 1847 1861 1888 sua.

560 1905 766 1960 Omnis
796 1905 952 1960 enim
985 1904 1181 1972 homo,
1214 1903 1313 1975 qui
1343 1904 1594 1960 comedit
1623 1910 1682 1960 et
1710 1904 1881 1973 bibit,

632 1982 689 2031 et
716 1976 875 2032 videt
905 1976 1123 2031 bonum
1154 1977 1224 2031 de
1254 1976 1451 2033 labore
1482 1992 1609 2042 suo,
1642 1976 1752 2033 hoc
1782 1977 2002 2032 donum
2034 1976 2137 2034 Dei

705 2053 817 2103 est.

561 2116 749 2174 Didici
781 2119 935 2190 quod
969 2117 1167 2173 omnia
1195 2132 1391 2189 opera,
1423 2135 1551 2189 quas
1583 2117 1720 2175 fecit
1748 2122 1921 2189 Deus,

630 2194 998 2260 perseverent
1024 2190 1082 2245 in
1115 2195 1461 2260 perpetuum
1497 2207 1510 2245 :

558 2258 681 2316 Non
715 2277 1032 2333 possumus
1063 2258 1146 2315 eis
1178 2258 1504 2333 quidquam
1536 2260 1768 2330 addere,

634 2332 738 2388 nec
769 2332 1017 2399 auferre,
1051 2348 1177 2401 qua:
1210 2333 1344 2387 fecit
1372 2332 1527 2387 Deus
1559 2337 1623 2386 ut
1652 2333 1951 2389 timeatur.

559 2402 717 2467 Quod
750 2404 964 2459 factum
992 2407 1100 2469 est,
1132 2401 1328 2474 ipsum
1357 2407 1662 2475 permanet
1687 2421 1701 2459 :

626 2491 755 2546 quas
787 2476 986 2531 futura
1017 2480 1178 2540 sunt,
1210 2476 1329 2546 jam
1366 2476 1603 2531 fuerunt
1634 2493 1647 2531 :

625 2552 683 2618 et
705 2552 864 2603 Deus
894 2546 1189 2618 instaurat
1218 2547 1373 2618 quod
1408 2548 1575 2601 abiit.

551 2615 683 2674 Vidi
714 2619 824 2689 sub
856 2617 978 2674 sole
1010 2617 1068 2673 in
1098 2615 1458 2689 loco'judicii
1488 2618 1877 2689 impietatem,

624 2694 682 2762 et
708 2688 767 2762 in
800 2689 926 2746 loco
944 2689 1192 2762 justitim
1221 2688 1613 2762 iniquitatem.

551 2758 622 2816 Et
652 2761 767 2817 dixi
802 2762 859 2818 in
893 2758 1067 2818 corde
1095 2777 1222 2817 meo
1257 2778 1270 2816 :

614 2833 847 2902 justum
879 2836 936 2889 et
964 2832 1215 2905 impium
1241 2832 1740 2905 judicabitheus,

620 2910 679 2977 et
710 2910 946 2977 tempus
971 2903 1162 2961 omnis
1188 2903 1289 2977 rei
1307 2909 1450 2977 tunc
1473 2903 1606 2977 erit.

552 2974 678 3031 Dixi
709 2976 771 3031 in
802 2974 974 3033 corde
1004 2992 1135 3032 meo
1165 2976 1237 3031 de
1264 2976 1401 3032 filiis
1432 2974 1768 3044 hominum,

618 3053 683 3103 ut
712 3048 984 3120 probaret
1012 3064 1113 3120 eos
1140 3047 1317 3120 Deus,

617 3125 676 3175 et
704 3118 1041 3177 ostenderet
1069 3118 1294 3175 similes
1325 3133 1453 3174 esse
1483 3118 1707 3175 bestiis.

550 3189 772 3248 Idcirco
804 3207 957 3247 unus
985 3191 1261 3247 interitus
1292 3194 1382 3264 est
1400 3189 1665 3264 hominis
1696 3190 2194 3264 etjumentorum,

618 3267 675 3319 et
705 3280 883 3335 aequa
902 3264 1212 3335 utriusque
1241 3261 1545 3335 conditio:

549 3332 712 3389 Sicut
742 3332 992 3390 moritur
1024 3332 1220 3403 homo,
1254 3334 1338 3390 sic
1368 3338 1426 3388 et
1455 3332 1556 3390 illa
1586 3333 1919 3390 moriuntur
1948 3352 1963 3390 :

619 3405 895 3461 similiter
920 3406 1148 3476 spirant
1175 3406 1393 3470 omnia,

618 3482 677 3532 et
706 3476 853 3533 nihil
886 3475 1063 3533 habet
1093 3477 1264 3532 homo
1287 3478 1559 3547 jumento
1590 3475 1847 3548 amplius
1881 3492 1893 3529 :

545 3548 771 3605 Cuncta
800 3549 1106 3618 subjacent
1128 3547 1394 3613 vanitati,

616 3623 675 3676 et
703 3616 1180 3692 omnia—pergunt
1210 3620 1282 3675 ad
1317 3633 1505 3692 unum
1537 3616 1730 3673 locum
1766 3633 1780 3673 :

618 3692 690 3748 de
719 3696 875 3747 terra
905 3689 1062 3749 facta
1086 3696 1248 3757 sunt,
1279 3696 1337 3747 et
1365 3690 1425 3746 in
1470 3694 1686 3746 terram
1736 3689 1951 3761 pariter
1998 3706 2191 3747 rever-

688 3766 915 3820 tuntur.

547 3833 689 3902 Quis
722 3836 880 3891 novit
907 3834 957 3892 si
990 3834 1233 3909 spiritus
1263 3833 1520 3890 ﬁliorum
1553 3833 1739 3889 Adam
1770 3833 2047 3891 ascendat
2069 3850 2192 3891 sur-

690 3924 847 3975 sum,

618 3982 676 4033 et
704 3976 752 4035 si
784 3978 1031 4049 spiritus
1052 3976 1810 4049 jumentorumdescendat
1838 3978 2110 4034 deorsum
2146 3993 2162 4034 :

544 4051 614 4105 Et
643 4046 1000 4123 deprehendi
1033 4046 1338 4123 nihilesse
1367 4046 1579 4123 melius

616 4120 790 4193 quam
821 4121 1005 4177 laetari
1044 4121 1352 4193 hominem,
1367 4120 1432 4193 in
1466 4136 1638 4193 opere
1667 4135 1795 4191 suo,

613 4190 671 4249 et
700 4193 851 4250 hanc
882 4210 1010 4250 esse
1039 4197 1263 4264 partem
1293 4190 1475 4249 illius.

618 4374 632 4407 ¹
668 4372 822 4426 Editi
856 4371 1009 4438 libri,
1044 4371 1101 4425 in
1134 4370 1233 4426 hoc
1255 4386 1466 4443 quoque
1493 4371 1712 4425 vanitas
1742 4374 1856 4437 est;
1911 4370 2188 4443 sedma-

1620 211 1680 265 Β.
1721 210 2128 266 HIERONYMI
2164 208 2422 265 DIVINA
2458 203 2956 261 BIBLIOTHECA.

2242 334 2297 401 Α
2398 329 2544 397 Quis
2573 328 2729 415 enim
2762 343 2897 385 eum
2930 328 3275 400 adducet,ut
3305 333 3437 404 post
3455 347 3514 390 se
3533 333 3692 394 futura
3713 356 3862 415 cogno-

3753 217 3857 275 1344

2468 401 2634 457 seat?

2324 473 2479 547 (Cap.
2515 472 2633 547 ιγ.)
2662 470 2823 547 Yerti
2859 486 2948 547 me
2979 472 3049 527 ad
3082 471 3221 535 alia,

2394 541 2451 626 et
2474 543 2593 599 vidi
2616 541 2975 626 calumnias,
3006 559 3135 626 quae
3166 545 3279 601 sub
3308 545 3428 602 sole
3456 554 3715 619 geruntur,

2321 617 2394 673 Et
2422 616 2717 689 laorymas
2748 616 3173 689 innocentium,

2392 690 2451 744 et
2483 686 2781 744 neminem
2813 686 3236 743 consolatorem
3273 703 3285 741 :

2321 758 2438 819 Nec
2471 774 2647 831 posse
2678 756 2951 831 resistere
2979 775 3184 815 eorum
3219 758 3523 829 violentias,

2392 829 2743 887 cunctorum
2775 829 2990 885 auxilio
3020 831 3358 887 destitutos.

2319 901 2390 958 Et
2421 901 2659 975 laudavi
2693 902 2883 973 magis
2915 907 3411 975 mortuos,_quam
3443 903 3672 962 viventes
3699 923 3710 962 ε

2390 977 2449 1029 et
2479 972 2796 1047 feliciorem
2824 976 3070 1047 utroque
3092 972 3484 1047 judic'avi,qui
3514 979 3722 1034 necdum
3745 986 3861 1037 natus

2391 1050 2502 1111 est,
2538 1060 2642 1100 nec
2674 1042 2821 1099 vidit
2847 1042 3023 1116 mala,
3047 1061 3173 1116 qua
3206 1047 3317 1101 sub
3346 1042 3469 1102 sole
3500 1048 3647 1104 ﬁunt.

2319 1115 2579 1194 Rursum
2594 1114 3026 1194 contemplatus
3041 1114 3175 1173 sum
3188 1133 3394 1175 omnes
3406 1118 3619 1177 labores
3630 1120 3865 1194 hominum,

2389 1192 2446 1244 et
2480 1187 2806 1244 industriae
2840 1204 2853 1242 :

2315 1258 2719 1315 Animadverti
2750 1262 2950 1330 patere
2982 1258 3215 1331 invidias
3249 1259 3497 1331 proximi
3527 1277 3540 1317 :

2388 1335 2447 1406 et
2478 1332 2539 1387 in
2574 1331 2684 1387 hoc
2714 1345 2851 1406 ergo
2878 1330 3135 1406 vanitas,
3167 1335 3225 1387 et
3250 1330 3391 1388 cura
3421 1333 3691 1406 superﬂua
3715 1340 3795 1391 est.

2317 1401 2547 1459 Stultus
2579 1401 2893 1474 complicat
2924 1418 3136 1457 manus
3167 1419 3331 1469 suas,

2387 1479 2445 1529 et
2474 1472 2733 1529 comedit
2761 1489 2968 1528 carnes
2995 1490 3156 1544 suas,
3184 1475 3391 1531 dicens

2315 1545 2517 1602 Melior
2541 1550 2640 1618 est
2662 1543 2919 1616 pugillus
2946 1561 3081 1600 cum
3114 1547 3336 1618 requie,

2385 1633 2565 1690 quam
2588 1614 2769 1688 plena
2782 1620 3030 1690 utraque
3064 1614 3272 1673 manus
3301 1614 3437 1674 cum
3469 1616 3717 1690 labore,et
3739 1619 3872 1676 amico

2240 1706 2288 1770 Β
2325 1760 2356 1770 Α
2391 1687 2818 1770 ἁῐίρρσαηίωί.

2318 1760 2706 1815 Considerans
2738 1757 2927 1831 reperi
2959 1763 3016 1831 et
3048 1758 3225 1815 aliam
3255 1759 3567 1817 vanitatem
3597 1761 3688 1818 sub
3712 1761 3839 1819 sole:

2390 1836 2682 1904 unusest,
2714 1837 2772 1887 et
2802 1830 3129 1904 secundum
3163 1848 3277 1887 non
3312 1831 3514 1904 habet,

2386 1920 2503 1959 non
2537 1902 2750 1971 ﬁlium,
2783 1918 2897 1958 non
2931 1903 3190 1971 fratrem,

2315 1974 2384 2031 Et
2405 1978 2598 2030 tamen
2632 1973 2830 2031 labore
2861 1988 2976 2028 non
3010 1980 3220 2041 cessat,

2386 2062 2492 2103 nec
2523 2046 2816 2102 satiantur
2843 2044 2999 2099 oculi
3030 2046 3159 2117 ejus
3187 2044 3412 2101 divitiis
3444 2062 3460 2101 :

2311 2116 2427 2190 Nec
2457 2118 2757 2190 recogitet,
2786 2117 2988 2190 dicens
3007 2132 3032 2190 _:

2382 2188 2485 2244 Cui
2518 2187 2736 2256 laboro,
2768 2192 2826 2244 et
2855 2187 3062 2243 fraudo
3094 2187 3353 2243 animam
3386 2204 3576 2244 meam
3605 2189 3785 2247 bonis?

2380 2264 2440 2343 et
2466 2260 2686 2343 [dixin]
2716 2259 2825 2316 hoc
2857 2275 3088 2343 quoque
3116 2258 3346 2316 vanitas
3375 2264 3470 2317 est
3500 2264 3540 2328 ί,

2380 2336 2438 2404 et
2465 2332 2706 2388 afﬂictio
2737 2332 3015 2404 pessima.

2306 2402 2514 2477 Melius
2544 2408 2634 2460 est
2660 2400 2797 2477 ergo
2828 2400 3155 2477 duodsimul
3186 2417 3336 2473 esse,
3370 2420 3547 2477 quam
3568 2420 3740 2477 unum
3766 2414 3780 2458 :

2380 2474 2600 2531 habent
2629 2473 2785 2531 enim
2818 2473 3281 2529 emolumentum
3314 2473 3611 2531 societatis
3639 2492 3742 2531 suae
3768 2492 3780 2530 :

2381 2547 2430 2601 si
2464 2563 2618 2602 unus
2649 2545 2945 2611 ceciderit,
2978 2546 3049 2601 ab
3082 2545 3262 2602 sltem
3293 2547 3570 2603 {ulcietur
3602 2564 3615 2605 :

2303 2616 2400 2672 Vae
2430 2617 2577 2687 soli;
2609 2618 2751 2689 quia
2778 2633 2913 2673 cum
2946 2616 3240 2685 ceciderit,

2378 2706 2493 2745 non
2524 2690 2702 2745 habet
2732 2689 3133 2745 sublevantem
3156 2704 3241 2747 se.

2304 2760 2373 2817 Et
2404 2761 2453 2817 si
2486 2760 2832 2817 dormierint
2861 2761 2997 2827 duo,
3029 2761 3381 2817 fovebuntur
3407 2764 3647 2830 mutuo;

2374 2849 2530 2889 unus
2561 2833 2852 2904 quomodo
2882 2831 3151 2904 calefiet‘i

2302 2903 2370 2959 Et
2388 2904 2448 2988 _si
2478 2903 3177 2988 quispiam‘peaavaluerit
3204 2907 3407 2961 contra
3438 2919 3649 2975 unum,

2372 2976 2801 3033 duo’resistunt
2830 2976 2883 3031 ei
2913 2991 2927 3032 :

2222 3070 2266 3137 c
2304 3047 2677 3137 ..ίμρίοειιξιε
2702 3046 3185 3137 levissim???
3212 3046 3536 3137 τυωρίιιπο

2303 3117 2509 3176 Melior
2536 3124 2625 3176 est
2655 3117 2965 3192 pauperet
2993 3118 3252 3192 sapiens,

2371 3207 2506 3263 rege
2535 3189 2676 3247 sene
2707 3196 2764 3246 et
2778 3189 2998 3263 'stulto,

2300 3263 2398 3329 qui
2429 3262 2616 3318 nescit
2638 3262 2951 3334 praevidere
2978 3262 3039 3317 in
3071 3264 3393 3334 posterum.

2301 3335 2463 3400 Quod
2494 3338 2552 3390 et
2582 3332 2654 3390 de
2682 3350 2912 3390 carcere
2945 3332 3285 3405 catenisque
3315 3332 3619 3391 interdum
3642 3335 3763 3405 quis
3778 3346 3892 3405 egre-

2443 3406 2641 3489 diatur
2669 3406 2740 3489 ad
2773 3421 3018 3489 regnum
3052 3420 3067 3460 :

2371 3480 2428 3531 et
2457 3477 2607 3533 alius
2641 3481 2814 3533 natus
2841 3475 2901 3532 in
2934 3492 3135 3548 regno,
3168 3475 3370 3548 inopia,
3393 3480 3785 3534 consumatur.

2298 3548 2432 3603 Vidi
2459 3552 2703 3605 cunctos
2732 3547 3025 3618 viventes,
3046 3548 3147 3619 qui
3176 3547 3496 3604 ambulant
3525 3549 3637 3605 sub
3665 3548 3769 3605 sole

2369 3636 2501 3695 cum
2534 3619 2903 3677 adolescente
2934 3619 3345 3695 secundo,_qui
3377 3626 3697 3695 consurget
3720 3634 3805 3693 pro
3826 3632 3887 3673 eo.

2297 3692 2574 3748 Inﬁnitus
2604 3708 2887 3748 numerus
2915 3696 3006 3748 est
3034 3690 3234 3763 populi

2368 3765 2653 3830 omnium,
2685 3764 2787 3834 qui
2817 3764 3055 3820 fuerunt
3084 3767 3218 3820 ante
3246 3777 3383 3819 eum
3416 3779 3435 3819 :

2296 3834 2366 3891 Et
2394 3836 2496 3907 qui
2526 3835 2936 3908 posteadfuturi
2969 3839 3131 3908 sunt,

2366 3906 2424 3962 et
2454 3906 2570 3963 non
2604 3906 2960 3963 latahuntur
2990 3907 3052 3963 in
3082 3922 3148 3963 eo
3178 3922 3194 3964 :

2294 3978 2405 4034 Sed
2437 3983 2495 4035 et
2523 3979 2633 4034 hoc
2657 3979 2889 4034 vanitas

2365 4055 2423 4106 et
2451 4051 2687 4107 afﬂictio
2718 4050 2982 4122 spiritus,

2295 4119 2536 4195 Custodi
2569 4119 2776 4195 pedem
2808 4119 2980 4195 tuum
3011 4119 3349 4195 ingrediens
3380 4121 3637 4195 domum
3670 4119 3763 4177 Dei
3788 4119 3823 4185 ’,

2366 4193 2554 4250 multo
2570 4190 2742 4250 'enim
2774 4193 2981 4251 melior
3008 4190 3103 4250 est
3124 4192 3489 4264 obedientia,
3517 4209 3699 4266 quam
3742 4190 3902 4250 stulto-

2292 4370 2416 4453 tine
2444 4371 2640 4439 verba,
2662 4371 2834 4453 multo
2864 4371 3354 4453 enim.melior.eit
3381 4371 3737 4453 obedientia,
3760 4382 3900 4453 ⁵(μιιιιιι

542 4442 741 4499 liusac
760 4443 996 4498 Hebraeo
1020 4446 1206 4515 magis
1232 4445 1557 4513 proximum
1586 4442 1740 4515 quod
1760 4457 1874 4515 nos
1896 4442 2192 4515 edidimus
2223 4448 2270 4510 Ι)
2298 4444 2595 4515 stultorum
2623 4442 2859 4515 uictima
2891 4459 2904 4498 :
2939 4443 3077 4513 quia
3106 4442 3262 4514 apud
3293 4443 3584 4500 Hehrmos
3613 4443 3901 4515 propiqu

544 4517 614 4570 ad
650 4515 820 4570 ﬁdem
857 4513 1246 4586 plurimorum
1282 4531 1426 4569 mss.
1458 4513 1967 4584 exemplariorum.
2003 4513 2186 4586 Msa-1'.

614 4587 636 4620 ²
680 4591 802 4641 Huc
848 4584 1274 4641 transtulerunt
1319 4586 1707 4658 exscriptores
1755 4601 1986 4658 comma
2030 4584 2189 4658 istud

544 4657 833 4729 integrum
872 4676 885 4713 :
922 4660 983 4713 Et
1013 4659 1413 4729 appropinqua,
1445 4656 1529 4712 ut'
1552 4656 1777 4729 audias.
1834 4656 1895 4729 Id
1938 4656 2190 4729 quidem

540 4726 708 4803 abest
738 4729 795 4783 in
818 4726 1591 4803 ‘Speculo'S.Augustini,_et
1620 4728 1679 4783 in
1711 4745 1823 4783 ms.
1856 4726 2190 4803 Colbertindo

538 4801 830 4857 Aniciensi
858 4800 1112 4873 positum
1145 4801 1310 4857 estin
1336 4800 1621 4873 margine,
1646 4816 1823 4873 manu
1856 4801 2186 4858 recentiori.

537 4871 1020 4945 Regiusqu‘oque
1052 4878 1362 4945 corruptus
1387 4878 1492 4945 est
1542 4871 1614 4926 ab
1664 4871 1861 4945 aliquo
1911 4873 2190 4928 emenda-

535 4943 785 5013 tore,qui
808 4943 939 5000 haec
968 4960 1134 5000 sacro
1165 4943 1348 4999 textui
1381 4943 1799 5012 intermiscuit,
1832 4959 1966 4999 cum
2016 4948 2189 5000 antea

540 5033 725 5088 purus
752 5017 1043 5088 legeretur
1071 5017 1295 5087 absque
1314 5016 1414 5070 tali
1449 5014 1937 5088 additamento.in
1959 5018 2190 5072 Canone

536 5086 988 5143 Carcassonensi
1041 5086 1243 5143 eadem
1292 5089 1467 5144 verba
1513 5086 1967 5158 legunturpsed
2027 5092 2189 5142 extra

538 5160 748 5215 seriem
781 5165 839 5215 et
865 5176 1038 5227 supra
1072 5164 1405 5214 contextum
1434 5157 1798 5229 imposita:in
1833 5157 2187 5215 Memmiano

537 5237 733 5287 autem
769 5234 997 5302 positus
1028 5231 1239 5286 visitur
1269 5231 1424 5286 idem
1455 5230 1781 5285 versiculus
1814 5230 2185 5301 inconfusus,

530 5320 597 5358 ac
630 5303 819 5375 primo
867 5303 1155 5358 linearum
1212 5302 1416 5377 ductu.
1468 5302 2032 5377 §ciendum__tamen
2079 5302 2188 5358 hoc

539 5372 874 5430 mutuatum
910 5391 1039 5430 esse
1068 5391 1135 5429 ex
1167 5375 1422 5428 editione
1471 5373 1669 5427 Graeca
1719 5372 1848 5427 LXX
1882 5373 2184 5443 interpre-

537 5452 797 5513 tum,aut
826 5463 893 5501 ex
924 5446 1376 5501 Commentariis
1409 5444 1740 5516 Hieronymi
1790 5446 1849 5499 in
1898 5444 2187 5502 Ecclesia-

460 5578 463 5581 γ
533 5523 684 5580 sten,
708 5518 804 5572 ubi
846 5520 1033 5589 magis
1059 5518 1444 5589 Septuaginta
1473 5516 1887 5573 consuetudini
1922 5533 1984 5573 se
2014 5534 2184 5589 coap-

531 5590 711 5659 tavit;
745 5590 839 5645 hic
883 5586 1039 5646 enim
1091 5586 1452 5646 sutﬁcienter
1497 5600 1809 5661 expressus
1858 5592 1947 5646 est
1991 5586 2185 5645 textus

535 5678 858 5766 llebraicus
892 5691 1000 5740 m7
1045 5664 1292 5741 ωπίνλῡεη
1334 5691 1475 5740 nm:
1514 5662 1697 5743 πώ
1734 5684 1897 5766 map":
1926 5765 1931 5766 γ
1956 5680 2185 5735 vocarob

538 5762 799 5822 lischmoa
828 5767 1103 5824 mihiheth
1127 5768 1458 5827 hakkesiliw
1489 5765 1725 5834 mbahh,
1769 5762 1871 5840 per
1918 5765 2042 5825 haec
2085 5768 2188 5824 La.

2298 4515 2378 4570 ad
2408 4514 2773 4581 audiendum,
2826 4518 2884 4569 et
2932 4514 3192 4569 obedien:
3241 4531 3426 4569 unum
3480 4520 3544 4570 et
3591 4516 3743 4571 idem
3787 4516 3899 4567 sunt.

2294 4591 2550 4642 Maem—
2581 4588 2714 4652 Quae
2746 4591 3078 4656 sequuntur
3107 4586 3286 4655 hujus
3316 4586 3605 4643 versiculi
3632 4588 3690 4643 in
3720 4587 3901 4642 Hebre)

2296 4675 2607 4757 archetypo
2636 4674 2831 4742 verba,
2860 4674 2945 4731 sic
2976 4691 3038 4731 se
3068 4674 3291 4731 habent
3336 4686 3487 4737 nm:
3550 4662 3732 4743 πιέν
3781 4681 3897 4757 ut”;

2299 4777 2455 4843 ;n37
2485 4748 2785 4843 pthiam,
2834 4780 2962 4835 quae
3001 4766 3091 4843 _sio
3138 4764 3210 4843 ad
3257 4764 3511 4843 verbum
3563 4748 3899 4843 interpretan-

2294 4840 2414 4909 tur,
2443 4840 2496 4892 et
2524 4838 2917 4909 appropinqua
2943 4835 3015 4909 ad
3040 4835 3403 4909 audiendum,
3428 4854 3510 4892 ne
3540 4840 3641 4894 de:
3672 4835 3899 4909 (vehens-

2293 4907 2388 4981 gis
2414 4906 2591 4979 quam
2617 4906 2829 4991 ardes)
2878 4908 3178 4991 “ultorem
3224 4907 3604 4991 sacriﬁcium.
3755 4906 3895 4991 Hiero-1

2296 4974 2510 5064 nymus
2543 4979 2737 5051 priora
2765 4978 2866 5037 illa
2896 4995 3027 5051 quae
3057 4979 3338 5046 diximus,
3367 4974 3423 5035 et
3456 4974 3899 5061 appropinqua‘ei

2296 5051 2656 5110 audiendum.
2686 5052 2998 5107 commodo
3029 5051 3175 5107 satis
3201 5068 3380 5107 sensu
3408 5068 3490 5108 ex
3538 5054 3814 5110 Hebraica
3846 5064 3897 5103 ω·

2293 5069 2656 5118 auamzaum,
2686 5069 2998 5107 commouo
3029 5069 3175 5107 satis
3201 5069 3380 5107 sensu
3408 5069 3490 5108 ex
3539 5069 3814 5110 uenraxca
3846 5069 3897 5103 ω·

2293 5127 2652 5195 terpretatus
2707 5128 2798 5178 est
2842 5122 3064 5195 plu-nsi,
3109 5123 3284 5180 multo
3328 5124 3541 5195 melior
3590 5134 3673 5182 est
3716 5122 3897 5195 obediw

2294 5194 2401 5269 tie,
2430 5195 2582 5269 quod
2640 5197 2754 5269 est,
2798 5194 2991 5269 eligito
3048 5196 3228 5265 magis
3281 5194 3529 5269 audire,
3571 5198 3693 5253 sive
3722 5194 3894 5269 abdi!!-

2295 5264 2617 5350 Hi_ne'jure_
2649 5264 2881 5392 collegit
2930 5270 3068 5345 ante
3098 5264 3220 5350 .nOs
3259 5267 3463 5350 editor
3491 5264 3892 5325 'Benedictinus.

2295 5354 2539 5392 minime
2567 5339 2748 5392 v1der1
2832 5354 3229 5392 ieronvmiana
3256 5337 3379 5392 illa.
3434 5344 3501 5392 et
3548 5342 3892 5392 asumma.

2295 5337 2552 5414 minime
2567 5337 2748 5393 videri
2782 5337 3229 5410 Hierony‘miana
3256 5337 3379 5414 illa,
3400 5410 3417 5414 _
3434 5344 3501 5396 et
3548 5342 3893 5414 αρρνορὺιρᾳξιε

2282 5418 2354 5466 -ιιι
2416 5409 2638 5494 audias,
2680 5426 2803 5479 qum
2870 5406 3032 5494 cum.
3074 5426 3217 5466 mss.
3280 5406 3767 5494 quidam_,'tum_
3804 5406 3896 5489 editi

2294 5499 2502 5538 omnes
2531 5482 2915 5547 interserunt,
2943 5481 3323 5551 subsequenti
3357 5481 3553 5539 simul
3591 5486 3805 5543 retenta
3841 5482 3897 5534 in-

2290 5554 2730 5626 terpretatione,
2790 5555 2962 5609 multo
3007 5553 3167 5626 enim
3209 5555 3407 5610 melior
3479 5561 3569 5612 est
3635 5555 3897 5614 obediadia.
4004 5600 4005 5615 η

2293 5624 2421 5697 quas
2478 5626 2749 5699 ejusdem
2809 5626 2869 5681 in
2920 5624 3202 5683 Hebraico
3259 5628 3582 5699 sententia
3636 5629 3805 5683 altera
3844 5628 3899 5699 est
4004 5678 4005 5691 χ

2291 5696 2598 5772 expositio.
2630 5696 2903 5772 Netatum
2950 5713 3201 5769 quoque,
3253 5696 3352 5755 illa
3402 5699 3472 5753 in
3530 5700 3595 5757 S.
3647 5696 3902 5772 Augustini

2289 5767 2522 5842 Speculo
2553 5784 2670 5826 non
2701 5767 2923 5825 haberi.
