4090 6192
472 212 610 270 1347
1511 213 1569 266 8.
1610 207 2015 264 HIERONYMI
2057 209 2308 264 DIVINA
2345 208 2842 264 DIBLIOTHECA.
3676 217 3792 277 13‘s

3983 1392 3993 1770 Χ

472 336 684 395 Utilior
713 340 803 392 est
833 333 1116 405 sapientia
1141 349 1273 388 cum
1307 332 1573 406 divitiis._
2152 337 2207 404 Α
2307 349 2425 389 non
2456 333 2789 405 experietur
2820 332 3144 406 quidquam
3178 334 3340 392 mali.

547 415 603 466 et
622 410 824 490 magis
857 403 1094 490 prodest
1123 406 1460 490 videntibus
1492 403 1698 462 solem.
2156 403 2161 404 7
2237 405 2497 476 Tempus
2527 403 2582 486 et
2612 403 3057 490 responsionem

475 482 639 538 Sicut
667 477 818 536 enim
853 477 1099 550 protegit
1127 477 1436 550 sapientia,
2240 547 2260 550 _
2299 493 2399 534 cor
2429 477 2723 550 sapientis
2745 477 3042 549 intelligit.

551 553 634 610 sic
667 547 919 624 protegit
949 547 1216 624 pecunia.
1349 619 1387 624 _7
1422 547 1436 624 77
1550 623 1554 624 7
1709 618 1719 624 _
1814 618 1845 624 77
2229 547 2402 605 Omni
2434 547 2667 624 negotio
2699 547 3166 624 tempusjest,7et
3193 551 3606 624 opportunitas,

475 627 592 682 Hoc
623 618 816 679 autem
836 618 980 692 plus
1011 621 1190 676 habet
1222 619 1476 676 eruditio
1507 623 1569 692 et
1595 618 1910 691 sapientia,
2301 618 2564 677 etmulfa
2596 618 2854 676 hominis
2887 619 3168 678 afﬂictio:

548 697 701 768 quod
734 691 914 749 vitam
946 693 1218 748 tribuunt
1249 691 1574 763 possessori
1605 707 1734 747 suo.

478 767 795 825 Considera
825 781 1002 837 opera
1032 765 1151 835 Dei,
1261 835 1271 837 _
1789 834 1801 837 _
2060 831 2093 837 _7

2229 692 2376 756 Quia
2406 692 2638 764 ignorat
2672 694 2987 763 praeterita,

2060 831 2093 837 77
2301 769 2357 820 et
2384 768 2631 837 ventura
2663 764 2827 837 nullo
2859 765 3008 819 scire
3039 767 3232 836 potest
3256 767 3461 821 nuntio

548 809 1417 913 ﬁ'ﬁb‘ifnéuiﬁfﬁta'ssiijéorg—igere
1442 850 1618 908 quem
1649 834 1748 890 ille
1773 831 2124 905 despexerit.
2231 809 2357 893 Non
2392 809 3534 913 £338};BJxﬁihis"B'6fe§tBi§"p"r3iiii2're
3568 840 3801 913 spiritum,

480 907 670 967 In'die
700 910 854 963 bona
887 907 1080 963 fruere
1111 907 1301 962 bonis.
1462 907 1471 908 7
2304 923 2411 980 nec
2445 907 2620 980 habet
2649 907 2996 980 potestatem
3031 908 3091 962 in
3123 909 3216 963 die
3249 908 3490 980 mortis:

555 988 612 1037 et
643 980 858 1036 malam
890 980 1045 1034 diem
1077 995 1352 1051 prmcave.
1478 1049 1490 1051 _
1562 1049 1568 1051 7
1632 1049 1660 1051 _
2233 980 2349 1036 Nec
2379 979 2583 1034 ﬁnitur
2612 979 2915 1050 quiescere
2945 979 3255 1051 ingruente
3281 979 3455 1050 bello,

481 1053 642 1109 Sicut
673 1052 828 1124 enim
862 1051 1034 1120 banc,
1071 1049 1154 1124 sic
1183 1056 1240 1105 et
1271 1049 1432 1104 illam
1469 1049 1602 1105 fecit
1631 1049 1808 1124 Deus,
2083 1118 2093 1124 _
2307 1067 2496 1124 neque
2535 1049 2787 1124 salvabit
2810 1049 3089 1124 impietas
3121 1051 3401 1124 impium.

550 1130 615 1180 ut
645 1141 763 1180 non
797 1118 1055 1178 inveniat
1083 1122 1257 1178 homo
1290 1125 1491 1177 contra
1527 1138 1661 1177 eum
1687 1123 1887 1192 justas
1931 1118 2132 1192 queri-
2236 1118 2446 1180 Omnia
2478 1121 2598 1178 haec
2624 1118 3010 1191 consideravi,

661 1195 910 1252 monias.
1057 1265 1065 1267 _
1155 1265 1190 1267 77
1239 1264 1248 1267 7
1497 1265 1505 1267 7
1608 1264 1617 1267 7
2309 1200 2366 1251 et
2396 1195 2528 1267 dedi
2561 1209 2660 1250 cor
2691 1211 2887 1251 meum
2919 1195 2978 1250 in
3005 1194 3233 1250 cunctis
3255 1192 3550 1266 cperibus,
3579 1211 3687 1267 qua
3703 1197 3813 1253 ﬁunt

484 1269 612 1324 llaec
643 1283 878 1339 quoque
907 1265 1019 1339 vidi
1052 1265 1110 1339 in
1137 1264 1348 1339 diebus
1376 1264 1655 1320 vanitatis
1687 1279 1828 1320 mea;
1858 1279 1872 1318 :
2418 1266 2528 1321 sub
2560 1267 2698 1321 sole.

553 1336 949 1410 Justusperit
977 1337 1036 1410 in
1063 1336 1293 1410 justitia
1325 1353 1453 1404 sua,
1634 1408 1641 1410 _
1896 1405 1907 1410 7
2241 1339 2545 1396 Interdum
2579 1337 2920 1393 dominatur
2947 1337 3123 1394 homo
3150 1336 3373 1393 homini

553 1416 611 1468 et
642 1405 863 1481 impius
912 1405 1099 1463 multo
1129 1409 1272 1463 vivit
1319 1414 1579 1478 tempore
1628 1408 1687 1462 in
1721 1405 1949 1462 malitia
2002 1421 2130 1461 sua.
2311 1411 2373 1465 in
2406 1410 2629 1464 malum
2661 1425 2860 1481 suum.

483 1483 612 1556 Noli
645 1480 774 1538 esse
795 1483 998 1556 justus
1035 1481 1289 1556 multum
1318 1495 1331 1532 :
1713 1553 1721 1556 7
2239 1481 2372 1536 Vidi
2400 1481 2619 1556 impios
2649 1480 2948 1556 sepultos;
3119 1551 3129 1556 _
3413 1551 3425 1556 _
3519 1551 3531 1556 _
3786 1555 3789 1556 7
3983 1480 3989 1556 ι

555 1554 756 1625 Neque
778 1551 909 1624 plus
939 1552 1136 1623 sapias
1168 1566 1352 1622 quam.
1372 1565 1609 1607 necesse
1640 1553 1748 1618 est,
2312 1553 2410 1624 qui
2444 1551 2622 1608 etiam
2653 1551 2787 1608 cum
2839 1551 3033 1608 adhuc
3079 1551 3358 1621 viverent,
3409 1551 3467 1606 in
3518 1551 3634 1608 loco
3670 1555 3822 1609 sancto

560 1642 632 1681 ne
663 1626 1084 1696 obstupescas._
2315 1629 2502 1694 erant,

490 1696 777 1774 Neimpie
798 1692 940 1768 agas
968 1693 1258 1774 multum:
1465 1763 1474 1774 _
1554 1763 1565 1774 .
1635 1763 1646 1774 θ
1729 1767 1738 1774 7
2166 1709 2215 1774 Β
2316 1692 2853 1774 etlaudabanturin
2877 1692 3825 1774 civitateqnasijnstorumoperum:

561 1773 618 1826 et
655 1763 774 1824 n'oli
803 1763 932 1825 esse
965 1765 1208 1837 stultus,
1233 1781 1305 1821 ne
1334 1763 1602 1820 moriaris
1631 1763 1690 1820 in
1725 1767 1986 1836 tempore
2019 1777 2134 1817 non
2169 1763 2213 1774 “’
2317 1769 2414 1824 sed
2447 1773 2505 1823 et
2539 1767 2644 1821 hoc
2675 1765 2901 1821 vanitas
2933 1770 3043 1822 est.

669 1846 794 1896 tuo.
1194 1836 1198 1837 7
1324 1908 1328 1909 7
2247 1841 2473 1898 Etenim
2509 1837 2648 1908 quia
2679 1855 2793 1893 non
2824 1839 3116 1909 profertur
3147 1836 3264 1893 cito
3293 1841 3500 1894 contra
3528 1837 3697 1894 malos
3730 1853 3832 1894 sen-

491 1914 717 1969 Bonum
749 1914 837 1966 est
867 1914 924 1965 te
957 1911 1288 1965 sustentare
1309 1908 1564 1978 justum,
2426 1909 2630 1976 tentia,

563 1984 663 2062 sed
696 1987 754 2038 et
785 1981 986 2062 a_b_7illo
1017 1980 1436 2062 ne.subtrab_a7s
1469 1994 1717 2062 manum
1741 1982 1941 2034 tuam:
2263 2057 2274 2062 _
2302 1981 2672 2062 absqueullo
2693 1978 3832 2062 timoretiliihominumperpetrantinala.

562 2055 701 2128 quia
733 2053 833 2128 qui
861 2059 1038 2128 Deum
1071 2051 1258 2128 timet,
1294 2050 1440 2128 nihil
1483 2050 1747 2123 negligit.
2247 2050 2518 2111 Attamen
2553 2057 2823 2128 peccator
2851 2067 2916 2106 ex
2948 2066 3014 2106 eo
3037 2052 3193 2123 quod
3223 2050 3451 2109 centies
3473 2050 3602 2109 facit
3639 2051 3836 2122 malum,

491 2123 795 2198 Sapientia
818 2124 1182 2198 confortavit
1198 2124 1541 2198 sapientem
2322 2131 2380 2182 et
2411 2141 2513 2198 per
2543 2123 2888 2198 patientiam
2929 2128 3320 2198 sustentatur,

566 2194 743 2270 super
770 2197 967 2272 decen}
1003 2194 1295 2272 principes
1323 2194 1597 2272 civitatis.
2251 2199 2370 2272 Ego
2401 2194 2644 2272 cognovi
2693 2195 2990 2272 qu_od_erit
3037 2195 3259 2272 bonum
3307 2195 3652 2252 timentibus
3679 2195 3844 2262 Deum,

496 2270 621 2326 Non
644 2267 740 2325 est
770 2268 922 2340 enim
955 2267 1131 2322 homo
1156 2267 1357 2336 justus
1391 2268 1446 2320 in
1481 2269 1656 2328 terra,
2301 2267 2427 2340 'qui
2457 2272 2735 2324 verentur
2767 2267 2971 2340 faciem
3001 2267 3153 2335 ejus.

567 2340 668 2414 qui
701 2339 872 2394 faciat
904 2339 1147 2403 bonum,
1182 2341 1240 2391 et
1270 2353 1384 2391 non
1419 2340 1636 2408 peccet.

498 2415 612 2468 Sed
641 2415 699 2468 et
728 2410 957 2466 cunctis
990 2407 1386 2483 sermonibus,
1417 2408 1517 2478 qui
1546 2407 1848 2474 dicuntur,

2253 2337 2379 2397 Non
2413 2340 2489 2395 sit
2515 2341 2734 2394 bonum
2766 2337 2972 2410 impio,
3004 2354 3112 2393 nec
3145 2337 3572 2410 prolongentur
3599 2337 3713 2393 dies
3742 2337 3853 2406 ejus,

2327 2413 2426 2470 sed
2452 2411 2622 2483 quasi
2645 2410 2858 2466 umbra
2879 2415 3189 2466 transeant
3210 2409 3308 2481 qui
3329 2427 3445 2466 non
3472 2410 3676 2466 timent
3695 2410 3855 2464 faciem

568 2499 640 2539 ne
671 2481 1080 2538 accommodes
1111 2496 1210 2535 cor
1239 2485 1441 2534 tuum:
2435 2481 2557 2540 Dei.

497 2555 578 2611 Ne
609 2555 758 2610 forte
787 2552 996 2608 audias
1027 2566 1259 2624 servum
1293 2555 1462 2606 tuum
1500 2548 1966 2624 maledicentem
1999 2546 2146 2624 tibi:
2258 2558 2362 2612 Εει
2386 2561 2445 2610 et,
2465 2554 2581 2609 alia
2606 2551 2858 2618 vanitas,
2895 2568 3027 2624 quae
3059 2552 3124 2606 fit
3155 2568 3333 2623 super
3359 2556 3583 2608 terram
3609 2567 3622 2608 :

570 2626 681 2683 scit
704 2625 981 2696 enimtua
997 2623 1386 2696 conscientia,
1412 2621 1551 2694 quia
1572 2626 1628 2677 et
1648 2626 1712 2676 tu
1743 2621 1946 2676 crebro
1969 2618 2150 2675 male-
2331 2632 2473 2683 sunt
2493 2624 2667 2696 justi,
2701 2618 2927 2696 quibus
2950 2623 3143 2696 multa
3169 2618 3549 2695 proveniunt,

680 2695 875 2752 dixisti
911 2694 1063 2770 aliis.
1202 2765 1212 2770 _
1306 2764 1339 2770 __
2332 2694 2512 2770 quasi
2537 2694 2972 2770 operaegerint
3004 2694 3348 2770 impiorum.

501 2771 725 2826 Cuncta
749 2769 970 2824 tentavi
997 2767 1064 2839 in7
1089 2764 1401 2839 sapientia.
2261 2771 2331 2828 Et
2350 2764 2502 2826 'sunt
2531 2764 2721 2839 impii,
2756 2764 2856 2839 qui
2876 2767 2972 2839 ita
3002 2764 3193 2839 securi
3226 2772 3386 2822 sunt.

503 2841 627 2914 Dixi
659 2858 672 2896 :
707 2840 953 2914 Sapiens
983 2837 1208 2894 efficiar
1230 2853 1275 2914 :_7
1625 2905 1638 2914 7
1899 2906 1910 2914 _
2335 2839 2505 2914 quasi
2537 2837 2833 2914 iustorum
2866 2838 3016 2914 facta
3045 2838 3340 2914 habeant:

508 2915 578 2970 Et
607 2913 736 2984 ipsa
766 2905 1000 2982 lbngius
1043 2908 1284 2965 recessit
1316 2925 1350 2963 a
1382 2924 1474 2963 me
1521 2905 1707 2963 multo
1757 2906 1944 2979 magis
1975 2921 2154 2978 quam
2335 2905 2436 2970 s'ed
2469 2905 2674 2984 et7boc
2704 2911 3091 2984 vanissimum
3113 2911 3335 2980 judico.

576 2981 737 3054 erat:
876 2981 893 2982 7
936 3052 949 3054 Α
1052 3050 1091 3054 __
1332 3051 1343 3054 _
1414 3050 1423 3054 λ
1589 3051 1598 3054 _
1846 3049 1866 3054 -
2266 2985 2524 3042 Laudavi
2556 2983 2740 3054 igitur
2769 2981 3042 3054 laetitiam,

580 3060 640 3140 et
667 3053 784 3134 alta
817 3050 1212 3136 profunditas,
1246 3051 1387 3140 quis
1409 3050 1666 3140 inveniet
1695 3065 1822 3106 eam
1843 3049 1871 3105 ?
2186 3072 2229 3140 ρ
2268 3056 2490 3140 “quod
2525 3049 2640 3140 non
2664 3060 2820 3140 esset
2849 3051 3074 3140 homini
3107 3052 3327 3140 bonum
3357 3051 3475 3140 sub
3507 3051 3650 3118 sole,

507 3125 777 3182 Lustravi
809 3122 1085 3180 universa
1111 3123 1308 3179 animo
1342 3139 1492 3188 meo,
2043 3190 2056 3195 _
2127 3190 2134 3195 ,
2188 3122 2229 3140 “
2268 3122 2392 3185 Nisi
2427 3128 2582 3195 quod
2617 3125 2966 3191 comederet,
3015 3130 3072 3180 et
3112 3124 3335 3179 biberet
3388 3129 3574 3195 atque
3624 3122 3878 3194 gauderet,

583 3203 648 3255 ut
679 3196 909 3262 scirem,
941 3201 996 3251 et
1017 3195 1472 3265 considerarem,
1505 3198 1562 3250 et
1583 3207 1904 3264 quaererem
1932 3190 2162 3265 sapien-
2339 3205 2396 3257 et
2444 3190 2554 3253 hoc
2602 3197 2792 3253 solum
2843 3190 3044 3251 secum
3095 3196 3349 3251 auferret
3401 3190 3489 3251 de'
3539 3190 3728 3251 labore
3777 3207 3874 3265 suo,

690 3267 856 3334 tiam,
889 3271 945 3322 et
975 3267 1256 3322 rationem
1278 3283 1306 3340 Δε
1460 3264 1464 3265 7
1646 3336 1659 3340 Α
1698 3335 1709 3340 7
2009 3264 2012 3265 7
2339 3273 2406 3327 in‘-
2434 3270 2645 3326 diebus
2674 3269 2802 3324 vitae
2831 3284 2952 3323 sua:
2983 3283 3132 3340 quos
3160 3267 3323 3340 dedit
3352 3267 3401 3321 ei
3440 3267 3608 3324 Deus
3640 3265 3744 3340 sub
3770 3264 3880 3320 sole.

510 3343 580 3398 Et
609 3346 676 3395 ut
706 3354 1114 3414 cognoscerem
1149 3337 1512 3414 impietatem
1547 3335 1736 3406 stulti,
2269 3348 2343 3402 Et
2371 3341 2646 3414 apposuit
2673 3357 2772 3396 cor
2802 3335 3023 3414 meum,
3056 3343 3122 3414 ut
3153 3339 3363 3414 scirem
3396 3339 3774 3414 sapientiam,

584 3417 642 3467 et
670 3405 923 3466 erro'rem
957 3405 1462 3483 ἱφρωάθῐηὶυῐηε
1548 3477 1580 3483 __
1722 3405 1725 3406 7
2341 3405 2825 3483 etintelligerem
2875 3405 3291 3468 distentionem
3326 3410 3347 3444 ³
3405 3405 3543 3483 quae
3576 3413 3819 3466 versatur
3840 3405 3883 3460 in

514 3485 582 3539 Et
611 3483 805 3536 inveni
836 3477 1185 3536 amariorem
1221 3485 1409 3535 morte
1441 3477 1770 3543 mulierem,
2355 3502 2368 3516 ι
2449 3477 2642 3540 terrai

585 3569 712 3624 ρυεε
744 3551 997 3624 laqueus
1028 3556 1370 3606 venatomm
1402 3555 1514 3620 θεῖ,
2273 3553 2916 3625 Esthomo,quidiebus
2939 3569 3003 3608 ac
3020 3553 3293 3609 noctibus
3317 3570 3602 3610 somnum
3630 3569 3737 3609 non
3771 3547 3888 3620 capit

584 3631 646 3680 et
675 3639 895 3695 sagena
926 3639 1026 3678 eor
1054 3625 1287 3695 ejus,7777
2451 3626 2668 3694 oculis,

512 3693 772 3768 Vincula—7
797 3693 1442 3768 suntimariusilliusg
2275 3700 2343 3757 Et
2373 3697 2660 3762 intellexi,
2696 3697 2851 3768 quod
2882 3695 3147 3751 omnium
3182 3711 3425 3768 operum
3461 3698 3565 3754 Dei

587 3769 687 3844 qui
721 3766 911 3837 placet
942 3767 1078 3832 Deo,
1114 3765 1355 3844 etfugiet
1385 3763 1545 3844 illam
1574 3780 1590 3844 7:
1729 3835 1742 3844 _
2345 3770 2570 3826 nullam
2609 3763 3000 3844 po_s7sit7homo
3032 3763 3294 3844 invenire
3325 3769 3643 3841 rationem,

588 3832 701 3912 qui
723 3832 921 3912 autem
956 3832 1367 3912 peccator'est,
1399 3836 1662 3912 capietur
1692 3835 1764 3890 ab
1797 3832 1916 3890 illa.
1979 3908 1988 3912 _
2063 3904 2099 3912 __
2273 3858 2475 3898 eorum
2508 3832 2960 3912 quaeﬁuntsub
2991 3839 3148 3912 sole:

518 3904 660 3970 Ecce
691 3910 799 3966 hoc
825 3904 1040 3977 inveni,
1089 3909 1238 3966 dixit
1286 3904 1689 3977 Ecclesiastes,
1721 3923 1906 3962 unum
1939 3908 1997 3961 et
2027 3904 2172 3961 alte-
2273 3920 2331 3971 et
2358 3904 2575 3983 quanio
2608 3911 2743 3984 plus
2771 3911 3121 3984 laboraverit
3148 3911 3220 3967 ad
3253 3913 3670 3982 quaerendum,

700 3999 851 4060 rum,
909 4057 916 4060 _
952 4055 962 4060 _
1063 4051 1097 4060 __
1581 4049 1619 4060 __
1909 4048 1942 4060 η
2055 4048 2065 4060 ⁸
2306 4059 2311 4060 7
2347 3990 2517 4060 tanto
2547 3983 2748 4060 minus
2778 3983 3075 4060 inveniat:

518 4053 926 4112 utinvenirent
949 4055 964 4088 ¹
990 4051 1300 4120 rationem,
1325 4066 1504 4123 quam
1528 4049 1720 4106 adhuc
1744 4049 1952 4120 quierit
1973 4049 2172 4105 anima
2276 4057 2520 4114 Etiamsi
2555 4055 2770 4111 dixerit
2798 4053 3033 4125 sapiens
3063 4069 3125 4110 se
3154 4070 3350 4122 nosse,

704 4141 852 4198 mea,
1008 4193 1021 4198 7
2348 4145 2465 4184 non
2499 4129 2711 4198 poterit
2741 4125 3016 4198 reperire,

593 4203 652 4255 et
684 4215 799 4274 non
831 4193 1044 4274 inveni.
1455 4265 1465 4274 _
2276 4203 2444 4274 (Cap.
2482 4193 2597 4274 17X.)
2623 4193 2986 4274 omniabaec
3005 4193 3258 4253 tractavi
3291 4197 3350 4254 in
3379 4197 3561 4256 corde
3593 4213 3743 4268 meo,

518 4270 726 4327 Virum
761 4269 833 4324 d6
865 4266 1028 4322 mille
1060 4282 1247 4341 unum
1281 4265 1511 4341 Peperi:_
1679 4335 1691 4341 _
1751 4309 1754 4312 ~
2282 4265 2293 4274 7
2351 4265 2418 4328 u7t
2447 4265 2678 4326 curiose
2707 4268 3142 4341 intelligerem:

593 4341 904 4415 mulierem
936 4357 1004 4415 ex
1033 4339 1315 4415 omnibus
1349 4335 1721 4415 non_inveni._
1778 4411 1807 4415 _
1971 4407 1984 4415 _
2118 4407 2130 4415 _
2278 4345 2426 4401 sunt,
2448 4343 2597 4415 justi
2628 4347 2806 4413 atque
2837 4335 3154 4415 sapientes,

521 4413 903 4470 Solummodo
946 4411 1057 4511 boc
1083 4410 1298 4476 inveni,
1329 4409 1482 4480 quod
1530 4408 1729 4464 fecerit
1775 4411 1926 4463 Deus
1970 4407 2165 4464 homi-
2201 4444 2248 4511 Β
2281 4421 2408 4511 met
2445 4407 2622 4487 opera
2651 4407 2852 4511 eortim
2886 4407 2944 4467 in
2981 4407 3157 4511 manu
3187 4411 3328 4468 Dei:

702 4501 836 4540 “em
868 4487 1140 4564 τθΡίιέπὲτ.
1276 4551 1287 4563 .
1477 4551 1509 4564 ..
1719 4549 1754 4564 ..
1847 4550 1880 4564 ..
2201 4483 2317 4544 UE

2294 4488 2348 4543 Et
2369 4483 2567 4564 tamen
2591 4485 2778 4542 nescit
2804 4485 2998 4556 homo,
3019 4489 3218 4540 utrum
3243 4499 3439 4540 amore
3471 4501 3548 4540 an
3564 4485 3702 4540 odio
3731 4483 3909 4556 dignus

594 4559 650 4628 et
679 4555 805 4628 ipse
833 4571 894 4610 se
927 4553 1177 4628 infinitis
1211 4551 1518 4628 miscuerit
1547 4550 1999 4623 quaestionibus.
2457 4557 2537 4614 sit
2561 4574 2574 4612 :

525 4627 667 4693 Quis
697 4623 831 4682 talis
862 4630 926 4680 ut
957 4624 1194 4696 sapiens
1220 4623 1366 4696 est?
1641 4695 1650 4696 7
1688 4694 1695 4696 _
2349 4631 2450 4686 sed
2491 4628 2688 4684 omnia
2721 4627 2780 4682 in
2815 4627 3078 4683 futurum
3109 4631 3419 4684 servantur
3448 4627 3726 4685 incerta:

591 4703 649 4753 et
681 4694 1118 4773 q_ui7s_c_ogno7vit
1149 4694 1504 4773 solutionem
1540 4694 1700 4773 yerbi
1735 4765 1747 4773 _
1903 4765 1940 4773 __
2058 4766 2070 4773 7
2279 4703 2355 4759 Eo
2387 4701 2544 4773 quod
2577 4700 2848 4773 universa
2877 4715 3041 4772 asque
3073 4701 3345 4756 eveniant

523 4771 675 4846 (Cap.
697 4765 901 4846 'Vlll.)_
922 4765 1224 4846 sapientia
1257 4766 1515 4846 bominis
1546 4766 1701 4821 lucet
1731 4765 1789 4820 in
1823 4765 1986 4846 vultu
2020 4766 2172 4839 ejus,
2345 4765 2509 4846 ju'sto
2541 4777 2600 4828 et
2624 4771 2827 4846 impio,

597 4836 654 4898 et
683 4836 1134 4914 potentissimus
1165 4839 1368 4894 faciem
1402 4836 1563 4894 illius
1594 4837 2001 4895 commutabit.
2053 4836 2064 4838 7
2157 4836 2165 4839 7
2345 4836 2505 4902 'bono
2536 4851 2594 4898 et
2622 4836 2798 4907 malo,

528 4915 649 4992 Ego
677 4911 742 4969 os
775 4912 933 4992 regis
955 4911 1222 4992 observo,
1284 4980 1322 4992 77
1359 4981 1397 4992 ﬁ
1443 4981 1455 4992 _
2284 4989 2303 4992 _
2353 4913 3026 4992 mundoetjmmundo,

598 4981 658 5041 7et
689 4981 978 5057 praecepta
1005 4981 1325 5057 juramenti
1358 4981 1492 5057 Dei.
2283 4987 2620 5044 Immolanti
2648 4986 2938 5056 victimas,

525 5057 609 5114 Ne
634 5053 1171 5113 festines'recedcre
1202 5071 1235 5109 a
1268 5053 1413 5109 facie
1443 5054 1594 5124 ejus,
2355 5065 2414 5116 et,
2442 5059 2731 5116 sacriﬁcia
2761 5053 3184 5113 contemnenti.

601 5145 790 5207 neque
822 5142 1164 5207 permaneas
1189 5125 1248 5207 in
1278 5141 1454 5207 opere
1476 5123 1674 5207 malo:
2287 5131 2452 5186 Sicut
2481 5131 2691 5207 bonus,
2727 5130 2813 5207 sic
2843 5133 2900 5184 et
2931 5132 3242 5207 peccator:

530 5196 900 5268 QUiabmﬁe.
921 5199 1090 5274 Δψιοά
1125 5196 1389 5266 νοῘυέΡῖῐ,
1422 5197 1631 5274 “Picti
1743 5271 1750 5274 7
2359 5208 2424 5257 ut
2454 5205 2748 5274 perjurus,
2782 5202 2864 5255 ita
2895 5196 2951 5274 et
2982 5199 3080 5254 ille
3111 5199 3228 5274 qui
3245 5214 3443 5254 verum
3473 5197 3733 5274 dejerat_.

599 5277 656 5328 et
691 5266 892 5345 sermo
917 5266 1077 5345 illius
1109 5273 1395 5345 potestate
1427 5267 1638 5339 plenus
1670 5271 1792 5345 est:
1881 5341 1914 5345 _7
1995 5339 2016 5345 _
2085 5338 2096 5345 _
2155 5339 2178 5345 Α
2286 5275 2405 5329 Hoc
2436 5266 2526 5329 est
2546 5266 2872 5345 pessimum
2898 5271 3051 5345 inter
3071 5266 3291 5345 omnia,
3325 5287 3452 5342 quae
3474 5266 3596 5325 su'b
3630 5271 3757 5325 sole
3781 5266 3918 5325 fiuntt

602 5360 707 5400 nec
740 5344 932 5417 dicere
952 5343 1001 5397 ei
1037 5341 1343 5409 quisquam
1379 5338 1610 5411 potest:
1663 5340 1850 5404 Quare
1878 5341 1957 5395 ita
1989 5338 2180 5394 facis?
2317 5416 2324 5417 7
2359 5346 2499 5416 quia
2530 5338 2731 5402 eadem
2765 5343 2998 5417 cunctis
3022 5342 3314 5417 evenient.
3342 5338 3368 5417 ί
3487 5412 3497 5417 _

532 5418 640 5484 QUi
671 5416 926 5473 ουεῐοάίῐ
956 5418 1334 5485 Praeceptum:
1382 5409 1397 5411 7
2287 5409 2451 5473 Un7de
2475 5421 2531 5474 et
2553 5417 2730 5473 corda
2753 5413 3332 5470 ﬁliorumhominum
3354 5409 3916 5484 implenturmalitin.

608 5633 624 5666 ί
659 5629 717 5684 S.
752 5630 876 5700 ipse
925 5631 1096 5682 Pater
1125 5626 1201 5703 in_
1230 5625 1666 5703 Commentario
1716 5641 1850 5703 cum
1892 5625 2182 5703 in7terp_re-
2331 5702 2336 5703 7
2360 5631 2382 5665 ⁸
2411 5629 2850 5703 Complutensis
2872 5628 3079 5703 Latina
3099 5628 3280 5703 editio
3304 5643 3434 5703 cum
3458 5625 3601 5703 aliis
3625 5625 3784 5703 baud
3804 5637 3916 5703 pau-

531 5703 692 5755 tatus
724 5696 896 5765 esset,
929 5715 1100 5754 unam
1132 5698 1203 5752 ad
1231 5714 1426 5765 unam,
1460 5706 1519 5753 ut
1550 5697 1886 5769 invenirem,
1912 5696 2184 5764 etc.,7He-
2291 5702 2396 5766 cis,
2431 5696 2856 5769 Dissénsionem,
2903 5700 3112 5756 Glossa
3168 5699 3567 5756 interlinearis
3623 5696 3920 5753 Distradr'r

534 5769 734 5824 braico
766 5771 1021 5826 sermoni
1048 5787 1109 5826 se
1143 5770 1387 5840 propius
1418 5769 1601 5826 tradit
1632 5768 1968 5826 adhaesisse.
2289 5790 2414 5830 nem
2446 5775 2677 5847 praefert
