  <div class='ocr_page' id='page_1' title='image "/cluster/home/n/w/nwhite01/storage/ocr_20150623/28/hvd.32044052824265/746.png"; bbox 0 0 4090 6192; ppageno 0'>
   <div class='ocr_carea' id='block_1_1' title="bbox 317 213 458 269">
    <p class='ocr_par' dir='ltr' id='par_1_1' title="bbox 317 213 458 269">
     <span class='ocr_line' id='line_1_1' title="bbox 317 213 458 269; baseline -0.007 0"><span class='ocrx_word' id='word_1_1' title='bbox 317 213 458 269; x_wconf 79' lang='grc'><strong>1349</strong></span> 
     </span>
    </p>
   </div>
   <div class='ocr_carea' id='block_1_2' title="bbox 376 333 1206 407">
    <p class='ocr_par' dir='ltr' id='par_1_2' title="bbox 376 333 1206 407">
     <span class='ocr_line' id='line_1_2' title="bbox 376 333 1206 407; baseline -0.005 -12"><span class='ocrx_word' id='word_1_2' title='bbox 376 341 435 394; x_wconf 90' lang='lat' dir='ltr'><strong>et</strong></span> <span class='ocrx_word' id='word_1_3' title='bbox 466 339 807 407; x_wconf 90' lang='lat' dir='ltr'><strong>contemptu</strong></span> <span class='ocrx_word' id='word_1_4' title='bbox 839 333 898 390; x_wconf 93' lang='lat' dir='ltr'><strong>in</strong></span> <span class='ocrx_word' id='word_1_5' title='bbox 930 335 1048 390; x_wconf 89' lang='lat' dir='ltr'><strong>vita</strong></span> <span class='ocrx_word' id='word_1_6' title='bbox 1075 353 1206 404; x_wconf 88' lang='lat' dir='ltr'><strong>sua,</strong></span> 
     </span>
    </p>
   </div>
   <div class='ocr_carea' id='block_1_3' title="bbox 377 407 1524 482">
    <p class='ocr_par' dir='ltr' id='par_1_3' title="bbox 377 407 1524 482">
     <span class='ocr_line' id='line_1_3' title="bbox 377 407 1524 482; baseline -0.001 -14"><span class='ocrx_word' id='word_1_7' title='bbox 377 417 437 469; x_wconf 88' lang='lat' dir='ltr'><strong>et</strong></span> <span class='ocrx_word' id='word_1_8' title='bbox 466 414 598 482; x_wconf 89' lang='lat' dir='ltr'><strong>post</strong></span> <span class='ocrx_word' id='word_1_9' title='bbox 626 408 747 482; x_wconf 64' lang='lat' dir='ltr'><strong>haec</strong></span> <span class='ocrx_word' id='word_1_10' title='bbox 777 407 850 463; x_wconf 89' lang='lat' dir='ltr'><strong>ad</strong></span> <span class='ocrx_word' id='word_1_11' title='bbox 880 407 1099 482; x_wconf 86' lang='lat' dir='ltr'><strong>inferos</strong></span> <span class='ocrx_word' id='word_1_12' title='bbox 1131 409 1524 468; x_wconf 89' lang='lat' dir='ltr'><strong>deducuntur.</strong></span> 
     </span>
    </p>
   </div>
   <div class='ocr_carea' id='block_1_4' title="bbox 307 479 1224 551">
    <p class='ocr_par' dir='ltr' id='par_1_4' title="bbox 307 479 1224 551">
     <span class='ocr_line' id='line_1_4' title="bbox 307 479 1224 551; baseline -0.004 -11"><span class='ocrx_word' id='word_1_13' title='bbox 307 479 491 540; x_wconf 80' lang='lat' dir='ltr'><strong>Nemo</strong></span> <span class='ocrx_word' id='word_1_14' title='bbox 525 484 616 536; x_wconf 89' lang='lat' dir='ltr'><strong>est</strong></span> <span class='ocrx_word' id='word_1_15' title='bbox 646 479 750 550; x_wconf 88' lang='lat' dir='ltr'><strong>qui</strong></span> <span class='ocrx_word' id='word_1_16' title='bbox 784 495 1016 551; x_wconf 86' lang='lat' dir='ltr'><strong>semper</strong></span> <span class='ocrx_word' id='word_1_17' title='bbox 1045 481 1224 547; x_wconf 96' lang='lat' dir='ltr'><strong>vivat,</strong></span> 
     </span>
    </p>
   </div>
   <div class='ocr_carea' id='block_1_5' title="bbox 382 550 1506 625">
    <p class='ocr_par' dir='ltr' id='par_1_5' title="bbox 382 550 1506 625">
     <span class='ocr_line' id='line_1_5' title="bbox 382 550 1506 625; baseline 0.001 -16"><span class='ocrx_word' id='word_1_18' title='bbox 382 559 440 610; x_wconf 91' lang='lat' dir='ltr'><strong>et</strong></span> <span class='ocrx_word' id='word_1_19' title='bbox 471 552 578 625; x_wconf 76' lang='lat' dir='ltr'><strong>qui</strong></span> <span class='ocrx_word' id='word_1_20' title='bbox 608 551 788 625; x_wconf 87' lang='lat' dir='ltr'><strong>hujus</strong></span> <span class='ocrx_word' id='word_1_21' title='bbox 821 550 1149 625; x_wconf 35' lang='lat' dir='ltr'><strong>rei’habeat</strong></span> <span class='ocrx_word' id='word_1_22' title='bbox 1181 554 1453 609; x_wconf 87' lang='lat' dir='ltr'><strong>ﬁduciam</strong></span> <span class='ocrx_word' id='word_1_23' title='bbox 1492 571 1506 609; x_wconf 88' lang='lat'><strong>:</strong></span> 
     </span>
    </p>
   </div>
   <div class='ocr_carea' id='block_1_6' title="bbox 305 623 1515 685">
    <p class='ocr_par' dir='ltr' id='par_1_6' title="bbox 305 623 1515 685">
     <span class='ocr_line' id='line_1_6' title="bbox 305 623 1515 685; baseline -0.002 0"><span class='ocrx_word' id='word_1_24' title='bbox 305 623 516 685; x_wconf 78' lang='lat' dir='ltr'><strong>Melior</strong></span> <span class='ocrx_word' id='word_1_25' title='bbox 548 629 636 679; x_wconf 90' lang='lat' dir='ltr'><strong>est</strong></span> <span class='ocrx_word' id='word_1_26' title='bbox 660 623 827 680; x_wconf 87' lang='lat' dir='ltr'><strong>canis</strong></span> <span class='ocrx_word' id='word_1_27' title='bbox 857 623 1027 678; x_wconf 89' lang='lat' dir='ltr'><strong>vivus</strong></span> <span class='ocrx_word' id='word_1_28' title='bbox 1056 623 1225 679; x_wconf 85' lang='lat' dir='ltr'><strong>leone</strong></span> <span class='ocrx_word' id='word_1_29' title='bbox 1258 633 1515 682; x_wconf 90' lang='lat' dir='ltr'><strong>mortuo.</strong></span> 
     </span>
    </p>
   </div>
   <div class='ocr_carea' id='block_1_7' title="bbox 380 695 1612 755">
    <p class='ocr_par' dir='ltr' id='par_1_7' title="bbox 380 695 1612 755">
     <span class='ocr_line' id='line_1_7' title="bbox 380 695 1612 755; baseline 0.003 -4"><span class='ocrx_word' id='word_1_30' title='bbox 380 698 658 752; x_wconf 78' lang='lat' dir='ltr'><strong>Viventes</strong></span> <span class='ocrx_word' id='word_1_31' title='bbox 688 697 844 751; x_wconf 89' lang='lat' dir='ltr'><strong>enim</strong></span> <span class='ocrx_word' id='word_1_32' title='bbox 877 695 1080 750; x_wconf 90' lang='lat' dir='ltr'><strong>sciunt</strong></span> <span class='ocrx_word' id='word_1_33' title='bbox 1111 712 1240 752; x_wconf 90' lang='lat' dir='ltr'><strong>esse</strong></span> <span class='ocrx_word' id='word_1_34' title='bbox 1272 699 1612 755; x_wconf 91' lang='lat' dir='ltr'><strong>morituros.</strong></span> 
     </span>
    </p>
   </div>
   <div class='ocr_carea' id='block_1_8' title="bbox 305 766 1506 843">
    <p class='ocr_par' dir='ltr' id='par_1_8' title="bbox 305 766 1506 843">
     <span class='ocr_line' id='line_1_8' title="bbox 305 766 1506 843; baseline -0.002 -15"><span class='ocrx_word' id='word_1_35' title='bbox 305 770 529 843; x_wconf 80' lang='lat' dir='ltr'><strong>Mortui</strong></span> <span class='ocrx_word' id='word_1_36' title='bbox 553 784 685 843; x_wconf 84' lang='lat' dir='ltr'><strong>vero</strong></span> <span class='ocrx_word' id='word_1_37' title='bbox 718 766 866 843; x_wconf 89' lang='lat' dir='ltr'><strong>nihil</strong></span> <span class='ocrx_word' id='word_1_38' title='bbox 904 776 1192 843; x_wconf 78' lang='lat' dir='ltr'><strong>noverunt</strong></span> <span class='ocrx_word' id='word_1_39' title='bbox 1223 770 1506 843; x_wconf 82' lang='lat' dir='ltr'><strong>amplius,</strong></span> 
     </span>
    </p>
   </div>
   <div class='ocr_carea' id='block_1_9' title="bbox 379 838 1312 909">
    <p class='ocr_par' dir='ltr' id='par_1_9' title="bbox 379 838 1312 909">
     <span class='ocr_line' id='line_1_9' title="bbox 379 838 1312 909; baseline -0.003 -11"><span class='ocrx_word' id='word_1_40' title='bbox 379 857 488 898; x_wconf 88' lang='lat' dir='ltr'><strong>nec</strong></span> <span class='ocrx_word' id='word_1_41' title='bbox 520 841 738 896; x_wconf 90' lang='lat' dir='ltr'><strong>habent</strong></span> <span class='ocrx_word' id='word_1_42' title='bbox 768 838 926 893; x_wconf 81' lang='lat' dir='ltr'><strong>ultra</strong></span> <span class='ocrx_word' id='word_1_43' title='bbox 959 840 1312 909; x_wconf 76' lang='lat' dir='ltr'><strong>mercedem,</strong></span> 
     </span>
    </p>
   </div>
   <div class='ocr_carea' id='block_1_10' title="bbox 380 909 1752 986">
    <p class='ocr_par' dir='ltr' id='par_1_10' title="bbox 380 909 1752 986">
     <span class='ocr_line' id='line_1_10' title="bbox 380 909 1752 986; baseline 0 -18"><span class='ocrx_word' id='word_1_44' title='bbox 380 915 519 986; x_wconf 83' lang='lat' dir='ltr'><strong>quia</strong></span> <span class='ocrx_word' id='word_1_45' title='bbox 548 911 826 967; x_wconf 84' lang='lat' dir='ltr'><strong>oblivioni</strong></span> <span class='ocrx_word' id='word_1_46' title='bbox 857 909 1072 986; x_wconf 85' lang='lat' dir='ltr'><strong>tradita</strong></span> <span class='ocrx_word' id='word_1_47' title='bbox 1097 913 1502 986; x_wconf 88' lang='lat' dir='ltr'><strong>est_memoria</strong></span> <span class='ocrx_word' id='word_1_48' title='bbox 1530 930 1752 970; x_wconf 91' lang='lat' dir='ltr'><strong>eorum.</strong></span> 
     </span>
    </p>
   </div>
   <div class='ocr_carea' id='block_1_11' title="bbox 307 981 1966 1058">
    <p class='ocr_par' dir='ltr' id='par_1_11' title="bbox 307 981 1966 1058">
     <span class='ocr_line' id='line_1_11' title="bbox 307 981 1966 1058; baseline -0.001 -16"><span class='ocrx_word' id='word_1_49' title='bbox 307 981 489 1042; x_wconf 80' lang='lat' dir='ltr'><strong>Amor</strong></span> <span class='ocrx_word' id='word_1_50' title='bbox 521 998 779 1058; x_wconf 83' lang='lat' dir='ltr'><strong>quoque,</strong></span> <span class='ocrx_word' id='word_1_51' title='bbox 812 986 870 1037; x_wconf 92' lang='lat' dir='ltr'><strong>et</strong></span> <span class='ocrx_word' id='word_1_52' title='bbox 890 981 1622 1058; x_wconf 52' lang='lat' dir='ltr'><strong>odium,etinvidiasimul</strong></span> <span class='ocrx_word' id='word_1_53' title='bbox 1646 986 1966 1058; x_wconf 89' lang='lat' dir='ltr'><strong>perierunt,</strong></span> 
     </span>
    </p>
   </div>
   <div class='ocr_carea' id='block_1_12' title="bbox 382 1055 1498 1125">
    <p class='ocr_par' dir='ltr' id='par_1_12' title="bbox 382 1055 1498 1125">
     <span class='ocr_line' id='line_1_12' title="bbox 382 1055 1498 1125; baseline 0 -13"><span class='ocrx_word' id='word_1_54' title='bbox 382 1073 490 1114; x_wconf 91' lang='lat' dir='ltr'><strong>nec</strong></span> <span class='ocrx_word' id='word_1_55' title='bbox 521 1055 740 1110; x_wconf 81' lang='lat' dir='ltr'><strong>habent</strong></span> <span class='ocrx_word' id='word_1_56' title='bbox 775 1057 1000 1125; x_wconf 90' lang='lat' dir='ltr'><strong>partem</strong></span> <span class='ocrx_word' id='word_1_57' title='bbox 1031 1055 1090 1108; x_wconf 90' lang='lat' dir='ltr'><strong>in</strong></span> <span class='ocrx_word' id='word_1_58' title='bbox 1123 1055 1232 1110; x_wconf 91' lang='lat' dir='ltr'><strong>hoc</strong></span> <span class='ocrx_word' id='word_1_59' title='bbox 1265 1056 1498 1124; x_wconf 67' lang='lat' dir='ltr'><strong>saeculo,</strong></span> 
     </span>
    </p>
   </div>
   <div class='ocr_carea' id='block_1_13' title="bbox 380 1125 1498 1200">
    <p class='ocr_par' dir='ltr' id='par_1_13' title="bbox 380 1125 1498 1200">
     <span class='ocr_line' id='line_1_13' title="bbox 380 1125 1498 1200; baseline 0 -16"><span class='ocrx_word' id='word_1_60' title='bbox 380 1135 440 1184; x_wconf 91' lang='lat' dir='ltr'><strong>et</strong></span> <span class='ocrx_word' id='word_1_61' title='bbox 469 1130 527 1184; x_wconf 91' lang='lat' dir='ltr'><strong>in</strong></span> <span class='ocrx_word' id='word_1_62' title='bbox 560 1141 734 1198; x_wconf 91' lang='lat' dir='ltr'><strong>opere</strong></span> <span class='ocrx_word' id='word_1_63' title='bbox 765 1127 918 1196; x_wconf 89' lang='lat' dir='ltr'><strong>quod</strong></span> <span class='ocrx_word' id='word_1_64' title='bbox 953 1125 1064 1200; x_wconf 90' lang='lat' dir='ltr'><strong>s_ub_</strong></span> <span class='ocrx_word' id='word_1_65' title='bbox 1097 1125 1221 1200; x_wconf 88' lang='lat' dir='ltr'><strong>sole</strong></span> <span class='ocrx_word' id='word_1_66' title='bbox 1252 1129 1498 1200; x_wconf 76' lang='lat' dir='ltr'><strong>geritur.</strong></span> 
     </span>
    </p>
   </div>
   <div class='ocr_carea' id='block_1_14' title="bbox 307 1197 1861 1274">
    <p class='ocr_par' dir='ltr' id='par_1_14' title="bbox 307 1197 1861 1274">
     <span class='ocr_line' id='line_1_14' title="bbox 307 1197 1861 1274; baseline 0.001 -17"><span class='ocrx_word' id='word_1_67' title='bbox 307 1201 476 1274; x_wconf 15' lang='lat' dir='ltr'><strong>Vade,</strong></span> <span class='ocrx_word' id='word_1_68' title='bbox 496 1197 658 1274; x_wconf 85' lang='lat' dir='ltr'><strong>ergo,</strong></span> <span class='ocrx_word' id='word_1_69' title='bbox 689 1201 748 1254; x_wconf 90' lang='lat' dir='ltr'><strong>et</strong></span> <span class='ocrx_word' id='word_1_70' title='bbox 777 1197 1020 1274; x_wconf 76' lang='lat' dir='ltr'><strong>comede</strong></span> <span class='ocrx_word' id='word_1_71' title='bbox 1050 1197 1107 1274; x_wconf 84' lang='lat' dir='ltr'><strong>in</strong></span> <span class='ocrx_word' id='word_1_72' title='bbox 1142 1197 1394 1256; x_wconf 78' lang='lat' dir='ltr'><strong>laetititia</strong></span> <span class='ocrx_word' id='word_1_73' title='bbox 1425 1217 1636 1272; x_wconf 90' lang='lat' dir='ltr'><strong>panem</strong></span> <span class='ocrx_word' id='word_1_74' title='bbox 1668 1205 1861 1274; x_wconf 91' lang='lat' dir='ltr'><strong>tuum,</strong></span> 
     </span>
    </p>
   </div>
   <div class='ocr_carea' id='block_1_15' title="bbox 379 1268 1494 1339">
    <p class='ocr_par' dir='ltr' id='par_1_15' title="bbox 379 1268 1494 1339">
     <span class='ocr_line' id='line_1_15' title="bbox 379 1268 1494 1339; baseline 0.001 -12"><span class='ocrx_word' id='word_1_75' title='bbox 379 1277 438 1327; x_wconf 90' lang='lat' dir='ltr'><strong>et</strong></span> <span class='ocrx_word' id='word_1_76' title='bbox 465 1268 600 1326; x_wconf 78' lang='lat' dir='ltr'><strong>bibe</strong></span> <span class='ocrx_word' id='word_1_77' title='bbox 631 1284 768 1325; x_wconf 89' lang='lat' dir='ltr'><strong>cum</strong></span> <span class='ocrx_word' id='word_1_78' title='bbox 799 1268 1012 1339; x_wconf 87' lang='lat' dir='ltr'><strong>gaudio</strong></span> <span class='ocrx_word' id='word_1_79' title='bbox 1043 1270 1245 1326; x_wconf 89' lang='lat' dir='ltr'><strong>vinum</strong></span> <span class='ocrx_word' id='word_1_80' title='bbox 1273 1268 1445 1328; x_wconf 77' lang='lat' dir='ltr'><strong>tuum</strong></span> <span class='ocrx_word' id='word_1_81' title='bbox 1480 1288 1494 1328; x_wconf 89' lang='lat'><strong>:</strong></span> 
     </span>
    </p>
   </div>
   <div class='ocr_carea' id='block_1_16' title="bbox 383 1339 1293 1414">
    <p class='ocr_par' dir='ltr' id='par_1_16' title="bbox 383 1339 1293 1414">
     <span class='ocr_line' id='line_1_16' title="bbox 383 1339 1293 1414; baseline -0.001 -16"><span class='ocrx_word' id='word_1_82' title='bbox 383 1343 526 1414; x_wconf 90' lang='lat' dir='ltr'><strong>quia</strong></span> <span class='ocrx_word' id='word_1_83' title='bbox 553 1342 671 1397; x_wconf 91' lang='lat' dir='ltr'><strong>Deo</strong></span> <span class='ocrx_word' id='word_1_84' title='bbox 703 1339 939 1414; x_wconf 81' lang='lat' dir='ltr'><strong>placent</strong></span> <span class='ocrx_word' id='word_1_85' title='bbox 970 1356 1145 1414; x_wconf 88' lang='lat' dir='ltr'><strong>opera</strong></span> <span class='ocrx_word' id='word_1_86' title='bbox 1174 1347 1293 1397; x_wconf 90' lang='lat' dir='ltr'><strong>tua.</strong></span> 
     </span>
    </p>
   </div>
   <div class='ocr_carea' id='block_1_17' title="bbox 312 1411 1755 1486">
    <p class='ocr_par' dir='ltr' id='par_1_17' title="bbox 312 1411 1755 1486">
     <span class='ocr_line' id='line_1_17' title="bbox 312 1411 1755 1486; baseline 0.001 -15"><span class='ocrx_word' id='word_1_87' title='bbox 312 1411 484 1471; x_wconf 76' lang='lat' dir='ltr'><strong>Ouini</strong></span> <span class='ocrx_word' id='word_1_88' title='bbox 512 1411 788 1486; x_wconf 82' lang='lat' dir='ltr'><strong>tempore</strong></span> <span class='ocrx_word' id='word_1_89' title='bbox 819 1411 941 1486; x_wconf 85' lang='lat' dir='ltr'><strong>sint</strong></span> <span class='ocrx_word' id='word_1_90' title='bbox 969 1413 1319 1470; x_wconf 89' lang='lat' dir='ltr'><strong>vestimenta</strong></span> <span class='ocrx_word' id='word_1_91' title='bbox 1349 1419 1453 1470; x_wconf 89' lang='lat' dir='ltr'><strong>tua</strong></span> <span class='ocrx_word' id='word_1_92' title='bbox 1481 1415 1755 1486; x_wconf 87' lang='lat' dir='ltr'><strong>candida,</strong></span> 
     </span>
    </p>
   </div>
   <div class='ocr_carea' id='block_1_18' title="bbox 384 1484 1560 1554">
    <p class='ocr_par' dir='ltr' id='par_1_18' title="bbox 384 1484 1560 1554">
     <span class='ocr_line' id='line_1_18' title="bbox 384 1484 1560 1554; baseline 0.001 -12"><span class='ocrx_word' id='word_1_93' title='bbox 384 1492 442 1543; x_wconf 91' lang='lat' dir='ltr'><strong>et</strong></span> <span class='ocrx_word' id='word_1_94' title='bbox 473 1485 666 1541; x_wconf 91' lang='lat' dir='ltr'><strong>oleum</strong></span> <span class='ocrx_word' id='word_1_95' title='bbox 703 1484 776 1538; x_wconf 92' lang='lat' dir='ltr'><strong>de</strong></span> <span class='ocrx_word' id='word_1_96' title='bbox 809 1485 997 1554; x_wconf 82' lang='lat' dir='ltr'><strong>capite</strong></span> <span class='ocrx_word' id='word_1_97' title='bbox 1027 1489 1127 1539; x_wconf 88' lang='lat' dir='ltr'><strong>tuo</strong></span> <span class='ocrx_word' id='word_1_98' title='bbox 1160 1502 1276 1541; x_wconf 93' lang='lat' dir='ltr'><strong>non</strong></span> <span class='ocrx_word' id='word_1_99' title='bbox 1308 1487 1560 1543; x_wconf 88' lang='lat' dir='ltr'><strong>deﬁciat.</strong></span> 
     </span>
    </p>
   </div>
   <div class='ocr_carea' id='block_1_19' title="bbox 312 1555 1614 1630">
    <p class='ocr_par' dir='ltr' id='par_1_19' title="bbox 312 1555 1614 1630">
     <span class='ocr_line' id='line_1_19' title="bbox 312 1555 1614 1630; baseline 0 -16"><span class='ocrx_word' id='word_1_100' title='bbox 312 1559 618 1614; x_wconf 76' lang='lat' dir='ltr'><strong>Perfruere</strong></span> <span class='ocrx_word' id='word_1_101' title='bbox 645 1555 770 1630; x_wconf 78' lang='lat' dir='ltr'><strong>vita</strong></span> <span class='ocrx_word' id='word_1_102' title='bbox 796 1570 1155 1630; x_wconf 86' lang='lat' dir='ltr'><strong>cum_uxo_re,</strong></span> <span class='ocrx_word' id='word_1_103' title='bbox 1189 1573 1361 1628; x_wconf 90' lang='lat' dir='ltr'><strong>quam</strong></span> <span class='ocrx_word' id='word_1_104' title='bbox 1394 1558 1614 1630; x_wconf 82' lang='lat' dir='ltr'><strong>diligis,</strong></span> 
     </span>
    </p>
   </div>
   <div class='ocr_carea' id='block_1_20' title="bbox 384 1626 1661 1687">
    <p class='ocr_par' dir='ltr' id='par_1_20' title="bbox 384 1626 1661 1687">
     <span class='ocr_line' id='line_1_20' title="bbox 384 1626 1661 1687; baseline 0.002 -2"><span class='ocrx_word' id='word_1_105' title='bbox 384 1630 616 1686; x_wconf 90' lang='lat' dir='ltr'><strong>cunctis</strong></span> <span class='ocrx_word' id='word_1_106' title='bbox 653 1627 867 1682; x_wconf 90' lang='lat' dir='ltr'><strong>diebus</strong></span> <span class='ocrx_word' id='word_1_107' title='bbox 899 1626 1027 1682; x_wconf 73' lang='lat' dir='ltr'><strong>vitae</strong></span> <span class='ocrx_word' id='word_1_108' title='bbox 1059 1626 1466 1687; x_wconf 77' lang='lat' dir='ltr'><strong>instabilitatis</strong></span> <span class='ocrx_word' id='word_1_109' title='bbox 1497 1626 1610 1687; x_wconf 61' lang='lat' dir='ltr'><strong>tua:</strong></span> <span class='ocrx_word' id='word_1_110' title='bbox 1647 1647 1661 1686; x_wconf 93' lang='lat'><strong>:</strong></span> 
     </span>
    </p>
   </div>
   <div class='ocr_carea' id='block_1_21' title="bbox 387 1697 1251 1773">
    <p class='ocr_par' dir='ltr' id='par_1_21' title="bbox 387 1697 1251 1773">
     <span class='ocr_line' id='line_1_21' title="bbox 387 1697 1251 1773; baseline -0.002 -16"><span class='ocrx_word' id='word_1_111' title='bbox 387 1702 488 1773; x_wconf 85' lang='lat' dir='ltr'><strong>qui</strong></span> <span class='ocrx_word' id='word_1_112' title='bbox 521 1699 644 1756; x_wconf 89' lang='lat' dir='ltr'><strong>dati</strong></span> <span class='ocrx_word' id='word_1_113' title='bbox 673 1703 816 1754; x_wconf 91' lang='lat' dir='ltr'><strong>sunt</strong></span> <span class='ocrx_word' id='word_1_114' title='bbox 845 1697 953 1753; x_wconf 86' lang='lat' dir='ltr'><strong>tibi</strong></span> <span class='ocrx_word' id='word_1_115' title='bbox 987 1699 1251 1773; x_wconf 86' lang='lat' dir='ltr'><strong>sub_sole</strong></span> 
     </span>
    </p>
   </div>
   <div class='ocr_carea' id='block_1_22' title="bbox 387 1769 1317 1841">
    <p class='ocr_par' dir='ltr' id='par_1_22' title="bbox 387 1769 1317 1841">
     <span class='ocr_line' id='line_1_22' title="bbox 387 1769 1317 1841; baseline 0 -13"><span class='ocrx_word' id='word_1_116' title='bbox 387 1769 549 1829; x_wconf 79' lang='lat' dir='ltr'><strong>omni</strong></span> <span class='ocrx_word' id='word_1_117' title='bbox 578 1777 842 1841; x_wconf 89' lang='lat' dir='ltr'><strong>tempore</strong></span> <span class='ocrx_word' id='word_1_118' title='bbox 873 1769 1150 1826; x_wconf 86' lang='lat' dir='ltr'><strong>vanitatis</strong></span> <span class='ocrx_word' id='word_1_119' title='bbox 1180 1775 1317 1839; x_wconf 60' lang='lat' dir='ltr'><strong>tuae,</strong></span> 
     </span>
    </p>
   </div>
   <div class='ocr_carea' id='block_1_23' title="bbox 317 1842 1185 1914">
    <p class='ocr_par' dir='ltr' id='par_1_23' title="bbox 317 1842 1185 1914">
     <span class='ocr_line' id='line_1_23' title="bbox 317 1842 1185 1914; baseline -0.006 -12"><span class='ocrx_word' id='word_1_120' title='bbox 317 1845 450 1902; x_wconf 68' lang='lat' dir='ltr'><strong>Haec</strong></span> <span class='ocrx_word' id='word_1_121' title='bbox 480 1848 571 1900; x_wconf 90' lang='lat' dir='ltr'><strong>est</strong></span> <span class='ocrx_word' id='word_1_122' title='bbox 599 1842 756 1898; x_wconf 86' lang='lat' dir='ltr'><strong>enim</strong></span> <span class='ocrx_word' id='word_1_123' title='bbox 788 1857 924 1914; x_wconf 88' lang='lat' dir='ltr'><strong>pars</strong></span> <span class='ocrx_word' id='word_1_124' title='bbox 954 1842 1013 1896; x_wconf 88' lang='lat' dir='ltr'><strong>in</strong></span> <span class='ocrx_word' id='word_1_125' title='bbox 1043 1843 1185 1910; x_wconf 88' lang='lat' dir='ltr'><strong>vita,</strong></span> 
     </span>
    </p>
   </div>
   <div class='ocr_carea' id='block_1_24' title="bbox 388 1915 1644 1984">
    <p class='ocr_par' dir='ltr' id='par_1_24' title="bbox 388 1915 1644 1984">
     <span class='ocr_line' id='line_1_24' title="bbox 388 1915 1644 1984; baseline 0.001 -12"><span class='ocrx_word' id='word_1_126' title='bbox 388 1921 446 1973; x_wconf 90' lang='lat' dir='ltr'><strong>et</strong></span> <span class='ocrx_word' id='word_1_127' title='bbox 472 1917 535 1970; x_wconf 92' lang='lat' dir='ltr'><strong>in</strong></span> <span class='ocrx_word' id='word_1_128' title='bbox 566 1915 766 1970; x_wconf 92' lang='lat' dir='ltr'><strong>labore</strong></span> <span class='ocrx_word' id='word_1_129' title='bbox 795 1921 918 1981; x_wconf 92' lang='lat' dir='ltr'><strong>tuo,</strong></span> <span class='ocrx_word' id='word_1_130' title='bbox 951 1929 1065 1984; x_wconf 93' lang='lat' dir='ltr'><strong>quo</strong></span> <span class='ocrx_word' id='word_1_131' title='bbox 1098 1915 1326 1970; x_wconf 82' lang='lat' dir='ltr'><strong>laboras</strong></span> <span class='ocrx_word' id='word_1_132' title='bbox 1357 1916 1469 1971; x_wconf 92' lang='lat' dir='ltr'><strong>sub</strong></span> <span class='ocrx_word' id='word_1_133' title='bbox 1501 1916 1644 1973; x_wconf 92' lang='lat' dir='ltr'><strong>sole.</strong></span> 
     </span>
    </p>
   </div>
   <div class='ocr_carea' id='block_1_25' title="bbox 315 1988 1563 2058">
    <p class='ocr_par' dir='ltr' id='par_1_25' title="bbox 315 1988 1563 2058">
     <span class='ocr_line' id='line_1_25' title="bbox 315 1988 1563 2058; baseline 0 -14"><span class='ocrx_word' id='word_1_134' title='bbox 315 1988 723 2058; x_wconf 87' lang='lat' dir='ltr'><strong>Quodcunque</strong></span> <span class='ocrx_word' id='word_1_135' title='bbox 755 1989 947 2056; x_wconf 85' lang='lat' dir='ltr'><strong>potest</strong></span> <span class='ocrx_word' id='word_1_136' title='bbox 979 2002 1187 2043; x_wconf 91' lang='lat' dir='ltr'><strong>manus</strong></span> <span class='ocrx_word' id='word_1_137' title='bbox 1218 1991 1322 2042; x_wconf 88' lang='lat' dir='ltr'><strong>tua</strong></span> <span class='ocrx_word' id='word_1_138' title='bbox 1353 1989 1563 2057; x_wconf 89' lang='lat' dir='ltr'><strong>facere,</strong></span> 
     </span>
    </p>
   </div>
   <div class='ocr_carea' id='block_1_26' title="bbox 387 2061 992 2128">
    <p class='ocr_par' dir='ltr' id='par_1_26' title="bbox 387 2061 992 2128">
     <span class='ocr_line' id='line_1_26' title="bbox 387 2061 992 2128; baseline -0.007 -14"><span class='ocrx_word' id='word_1_139' title='bbox 387 2061 678 2116; x_wconf 77' lang='lat' dir='ltr'><strong>instanter</strong></span> <span class='ocrx_word' id='word_1_140' title='bbox 707 2071 947 2128; x_wconf 90' lang='lat' dir='ltr'><strong>operare</strong></span> <span class='ocrx_word' id='word_1_141' title='bbox 979 2073 992 2111; x_wconf 91' lang='lat'>:</span> 
     </span>
    </p>
   </div>
   <div class='ocr_carea' id='block_1_27' title="bbox 315 2128 1140 2200">
    <p class='ocr_par' dir='ltr' id='par_1_27' title="bbox 315 2128 1140 2200">
     <span class='ocr_line' id='line_1_27' title="bbox 315 2128 1140 2200; baseline -0.004 -13"><span class='ocrx_word' id='word_1_142' title='bbox 315 2132 468 2199; x_wconf 88' lang='lat' dir='ltr'><strong>Quia</strong></span> <span class='ocrx_word' id='word_1_143' title='bbox 498 2147 603 2186; x_wconf 90' lang='lat' dir='ltr'><strong>nec</strong></span> <span class='ocrx_word' id='word_1_144' title='bbox 633 2145 801 2200; x_wconf 90' lang='lat' dir='ltr'><strong>opus,</strong></span> <span class='ocrx_word' id='word_1_145' title='bbox 834 2144 939 2184; x_wconf 92' lang='lat' dir='ltr'><strong>nec</strong></span> <span class='ocrx_word' id='word_1_146' title='bbox 969 2128 1140 2198; x_wconf 87' lang='lat' dir='ltr'><strong>ratio,</strong></span> 
     </span>
    </p>
   </div>
   <div class='ocr_carea' id='block_1_28' title="bbox 391 2201 1258 2273">
    <p class='ocr_par' dir='ltr' id='par_1_28' title="bbox 391 2201 1258 2273">
     <span class='ocr_line' id='line_1_28' title="bbox 391 2201 1258 2273; baseline -0.006 -13"><span class='ocrx_word' id='word_1_147' title='bbox 391 2218 499 2260; x_wconf 90' lang='lat' dir='ltr'><strong>nec</strong></span> <span class='ocrx_word' id='word_1_148' title='bbox 529 2201 977 2273; x_wconf 7' lang='lat' dir='ltr'><strong>sapienti_a,gnec</strong></span> <span class='ocrx_word' id='word_1_149' title='bbox 1009 2201 1258 2256; x_wconf 90' lang='lat' dir='ltr'><strong>scientia</strong></span> 
     </span>
    </p>
   </div>
   <div class='ocr_carea' id='block_1_29' title="bbox 390 2271 1586 2345">
    <p class='ocr_par' dir='ltr' id='par_1_29' title="bbox 390 2271 1586 2345">
     <span class='ocr_line' id='line_1_29' title="bbox 390 2271 1586 2345; baseline 0.001 -15"><span class='ocrx_word' id='word_1_150' title='bbox 390 2277 565 2330; x_wconf 91' lang='lat' dir='ltr'><strong>erunt</strong></span> <span class='ocrx_word' id='word_1_151' title='bbox 593 2271 749 2345; x_wconf 74' lang='lat' dir='ltr'><strong>apud</strong></span> <span class='ocrx_word' id='word_1_152' title='bbox 775 2271 1018 2345; x_wconf 84' lang='lat' dir='ltr'><strong>inferos,</strong></span> <span class='ocrx_word' id='word_1_153' title='bbox 1048 2288 1164 2345; x_wconf 92' lang='lat' dir='ltr'><strong>quo</strong></span> <span class='ocrx_word' id='word_1_154' title='bbox 1196 2276 1259 2327; x_wconf 89' lang='lat' dir='ltr'><strong>tu</strong></span> <span class='ocrx_word' id='word_1_155' title='bbox 1286 2289 1586 2344; x_wconf 85' lang='lat' dir='ltr'><strong>properas.</strong></span> 
     </span>
    </p>
   </div>
   <div class='ocr_carea' id='block_1_30' title="bbox 318 2343 1472 2416">
    <p class='ocr_par' dir='ltr' id='par_1_30' title="bbox 318 2343 1472 2416">
     <span class='ocr_line' id='line_1_30' title="bbox 318 2343 1472 2416; baseline 0 -14"><span class='ocrx_word' id='word_1_156' title='bbox 318 2345 481 2402; x_wconf 90' lang='lat' dir='ltr'><strong>Verti</strong></span> <span class='ocrx_word' id='word_1_157' title='bbox 515 2361 604 2400; x_wconf 92' lang='lat' dir='ltr'><strong>me</strong></span> <span class='ocrx_word' id='word_1_158' title='bbox 631 2343 706 2399; x_wconf 77' lang='lat' dir='ltr'><strong>ad</strong></span> <span class='ocrx_word' id='word_1_159' title='bbox 740 2343 921 2409; x_wconf 81' lang='lat' dir='ltr'><strong>aliud,</strong></span> <span class='ocrx_word' id='word_1_160' title='bbox 955 2349 1012 2398; x_wconf 85' lang='lat' dir='ltr'><strong>et</strong></span> <span class='ocrx_word' id='word_1_161' title='bbox 1041 2344 1159 2399; x_wconf 92' lang='lat' dir='ltr'><strong>vidi</strong></span> <span class='ocrx_word' id='word_1_162' title='bbox 1187 2343 1301 2400; x_wconf 89' lang='lat' dir='ltr'><strong>sub</strong></span> <span class='ocrx_word' id='word_1_163' title='bbox 1329 2349 1472 2416; x_wconf 88' lang='lat' dir='ltr'><strong>sole,</strong></span> 
     </span>
    </p>
   </div>
   <div class='ocr_carea' id='block_1_31' title="bbox 394 2416 1276 2485">
    <p class='ocr_par' dir='ltr' id='par_1_31' title="bbox 394 2416 1276 2485">
     <span class='ocr_line' id='line_1_31' title="bbox 394 2416 1276 2485; baseline -0.002 -11"><span class='ocrx_word' id='word_1_164' title='bbox 394 2434 502 2474; x_wconf 91' lang='lat' dir='ltr'><strong>nec</strong></span> <span class='ocrx_word' id='word_1_165' title='bbox 527 2416 820 2472; x_wconf 84' lang='lat' dir='ltr'><strong>velocium</strong></span> <span class='ocrx_word' id='word_1_166' title='bbox 853 2430 982 2470; x_wconf 89' lang='lat' dir='ltr'><strong>esse</strong></span> <span class='ocrx_word' id='word_1_167' title='bbox 1011 2431 1276 2485; x_wconf 87' lang='lat' dir='ltr'><strong>cursum,</strong></span> 
     </span>
    </p>
   </div>
   <div class='ocr_carea' id='block_1_32' title="bbox 392 2485 1050 2554">
    <p class='ocr_par' dir='ltr' id='par_1_32' title="bbox 392 2485 1050 2554">
     <span class='ocr_line' id='line_1_32' title="bbox 392 2485 1050 2554; baseline -0.009 -9"><span class='ocrx_word' id='word_1_168' title='bbox 392 2505 500 2545; x_wconf 92' lang='lat' dir='ltr'><strong>nec</strong></span> <span class='ocrx_word' id='word_1_169' title='bbox 529 2489 772 2544; x_wconf 84' lang='lat' dir='ltr'><strong>fortium</strong></span> <span class='ocrx_word' id='word_1_170' title='bbox 805 2485 1050 2554; x_wconf 90' lang='lat' dir='ltr'><strong>bellum,</strong></span> 
     </span>
    </p>
   </div>
   <div class='ocr_carea' id='block_1_33' title="bbox 393 2559 1163 2631">
    <p class='ocr_par' dir='ltr' id='par_1_33' title="bbox 393 2559 1163 2631">
     <span class='ocr_line' id='line_1_33' title="bbox 393 2559 1163 2631; baseline -0.004 -15"><span class='ocrx_word' id='word_1_171' title='bbox 393 2577 501 2616; x_wconf 89' lang='lat' dir='ltr'><strong>nec</strong></span> <span class='ocrx_word' id='word_1_172' title='bbox 531 2559 895 2631; x_wconf 85' lang='lat' dir='ltr'><strong>sapientium</strong></span> <span class='ocrx_word' id='word_1_173' title='bbox 912 2574 1163 2631; x_wconf 83' lang='lat' dir='ltr'><strong>panem,</strong></span> 
     </span>
    </p>
   </div>
   <div class='ocr_carea' id='block_1_34' title="bbox 393 2629 1126 2700">
    <p class='ocr_par' dir='ltr' id='par_1_34' title="bbox 393 2629 1126 2700">
     <span class='ocr_line' id='line_1_34' title="bbox 393 2629 1126 2700; baseline -0.005 -11"><span class='ocrx_word' id='word_1_174' title='bbox 393 2649 500 2689; x_wconf 87' lang='lat' dir='ltr'><strong>nec</strong></span> <span class='ocrx_word' id='word_1_175' title='bbox 531 2629 834 2687; x_wconf 76' lang='lat' dir='ltr'><strong>doctorum</strong></span> <span class='ocrx_word' id='word_1_176' title='bbox 868 2629 1126 2700; x_wconf 86' lang='lat' dir='ltr'><strong>divitias,</strong></span> 
     </span>
    </p>
   </div>
   <div class='ocr_carea' id='block_1_35' title="bbox 397 2702 1161 2772">
    <p class='ocr_par' dir='ltr' id='par_1_35' title="bbox 397 2702 1161 2772">
     <span class='ocr_line' id='line_1_35' title="bbox 397 2702 1161 2772; baseline -0.005 -12"><span class='ocrx_word' id='word_1_177' title='bbox 397 2721 503 2760; x_wconf 92' lang='lat' dir='ltr'><strong>nec</strong></span> <span class='ocrx_word' id='word_1_178' title='bbox 534 2703 825 2759; x_wconf 90' lang='lat' dir='ltr'><strong>artiﬁcum</strong></span> <span class='ocrx_word' id='word_1_179' title='bbox 860 2702 1110 2772; x_wconf 80' lang='lat' dir='ltr'><strong>gratiam</strong></span> <span class='ocrx_word' id='word_1_180' title='bbox 1148 2717 1161 2756; x_wconf 92' lang='lat'>:</span> 
     </span>
    </p>
   </div>
   <div class='ocr_carea' id='block_1_36' title="bbox 397 2773 1544 2846">
    <p class='ocr_par' dir='ltr' id='par_1_36' title="bbox 397 2773 1544 2846">
     <span class='ocr_line' id='line_1_36' title="bbox 397 2773 1544 2846; baseline -0.001 -14"><span class='ocrx_word' id='word_1_181' title='bbox 397 2777 498 2832; x_wconf 89' lang='lat' dir='ltr'><strong>sed</strong></span> <span class='ocrx_word' id='word_1_182' title='bbox 531 2781 779 2846; x_wconf 86' lang='lat' dir='ltr'><strong>tempus</strong></span> <span class='ocrx_word' id='word_1_183' title='bbox 801 2788 1126 2845; x_wconf 85' lang='lat' dir='ltr'><strong>casumque</strong></span> <span class='ocrx_word' id='word_1_184' title='bbox 1157 2773 1215 2828; x_wconf 91' lang='lat' dir='ltr'><strong>in</strong></span> <span class='ocrx_word' id='word_1_185' title='bbox 1247 2774 1544 2831; x_wconf 91' lang='lat' dir='ltr'><strong>omnibus.</strong></span> 
     </span>
    </p>
   </div>
   <div class='ocr_carea' id='block_1_37' title="bbox 320 2845 1195 2904">
    <p class='ocr_par' dir='ltr' id='par_1_37' title="bbox 320 2845 1195 2904">
     <span class='ocr_line' id='line_1_37' title="bbox 320 2845 1195 2904; baseline -0.006 0"><span class='ocrx_word' id='word_1_186' title='bbox 320 2848 522 2904; x_wconf 86' lang='lat' dir='ltr'><strong>Nescit</strong></span> <span class='ocrx_word' id='word_1_187' title='bbox 550 2845 727 2902; x_wconf 87' lang='lat' dir='ltr'><strong>homo</strong></span> <span class='ocrx_word' id='word_1_188' title='bbox 759 2845 935 2900; x_wconf 87' lang='lat' dir='ltr'><strong>ﬁnem</strong></span> <span class='ocrx_word' id='word_1_189' title='bbox 967 2860 1144 2900; x_wconf 90' lang='lat' dir='ltr'><strong>suum</strong></span> <span class='ocrx_word' id='word_1_190' title='bbox 1182 2861 1195 2900; x_wconf 91' lang='lat'>:</span> 
     </span>
    </p>
   </div>
   <div class='ocr_carea' id='block_1_38' title="bbox 397 2915 1480 2989">
    <p class='ocr_par' dir='ltr' id='par_1_38' title="bbox 397 2915 1480 2989">
     <span class='ocr_line' id='line_1_38' title="bbox 397 2915 1480 2989; baseline -0.004 -13"><span class='ocrx_word' id='word_1_191' title='bbox 397 2920 497 2976; x_wconf 89' lang='lat' dir='ltr'><strong>sed</strong></span> <span class='ocrx_word' id='word_1_192' title='bbox 533 2918 687 2974; x_wconf 91' lang='lat' dir='ltr'><strong>sicut</strong></span> <span class='ocrx_word' id='word_1_193' title='bbox 719 2916 908 2989; x_wconf 82' lang='lat' dir='ltr'><strong>pisces</strong></span> <span class='ocrx_word' id='word_1_194' title='bbox 940 2915 1256 2986; x_wconf 88' lang='lat' dir='ltr'><strong>capiuntur</strong></span> <span class='ocrx_word' id='word_1_195' title='bbox 1284 2915 1480 2989; x_wconf 86' lang='lat' dir='ltr'><strong>hamo,</strong></span> 
     </span>
    </p>
   </div>
   <div class='ocr_carea' id='block_1_39' title="bbox 397 2987 1706 3060">
    <p class='ocr_par' dir='ltr' id='par_1_39' title="bbox 397 2987 1706 3060">
     <span class='ocr_line' id='line_1_39' title="bbox 397 2987 1706 3060; baseline 0.001 -14"><span class='ocrx_word' id='word_1_196' title='bbox 397 2997 454 3046; x_wconf 89' lang='lat' dir='ltr'><strong>et</strong></span> <span class='ocrx_word' id='word_1_197' title='bbox 486 2990 641 3046; x_wconf 86' lang='lat' dir='ltr'><strong>sicut</strong></span> <span class='ocrx_word' id='word_1_198' title='bbox 673 2987 809 3045; x_wconf 79' lang='lat' dir='ltr'><strong>aves</strong></span> <span class='ocrx_word' id='word_1_199' title='bbox 837 2987 1046 3059; x_wconf 82' lang='lat' dir='ltr'><strong>laqueo</strong></span> <span class='ocrx_word' id='word_1_200' title='bbox 1075 2988 1659 3060; x_wconf 85' lang='lat' dir='ltr'><strong>comprehenduntur</strong></span> <span class='ocrx_word' id='word_1_201' title='bbox 1691 3009 1706 3048; x_wconf 90' lang='lat'>:</span> 
     </span>
    </p>
   </div>
   <div class='ocr_carea' id='block_1_40' title="bbox 319 3060 1651 3134">
    <p class='ocr_par' dir='ltr' id='par_1_40' title="bbox 319 3060 1651 3134">
     <span class='ocr_line' id='line_1_40' title="bbox 319 3060 1651 3134; baseline 0 -16"><span class='ocrx_word' id='word_1_202' title='bbox 319 3063 417 3119; x_wconf 90' lang='lat' dir='ltr'><strong>Sic</strong></span> <span class='ocrx_word' id='word_1_203' title='bbox 449 3063 764 3134; x_wconf 90' lang='lat' dir='ltr'><strong>capiuntur</strong></span> <span class='ocrx_word' id='word_1_204' title='bbox 793 3060 1061 3134; x_wconf 72' lang='lat' dir='ltr'><strong>homines</strong></span> <span class='ocrx_word' id='word_1_205' title='bbox 1092 3061 1151 3114; x_wconf 92' lang='lat' dir='ltr'><strong>in</strong></span> <span class='ocrx_word' id='word_1_206' title='bbox 1183 3065 1444 3134; x_wconf 88' lang='lat' dir='ltr'><strong>tempore</strong></span> <span class='ocrx_word' id='word_1_207' title='bbox 1475 3063 1651 3131; x_wconf 91' lang='lat' dir='ltr'><strong>malo,</strong></span> 
     </span>
    </p>
   </div>
   <div class='ocr_carea' id='block_1_41' title="bbox 395 3131 1422 3204">
    <p class='ocr_par' dir='ltr' id='par_1_41' title="bbox 395 3131 1422 3204">
     <span class='ocr_line' id='line_1_41' title="bbox 395 3131 1422 3204; baseline -0.003 -14"><span class='ocrx_word' id='word_1_208' title='bbox 395 3131 536 3189; x_wconf 56' lang='lat' dir='ltr'><strong>cum&#39;</strong></span> <span class='ocrx_word' id='word_1_209' title='bbox 558 3134 642 3190; x_wconf 92' lang='lat' dir='ltr'><strong>eis</strong></span> <span class='ocrx_word' id='word_1_210' title='bbox 673 3131 965 3202; x_wconf 85' lang='lat' dir='ltr'><strong>extemplo</strong></span> <span class='ocrx_word' id='word_1_211' title='bbox 998 3133 1422 3204; x_wconf 83' lang='lat' dir='ltr'><strong>supervenerit.</strong></span> 
     </span>
    </p>
   </div>
   <div class='ocr_carea' id='block_1_42' title="bbox 318 3203 1607 3278">
    <p class='ocr_par' dir='ltr' id='par_1_42' title="bbox 318 3203 1607 3278">
     <span class='ocr_line' id='line_1_42' title="bbox 318 3203 1607 3278; baseline 0.001 -17"><span class='ocrx_word' id='word_1_212' title='bbox 318 3210 485 3262; x_wconf 81' lang='lat' dir='ltr'><strong>Hanc</strong></span> <span class='ocrx_word' id='word_1_213' title='bbox 519 3221 754 3278; x_wconf 86' lang='lat' dir='ltr'><strong>quoque</strong></span> <span class='ocrx_word' id='word_1_214' title='bbox 785 3207 907 3278; x_wconf 90' lang='lat' dir='ltr'><strong>sub_</strong></span> <span class='ocrx_word' id='word_1_215' title='bbox 927 3203 1049 3259; x_wconf 90' lang='lat' dir='ltr'><strong>sole</strong></span> <span class='ocrx_word' id='word_1_216' title='bbox 1078 3203 1196 3258; x_wconf 88' lang='lat' dir='ltr'><strong>vidi</strong></span> <span class='ocrx_word' id='word_1_217' title='bbox 1229 3203 1607 3278; x_wconf 78' lang='lat' dir='ltr'><strong>sapientiam,</strong></span> 
     </span>
    </p>
   </div>
   <div class='ocr_carea' id='block_1_43' title="bbox 399 3274 1098 3349">
    <p class='ocr_par' dir='ltr' id='par_1_43' title="bbox 399 3274 1098 3349">
     <span class='ocr_line' id='line_1_43' title="bbox 399 3274 1098 3349; baseline -0.004 -16"><span class='ocrx_word' id='word_1_218' title='bbox 399 3282 456 3333; x_wconf 90' lang='lat' dir='ltr'><strong>et</strong></span> <span class='ocrx_word' id='word_1_219' title='bbox 485 3274 727 3349; x_wconf 77' lang='lat' dir='ltr'><strong>probavi</strong></span> <span class='ocrx_word' id='word_1_220' title='bbox 760 3274 1098 3349; x_wconf 86' lang='lat' dir='ltr'><strong>maximam.</strong></span> 
     </span>
    </p>
   </div>
   <div class='ocr_carea' id='block_1_44' title="bbox 328 3345 1436 3419">
    <p class='ocr_par' dir='ltr' id='par_1_44' title="bbox 328 3345 1436 3419">
     <span class='ocr_line' id='line_1_44' title="bbox 328 3345 1436 3419; baseline -0.004 -15"><span class='ocrx_word' id='word_1_221' title='bbox 328 3345 547 3405; x_wconf 78' lang='lat' dir='ltr'><strong>Civitas</strong></span> <span class='ocrx_word' id='word_1_222' title='bbox 579 3364 778 3419; x_wconf 90' lang='lat' dir='ltr'><strong>parva.</strong></span> <span class='ocrx_word' id='word_1_223' title='bbox 811 3352 867 3402; x_wconf 89' lang='lat' dir='ltr'><strong>et</strong></span> <span class='ocrx_word' id='word_1_224' title='bbox 897 3347 1067 3418; x_wconf 89' lang='lat' dir='ltr'><strong>pauci</strong></span> <span class='ocrx_word' id='word_1_225' title='bbox 1098 3349 1155 3401; x_wconf 91' lang='lat' dir='ltr'><strong>in</strong></span> <span class='ocrx_word' id='word_1_226' title='bbox 1187 3360 1256 3401; x_wconf 91' lang='lat' dir='ltr'><strong>ea</strong></span> <span class='ocrx_word' id='word_1_227' title='bbox 1286 3345 1390 3402; x_wconf 87' lang='lat' dir='ltr'><strong>viri</strong></span> <span class='ocrx_word' id='word_1_228' title='bbox 1423 3363 1436 3400; x_wconf 90' lang='lat'>:</span> 
     </span>
    </p>
   </div>
   <div class='ocr_carea' id='block_1_45' title="bbox 399 3418 1972 3488">
    <p class='ocr_par' dir='ltr' id='par_1_45' title="bbox 399 3418 1972 3488">
     <span class='ocr_line' id='line_1_45' title="bbox 399 3418 1972 3488; baseline 0.003 -14"><span class='ocrx_word' id='word_1_229' title='bbox 399 3421 560 3475; x_wconf 87' lang='lat' dir='ltr'><strong>venit</strong></span> <span class='ocrx_word' id='word_1_230' title='bbox 581 3418 793 3476; x_wconf 81' lang='lat' dir='ltr'><strong>contra</strong></span> <span class='ocrx_word' id='word_1_231' title='bbox 819 3432 949 3474; x_wconf 88' lang='lat' dir='ltr'><strong>eam</strong></span> <span class='ocrx_word' id='word_1_232' title='bbox 982 3435 1079 3473; x_wconf 85' lang='lat' dir='ltr'><strong>rex</strong></span> <span class='ocrx_word' id='word_1_233' title='bbox 1112 3433 1384 3488; x_wconf 90' lang='lat' dir='ltr'><strong>magnus,</strong></span> <span class='ocrx_word' id='word_1_234' title='bbox 1417 3422 1475 3473; x_wconf 93' lang='lat' dir='ltr'><strong>et</strong></span> <span class='ocrx_word' id='word_1_235' title='bbox 1506 3418 1744 3477; x_wconf 88' lang='lat' dir='ltr'><strong>vallavit</strong></span> <span class='ocrx_word' id='word_1_236' title='bbox 1773 3437 1903 3478; x_wconf 90' lang='lat' dir='ltr'><strong>eam</strong></span> <span class='ocrx_word' id='word_1_237' title='bbox 1958 3439 1972 3478; x_wconf 89' lang='lat'><strong>:</strong></span> 
     </span>
    </p>
   </div>
   <div class='ocr_carea' id='block_1_46' title="bbox 326 3490 1521 3563">
    <p class='ocr_par' dir='ltr' id='par_1_46' title="bbox 326 3490 1521 3563">
     <span class='ocr_line' id='line_1_46' title="bbox 326 3490 1521 3563; baseline -0.003 -15"><span class='ocrx_word' id='word_1_238' title='bbox 326 3492 740 3563; x_wconf 83' lang='lat' dir='ltr'><strong>Exstruxitque</strong></span> <span class='ocrx_word' id='word_1_239' title='bbox 769 3490 1130 3563; x_wconf 80' lang='lat' dir='ltr'><strong>munitiones</strong></span> <span class='ocrx_word' id='word_1_240' title='bbox 1157 3505 1260 3561; x_wconf 92' lang='lat' dir='ltr'><strong>per</strong></span> <span class='ocrx_word' id='word_1_241' title='bbox 1288 3506 1521 3562; x_wconf 80' lang='lat' dir='ltr'><strong>gyrum,</strong></span> 
     </span>
    </p>
   </div>
   <div class='ocr_carea' id='block_1_47' title="bbox 398 3561 1138 3635">
    <p class='ocr_par' dir='ltr' id='par_1_47' title="bbox 398 3561 1138 3635">
     <span class='ocr_line' id='line_1_47' title="bbox 398 3561 1138 3635; baseline -0.004 -16"><span class='ocrx_word' id='word_1_242' title='bbox 398 3569 457 3620; x_wconf 90' lang='lat' dir='ltr'><strong>et</strong></span> <span class='ocrx_word' id='word_1_243' title='bbox 487 3561 744 3635; x_wconf 82' lang='lat' dir='ltr'><strong>perfecta</strong></span> <span class='ocrx_word' id='word_1_244' title='bbox 771 3561 1138 3635; x_wconf 9' lang='lat' dir='ltr'><strong>estgobsidio.</strong></span> 
     </span>
    </p>
   </div>
   <div class='ocr_carea' id='block_1_48' title="bbox 327 3633 1758 3707">
    <p class='ocr_par' dir='ltr' id='par_1_48' title="bbox 327 3633 1758 3707">
     <span class='ocr_line' id='line_1_48' title="bbox 327 3633 1758 3707; baseline 0.002 -17"><span class='ocrx_word' id='word_1_245' title='bbox 327 3633 727 3706; x_wconf 86' lang='lat' dir='ltr'><strong>Inventusque</strong></span> <span class='ocrx_word' id='word_1_246' title='bbox 755 3638 845 3707; x_wconf 87' lang='lat' dir='ltr'><strong>est</strong></span> <span class='ocrx_word' id='word_1_247' title='bbox 873 3633 930 3688; x_wconf 92' lang='lat' dir='ltr'><strong>in</strong></span> <span class='ocrx_word' id='word_1_248' title='bbox 954 3649 1022 3688; x_wconf 88' lang='lat' dir='ltr'><strong>ea</strong></span> <span class='ocrx_word' id='word_1_249' title='bbox 1053 3634 1141 3687; x_wconf 90' lang='lat' dir='ltr'><strong>vir</strong></span> <span class='ocrx_word' id='word_1_250' title='bbox 1169 3649 1393 3707; x_wconf 87' lang='lat' dir='ltr'><strong>pauper</strong></span> <span class='ocrx_word' id='word_1_251' title='bbox 1419 3638 1478 3689; x_wconf 92' lang='lat' dir='ltr'><strong>et</strong></span> <span class='ocrx_word' id='word_1_252' title='bbox 1502 3635 1758 3707; x_wconf 88' lang='lat' dir='ltr'><strong>sapiens,</strong></span> 
     </span>
    </p>
   </div>
   <div class='ocr_carea' id='block_1_49' title="bbox 405 3705 1645 3776">
    <p class='ocr_par' dir='ltr' id='par_1_49' title="bbox 405 3705 1645 3776">
     <span class='ocr_line' id='line_1_49' title="bbox 405 3705 1645 3776; baseline 0.001 -15"><span class='ocrx_word' id='word_1_253' title='bbox 405 3705 673 3762; x_wconf 88' lang='lat' dir='ltr'><strong>liberavit</strong></span> <span class='ocrx_word' id='word_1_254' title='bbox 703 3706 909 3760; x_wconf 89' lang='lat' dir='ltr'><strong>urbem</strong></span> <span class='ocrx_word' id='word_1_255' title='bbox 939 3721 1044 3776; x_wconf 91' lang='lat' dir='ltr'><strong>per</strong></span> <span class='ocrx_word' id='word_1_256' title='bbox 1072 3705 1423 3776; x_wconf 88' lang='lat' dir='ltr'><strong>sapientiam</strong></span> <span class='ocrx_word' id='word_1_257' title='bbox 1456 3705 1645 3762; x_wconf 81' lang='lat' dir='ltr'><strong>suam.</strong></span> 
     </span>
    </p>
   </div>
   <div class='ocr_carea' id='block_1_50' title="bbox 331 3777 1907 3860">
    <p class='ocr_par' dir='ltr' id='par_1_50' title="bbox 331 3777 1907 3860">
     <span class='ocr_line' id='line_1_50' title="bbox 331 3777 1907 3860; baseline 0.001 -26"><span class='ocrx_word' id='word_1_258' title='bbox 331 3779 404 3834; x_wconf 89' lang='lat' dir='ltr'><strong>Et</strong></span> <span class='ocrx_word' id='word_1_259' title='bbox 436 3777 635 3834; x_wconf 90' lang='lat' dir='ltr'><strong>nullus</strong></span> <span class='ocrx_word' id='word_1_260' title='bbox 667 3777 941 3860; x_wconf 80' lang='lat' dir='ltr'><strong>deinceps</strong></span> <span class='ocrx_word' id='word_1_261' title='bbox 971 3777 1310 3832; x_wconf 88' lang='lat' dir='ltr'><strong>recordatus</strong></span> <span class='ocrx_word' id='word_1_262' title='bbox 1335 3781 1427 3832; x_wconf 92' lang='lat' dir='ltr'><strong>est</strong></span> <span class='ocrx_word' id='word_1_263' title='bbox 1456 3777 1715 3835; x_wconf 87' lang='lat' dir='ltr'><strong>hominis</strong></span> <span class='ocrx_word' id='word_1_264' title='bbox 1745 3779 1907 3836; x_wconf 92' lang='lat' dir='ltr'><strong>illius</strong></span> 
     </span>
    </p>
   </div>
   <div class='ocr_carea' id='block_1_51' title="bbox 329 3864 1979 4047">
    <p class='ocr_par' dir='ltr' id='par_1_51' title="bbox 329 3864 1979 4047">
     <span class='ocr_line' id='line_1_51' title="bbox 475 3864 1608 3932; baseline 0.002 -29"><span class='ocrx_word' id='word_1_265' title='bbox 475 3864 779 3932; x_wconf 79' lang='lat' dir='ltr'><strong>pauperis.</strong></span> <span class='ocrx_word' id='word_1_266' title='bbox 991 3919 1002 3929; x_wconf 38' lang='grc' dir='ltr'><strong><em>ο</em></strong></span> <span class='ocrx_word' id='word_1_267' title='bbox 1473 3919 1484 3930; x_wconf 43' lang='grc'><em>,</em></span> <span class='ocrx_word' id='word_1_268' title='bbox 1597 3920 1608 3932; x_wconf 83' lang='lat'>_</span> 
     </span>
     <span class='ocr_line' id='line_1_52' title="bbox 329 3917 1979 4047; baseline 0.001 -71"><span class='ocrx_word' id='word_1_269' title='bbox 329 3921 402 3977; x_wconf 89' lang='lat' dir='ltr'><strong>Et</strong></span> <span class='ocrx_word' id='word_1_270' title='bbox 430 3921 697 4047; x_wconf 38' lang='lat' dir='ltr'><strong>dﬂigam</strong></span> <span class='ocrx_word' id='word_1_271' title='bbox 729 3936 854 3992; x_wconf 88' lang='lat' dir='ltr'><strong>ego,</strong></span> <span class='ocrx_word' id='word_1_272' title='bbox 870 3917 1170 3975; x_wconf 80' lang='lat' dir='ltr'><strong>meliorem</strong></span> <span class='ocrx_word' id='word_1_273' title='bbox 1201 3936 1330 3976; x_wconf 88' lang='lat' dir='ltr'><strong>esse</strong></span> <span class='ocrx_word' id='word_1_274' title='bbox 1360 3924 1711 3992; x_wconf 80' lang='lat' dir='ltr'><strong>sapientiam</strong></span> <span class='ocrx_word' id='word_1_275' title='bbox 1742 3922 1979 3979; x_wconf 87' lang='lat' dir='ltr'><strong>fortitu-</strong></span> 
     </span>
    </p>
   </div>
   <div class='ocr_carea' id='block_1_52' title="bbox 521 4009 634 4048">
    <p class='ocr_par' dir='ltr' id='par_1_52' title="bbox 521 4009 634 4048">
     <span class='ocr_line' id='line_1_53' title="bbox 521 4009 634 4048; baseline 0.018 -2"><span class='ocrx_word' id='word_1_276' title='bbox 521 4009 634 4048; x_wconf 83' lang='lat' dir='ltr'><strong>ine.</strong></span> 
     </span>
    </p>
   </div>
   <div class='ocr_carea' id='block_1_53' title="bbox 330 4060 1925 4136">
    <p class='ocr_par' dir='ltr' id='par_1_53' title="bbox 330 4060 1925 4136">
     <span class='ocr_line' id='line_1_54' title="bbox 330 4060 1925 4136; baseline 0.001 -16"><span class='ocrx_word' id='word_1_277' title='bbox 330 4064 631 4128; x_wconf 88' lang='lat' dir='ltr'><strong>Quomodo</strong></span> <span class='ocrx_word' id='word_1_278' title='bbox 661 4078 798 4132; x_wconf 86' lang='lat' dir='ltr'><strong>ergo</strong></span> <span class='ocrx_word' id='word_1_279' title='bbox 831 4060 1120 4133; x_wconf 87' lang='lat' dir='ltr'><strong>sapientia</strong></span> <span class='ocrx_word' id='word_1_280' title='bbox 1149 4061 1422 4136; x_wconf 80' lang='lat' dir='ltr'><strong>pauperis</strong></span> <span class='ocrx_word' id='word_1_281' title='bbox 1451 4067 1785 4136; x_wconf 87' lang='lat' dir='ltr'><strong>contempta</strong></span> <span class='ocrx_word' id='word_1_282' title='bbox 1813 4069 1925 4136; x_wconf 85' lang='lat' dir='ltr'><strong>est,</strong></span> 
     </span>
    </p>
   </div>
   <div class='ocr_carea' id='block_1_54' title="bbox 403 4134 1413 4204">
    <p class='ocr_par' dir='ltr' id='par_1_54' title="bbox 403 4134 1413 4204">
     <span class='ocr_line' id='line_1_55' title="bbox 403 4134 1413 4204; baseline 0 -14"><span class='ocrx_word' id='word_1_283' title='bbox 403 4141 462 4191; x_wconf 92' lang='lat' dir='ltr'><strong>et</strong></span> <span class='ocrx_word' id='word_1_284' title='bbox 491 4136 666 4192; x_wconf 83' lang='lat' dir='ltr'><strong>verba</strong></span> <span class='ocrx_word' id='word_1_285' title='bbox 695 4136 823 4204; x_wconf 89' lang='lat' dir='ltr'><strong>ejus</strong></span> <span class='ocrx_word' id='word_1_286' title='bbox 854 4150 969 4189; x_wconf 93' lang='lat' dir='ltr'><strong>non</strong></span> <span class='ocrx_word' id='word_1_287' title='bbox 1002 4140 1138 4188; x_wconf 89' lang='lat' dir='ltr'><strong>sunt</strong></span> <span class='ocrx_word' id='word_1_288' title='bbox 1165 4134 1413 4190; x_wconf 82' lang='lat' dir='ltr'><strong>audita?</strong></span> 
     </span>
    </p>
   </div>
   <div class='ocr_carea' id='block_1_55' title="bbox 330 4205 1649 4279">
    <p class='ocr_par' dir='ltr' id='par_1_55' title="bbox 330 4205 1649 4279">
     <span class='ocr_line' id='line_1_56' title="bbox 330 4205 1649 4279; baseline 0.001 -19"><span class='ocrx_word' id='word_1_289' title='bbox 330 4206 525 4263; x_wconf 87' lang='lat' dir='ltr'><strong>Verba</strong></span> <span class='ocrx_word' id='word_1_290' title='bbox 555 4206 912 4279; x_wconf 80' lang='lat' dir='ltr'><strong>sapientium</strong></span> <span class='ocrx_word' id='word_1_291' title='bbox 947 4205 1275 4279; x_wconf 76' lang='lat' dir='ltr'><strong>audiuntur</strong></span> <span class='ocrx_word' id='word_1_292' title='bbox 1304 4207 1360 4260; x_wconf 92' lang='lat' dir='ltr'><strong>in</strong></span> <span class='ocrx_word' id='word_1_293' title='bbox 1396 4205 1649 4278; x_wconf 91' lang='lat' dir='ltr'><strong>silentio,</strong></span> 
     </span>
    </p>
   </div>
   <div class='ocr_carea' id='block_1_56' title="bbox 403 4276 1757 4351">
    <p class='ocr_par' dir='ltr' id='par_1_56' title="bbox 403 4276 1757 4351">
     <span class='ocr_line' id='line_1_57' title="bbox 403 4276 1757 4351; baseline -0.001 -17"><span class='ocrx_word' id='word_1_294' title='bbox 403 4279 538 4351; x_wconf 84' lang='lat' dir='ltr'><strong>plus</strong></span> <span class='ocrx_word' id='word_1_295' title='bbox 570 4276 747 4351; x_wconf 85' lang='lat' dir='ltr'><strong>quam</strong></span> <span class='ocrx_word' id='word_1_296' title='bbox 778 4277 1001 4351; x_wconf 83' lang='lat' dir='ltr'><strong>clamor</strong></span> <span class='ocrx_word' id='word_1_297' title='bbox 1029 4276 1312 4347; x_wconf 89' lang='lat' dir='ltr'><strong>principis</strong></span> <span class='ocrx_word' id='word_1_298' title='bbox 1342 4276 1757 4351; x_wconf 81' lang='lat' dir='ltr'><strong>interstultos.</strong></span> 
     </span>
    </p>
   </div>
   <div class='ocr_carea' id='block_1_57' title="bbox 331 4348 1683 4420">
    <p class='ocr_par' dir='ltr' id='par_1_57' title="bbox 331 4348 1683 4420">
     <span class='ocr_line' id='line_1_58' title="bbox 331 4348 1683 4420; baseline -0.001 -14"><span class='ocrx_word' id='word_1_299' title='bbox 331 4348 538 4406; x_wconf 78' lang='lat' dir='ltr'><strong>Melior</strong></span> <span class='ocrx_word' id='word_1_300' title='bbox 564 4348 654 4406; x_wconf 79' lang='lat' dir='ltr'><strong>est</strong></span> <span class='ocrx_word' id='word_1_301' title='bbox 685 4348 994 4420; x_wconf 87' lang='lat' dir='ltr'><strong>sapientia,</strong></span> <span class='ocrx_word' id='word_1_302' title='bbox 1027 4365 1204 4419; x_wconf 92' lang='lat' dir='ltr'><strong>quam</strong></span> <span class='ocrx_word' id='word_1_303' title='bbox 1238 4365 1402 4405; x_wconf 90' lang='lat' dir='ltr'><strong>arma</strong></span> <span class='ocrx_word' id='word_1_304' title='bbox 1432 4349 1636 4406; x_wconf 86' lang='lat' dir='ltr'><strong>bellica</strong></span> <span class='ocrx_word' id='word_1_305' title='bbox 1669 4368 1683 4405; x_wconf 74' lang='grc' dir='ltr'><strong>ε</strong></span> 
     </span>
    </p>
   </div>
   <div class='ocr_carea' id='block_1_58' title="bbox 404 4420 1834 4494">
    <p class='ocr_par' dir='ltr' id='par_1_58' title="bbox 404 4420 1834 4494">
     <span class='ocr_line' id='line_1_59' title="bbox 404 4420 1834 4494; baseline 0.001 -18"><span class='ocrx_word' id='word_1_306' title='bbox 404 4427 462 4477; x_wconf 91' lang='lat' dir='ltr'><strong>et</strong></span> <span class='ocrx_word' id='word_1_307' title='bbox 491 4422 589 4492; x_wconf 94' lang='lat' dir='ltr'><strong>qui</strong></span> <span class='ocrx_word' id='word_1_308' title='bbox 619 4421 829 4494; x_wconf 78' lang='lat' dir='ltr'><strong>inuno</strong></span> <span class='ocrx_word' id='word_1_309' title='bbox 861 4420 1184 4494; x_wconf 82' lang='lat' dir='ltr'><strong>peccaverit</strong></span> <span class='ocrx_word' id='word_1_310' title='bbox 1217 4420 1401 4477; x_wconf 92' lang='lat' dir='ltr'><strong>multa</strong></span> <span class='ocrx_word' id='word_1_311' title='bbox 1431 4421 1585 4477; x_wconf 89' lang='lat' dir='ltr'><strong>bona</strong></span> <span class='ocrx_word' id='word_1_312' title='bbox 1615 4422 1834 4494; x_wconf 88' lang='lat' dir='ltr'><strong>perdet.</strong></span> 
     </span>
    </p>
   </div>
   <div class='ocr_carea' id='block_1_59' title="bbox 331 4491 1214 4565">
    <p class='ocr_par' dir='ltr' id='par_1_59' title="bbox 331 4491 1214 4565">
     <span class='ocr_line' id='line_1_60' title="bbox 331 4491 1214 4565; baseline -0.005 -16"><span class='ocrx_word' id='word_1_313' title='bbox 331 4493 490 4565; x_wconf 84' lang='lat' dir='ltr'><strong>(Cap.</strong></span> <span class='ocrx_word' id='word_1_314' title='bbox 510 4491 620 4556; x_wconf 21' lang='lat' dir='ltr'><strong>7X.)</strong></span> <span class='ocrx_word' id='word_1_315' title='bbox 652 4493 865 4565; x_wconf 64' lang='lat' dir='ltr'><strong>Musca:</strong></span> <span class='ocrx_word' id='word_1_316' title='bbox 897 4491 1214 4546; x_wconf 91' lang='lat' dir='ltr'><strong>morientes</strong></span> 
     </span>
    </p>
   </div>
   <div class='ocr_carea' id='block_1_60' title="bbox 406 4563 1371 4636">
    <p class='ocr_par' dir='ltr' id='par_1_60' title="bbox 406 4563 1371 4636">
     <span class='ocr_line' id='line_1_61' title="bbox 406 4563 1371 4636; baseline -0.001 -16"><span class='ocrx_word' id='word_1_317' title='bbox 406 4563 662 4636; x_wconf 83' lang='lat' dir='ltr'><strong>perdunt</strong></span> <span class='ocrx_word' id='word_1_318' title='bbox 687 4564 1037 4636; x_wconf 87' lang='lat' dir='ltr'><strong>suavitatem</strong></span> <span class='ocrx_word' id='word_1_319' title='bbox 1066 4563 1371 4636; x_wconf 82' lang='lat' dir='ltr'><strong>unguenti.</strong></span> 
     </span>
    </p>
   </div>
   <div class='ocr_carea' id='block_1_61' title="bbox 331 4634 1400 4706">
    <p class='ocr_par' dir='ltr' id='par_1_61' title="bbox 331 4634 1400 4706">
     <span class='ocr_line' id='line_1_62' title="bbox 331 4634 1400 4706; baseline -0.002 -14"><span class='ocrx_word' id='word_1_320' title='bbox 331 4634 648 4693; x_wconf 82' lang='lat' dir='ltr'><strong>Pretiosior</strong></span> <span class='ocrx_word' id='word_1_321' title='bbox 674 4640 765 4692; x_wconf 91' lang='lat' dir='ltr'><strong>est</strong></span> <span class='ocrx_word' id='word_1_322' title='bbox 794 4635 1081 4706; x_wconf 80' lang='lat' dir='ltr'><strong>sapientia</strong></span> <span class='ocrx_word' id='word_1_323' title='bbox 1109 4641 1165 4706; x_wconf 88' lang='lat' dir='ltr'><strong>et</strong></span> <span class='ocrx_word' id='word_1_324' title='bbox 1194 4634 1400 4706; x_wconf 82' lang='lat' dir='ltr'><strong>gloria,</strong></span> 
     </span>
    </p>
   </div>
   <div class='ocr_carea' id='block_1_62' title="bbox 405 4705 1248 4781">
    <p class='ocr_par' dir='ltr' id='par_1_62' title="bbox 405 4705 1248 4781">
     <span class='ocr_line' id='line_1_63' title="bbox 405 4705 1248 4781; baseline -0.006 -17"><span class='ocrx_word' id='word_1_325' title='bbox 405 4725 598 4781; x_wconf 87' lang='lat' dir='ltr'><strong>parva_</strong></span> <span class='ocrx_word' id='word_1_326' title='bbox 612 4708 685 4764; x_wconf 90' lang='lat' dir='ltr'><strong>ad</strong></span> <span class='ocrx_word' id='word_1_327' title='bbox 714 4705 950 4781; x_wconf 76' lang='lat' dir='ltr'><strong>tcuipus</strong></span> <span class='ocrx_word' id='word_1_328' title='bbox 974 4705 1248 4781; x_wconf 78' lang='lat' dir='ltr'><strong>stultitia.</strong></span> 
     </span>
    </p>
   </div>
   <div class='ocr_carea' id='block_1_63' title="bbox 335 4777 1301 4852">
    <p class='ocr_par' dir='ltr' id='par_1_63' title="bbox 335 4777 1301 4852">
     <span class='ocr_line' id='line_1_64' title="bbox 335 4777 1301 4852; baseline -0.001 -17"><span class='ocrx_word' id='word_1_329' title='bbox 335 4777 447 4836; x_wconf 58' lang='lat' dir='ltr'><strong>Co&#39;r</strong></span> <span class='ocrx_word' id='word_1_330' title='bbox 475 4778 761 4852; x_wconf 83' lang='lat' dir='ltr'><strong>sapientis</strong></span> <span class='ocrx_word' id='word_1_331' title='bbox 780 4777 851 4852; x_wconf 81' lang='lat' dir='ltr'><strong>in</strong></span> <span class='ocrx_word' id='word_1_332' title='bbox 882 4781 1123 4852; x_wconf 82' lang='lat' dir='ltr'><strong>dextera</strong></span> <span class='ocrx_word' id='word_1_333' title='bbox 1149 4777 1301 4852; x_wconf 83' lang='lat' dir='ltr'><strong>ejus,</strong></span> 
     </span>
    </p>
   </div>
   <div class='ocr_carea' id='block_1_64' title="bbox 409 4849 1367 4908">
    <p class='ocr_par' dir='ltr' id='par_1_64' title="bbox 409 4849 1367 4908">
     <span class='ocr_line' id='line_1_65' title="bbox 409 4849 1367 4908; baseline -0.004 0"><span class='ocrx_word' id='word_1_334' title='bbox 409 4855 468 4908; x_wconf 88' lang='lat' dir='ltr'><strong>et</strong></span> <span class='ocrx_word' id='word_1_335' title='bbox 497 4849 599 4908; x_wconf 84' lang='lat' dir='ltr'><strong>cor</strong></span> <span class='ocrx_word' id='word_1_336' title='bbox 628 4849 795 4908; x_wconf 89' lang='lat' dir='ltr'><strong>stulti</strong></span> <span class='ocrx_word' id='word_1_337' title='bbox 823 4851 880 4905; x_wconf 92' lang='lat' dir='ltr'><strong>in</strong></span> <span class='ocrx_word' id='word_1_338' title='bbox 913 4849 1154 4906; x_wconf 89' lang='lat' dir='ltr'><strong>sinistra</strong></span> <span class='ocrx_word' id='word_1_339' title='bbox 1183 4849 1367 4904; x_wconf 90' lang='lat' dir='ltr'><strong>illius.</strong></span> 
     </span>
    </p>
   </div>
   <div class='ocr_carea' id='block_1_65' title="bbox 334 4920 1408 4987">
    <p class='ocr_par' dir='ltr' id='par_1_65' title="bbox 334 4920 1408 4987">
     <span class='ocr_line' id='line_1_66' title="bbox 334 4920 1408 4987; baseline 0.001 -12"><span class='ocrx_word' id='word_1_340' title='bbox 334 4925 446 4980; x_wconf 84' lang='lat' dir='ltr'><strong>Sed</strong></span> <span class='ocrx_word' id='word_1_341' title='bbox 477 4929 535 4981; x_wconf 88' lang='lat' dir='ltr'><strong>et</strong></span> <span class='ocrx_word' id='word_1_342' title='bbox 564 4923 624 4979; x_wconf 91' lang='lat' dir='ltr'><strong>in</strong></span> <span class='ocrx_word' id='word_1_343' title='bbox 655 4923 750 4980; x_wconf 87' lang='lat' dir='ltr'><strong>via</strong></span> <span class='ocrx_word' id='word_1_344' title='bbox 777 4921 997 4979; x_wconf 84' lang='lat' dir='ltr'><strong>stultus</strong></span> <span class='ocrx_word' id='word_1_345' title='bbox 1026 4920 1335 4978; x_wconf 86' lang='lat' dir='ltr'><strong>ambulans</strong></span> <span class='ocrx_word' id='word_1_346' title='bbox 1367 4922 1408 4987; x_wconf 83' lang='grc'><strong>¹,</strong></span> 
     </span>
    </p>
   </div>
   <div class='ocr_carea' id='block_1_66' title="bbox 411 5131 1977 5214">
    <p class='ocr_par' dir='ltr' id='par_1_66' title="bbox 411 5131 1977 5214">
     <span class='ocr_line' id='line_1_67' title="bbox 411 5131 1977 5214; baseline -0.002 -22"><span class='ocrx_word' id='word_1_347' title='bbox 411 5139 428 5172; x_wconf 83' lang='grc'>¹</span> <span class='ocrx_word' id='word_1_348' title='bbox 461 5139 710 5214; x_wconf 80' lang='lat' dir='ltr'><strong>Sanctus</strong></span> <span class='ocrx_word' id='word_1_349' title='bbox 740 5132 1130 5214; x_wconf 61' lang='lat' dir='ltr'><strong>Bieronymus</strong></span> <span class='ocrx_word' id='word_1_350' title='bbox 1157 5131 1216 5188; x_wconf 93' lang='lat' dir='ltr'><strong>in</strong></span> <span class='ocrx_word' id='word_1_351' title='bbox 1238 5132 1788 5214; x_wconf 39' lang='lat' dir='ltr'><strong>Commentariis-ad</strong></span> <span class='ocrx_word' id='word_1_352' title='bbox 1819 5133 1977 5189; x_wconf 88' lang='lat' dir='ltr'><strong>hunc</strong></span> 
     </span>
    </p>
   </div>
   <div class='ocr_carea' id='block_1_67' title="bbox 335 5205 1979 5276">
    <p class='ocr_par' dir='ltr' id='par_1_67' title="bbox 335 5205 1979 5276">
     <span class='ocr_line' id='line_1_68' title="bbox 335 5205 1979 5276; baseline -0.002 -12"><span class='ocrx_word' id='word_1_353' title='bbox 335 5208 550 5276; x_wconf 91' lang='lat' dir='ltr'><strong>locum,</strong></span> <span class='ocrx_word' id='word_1_354' title='bbox 570 5206 735 5264; x_wconf 90' lang='lat' dir='ltr'><strong>colon</strong></span> <span class='ocrx_word' id='word_1_355' title='bbox 771 5205 929 5261; x_wconf 88' lang='lat' dir='ltr'><strong>istud</strong></span> <span class='ocrx_word' id='word_1_356' title='bbox 963 5205 1258 5276; x_wconf 85' lang='lat' dir='ltr'><strong>integrum</strong></span> <span class='ocrx_word' id='word_1_357' title='bbox 1291 5205 1522 5259; x_wconf 91' lang='lat' dir='ltr'><strong>duobus</strong></span> <span class='ocrx_word' id='word_1_358' title='bbox 1548 5205 1816 5261; x_wconf 88' lang='lat' dir='ltr'><strong>versibus</strong></span> <span class='ocrx_word' id='word_1_359' title='bbox 1839 5222 1979 5261; x_wconf 92' lang='lat' dir='ltr'><strong>con-</strong></span> 
     </span>
    </p>
   </div>
   <div class='ocr_carea' id='block_1_68' title="bbox 336 5276 1979 5348">
    <p class='ocr_par' dir='ltr' id='par_1_68' title="bbox 336 5276 1979 5348">
     <span class='ocr_line' id='line_1_69' title="bbox 336 5276 1979 5348; baseline -0.001 -13"><span class='ocrx_word' id='word_1_360' title='bbox 336 5285 504 5336; x_wconf 87' lang='lat' dir='ltr'><strong>stans</strong></span> <span class='ocrx_word' id='word_1_361' title='bbox 533 5279 592 5334; x_wconf 91' lang='lat' dir='ltr'><strong>in</strong></span> <span class='ocrx_word' id='word_1_362' title='bbox 623 5276 1058 5348; x_wconf 88' lang='lat' dir='ltr'><strong>exemplaribus</strong></span> <span class='ocrx_word' id='word_1_363' title='bbox 1104 5277 1378 5341; x_wconf 90' lang='lat' dir='ltr'><strong>Canonis,</strong></span> <span class='ocrx_word' id='word_1_364' title='bbox 1429 5293 1612 5348; x_wconf 91' lang='lat' dir='ltr'><strong>unum</strong></span> <span class='ocrx_word' id='word_1_365' title='bbox 1663 5277 1804 5332; x_wconf 88' lang='lat' dir='ltr'><strong>dicit</strong></span> <span class='ocrx_word' id='word_1_366' title='bbox 1849 5293 1979 5333; x_wconf 92' lang='lat' dir='ltr'><strong>esse</strong></span> 
     </span>
    </p>
   </div>
   <div class='ocr_carea' id='block_1_69' title="bbox 336 5347 1979 5420">
    <p class='ocr_par' dir='ltr' id='par_1_69' title="bbox 336 5347 1979 5420">
     <span class='ocr_line' id='line_1_70' title="bbox 336 5347 1979 5420; baseline -0.001 -15"><span class='ocrx_word' id='word_1_367' title='bbox 336 5350 688 5407; x_wconf 90' lang='lat' dir='ltr'><strong>versiculum</strong></span> <span class='ocrx_word' id='word_1_368' title='bbox 722 5366 734 5403; x_wconf 91' lang='lat'><strong><em>:</em></strong></span> <span class='ocrx_word' id='word_1_369' title='bbox 767 5350 1028 5420; x_wconf 83' lang='lat' dir='ltr'><strong>Sequenti</strong></span> <span class='ocrx_word' id='word_1_370' title='bbox 1041 5365 1060 5403; x_wconf 92' lang='grc' dir='ltr'><strong>ς</strong></span> <span class='ocrx_word' id='word_1_371' title='bbox 1087 5355 1274 5403; x_wconf 76' lang='lat' dir='ltr'><strong>autem</strong></span> <span class='ocrx_word' id='word_1_372' title='bbox 1306 5347 1586 5420; x_wconf 82' lang='lat' dir='ltr'><strong>versiculi,</strong></span> <span class='ocrx_word' id='word_1_373' title='bbox 1619 5350 1795 5404; x_wconf 87' lang='lat' dir='ltr'><strong>verba</strong></span> <span class='ocrx_word' id='word_1_374' title='bbox 1842 5353 1979 5404; x_wconf 87' lang='lat' dir='ltr'><strong>sunt</strong></span> 
     </span>
    </p>
   </div>
   <div class='ocr_carea' id='block_1_70' title="bbox 335 5418 1980 5491">
    <p class='ocr_par' dir='ltr' id='par_1_70' title="bbox 335 5418 1980 5491">
     <span class='ocr_line' id='line_1_71' title="bbox 335 5418 1980 5491; baseline -0.003 -11"><span class='ocrx_word' id='word_1_375' title='bbox 335 5423 396 5480; x_wconf 90' lang='lat' dir='ltr'><strong>S.</strong></span> <span class='ocrx_word' id='word_1_376' title='bbox 433 5423 712 5484; x_wconf 91' lang='lat' dir='ltr'><strong>Doctoris,</strong></span> <span class='ocrx_word' id='word_1_377' title='bbox 747 5422 808 5475; x_wconf 84' lang='lat' dir='ltr'><strong>in</strong></span> <span class='ocrx_word' id='word_1_378' title='bbox 838 5418 942 5491; x_wconf 66' lang='lat' dir='ltr'><strong>quo</strong></span> <span class='ocrx_word' id='word_1_379' title='bbox 971 5421 1052 5474; x_wconf 86' lang='lat' dir='ltr'><strong>ait</strong></span> <span class='ocrx_word' id='word_1_380' title='bbox 1079 5438 1098 5473; x_wconf 91' lang='lat'><em>:</em></span> <span class='ocrx_word' id='word_1_381' title='bbox 1128 5420 1232 5476; x_wconf 85' lang='lat' dir='ltr'><strong>Sed</strong></span> <span class='ocrx_word' id='word_1_382' title='bbox 1262 5425 1311 5475; x_wconf 89' lang='lat' dir='ltr'><strong>et</strong></span> <span class='ocrx_word' id='word_1_383' title='bbox 1361 5421 1422 5475; x_wconf 77' lang='lat' dir='ltr'><strong>in</strong></span> <span class='ocrx_word' id='word_1_384' title='bbox 1470 5418 1563 5474; x_wconf 78' lang='lat' dir='ltr'><strong>cia</strong></span> <span class='ocrx_word' id='word_1_385' title='bbox 1609 5436 1734 5491; x_wconf 75' lang='lat' dir='ltr'><strong>cum</strong></span> <span class='ocrx_word' id='word_1_386' title='bbox 1779 5423 1980 5475; x_wconf 84' lang='lat' dir='ltr'><strong>stultus</strong></span> 
     </span>
    </p>
   </div>
   <div class='ocr_carea' id='block_1_71' title="bbox 334 5490 1976 5563">
    <p class='ocr_par' dir='ltr' id='par_1_71' title="bbox 334 5490 1976 5563">
     <span class='ocr_line' id='line_1_72' title="bbox 334 5490 1976 5563; baseline 0 -14"><span class='ocrx_word' id='word_1_387' title='bbox 334 5495 603 5559; x_wconf 80' lang='lat' dir='ltr'><strong>ambulat,</strong></span> <span class='ocrx_word' id='word_1_388' title='bbox 629 5509 722 5549; x_wconf 88' lang='lat' dir='ltr'><strong>cor</strong></span> <span class='ocrx_word' id='word_1_389' title='bbox 749 5490 868 5561; x_wconf 79' lang='lat' dir='ltr'><strong>eius</strong></span> <span class='ocrx_word' id='word_1_390' title='bbox 890 5491 1119 5562; x_wconf 78' lang='lat' dir='ltr'><strong>indiget,</strong></span> <span class='ocrx_word' id='word_1_391' title='bbox 1152 5497 1203 5546; x_wconf 85' lang='lat' dir='ltr'><strong>et</strong></span> <span class='ocrx_word' id='word_1_392' title='bbox 1231 5491 1383 5563; x_wconf 18' lang='lat' dir='ltr'><strong>dicit,</strong></span> <span class='ocrx_word' id='word_1_393' title='bbox 1413 5509 1433 5545; x_wconf 90' lang='lat'><strong><em>:</em></strong></span> <span class='ocrx_word' id='word_1_394' title='bbox 1469 5490 1659 5563; x_wconf 76' lang='lat' dir='ltr'><strong>omnis</strong></span> <span class='ocrx_word' id='word_1_395' title='bbox 1707 5491 1976 5563; x_wconf 74' lang='lat' dir='ltr'><strong>insipiens</strong></span> 
     </span>
    </p>
   </div>
   <div class='ocr_carea' id='block_1_72' title="bbox 334 5562 1977 5634">
    <p class='ocr_par' dir='ltr' id='par_1_72' title="bbox 334 5562 1977 5634">
     <span class='ocr_line' id='line_1_73' title="bbox 334 5562 1977 5634; baseline -0.001 -13"><span class='ocrx_word' id='word_1_396' title='bbox 334 5575 453 5626; x_wconf 78' lang='lat' dir='ltr'><strong>est:</strong></span> <span class='ocrx_word' id='word_1_397' title='bbox 484 5565 574 5620; x_wconf 86' lang='lat' dir='ltr'><strong>hic</strong></span> <span class='ocrx_word' id='word_1_398' title='bbox 599 5575 678 5621; x_wconf 86' lang='lat' dir='ltr'><strong>est</strong></span> <span class='ocrx_word' id='word_1_399' title='bbox 710 5579 922 5632; x_wconf 81' lang='lat' dir='ltr'><strong>sensus,</strong></span> <span class='ocrx_word' id='word_1_400' title='bbox 973 5569 1084 5618; x_wconf 90' lang='lat' dir='ltr'><strong>etc.</strong></span> <span class='ocrx_word' id='word_1_401' title='bbox 1136 5562 1416 5634; x_wconf 84' lang='lat' dir='ltr'><strong>Agnoscit</strong></span> <span class='ocrx_word' id='word_1_402' title='bbox 1464 5562 1644 5633; x_wconf 86' lang='lat' dir='ltr'><strong>igitur</strong></span> <span class='ocrx_word' id='word_1_403' title='bbox 1691 5562 1977 5620; x_wconf 28' lang='lat' dir='ltr'><strong>hoc’loco</strong></span> 
     </span>
    </p>
   </div>
   <div class='ocr_carea' id='block_1_73' title="bbox 330 5635 1977 5707">
    <p class='ocr_par' dir='ltr' id='par_1_73' title="bbox 330 5635 1977 5707">
     <span class='ocr_line' id='line_1_74' title="bbox 330 5635 1977 5707; baseline -0.001 -14"><span class='ocrx_word' id='word_1_404' title='bbox 330 5637 759 5694; x_wconf 86' lang='lat' dir='ltr'><strong>versiculorum</strong></span> <span class='ocrx_word' id='word_1_405' title='bbox 791 5635 1257 5707; x_wconf 83' lang='lat' dir='ltr'><strong>distinctionem,</strong></span> <span class='ocrx_word' id='word_1_406' title='bbox 1289 5650 1467 5707; x_wconf 90' lang='lat' dir='ltr'><strong>quam</strong></span> <span class='ocrx_word' id='word_1_407' title='bbox 1499 5650 1776 5690; x_wconf 87' lang='lat' dir='ltr'><strong>vocamus</strong></span> <span class='ocrx_word' id='word_1_408' title='bbox 1825 5635 1977 5692; x_wconf 87' lang='lat' dir='ltr'><strong>Mas-</strong></span> 
     </span>
    </p>
   </div>
   <div class='ocr_carea' id='block_1_74' title="bbox 332 5705 1975 5777">
    <p class='ocr_par' dir='ltr' id='par_1_74' title="bbox 332 5705 1975 5777">
     <span class='ocr_line' id='line_1_75' title="bbox 332 5705 1975 5777; baseline -0.002 -11"><span class='ocrx_word' id='word_1_409' title='bbox 332 5710 668 5774; x_wconf 79' lang='lat' dir='ltr'><strong>soreticam,</strong></span> <span class='ocrx_word' id='word_1_410' title='bbox 699 5707 760 5762; x_wconf 91' lang='lat' dir='ltr'><strong>in</strong></span> <span class='ocrx_word' id='word_1_411' title='bbox 792 5706 1050 5762; x_wconf 65' lang='lat' dir='ltr'><strong>Hebreis</strong></span> <span class='ocrx_word' id='word_1_412' title='bbox 1079 5705 1485 5762; x_wconf 82' lang='lat' dir='ltr'><strong>voluminibus</strong></span> <span class='ocrx_word' id='word_1_413' title='bbox 1517 5712 1882 5777; x_wconf 90' lang='lat' dir='ltr'><strong>usurpatam.</strong></span> <span class='ocrx_word' id='word_1_414' title='bbox 1934 5707 1975 5762; x_wconf 90' lang='lat' dir='ltr'><strong>E</strong></span> 
     </span>
    </p>
   </div>
   <div class='ocr_carea' id='block_1_75' title="bbox 332 5777 1972 5850">
    <p class='ocr_par' dir='ltr' id='par_1_75' title="bbox 332 5777 1972 5850">
     <span class='ocr_line' id='line_1_76' title="bbox 332 5777 1972 5850; baseline -0.002 -11"><span class='ocrx_word' id='word_1_415' title='bbox 332 5785 538 5839; x_wconf 85' lang='lat' dir='ltr'><strong>contra</strong></span> <span class='ocrx_word' id='word_1_416' title='bbox 564 5797 740 5837; x_wconf 90' lang='lat' dir='ltr'><strong>versu</strong></span> <span class='ocrx_word' id='word_1_417' title='bbox 772 5780 840 5834; x_wconf 90' lang='grc'><strong>15</strong></span> <span class='ocrx_word' id='word_1_418' title='bbox 869 5778 1051 5850; x_wconf 87' lang='lat' dir='ltr'><strong>hujus</strong></span> <span class='ocrx_word' id='word_1_419' title='bbox 1081 5777 1519 5850; x_wconf 90' lang='lat' dir='ltr'><strong>capitis,plures</strong></span> <span class='ocrx_word' id='word_1_420' title='bbox 1549 5777 1692 5834; x_wconf 89' lang='lat' dir='ltr'><strong>dicit</strong></span> <span class='ocrx_word' id='word_1_421' title='bbox 1715 5779 1972 5835; x_wconf 88' lang='lat' dir='ltr'><strong>versicu-</strong></span> 
     </span>
    </p>
   </div>
   <div class='ocr_carea' id='block_1_76' title="bbox 1623 219 2420 274">
    <p class='ocr_par' dir='ltr' id='par_1_76' title="bbox 1623 219 2420 274">
     <span class='ocr_line' id='line_1_77' title="bbox 1623 219 2420 274; baseline -0.001 -3"><span class='ocrx_word' id='word_1_422' title='bbox 1623 219 1839 272; x_wconf 77' lang='lat' dir='ltr'><strong>LIBER</strong></span> <span class='ocrx_word' id='word_1_423' title='bbox 1875 219 2420 274; x_wconf 77' lang='lat' dir='ltr'><strong>ECCLESIASTES.</strong></span> 
     </span>
    </p>
   </div>
   <div class='ocr_carea' id='block_1_77' title="bbox 1991 339 3670 415">
    <p class='ocr_par' dir='ltr' id='par_1_77' title="bbox 1991 339 3670 415">
     <span class='ocr_line' id='line_1_78' title="bbox 1991 339 3670 415; baseline 0.004 -20"><span class='ocrx_word' id='word_1_424' title='bbox 1991 349 2043 415; x_wconf 70' lang='grc' dir='ltr'>Α</span> <span class='ocrx_word' id='word_1_425' title='bbox 2087 414 2096 415; x_wconf 16' lang='lat'><em>7</em></span> <span class='ocrx_word' id='word_1_426' title='bbox 2124 341 2442 415; x_wconf 77' lang='lat' dir='ltr'><strong>eumipsa</strong></span> <span class='ocrx_word' id='word_1_427' title='bbox 2469 339 2752 412; x_wconf 88' lang='lat' dir='ltr'><strong>insipiens</strong></span> <span class='ocrx_word' id='word_1_428' title='bbox 2783 341 2889 415; x_wconf 84' lang='lat' dir='ltr'><strong>sit,</strong></span> <span class='ocrx_word' id='word_1_429' title='bbox 2917 357 3123 398; x_wconf 89' lang='lat' dir='ltr'><strong>omnes</strong></span> <span class='ocrx_word' id='word_1_430' title='bbox 3155 345 3370 400; x_wconf 87' lang='lat' dir='ltr'><strong>stultos</strong></span> <span class='ocrx_word' id='word_1_431' title='bbox 3395 347 3670 404; x_wconf 74' lang='lat' dir='ltr'><strong>aestimat.</strong></span> 
     </span>
    </p>
   </div>
   <div class='ocr_carea' id='block_1_78' title="bbox 2007 4456 2055 4520">
    <p class='ocr_par' dir='ltr' id='par_1_78' title="bbox 2007 4456 2055 4520">
     <span class='ocr_line' id='line_1_79' title="bbox 2007 4456 2055 4520; baseline 0 0"><span class='ocrx_word' id='word_1_432' title='bbox 2007 4456 2055 4520; x_wconf 92' lang='lat' dir='ltr'><strong>D</strong></span> 
     </span>
    </p>
   </div>
   <div class='ocr_carea' id='block_1_79' title="bbox 3585 222 3728 278">
    <p class='ocr_par' dir='ltr' id='par_1_79' title="bbox 3585 222 3728 278">
     <span class='ocr_line' id='line_1_80' title="bbox 3585 222 3728 278; baseline 0 0"><span class='ocrx_word' id='word_1_433' title='bbox 3585 222 3728 278; x_wconf 88' lang='grc'><strong>1350</strong></span> 
     </span>
    </p>
   </div>
   <div class='ocr_carea' id='block_1_80' title="bbox 2074 413 3722 491">
    <p class='ocr_par' dir='ltr' id='par_1_80' title="bbox 2074 413 3722 491">
     <span class='ocr_line' id='line_1_81' title="bbox 2074 413 3722 491; baseline 0.004 -21"><span class='ocrx_word' id='word_1_434' title='bbox 2074 413 2410 491; x_wconf 86' lang='lat' dir='ltr'><strong>Si_spiritus</strong></span> <span class='ocrx_word' id='word_1_435' title='bbox 2434 418 2775 491; x_wconf 74' lang='lat' dir='ltr'><strong>potestatem</strong></span> <span class='ocrx_word' id='word_1_436' title='bbox 2799 414 3072 491; x_wconf 76' lang='lat' dir='ltr'><strong>habentis</strong></span> <span class='ocrx_word' id='word_1_437' title='bbox 3093 418 3423 474; x_wconf 88' lang='lat' dir='ltr'><strong>ascenderit</strong></span> <span class='ocrx_word' id='word_1_438' title='bbox 3444 435 3624 491; x_wconf 91' lang='lat' dir='ltr'><strong>super</strong></span> <span class='ocrx_word' id='word_1_439' title='bbox 3645 425 3722 488; x_wconf 87' lang='lat' dir='ltr'><strong>te,</strong></span> 
     </span>
    </p>
   </div>
   <div class='ocr_carea' id='block_1_81' title="bbox 2144 483 3018 542">
    <p class='ocr_par' dir='ltr' id='par_1_81' title="bbox 2144 483 3018 542">
     <span class='ocr_line' id='line_1_82' title="bbox 2144 483 3018 542; baseline 0.003 -3"><span class='ocrx_word' id='word_1_440' title='bbox 2144 483 2336 540; x_wconf 80' lang='lat' dir='ltr'><strong>locum</strong></span> <span class='ocrx_word' id='word_1_441' title='bbox 2366 483 2532 539; x_wconf 84' lang='lat' dir='ltr'><strong>tuum</strong></span> <span class='ocrx_word' id='word_1_442' title='bbox 2565 501 2638 540; x_wconf 92' lang='lat' dir='ltr'><strong>ne</strong></span> <span class='ocrx_word' id='word_1_443' title='bbox 2669 485 2969 541; x_wconf 86' lang='lat' dir='ltr'><strong>dimiseris</strong></span> <span class='ocrx_word' id='word_1_444' title='bbox 3005 505 3018 542; x_wconf 89' lang='lat'>:</span> 
     </span>
    </p>
   </div>
   <div class='ocr_carea' id='block_1_82' title="bbox 2144 557 3578 631">
    <p class='ocr_par' dir='ltr' id='par_1_82' title="bbox 2144 557 3578 631">
     <span class='ocr_line' id='line_1_83' title="bbox 2144 557 3578 631; baseline 0.006 -21"><span class='ocrx_word' id='word_1_445' title='bbox 2144 559 2286 627; x_wconf 92' lang='lat' dir='ltr'><strong>quia</strong></span> <span class='ocrx_word' id='word_1_446' title='bbox 2313 557 2538 631; x_wconf 81' lang='lat' dir='ltr'><strong>curatio</strong></span> <span class='ocrx_word' id='word_1_447' title='bbox 2569 573 2798 631; x_wconf 81' lang='lat' dir='ltr'><strong>cessare</strong></span> <span class='ocrx_word' id='word_1_448' title='bbox 2827 557 3268 631; x_wconf 81' lang='lat' dir='ltr'><strong>facietpeccata</strong></span> <span class='ocrx_word' id='word_1_449' title='bbox 3300 561 3578 618; x_wconf 84' lang='lat' dir='ltr'><strong>maxima.</strong></span> 
     </span>
    </p>
   </div>
   <div class='ocr_carea' id='block_1_83' title="bbox 2073 627 3084 698">
    <p class='ocr_par' dir='ltr' id='par_1_83' title="bbox 2073 627 3084 698">
     <span class='ocr_line' id='line_1_84' title="bbox 2073 627 3084 698; baseline 0.003 -16"><span class='ocrx_word' id='word_1_450' title='bbox 2073 627 2190 684; x_wconf 78' lang='lat' dir='ltr'><strong>Est.</strong></span> <span class='ocrx_word' id='word_1_451' title='bbox 2212 629 2434 683; x_wconf 91' lang='lat' dir='ltr'><strong>malum</strong></span> <span class='ocrx_word' id='word_1_452' title='bbox 2464 630 2619 698; x_wconf 91' lang='lat' dir='ltr'><strong>quod</strong></span> <span class='ocrx_word' id='word_1_453' title='bbox 2652 629 2767 683; x_wconf 90' lang='lat' dir='ltr'><strong>vidi</strong></span> <span class='ocrx_word' id='word_1_454' title='bbox 2799 631 2909 684; x_wconf 91' lang='lat' dir='ltr'><strong>sub</strong></span> <span class='ocrx_word' id='word_1_455' title='bbox 2941 627 3084 698; x_wconf 81' lang='lat' dir='ltr'><strong>sole,</strong></span> 
     </span>
    </p>
   </div>
   <div class='ocr_carea' id='block_1_84' title="bbox 2147 700 3718 778">
    <p class='ocr_par' dir='ltr' id='par_1_84' title="bbox 2147 700 3718 778">
     <span class='ocr_line' id='line_1_85' title="bbox 2147 700 3718 778; baseline 0.006 -24"><span class='ocrx_word' id='word_1_456' title='bbox 2147 700 2315 778; x_wconf 86' lang='lat' dir='ltr'><strong>quasi</strong></span> <span class='ocrx_word' id='word_1_457' title='bbox 2365 702 3086 778; x_wconf 82' lang='lat' dir='ltr'><strong>per_errorem_egrediens</strong></span> <span class='ocrx_word' id='word_1_458' title='bbox 3135 703 3354 778; x_wconf 12' lang='lat' dir='ltr'><strong>_a_rfac_ie</strong></span> <span class='ocrx_word' id='word_1_459' title='bbox 3385 704 3669 778; x_wconf 89' lang='lat' dir='ltr'><strong>principis</strong></span> <span class='ocrx_word' id='word_1_460' title='bbox 3705 723 3718 763; x_wconf 93' lang='lat'><strong>:</strong></span> 
     </span>
    </p>
   </div>
   <div class='ocr_carea' id='block_1_85' title="bbox 2077 771 3327 844">
    <p class='ocr_par' dir='ltr' id='par_1_85' title="bbox 2077 771 3327 844">
     <span class='ocr_line' id='line_1_86' title="bbox 2077 771 3327 844; baseline 0.002 -17"><span class='ocrx_word' id='word_1_461' title='bbox 2077 771 2344 844; x_wconf 86' lang='lat' dir='ltr'><strong>Positum</strong></span> <span class='ocrx_word' id='word_1_462' title='bbox 2368 771 2617 844; x_wconf 89' lang='lat' dir='ltr'><strong>stultum</strong></span> <span class='ocrx_word' id='word_1_463' title='bbox 2652 773 2710 826; x_wconf 90' lang='lat' dir='ltr'><strong>in</strong></span> <span class='ocrx_word' id='word_1_464' title='bbox 2743 773 3028 843; x_wconf 88' lang='lat' dir='ltr'><strong>dignitate</strong></span> <span class='ocrx_word' id='word_1_465' title='bbox 3059 774 3327 844; x_wconf 90' lang='lat' dir='ltr'><strong>sublimi,</strong></span> 
     </span>
    </p>
   </div>
   <div class='ocr_carea' id='block_1_86' title="bbox 2146 842 3016 900">
    <p class='ocr_par' dir='ltr' id='par_1_86' title="bbox 2146 842 3016 900">
     <span class='ocr_line' id='line_1_87' title="bbox 2146 842 3016 900; baseline 0.002 -2"><span class='ocrx_word' id='word_1_466' title='bbox 2146 849 2204 898; x_wconf 87' lang='lat' dir='ltr'><strong>et</strong></span> <span class='ocrx_word' id='word_1_467' title='bbox 2233 842 2446 898; x_wconf 85' lang='lat' dir='ltr'><strong>divites</strong></span> <span class='ocrx_word' id='word_1_468' title='bbox 2475 843 2677 898; x_wconf 90' lang='lat' dir='ltr'><strong>sedere</strong></span> <span class='ocrx_word' id='word_1_469' title='bbox 2707 842 3016 900; x_wconf 86' lang='lat' dir='ltr'><strong>deorsum.-</strong></span> 
     </span>
    </p>
   </div>
   <div class='ocr_carea' id='block_1_87' title="bbox 2075 915 2760 986">
    <p class='ocr_par' dir='ltr' id='par_1_87' title="bbox 2075 915 2760 986">
     <span class='ocr_line' id='line_1_88' title="bbox 2075 915 2760 986; baseline 0 -18"><span class='ocrx_word' id='word_1_470' title='bbox 2075 915 2209 969; x_wconf 88' lang='lat' dir='ltr'><strong>Vidi</strong></span> <span class='ocrx_word' id='word_1_471' title='bbox 2242 931 2444 970; x_wconf 89' lang='lat' dir='ltr'><strong>servos</strong></span> <span class='ocrx_word' id='word_1_472' title='bbox 2478 915 2538 968; x_wconf 91' lang='lat' dir='ltr'><strong>in</strong></span> <span class='ocrx_word' id='word_1_473' title='bbox 2569 915 2760 986; x_wconf 90' lang='lat' dir='ltr'><strong>equis,</strong></span> 
     </span>
    </p>
   </div>
   <div class='ocr_carea' id='block_1_88' title="bbox 2147 986 3720 1063">
    <p class='ocr_par' dir='ltr' id='par_1_88' title="bbox 2147 986 3720 1063">
     <span class='ocr_line' id='line_1_89' title="bbox 2147 986 3720 1063; baseline 0.004 -21"><span class='ocrx_word' id='word_1_474' title='bbox 2147 991 2205 1042; x_wconf 91' lang='lat' dir='ltr'><strong>et</strong></span> <span class='ocrx_word' id='word_1_475' title='bbox 2235 986 2528 1058; x_wconf 89' lang='lat' dir='ltr'><strong>principes</strong></span> <span class='ocrx_word' id='word_1_476' title='bbox 2560 986 2932 1042; x_wconf 74' lang='lat' dir='ltr'><strong>ambulantes</strong></span> <span class='ocrx_word' id='word_1_477' title='bbox 2963 987 3133 1059; x_wconf 89' lang='lat' dir='ltr'><strong>quasi</strong></span> <span class='ocrx_word' id='word_1_478' title='bbox 3165 1005 3362 1045; x_wconf 88' lang='lat' dir='ltr'><strong>servos</strong></span> <span class='ocrx_word' id='word_1_479' title='bbox 3393 1006 3571 1063; x_wconf 91' lang='lat' dir='ltr'><strong>super</strong></span> <span class='ocrx_word' id='word_1_480' title='bbox 3602 995 3720 1049; x_wconf 87' lang='lat' dir='ltr'><strong>ter-</strong></span> 
     </span>
    </p>
   </div>
   <div class='ocr_carea' id='block_1_89' title="bbox 2220 1074 2370 1112">
    <p class='ocr_par' dir='ltr' id='par_1_89' title="bbox 2220 1074 2370 1112">
     <span class='ocr_line' id='line_1_90' title="bbox 2220 1074 2370 1112; baseline 0 0"><span class='ocrx_word' id='word_1_481' title='bbox 2220 1074 2370 1112; x_wconf 53' lang='lat' dir='ltr'><strong>raun</strong></span> 
     </span>
    </p>
   </div>
   <div class='ocr_carea' id='block_1_90' title="bbox 2077 1127 3192 1195">
    <p class='ocr_par' dir='ltr' id='par_1_90' title="bbox 2077 1127 3192 1195">
     <span class='ocr_line' id='line_1_91' title="bbox 2077 1127 3192 1195; baseline 0.004 -13"><span class='ocrx_word' id='word_1_482' title='bbox 2077 1129 2187 1195; x_wconf 88' lang='lat' dir='ltr'><strong>Qui</strong></span> <span class='ocrx_word' id='word_1_483' title='bbox 2218 1128 2360 1184; x_wconf 82' lang='lat' dir='ltr'><strong>fodit</strong></span> <span class='ocrx_word' id='word_1_484' title='bbox 2390 1127 2636 1194; x_wconf 91' lang='lat' dir='ltr'><strong>foveam,</strong></span> <span class='ocrx_word' id='word_1_485' title='bbox 2672 1128 2891 1184; x_wconf 87' lang='lat' dir='ltr'><strong>incidet</strong></span> <span class='ocrx_word' id='word_1_486' title='bbox 2922 1129 2981 1184; x_wconf 91' lang='lat' dir='ltr'><strong>in</strong></span> <span class='ocrx_word' id='word_1_487' title='bbox 3013 1146 3141 1186; x_wconf 90' lang='lat' dir='ltr'><strong>eam</strong></span> <span class='ocrx_word' id='word_1_488' title='bbox 3179 1148 3192 1186; x_wconf 91' lang='lat'><strong>:</strong></span> 
     </span>
    </p>
   </div>
   <div class='ocr_carea' id='block_1_91' title="bbox 2147 1199 3649 1272">
    <p class='ocr_par' dir='ltr' id='par_1_91' title="bbox 2147 1199 3649 1272">
     <span class='ocr_line' id='line_1_92' title="bbox 2147 1199 3649 1272; baseline 0.005 -17"><span class='ocrx_word' id='word_1_489' title='bbox 2147 1205 2206 1272; x_wconf 88' lang='lat' dir='ltr'><strong>et</strong></span> <span class='ocrx_word' id='word_1_490' title='bbox 2236 1199 2336 1272; x_wconf 92' lang='lat' dir='ltr'><strong>qui</strong></span> <span class='ocrx_word' id='word_1_491' title='bbox 2367 1200 2619 1270; x_wconf 88' lang='lat' dir='ltr'><strong>dissipat</strong></span> <span class='ocrx_word' id='word_1_492' title='bbox 2648 1217 2870 1272; x_wconf 90' lang='lat' dir='ltr'><strong>sepem,</strong></span> <span class='ocrx_word' id='word_1_493' title='bbox 2904 1203 3194 1258; x_wconf 89' lang='lat' dir='ltr'><strong>mordebit</strong></span> <span class='ocrx_word' id='word_1_494' title='bbox 3223 1219 3358 1259; x_wconf 91' lang='lat' dir='ltr'><strong>eum</strong></span> <span class='ocrx_word' id='word_1_495' title='bbox 3390 1205 3649 1264; x_wconf 89' lang='lat' dir='ltr'><strong>coluber.</strong></span> 
     </span>
    </p>
   </div>
   <div class='ocr_carea' id='block_1_92' title="bbox 2077 1271 3357 1344">
    <p class='ocr_par' dir='ltr' id='par_1_92' title="bbox 2077 1271 3357 1344">
     <span class='ocr_line' id='line_1_93' title="bbox 2077 1271 3357 1344; baseline 0.005 -19"><span class='ocrx_word' id='word_1_496' title='bbox 2077 1271 2184 1336; x_wconf 89' lang='lat' dir='ltr'><strong>Qui</strong></span> <span class='ocrx_word' id='word_1_497' title='bbox 2217 1271 2502 1344; x_wconf 84' lang='lat' dir='ltr'><strong>transfert</strong></span> <span class='ocrx_word' id='word_1_498' title='bbox 2534 1271 2778 1344; x_wconf 87' lang='lat' dir='ltr'><strong>lapides,</strong></span> <span class='ocrx_word' id='word_1_499' title='bbox 2811 1272 3106 1344; x_wconf 74' lang='lat' dir='ltr'><strong>afﬂigetur</strong></span> <span class='ocrx_word' id='word_1_500' title='bbox 3135 1276 3194 1330; x_wconf 92' lang='lat' dir='ltr'><strong>in</strong></span> <span class='ocrx_word' id='word_1_501' title='bbox 3227 1276 3310 1331; x_wconf 88' lang='lat' dir='ltr'><strong>eis</strong></span> <span class='ocrx_word' id='word_1_502' title='bbox 3345 1292 3357 1330; x_wconf 92' lang='lat'>:</span> 
     </span>
    </p>
   </div>
   <div class='ocr_carea' id='block_1_93' title="bbox 2149 1343 3467 1416">
    <p class='ocr_par' dir='ltr' id='par_1_93' title="bbox 2149 1343 3467 1416">
     <span class='ocr_line' id='line_1_94' title="bbox 2149 1343 3467 1416; baseline 0.003 -17"><span class='ocrx_word' id='word_1_503' title='bbox 2149 1348 2204 1399; x_wconf 83' lang='lat' dir='ltr'><strong>et</strong></span> <span class='ocrx_word' id='word_1_504' title='bbox 2235 1344 2333 1414; x_wconf 91' lang='lat' dir='ltr'><strong>qui</strong></span> <span class='ocrx_word' id='word_1_505' title='bbox 2365 1343 2794 1416; x_wconf 9' lang='lat' dir='ltr'><strong>scinditgligna,</strong></span> <span class='ocrx_word' id='word_1_506' title='bbox 2823 1343 3226 1402; x_wconf 77' lang='lat' dir='ltr'><strong>vulnerabitur</strong></span> <span class='ocrx_word' id='word_1_507' title='bbox 3261 1349 3333 1402; x_wconf 88' lang='lat' dir='ltr'><strong>ab</strong></span> <span class='ocrx_word' id='word_1_508' title='bbox 3360 1347 3467 1404; x_wconf 89' lang='lat' dir='ltr'><strong>eis.</strong></span> 
     </span>
    </p>
   </div>
   <div class='ocr_carea' id='block_1_94' title="bbox 2075 1414 2916 1484">
    <p class='ocr_par' dir='ltr' id='par_1_94' title="bbox 2075 1414 2916 1484">
     <span class='ocr_line' id='line_1_95' title="bbox 2075 1414 2916 1484; baseline 0 -14"><span class='ocrx_word' id='word_1_509' title='bbox 2075 1416 2134 1470; x_wconf 90' lang='lat' dir='ltr'><strong>Si</strong></span> <span class='ocrx_word' id='word_1_510' title='bbox 2165 1422 2432 1470; x_wconf 90' lang='lat' dir='ltr'><strong>retusum</strong></span> <span class='ocrx_word' id='word_1_511' title='bbox 2467 1414 2643 1470; x_wconf 88' lang='lat' dir='ltr'><strong>fuerit</strong></span> <span class='ocrx_word' id='word_1_512' title='bbox 2662 1414 2916 1484; x_wconf 69' lang='lat' dir='ltr'><strong>i&#39;errum,</strong></span> 
     </span>
    </p>
   </div>
   <div class='ocr_carea' id='block_1_95' title="bbox 2148 1487 3502 1558">
    <p class='ocr_par' dir='ltr' id='par_1_95' title="bbox 2148 1487 3502 1558">
     <span class='ocr_line' id='line_1_96' title="bbox 2148 1487 3502 1558; baseline 0.004 -17"><span class='ocrx_word' id='word_1_513' title='bbox 2148 1492 2206 1541; x_wconf 91' lang='lat' dir='ltr'><strong>et</strong></span> <span class='ocrx_word' id='word_1_514' title='bbox 2234 1487 2341 1542; x_wconf 90' lang='lat' dir='ltr'><strong>hoc</strong></span> <span class='ocrx_word' id='word_1_515' title='bbox 2376 1503 2488 1541; x_wconf 93' lang='lat' dir='ltr'><strong>non</strong></span> <span class='ocrx_word' id='word_1_516' title='bbox 2520 1492 2587 1541; x_wconf 92' lang='lat' dir='ltr'><strong>ut</strong></span> <span class='ocrx_word' id='word_1_517' title='bbox 2618 1488 2804 1558; x_wconf 88' lang='lat' dir='ltr'><strong>prius,</strong></span> <span class='ocrx_word' id='word_1_518' title='bbox 2838 1489 2938 1542; x_wconf 88' lang='lat' dir='ltr'><strong>sed</strong></span> <span class='ocrx_word' id='word_1_519' title='bbox 2971 1487 3312 1546; x_wconf 88' lang='lat' dir='ltr'><strong>hebetatum</strong></span> <span class='ocrx_word' id='word_1_520' title='bbox 3343 1490 3456 1546; x_wconf 90' lang='lat' dir='ltr'><strong>erit</strong></span> <span class='ocrx_word' id='word_1_521' title='bbox 3487 1506 3502 1546; x_wconf 92' lang='lat'>:</span> 
     </span>
    </p>
   </div>
   <div class='ocr_carea' id='block_1_96' title="bbox 2079 1557 2853 1626">
    <p class='ocr_par' dir='ltr' id='par_1_96' title="bbox 2079 1557 2853 1626">
     <span class='ocr_line' id='line_1_97' title="bbox 2079 1557 2853 1626; baseline -0.001 -13"><span class='ocrx_word' id='word_1_522' title='bbox 2079 1558 2259 1613; x_wconf 89' lang='lat' dir='ltr'><strong>Multo</strong></span> <span class='ocrx_word' id='word_1_523' title='bbox 2293 1557 2491 1613; x_wconf 90' lang='lat' dir='ltr'><strong>labore</strong></span> <span class='ocrx_word' id='word_1_524' title='bbox 2517 1557 2853 1626; x_wconf 81' lang='lat' dir='ltr'><strong>exacuetur,</strong></span> 
     </span>
    </p>
   </div>
   <div class='ocr_carea' id='block_1_97' title="bbox 2147 1630 3410 1703">
    <p class='ocr_par' dir='ltr' id='par_1_97' title="bbox 2147 1630 3410 1703">
     <span class='ocr_line' id='line_1_98' title="bbox 2147 1630 3410 1703; baseline 0.002 -17"><span class='ocrx_word' id='word_1_525' title='bbox 2147 1635 2207 1686; x_wconf 94' lang='lat' dir='ltr'><strong>et</strong></span> <span class='ocrx_word' id='word_1_526' title='bbox 2236 1634 2369 1701; x_wconf 90' lang='lat' dir='ltr'><strong>post</strong></span> <span class='ocrx_word' id='word_1_527' title='bbox 2398 1630 2752 1703; x_wconf 86' lang='lat' dir='ltr'><strong>industriam</strong></span> <span class='ocrx_word' id='word_1_528' title='bbox 2785 1635 3068 1703; x_wconf 89' lang='lat' dir='ltr'><strong>sequetur</strong></span> <span class='ocrx_word' id='word_1_529' title='bbox 3096 1633 3410 1703; x_wconf 85' lang='lat' dir='ltr'><strong>sapientia.</strong></span> 
     </span>
    </p>
   </div>
   <div class='ocr_carea' id='block_1_98' title="bbox 2002 1701 3089 1787">
    <p class='ocr_par' dir='ltr' id='par_1_98' title="bbox 2002 1701 3089 1787">
     <span class='ocr_line' id='line_1_99' title="bbox 2002 1701 3089 1787; baseline -0.001 -29"><span class='ocrx_word' id='word_1_530' title='bbox 2002 1721 2048 1787; x_wconf 78' lang='grc' dir='ltr'><strong>Β</strong></span> <span class='ocrx_word' id='word_1_531' title='bbox 2080 1701 2139 1758; x_wconf 85' lang='lat' dir='ltr'><strong>Si</strong></span> <span class='ocrx_word' id='word_1_532' title='bbox 2169 1703 2437 1787; x_wconf 66' lang='lat' dir='ltr'><strong>mordeat</strong></span> <span class='ocrx_word' id='word_1_533' title='bbox 2466 1718 2711 1787; x_wconf 79' lang='lat' dir='ltr'><strong>serpens</strong></span> <span class='ocrx_word' id='word_1_534' title='bbox 2739 1702 3089 1787; x_wconf 40' lang='lat' dir='ltr'><strong>Iin-silentio,</strong></span> 
     </span>
    </p>
   </div>
   <div class='ocr_carea' id='block_1_99' title="bbox 2151 1773 3531 1857">
    <p class='ocr_par' dir='ltr' id='par_1_99' title="bbox 2151 1773 3531 1857">
     <span class='ocr_line' id='line_1_100' title="bbox 2151 1773 3531 1857; baseline 0.004 -30"><span class='ocrx_word' id='word_1_535' title='bbox 2151 1773 2295 1857; x_wconf 75' lang='lat' dir='ltr'><strong>nihil</strong></span> <span class='ocrx_word' id='word_1_536' title='bbox 2328 1789 2394 1854; x_wconf 78' lang='lat' dir='ltr'><strong>eo</strong></span> <span class='ocrx_word' id='word_1_537' title='bbox 2428 1774 2626 1856; x_wconf 74' lang='lat' dir='ltr'><strong>minus</strong></span> <span class='ocrx_word' id='word_1_538' title='bbox 2659 1774 2835 1857; x_wconf 77' lang='lat' dir='ltr'><strong>habet</strong></span> <span class='ocrx_word' id='word_1_539' title='bbox 2867 1775 2965 1857; x_wconf 79' lang='lat' dir='ltr'><strong>qui</strong></span> <span class='ocrx_word' id='word_1_540' title='bbox 2993 1773 3218 1831; x_wconf 85' lang='lat' dir='ltr'><strong>occulte</strong></span> <span class='ocrx_word' id='word_1_541' title='bbox 3249 1775 3531 1832; x_wconf 86' lang='lat' dir='ltr'><strong>detrahit.</strong></span> 
     </span>
    </p>
   </div>
   <div class='ocr_carea' id='block_1_100' title="bbox 2074 1843 2997 1917">
    <p class='ocr_par' dir='ltr' id='par_1_100' title="bbox 2074 1843 2997 1917">
     <span class='ocr_line' id='line_1_101' title="bbox 2074 1843 2997 1917; baseline 0.002 -19"><span class='ocrx_word' id='word_1_542' title='bbox 2074 1844 2264 1899; x_wconf 88' lang='lat' dir='ltr'><strong>Verba</strong></span> <span class='ocrx_word' id='word_1_543' title='bbox 2293 1843 2731 1917; x_wconf 80' lang='lat' dir='ltr'><strong>orissapientis</strong></span> <span class='ocrx_word' id='word_1_544' title='bbox 2760 1843 2951 1917; x_wconf 81' lang='lat' dir='ltr'><strong>gratia</strong></span> <span class='ocrx_word' id='word_1_545' title='bbox 2983 1861 2997 1900; x_wconf 87' lang='lat'><strong>:</strong></span> 
     </span>
    </p>
   </div>
   <div class='ocr_carea' id='block_1_101' title="bbox 2149 1915 3471 1989">
    <p class='ocr_par' dir='ltr' id='par_1_101' title="bbox 2149 1915 3471 1989">
     <span class='ocr_line' id='line_1_102' title="bbox 2149 1915 3471 1989; baseline 0.005 -19"><span class='ocrx_word' id='word_1_546' title='bbox 2149 1921 2208 1989; x_wconf 89' lang='lat' dir='ltr'><strong>et</strong></span> <span class='ocrx_word' id='word_1_547' title='bbox 2238 1915 2393 1971; x_wconf 89' lang='lat' dir='ltr'><strong>labia</strong></span> <span class='ocrx_word' id='word_1_548' title='bbox 2421 1915 3239 1989; x_wconf 46' lang='lat' dir='ltr'><strong>insipientis&#39;przecipitabunt</strong></span> <span class='ocrx_word' id='word_1_549' title='bbox 3283 1935 3421 1974; x_wconf 90' lang='lat' dir='ltr'><strong>eum</strong></span> <span class='ocrx_word' id='word_1_550' title='bbox 3455 1937 3471 1976; x_wconf 89' lang='lat'><strong>:</strong></span> 
     </span>
    </p>
   </div>
   <div class='ocr_carea' id='block_1_102' title="bbox 2077 1987 3130 2060">
    <p class='ocr_par' dir='ltr' id='par_1_102' title="bbox 2077 1987 3130 2060">
     <span class='ocr_line' id='line_1_103' title="bbox 2077 1987 3130 2060; baseline 0.002 -18"><span class='ocrx_word' id='word_1_551' title='bbox 2077 1987 2317 2044; x_wconf 89' lang='lat' dir='ltr'><strong>Initium</strong></span> <span class='ocrx_word' id='word_1_552' title='bbox 2348 1987 2664 2060; x_wconf 85' lang='lat' dir='ltr'><strong>verborum</strong></span> <span class='ocrx_word' id='word_1_553' title='bbox 2695 1987 2829 2060; x_wconf 78' lang='lat' dir='ltr'><strong>ejus</strong></span> <span class='ocrx_word' id='word_1_554' title='bbox 2855 1989 3130 2053; x_wconf 89' lang='lat' dir='ltr'><strong>stultitia,</strong></span> 
     </span>
    </p>
   </div>
   <div class='ocr_carea' id='block_1_103' title="bbox 2144 2059 3498 2133">
    <p class='ocr_par' dir='ltr' id='par_1_103' title="bbox 2144 2059 3498 2133">
     <span class='ocr_line' id='line_1_104' title="bbox 2144 2059 3498 2133; baseline 0.003 -19"><span class='ocrx_word' id='word_1_555' title='bbox 2144 2065 2201 2133; x_wconf 89' lang='lat' dir='ltr'><strong>et</strong></span> <span class='ocrx_word' id='word_1_556' title='bbox 2231 2059 2618 2133; x_wconf 87' lang='lat' dir='ltr'><strong>novissimum</strong></span> <span class='ocrx_word' id='word_1_557' title='bbox 2646 2059 2960 2133; x_wconf 82' lang='lat' dir='ltr'><strong>orisillius</strong></span> <span class='ocrx_word' id='word_1_558' title='bbox 2991 2076 3153 2116; x_wconf 91' lang='lat' dir='ltr'><strong>error</strong></span> <span class='ocrx_word' id='word_1_559' title='bbox 3183 2061 3498 2133; x_wconf 90' lang='lat' dir='ltr'><strong>pessimus.</strong></span> 
     </span>
    </p>
   </div>
   <div class='ocr_carea' id='block_1_104' title="bbox 2076 2129 2915 2204">
    <p class='ocr_par' dir='ltr' id='par_1_104' title="bbox 2076 2129 2915 2204">
     <span class='ocr_line' id='line_1_105' title="bbox 2076 2129 2915 2204; baseline 0.005 -21"><span class='ocrx_word' id='word_1_560' title='bbox 2076 2129 2304 2204; x_wconf 71' lang='lat' dir='ltr'><strong>§tultus</strong></span> <span class='ocrx_word' id='word_1_561' title='bbox 2331 2131 2508 2204; x_wconf 80' lang='lat' dir='ltr'><strong>verba</strong></span> <span class='ocrx_word' id='word_1_562' title='bbox 2539 2131 2915 2204; x_wconf 86' lang='lat' dir='ltr'><strong>multiplicat.</strong></span> 
     </span>
    </p>
   </div>
   <div class='ocr_carea' id='block_1_105' title="bbox 2082 2201 3226 2274">
    <p class='ocr_par' dir='ltr' id='par_1_105' title="bbox 2082 2201 3226 2274">
     <span class='ocr_line' id='line_1_106' title="bbox 2082 2201 3226 2274; baseline 0.002 -19"><span class='ocrx_word' id='word_1_563' title='bbox 2082 2201 2318 2274; x_wconf 88' lang='lat' dir='ltr'><strong>Ignorat</strong></span> <span class='ocrx_word' id='word_1_564' title='bbox 2347 2203 2545 2266; x_wconf 90' lang='lat' dir='ltr'><strong>homo,</strong></span> <span class='ocrx_word' id='word_1_565' title='bbox 2579 2201 2732 2274; x_wconf 80' lang='lat' dir='ltr'><strong>quid</strong></span> <span class='ocrx_word' id='word_1_566' title='bbox 2754 2207 2888 2258; x_wconf 90' lang='lat' dir='ltr'><strong>ante</strong></span> <span class='ocrx_word' id='word_1_567' title='bbox 2915 2218 2976 2257; x_wconf 90' lang='lat' dir='ltr'><strong>se</strong></span> <span class='ocrx_word' id='word_1_568' title='bbox 3007 2202 3179 2258; x_wconf 86' lang='lat' dir='ltr'><strong>fuerit</strong></span> <span class='ocrx_word' id='word_1_569' title='bbox 3213 2220 3226 2257; x_wconf 91' lang='lat'><strong><em>:</em></strong></span> 
     </span>
    </p>
   </div>
   <div class='ocr_carea' id='block_1_106' title="bbox 2147 2273 3725 2399">
    <p class='ocr_par' dir='ltr' id='par_1_106' title="bbox 2147 2273 3725 2399">
     <span class='ocr_line' id='line_1_107' title="bbox 2147 2273 3725 2399; baseline 0.002 -69"><span class='ocrx_word' id='word_1_570' title='bbox 2147 2279 2204 2330; x_wconf 90' lang='lat' dir='ltr'><strong>et</strong></span> <span class='ocrx_word' id='word_1_571' title='bbox 2233 2274 2404 2399; x_wconf 64' lang='lat' dir='ltr'><strong>quod?</strong></span> <span class='ocrx_word' id='word_1_572' title='bbox 2422 2280 2554 2346; x_wconf 91' lang='lat' dir='ltr'><strong>post</strong></span> <span class='ocrx_word' id='word_1_573' title='bbox 2585 2273 2847 2330; x_wconf 82' lang='lat' dir='ltr'><strong>futurum</strong></span> <span class='ocrx_word' id='word_1_574' title='bbox 2877 2279 2989 2342; x_wconf 90' lang='lat' dir='ltr'><strong>est,</strong></span> <span class='ocrx_word' id='word_1_575' title='bbox 3024 2274 3159 2345; x_wconf 82' lang='lat' dir='ltr'><strong>quis</strong></span> <span class='ocrx_word' id='word_1_576' title='bbox 3191 2273 3277 2330; x_wconf 93' lang='lat' dir='ltr'><strong>illi</strong></span> <span class='ocrx_word' id='word_1_577' title='bbox 3309 2275 3524 2346; x_wconf 88' lang='lat' dir='ltr'><strong>poterit</strong></span> <span class='ocrx_word' id='word_1_578' title='bbox 3573 2275 3725 2333; x_wconf 89' lang='lat' dir='ltr'><strong>indi-</strong></span> 
     </span>
     <span class='ocr_line' id='line_1_108' title="bbox 2224 2361 2358 2399; baseline 0 0"><span class='ocrx_word' id='word_1_579' title='bbox 2224 2361 2358 2399; x_wconf 89' lang='lat' dir='ltr'><strong>care</strong></span> 
     </span>
    </p>
   </div>
   <div class='ocr_carea' id='block_1_107' title="bbox 2224 2361 2358 2400">
    <p class='ocr_par' dir='ltr' id='par_1_107' title="bbox 2224 2361 2358 2400">
     <span class='ocr_line' id='line_1_109' title="bbox 2224 2361 2358 2400; baseline 0 0"><span class='ocrx_word' id='word_1_580' title='bbox 2224 2361 2358 2400; x_wconf 88' lang='lat' dir='ltr'><strong>care</strong></span> 
     </span>
    </p>
   </div>
   <div class='ocr_carea' id='block_1_108' title="bbox 2080 2415 3018 2488">
    <p class='ocr_par' dir='ltr' id='par_1_108' title="bbox 2080 2415 3018 2488">
     <span class='ocr_line' id='line_1_110' title="bbox 2080 2415 3018 2488; baseline 0 -16"><span class='ocrx_word' id='word_1_581' title='bbox 2080 2417 2271 2473; x_wconf 90' lang='lat' dir='ltr'><strong>Labor</strong></span> <span class='ocrx_word' id='word_1_582' title='bbox 2301 2415 2618 2488; x_wconf 88' lang='lat' dir='ltr'><strong>stultorum</strong></span> <span class='ocrx_word' id='word_1_583' title='bbox 2647 2416 2868 2488; x_wconf 86' lang='lat' dir='ltr'><strong>afﬂiget</strong></span> <span class='ocrx_word' id='word_1_584' title='bbox 2895 2433 3018 2481; x_wconf 90' lang='lat' dir='ltr'><strong>eos,</strong></span> 
     </span>
    </p>
   </div>
   <div class='ocr_carea' id='block_1_109' title="bbox 2150 2487 3167 2560">
    <p class='ocr_par' dir='ltr' id='par_1_109' title="bbox 2150 2487 3167 2560">
     <span class='ocr_line' id='line_1_111' title="bbox 2150 2487 3167 2560; baseline -0.001 -17"><span class='ocrx_word' id='word_1_585' title='bbox 2150 2489 2250 2559; x_wconf 93' lang='lat' dir='ltr'><strong>qui</strong></span> <span class='ocrx_word' id='word_1_586' title='bbox 2285 2487 2554 2543; x_wconf 89' lang='lat' dir='ltr'><strong>nesciunt</strong></span> <span class='ocrx_word' id='word_1_587' title='bbox 2579 2488 2636 2542; x_wconf 91' lang='lat' dir='ltr'><strong>in</strong></span> <span class='ocrx_word' id='word_1_588' title='bbox 2668 2487 2874 2544; x_wconf 79' lang='lat' dir='ltr'><strong>urbem</strong></span> <span class='ocrx_word' id='word_1_589' title='bbox 2907 2504 3167 2560; x_wconf 80' lang='lat' dir='ltr'><strong>pergere.</strong></span> 
     </span>
    </p>
   </div>
   <div class='ocr_carea' id='block_1_110' title="bbox 2077 2559 3190 2631">
    <p class='ocr_par' dir='ltr' id='par_1_110' title="bbox 2077 2559 3190 2631">
     <span class='ocr_line' id='line_1_112' title="bbox 2077 2559 3190 2631; baseline 0 -18"><span class='ocrx_word' id='word_1_590' title='bbox 2077 2559 2173 2614; x_wconf 66' lang='lat' dir='ltr'><strong>Va:</strong></span> <span class='ocrx_word' id='word_1_591' title='bbox 2205 2560 2332 2626; x_wconf 92' lang='lat' dir='ltr'><strong>tibi,</strong></span> <span class='ocrx_word' id='word_1_592' title='bbox 2364 2564 2538 2625; x_wconf 87' lang='lat' dir='ltr'><strong>terra,</strong></span> <span class='ocrx_word' id='word_1_593' title='bbox 2572 2561 2742 2628; x_wconf 89' lang='lat' dir='ltr'><strong>cujus</strong></span> <span class='ocrx_word' id='word_1_594' title='bbox 2773 2577 2874 2615; x_wconf 87' lang='lat' dir='ltr'><strong>rex</strong></span> <span class='ocrx_word' id='word_1_595' title='bbox 2903 2559 2992 2616; x_wconf 87' lang='lat' dir='ltr'><strong>est</strong></span> <span class='ocrx_word' id='word_1_596' title='bbox 3023 2576 3190 2631; x_wconf 89' lang='lat' dir='ltr'><strong>puer,</strong></span> 
     </span>
    </p>
   </div>
   <div class='ocr_carea' id='block_1_111' title="bbox 2149 2631 3317 2702">
    <p class='ocr_par' dir='ltr' id='par_1_111' title="bbox 2149 2631 3317 2702">
     <span class='ocr_line' id='line_1_113' title="bbox 2149 2631 3317 2702; baseline 0.001 -17"><span class='ocrx_word' id='word_1_597' title='bbox 2149 2637 2208 2686; x_wconf 93' lang='lat' dir='ltr'><strong>et</strong></span> <span class='ocrx_word' id='word_1_598' title='bbox 2238 2632 2410 2701; x_wconf 90' lang='lat' dir='ltr'><strong>cujus</strong></span> <span class='ocrx_word' id='word_1_599' title='bbox 2445 2631 2743 2702; x_wconf 90' lang='lat' dir='ltr'><strong>principes</strong></span> <span class='ocrx_word' id='word_1_600' title='bbox 2776 2648 2948 2687; x_wconf 90' lang='lat' dir='ltr'><strong>mane</strong></span> <span class='ocrx_word' id='word_1_601' title='bbox 2979 2632 3317 2687; x_wconf 84' lang='lat' dir='ltr'><strong>comedunt.</strong></span> 
     </span>
    </p>
   </div>
   <div class='ocr_carea' id='block_1_112' title="bbox 2078 2702 3181 2772">
    <p class='ocr_par' dir='ltr' id='par_1_112' title="bbox 2078 2702 3181 2772">
     <span class='ocr_line' id='line_1_114' title="bbox 2078 2702 3181 2772; baseline -0.003 -13"><span class='ocrx_word' id='word_1_602' title='bbox 2078 2705 2256 2759; x_wconf 88' lang='lat' dir='ltr'><strong>Beata</strong></span> <span class='ocrx_word' id='word_1_603' title='bbox 2286 2707 2463 2769; x_wconf 91' lang='lat' dir='ltr'><strong>terra,</strong></span> <span class='ocrx_word' id='word_1_604' title='bbox 2493 2703 2667 2772; x_wconf 89' lang='lat' dir='ltr'><strong>cujus</strong></span> <span class='ocrx_word' id='word_1_605' title='bbox 2699 2719 2796 2758; x_wconf 83' lang='lat' dir='ltr'><strong>rex</strong></span> <span class='ocrx_word' id='word_1_606' title='bbox 2827 2702 3039 2757; x_wconf 89' lang='lat' dir='ltr'><strong>nobilis</strong></span> <span class='ocrx_word' id='word_1_607' title='bbox 3073 2708 3181 2768; x_wconf 87' lang='lat' dir='ltr'><strong>est,</strong></span> 
     </span>
    </p>
   </div>
   <div class='ocr_carea' id='block_1_113' title="bbox 2151 2774 3618 2846">
    <p class='ocr_par' dir='ltr' id='par_1_113' title="bbox 2151 2774 3618 2846">
     <span class='ocr_line' id='line_1_115' title="bbox 2151 2774 3618 2846; baseline 0.001 -18"><span class='ocrx_word' id='word_1_608' title='bbox 2151 2778 2206 2828; x_wconf 90' lang='lat' dir='ltr'><strong>et</strong></span> <span class='ocrx_word' id='word_1_609' title='bbox 2235 2775 2408 2844; x_wconf 92' lang='lat' dir='ltr'><strong>cujus</strong></span> <span class='ocrx_word' id='word_1_610' title='bbox 2442 2774 2736 2845; x_wconf 90' lang='lat' dir='ltr'><strong>principes</strong></span> <span class='ocrx_word' id='word_1_611' title='bbox 2767 2779 3084 2846; x_wconf 88' lang='lat' dir='ltr'><strong>vescuntur</strong></span> <span class='ocrx_word' id='word_1_612' title='bbox 3112 2774 3172 2828; x_wconf 93' lang='lat' dir='ltr'><strong>in</strong></span> <span class='ocrx_word' id='word_1_613' title='bbox 3202 2778 3460 2846; x_wconf 87' lang='lat' dir='ltr'><strong>tempore</strong></span> <span class='ocrx_word' id='word_1_614' title='bbox 3490 2791 3618 2845; x_wconf 90' lang='lat' dir='ltr'><strong>suo,</strong></span> 
     </span>
    </p>
   </div>
   <div class='ocr_carea' id='block_1_114' title="bbox 2151 2845 3351 2914">
    <p class='ocr_par' dir='ltr' id='par_1_114' title="bbox 2151 2845 3351 2914">
     <span class='ocr_line' id='line_1_116' title="bbox 2151 2845 3351 2914; baseline 0.004 -14"><span class='ocrx_word' id='word_1_615' title='bbox 2151 2846 2221 2900; x_wconf 91' lang='lat' dir='ltr'><strong>ad</strong></span> <span class='ocrx_word' id='word_1_616' title='bbox 2255 2846 2658 2914; x_wconf 86' lang='lat' dir='ltr'><strong>reﬁciendum,</strong></span> <span class='ocrx_word' id='word_1_617' title='bbox 2690 2851 2745 2901; x_wconf 92' lang='lat' dir='ltr'><strong>et</strong></span> <span class='ocrx_word' id='word_1_618' title='bbox 2779 2862 2892 2901; x_wconf 92' lang='lat' dir='ltr'><strong>non</strong></span> <span class='ocrx_word' id='word_1_619' title='bbox 2923 2846 2996 2900; x_wconf 92' lang='lat' dir='ltr'><strong>ad</strong></span> <span class='ocrx_word' id='word_1_620' title='bbox 3031 2845 3351 2905; x_wconf 71' lang='lat' dir='ltr'><strong>luxuriam.</strong></span> 
     </span>
    </p>
   </div>
   <div class='ocr_carea' id='block_1_115' title="bbox 2079 2916 3290 2989">
    <p class='ocr_par' dir='ltr' id='par_1_115' title="bbox 2079 2916 3290 2989">
     <span class='ocr_line' id='line_1_117' title="bbox 2079 2916 3290 2989; baseline 0 -16"><span class='ocrx_word' id='word_1_621' title='bbox 2079 2916 2144 2973; x_wconf 91' lang='lat' dir='ltr'><strong>In</strong></span> <span class='ocrx_word' id='word_1_622' title='bbox 2178 2916 2434 2988; x_wconf 89' lang='lat' dir='ltr'><strong>pigritiis</strong></span> <span class='ocrx_word' id='word_1_623' title='bbox 2463 2917 2894 2972; x_wconf 89' lang='lat' dir='ltr'><strong>humiliabitur</strong></span> <span class='ocrx_word' id='word_1_624' title='bbox 2928 2918 3290 2989; x_wconf 77' lang='lat' dir='ltr'><strong>contignatio</strong></span> 
     </span>
    </p>
   </div>
   <div class='ocr_carea' id='block_1_116' title="bbox 2150 2962 3648 3060">
    <p class='ocr_par' dir='ltr' id='par_1_116' title="bbox 2150 2962 3648 3060">
     <span class='ocr_line' id='line_1_118' title="bbox 2150 2962 3648 3060; baseline 0.001 -16"><span class='ocrx_word' id='word_1_625' title='bbox 2150 2962 2211 3044; x_wconf 58' lang='lat' dir='ltr'><strong>et</strong></span> <span class='ocrx_word' id='word_1_626' title='bbox 2237 2962 2297 3042; x_wconf 56' lang='lat' dir='ltr'><strong>ian</strong></span> <span class='ocrx_word' id='word_1_627' title='bbox 2331 2989 2678 3044; x_wconf 89' lang='lat' dir='ltr'><strong>inﬁrmitate</strong></span> <span class='ocrx_word' id='word_1_628' title='bbox 2709 3006 2994 3044; x_wconf 91' lang='lat' dir='ltr'><strong>manuum</strong></span> <span class='ocrx_word' id='word_1_629' title='bbox 3028 2962 3382 3060; x_wconf 44' lang='lat' dir='ltr'><strong>peli‘stillabit</strong></span> <span class='ocrx_word' id='word_1_630' title='bbox 3411 2989 3648 3046; x_wconf 90' lang='lat' dir='ltr'><strong>domus.</strong></span> 
     </span>
    </p>
   </div>
   <div class='ocr_carea' id='block_1_117' title="bbox 2003 3059 3729 3156">
    <p class='ocr_par' dir='ltr' id='par_1_117' title="bbox 2003 3059 3729 3156">
     <span class='ocr_line' id='line_1_119' title="bbox 2003 3059 3729 3156; baseline -0.001 -40"><span class='ocrx_word' id='word_1_631' title='bbox 2003 3090 2046 3156; x_wconf 65' lang='grc' dir='ltr'><strong>ρ</strong></span> <span class='ocrx_word' id='word_1_632' title='bbox 2086 3061 2153 3116; x_wconf 90' lang='lat' dir='ltr'><strong>In</strong></span> <span class='ocrx_word' id='word_1_633' title='bbox 2187 3060 2632 3156; x_wconf 33' lang='lat' dir='ltr'><strong>risu—maiasiunt</strong></span> <span class='ocrx_word' id='word_1_634' title='bbox 2661 3067 2957 3133; x_wconf 89' lang='lat' dir='ltr'><strong>panem,et</strong></span> <span class='ocrx_word' id='word_1_635' title='bbox 2986 3059 3188 3116; x_wconf 85' lang='lat' dir='ltr'><strong>vinum</strong></span> <span class='ocrx_word' id='word_1_636' title='bbox 3223 3066 3288 3116; x_wconf 95' lang='lat' dir='ltr'><strong>ut</strong></span> <span class='ocrx_word' id='word_1_637' title='bbox 3315 3061 3627 3134; x_wconf 80' lang='lat' dir='ltr'><strong>epulantur</strong></span> <span class='ocrx_word' id='word_1_638' title='bbox 3654 3059 3729 3117; x_wconf 85' lang='lat' dir='ltr'><strong>vi-</strong></span> 
     </span>
    </p>
   </div>
   <div class='ocr_carea' id='block_1_118' title="bbox 2226 3133 2532 3186">
    <p class='ocr_par' dir='ltr' id='par_1_118' title="bbox 2226 3133 2532 3186">
     <span class='ocr_line' id='line_1_120' title="bbox 2226 3133 2532 3186; baseline 0.007 -2"><span class='ocrx_word' id='word_1_639' title='bbox 2226 3136 2429 3186; x_wconf 89' lang='lat' dir='ltr'><strong>ventes</strong></span> <span class='ocrx_word' id='word_1_640' title='bbox 2462 3133 2482 3166; x_wconf 78' lang='grc'><strong>²</strong></span> <span class='ocrx_word' id='word_1_641' title='bbox 2519 3149 2532 3186; x_wconf 91' lang='lat'><strong>:</strong></span> 
     </span>
    </p>
   </div>
   <div class='ocr_carea' id='block_1_119' title="bbox 2153 3203 3065 3274">
    <p class='ocr_par' dir='ltr' id='par_1_119' title="bbox 2153 3203 3065 3274">
     <span class='ocr_line' id='line_1_121' title="bbox 2153 3203 3065 3274; baseline 0.001 -16"><span class='ocrx_word' id='word_1_642' title='bbox 2153 3205 2211 3258; x_wconf 89' lang='lat' dir='ltr'><strong>et</strong></span> <span class='ocrx_word' id='word_1_643' title='bbox 2243 3203 2500 3274; x_wconf 75' lang='lat' dir='ltr'><strong>pecuniae</strong></span> <span class='ocrx_word' id='word_1_644' title='bbox 2533 3203 2816 3260; x_wconf 89' lang='lat' dir='ltr'><strong>obediunt</strong></span> <span class='ocrx_word' id='word_1_645' title='bbox 2845 3203 3065 3259; x_wconf 89' lang='lat' dir='ltr'><strong>omnia.</strong></span> 
     </span>
    </p>
   </div>
   <div class='ocr_carea' id='block_1_120' title="bbox 2082 3274 3234 3348">
    <p class='ocr_par' dir='ltr' id='par_1_120' title="bbox 2082 3274 3234 3348">
     <span class='ocr_line' id='line_1_122' title="bbox 2082 3274 3234 3348; baseline 0.001 -19"><span class='ocrx_word' id='word_1_646' title='bbox 2082 3275 2146 3329; x_wconf 93' lang='lat' dir='ltr'><strong>In</strong></span> <span class='ocrx_word' id='word_1_647' title='bbox 2177 3275 2528 3348; x_wconf 85' lang='lat' dir='ltr'><strong>cogitatione</strong></span> <span class='ocrx_word' id='word_1_648' title='bbox 2558 3281 2667 3348; x_wconf 90' lang='lat' dir='ltr'><strong>tua</strong></span> <span class='ocrx_word' id='word_1_649' title='bbox 2689 3275 2810 3348; x_wconf 88' lang='lat' dir='ltr'><strong>regi</strong></span> <span class='ocrx_word' id='word_1_650' title='bbox 2839 3292 2911 3330; x_wconf 91' lang='lat' dir='ltr'><strong>ne</strong></span> <span class='ocrx_word' id='word_1_651' title='bbox 2940 3274 3234 3348; x_wconf 83' lang='lat' dir='ltr'><strong>detrahas,</strong></span> 
     </span>
    </p>
   </div>
   <div class='ocr_carea' id='block_1_121' title="bbox 2153 3346 3686 3404">
    <p class='ocr_par' dir='ltr' id='par_1_121' title="bbox 2153 3346 3686 3404">
     <span class='ocr_line' id='line_1_123' title="bbox 2153 3346 3686 3404; baseline 0.001 -3"><span class='ocrx_word' id='word_1_652' title='bbox 2153 3350 2209 3401; x_wconf 89' lang='lat' dir='ltr'><strong>et</strong></span> <span class='ocrx_word' id='word_1_653' title='bbox 2239 3346 2296 3401; x_wconf 81' lang='lat' dir='ltr'><strong>in</strong></span> <span class='ocrx_word' id='word_1_654' title='bbox 2332 3346 2553 3404; x_wconf 84' lang='lat' dir='ltr'><strong>secreto</strong></span> <span class='ocrx_word' id='word_1_655' title='bbox 2582 3346 2837 3402; x_wconf 78' lang='lat' dir='ltr'><strong>cubicUli</strong></span> <span class='ocrx_word' id='word_1_656' title='bbox 2870 3347 2953 3402; x_wconf 91' lang='lat' dir='ltr'><strong>tui</strong></span> <span class='ocrx_word' id='word_1_657' title='bbox 2989 3363 3060 3403; x_wconf 91' lang='lat' dir='ltr'><strong>ne</strong></span> <span class='ocrx_word' id='word_1_658' title='bbox 3093 3346 3466 3404; x_wconf 86' lang='lat' dir='ltr'><strong>maledixeris</strong></span> <span class='ocrx_word' id='word_1_659' title='bbox 3496 3347 3686 3404; x_wconf 85' lang='lat' dir='ltr'><strong>diviti.</strong></span> 
     </span>
    </p>
   </div>
   <div class='ocr_carea' id='block_1_122' title="bbox 2083 3416 3272 3491">
    <p class='ocr_par' dir='ltr' id='par_1_122' title="bbox 2083 3416 3272 3491">
     <span class='ocr_line' id='line_1_124' title="bbox 2083 3416 3272 3491; baseline 0.001 -19"><span class='ocrx_word' id='word_1_660' title='bbox 2083 3416 2231 3483; x_wconf 89' lang='lat' dir='ltr'><strong>Quia</strong></span> <span class='ocrx_word' id='word_1_661' title='bbox 2261 3418 2388 3491; x_wconf 85' lang='lat' dir='ltr'><strong>avis</strong></span> <span class='ocrx_word' id='word_1_662' title='bbox 2415 3419 2543 3474; x_wconf 76' lang='grc' dir='ltr'><strong>οωιί</strong></span> <span class='ocrx_word' id='word_1_663' title='bbox 2576 3420 2830 3491; x_wconf 84' lang='lat' dir='ltr'><strong>portabit</strong></span> <span class='ocrx_word' id='word_1_664' title='bbox 2855 3435 3055 3474; x_wconf 90' lang='lat' dir='ltr'><strong>vocem</strong></span> <span class='ocrx_word' id='word_1_665' title='bbox 3079 3422 3272 3491; x_wconf 86' lang='lat' dir='ltr'><strong>tuam,</strong></span> 
     </span>
    </p>
   </div>
   <div class='ocr_carea' id='block_1_123' title="bbox 2153 3489 3624 3562">
    <p class='ocr_par' dir='ltr' id='par_1_123' title="bbox 2153 3489 3624 3562">
     <span class='ocr_line' id='line_1_125' title="bbox 2153 3489 3624 3562; baseline 0.001 -19"><span class='ocrx_word' id='word_1_666' title='bbox 2153 3494 2211 3544; x_wconf 91' lang='lat' dir='ltr'><strong>et</strong></span> <span class='ocrx_word' id='word_1_667' title='bbox 2241 3489 2344 3562; x_wconf 86' lang='lat' dir='ltr'><strong>qui</strong></span> <span class='ocrx_word' id='word_1_668' title='bbox 2379 3490 2554 3546; x_wconf 89' lang='lat' dir='ltr'><strong>habet</strong></span> <span class='ocrx_word' id='word_1_669' title='bbox 2582 3489 2807 3562; x_wconf 86' lang='lat' dir='ltr'><strong>pennas</strong></span> <span class='ocrx_word' id='word_1_670' title='bbox 2839 3490 3218 3546; x_wconf 89' lang='lat' dir='ltr'><strong>annuntiabit</strong></span> <span class='ocrx_word' id='word_1_671' title='bbox 3249 3489 3624 3545; x_wconf 90' lang='lat' dir='ltr'><strong>sententiam.</strong></span> 
     </span>
    </p>
   </div>
   <div class='ocr_carea' id='block_1_124' title="bbox 2084 3560 3642 3635">
    <p class='ocr_par' dir='ltr' id='par_1_124' title="bbox 2084 3560 3642 3635">
     <span class='ocr_line' id='line_1_126' title="bbox 2084 3560 3642 3635; baseline 0.001 -19"><span class='ocrx_word' id='word_1_672' title='bbox 2084 3560 2242 3633; x_wconf 87' lang='lat' dir='ltr'><strong>(Cap.</strong></span> <span class='ocrx_word' id='word_1_673' title='bbox 2262 3560 2391 3629; x_wconf 34' lang='lat' dir='ltr'><strong>’XI.)</strong></span> <span class='ocrx_word' id='word_1_674' title='bbox 2419 3560 2599 3618; x_wconf 51' lang='lat' dir='ltr'><strong>Mitte&#39;</strong></span> <span class='ocrx_word' id='word_1_675' title='bbox 2615 3579 2826 3635; x_wconf 91' lang='lat' dir='ltr'><strong>panem</strong></span> <span class='ocrx_word' id='word_1_676' title='bbox 2861 3567 3028 3618; x_wconf 90' lang='lat' dir='ltr'><strong>tuum</strong></span> <span class='ocrx_word' id='word_1_677' title='bbox 3060 3579 3238 3634; x_wconf 91' lang='lat' dir='ltr'><strong>super</strong></span> <span class='ocrx_word' id='word_1_678' title='bbox 3261 3566 3642 3618; x_wconf 87' lang='lat' dir='ltr'><strong>transeuntes</strong></span> 
     </span>
    </p>
   </div>
   <div class='ocr_carea' id='block_1_125' title="bbox 2226 3649 2462 3688">
    <p class='ocr_par' dir='ltr' id='par_1_125' title="bbox 2226 3649 2462 3688">
     <span class='ocr_line' id='line_1_127' title="bbox 2226 3649 2462 3688; baseline -0.004 0"><span class='ocrx_word' id='word_1_679' title='bbox 2226 3649 2462 3688; x_wconf 71' lang='lat'><strong>80088!</strong></span> 
     </span>
    </p>
   </div>
   <div class='ocr_carea' id='block_1_126' title="bbox 2159 3649 3482 3775">
    <p class='ocr_par' dir='ltr' id='par_1_126' title="bbox 2159 3649 3482 3775">
     <span class='ocr_line' id='line_1_128' title="bbox 2226 3649 2462 3688; baseline -0.004 0"><span class='ocrx_word' id='word_1_680' title='bbox 2226 3649 2260 3687; x_wconf 89' lang='lat' dir='ltr'><strong>a</strong></span> <span class='ocrx_word' id='word_1_681' title='bbox 2309 3650 2412 3688; x_wconf 89' lang='lat' dir='ltr'><strong>uas</strong></span> <span class='ocrx_word' id='word_1_682' title='bbox 2449 3649 2462 3687; x_wconf 89' lang='lat'><strong>:</strong></span> 
     </span>
     <span class='ocr_line' id='line_1_129' title="bbox 2159 3649 3482 3775; baseline 0.002 -18"><span class='ocrx_word' id='word_1_683' title='bbox 2159 3649 2300 3775; x_wconf 54' lang='lat' dir='ltr'><strong>qui;l</strong></span> <span class='ocrx_word' id='word_1_684' title='bbox 2331 3708 2462 3775; x_wconf 90' lang='lat' dir='ltr'><strong>post</strong></span> <span class='ocrx_word' id='word_1_685' title='bbox 2493 3702 2677 3758; x_wconf 87' lang='lat' dir='ltr'><strong>multa</strong></span> <span class='ocrx_word' id='word_1_686' title='bbox 2708 3708 2973 3774; x_wconf 83' lang='lat' dir='ltr'><strong>tempora</strong></span> <span class='ocrx_word' id='word_1_687' title='bbox 3003 3704 3264 3759; x_wconf 91' lang='lat' dir='ltr'><strong>invenies</strong></span> <span class='ocrx_word' id='word_1_688' title='bbox 3295 3703 3482 3759; x_wconf 90' lang='lat' dir='ltr'><strong>illum.</strong></span> 
     </span>
    </p>
   </div>
   <div class='ocr_carea' id='block_1_127' title="bbox 2085 3774 3258 3845">
    <p class='ocr_par' dir='ltr' id='par_1_127' title="bbox 2085 3774 3258 3845">
     <span class='ocr_line' id='line_1_130' title="bbox 2085 3774 3258 3845; baseline -0.003 -15"><span class='ocrx_word' id='word_1_689' title='bbox 2085 3774 2424 3845; x_wconf 31' lang='lat' dir='ltr'><strong>Da’partem</strong></span> <span class='ocrx_word' id='word_1_690' title='bbox 2457 3780 2701 3844; x_wconf 87' lang='lat' dir='ltr'><strong>septem,</strong></span> <span class='ocrx_word' id='word_1_691' title='bbox 2736 3791 2959 3830; x_wconf 89' lang='lat' dir='ltr'><strong>necnon</strong></span> <span class='ocrx_word' id='word_1_692' title='bbox 2992 3780 3051 3830; x_wconf 91' lang='lat' dir='ltr'><strong>et</strong></span> <span class='ocrx_word' id='word_1_693' title='bbox 3081 3781 3210 3830; x_wconf 90' lang='lat' dir='ltr'><strong>octo</strong></span> <span class='ocrx_word' id='word_1_694' title='bbox 3246 3791 3258 3827; x_wconf 93' lang='lat'><strong>:</strong></span> 
     </span>
    </p>
   </div>
   <div class='ocr_carea' id='block_1_128' title="bbox 2155 3845 3736 3918">
    <p class='ocr_par' dir='ltr' id='par_1_128' title="bbox 2155 3845 3736 3918">
     <span class='ocr_line' id='line_1_131' title="bbox 2155 3845 3736 3918; baseline 0 -18"><span class='ocrx_word' id='word_1_695' title='bbox 2155 3847 2295 3918; x_wconf 83' lang='lat' dir='ltr'><strong>quia</strong></span> <span class='ocrx_word' id='word_1_696' title='bbox 2314 3847 2549 3918; x_wconf 90' lang='lat' dir='ltr'><strong>ignoras</strong></span> <span class='ocrx_word' id='word_1_697' title='bbox 2571 3845 2712 3918; x_wconf 83' lang='lat' dir='ltr'><strong>quid</strong></span> <span class='ocrx_word' id='word_1_698' title='bbox 2740 3846 3003 3900; x_wconf 87' lang='lat' dir='ltr'><strong>futurum</strong></span> <span class='ocrx_word' id='word_1_699' title='bbox 3032 3846 3111 3900; x_wconf 90' lang='lat' dir='ltr'><strong>sit</strong></span> <span class='ocrx_word' id='word_1_700' title='bbox 3134 3845 3271 3900; x_wconf 89' lang='lat' dir='ltr'><strong>mali</strong></span> <span class='ocrx_word' id='word_1_701' title='bbox 3294 3861 3472 3916; x_wconf 88' lang='lat' dir='ltr'><strong>super</strong></span> <span class='ocrx_word' id='word_1_702' title='bbox 3501 3850 3736 3901; x_wconf 89' lang='lat' dir='ltr'><strong>terram.</strong></span> 
     </span>
    </p>
   </div>
   <div class='ocr_carea' id='block_1_129' title="bbox 2086 3915 2902 3978">
    <p class='ocr_par' dir='ltr' id='par_1_129' title="bbox 2086 3915 2902 3978">
     <span class='ocr_line' id='line_1_132' title="bbox 2086 3915 2902 3978; baseline 0 -6"><span class='ocrx_word' id='word_1_703' title='bbox 2086 3915 2146 3972; x_wconf 90' lang='lat' dir='ltr'><strong>Si</strong></span> <span class='ocrx_word' id='word_1_704' title='bbox 2177 3915 2413 3978; x_wconf 67' lang='lat' dir='ltr'><strong>repletae</strong></span> <span class='ocrx_word' id='word_1_705' title='bbox 2446 3915 2662 3972; x_wconf 87' lang='lat' dir='ltr'><strong>fuerint</strong></span> <span class='ocrx_word' id='word_1_706' title='bbox 2693 3917 2902 3978; x_wconf 88' lang='lat' dir='ltr'><strong>nubes,</strong></span> 
     </span>
    </p>
   </div>
   <div class='ocr_carea' id='block_1_130' title="bbox 2157 3986 3214 4058">
    <p class='ocr_par' dir='ltr' id='par_1_130' title="bbox 2157 3986 3214 4058">
     <span class='ocr_line' id='line_1_133' title="bbox 2157 3986 3214 4058; baseline -0.002 -16"><span class='ocrx_word' id='word_1_707' title='bbox 2157 3986 2406 4043; x_wconf 91' lang='lat' dir='ltr'><strong>imbrem</strong></span> <span class='ocrx_word' id='word_1_708' title='bbox 2435 4004 2612 4058; x_wconf 92' lang='lat' dir='ltr'><strong>super</strong></span> <span class='ocrx_word' id='word_1_709' title='bbox 2642 3992 2856 4043; x_wconf 86' lang='lat' dir='ltr'><strong>terram</strong></span> <span class='ocrx_word' id='word_1_710' title='bbox 2892 3986 3214 4043; x_wconf 79' lang='lat' dir='ltr'><strong>effundent.</strong></span> 
     </span>
    </p>
   </div>
   <div class='ocr_carea' id='block_1_131' title="bbox 2047 4056 3734 4138">
    <p class='ocr_par' dir='ltr' id='par_1_131' title="bbox 2047 4056 3734 4138">
     <span class='ocr_line' id='line_1_134' title="bbox 2047 4056 3734 4138; baseline 0.001 -25"><span class='ocrx_word' id='word_1_711' title='bbox 2047 4131 2054 4138; x_wconf 27' lang='lat'><em>.</em></span> <span class='ocrx_word' id='word_1_712' title='bbox 2086 4058 2143 4113; x_wconf 87' lang='lat' dir='ltr'><strong>Si</strong></span> <span class='ocrx_word' id='word_1_713' title='bbox 2163 4061 2446 4138; x_wconf 75' lang='lat' dir='ltr'><strong>ceciderit</strong></span> <span class='ocrx_word' id='word_1_714' title='bbox 2477 4056 2703 4138; x_wconf 80' lang='lat' dir='ltr'><strong>lignum</strong></span> <span class='ocrx_word' id='word_1_715' title='bbox 2735 4061 2805 4115; x_wconf 92' lang='lat' dir='ltr'><strong>ad</strong></span> <span class='ocrx_word' id='word_1_716' title='bbox 2840 4062 3241 4138; x_wconf 71' lang='lat' dir='ltr'><strong>austru_m,sut</strong></span> <span class='ocrx_word' id='word_1_717' title='bbox 3269 4057 3339 4138; x_wconf 74' lang='lat' dir='ltr'><strong>ad</strong></span> <span class='ocrx_word' id='word_1_718' title='bbox 3373 4056 3734 4131; x_wconf 88' lang='lat' dir='ltr'><strong>aquilonem,</strong></span> 
     </span>
    </p>
   </div>
   <div class='ocr_carea' id='block_1_132' title="bbox 2159 4129 3356 4203">
    <p class='ocr_par' dir='ltr' id='par_1_132' title="bbox 2159 4129 3356 4203">
     <span class='ocr_line' id='line_1_135' title="bbox 2159 4129 3356 4203; baseline -0.001 -18"><span class='ocrx_word' id='word_1_719' title='bbox 2159 4132 2218 4186; x_wconf 90' lang='lat' dir='ltr'><strong>in</strong></span> <span class='ocrx_word' id='word_1_720' title='bbox 2250 4129 2604 4203; x_wconf 75' lang='lat' dir='ltr'><strong>quocunque</strong></span> <span class='ocrx_word' id='word_1_721' title='bbox 2629 4131 2757 4186; x_wconf 92' lang='lat' dir='ltr'><strong>loco</strong></span> <span class='ocrx_word' id='word_1_722' title='bbox 2789 4129 3084 4194; x_wconf 89' lang='lat' dir='ltr'><strong>ceciderit,</strong></span> <span class='ocrx_word' id='word_1_723' title='bbox 3104 4130 3195 4203; x_wconf 83' lang='lat' dir='ltr'><strong>ibi</strong></span> <span class='ocrx_word' id='word_1_724' title='bbox 3227 4130 3356 4186; x_wconf 90' lang='lat' dir='ltr'><strong>erit.</strong></span> 
     </span>
    </p>
   </div>
   <div class='ocr_carea' id='block_1_133' title="bbox 2086 4201 3274 4269">
    <p class='ocr_par' dir='ltr' id='par_1_133' title="bbox 2086 4201 3274 4269">
     <span class='ocr_line' id='line_1_136' title="bbox 2086 4201 3274 4269; baseline -0.002 -11"><span class='ocrx_word' id='word_1_725' title='bbox 2086 4203 2192 4268; x_wconf 94' lang='lat' dir='ltr'><strong>Qui</strong></span> <span class='ocrx_word' id='word_1_726' title='bbox 2226 4201 2789 4269; x_wconf 53' lang='lat' dir='ltr'><strong>observat&#39;ventum,</strong></span> <span class='ocrx_word' id='word_1_727' title='bbox 2822 4219 2935 4258; x_wconf 93' lang='lat' dir='ltr'><strong>non</strong></span> <span class='ocrx_word' id='word_1_728' title='bbox 2969 4201 3225 4257; x_wconf 89' lang='lat' dir='ltr'><strong>seminat</strong></span> <span class='ocrx_word' id='word_1_729' title='bbox 3261 4219 3274 4256; x_wconf 88' lang='lat'><strong>:</strong></span> 
     </span>
    </p>
   </div>
   <div class='ocr_carea' id='block_1_134' title="bbox 2156 4275 3506 4346">
    <p class='ocr_par' dir='ltr' id='par_1_134' title="bbox 2156 4275 3506 4346">
     <span class='ocr_line' id='line_1_137' title="bbox 2156 4275 3506 4346; baseline -0.001 -16"><span class='ocrx_word' id='word_1_730' title='bbox 2156 4279 2211 4330; x_wconf 90' lang='lat' dir='ltr'><strong>et</strong></span> <span class='ocrx_word' id='word_1_731' title='bbox 2241 4275 2340 4346; x_wconf 91' lang='lat' dir='ltr'><strong>qui</strong></span> <span class='ocrx_word' id='word_1_732' title='bbox 2372 4275 2704 4344; x_wconf 89' lang='lat' dir='ltr'><strong>considerat</strong></span> <span class='ocrx_word' id='word_1_733' title='bbox 2733 4275 2940 4346; x_wconf 88' lang='lat' dir='ltr'><strong>nubes,</strong></span> <span class='ocrx_word' id='word_1_734' title='bbox 2973 4289 3278 4346; x_wconf 89' lang='lat' dir='ltr'><strong>nunquam</strong></span> <span class='ocrx_word' id='word_1_735' title='bbox 3309 4275 3506 4329; x_wconf 85' lang='lat' dir='ltr'><strong>metet.</strong></span> 
     </span>
    </p>
   </div>
   <div class='ocr_carea' id='block_1_135' title="bbox 2088 4345 3337 4418">
    <p class='ocr_par' dir='ltr' id='par_1_135' title="bbox 2088 4345 3337 4418">
     <span class='ocr_line' id='line_1_138' title="bbox 2088 4345 3337 4418; baseline -0.002 -18"><span class='ocrx_word' id='word_1_736' title='bbox 2088 4345 2391 4414; x_wconf 83' lang='lat' dir='ltr'><strong>Quomodo</strong></span> <span class='ocrx_word' id='word_1_737' title='bbox 2422 4347 2659 4418; x_wconf 90' lang='lat' dir='ltr'><strong>ignoras</strong></span> <span class='ocrx_word' id='word_1_738' title='bbox 2687 4363 2810 4417; x_wconf 62' lang='lat' dir='ltr'><strong>qua:</strong></span> <span class='ocrx_word' id='word_1_739' title='bbox 2841 4345 2918 4401; x_wconf 91' lang='lat' dir='ltr'><strong>sit</strong></span> <span class='ocrx_word' id='word_1_740' title='bbox 2946 4347 3040 4399; x_wconf 92' lang='lat' dir='ltr'><strong>via</strong></span> <span class='ocrx_word' id='word_1_741' title='bbox 3070 4345 3337 4418; x_wconf 85' lang='lat' dir='ltr'><strong>spiritus,</strong></span> 
     </span>
    </p>
   </div>
   <div class='ocr_carea' id='block_1_136' title="bbox 2157 4416 3730 4490">
    <p class='ocr_par' dir='ltr' id='par_1_136' title="bbox 2157 4416 3730 4490">
     <span class='ocr_line' id='line_1_139' title="bbox 2157 4416 3730 4490; baseline -0.003 -16"><span class='ocrx_word' id='word_1_742' title='bbox 2157 4423 2216 4474; x_wconf 91' lang='lat' dir='ltr'><strong>et</strong></span> <span class='ocrx_word' id='word_1_743' title='bbox 2245 4434 2359 4490; x_wconf 93' lang='lat' dir='ltr'><strong>qua</strong></span> <span class='ocrx_word' id='word_1_744' title='bbox 2390 4416 2611 4474; x_wconf 77' lang='lat' dir='ltr'><strong>ratione</strong></span> <span class='ocrx_word' id='word_1_745' title='bbox 2641 4416 3096 4490; x_wconf 88' lang='lat' dir='ltr'><strong>compingantur</strong></span> <span class='ocrx_word' id='word_1_746' title='bbox 3124 4433 3259 4472; x_wconf 90' lang='lat' dir='ltr'><strong>ossa</strong></span> <span class='ocrx_word' id='word_1_747' title='bbox 3287 4416 3346 4470; x_wconf 91' lang='lat' dir='ltr'><strong>in</strong></span> <span class='ocrx_word' id='word_1_748' title='bbox 3369 4418 3566 4471; x_wconf 90' lang='lat' dir='ltr'><strong>ventre</strong></span> <span class='ocrx_word' id='word_1_749' title='bbox 3589 4430 3730 4486; x_wconf 72' lang='lat' dir='ltr'><strong>prai-</strong></span> 
     </span>
    </p>
   </div>
   <div class='ocr_carea' id='block_1_137' title="bbox 2271 4491 2514 4545">
    <p class='ocr_par' dir='ltr' id='par_1_137' title="bbox 2271 4491 2514 4545">
     <span class='ocr_line' id='line_1_140' title="bbox 2271 4491 2514 4545; baseline 0.004 -1"><span class='ocrx_word' id='word_1_750' title='bbox 2271 4491 2465 4545; x_wconf 90' lang='lat' dir='ltr'><strong>nantis</strong></span> <span class='ocrx_word' id='word_1_751' title='bbox 2502 4507 2514 4545; x_wconf 92' lang='lat'>:</span> 
     </span>
    </p>
   </div>
   <div class='ocr_carea' id='block_1_138' title="bbox 2156 4506 3730 4632">
    <p class='ocr_par' dir='ltr' id='par_1_138' title="bbox 2156 4506 3730 4632">
     <span class='ocr_line' id='line_1_141' title="bbox 2271 4506 2514 4545; baseline 0.004 -1"><span class='ocrx_word' id='word_1_752' title='bbox 2271 4506 2465 4545; x_wconf 79' lang='lat' dir='ltr'><strong>nanus</strong></span> <span class='ocrx_word' id='word_1_753' title='bbox 2502 4507 2514 4545; x_wconf 92' lang='lat'>:</span> 
     </span>
     <span class='ocr_line' id='line_1_142' title="bbox 2156 4506 3730 4632; baseline 0 -18"><span class='ocrx_word' id='word_1_754' title='bbox 2156 4506 2465 4617; x_wconf 74' lang='lat' dir='ltr'><strong>sicgnescis</strong></span> <span class='ocrx_word' id='word_1_755' title='bbox 2495 4577 2672 4632; x_wconf 90' lang='lat' dir='ltr'><strong>opera</strong></span> <span class='ocrx_word' id='word_1_756' title='bbox 2697 4560 2820 4626; x_wconf 90' lang='lat' dir='ltr'><strong>Dei,</strong></span> <span class='ocrx_word' id='word_1_757' title='bbox 2852 4560 2954 4631; x_wconf 91' lang='lat' dir='ltr'><strong>qui</strong></span> <span class='ocrx_word' id='word_1_758' title='bbox 2987 4559 3300 4615; x_wconf 85' lang='lat' dir='ltr'><strong>fabricator</strong></span> <span class='ocrx_word' id='word_1_759' title='bbox 3323 4562 3413 4615; x_wconf 91' lang='lat' dir='ltr'><strong>est</strong></span> <span class='ocrx_word' id='word_1_760' title='bbox 3442 4557 3730 4615; x_wconf 91' lang='lat' dir='ltr'><strong>omnium.</strong></span> 
     </span>
    </p>
   </div>
   <div class='ocr_carea' id='block_1_139' title="bbox 2086 4632 2965 4698">
    <p class='ocr_par' dir='ltr' id='par_1_139' title="bbox 2086 4632 2965 4698">
     <span class='ocr_line' id='line_1_143' title="bbox 2086 4632 2965 4698; baseline -0.002 -10"><span class='ocrx_word' id='word_1_761' title='bbox 2086 4632 2254 4688; x_wconf 81' lang='lat' dir='ltr'><strong>Mane</strong></span> <span class='ocrx_word' id='word_1_762' title='bbox 2285 4632 2510 4688; x_wconf 90' lang='lat' dir='ltr'><strong>semina</strong></span> <span class='ocrx_word' id='word_1_763' title='bbox 2541 4649 2738 4688; x_wconf 89' lang='lat' dir='ltr'><strong>semen</strong></span> <span class='ocrx_word' id='word_1_764' title='bbox 2773 4637 2965 4698; x_wconf 91' lang='lat' dir='ltr'><strong>tuum,</strong></span> 
     </span>
    </p>
   </div>
   <div class='ocr_carea' id='block_1_140' title="bbox 2157 4704 3231 4776">
    <p class='ocr_par' dir='ltr' id='par_1_140' title="bbox 2157 4704 3231 4776">
     <span class='ocr_line' id='line_1_144' title="bbox 2157 4704 3231 4776; baseline -0.002 -18"><span class='ocrx_word' id='word_1_765' title='bbox 2157 4708 2215 4776; x_wconf 84' lang='lat' dir='ltr'><strong>et</strong></span> <span class='ocrx_word' id='word_1_766' title='bbox 2243 4721 2482 4776; x_wconf 91' lang='lat' dir='ltr'><strong>vespere</strong></span> <span class='ocrx_word' id='word_1_767' title='bbox 2511 4720 2584 4776; x_wconf 87' lang='lat' dir='ltr'><strong>ne</strong></span> <span class='ocrx_word' id='word_1_768' title='bbox 2615 4709 2806 4776; x_wconf 84' lang='lat' dir='ltr'><strong>cesset</strong></span> <span class='ocrx_word' id='word_1_769' title='bbox 2839 4718 3051 4758; x_wconf 92' lang='lat' dir='ltr'><strong>manus</strong></span> <span class='ocrx_word' id='word_1_770' title='bbox 3082 4704 3185 4776; x_wconf 81' lang='lat' dir='ltr'><strong>tua</strong></span> <span class='ocrx_word' id='word_1_771' title='bbox 3218 4718 3231 4756; x_wconf 75' lang='grc' dir='ltr'>ε</span> 
     </span>
    </p>
   </div>
   <div class='ocr_carea' id='block_1_141' title="bbox 2085 4773 3550 4847">
    <p class='ocr_par' dir='ltr' id='par_1_141' title="bbox 2085 4773 3550 4847">
     <span class='ocr_line' id='line_1_145' title="bbox 2085 4773 3550 4847; baseline 0.001 -18"><span class='ocrx_word' id='word_1_772' title='bbox 2085 4775 2232 4842; x_wconf 91' lang='lat' dir='ltr'><strong>Quia</strong></span> <span class='ocrx_word' id='word_1_773' title='bbox 2257 4773 2449 4832; x_wconf 81' lang='lat' dir='ltr'><strong>nescis</strong></span> <span class='ocrx_word' id='word_1_774' title='bbox 2479 4775 2620 4846; x_wconf 93' lang='lat' dir='ltr'><strong>quid</strong></span> <span class='ocrx_word' id='word_1_775' title='bbox 2654 4775 2846 4847; x_wconf 87' lang='lat' dir='ltr'><strong>magis</strong></span> <span class='ocrx_word' id='word_1_776' title='bbox 2872 4775 3114 4847; x_wconf 88' lang='lat' dir='ltr'><strong>oriatur,</strong></span> <span class='ocrx_word' id='word_1_777' title='bbox 3148 4774 3257 4829; x_wconf 86' lang='lat' dir='ltr'><strong>hoc</strong></span> <span class='ocrx_word' id='word_1_778' title='bbox 3280 4791 3353 4830; x_wconf 92' lang='lat' dir='ltr'><strong>an</strong></span> <span class='ocrx_word' id='word_1_779' title='bbox 3384 4773 3550 4843; x_wconf 91' lang='lat' dir='ltr'><strong>illud,</strong></span> 
     </span>
    </p>
   </div>
   <div class='ocr_carea' id='block_1_142' title="bbox 2156 4845 3281 4921">
    <p class='ocr_par' dir='ltr' id='par_1_142' title="bbox 2156 4845 3281 4921">
     <span class='ocr_line' id='line_1_146' title="bbox 2156 4845 3281 4921; baseline 0 -19"><span class='ocrx_word' id='word_1_780' title='bbox 2156 4851 2216 4921; x_wconf 81' lang='lat' dir='ltr'><strong>et</strong></span> <span class='ocrx_word' id='word_1_781' title='bbox 2246 4848 2301 4921; x_wconf 85' lang='lat' dir='ltr'><strong>si</strong></span> <span class='ocrx_word' id='word_1_782' title='bbox 2327 4845 2642 4921; x_wconf 84' lang='lat' dir='ltr'><strong>utrumque</strong></span> <span class='ocrx_word' id='word_1_783' title='bbox 2671 4845 2876 4918; x_wconf 86' lang='lat' dir='ltr'><strong>simul,</strong></span> <span class='ocrx_word' id='word_1_784' title='bbox 2909 4845 3117 4902; x_wconf 88' lang='lat' dir='ltr'><strong>melius</strong></span> <span class='ocrx_word' id='word_1_785' title='bbox 3148 4847 3281 4902; x_wconf 90' lang='lat' dir='ltr'><strong>erit.</strong></span> 
     </span>
    </p>
   </div>
   <div class='ocr_carea' id='block_1_143' title="bbox 2085 4916 2511 4987">
    <p class='ocr_par' dir='ltr' id='par_1_143' title="bbox 2085 4916 2511 4987">
     <span class='ocr_line' id='line_1_147' title="bbox 2085 4916 2511 4987; baseline 0.005 -15"><span class='ocrx_word' id='word_1_786' title='bbox 2085 4916 2261 4975; x_wconf 90' lang='lat' dir='ltr'><strong>Dulce</strong></span> <span class='ocrx_word' id='word_1_787' title='bbox 2289 4918 2511 4987; x_wconf 88' lang='lat' dir='ltr'><strong>lumen,</strong></span> 
     </span>
    </p>
   </div>
   <div class='ocr_carea' id='block_1_144' title="bbox 2083 5125 3729 5187">
    <p class='ocr_par' dir='ltr' id='par_1_144' title="bbox 2083 5125 3729 5187">
     <span class='ocr_line' id='line_1_148' title="bbox 2083 5125 3729 5187; baseline -0.003 -2"><span class='ocrx_word' id='word_1_788' title='bbox 2083 5130 2172 5186; x_wconf 87' lang='lat' dir='ltr'><strong>los</strong></span> <span class='ocrx_word' id='word_1_789' title='bbox 2201 5131 2448 5186; x_wconf 83' lang='lat' dir='ltr'><strong>existere</strong></span> <span class='ocrx_word' id='word_1_790' title='bbox 2479 5129 2539 5184; x_wconf 92' lang='lat' dir='ltr'><strong>in</strong></span> <span class='ocrx_word' id='word_1_791' title='bbox 2570 5147 2688 5186; x_wconf 91' lang='lat' dir='ltr'><strong>una</strong></span> <span class='ocrx_word' id='word_1_792' title='bbox 2719 5130 3013 5187; x_wconf 85' lang='lat' dir='ltr'><strong>sententia</strong></span> <span class='ocrx_word' id='word_1_793' title='bbox 3041 5135 3144 5186; x_wconf 89' lang='lat' dir='ltr'><strong>aut</strong></span> <span class='ocrx_word' id='word_1_794' title='bbox 3173 5129 3345 5185; x_wconf 91' lang='lat' dir='ltr'><strong>unico</strong></span> <span class='ocrx_word' id='word_1_795' title='bbox 3376 5144 3544 5184; x_wconf 88' lang='lat' dir='ltr'><strong>versu</strong></span> <span class='ocrx_word' id='word_1_796' title='bbox 3585 5125 3729 5181; x_wconf 87' lang='lat' dir='ltr'><strong>Vul-</strong></span> 
     </span>
    </p>
   </div>
   <div class='ocr_carea' id='block_1_145' title="bbox 2085 5201 3726 5273">
    <p class='ocr_par' dir='ltr' id='par_1_145' title="bbox 2085 5201 3726 5273">
     <span class='ocr_line' id='line_1_149' title="bbox 2085 5201 3726 5273; baseline -0.002 -16"><span class='ocrx_word' id='word_1_797' title='bbox 2085 5208 2232 5273; x_wconf 71' lang='lat' dir='ltr'><strong>gata:</strong></span> <span class='ocrx_word' id='word_1_798' title='bbox 2264 5208 2640 5270; x_wconf 68' lang='lat' dir='ltr'><strong>nostraamam</strong></span> <span class='ocrx_word' id='word_1_799' title='bbox 2673 5220 2807 5258; x_wconf 91' lang='lat' dir='ltr'><strong>cum</strong></span> <span class='ocrx_word' id='word_1_800' title='bbox 2838 5202 2990 5258; x_wconf 90' lang='lat' dir='ltr'><strong>hanc</strong></span> <span class='ocrx_word' id='word_1_801' title='bbox 3021 5203 3382 5272; x_wconf 86' lang='lat' dir='ltr'><strong>Scripturam</strong></span> <span class='ocrx_word' id='word_1_802' title='bbox 3405 5201 3726 5273; x_wconf 81' lang='lat' dir='ltr'><strong>recitasset:</strong></span> 
     </span>
    </p>
   </div>
   <div class='ocr_carea' id='block_1_146' title="bbox 2086 5270 3729 5348">
    <p class='ocr_par' dir='ltr' id='par_1_146' title="bbox 2086 5270 3729 5348">
     <span class='ocr_line' id='line_1_150' title="bbox 2086 5270 3729 5348; baseline -0.002 -19"><span class='ocrx_word' id='word_1_803' title='bbox 2086 5270 2261 5348; x_wconf 66' lang='lat' dir='ltr'><strong>labor</strong></span> <span class='ocrx_word' id='word_1_804' title='bbox 2287 5276 2579 5348; x_wconf 72' lang='lat' dir='ltr'><strong>stultorum</strong></span> <span class='ocrx_word' id='word_1_805' title='bbox 2605 5274 2814 5348; x_wconf 76' lang='lat' dir='ltr'><strong>afﬂigit</strong></span> <span class='ocrx_word' id='word_1_806' title='bbox 2835 5291 2939 5343; x_wconf 85' lang='lat' dir='ltr'><strong>eos,</strong></span> <span class='ocrx_word' id='word_1_807' title='bbox 2981 5275 3077 5348; x_wconf 89' lang='lat' dir='ltr'><strong>qui</strong></span> <span class='ocrx_word' id='word_1_808' title='bbox 3125 5270 3367 5348; x_wconf 71' lang='lat' dir='ltr'><strong>nesciunt</strong></span> <span class='ocrx_word' id='word_1_809' title='bbox 3402 5271 3498 5348; x_wconf 70' lang='lat' dir='ltr'><strong>ire</strong></span> <span class='ocrx_word' id='word_1_810' title='bbox 3545 5270 3729 5348; x_wconf 29' lang='lat' dir='ltr'><strong>indci-</strong></span> 
     </span>
    </p>
   </div>
   <div class='ocr_carea' id='block_1_147' title="bbox 2085 5343 3729 5417">
    <p class='ocr_par' dir='ltr' id='par_1_147' title="bbox 2085 5343 3729 5417">
     <span class='ocr_line' id='line_1_151' title="bbox 2085 5343 3729 5417; baseline -0.005 -15"><span class='ocrx_word' id='word_1_811' title='bbox 2085 5346 2326 5415; x_wconf 87' lang='lat' dir='ltr'><strong>vitatem,</strong></span> <span class='ocrx_word' id='word_1_812' title='bbox 2361 5343 2668 5417; x_wconf 84' lang='lat' dir='ltr'><strong>subjungit</strong></span> <span class='ocrx_word' id='word_1_813' title='bbox 2697 5343 2898 5401; x_wconf 83' lang='lat' dir='ltr'><strong>dicens</strong></span> <span class='ocrx_word' id='word_1_814' title='bbox 2927 5362 2939 5400; x_wconf 90' lang='lat'>:</span> <span class='ocrx_word' id='word_1_815' title='bbox 2975 5343 3107 5400; x_wconf 80' lang='lat' dir='ltr'><strong>Cum</strong></span> <span class='ocrx_word' id='word_1_816' title='bbox 3137 5343 3514 5417; x_wconf 78' lang='lat' dir='ltr'><strong>superioribus</strong></span> <span class='ocrx_word' id='word_1_817' title='bbox 3562 5343 3729 5417; x_wconf 76' lang='lat' dir='ltr'><strong>etiam</strong></span> 
     </span>
    </p>
   </div>
   <div class='ocr_carea' id='block_1_148' title="bbox 2085 5413 3728 5487">
    <p class='ocr_par' dir='ltr' id='par_1_148' title="bbox 2085 5413 3728 5487">
     <span class='ocr_line' id='line_1_152' title="bbox 2085 5413 3728 5487; baseline -0.002 -15"><span class='ocrx_word' id='word_1_818' title='bbox 2085 5419 2180 5472; x_wconf 82' lang='lat' dir='ltr'><strong>hos</strong></span> <span class='ocrx_word' id='word_1_819' title='bbox 2199 5413 2374 5487; x_wconf 81' lang='lat' dir='ltr'><strong>junge</strong></span> <span class='ocrx_word' id='word_1_820' title='bbox 2404 5413 2717 5473; x_wconf 71' lang='lat' dir='ltr'><strong>versiculos.</strong></span> <span class='ocrx_word' id='word_1_821' title='bbox 2745 5417 2944 5472; x_wconf 89' lang='lat' dir='ltr'><strong>Plures</strong></span> <span class='ocrx_word' id='word_1_822' title='bbox 2977 5417 3172 5486; x_wconf 90' lang='lat' dir='ltr'><strong>itaque</strong></span> <span class='ocrx_word' id='word_1_823' title='bbox 3203 5413 3263 5470; x_wconf 89' lang='lat' dir='ltr'><strong>in</strong></span> <span class='ocrx_word' id='word_1_824' title='bbox 3296 5416 3407 5487; x_wconf 86' lang='lat' dir='ltr'><strong>hac</strong></span> <span class='ocrx_word' id='word_1_825' title='bbox 3435 5413 3728 5468; x_wconf 89' lang='lat' dir='ltr'><strong>sententia</strong></span> 
     </span>
    </p>
   </div>
   <div class='ocr_carea' id='block_1_149' title="bbox 2092 5485 3729 5559">
    <p class='ocr_par' dir='ltr' id='par_1_149' title="bbox 2092 5485 3729 5559">
     <span class='ocr_line' id='line_1_153' title="bbox 2092 5485 3729 5559; baseline -0.002 -16"><span class='ocrx_word' id='word_1_826' title='bbox 2092 5485 2411 5543; x_wconf 83' lang='lat' dir='ltr'><strong>versiculos</strong></span> <span class='ocrx_word' id='word_1_827' title='bbox 2442 5506 2573 5545; x_wconf 89' lang='lat' dir='ltr'><strong>esse</strong></span> <span class='ocrx_word' id='word_1_828' title='bbox 2605 5506 2718 5544; x_wconf 92' lang='lat' dir='ltr'><strong>non</strong></span> <span class='ocrx_word' id='word_1_829' title='bbox 2752 5489 3023 5559; x_wconf 86' lang='lat' dir='ltr'><strong>negabat.</strong></span> <span class='ocrx_word' id='word_1_830' title='bbox 3058 5485 3201 5559; x_wconf 84' lang='lat' dir='ltr'><strong>Vide</strong></span> <span class='ocrx_word' id='word_1_831' title='bbox 3233 5487 3303 5540; x_wconf 92' lang='lat' dir='ltr'><strong>de</strong></span> <span class='ocrx_word' id='word_1_832' title='bbox 3355 5485 3448 5540; x_wconf 90' lang='lat' dir='ltr'><strong>his</strong></span> <span class='ocrx_word' id='word_1_833' title='bbox 3497 5490 3729 5540; x_wconf 87' lang='lat' dir='ltr'><strong>nostras</strong></span> 
     </span>
    </p>
   </div>
   <div class='ocr_carea' id='block_1_150' title="bbox 2093 5558 3282 5630">
    <p class='ocr_par' dir='ltr' id='par_1_150' title="bbox 2093 5558 3282 5630">
     <span class='ocr_line' id='line_1_154' title="bbox 2093 5558 3282 5630; baseline -0.004 -14"><span class='ocrx_word' id='word_1_834' title='bbox 2093 5562 2459 5628; x_wconf 90' lang='lat' dir='ltr'><strong>conjecturas</strong></span> <span class='ocrx_word' id='word_1_835' title='bbox 2490 5560 2549 5614; x_wconf 90' lang='lat' dir='ltr'><strong>in</strong></span> <span class='ocrx_word' id='word_1_836' title='bbox 2609 5558 3064 5630; x_wconf 83' lang='lat' dir='ltr'><strong>Prolegomenis.</strong></span> <span class='ocrx_word' id='word_1_837' title='bbox 3098 5558 3282 5630; x_wconf 77' lang='lat' dir='ltr'><strong>MART.</strong></span> 
     </span>
    </p>
   </div>
   <div class='ocr_carea' id='block_1_151' title="bbox 2156 5627 3726 5704">
    <p class='ocr_par' dir='ltr' id='par_1_151' title="bbox 2156 5627 3726 5704">
     <span class='ocr_line' id='line_1_155' title="bbox 2156 5627 3726 5704; baseline -0.003 -17"><span class='ocrx_word' id='word_1_838' title='bbox 2156 5633 2177 5666; x_wconf 71' lang='grc'>³</span> <span class='ocrx_word' id='word_1_839' title='bbox 2211 5627 2479 5704; x_wconf 86' lang='lat' dir='ltr'><strong>Plerique</strong></span> <span class='ocrx_word' id='word_1_840' title='bbox 2509 5648 2652 5687; x_wconf 92' lang='lat' dir='ltr'><strong>mss.</strong></span> <span class='ocrx_word' id='word_1_841' title='bbox 2685 5627 2818 5688; x_wconf 86' lang='lat' dir='ltr'><strong>libri</strong></span> <span class='ocrx_word' id='word_1_842' title='bbox 2851 5637 3026 5701; x_wconf 88' lang='lat' dir='ltr'><strong>atque</strong></span> <span class='ocrx_word' id='word_1_843' title='bbox 3056 5629 3199 5685; x_wconf 89' lang='lat' dir='ltr'><strong>editi</strong></span> <span class='ocrx_word' id='word_1_844' title='bbox 3233 5628 3470 5684; x_wconf 80' lang='lat' dir='ltr'><strong>bibentes</strong></span> <span class='ocrx_word' id='word_1_845' title='bbox 3497 5643 3600 5700; x_wconf 93' lang='lat' dir='ltr'><strong>pro</strong></span> <span class='ocrx_word' id='word_1_846' title='bbox 3642 5627 3726 5682; x_wconf 81' lang='lat' dir='ltr'><strong>vi-</strong></span> 
     </span>
    </p>
   </div>
   <div class='ocr_carea' id='block_1_152' title="bbox 2085 5703 2530 5776">
    <p class='ocr_par' dir='ltr' id='par_1_152' title="bbox 2085 5703 2530 5776">
     <span class='ocr_line' id='line_1_156' title="bbox 2085 5703 2530 5776; baseline -0.002 -16"><span class='ocrx_word' id='word_1_847' title='bbox 2085 5712 2272 5760; x_wconf 78' lang='lat' dir='ltr'><strong>ventes</strong></span> <span class='ocrx_word' id='word_1_848' title='bbox 2304 5703 2530 5776; x_wconf 89' lang='lat' dir='ltr'><strong>legunt.</strong></span> 
     </span>
    </p>
   </div>
  </div>
