4090 6192
434 220 574 276 1355

435 346 594 418 (Cap.
627 342 725 413 V.)
758 341 967 418 Veniat
995 338 1245 418 dilectus
1275 353 1444 394 meus
1474 337 1533 394 in
1565 337 1803 394 hortum
1836 350 2033 405 suum,
2111 332 2164 400 Α

508 413 566 472 et
598 415 864 471 comedat
896 413 1151 466 fructum
1185 426 1490 482 pomorum
1529 426 1794 466 suorum.

442 488 574 544 Veni
610 490 666 541 in
700 489 935 540 hortum
967 498 1186 547 meum,
1220 499 1386 537 soror
1417 497 1547 537 mea
1576 497 1815 554 sponsa,

511 557 733 614 messui
767 554 1061 627 myrrham
1093 570 1283 627 meam
1317 570 1448 608 cum
1483 549 1846 611 aromatibus
1876 549 2024 607 meis
2067 567 2080 604 :

439 629 672 686 Comedi
706 624 900 682 favum
932 641 1069 680 cum
1101 624 1275 680 melle
1308 641 1460 695 meo,

514 700 634 755 bibi
655 699 858 753 vinum
884 713 1079 752 meum
1104 697 1176 752 de
1197 695 1348 752 lacte
1380 713 1508 753 meo
1539 713 1552 750 :

440 769 758 835 Comedite,
790 769 989 835 amici,
1019 774 1076 824 et
1103 768 1309 834 bibite,

511 849 568 898 et
597 840 990 906 inebriamini,
1024 839 1384 896 charissimi.

445 917 564 987 Ego
594 913 845 969 dormio.

517 981 574 1040 et
603 1001 702 1040 cor
733 999 929 1039 meum
960 981 1164 1053 vigilat
1195 999 1208 1036 :

444 1057 567 1113 Vox
596 1055 788 1110 dilecti
823 1054 934 1109 mei
969 1052 1262 1125 pulsantis
1295 1068 1309 1107 :

445 1128 618 1201 Aperi
651 1127 821 1192 mihi,
855 1118 1020 1201 soror
1051 1140 1201 1195 mea,
1229 1122 1418 1180 amica
1463 1138 1610 1194 mea,
1643 1118 1914 1176 columba
1941 1131 2090 1188 mea,

589 1197 966 1253 immaculata
997 1211 1127 1251 mea
1162 1212 1175 1248 :

449 1271 598 1339 Quia
627 1275 803 1340 caput
833 1283 1029 1340 meum
1064 1266 1302 1340 plenum
1332 1270 1420 1340 est
1451 1280 1603 1334 rore,

519 1347 576 1398 et
607 1337 863 1395 cincinni
895 1339 1008 1394 mei
1041 1337 1225 1410 guttis
1258 1337 1539 1392 noctium.

451 1411 778 1484 Exspoliavi
812 1427 905 1484 me
935 1411 1320 1484 tunicamgea,

525 1480 820 1555 quomodo
854 1482 1068 1535 induar
1097 1481 1196 1535 illa
1212 1480 1240 1534 ?

455 1557 590 1612 Lavi
625 1555 803 1627 pedes
837 1568 1019 1627 meos,

525 1620 818 1698 quomodo
841 1623 1163 1698 inquinabo
1187 1620 1360 1676 illos?

454 1681 713 1756 Dilectus
747 1681 1108 1752 meus‘misit
1134 1708 1375 1764 manum
1407 1697 1712 1764 suamper
1741 1681 2026 1764 foramen,

527 1774 584 1826 et
612 1772 817 1824 venter
849 1783 1012 1823 meus
1044 1763 1350 1820 intremuit
1382 1760 1452 1814 ad
1484 1759 1710 1812 tactum
1740 1759 1889 1823 ejus.

453 1842 714 1908 Surrexi,
755 1845 820 1894 ut
850 1837 1140 1910 aperirem
1170 1835 1384 1889 dilecto
1401 1834 1545 1910 'meo
1579 1844 1594 1882 :

531 1900 742 1968 manus
781 1900 923 1966 meae
958 1909 1332 1964 stillaverunt
1361 1900 1681 1974 myrrham,

532 1967 588 2040 et
613 1983 784 2056 digiti
812 1980 1114 2056 meipleni
1151 1967 1860 2056 myrrhaprobatissima.

460 2045 779 2112 Pessulum
814 2045 1093 2108 ostii‘met
1123 2045 1324 2122 aperui
1357 2045 1728 2122 dilecto-meo
1763 2054 1776 2092 :

537 2130 596 2182 at
626 2125 723 2181 ille
753 2113 1177 2186 declinaverat;
1200 2125 1376 2191 atque
1406 2113 1736 2191 transierat.

467 2197 681 2254 Anima
711 2212 841 2250 mea
868 2194 1182 2264 liquefacta
1215 2187 1418 2264 est.__ut
1447 2188 1681 2241 locutus
1711 2187 1799 2239 est
1832 2199 1844 2236 :

545 2267 803 2339 quaesivi,
834 2272 892 2322 et
922 2260 1037 2320 non
1067 2260 1462 2339 inveni‘illum
1491 2273 1506 2339 _:

544 2329 762 2402 vocavi,
789 2329 853 2392 'et
876 2353 998 2391 non
1030 2333 1334 2408 respondit
1361 2329 1550 2408 mihi.‘
1853 2397 1861 2408 Ι
1952 2394 1962 2405 .
2009 2394 2019 2404 .

474 2397 826 2469 Invenerunt
874 2426 966 2464 me
1021 2397 1296 2462 custodes
1353 2401 1454 2472 qui
1505 2397 1871 2454 circumeunt
1915 2397 2113 2451 civita-

613 2486 732 2536 tem
767 2496 780 2534 :

545 2555 964 2623 percusserunt
980 2565 1106 2623 me,
1138 2550 1197 2602 et
1223 2544 1682 2623 vulneraverunt
1703 2556 1804 2623 me
1835 2554 1850 2593 :

540 2613 806 2680 tulerunt
853 2620 1096 2693 pallium
1143 2633 1338 2674 meum
1391 2614 1538 2670 mihi
1591 2613 1866 2668 custodes
1917 2625 2115 2665 muro-

616 2711 769 2750 rum.

470 2767 694 2837 Adjuro
724 2781 847 2832 vos,
865 2761 1016 2837 _fi_liaa_
1030 2758 1390 2837 _._Ie:usalem,

537 2832 585 2894 si
621 2834 959 2892 inveneritis
986 2832 1260 2888 dilectum
1295 2845 1517 2897 meum,

535 2918 598 2964 ut
629 2908 916 2964 nuntietis
945 2905 997 2961 ei
1031 2905 1169 2976 quia
1199 2901 1693 2976 amore_langueo.

469 2979 670 3047 Qualis
699 2987 786 3036 est
811 2972 1065 3033 dilectus
1091 2985 1227 3047 tuus
1256 2990 1324 3028 ex
1353 2972 1583 3047 dilecto,

545 3070 578 3108 o
611 3050 1004 3108 pulcherrima
1033 3043 1394 3102 mulierum?

545 3070 578 3108 O
651 3068 1004 3106 utcnerrtma
1033 3068 1351 3102 munerum
1375 3068 1390 3098 ι

473 3068 674 3189 Ουαιιῖε
704 3127 795 3178 est
823 3119 1071 3175 dilectus
1102 3123 1243 3172 tuus
1261 3132 1329 3189 ex
1350 3114 1581 3182 dilecto,

546 3194 685 3267 quia
715 3193 799 3249 sic
833 3190 1119 3267 adjurasti
1134 3188 1296 3267 nos?

470 3246 935 3391 Diljectulsiigieus
977 3261 1267 3318 candidus
1293 3263 1344 3314 et
1377 3250 1766 3317 rubicundus,
1795 3246 2015 3303 electus
2045 3264 2114 3304 ex

616 3353 695 3391 nn
748 3353 760 3388 l
811 3352 900 3390 us.

616 3352 900 3391 DlllllDUS.

473 3407 660 3478 Caput
688 3408 814 3478 ejus
845 3419 1056 3478 aurum
1087 3400 1424 3478 optimum:

541 3468 735 3534 Coma;
760 3477 888 3546 ejus
919 3475 1073 3530 sicut
1103 3468 1266 3526 elata:
1298 3468 1652 3541 palmarum,

544 3550 724 3632 nigras
756 3547 924 3628 quasi
956 3560 1182 3632 corvus.

468 3605 643 3678 Oculi
664 3605 791 3691 ejus
822 3619 977 3674 sicut
1007 3612 1289 3691 columbo:
1311 3626 1489 3682 super
1519 3605 1738 3663 rivulos
1770 3619 2075 3676 aquarum,

615 3685 743 3762 quis
773 3689 927 3762 lacte,
954 3693 1085 3743 sunt
1112 3685 1284 3762 totas,
1401 3751 1414 3762 .
1500 3750 1512 3762 ο
1587 3748 1600 3762 ,

540 3767 597 3818 et
626 3750 888 3818 resident
908 3761 1079 3830 juxta
1109 3750 1332 3830 ﬂuenta
1360 3750 1726 3830 plenissima.

476 3835 645 3890 Gens:
679 3833 839 3889 illius
868 3828 1020 3888 sicut
1051 3829 1253 3886 areola:
1294 3828 1624 3881 aromatum

544 3905 785 3961 consitae
821 3922 854 3960 a
874 3899 1311 3975 pigmentariis.

475 3975 654 4033 Labia
683 3975 843 4031 illius
873 3974 998 4029 lilia

544 4047 891 4102 distillantia
923 4043 1221 4116 myrrham
1254 4040 1528 4112 primam.

472 4123 675 4175 Manus
703 4118 865 4174 illius
896 4114 1204 4171 tornatiles
1235 4127 1446 4179 aureae,

548 4190 728 4260 plena:
760 4186 1111 4261 hyacinthis.

474 4259 691 4325 Venter
721 4259 850 4332 ejus
885 4259 1199 4332 eburneus,

545 4328 862 4389 distinctus
891 4328 1208 4400 sapphiris.

473 4407 654 4461 Crura
684 4402 845 4458 illius
876 4402 1161 4456 columnae
1195 4409 1554 4459 marmoreae,

544 4491 669 4545 quas
683 4474 932 4530 fundatas
947 4477 1086 4545 sunt
1098 4485 1272 4545 super
1287 4467 1457 4522 bases
1471 4477 1696 4520 aureas.

473 4541 711 4618 Species
744 4548 874 4616 ejus
907 4548 991 4618 ut;
1007 4541 1234 4618 Libani,

541 4614 866 4672 electus'ut
894 4614 1075 4670 cedri.

471 4687 686 4744 Guttur
718 4687 877 4743 illius
909 4681 1352 4746 suavissimum,

543 4767 599 4814 et
626 4765 782 4816 totus
813 4753 1222 4814 desiderabilis
1256 4769 1269 4807 :

470 4831 622 4887 Talis
653 4836 743 4886 est
773 4830 1018 4886 dilectus
1051 4843 1240 4892 meus,

545 4911 600 4957 et
629 4905 755 4973 ipse
788 4882 883 4973 est
903 4882 1130 4955 amicus
1171 4882 1356 4960 meus,
1393 4889 1522 4973 tiliae
1550 4882 1900 4973 Jerusalem.

474 4953 598 5038 Quo
628 4953 773 5030 arbiit
793 4953 1046 5028 dilectus
1079 4976 1241 5030 tuus,
1272 4981 1305 5020 ο
1340 4953 1732 5035 pulcherrima
1762 4953 2118 5010 mulierum?

515 5076 518 5078 η
546 5063 661 5117 quo
691 5042 1004 5117 declinavit
1032 5040 1282 5097 dilectus
1310 5041 1449 5091 tuus
1485 5050 1498 5091 :
1531 5041 1584 5089 et
1622 5043 1953 5102 qumremus
1981 5042 2116 5082 eum

473 5115 1058 5262 (CapfvﬁﬁnDllectus
1082 5197 1248 5262 meus
1269 5175 1567 5234 descendit
1587 5176 1647 5230 in
1671 5173 1908 5228 hortum
1939 5185 2112 5226 suum

613 5260 686 5315 ad
719 5259 970 5315 aerolam
1003 5259 1360 5312 aromatum.

542 5314 911 5402 utpascatur
941 5329 1000 5383 in
1033 5327 1240 5402 hortis,
1273 5332 1324 5402 et
1357 5319 1482 5375 lilia
1511 5314 1765 5402 colligat.
1806 5401 1816 5402 ί
1860 5383 1894 5402 1
1974 5381 2087 5402 μ’,

464 5403 583 5476 Ego
615 5391 825 5459 dilecto
853 5417 1003 5469 meo,
1037 5406 1092 5455 et
1117 5396 1366 5453 dilectus
1399 5405 1562 5446 meus
1594 5391 1762 5453 mihi,
1796 5391 1896 5456 qui
1929 5391 2116 5456 pasci-

534 5549 552 5583 ¹
603 5545 728 5600 Non
787 5544 1139 5606 Sulamilem,
1193 5538 1291 5595 sed
1344 5533 1702 5590 Sunamitam
1750 5527 2003 5601 legimus
2035 5529 2113 5606 -in

461 5617 766 5672 codicibus
798 5600 942 5670 mss.
978 5600 1235 5668 Latinis:
1263 5610 1321 5663 in
1355 5605 1569 5663 Grzscis
1601 5609 1794 5658 autem
1821 5600 2112 5672 exempla-

461 5688 630 5742 ribus
656 5692 716 5742 et
745 5685 1038 5742 Sulcmitis
1085 5688 1142 5739 et
1186 5677 1501 5738 Sunamitis
1547 5673 1790 5747 legitur;
1845 5674 1944 5729 sed
1979 5674 2111 5748 hoc,

464 5755 527 5813 ni
557 5755 745 5827 fallor,
775 5756 1153 5815 librariorum
1185 5767 1400 5811 errore.
1434 5749 1622 5807 Maa'r.

1471 216 1530 268 8.
1574 211 1984 268 HIERONYMI
2020 207 2278 264 DIVINA
2311 204 2805 260 BlBLIOTHECA.

3671 200 3776 256 1356

2268 333 2366 385 tur
2395 329 2548 384 inter
2576 327 2717 383 lilia.

2194 402 2448 457 Pulchra
2491 416 2574 468 es,
2624 397 2813 455 amica
2865 412 3014 467 mea,
3067 393 3284 460 suavis,
3319 396 3376 450 et
3422 394 3620 450 decora
3660 397 3784 453 sicut

2333 471 2661 528 Jerusalem
2687 486 2701 524 :

2261 542 2544 599 terribilis
2577 549 2640 598 ut
2671 546 2999 596 castrorum
3033 541 3190 596 acies
3221 540 3506 596 ordinata.

2191 617 2395 670 Averte
2426 613 2626 670 oculos
2658 619 2792 668 tuos
2822 629 2856 668 a
2887 628 3000 676 me,

2265 687 2407 757 quia
2435 686 2547 757 ipsi
2581 701 2673 757 me
2703 683 2934 740 avolare
2963 684 3247 738 fecerunt.

2194 756 2399 830 Capilli
2429 756 2514 811 tui
2544 756 2698 811 sicut
2737 769 3241 830 grexgcaprarum,

2267 825 2393 912 quae
2436 825 2835 912 apparuerunt
2865 827 2936 882 de
2967 825 3206 910 Calaad.

2197 897 2412 957 Dentes
2443 897 2532 955 tui
2559 899 2712 953 sicut
2741 914 2879 969 grex
2907 897 3128 964 ovium,

2270 989 2397 1043 quae
2427 971 2912 1043 ascenderuntde
2943 969 3170 1025 lavacro
3204 985 3218 1024 :

2200 1040 2416 1100 omnes
2447 1040 2712 1114 gemellis
2741 1041 2978 1114 fetibus,

2271 1119 2328 1170 et
2359 1111 2572 1170 sterilis
2603 1129 2719 1168 non
2749 1116 2840 1167 est
2873 1112 2929 1164 in
2962 1111 3067 1167 eis.

2199 1187 2361 1242 Sicut
2393 1189 2589 1240 cortex
2620 1183 2757 1238 mali
2790 1182 2988 1255 punici
3021 1198 3179 1255 genta
3206 1185 3318 1239 tua)

2273 1259 2496 1338 absque
2525 1255 2774 1338 occultis
2793 1254 2942 1336 tuis.

2205 1327 2520 1399 Sexaginta
2549 1335 2687 1382 sunt
2728 1327 2966 1399 reginae,

2276 1405 2333 1455 et
2362 1397 2660 1469 octoginta
2689 1397 3050 1461 concubium,

2279 1476 2337 1528 et
2366 1466 2940 1526 adoléscentularum
2972 1484 3088 1523 non
3119 1466 3207 1518 est
3239 1475 3542 1516 numerus.

2209 1543 2336 1599 Una
2365 1548 2452 1597 est
2487 1541 2758 1596 columba
2790 1556 2943 1610 mea,
2973 1537 3232 1610 perfecta
3261 1549 3412 1610 mea,

2281 1631 2399 1668 una
2428 1619 2517 1668 est
2548 1612 2754 1666 matris
2782 1603 2938 1680 suae,
2958 1603 3143 1665 electa
3171 1603 3452 1678 genetrici
3484 1618 3616 1658 suae.

2132 1702 2182 1768 Β
2217 1686 2650 1768 νὶάβιξυῑιςοθδξη
2683 1683 2836 1750 ﬁlias,

2291 1765 2346 1812 et
2371 1754 2775 1811 beatissimam
2808 1751 3268 1824 praedicaverunt
3301 1762 3314 1800 :

2220 1827 2452 1899 Regina
2479 1830 2536 1881 et
2564 1825 2926 1894 concubinas,

2291 1897 2347 1955 et
2368 1897 2754 1952 laudaverunt
2779 1912 2931 1951 eam.

2219 1971 2354 2035 Quae
2385 1973 2470 2025 est
2500 1971 2631 2040 ista,
2663 1986 2791 2040 quae
2840 1964 3217 2040 progreditur
3263 1961 3432 2035 quasi
3463 1977 3667 2017 aurora
3708 1975 3822 2016 cou-

2364 2056 2633 2111 surgens,

2293 2104 2539 2182 pulchra
2570 2104 2634 2167 ut
2667 2110 2830 2178 luna,
2861 2107 3047 2164 electa
3079 2108 3143 2182 ut
3175 2104 3284 2171 sol,

2294 2175 2571 2238 terribilis
2606 2187 2668 2237 ut
2695 2175 3022 2237 castrorum
3052 2177 3205 2233 acies
3236 2175 3552 2233 ordinata?

2222 2254 2505 2310 Descendi
2535 2255 2602 2310 ad
2640 2253 2871 2308 hortum
2916 2265 3158 2314 nucum,

2297 2331 2360 2381 ut
2388 2325 2641 2381 viderem
2674 2341 2850 2395 poma
2890 2320 3196 2395 convallis,

2294 2404 2351 2452 et
2381 2390 2731 2468 inspicerem
2763 2395 2812 2451 si
2844 2392 3138 2468 ﬂoruisset
3161 2390 3357 2468 _vinea,

2296 2472 2352 2524 et
2382 2461 2813 2540 germinassent
2849 2465 3005 2520 mala
3035 2461 3268 2540 punica.

2223 2533 2450 2596 Nesci'vi
2486 2556 2498 2593 :
2533 2539 2729 2595 anima
2761 2553 2888 2593 mea
2921 2533 3288 2592 conturbavit
3319 2545 3412 2586 me

2296 2619 2530 2682 propter
2559 2609 2879 2682 quadrigas
2919 2606 3267 2682 aminadab.

2225 2676 2549 2747 Revertere,
2575 2676 2879 2745 reverte're,
2919 2676 3262 2735 Sulamitis‘
3291 2691 3304 2728 :

2297 2761 2603 2820 revertere,
2624 2757 3005 2820 revertere,ut
3021 2750 3357 2820 intueamur
3372 2749 3449 2800 te.

2223 2824 2381 2897 (Cap.
2409 2825 2561 2897 νη.)
2583 2818 2731 2890 Quid
2762 2818 2986 2878 videbis
3011 2821 3068 2897 in
3102 2818 3408 2884 Sulamite,

2299 2892 2409 2951 nisi
2444 2892 2654 2951 cheros
2686 2892 3058 2951 castrorum?

2227 2968 2412 3032 Quam
2449 2966 2678 3038 pulchri
2706 2971 2846 3022 sunt
2873 2979 3114 3038 gressus
3138 2962 3224 3038 tui

2296 3041 2355 3094 in
2388 3032 2827 3116 calceamentis,
2858 3032 2979 3092 tilia
3006 3032 3320 3116 principis}
3472 3078 3488 3091 .

2223 3112 2523 3168 Juncturaa
2556 3099 2843 3166 femorum
2880 3099 3133 3174 tuorum,
3165 3099 3318 3162 sicut
3358 3099 3629 3174 monilia,

2293 3199 2420 3253 quae
2456 3181 2739 3236 fabricata
2782 3184 2922 3236 sunt
2967 3172 3451 3253 manuartiticis.

2223 3247 2549 3311 Umbilicus
2581 3261 2717 3309 tuus
2747 3258 2932 3307 crater
2961 3247 3260 3306 tornatilis
3293 3264 3307 3316 ;

2295 3340 2598 3395 nunquam
2633 3323 2907 3394 indigens
2936 3320 3186 3395 poculis.

2220 3389 2454 3453 Venter'
2467 3402 2604 3450 tuus
2635 3389 2794 3450 sicut
2822 3389 3063 3450 acervus
3092 3389 3293 3460 tritici,

2291 3466 2542 3522 vallatus
2573 3466 2734 3522 liliis.

2222 3540 2348 3595 Duo
2381 3539 2561 3594 ubera
2591 3543 2712 3603 tua,

2295 3611 2448 3665 sicut
2477 3610 2591 3664 duo
2623 3606 2858 3664 hinnuli
2889 3604 3122 3680 gemelli
3153 3617 3394 3675 capreae.

2222 3681 2445 3739 Collum
2475 3685 2645 3735 tuum

2293 3753 2445 3808 sicut
2475 3751 2657 3806 turris
2685 3750 2959 3805 eburnea.

2223 3823 2387 3881 Oculi
2417 3823 2503 3878 tui
2536 3823 2690 3878 sicut
2723 3822 2969 3893 piscinas
2987 3818 3051 3893 in
3084 3818 3336 3893 Esebon,

2296 3913 2423 3968 qua:
2453 3901 2595 3950 sunt
2627 3895 2684 3968 in
2716 3887 2885 3964 porta
2915 3887 3504 3968 tiliaa_mul_titudinis.

2223 3960 2415 4024 Nasus
2443 3971 2582 4020 tuus
2613 3960 2768 4020 sicut
2793 3961 2975 4018 turris
3005 3960 3229 4028 Libani,

2297 4055 2427 4109 quae
2459 4035 2692 4106 respicit
2723 4033 3341 4109 qontra_Damascum.

2226 4104 2414 4180 Caput
2442 4104 2605 4162 tuum
2642 4112 2711 4180 ut
2731 4104 3034 4180 Carmelus
3067 4120 3080 4158 :

2295 4167 2347 4236 et
2379 4195 2556 4235 comae
2586 4178 2794 4249 capitis
2841 4176 2947 4242 tui,
2979 4176 3130 4232 sicut
3183 4189 3447 4245 purpura
3478 4171 3634 4244 regis
3678 4167 3842 4223 vincta

2370 4250 2699 4306 canalibus.

2228 4325 2411 4389 Quam
2449 4321 2690 4392 pulchra
2714 4336 2796 4388 es,
2818 4323 2878 4392 e_t_
2901 4333 3079 4392 quam
3108 4316 3339 4382 decora,

2298 4389 2649 4449 charissima
2678 4393 2735 4446 in
2770 4389 2996 4447 deliciis
3020 4390 3029 4444 l

2146 4431 2196 4495 Β
2229 4465 2464 4521 Statura
2495 4468 2596 4519 tua
2635 4462 2949 4520 assimilata
2989 4465 3076 4515 est
3107 4456 3338 4529 palmas,

2299 4547 2358 4592 et
2383 4538 2564 4591 ubera
2592 4540 2692 4590 tua
2723 4532 2930 4588 botris.

2228 4607 2358 4662 Dixi
2393 4624 2406 4662 :
2437 4608 2766 4662 Ascendam
2799 4603 2857 4657 in
2894 4600 3172 4672 palmam,

2299 4685 2358 4734 et
2388 4677 2820 4748 apprehendam
2856 4675 3084 4748 fructus
3112 4672 3240 4748 ejus
3272 4686 3284 4748 ξ

2226 4754 2300 4806 Et
2330 4741 2502 4805 eru'n't
2534 4750 2712 4803 ubera
2742 4751 2842 4800 tua
2870 4744 3026 4800 sicut
3053 4743 3204 4797 botri
3235 4741 3414 4795 vineas
3447 4752 3462 4792 :

2297 4829 2352 4876 et
2376 4821 2519 4877 odor
2547 4819 2660 4876 oris
2688 4817 2775 4873 tui
2798 4818 2954 4873 sicut
2985 4813 3299 4869 malorum.

2228 4891 2442 4948 Guttur
2470 4895 2638 4946 tuum
2670 4889 2824 4944 sicut
2855 4887 3058 4943 vinum
3089 4883 3400 4956 optimum,

2298 4963 2541 5039 dignum
2573 4961 2779 5039 dilecto
2811 4976 2940 5039 meo
2973 4955 3415 5039 adpotandum.

2296 5020 2588 5104 labiisque
2619 5038 2676 5088 et
2701 5031 2976 5088 dentibus
3005 5020 3168 5084 illius
3197 5027 3271 5083 ad
3303 5020 3746 5082 ruminandum.

2224 5110 2345 5178 Ego
2372 5105 2584 5161 dilecto
2619 5121 2768 5171 meo,

2298 5171 2355 5233 et
2385 5178 2455 5233 ad
2488 5193 2580 5232 me
2611 5172 2911 5232 conversio
2943 5171 3095 5242 ejus.

2225 5248 2392 5317 Veni,
2425 5247 2633 5305 dilecte
2663 5248 2766 5318 mi,
2789 5240 3163 5318 egrediamur
3191 5240 3250 5298 in
3283 5253 3510 5312 agrum,

2295 5316 2730 5377 commoremur
2752 5316 3028 5374 Tinivillis.

2222 5396 2391 5448 Mane
2423 5407 2737 5465 surgamus
2769 5389 2842 5446 ad
2872 5388 3095 5457 vineas,

2294 5566 2360 5576 —
2391 5513 2655 5590 Tametsi
2702 5533 2825 5589 hac
2874 5526 3234 5602 praeferenda
3279 5541 3348 5581 ex
3404 5511 3836 5602 Hebr-molestia

2221 5611 2333 5672 est,
2366 5589 2562 5677 plures
2586 5589 2789 5662 tamen
2822 5589 2962 5677 mss.
2989 5599 3238 5677 codices
3256 5602 3439 5677 atque~
3461 5589 3836 5677 editietiamj

2222 5656 3102 5760 Gfrsscrisgfipsaquedirdivinis
3133 5656 3354 5728 Ofﬁciis
3401 5663 3659 5724 Ecclesia
3701 5656 3837 5717 vocat

2219 5749 2566 5808 Sunamitin.
