4090 6192
323 212 463 269 1357

327 393 329 396 .
385 341 701 424 videamus
723 343 775 400 si
805 345 1002 424 iloruit
1025 348 1212 424 vinea,

388 412 439 494 si
470 413 646 494 liores
677 416 902 494 fructus
929 412 1290 494 parturiunt,

385 484 981 565 s‘iﬁoruerunt‘mal'a
1014 497 1230 565 punica
1264 488 1278 554 ἐ

386 555 467 611 ibi
531 557 681 612 dabo
714 559 819 613 tibi
849 555 1032 618 ubera
1061 583 1208 623 mea.

311 625 710 712 Mandragorae
743 631 1032 717 dederunt
1060 639 1389 717 odoremiin
1442 647 1628 717 portis
1687 647 1913 705 nostris
1951 664 1963 704 :

384 715 784 788 omniapoma
809 721 956 761 nova
983 713 1041 762 et
1071 713 1500 782 vetera,dilecte
1524 719 1628 788 mi,

383 772 604 825 servavi
636 772 764 828 tibi.

315 839 1011 935 (Cari-\LIIiLlQuisni-ihi
1046 851 1143 906 det
1170 856 1226 909 te
1259 855 1496 920 fratrem
1532 877 1963 935 meumsugen-

455 919 574 992 tem
602 916 782 992 ubera
813 921 1021 992 matris
1045 938 1206 992 meae,

386 987 452 1074 ut
478 985 772 1074 inveniam
804 991 860 1043 te
892 992 1052 1074 roris.
1085 985 1466 1074 et_d'eo_sculer
1496 1006 1571 1074 te,

386 1058 445 1109 et
474 1058 593 1137 iam
629 1074 716 1137 me
747 1074 918 1137 nemo
947 1065 1230 1137 despiciat
1259 1069 1286 1122 ?

317 1127 767 1197 Apprehendam
799 1135 875 1199 te,

384 1204 442 1271 et
469 1200 679 1256 ducam
709 1201 770 1258 in
802 1203 1042 1261 domum
1075 1210 1281 1267 matris
1310 1228 1448 1269 mete
1482 1232 1494 1271 :

314 1268 401 1324 lbi
435 1287 528 1325 me
557 1273 816 1339 docebis,

381 1345 440 1423 et
469 1343 622 1423 dabo
652 1345 759 1400 tibi
794 1346 1068 1423 poculum
1103 1365 1171 1405 ex
1201 1353 1335 1411 vino
1379 1357 1638 1423 condito,

381 1418 439 1467 et
469 1416 1050 1492 mustummalorum
1082 1431 1459 1492 granatorum
1493 1416 1776 1486 meorum.

313 1483 638 1561 Laevaiejus
671 1489 792 1561 sub;
811 1490 1000 1561 capite
1041 1483 1190 1548 mveo.

381 1560 438 1634 et
467 1557 902 1634 dexteraiilius
927 1563 1354 1634 amplexabitur
1380 1587 1493 1626 me.

310 1627 531 1696 Adjuro
561 1646 665 1704 vos
696 1631 826 1704 ﬁliis
854 1627 1196 1704 Jerusalem,

1510 237 1724 293 LIBER
1757 239 2096 294 DANIELIS
2131 240 2552 299 ΡΒΟΡΗΚΤΕ.

1997 365 2052 433 Α
2084 365 2412 438 Lampades
2441 370 2590 438 ejus,

3588 251 3726 309 1358

2149 437 2452 512 lampades
2476 437 2637 511 ignis
2658 445 2833 512 atque
2865 441 3260 499 flammarum.

2076 509 2258 578 Aque
2284 510 2476 588 inulta
2501 509 2614 588 non
2635 509 2951 588 potuerunt
2971 517 3340 587 exstinguere
3353 516 3722 588 charitatem,

2151 597 2256 635 nec
2279 580 2525 637 ﬂumina
2554 580 2803 639 obruent
2833 585 3033 641 illam:

2077 650 2135 706 Si
2151 653 2568 777 degqritthomo
2581 671 2674 710 om
2685 671 2814 711 nem
2834 655 3238 712 substantiam
3259 658 3470 716 domus
3485 676 3602 716 suae
3621 677 3725 734 pro

2258 740 2273 776 ι
2301 739 2363 777 ec
2395 740 2544 777 Ione.

2258 724 2544 790 ilectione,

2148 795 2314 865 quasi
2344 796 2489 850 nihil
2521 796 2847 868 despicient
2869 814 3004 854 eum
3038 802 3086 857 ί.

2076 864 2251 920 Soror
2282 871 2481 922 nostra
2515 864 2710 938 parva,

2146 939 2202 991 et
2234 938 2412 992 ubera
2436 955 2548 994 non
2582 938 2760 995 habet
2797 956 2812 994 :

2075 1006 2218 1072 Quid
2257 1009 2540 1065 faciemus
2571 1011 2757 1067 sorori
2790 1015 3001 1067 nostris

2145 1079 2206 1134 in
2240 1080 2332 1136 die
2354 1082 2590 1152 quando
2623 1082 2976 1155 alloquenda
2997 1086 3087 1139 est
3112 1083 3140 1137 ‘I

2074 1149 2134 1204 Si
2169 1149 2387 1207 murus
2405 1156 2516 1218 est,

2143 1222 2500 1299 aediﬁcamus
2531 1240 2709 1298 super
2739 1241 2874 1282 eum
2907 1224 3347 1298 propugnacula
3396 1230 3672 1299 argentea
3709 1244 3724 1286 :

2072 1290 2130 1346 Si
2167 1293 2381 1349 ostium
2405 1299 2516 1364 est,

2140 1365 2590 1436 compingamus
2621 1365 2764 1422 illud
2797 1366 3017 1423 tabulis
3039 1367 3315 1424 cedrinis.

2071 1432 2185 1506 Ego
2214 1432 2421 1492 murus
2454 1455 2467 1492 :
2509 1442 2566 1492 et
2599 1438 2778 1494 ubera
2809 1455 2941 1494 mea
2973 1440 3129 1495 sicut
3158 1440 3364 1506 turris,

2138 1524 2206 1588 ex
2237 1525 2351 1578 quo
2383 1509 2549 1565 facta
2578 1526 2710 1565 sum
2739 1527 2936 1568 coram
2967 1527 3034 1567 eo
3072 1512 3242 1582 quasi
3301 1528 3503 1585 pacem
3559 1529 3722 1587 repe-

2139 1595 2320 1636 riens.

2064 1649 2245 1706 Vinea
2277 1649 2385 1706 fuit
2419 1649 2682 1720 paciﬁco,

379 1702 1019 1794 gesiiscite-tisi‘neque
1050 1702 1322 1780 evigilare
1381 1713 1611 1770 faciatis
1653 1715 1950 1788 dilectam,
1981 1729 2031 1794 Β
2072 1702 2682 1794 jh‘éa’.“§h31i£b'ei’
2698 1723 2945 1794 populos
2976 1743 2989 1781 :

381 1771 566 1828 donec
594 1773 723 1845 ipsa
749 1773 913 1831 velit.

313 1839 570 1926 Quie‘es't.
597 1839 730 1926 ista,
763 1862 891 1917 quae
923 1851 1189 1926 ascendit
1217 1853 1289 1908 de
1315 1854 1569 1926 deserto,

381 1913 605 1995 deliciis
628 1913 896 1995 afﬂuens,
930 1919 1337 1995 innixasuper
1365 1913 1644 1984 dilectum
1668 1946 1843 1986 suum
1867 1931 1895 1987 ?

311 1984 431 2040 Sub
464 1987 670 2043 arbore
701 1990 855 2044 malo
879 1993 1154 2048 suscitavi
1189 1984 1286 2050 te-z

496 2065 770 2136 corrupta
801 2066 890 2116 est
924 2069 1110 2136 mater
1134 2069 1257 2136 tua,

379 2127 460 2184 ibi
493 2127 705 2187 violata
730 2138 818 2206 est
847 2134 1097 2206 genitrix
1122 2140 1222 2192 tua
1240 2127 1268 2191 ἐ

312 2198 464 2280 Pone
497 2217 586 2258 me
619 2208 682 2280 ut
712 2198 1076 2280 signaculum
1111 2225 1288 2280 super
1320 2227 1420 2266 cor
1450 2216 1620 2270 tuum
1659 2232 1674 2270 :

311 2275 377 2348 ut
401 2272 789 2348 signaculum
813 2293 991 2348 super
1015 2272 1320 2336 brachium
1351 2288 1557 2342 tuum:

309 2343 650 2419 Quia’fortis
683 2351 772 2402 est
795 2353 858 2402 ut
881 2343 1038 2405 fnors
1073 2351 1323 2419 dilectio,

381 2416 530 2472 dura
556 2418 711 2474 sicut
742 2419 1008 2477 infernus
1039 2416 1334 2481 aemulatio
1378 2442 1391 2480 :

383 2563 400 2596 ¹
435 2559 913 2633 Itaexemplaria
943 2566 1193 2624 Canonis
1223 2584 1357 2625 cum
1405 2570 1536 2628 aliis
1578 2590 1722 2629 mss.
1756 2576 1972 2632 codici-

307 2632 441 2715 bus,
480 2632 590 2687 ubi
624 2632 969 2691 constanter
999 2639 1282 2715 retinetur
1315 2645 1471 2715 quod
1533 2645 1847 2704 edidimus.
1912 2651 1972 2703 In

311 2704 482 2759 llebr.
534 2720 769 2776 quoque
799 2723 1032 2789 vercum
1067 2704 1452 2783 pluralis’est
1483 2718 1712 2773 numeri
1745 2735 1811 2774 ac
1844 2736 1972 2789 pro-

310 2809 525 2852 nomen
557 2796 953 2854 masculinum
976 2784 1034 2860 πί)
1054 2809 1194 2862 mm
1228 2811 1313 2863 ’με
1348 2805 1440 2860 bos
1470 2806 1752 2874 iabuzulo,
1784 2784 1859 2864 id-
1883 2813 1971 2865 est

2069 1793 2336 1848 Tradidit
2368 1810 2495 1848 eam
2519 1793 2867 1850 custodibus
2893 1812 2906 1850 :

2143 1864 2230 1918 vir
2260 1865 2426 1920 affert
2455 1882 2558 1936 pro
2591 1866 2781 1921 fructu
2813 1868 2941 1936 ejus
2973 1866 3136 1924 mille
3165 1872 3493 1941 argenteos.

2072 1936 2258 1991 Vinea
2289 1953 2419 1991 mea
2448 1953 2644 1992 coram
2674 1953 2765 1993 me
2792 1944 2900 1994 est.

2076 2006 2234 2062 Mille
2264 2009 2347 2062 tui
2382 2007 2628 2078 paciﬁci,

2147 2084 2204 2134 et
2232 2079 2467 2153 ducenti
2498 2079 2587 2153 his
2609 2079 2708 2153 qui
2739 2079 3080 2153 custodiunt
3103 2081 3328 2137 fructus
3357 2082 3507 2153 ejus.

2081 2152 2218 2217 Quae
2263 2149 2496 2205 habitas
2528 2150 2584 2204 in
2617 2149 2822 2220 hortis,
2856 2151 3026 2208 amici
3055 2149 3438 2210 auscultant:

2153 2223 2242 2275 fac
2273 2238 2364 2276 me
2382 2221 2584 2276 audire
2609 2239 2808 2278 vocem
2829 2227 3014 2277 tuam.

2085 2293 2263 2366 Fuge,
2297 2293 2506 2366 dilecte
2534 2293 2636 2360 mi,
2669 2298 2725 2349 et
2754 2293 3087 2350 assimilare
3118 2311 3337 2366 capreis

2154 2364 2510 2436 binnuloque
2540 2381 2843 2421 cervorum
2875 2381 3052 2437 super
3101 2364 3332 2423 montes
3377 2370 3728 2424 aromatum.

2080 2576 2472 2634 contemnendo
2503 2581 3018 2648 contemnenteum.
3067 2576 3434 2648 Augustinus
3494 2577 3735 2648 insuper

2082 2650 2282 2705 eodem
2318 2649 2488 2719 modo
2519 2647 2731 2719 legisse
2751 2649 2981 2702 videtur
3006 2664 3018 2700 :
3043 2647 3180 2717 quia
3202 2647 3559 2719 exemplaria
3588 2647 3729 2704 mss.

2082 2719 2315 2792 Speculi
2339 2718 2624 2792 scriptum
2657 2718 2876 2792 habent
2901 2719 3147 2774 verbum
3180 2719 3238 2773 in
3265 2718 3504 2790 plurali,
3545 2720 3728 2792 despi-

2080 2789 2245 2857 ci'ent,
2281 2807 2396 2847 non
2417 2789 2694 2862 derpiciet.
2727 2790 2914 2845 MART.

1542 2958 1780 3031 Explica
1811 2959 2100 3017 Canticum
2129 2959 2498 3016 canticorum.

1988 3148 2258 3156 ...σουλ-..⁵.
2277 3145 2560 3154 _‘-_.—--
2585 3145 2638 3152 ~——-—
2659 3145 2730 3152 —-——-
2753 3145 2864 3152 --——-—-

562 3277 1158 3366 PlUEFA'l'IO
1219 3282 1856 3372 HIEBONYMI
1913 3285 1967 3373 ll

2092 3283 2654 3373 DANIELEM
2712 3279 3453 3372 ΡΙὶΟΡΗΕΤΑΜ.

388 3632 683 3688 Danielem
713 3633 1052 3705 prophetam
1071 3636 1237 3706 juxta
1256 3639 1642 3711 Septuaginta
1667 3641 1960 3712 lnterpre-
1993 3641 2039 3709 C
2076 3657 2346 3697 sermone
2377 3640 2758 3712 conscriptos,
2791 3643 2848 3695 et
2904 3655 3078 3694 unam
3107 3638 3372 3694 Jeremiie
3419 3637 3723 3712 περικοπὴν

308 3727 404 3778 tes
444 3721 674 3778 Domini
705 3722 1021 3780 Salvatoris
1042 3725 1314 3782 Ecclesia:
1338 3744 1452 3784 non
1485 3728 1688 3799 legunt
1732 3734 1960 3786 utentes

308 3811 734 3868 Theodotionis
765 3811 1039 3880 editione,
1071 3818 1127 3869 et
1158 3814 1264 3870 hoc
1286 3831 1390 3870 cur
1421 3816 1719 3886 acciderit,
1742 3817 1958 3873 nescio.

303 3900 440 3956 Sive
469 3900 623 3957 enim
658 3901 798 3972 quia
817 3919 1009 3959 sermo
1022 3903 1371 3961 Chaldaicus
1392 3910 1500 3976 est,
1520 3909 1584 3969 et
1605 3906 1958 3977 quihusdam

308 3988 774 4060 proprietatibus
796 4007 828 4044 a
853 3996 1050 4047 nostro
1074 3991 1308 4062 eloquio
1331 3993 1964 4066 discrepat,noluerunt

308 4079 704 4149 Septuaginta
736 4081 1087 4152 Interpretes
1120 4083 1355 4137 easdem
1389 4081 1602 4155 linguae
1634 4085 1655 4118 ²
1687 4083 1871 4140 lineas
1902 4084 1961 4139 in

312 4167 706 4224 translatione
737 4184 970 4225 servare
1004 4186 1017 4226 :
1050 4172 1170 4226 sive
1201 4171 1312 4226 sub
1346 4172 1579 4228 nomine
1637 4190 1840 4229 eorum
1890 4174 1963 4230 ab

308 4256 431 4314 alio
463 4258 656 4314 nescio
687 4274 803 4328 quo
834 4275 951 4313 non
985 4261 1126 4314 satis
1144 4259 1471 4320 Chaldaeam
1528 4261 1793 4333 linguam
1847 4263 1966 4319 sci-

308 4351 470 4412 ente,
505 4346 699 4402 editus
731 4347 880 4401 liber
908 4353 1035 4404 est:
1069 4349 1190 4404 sive
1220 4349 1378 4404 aliud
1413 4351 1549 4421 quid
1578 4367 1770 4408 causai
1785 4352 1966 4408 exsti-

309 4436 456 4491 terit
487 4436 762 4507 ignorans
797 4453 815 4497 :
844 4437 950 4493 hoc
983 4455 1167 4493 unum
1191 4439 1485 4496 afﬁrmare
1518 4457 1783 4512 possum,
1809 4443 1964 4514 quod

313 4523 573 4579 multum
606 4542 640 4580 a
669 4525 906 4582 veritate
927 4527 1240 4593 discordet,
1273 4533 1328 4582 et
1360 4533 1514 4582 recto
1536 4529 1763 4598 judicio
1795 4546 1966 4602 repu-

312 4613 626 4669 diatussit.
666 4614 973 4670 Sciendum
1006 4616 1244 4686 quippe,
1281 4615 1577 4671 Danielem
1602 4617 1624 4650 ³
1648 4617 1969 4674 maximeet

313 4703 547 4770 Ezram,
576 4704 877 4758 Hebraicis
915 4703 1151 4774 quidem
1196 4704 1443 4774 litteris;
1502 4705 1603 4760 sed
1661 4705 1968 4764 Cbaldaico

394 4845 411 4880 ί
447 4844 617 4918 ilunc
636 4844 970 4918 Hieronymi
1002 4845 1334 4917 prologum,
1365 4845 1675 4918 ipsamque
1730 4864 1966 4904 omnem

317 4915 580 4990 Danielis
605 4915 1145 4990 interpretationem
1175 4915 1471 4990 _Latinam_
1513 4915 1591 4973 ex'
1612 4919 1836 4990 integro
1859 4921 1960 4975 ad-

2070 3730 2180 3786 Job
2213 3746 2445 3800 quoque
2485 3746 2616 3784 cum
2647 3728 2890 3783 Arabica
2914 3727 3117 3798 lingua
3147 3727 3362 3781 habere
3403 3725 3722 3796 plurimam

2067 3819 2428 3874 societatem.
2467 3817 2721 3888 Denique
2759 3820 2817 3870 et
2860 3831 2965 3886 ego
3024 3813 3525 3884 adolescentulus,
3587 3818 3721 3886 post

2069 3905 2416 3970 Quintiliani
2445 3913 2501 3961 et
2535 3904 2709 3959 Tullii
2740 3903 3045 3958 lectionem
3068 3919 3135 3958 ac
3172 3903 3342 3958 ﬂores
3374 3901 3720 3968 rhetoricos,

2071 4011 2203 4051 cum
2240 4011 2328 4049 me
2361 3994 2419 4049 in
2453 3993 2663 4065 linguas
2698 3993 2876 4062 hujus
2901 3991 3215 4064 pistrinum
3239 3990 3639 4060 reclusissem,
3663 3995 3724 4046 et

2073 4082 2255 4139 multo
2286 4083 2516 4149 sudore,
2550 4082 2853 4152 multoque
2885 4087 3143 4152 tempore
3173 4081 3266 4134 vix
3291 4080 3598 4151 cmpissem
3616 4096 3722 4135 an-

2073 4171 2332 4227 helantia
2361 4170 2786 4240 stridentiaque
2817 4169 2992 4223 verba
3025 4185 3316 4235 resonare,
3341 4173 3398 4223 et
3424 4167 3588 4239 quasi
3623 4184 3726 4240 per

2073 4267 2332 4334 cryptam
2379 4258 2708 4328 ambulans,
2743 4274 2941 4313 rarum
2969 4259 3221 4329 desuper
3256 4257 3454 4312 lumen
3501 4257 3726 4330 aspice-

2075 4367 2220 4419 rem,
2243 4350 2460 4421 impegi
2493 4348 2832 4417 novissime,
2861 4347 2922 4402 in
2943 4346 3267 4412 Danielem,
3289 4352 3348 4402 et
3371 4351 3530 4402 tanto
3552 4347 3725 4402 taedio

2075 4440 2318 4495 affectus
2342 4456 2496 4503 sum,
2530 4442 2593 4492 ut
2621 4436 3023 4508 desperatione
3054 4435 3251 4491 subita
3296 4451 3510 4490 omnen
3567 4442 3725 4493 vete-

2074 4546 2194 4584 rem
2225 4529 2484 4583 laborem
2513 4525 2798 4581 voluerim
2833 4529 3228 4594 contemnere,
3262 4524 3473 4580 Verum
3513 4525 3728 4581 adhor-

2076 4622 2237 4674 tante
2259 4633 2351 4672 me
2371 4616 2626 4687 quodam
2653 4614 2908 4681 Hebraeo,
2933 4617 2990 4669 et
3007 4611 3151 4667 illud
3171 4611 3315 4667 mihi
3347 4613 3609 4670 crebrius
3632 4615 3731 4670 in‘.

2078 4706 2403 4777 sualingua
2433 4704 2735 4776 ingerente
2765 4704 2808 4771 ⁵,
2831 4702 3006 4759 Labor
3033 4703 3222 4757 omnia
3251 4703 3425 4758 vincit
3446 4704 3726 4775 improbus

2078 4864 2202 4919 cap.
2230 4864 2287 4902 iv
2318 4849 2388 4919 ad
2421 4863 2548 4917 cap.
2573 4863 2672 4910 vn,
2696 4861 2866 4913 vers,.
2891 4844 2982 4919 27.
3015 4843 3281 4899 Jeremia:
3303 4845 3538 4900 tandem
3573 4847 3726 4917 peri-

2077 4915 2218 4990 cope
2249 4915 2560 4974 Clialdaice
2588 4919 2807 4990 scripta
2830 4915 3060 4990 legitur
3085 4932 3326 4990 capixv
3355 4932 3506 4972 vers.
3544 4915 3629 4986 11,
3665 4919 3726 4974 in

319 4989 474 5043 duos
506 4988 742 5076 opiimas
769 4986 907 5076 cum
936 4990 1145 5076 primis
1175 4995 1323 5045 notae
1346 4986 1970 5076 codrices‘mss.—exegi-
2002 5013 2049 5076 ι)
2083 4986 2295 5076 nostra
2317 4990 2571 5044 editione
2601 4986 2749 5076 vei's.
2783 4987 2964 5076 32333.3
2994 4991 3051 5076 et
3080 4987 3167 5042 34.
3202 4986 3392 5076 MART:

323 5075 482 5126 mus,
528 5059 776 5114 alterum
810 5059 1142 5114 Palatinum
1177 5077 1418 5116 numero
1436 5061 1490 5130 3,
1524 5060 1770 5118 alterum
1804 5059 1970 5119 Veii-

324 5145 540 5202 canum
575 5146 819 5186 numero
850 5133 954 5185 333
986 5137 1356 5202 praenotatos.

402 5201 424 5235 ³
454 5201 657 5276 Plures
691 5219 828 5257 mss.
863 5201 1142 5276 omittunt
1171 5219 1366 5276 vocem
1401 5203 1629 5276 linguae,
1661 5203 1861 5276 sicque
1891 5204 1971 5260 le-

326 5277 479 5348 gunt
532 5273 705 5327 etiam
764 5274 1114 5348 vetustiores
1150 5291 1162 5328 :
1204 5274 1560 5348 _Nolueru_nt_
1593 5273 1975 5348 Septuaginta

327 5345 687 5470 I{interpretes
717 5346 950 5402 easdem
984 5346 1170 5400 lineas
1201 5345 1258 5400 in
1293 5345 1679 5402 translatione
1721 5345 1973 5404 servare.

390 5431 518 5470 sar.

390 5431 518 5470 ΛΒΤ.

401 5486 762 5561 —_F_ortasse
791 5488 984 5544 verius
1039 5487 1280 5561 Palatin.
1338 5503 1450 5542 ms.
1512 5487 1728 5560 aliique
1779 5489 1976 5561 plures

333 5557 489 5629 apud
524 5557 949 5627 Martianaaum,
980 5559 1200 5616 easdem
1230 5560 1426 5625 lineas,
1459 5557 1976 5628 voceintermedia,

332 5629 548 5700 lingua
577 5631 988 5700 praetermissa.

459 5701 611 5775 aniel
667 5701 980 5758 Chaldaico
1037 5717 1305 5757 sermone
1364 5702 1728 5775 conscriptus
1785 5707 1874 5761 est
1946 5721 1980 5758 a

335 5787 507 5828 versu
529 5773 563 5826 2
594 5789 722 5848 cap.
759 5775 832 5831 ad
862 5790 990 5849 cap.
1023 5791 1142 5831 vm.
1185 5775 1400 5830 Esdras
1449 5773 1614 5830 vero_
1637 5791 1672 5831 a
1727 5792 1896 5832 versu
1945 5779 1979 5832 8

2151 5093 2218 5102 —-
2251 5061 2373 5117 Non
2407 5078 2440 5114 a
2470 5061 2746 5127 secundo,
2799 5064 2864 5114 ut
2885 5058 3249 5113 Martianaeus
3298 5063 3486 5129 putat,
3545 5059 3645 5114 sed
3695 5077 3731 5116 a

2123 5137 2289 5188 uarto
2303 5132 2512 5203 capitis
2529 5131 2962 5203 secundiversu
2987 5146 3172 5203 usque
3197 5129 3518 5203 adfinitium
3543 5133 3734 5186 octavi

2123 5151 2289 5188 uerto
2303 5151 2512 5203 capitis
2529 5151 2774 5188 SCCUDGI
2790 5151 2960 5185 VBX‘SU
2987 5151 3172 5200 usque
3197 5151 3267 5184 δια
3287 5151 3518 5184 ΙΠΙιΙυῐΙ]
3543 5151 3730 5186 οοῐδνι

2080 5151 2392 5260 ἓὴθιᾱιιίοθ
2423 5204 2677 5276 scriptus
2709 5207 2799 5258 est
2825 5200 3047 5276 Daniei,
3082 5201 3234 5276 quod
3258 5202 3316 5255 S.
3339 5200 3463 5271 ipse
3482 5201 3650 5276 Pater
3669 5203 3730 5276 in

2081 5275 2516 5332 Commentario
2541 5272 2558 5276 ”
2587 5279 2856 5330 testatur.
2916 5273 3133 5327 Esdras
3165 5272 3236 5326 ab
3262 5277 3462 5327 octavo
3519 5273 3731 5332 canitis

2083 5347 2300 5424 quarti,
2336 5346 2408 5401 ad
2439 5345 2754 5424 septimum
2785 5360 3020 5424 versum
3043 5341 3256 5423 capitis
3298 5358 3474 5424 xxv”,
3496 5341 3731 5424 etiam:

2083 5414 2211 5474 mia}
2238 5414 2733 5489 nspmonﬂtribus
2781 5420 3056 5489 constans
3112 5414 3476 5470 versiculisa
3530 5418 3602 5472 32
3656 5417 3732 5473 ad

2083 5491 2152 5546 34
2184 5487 2390 5559 capitis
2448 5489 2654 5544 decimi
2690 5487 3067 5544 Chaldaicum
3108 5501 3434 5540 sermonem
3497 5494 3726 5544 sonant.

2158 5562 2176 5595 ‘
2210 5560 2488 5616 Voculam
2523 5562 2581 5614 in
2614 5559 2915 5615 Palatinus
2964 5573 3075 5612 ms.
3110 5560 3281 5621 tacet,
3325 5562 3397 5632 ut_
3438 5561 3496 5612 et
3552 5560 3728 5632 paulo

2087 5637 2220 5687 ante
2271 5632 2366 5686 alii
2400 5633 2551 5702 apud
2587 5631 2990 5686 Martianaeum
3021 5643 3234 5702 nomen
3258 5627 3510 5698 quodam.

2157 5699 2590 5774 “Virgilianum
2625 5703 2769 5758 illud
2823 5705 2910 5757 est
2965 5715 3053 5754 ei
3111 5699 3306 5769 Geory.
3367 5706 3724 5758 mutuatum.

2086 5774 2274 5830 MART.
