4090 6192
460 265 485 319 1
494 263 600 319 359

1515 255 1575 307 8.
1615 248 2023 305 HIERONYMI
2058 245 2312 300 DIVINA’
2345 241 2841 299 BIBLIOTHECA.

3669 64 3850 89 ιΊΕ-τζ
3857 71 3868 86 ί
3875 66 3898 89 ἴ
3911 68 3922 74 “

3691 239 3796 294 1360

357 356 370 364 ’
456 389 557 463 qui
589 389 698 458 [AL
730 387 787 442 et
815 383 939 456 qui]
973 380 1112 438 mihi
1152 378 1392 434 videbar
1445 374 1663 433 sciolus
1720 373 1874 463 inter
1922 386 2021 426 eos
2055 371 2100 436 ί,
2131 368 2182 435 Α
2213 366 2571 439 exemplum,
2603 365 2704 422 ubi
2728 365 3080 439 legissemus
3115 365 3177 420 in
3236 367 3358 463 toto
3404 363 3589 463 Yeteri
3637 365 3804 421 Testa-

455 462 601 549 ccepi
636 491 871 533 rursum
904 468 1233 540 discipulus
1265 483 1394 524 esse
1427 464 1796 521 Chaldaieus.
1833 462 1898 516 Et.
1929 465 2104 515 utve.

458 585 588 626 rum
621 568 823 631 fatear,
856 574 1039 632 usque
1063 558 1132 613 ad
1167 560 1513 629 praesentem
1546 554 1701 610 diem
1738 550 1926 622 magis
1967 565 2106 621 pos-

456 672 590 717 sum
621 665 953 710 sermonem
986 645 1368 704 Chaldaicum
1400 645 1590 718 legere
1646 648 1704 698 et
1760 639 2105 710 intelligere,

459 759 637 816 quam
671 754 899 796 sonare.
933 737 1064 792 Haec
1093 735 1332 798 idcirco,
1368 738 1432 788 ut
1462 734 1482 766 ²
1514 729 1921 788 difficultatem
1945 727 2108 816 vobis

460 815 717 888 Danielis
747 827 1142 892 ostenderem,
1174 823 1271 895 qui
1303 823 1456 893 apud
1516 821 1784 876 Hebraeos
1842 832 1946 873 nec
1993 815 2107 870 Su-

461 937 659 978 sanna:
691 918 866 974 habet
896 913 1224 981 historiam,
1258 927 1362 967 nec
1385 911 1667 982 hymnum
1687 909 1868 964 trium
1901 919 2107 978 puero-

459 1027 613 1076 rum,
639 1024 746 1064 nec
777 1005 949 1072 Belis,
985 1002 1376 1073 draconisque
1417 997 1646 1055 fabulas
1680 1013 1694 1053 :
1729 1013 1875 1068 quas
1929 1011 2036 1050 nos
2065 993 2107 1044 ³»

455 1099 599 1171 quia
654 1097 713 1152 in
753 1100 872 1152 toto
923 1093 1061 1148 orbe
1107 1092 1390 1163 dispersae
1416 1092 1577 1157 sunt,
1599 1103 1735 1143 veru
1768 1093 1822 1153 ἐκ
1868 1087 2108 1155 antepo-

455 1190 571 1245 sito
597 1189 641 1255 ‘,
673 1183 1234 1256 easquejugulante,
1258 1179 1624 1250 subjecimus
1657 1192 1758 1232 :ne
1779 1176 2111 1230 videremur

454 1277 610 1350 apud
639 1274 942 1346 imperitos
971 1285 1245 1342 magnam
1274 1273 1499 1340 partem
1525 1265 1842 1321 voluminis
1864 1265 2108 1319 detrun-

455 1382 642 1423 casse.
678 1362 886 1420 Audivi
917 1377 1023 1433 ego
1054 1359 1374 1432 quemdam
1400 1357 1472 1412 de
1501 1353 1957 1428 praeceptoribus
2002 1355 2106 1406 Ju-

457 1457 742 1524 dzeorum,
773 1467 907 1508 cum
963 1455 1249 1505 Susannaa
1282 1446 1572 1502 derideret
1597 1443 1926 1511 historiam,
1961 1448 2019 1496 et
2073 1456 2108 1495 a

457 1545 654 1600 Greco
685 1540 885 1598 nescio
918 1555 1032 1610 quo
1064 1538 1282 1593 diceret
1311 1551 1440 1591 esse
1470 1532 1800 1596 conﬁctam,
1834 1530 1975 1586 illud
2000 1546 2102 1601 op-

459 1648 696 1706 ponere,
731 1630 886 1702 quod
919 1626 1152 1700 Origeni
1184 1639 1417 1698 quoque
1441 1623 1752 1679 Africanus
1771 1618 2104 1706 opposuit‘,

2217 462 2434 522 mento,
2455 472 2806 528 quemquam
2821 459 3158 512 sanctorum
3178 453 3339 526 gravi
3353 453 3572 510 volasse
3587 469 3805 525 corpore,

2215 553 2270 600 et
2309 544 2368 599 in
2401 547 2615 614 puncto
2647 543 2800 598 horae
2830 546 2995 597 tanta
3019 547 3305 596 terrarum
3336 540 3527 612 spatia
3548 539 3806 596 transisse.

2216 633 2317 688 Cui
2349 650 2482 689 cum
2517 633 2754 705 quidam
2798 649 2828 687 e
2887 631 3106 686 nostris
3165 630 3314 685 satis
3365 629 3436 684 ad
3495 628 3805 698 loquendum

2216 721 2606 795 promptulus,
2639 719 2993 778 Ezechielem
3016 719 3353 775 adduxisset
3385 719 3442 772 in
3475 719 3732 784 medium,
3765 724 3813 773 et

2217 813 2436 868 diceret
2455 828 2590 866 eum
2623 812 2696 867 de
2723 810 2993 866 Chaldaaa
3021 811 3080 865 in
3111 810 3370 864 Judaeam
3394 807 3571 863 fuisse
3598 807 3811 864 transla-

2219 905 2343 956 tum
2376 919 2388 957 ε
2422 900 2626 956 derisit
2661 900 2979 967 hominem,
3011 904 3068 954 et
3107 915 3176 954 ex
3229 897 3357 969 ipso
3409 896 3690 952 volumine
3731 897 3811 952 de-

2220 989 2565 1045 monstravit
2594 986 2950 1046 Ezechieiem
2983 987 3043 1042 in
3076 987 3287 1060 spiritu
3312 1002 3374 1044 se
3402 985 3613 1042 vidisse
3655 991 3808 1040 trans-

2217 1080 2495 1150 positum.
2527 1078 2791 1150 Denique
2821 1081 2878 1134 et
2906 1076 3248 1150 Apostolum
3274 1079 3560 1144 nostrum,
3587 1075 3813 1130 videlicet

2219 1172 2283 1224 ut
2314 1167 2608 1224 eruditum
2640 1167 2860 1235 virum,
2892 1171 2950 1222 et
2980 1165 3082 1238 qui
3116 1170 3302 1238 legem
3326 1167 3399 1221 ab
3419 1165 3662 1221 Hebraeis
3689 1163 3810 1219 didi-

2215 1257 2417 1326 cisset,
2452 1273 2564 1312 non
2597 1256 2778 1312 fuisse
2809 1273 3020 1312 ausum
3071 1254 3366 1311 afﬁrmare
3423 1270 3488 1310 se
3535 1257 3740 1326 raptum
3765 1252 3812 1308 in

2214 1362 2474 1418 corpore,
2507 1346 2606 1402 sed
2641 1345 2859 1402 dixisse
2891 1362 2904 1400 :
2938 1345 3066 1400 Sive
3124 1347 3185 1400 in
3241 1359 3484 1416 corpore,
3540 1345 3647 1398 sive
3687 1351 3814 1398 cetra

2214 1450 2430 1506 corpus,
2477 1435 2678 1501 nescio,
2728 1435 2867 1490 Deus
2922 1433 3027 1490 scit
3074 1434 3146 1502 (II
3193 1432 3315 1489 Cor.
3366 1448 3478 1500 xu,
3517 1431 3573 1503 2)
3624 1430 3712 1486 His
3770 1434 3816 1486 et

2214 1524 2435 1580 talibus
2464 1523 2824 1594 argumentis
2855 1521 3219 1596 apocryphas
3266 1522 3326 1577 in
3385 1521 3536 1576 libro
3591 1519 3815 1576 Ecclesia

2217 1613 2447 1670 fabulas
2477 1613 2780 1685 arguebat.
2804 1613 2992 1685 Super
3013 1629 3128 1684 qua
3157 1629 3218 1668 re
3246 1611 3486 1668 lectoris
3508 1609 3722 1666 arbitrio
3743 1611 3817 1680 ja-

461 1699 520 1778 ὲι
577 1699 960 1793 etymologiae
990 1699 1097 1772 has
1129 1714 1234 1768 ἀπὸ
1272 1715 1373 1766 τοῦ
1405 1710 1600 1786 σχίνου
1631 1707 1837 1783 σχίσαι,
1873 1705 1964 1761 καὶ
2001 1705 2105 1760 ἀπὸ

2221 1703 2435 1760 dicium
2466 1703 2900 1774 derelinquens,
2935 1701 3080 1758 illud
3124 1703 3432 1770 admoneo,
3493 1717 3604 1756 non
3657 1699 3820 1755 haberi

459 1812 556 1863 τοῦ
578 1807 770 1883 πρίνου
795 1805 1006 1881 πρίσω,
1041 1805 1112 1860 de
1154 1807 1347 1859 Graeco
1405 1815 1674 1856 sermone
1730 1796 2101 1854 descendere.

459 1899 641 1970 Cujus
672 1897 755 1952 rei
774 1912 880 1951 nos
901 1893 1348 1963 intelligentiam
1374 1889 1590 1946 nostris
1611 1887 1762 1943 hanc
1786 1901 2103 1958 possumus

458 1988 635 2043 dare:
671 1985 762 2053 Ut,
821 1983 985 2040 verbi
1040 1981 1248 2054 gratia,
1289 1979 1556 2036 dicamus
1597 1978 1670 2032 ab
1714 1977 1918 2032 arbore
1973 1973 2103 2029 ilice

457 2075 673 2133 dixisse
696 2090 855 2143 eum,
885 2072 1048 2128 Illico
1081 2086 1284 2142 pereas
1319 2073 1412 2124 :et
1440 2085 1474 2123 a
1503 2065 1771 2134 lentisco,
1792 2064 1856 2120 In
1887 2063 2103 2120 lentem

455 2171 512 2221 te
541 2164 904 2220 comminuat
934 2159 1204 2232 angelus,
1234 2157 1322 2214 vel
1377 2173 1491 2213 non
1535 2155 1692 2211 lente
1749 2169 1974 2226 pereas,
2005 2156 2106 2208 aut

456 2255 675 2323 lentus,
706 2252 764 2307 id
796 2255 888 2306 est
919 2247 1191 2304 ﬂexibilis
1222 2246 1458 2302 ducaris
1515 2245 1588 2299 ad
1651 2247 1897 2298 mortem
1935 2259 1948 2296 :
1982 2242 2104 2297 sive

459 2343 620 2399 aliud
653 2341 793 2414 quid
827 2340 900 2395 ad
931 2338 1156 2394 arboris
1187 2352 1400 2391 nomen
1453 2334 1825 2390 conveniens.
1887 2331 2107 2387 Deinde

457 2435 690 2488 tantum
713 2427 895 2484 fuisse
923 2427 1023 2482 otii
1052 2427 1073 2462 ⁸
1106 2425 1294 2481 tribus
1325 2423 1524 2496 pueris
1541 2421 1947 2487 cavillabatur,
1971 2421 2104 2476 utin

459 2519 690 2576 camino
721 2516 1026 2574 aestuantis
1047 2513 1302 2571 incendii
1335 2516 1520 2568 metro
1565 2511 1851 2576 luderent,
1917 2513 1974 2565 et
2005 2526 2108 2581 per

456 2608 723 2667 ordinem
759 2607 832 2663 ad
857 2605 1092 2663 laudem
1125 2602 1226 2660 Dei
1259 2601 1458 2660 omnia
1487 2599 1779 2657 elementa
1823 2615 2105 2670 provoca-

457 2704 589 2758 rent
621 2717 634 2755 :
667 2703 770 2755 aut
801 2697 953 2770 quod
978 2692 1694 2763 miraculum,divinaaque
1726 2689 2108 2762 aspirationes

454 2790 765 2860 indicium,
789 2787 875 2844 vel
908 2789 1219 2843 draconem
1259 2783 1634 2840 interfectum
1667 2781 1783 2838 oil‘a
1819 2781 1988 2854 picis,
2055 2779 2106 2837 el

457 2879 828 2936 sacerdotum
859 2876 1010 2932 Belis
1033 2873 1338 2932 machinas
1360 2872 1761 2944 deprehensas
1791 2889 1805 2927 :
1832 2887 1957 2943 quae
1980 2887 2108 2927 ma-

457 2971 544 3039 gis
576 2969 888 3042 prudentia
917 2965 1152 3023 solertis
1173 2965 1304 3035 viri,
1329 2979 1504 3035 quam
1552 2961 1876 3035 prephetali
1907 2966 2109 3018 essent

453 3062 540 3116 Al.
570 3059 721 3134 esse]
755 3059 968 3131 spiritu
1002 3060 1334 3130 perpetrata
1361 3055 1388 3110 ?
1418 3058 1559 3109 Cum
1585 3070 1716 3110 vero
1747 3053 1816 3109 ad
1832 3053 2104 3109 Habacuc
2137 3097 2181 3165 Ο

458 3149 678 3206 veniret
693 3153 750 3205 et
772 3149 842 3206 de
861 3148 1066 3205 Judaa
1086 3149 1142 3202 in
1174 3146 1504 3202 Chaldaeam
1527 3148 1759 3217 raptum
1791 3144 2105 3212 discopho-

460 3257 592 3298 rum
639 3239 747 3312 [Αἱ.
799 3238 1344 3308 discumferentem]
1395 3235 1762 3293 lectitaret":
1816 3235 2115 3308 quaerebat

539 3419 556 3454 ¹
588 3418 800 3474 Verius
831 3417 926 3474 hic
958 3434 1189 3491 quoque
1226 3419 1456 3491 videtur
1486 3417 1544 3472 in
1578 3417 1822 3491 Palatin.
1855 3434 1967 3491 ms.
1999 3417 2114 3491 legi

469 3491 675 3547 sciolus
704 3493 858 3545 inter
895 3488 1198 3546 Hebraeo“
1268 3490 1420 3560 quod
1481 3505 1694 3545 nomen
1755 3488 2114 3548 luculentius

471 3567 801 3616 onnonetur
821 3560 1100 3616 Chaleaao.

471 3567 801 3668 opponatur
821 3567 1100 3616 Ghaleaeo.

596 3633 735 3690 Plus
765 3633 984 3688 habent
1013 3633 1128 3688 duo
1179 3648 1323 3687 mss.
1385 3633 1509 3688 Haec
1574 3630 1778 3688 idcirco
1823 3631 1972 3704 dixi,
2029 3641 2110 3704 ut,

470 3708 943 3831 eugoltel'ellendis
975 3791 1108 3830 eum
1167 3773 1417 3846 Erasmi,
1468 3779 1604 3846 tum
1656 3773 1880 3844 Clerici,
1936 3779 2112 3846 atque

467 3847 717 3903 aliorum
741 3863 809 3902 ex
833 3847 1013 3928 hujus
1031 3847 1337 3928 occasione
1369 3845 1827 3928 lo_ci.calumnii.s
1844 3845 2110 3928 in_I_i.ie’ro-

463 3935 706 4002 nymum
738 3919 878 3973 satis
896 3919 1247 4000 abundeque
1269 3918 1363 3986 sit,
1383 3920 1454 3972 ab
1491 3918 1742 3987 ipsemet
1782 3918 2110 4000 intelligere

463 3990 615 4047 libro
649 4007 690 4044 ιι
723 4007 885 4045 num.
918 3991 988 4045 33
1019 4007 1078 4045 in
1112 3989 1392 4044 Ruﬁnum
1426 4004 1538 4058 qua
1573 3989 1693 4044 haec
1725 3994 1920 4044 mente
1948 3989 2108 4044 dixe-

461 4063 558 4129 rit,
591 4066 648 4116 et
673 4078 788 4132 quo
819 4061 1001 4133 accipi
1032 4077 1208 4116 sensu
1239 4060 1378 4116 velit
1403 4033 1480 4115 εΊα
1504 4059 1584 4116 De
1605 4060 1860 4127 Daniele,
1893 4059 2106 4133 inquit,

462 4131 710 4189 breviter
740 4131 1124 4204 respondebo,
1148 4148 1242 4186 me
1272 4148 1386 4187 non
1419 4147 1666 4204 negasse
1698 4147 1832 4204 eum
1857 4131 2105 4203 prophe-

462 4209 785 4275 tam,quem
819 4202 1022 4260 statim
1055 4203 1114 4258 in
1139 4203 1328 4275 fronte
1359 4202 1583 4274 prolegi
1617 4202 2107 4274 prephetam’esse

461 4274 767 4332 confessus
796 4293 926 4332 sum
961 4294 974 4332 :
1019 4276 1117 4332 sed
1152 4274 1291 4347 quid
1325 4291 1545 4330 assam
1568 4275 1847 4342 dicerent,
1881 4280 1938 4329 et
1967 4275 2104 4344 qui-

459 4348 571 4403 bus
602 4347 962 4420 argumentis
994 4346 1522 4402 suam’niterentur
1571 4347 1816 4420 probare
1859 4351 2103 4420 senten-

458 4419 624 4489 tiam,
657 4418 912 4474 voluisse
943 4425 1294 4474 monstrare.
1330 4441 1357 4467 ››
1386 4422 1452 4471 Et
1473 4418 1648 4488 paulo
1671 4423 1802 4488 post
1833 4435 1851 4472 :
1885 4441 1913 4467 ι(
1937 4419 2097 4482 Quod

2212 1792 2513 1848 Danielem
2545 1793 2699 1864 apud
2732 1791 3003 1847 Hebraeos
3033 1791 3186 1848 inter
3216 1791 3555 1865 prophetas,
3585 1790 3675 1845 sed
3703 1790 3822 1845 inter

2210 1898 2310 1937 eos
2341 1881 2442 1954 qui
2475 1880 2809 1958 Ἀγιόγραφα
2833 1881 3330 1954 conscripserunt.
3384 1883 3448 1936 In
3503 1885 3616 1935 tres
3667 1878 3819 1950 siqui-

2211 1971 2341 2027 dem
2379 1976 2575 2044 partes
2606 1971 2801 2027 omnis
2833 1971 2905 2027 ab
2931 1971 3016 2027 eis
3047 1971 3351 2043 Scriptura
3395 1969 3669 2026 dividitur
3689 1968 3706 2002 ⁸
3732 1984 3744 2022 :
3770 1968 3818 2022 in

2213 2063 2446 2131 Legem,
2477 2059 2536 2114 in
2588 2059 2927 2132 PrOphelas,
2989 2060 3048 2115 in
3099 2057 3460 2136 Ἀγιόγραᾳι,
3517 2059 3576 2113 id
3631 2061 3726 2124 est,
3772 2057 3821 2112 in

2214 2148 2496 2220 quinque,
2528 2153 2585 2204 et
2614 2155 2764 2217 octo,
2797 2149 2934 2204 etin
2968 2149 3239 2205 undecim
3262 2147 3445 2204 libros
3480 2165 3494 2204 :
3527 2149 3595 2203 de
3615 2162 3821 2219 quonon

2214 2241 2304 2293 est
2333 2237 2512 2310 hujus
2535 2238 2819 2309 temporis
2851 2237 3158 2294 disserere.
3191 2243 3326 2306 Quae
3379 2242 3578 2294 autem
3639 2254 3697 2293 ex
3738 2235 3825 2291 hoc

2215 2327 2519 2398 propheta,
2564 2327 2680 2382 imo
2712 2332 2913 2383 contra
2929 2327 3087 2384 hunc
3109 2327 3347 2396 librum,
3382 2327 3726 2399 Porphyrius
3743 2325 3828 2382 ob-

2208 2416 2398 2486 jiciat,
2423 2419 2595 2471 testes
2620 2421 2759 2472 sunt
2778 2417 3135 2487 Methodius,
3155 2417 3468 2484 Eusebius,
3486 2415 3826 2490 Apollinaris:

2217 2505 2314 2578 qui
2348 2505 2550 2562 multis
2581 2522 2817 2562 versum
2851 2507 3112 2563 millibus
3159 2509 3288 2578 ejus
3326 2507 3576 2563 vesaniae
3624 2521 3828 2578 respon-

2217 2595 2442 2664 dentes,
2467 2595 2660 2650 nescio
2682 2612 2757 2651 an
2783 2596 3013 2652 curioso
3039 2595 3241 2651 lectori
3265 2595 3676 2652 satisfecerint.
3695 2593 3832 2650 Unde

2216 2684 2458 2740 obsecro
2488 2701 2611 2754 vos,
2643 2701 2675 2740 ο
2710 2685 2890 2741 Paula
2919 2689 2977 2741 et
3018 2685 3421 2756 Eustochium,
3475 2686 3725 2741 fundatis
3749 2699 3829 2756 pro

2216 2791 2311 2831 me
2341 2775 2411 2830 ad
2433 2775 2748 2830 Dominum
2771 2791 2971 2848 preces
2995 2792 3010 2831 :
3036 2781 3102 2832 ut
3117 2776 3378 2848 quandiu
3401 2775 3464 2832 in
3489 2775 3596 2832 hoc
3629 2791 3832 2848 corpus-

2215 2864 2348 2922 culo
2379 2882 2534 2936 sum,
2563 2866 2816 2922 scribam
2849 2865 3069 2940 aliquid
3089 2873 3319 2939 gratum
3349 2868 3540 2935 vobis,
3575 2867 3708 2923 utile
3747 2867 3826 2922 Ec-

2215 2952 2679 3026 clesite,dignum
2704 2955 2974 3027 posteris.
3003 2956 3376 3013 Praesentium
3401 2957 3645 3030 quippej
3657 2955 3832 3012 udiciia

2218 3059 2332 3097 non
2363 3043 2505 3098 satis
2537 3060 2774 3100 moveor
2805 3061 2818 3099 :
2853 3045 2952 3116 qui
3003 3045 3063 3100 in
3115 3049 3425 3116 utramque
3494 3052 3728 3118 partem,
3753 3048 3832 3100 aut

2223 3147 2420 3188 amore
2450 3131 2748 3202 labuntur,
2784 3137 2884 3190 aut
2913 3133 3066 3190 odio.

2223 3415 2393 3472 nobis
2423 3416 2702 3472 adnotata
2726 3420 2884 3473 sunt.

2292 3487 2584 3543 ‘Consule
2615 3488 3022 3544 adnotationes
3053 3489 3298 3546 Leandri
3329 3491 3402 3547 de
3426 3494 3486 3548 S.
3518 3491 3748 3548 Martiae
3783 3488 3827 3544 in

2222 3559 2372 3633 hanc
2395 3558 2727 3633 Hieronymi
2753 3561 3175 3633 Praefationem,
3209 3562 3306 3618 ubi
3338 3563 3431 3619 vir
3479 3565 3680 3620 doctus
3723 3563 3827 3633 jure

2222 3631 2428 3687 merito
2460 3631 2836 3704 reprehendit
2882 3636 3219 3698 Erasmum,
3260 3636 3360 3704 qui
3391 3640 3618 3692 temere
3666 3631 3828 3690 contra

2223 3706 2479 3778 mentem
2512 3701 2570 3778 S.
2595 3702 2890 3778 _l_)_octoris,
2911 3720 3053 3759 usus
3073 3701 3338 3778 Ecclesiae
3361 3706 3647 3778 sugillare
3667 3705 3831 3778 nititur

2221 3774 2278 3828 in
2301 3775 2427 3829 suis
2449 3772 2710 3846 scholiis,
2737 3791 3159 3846 nonnunquam
3185 3776 3337 3832 male
3357 3772 3672 3845 concoctis,
3694 3777 3831 3846 quid-

2220 3847 2360 3916 quid
2403 3845 2581 3899 velint
2637 3845 3022 3902 admiratores
3071 3847 3238 3902 nimii
3297 3850 3651 3906 eruditionis
3695 3845 3826 3903 Eras-

2220 3917 2450 3984 mianae,
2483 3933 2549 3972 ac
2579 3933 2784 3986 parum
2819 3918 2965 3988 inqui
3000 3933 3194 3974 rerum
3230 3921 3641 3978 aestimatores.
3672 3921 3822 3975 Mam.

2287 3989 2308 4022 ⁵
2342 3988 2488 4061 Vide
2517 3988 2821 4061 epistolam
2855 3990 3123 4061 Origenis
3137 3991 3208 4046 ad
3229 3993 3596 4059 Africanum,
3621 4005 3824 4048 numero

2218 4059 2541 4132 praesertim
2572 4060 2629 4130 7,
2661 4065 2716 4114 et
2747 4077 2872 4132 quae
2907 4059 3012 4116 nos
3042 4063 3113 4117 ad
3148 4063 3622 4121 Commentarios
3659 4065 3823 4118 Hiero.

2216 4130 2372 4207 ᾐγῐηὶ
2401 4130 2458 4207 in
2491 4148 2620 4203 cap.
2651 4130 2852 4186 xui—ex
2890 4134 3094 4188 eodem
3137 4134 3387 4207 Origene
3444 4135 3826 4193 edisseruimus

2213 4203 2273 4258 in
2297 4203 2470 4258 notis.

2283 4276 2304 4310 θ
2334 4275 2476 4330 Cum
2509 4273 2762 4346 negandi
2783 4273 3092 4346 particula,
3123 4277 3382 4332 secunda
3413 4281 3614 4334 tamen
3646 4276 3826 4343 addita,

2213 4349 2280 4402 ut
2307 4346 2557 4414 videtur,
2590 4361 2789 4400 manu.
2819 4355 3034 4403 tantum
3053 4364 3163 4402 non
3191 4348 3368 4416 fuisse
3381 4351 3513 4406 otii.
3541 4351 3598 4406 in
3622 4348 3824 4404 Palatia.

2214 4434 2324 4472 ms.
2357 4417 2592 4490 legitur.
2625 4422 2906 4490 Craterum
2948 4420 3143 4490 ipsum
3171 4420 3362 4476 recole
3384 4422 3447 4477 S.
3477 4427 3756 4478 Doctorem
3782 4419 3826 4475 in

457 4465 654 4566 autem
687 4491 869 4566 refero
901 4490 1040 4562 quid
1073 4491 1352 4545 adversus
1381 4465 2024 4566 Susannaerhistoriani,
2045 4495 2104 4544 et
2136 4465 2179 4528 θ
2214 4465 2458 4566 ρτρι-ρεῗξ
2505 4465 3068 4566 Οοωῐηοῃῑειιιίονξπι
3102 4492 3158 4546 in
3193 4465 3361 4549 hunc;
3382 4465 3743 4566 Béo'ﬁféiéz;

458 4561 745 4633 hymnum
779 4560 956 4616 trium
989 4577 1325 4633 puerorum,
1355 4565 1412 4615 et
1461 4560 1637 4633 Belis,
1704 4560 2104 4633 Draconisque

456 4631 710 4702 fabulas,
745 4649 871 4703 quas
901 4633 959 4689 in
992 4631 1290 4688 volumine
1318 4632 1600 4688 Hebraico
1633 4647 1746 4686 non
1789 4631 2098 4700 habentur,

455 4721 678 4760 HE!!le
709 4704 938 4760 soleant
969 4705 1182 4772 dicere,
1213 4705 1313 4774 qui
1349 4720 1441 4759 me
1462 4703 2097 4772 criminatur,stultum

453 4792 514 4831 re
545 4776 1220 4860 sycophantamnprobat.
1246 4775 1369 4830 Non
1401 4775 1558 4860 enim
1595 4775 1732 4860 quid
1761 4775 1884 4860 ipse
1915 4776 2098 4860 senti-

455 4846 598 4921 rem,
634 4846 736 4903 sed
762 4849 900 4921 quid
936 4846 1014 4921 illi
1049 4853 1250 4905 contra
1283 4847 1610 4921 nosdicere
1640 4849 1867 4902 soleant
1900 4846 2095 4921 _expli-

452 4920 600 4990 cavi,
641 4915 1030 4977 etcffteoole
1087 4935 1210 4993 quas
1269 4917 1338 4975 ad
1401 4918 1558 4974 hunc
1607 4933 1843 4992 quoque
1899 4915 2096 4975 locum

2283 4561 2304 4594 ⁷
2331 4561 2648 4645 Vaticanus
2674 4560 2872 4645 codex,
2897 4563 3076 4645 cuius
3133 4579 3315 4645 supra
3371 4560 3532 4637 saepe
3591 4561 3824 4645 m_emini~

2213 4647 2368 4716 mus,
2391 4631 2565 4716 habet
2597 4632 2870 4716 Latinam
2897 4631 3822 4716 huj_us.v_ocis_interpretationem:

2209 4710 2432 4772 raptum
2471 4705 2959 4772 discum/arentem
2991 4706 3284 4762 lectitaret.
3319 4705 3513 4765 Μιιὶτ,

2278 4776 2300 4810 ⁸
2331 4774 2560 4850 Videsis
2590 4790 2727 4850 quae
2745 4775 2964 4850 scripta
2991 4775 3267 4850 leguntur
3294 4777 3354 4850 in
3393 4779 3640 4850 Prologo
3667 4776 3821 4846 Scrip-

2207 4850 2474 4905 turarum
2497 4845 2663 4903 libris
2693 4845 2932 4903 Samuel
2962 4864 3027 4904 ac
3053 4845 3356 4907 Malachie
3388 4845 3648 4924 prwﬁx'o.
3679 4845 3819 4908 um.
