2045 3096
162 128 230 156 1361

763 131 869 157 LIBER
887 130 1058 157 DANIELIS
1076 131 1195 158 PROPH
1199 131 1286 158 ETIE.

1796 132 1868 160 1362

945 278 1080 307 INCIPIT

383 362 637 424 LIBER
679 362 858 425 DAN
863 362 1078 425 IELIS
1126 363 1624 427 PROPHETZE,

154 561 239 598 [Visio
249 561 490 598 VLLAnuortertio
505 561 587 596 regni
601 561 724 598 Joiacim
742 561 819 597 regis
833 562 919 595 Juda,

190 597 270 634 venit
286 597 556 634 Nabuchodonosor
570 605 618 625 rex
634 597 789 634 Babylonis
805 598 835 625 in
856 598 912 628 (Αι.
929 601 981 626 (ac.

191 634 235 667 in)
244 632 418 667 Jerusalem,

191 671 221 697 et
235 668 350 696 obsedit
364 676 428 695 eam
442 676 448 694 :

154 705 192 733 Et
207 704 329 768 trjidgdit
343 704 487 731 Dominus
502 703 531 731 in
549 711 637 732 manu
654 704 718 739 eius
733 703 857 733 Joiacim
884 712 982 741 regem

246 748 263 767 u
288 748 317 768 a.

246 748 317 774 una,

192 777 221 803 et
236 778 348 811 partem
364 783 500 802 vasorum
518 775 624 802 domus
640 775 689 803 Dei
705 777 714 793 ¹
731 784 738 802 :

155 813 191 839 Et
204 810 365 847 asportavit
380 811 409 838 in
424 813 532 847 terram
547 811 677 838 Sennaar
691 811 720 838 in
732 811 853 839 domum
866 811 913 839 Dei
926 810 984 847 sui,

193 849 222 875 et
236 846 306 874 vasa
321 846 421 873 intulit
435 846 465 873 in
483 847 602 873 domum
619 847 750 874 thesauri
766 846 816 874 Dei
833 847 889 874 sui.

155 883 193 911 Et
209 883 249 910 ait
265 890 313 910 rex
330 882 481 917 Asphanaz
497 882 651 917 praeposito
664 882 866 910 cunuchorum
881 883 902 916 ²,

194 921 227 946 ut
241 918 441 945 introduceret
456 918 492 944 de
510 917 577 945 filiis
594 918 694 951 Israel,

193 958 220 982 et
235 954 271 981 de
281 955 394 981 semine
407 954 485 989 regio
506 956 534 980 et
548 956 749 987 tyrannorum,
766 961 882 989 pueros,

157 991 189 1018 In
205 989 313 1025 quibus
327 989 407 1016 nulla
423 990 500 1016 esset
516 989 641 1023 macula,
657 989 778 1017 decoros
794 989 898 1023 forma,

193 1028 222 1053 et
235 1025 366 1053 eruditos
379 1025 459 1052 omni
474 1025 628 1059 sapientia,

191 1063 293 1088 cautos
308 1061 440 1093 scientia,
458 1063 487 1088 et
501 1060 603 1088 doctos
622 1060 781 1096 disciplina
798 1081 806 1094 ,

156 1099 191 1124 Et
206 1097 257 1132 qui
273 1098 391 1132 possent
406 1098 484 1123 stare
499 1097 528 1122 in
545 1096 654 1132 palatio
671 1095 760 1131 regis,
790 1131 795 1132 γ
831 1131 835 1132 ν
850 1131 856 1132 γ
952 1112 955 1116 ι

193 1131 226 1160 ut
242 1131 357 1159 doceret
369 1140 419 1159 eos
435 1131 560 1164 litteras,
576 1134 605 1159 et
619 1131 751 1167 linguam
768 1131 983 1165 Chaldaeorum,

158 1169 192 1195 Bt
207 1167 362 1230 conbstituit
374 1168 416 1195 eis
432 1175 482 1194 rex
497 1175 644 1195 annonam
660 1166 711 1203 per
726 1166 859 1203 singulos
870 1167 933 1195 dies
948 1168 984 1195 de

230 1211 253 1230 ci
277 1212 302 1230 is
318 1211 393 1230 suis.

230 1211 302 1231 cinis
318 1211 393 1237 suis,

193 1241 222 1267 et
235 1239 271 1266 de
287 1239 352 1266 vino
369 1238 446 1266 unde
462 1238 580 1266 bibebat
595 1238 674 1274 ipse:

158 1275 195 1303 Ut
207 1274 328 1302 enutriti
344 1274 438 1302 tribus
454 1274 550 1308 annis,

194 1313 297 1347 postea
307 1312 420 1347 starent
438 1310 467 1336 in
484 1311 644 1347 conspectu
660 1309 746 1347 regis.

158 1345 289 1374 Fuerunt
303 1353 371 1381 ergo
387 1345 463 1373 inter
477 1353 526 1373 eos
542 1346 577 1372 de
594 1345 662 1372 filiis
677 1345 765 1377 Juda,

196 1382 304 1416 Daniel,
322 1382 463 1414 Ananiae,
480 1381 592 1413 Misael,
609 1383 637 1408 et
650 1381 777 1408 Azarias.

158 1418 192 1445 Et
208 1418 348 1452 imposuit
363 1419 404 1443 eis
420 1417 595 1453 praepositus
610 1416 828 1450 cunuchorum,
845 1415 967 1444 nomina
978 1423 988 1443 :

199 1453 318 1486 Danieli,
335 1453 501 1480 Baltassar:

198 1489 331 1519 Ananiaz,
348 1488 488 1516 Sidrach:

161 1524 284 1556 Misaeli,
299 1524 420 1556 )lisach,

195 1563 223 1587 et
238 1560 357 1594 Azariie,
375 1560 540 1594 Abdenago.

163 1596 319 1631 Proposuit
335 1598 432 1622 autem
452 1594 551 1622 Daniel
564 1594 594 1621 in
608 1594 694 1631 corde
708 1602 773 1628 suo,

200 1630 235 1659 ne
251 1632 430 1667 pollueretur
447 1631 482 1658 de
498 1638 600 1667 mensa
614 1630 702 1665 regis,

202 1666 295 1702 neque
311 1668 345 1693 de
355 1667 421 1693 vino
438 1668 526 1701 potus
541 1666 614 1701 ejus,

197 1705 226 1732 et
241 1698 354 1738 rogavit
368 1698 573 1730 cunuchorum
587 1700 778 1737 prepositum
793 1707 830 1727 ne
845 1698 989 1727 contami-

236 1741 365 1767 uaretur.

162 1774 248 1803 Dedit
263 1776 358 1802 autem
373 1775 447 1800 Deus
460 1772 571 1800 Danieli
582 1771 707 1808 gratiam
716 1773 745 1799 et
756 1770 988 1799 misericordiam

200 1810 230 1837 in
247 1811 404 1845 conspectu
421 1808 562 1844 principis
578 1807 790 1845 cunuchorum.

162 1846 199 1874 Et
215 1846 256 1873 ait
272 1842 408 1881 princeps
421 1842 626 1872 cunuchorum
643 1843 678 1871 ad
696 1842 865 1873 Danielem;

164 1882 268 1910 Timeo
284 1889 336 1917 ego
350 1881 504 1917 dominum
520 1887 618 1917 meum
635 1886 745 1915 regem,

202 1915 514 1955 quiconstituitvobis
527 1915 626 1955 cibum
641 1917 670 1942 et
680 1919 801 1955 potum:

165 1949 220 1985 Qui
237 1953 260 1980 si
271 1952 374 1979 viderit
385 1952 481 1978 vultus
490 1953 603 1979 vestros
615 1949 830 1978 inacilentiores
840 1956 898 1984 prie
907 1949 990 1976 caete-

238 1988 277 2015 ris
288 1988 522 2015 adolescentibus
538 1986 642 2014 coaavis
656 1985 773 2019 vestris,

202 2024 435 2051 condemnabitis
452 2025 539 2057 caput
555 2030 653 2050 meum
669 2021 741 2057 regi.

165 2060 200 2088 Et
214 2060 286 2086 dixit
299 2060 399 2087 Daniel
416 2059 449 2086 ad
463 2059 624 2091 Mabassar,

202 2103 291 2131 quem
308 2094 651 2131 constitueratprinceps
674 2091 879 2120 eunuchorum
905 2098 993 2126 super

238 2131 398 2166 Danielem,
416 2130 559 2157 Ananiam

202 2166 349 2194 Misaelem
365 2168 393 2194 et
408 2166 551 2198 Azariam,

165 2202 259 2230 Teuta
274 2211 338 2235 nos,
354 2202 486 2234 obsecro,
504 2208 603 2229 servos
617 2202 685 2227 tuos
700 2199 806 2226 diebus
820 2198 932 2231 decem,

203 2241 232 2266 et
246 2238 353 2265 dentur
368 2238 452 2265 nobis
468 2237 617 2273 legumina
633 2236 668 2263 ad
686 2235 871 2266 vescendum,
883 2235 995 2268 etaqua

242 2274 276 2301 ad
294 2274 470 2301 bibendum:

168 2310 204 2337 Et
220 2309 417 2345 contemplare
433 2308 531 2336 vultus
548 2308 675 2345 nostros,

204 2347 233 2372 et
246 2340 347 2373 vultus
362 2352 526 2380 puerorum?
536 2343 586 2378 qui
601 2343 759 2380 vescuntur
769 2340 835 2380 cibo
854 2340 932 2376 regio
945 2348 951 2367 :

204 2383 234 2408 et
246 2381 323 2408 sicut
337 2376 457 2414 videris,
473 2376 561 2407 facies
575 2386 642 2406 cum
659 2377 749 2414 servis
765 2376 835 2404 tuis.

168 2416 225 2449 Qui
241 2416 340 2444 audito
356 2412 491 2443 sermone
507 2412 723 2449 hujuscemodi,

203 2452 327 2480 tentavit
339 2460 387 2480 eos
402 2451 502 2479 diebus
517 2451 627 2478 decem.

169 2490 240 2516 Post
254 2488 316 2515 dies
332 2490 430 2515 autem
446 2487 558 2520 decem,

206 2525 407 2559 apparuerunt
421 2522 520 2559 vultus
533 2516 634 2549 eorum
649 2519 785 2559 meliores
801 2519 828 2546 et
844 2516 999 2552 corpulen-

244 2556 331 2587 tiores
346 2567 405 2595 prae
421 2558 558 2595 omnibus
575 2556 673 2595 pueris

207 2595 258 2631 qui
271 2592 469 2633 vescebantur.
476 2594 548 2633 cibo
560 2593 639 2633 regio
650 2592 671 2633 3:
743 2629 748 2633 ‘
801 2625 806 2630 _

171 2626 259 2658 Porro
275 2631 417 2658 Malassar
433 2630 553 2657 tollebat
579 2626 700 2660 cibaria,
726 2629 752 2654 et
781 2626 881 2653 vinum
912 2626 998 2660 potus

243 2674 361 2694 eorum:

207 2702 354 2738 dabatque
370 2702 411 2730 eis
425 2699 583 2737 legumina.

208 2794 215 2811 ί
233 2792 392 2821 Vaticanus
408 2801 464 2820 me.
481 2791 564 2819 addit
578 2789 626 2817 hic
641 2789 774 2822 verbum,
797 2788 887 2823 cepit:
918 2789 995 2824 quod

171 2828 202 2856 in
223 2829 341 2857 Hebraeo
372 2831 480 2862 tamen,
511 2829 561 2855 aut
589 2826 698 2859 Graco,
729 2824 856 2860 denique
885 2824 998 2852 Latinis

171 2864 257 2892 libris
274 2873 330 2892 non
347 2867 402 2892 est.

208 2900 219 2917 ²
231 2900 282 2927 llic
294 2908 359 2929 vero
376 2900 453 2936 quod
470 2898 535 2935 plus
550 2897 638 2925 habet
653 2896 730 2924 idem
754 2903 808 2923 ms.
838 2904 999 2932 pronomen

996 563 1024 596 Α
1039 562 1139 590 Pueris
1153 562 1252 601 autem
1269 561 1409 601 hisdedit
1425 562 1672 601 Deus_scientiam
1687 566 1716 592 et
1730 564 1863 601 discipli-

1075 606 1154 640 nam,
1169 598 1203 640 in
1220 597 1298 640 omni
1314 597 1434 640 libro‘et
1451 598 1615 640 sapientia:

1075 632 1188 661 Danieli
1204 636 1300 670 autem
1317 632 1542 670 intelligentiam
1563 635 1694 663 omnium
1717 635 1863 664 visionum

1110 671 1139 696 et
1154 669 1348 697 somniorum.

1040 704 1442 746 Completisitaque‘diebus,
1459 707 1524 741 post
1539 713 1613 741 quos
1639 706 1751 734 dixerat
1770 715 1818 735 rex
1833 710 1866 735 ut

1111 741 1384 768 introducerentur:

1073 776 1233 803 introduxit
1250 784 1299 804 eos
1315 776 1489 812 praepositus
1505 776 1708 805 cunuchorum
1737 778 1767 805 in
1796 786 1866 806 con-

1109 813 1210 846 spectu
1223 811 1502 839 Nabuchodonosor.

1039 846 1172 883 Cumque
1189 847 1231 875 eis
1246 847 1363 875 locutus
1377 847 1481 875 fuisset
1495 855 1557 883 rex,

1074 891 1131 911 non
1149 885 1220 910 sunt
1234 882 1342 910 inventi
1355 883 1390 910 de
1405 883 1552 911 universis
1565 883 1649 917 tales,

1076 922 1108 946 ut
1123 918 1235 950 Daniel,
1254 918 1394 949 Ananiae,
1407 918 1519 951 Misael,
1532 921 1561 946 et
1574 919 1695 947 Azarias
1708 927 1715 946 :

1038 954 1073 981 Et
1089 956 1232 982 steterunt
1248 954 1277 981 in
1294 959 1450 989 conspectu
1467 955 1564 991 regis;

1074 992 1102 1018 et
1116 997 1203 1027 omne
1218 991 1338 1017 verbum
1354 990 1503 1027 sapientiae
1526 992 1554 1018 et
1577 990 1754 1027 intellectus,
1785 991 1863 1026 quod

1110 1025 1278 1053 sciscitatus
1293 1028 1338 1053 est
1353 1026 1388 1053 ab
1405 1026 1447 1053 eis
1463 1034 1523 1058 rex,

1074 1060 1184 1123 invetnit
1199 1061 1227 1087 in
1245 1061 1288 1088 eis
1303 1061 1470 1096 decuplum,
1498 1069 1587 1097 super
1612 1063 1732 1089 cunctos
1756 1061 1864 1090 ariolos

1110 1104 1124 1123 e
1155 1104 1266 1123 magos.

1110 1104 1138 1123 ΘΙ.
1155 1104 1266 1131 magos,

1075 1132 1125 1167 qui
1141 1134 1225 1159 erant
1239 1132 1268 1158 in
1285 1131 1421 1159 universo
1437 1139 1526 1167 regno
1541 1132 1615 1167 ejus.

1039 1168 1103 1195 Fuit
1118 1169 1216 1208 autem
1232 1167 1333 1195 Daniel
1351 1175 1444 1203 usque
1459 1168 1493 1195 ad
1511 1175 1621 1195 annum
1644 1167 1772 1204 primum
1800 1168 1865 1204 Cyri

1112 1211 1199 1238 regis.

996 1243 1020 1276 Β
1035 1239 1188 1280 (Visiq
1200 1239 1230 1280 I‘n
1246 1246 1323 1280 anno
1338 1239 1468 1266 secundo
1484 1238 1566 1280 regni
1583 1239 1867 1274 Nabuchodonosor,

1077 1275 1151 1302 vidit
1165 1274 1434 1302 Nabuchodonosor
1448 1274 1608 1308 somnium,

1078 1314 1104 1337 et
1120 1310 1298 1346 conterritus
1313 1312 1357 1337 est
1365 1310 1494 1346 spiritus
1508 1310 1584 1346 ejus,

1077 1349 1106 1373 et
1118 1345 1267 1373 somnium
1279 1345 1343 1380 ejus
1359 1345 1434 1380 fugit
1449 1345 1484 1373 ab
1500 1353 1543 1373 eo.

1043 1381 1293 1417 Praecepitrautem
1313 1382 1427 1417 regat
1456 1382 1684 1417 convocarentur
1714 1380 1809 1414 arioli,
1840 1382 1869 1408 et

1116 1416 1203 1452 magi,
1220 1418 1249 1443 et
1262 1416 1398 1449 maleﬁci,
1414 1419 1442 1443 et
1456 1416 1593 1451 Chaldaei,

1079 1455 1112 1480 ut
1126 1452 1291 1479 indicarent
1306 1452 1366 1486 regi
1382 1452 1497 1479 somnia
1512 1460 1566 1479 sua
1582 1460 1589 1479 :

1079 1488 1129 1524 qui
1145 1496 1213 1524 cum
1231 1487 1389 1520 venissent,
1407 1489 1554 1524 steterunt
1563 1495 1660 1515 coram
1677 1494 1753 1523 rege.

1043 1525 1078 1552 Et
1089 1523 1167 1551 dixit
1182 1523 1218 1550 ad
1235 1531 1284 1551 eos
1299 1530 1349 1550 rex
1362 1531 1369 1550 :
1380 1523 1446 1550 Vidi
1460 1523 1609 1550 somnium
1625 1531 1631 1550 :

1079 1562 1106 1587 et
1123 1561 1220 1586 mente
1233 1559 1375 1586 confusus
1390 1558 1491 1593 ignoro
1506 1559 1576 1594 quid
1590 1558 1723 1585 viderim.

1043 1595 1324 1631 Responderuntque
1335 1594 1461 1622 Chaldaei
1477 1594 1537 1631 regi
1554 1595 1691 1631 Syrisce:

1078 1630 1146 1664 Rex,
1164 1630 1193 1657 in
1209 1632 1350 1657 aeternum
1364 1630 1445 1658 vive:

1043 1667 1094 1695 Dic
1106 1665 1255 1694 somnium
1271 1665 1363 1694 servis
1376 1666 1446 1698 tuis,

1078 1704 1107 1730 et
1120 1701 1392 1737 interpretationem
1408 1702 1472 1736 ejus
1482 1700 1690 1737 indicabimus.

1043 1738 1078 1766 Et
1092 1736 1274 1773 respondens
1290 1745 1349 1769 rex,
1365 1736 1407 1764 ait
1421 1736 1564 1764 Chaldaeis
1577 1746 1585 1763 :

1078 1772 1177 1801 Sermo
1193 1772 1312 1800 recessit
1327 1781 1343 1800 a
1358 1780 1424 1800 me:

1045 1809 1107 1838 Nisi
1123 1808 1322 1850 indicaverilis
1338 1808 1410 1836 mihi
1426 1808 1587 1840 somnium,
1616 1809 1645 1835 et
1668 1807 1869 1843 conjecturam

1115 1853 1191 1878 ejus,

1079 1852 1214 1916 peiigistis
1228 1887 1289 1913 vos,
1302 1880 1335 1916 et
1350 1878 1457 1906 domus
1471 1880 1574 1916 vestras
1589 1877 1828 1916 publicabuntur.

1047 1914 1195 1944 Si‘autem
1212 1914 1374 1949 somnium,
1390 1916 1419 1941 et
1433 1914 1632 1949 conjecturam
1648 1914 1713 1948 ejus
1737 1920 1871 1940 narrave-

1119 1950 1194 1978 ritis.

1082 1986 1211 2023 przemia,
1228 1987 1257 2013 et
1271 1985 1358 2019 dona,
1374 1987 1402 2012 et
1422 1984 1562 2012 honorem
1578 1984 1705 2012 multum
1723 1983 1872 2019 accipietis

1117 2029 1208 2049 ame:

1083 2057 1232 2120 somntilum
1243 2056 1343 2092 igitur,
1354 2057 1382 2084 ct
1392 2055 1658 2091 interpretationem
1670 2055 1735 2091 ejus
1745 2054 1871 2082 indicate

1119 2101 1158 2120 ml
1184 2101 1202 2120 l.

1119 2101 1202 2120 mlnl.

1049 2129 1274 2164 Responderunt
1288 2127 1428 2164 secundo.
1446 2128 1534 2164 atque
1550 2126 1703 2164 dixerunt:

1084 2162 1140 2192 Rex
1158 2164 1306 2191 somnium
1321 2163 1399 2190 dicat
1414 2163 1505 2190 servis
1521 2162 1595 2195 suis,

1085 2204 1111 2227 et
1128 2199 1394 2233 interpretationem
1412 2198 1490 2226 illius
1507 2197 1716 2225 iudicabimus.

1051 2236 1211 2270 Respondit
1227 2243 1286 2267 rex,
1302 2237 1329 2261 et
1345 2234 1403 2262 ait:

1085 2268 1166 2299 certe
1181 2271 1244 2297 novi
1262 2271 1330 2305 quia
1345 2273 1461 2304 tempus
1477 2268 1630 2301 redimitis,

1087 2308 1211 2334 scientes
1228 2307 1304 2341 quod
1323 2305 1475 2341 recesserit
1489 2313 1506 2331 a
1521 2312 1568 2331 me
1582 2311 1689 2341 sermo.

1050 2343 1079 2370 Si
1095 2351 1163 2378 ergo
1180 2338 1327 2369 somnium
1342 2349 1399 2368 non
1416 2340 1612 2368 indicaveritis
1629 2338 1701 2366 mihi
1714 2347 1772 2367 una
1781 2340 1826 2366 est
1840 2338 1876 2366 de

1121 2377 1204 2406 vobis
1221 2377 1377 2410 sententia,

1088 2414 1164 2447 quod
1181 2412 1450 2447 interpretationem
1466 2418 1581 2447 quoque
1598 2409 1731 2438 fallacem
1748 2411 1777 2438 et
1795 2409 1878 2437 dece-

1123 2450 1222 2485 ptione
1240 2446 1360 2485 plenam
1371 2446 1607 2485 composueritis,

1088 2482 1296 2519 ut‘loquamini
1312 2483 1491 2519 mihirdonec
1508 2487 1623 2519 tempus
1639 2482 1831 2518 pertranseat.

1053 2518 1210 2549 Somnium
1226 2519 1324 2553 itaque
1340 2518 1427 2546 dicite
1444 2518 1527 2551 mihi,

1089 2559 1122 2583 ut
1136 2556 1237 2585 sciam.
1253 2551 1329 2590 quod
1347 2554 1617 2590 interpretationem
1630 2559 1747 2588 quoque
1758 2551 1822 2586 ejus
1834 2557 1879 2577 vc-

1126 2599 1187 2618 ram
1203 2590 1378 2626 loquamini.

1054 2622 1274 2662 Respondentcs
1290 2634 1357 2661 ergo
1373 2625 1498 2652 Chaldaei
1516 2632 1612 2662 coram
1628 2631 1705 2658 rege,
1722 2622 1876 2662 dixerunt:

1087 2659 1149 2691 Non
1163 2665 1207 2690 est
1224 2662 1310 2690 homo
1323 2659 1415 2696 super
1427 2664 1544 2695 terram,
1558 2660 1784 2696 quisermouem
1796 2659 1880 2684 tuum

1123 2707 1180 2733 rex,
1199 2699 1290 2734 possit
1306 2697 1450 2733 impleret.

1051 2793 1175 2818 suormn,
1192 2786 1264 2814 etin
1291 2786 1414 2814 Ilebrmo
1444 2784 1600 2820 archetypo
1629 2785 1747 2811 resonat
1775 2788 1881 2819 VD‘WD,

1053 2827 1078 2852 et
1096 2823 1249 2850 cmi-mode
1264 2822 1394 2857 suppleri
1410 2821 1437 2847 in
1456 2820 1676 2857 Latinoﬂpotest.

1089 2862 1099 2877 ³
1114 2860 1175 2887 Dm)
1193 2859 1253 2885 hinc
1267 2855 1356 2885 verba
1370 2857 1429 2884 cibo
1444 2856 1532 2889 regio,
1559 2855 1686 2883 Vatican.
1709 2862 1764 2882 ms.
1794 2856 1880 2889 tacet,

1055 2903 1118 2931 quae
1134 2898 1232 2922 tamen
1250 2892 1406 2929 originales
1422 2894 1516 2920 textus
1528 2892 1702 2927 agnoscunt.
