4090 6192
444 257 584 314 1363

1493 263 1552 316 S.
1594 261 2002 317 HIERONYMI
2042 261 2293 315 DIVINA
2330 257 2826 313 BIBLIOTHECA.
3676 254 3782 310 1364

440 385 552 443 Sed
584 399 773 456 neque
797 398 999 456 regum
1032 385 1634 456 quisquammagnus
1655 387 1712 440 et
1735 389 1942 456 potens
1963 399 2090 440 ver-
2119 388 2174 453 Α
2204 385 2314 454 Τυ,
2343 398 2462 456 rex,
2494 381 2748 456 cogitare
2777 377 2999 450 empisti
3029 377 3104 456 in_
3123 379 3471 445 stratu‘tuo,

589 455 729 512 bum
763 455 1172 525 hujuscemodi
1203 455 1538 510 sciscitatur

517 528 588 583 ab
623 527 779 598 omni
807 525 1011 595 ariolo,
1046 531 1102 581 et
1135 543 1327 598 mago,
1362 532 1418 582 et
1447 527 1740 592 Chaldaeo,

448 599 650 656 Sermo
680 597 856 680 enim,
886 613 1063 681 quem
1095 602 1180 680 tu,
1215 614 1331 665 rex,
1366 599 1601 681 quaeris,
1622 597 1975 681 gravisncst:

521 685 626 725 nec
657 668 978 739 reperietur
1008 670 1341 740 quisquam,
1383 668 1482 741 qui
1543 668 1757 726 indicet
1808 669 1977 724 illum
2037 669 2097 724 in

591 744 906 812 conspectu
939 741 1095 812 regis
1123 758 1136 794 :

521 811 776 881 exceptis
807 811 944 876 diis,
977 829 1224 881 quorum
1259 829 1374 868 non
1433 816 1523 867 est
1575 829 1710 868 cum
1756 811 2098 867 hominibus

591 885 978 937 conversatio.

445 954 570 1025 Quo
599 951 823 1018 audito,
845 969 956 1025 rex
989 952 1045 1006 in
1079 953 1270 1009 furore
1301 957 1358 1008 et
1389 953 1446 1008 in
1479 954 1564 1008 ira
1613 970 1825 1025 magna
1884 969 2100 1025 praece-

519 1024 602 1096 pit
636 1028 702 1078 ut
735 1024 991 1095 perirent
1020 1040 1224 1097 omnes
1258 1025 1556 1096 sapientes
1589 1024 1918 1097 Babylonis.

447 1095 789 1167 Et’egressa
821 1095 1132 1163 sententia,
1156 1095 1453 1167 sapientes
1485 1095 2026 1153 interﬁciebantur:

524 1166 1014 1239 qumrebaturque
1041 1166 1241 1239 Daniel
1273 1171 1328 1239 et
1359 1167 1503 1223 socii
1535 1169 1682 1237 ejus,
1725 1173 1789 1223 ut
1821 1167 2100 1239 perirent.

449 1237 614 1295 Tune
645 1237 848 1309 Daniel
873 1237 1180 1308 requisivit
1209 1239 1280 1293 de
1311 1238 1434 1309 lege
1464 1243 1640 1309 atque
1669 1237 1981 1295 sententia.

523 1310 595 1364 ab
620 1308 828 1363 Arioch
861 1310 1125 1380 principe
1158 1308 1390 1364 militiae
1409 1308 1588 1380 regis,

524 1381 640 1504 qufi3
657 1395 928 1506 etgriassus
960 1380 1148 1435 fuerat
1188 1381 1257 1436 ad
1315 1381 1753 1437 interﬁciendos
1809 1381 2106 1454 sapientes

645 1468 676 1506 a
723 1469 756 1506 v
783 1467 932 1506 oms.

645 1467 932 1506 δονιοῑιιε.

454 1523 525 1579 Et
555 1469 934 1647 ἱιιῗὲἓὲἓὲἓιῖνξέ
961 1536 1118 1590 eum,
1152 1520 1253 1592 qui
1285 1539 1318 1577 a
1350 1539 1476 1592 rege
1531 1526 1877 1594 potestatem
1938 1539 2107 1578 acce-

597 1609 738 1647 nera
769 1638 783 1647 .

597 1609 784 1664 perat,

528 1663 718 1746 quam.
738 1665 810 1719 ob
843 1680 1082 1746 causam
1115 1667 1236 1717 tam
1269 1663 1524 1720 crudelis
1555 1665 1850 1720 sententia
1881 1682 1915 1721 a
1965 1665 2112 1723 facie

601 1744 756 1807 regis
786 1744 936 1791 esset
955 1750 1212 1807 egressa.

459 1809 603 1865 Cum
633 1804 770 1877 ergo
803 1823 922 1862 rem
955 1804 1270 1860 indicasset
1291 1804 1503 1877 ,Arioeh
1551 1807 1795 1877 Danieli,

535 1876 736 1933 Daniel
771 1877 1076 1948 ingressus
1109 1876 1331 1948 rogavit
1363 1894 1578 1948 regem,

537 1955 601 2004 ut
626 1955 858 2032 tempus
891 1951 1053 2005 daret
1085 1949 1194 2004 sibi
1228 1949 1299 2002 ad
1333 1948 1684 2004 solutionem
1740 1949 2114 2006 indicandam

609 2037 752 2075 rem.

609 2037 690 2075 re.
716 2038 752 2074 ι.

473 2091 546 2148 Et
577 2037 882 2162 inggessus
911 2093 1000 2145 est
1018 2091 1268 2162 domum
1303 2107 1495 2162 suam,

544 2161 921 2232 Ananiteque,
955 2161 1176 2216 Misaeli
1209 2166 1264 2216 et
1295 2161 1506 2216 Azarias
1537 2161 1712 2217 sociis
1744 2162 1870 2218 suis
1900 2162 2121 2218 indica-

615 2232 703 2292 vit
730 2232 1028 2303 negotium
1057 2248 1071 2287 :

470 2304 544 2361 Ut
575 2302 900 2376 quaererent
931 2303 1390 2377 misericordiam
1423 2319 1456 2357 a
1486 2302 1629 2359 facie
1659 2303 1760 2359 Dei
1789 2304 1920 2360 coeli
1943 2321 2122 2377 super

619 2378 984 2430 sacramento
1009 2374 1140 2429 isto.

537 2450 596 2502 et
625 2462 740 2500 non
775 2445 1030 2517 perirent
1059 2443 1259 2517 Daniel
1288 2448 1348 2517 et
1377 2445 1517 2499 socii
1550 2446 1680 2516 ejus
1711 2461 1844 2502 cum
1893 2447 2119 2503 caeteris

611 2515 867 2587 sapienti
882 2517 992 2571 bus
1023 2515 1334 2587 Babylonis

464 2589 628 2644 Tunc
663 2587 881 2643 Danieli
915 2604 1016 2658 per
1044 2587 1328 2642 visionem
1355 2589 1521 2642 nocte
1551 2588 1896 2659 mysterium
1960 2605 2121 2646 reve-

611 2659 802 2714 latum
839 2663 967 2714 est:

535 2734 594 2786 et
622 2729 827 2786 Daniel
864 2729 1160 2785 benedixit
1193 2733 1304 2784 Deo
1333 2729 1482 2800 cmli,

537 2808 594 2856 et
621 2804 855 2857 locutus
887 2804 1006 2856 ait:

463 2871 550 2928 Sit
580 2888 791 2945 nomen
825 2873 926 2928 Dei
959 2870 1334 2929 benedictum
1369 2888 1402 2926 a
1434 2871 1645 2928 saeculo
1695 2876 1752 2928 et
1812 2889 2001 2945 usque
2061 2874 2120 2928 in

612 2944 889 3001 saeculum
919 2961 932 2997 :

539 3015 677 3098 quia
707 3014 998 3098 sapientia
1026 3018 1083 3069 et
1113 3013 1398 3098 fortitudo.
1426 3013 1554 3098 ejus
1588 3019 1746 3070 sunt.

466 3085 537 3140 Et
562 3085 692 3158 ipse
724 3085 913 3141 mutat
943 3091 1226 3155 tempora,
1254 3090 1308 3139 et
1337 3089 1533 3140 aetates
1559 3103 1572 3158 ;

539 3157 818 3213 transfert
847 3172 1047 3229 regna,
1080 3160 1258 3226 atque
1291 3157 1636 3229 constituit:

537 3229 639 3284 dat
670 3227 1020 3311 sapientiam
1045 3227 1442 3311 sapientibus,
1476 3233 1532 3284 et
1563 3228 1868 3284 scientiam
1902 3228 2118 3285 intelli-

607 3299 882 3371 gentibus
915 3299 1326 3371 disciplinam:

466 3372 598 3442 Ipse
617 3370 847 3442 revelat
877 3370 1188 3442 profunda,
1223 3374 1279 3424 et
1306 3370 1674 3442 abscondita,

531 3445 590 3496 et
620 3443 782 3496 novit
813 3439 1162 3495 intenebris
1193 3441 1546 3496 constituta:

538 3516 598 3568 et
626 3511 726 3567 lux
757 3528 888 3566 cum
921 3527 986 3566 eo
1015 3515 1121 3565 est.

465 3583 623 3707 Tibii
679 3583 835 3708 Ddeus
890 3587 1122 3654 patrum
1184 3597 1448 3637 meorum
1485 3584 1524 3649 ί,
1583 3581 1884 3649 conﬁteor,
1943 3587 2116 3656 teque

630 3670 702 3708 au
751 3668 823 3708 o:

630 3668 782 3708 δυαο
809 3668 823 3708 ἶ

541 3725 681 3796 quia
715 3723 1066 3796 sapientiam
1100 3722 1582 3796 etfortitudinem
1612 3722 1826 3796 dedisti
1863 3725 2042 3782 mihi:

467 3798 530 3854 Et
560 3795 718 3852 hunc
747 3795 1058 3851 ostendisti
1091 3795 1236 3850 mihi
1268 3811 1396 3865 quas
1429 3795 1764 3867 rogavimus
1795 3800 1874 3867 te,

540 3868 679 3940 quia
709 3882 1039 3940 sermonem
1072 3867 1224 3938 regis
1255 3867 1754 3940 aperuistinobis.

458 3937 610 3996 Post
639 3939 762 3993 hinc
795 3937 996 3993 Daniel
1027 3937 1329 4008 ingressus
1361 3937 1429 3991 ad
1465 3937 1697 4004 Arioch,

539 4026 712 4137 (ιυὲιιῖ
743 4009 1125 4090 constituerat
1155 4025 1253 4064 rex
1284 4013 1345 4063 ut
1375 4010 1640 4080 perderet
1687 4009 1980 4080 sapientes
2010 4014 2110 4066 Ba-

651 4099 684 4137 v
711 4097 861 4137 onis.

711 4097 861 4148 onis,

612 4099 861 4153 oyionls,

538 4151 622 4208 sic
653 4152 704 4208 ei
735 4150 968 4206 locutus
999 4154 1122 4205 est:

467 4224 772 4294 Sapientes
801 4221 1112 4294 Babylonis
1144 4234 1214 4274 ne
1247 4221 1457 4292 perdas
1483 4239 1496 4286 ;

538 4293 806 4350 introduc
857 4308 950 4347 me
981 4293 1041 4347 in
1073 4296 1386 4364 conspectu
1419 4293 1592 4364 regis,

537 4371 595 4420 et
623 4365 974 4420 solutionem
1007 4365 1123 4435 regi
1161 4363 1433 4417 narrabo.

467 4439 628 4492 Tunc
659 4436 868 4491 Arioch
886 4434 1136 4508 festinus
1161 4434 1487 4489 introduxit
1502 4434 1790 4491 Danielem
1806 4436 1876 4491 ad
1898 4451 2115 4508 regem,

608 4515 662 4562 et
692 4508 840 4562 dixit
870 4507 920 4562 ei
951 4522 964 4562 ζ

542 4578 736 4635 Inveni
771 4577 1062 4649 hominem
1095 4577 1166 4630 de
1197 4575 1336 4649 filiis
1369 4576 1912 4649 transmigrationis
1941 4577 2114 4646 Juda,

611 4649 706 4718 qui
740 4648 1092 4704 solutionem
1124 4647 1242 4718 regi
1279 4649 1608 4702 annuntiat.

472 4719 794 4791 Respondit
823 4737 941 4785 rex,
971 4723 1030 4773 et
1060 4718 1480 4791 dixit_Danieli,

543 4789 714 4861 cujus
744 4807 956 4846 nomen
988 4794 1112 4844 erat
1135 4789 1465 4846 Baltassar:

469 4866 725 4990 Putasizle
754 4879 884 4918 vere
913 4867 1074 4933 potes
1106 4861 1364 4916 indicare
1397 4860 1537 4916 mihi
1579 4861 1900 4930 somnium,
1959 4863 2115 4934 quod

609 4951 660 4990 Vl
709 4951 747 4990 ι.

609 4951 747 5002 νισι,

539 5009 597 5061 et
628 5002 1165 5077 interpretationem
1201 5003 1372 5072 ejus?

469 5076 544 5149 Et
564 5073 924 5149 respondens
955 5073 1156 5149 Daniel
1189 5090 1384 5149 coram
1420 5091 1570 5146 rege,
1601 5075 1722 5144 ait;

536 5146 902 5221 Mysterium,
936 5147 1090 5221 quod
1124 5160 1221 5200 rex
1253 5146 1592 5221 interrogat,

535 5217 865 5291 sapientes,
911 5217 1104 5291 magi,
1161 5222 1216 5271 et
1252 5217 1575 5291 _arioli,’et
1631 5219 1933 5290 aruspices
1998 5235 2113 5275 non

603 5288 826 5361 queunt
856 5288 1112 5361 indicare
1145 5288 1286 5360 regi.

461 5363 574 5418 Sed
610 5358 700 5418 est
729 5369 884 5418 Deus
916 5361 972 5414 in
1007 5360 1148 5414 cmlo
1182 5358 1444 5414 revelans
1469 5359 1766 5431 mysteria,

533 5435 631 5504 qui
663 5433 942 5489 indicavit
973 5433 1100 5500 tibi,
1136 5447 1231 5504 rex
1262 5431 1822 5504 Nabuchodonosor,

535 5503 660 5576 quas
693 5511 932 5560 ventura
962 5509 1099 5558 sunt
1133 5503 1198 5576 in
1223 5503 1560 5576 novissimis
1593 5504 1973 5576 temporibus.

463 5573 772 5631 Somnium
805 5581 971 5630 tuum
1007 5580 1064 5630 et
1091 5573 1348 5630 visiones
1379 5575 1584 5646 capitis
1617 5575 1703 5630 tui
1727 5577 1783 5630 in
1809 5575 1985 5632 cubili
2010 5581 2110 5632 tuo

536 5647 943 5716 hujuscemodi
977 5651 1151 5702 sunt:

2279 449 2418 526 quid
2451 449 2607 526 esset
2637 449 3058 526 iuturum‘post
3092 449 3211 503 haac

2210 526 2277 581 Et
2298 523 2406 596 qui
2440 525 2657 579 revelat
2689 523 2986 594 mysteria,

2281 597 2539 651 ostendit
2571 597 2676 650 tibi
2709 611 2836 665 quas
2869 597 3302 665 venturasunt.

2209 668 2353 724 Mihi
2383 685 2613 738 quoque
2647 661 2762 738 non
2794 663 3193 738 inisapientia,
3225 681 3351 734 qua:
3383 666 3471 718 est
3500 661 3554 718 in
3584 678 3663 718 me
3694 661 3795 736 plus

2351 737 2530 808 quam
2563 737 2792 793 cunctis
2822 737 3168 808 viventibus,

2283 807 2721 865 sacramentum
2755 808 2862 862 hoc
2895 807 3210 862 revelatum
3242 809 3331 860 est
3364 821 3376 860 :

2209 883 2317 938 Sed
2353 887 2416 936 ut
2447 879 2848 952 interpretatio
2881 879 3003 949 regi
3037 878 3349 952 manifesta
3378 876 3558 944 ﬁeret,

2281 958 2339 1008 et
2367 949 2743 1022 cogitationes
2775 953 2988 1006 mentis
3018 957 3126 1004 tuae
3160 949 3354 1022 scires.

2209 1025 2316 1091 Tu,
2351 1017 2467 1090 rex,
2500 1023 2758 1091 videbas,
2792 1027 2847 1078 et
2878 1038 3010 1076 ecce
3041 1021 3208 1091 quasi
3242 1025 3571 1091 statuaguna
3589 1017 3801 1091 grandis:

2283 1089 2478 1151 statua
2502 1093 2600 1149 illa
2623 1089 2858 1164 magna,
2889 1099 2946 1149 et
2966 1089 3192 1148 statura
3213 1089 3489 1147 sublimis
3511 1089 3684 1144 stabat
3703 1106 3804 1146 con-

2285 1241 2342 1293 et
2357 1171 2621 1291 tiriiattiiat’us
2652 1235 2780 1304 ejus
2817 1238 2942 1290 erat
2971 1231 3272 1304 terribilis,

2216 1309 2403 1378 Hujus
2436 1313 2640 1363 statua:
2659 1303 2841 1378 caput
2863 1323 2927 1361 ex
2953 1322 3092 1378 auro
3114 1303 3345 1378 _optimo
3374 1305 3521 1371 erat,

2289 1376 2492 1451 pectus
2524 1376 3075 1451 autem'etbrachia
3095 1376 3167 1430 de
3194 1379 3456 1446 argento,

2292 1449 2461 1523 porro
2494 1455 2695 1523 venter
2723 1453 2781 1503 et
2812 1449 3029 1504 femora
3059 1463 3126 1502 ex
3151 1463 3278 1502 azre.

2217 1521 2396 1579 Tibia:
2427 1528 2623 1576 autem
2655 1521 2871 1587 ferreas,

2292 1594 2506 1664 pedum
2541 1592 2808 1664 quaedam
2841 1607 2973 1662 pars
3013 1593 3136 1646 erat
3169 1588 3380 1657 ferrea,

2293 1663 2559 1736 quaedam
2596 1663 2814 1736 ﬁctilis,

2140 1755 2188 1820 B
2216 1728 2471 1791 Videbas
2505 1736 2604 1820 ita,
2639 1728 2820 1789 donec
2850 1731 3118 1787 abscisus
3149 1728 3406 1802 estlapis
3427 1729 3500 1784 de
3529 1731 3702 1783 monte
3719 1728 3817 1785 sine

2366 1807 2680 1860 manibus:

2293 1883 2350 1934 et
2378 1877 2666 1946 percussit
2695 1878 2950 1930 statuam
2985 1874 3042 1928 in
3068 1873 3318 1944 pedibus
3371 1872 3502 1942 ejus
3553 1870 3732 1927 ferreis
3774 1873 3817 1925 et

2365 1947 2666 2015 fictilibus,

2297 2022 2353 2074 et
2378 2017 2728 2075 comminuit
2755 2033 2874 2072 eos.

2227 2093 2391 2147 Tunc
2425 2089 2676 2146 contrita
2705 2096 2845 2144 sunt
2878 2087 3095 2159 pariter
3126 2086 3366 2156 ferrum,

2299 2169 2466 2228 testa,
2499 2178 2597 2225 aes,
2626 2165 2930 2232 argentum
2963 2163 3294 2232 etaurum;

2229 2235 2298 2289 Et
2328 2234 2564 2288 redacta
2593 2228 2760 2302 quasi
2797 2233 2850 2285 in
2886 2229 3140 2284 favillam
3171 2228 3380 2284 aastivaa
3411 2243 3578 2295 areae,

2302 2322 2430 2375 quas
2463 2308 2627 2374 rapta
2656 2313 2789 2358 sunt
2820 2306 3026 2356 vento:

2231 2377 2550 2445 nullusque
2583 2373 2747 2429 locus
2773 2374 3048 2428 inventus
3081 2374 3173 2426 est
3201 2370 3322 2426 eis:

2234 2447 2399 2519 Lapis
2432 2451 2650 2512 autem,
2681 2446 2779 2516 qui
2815 2447 3185 2516 percusserat
3215 2446 3499 2507 statuam,

2375 2519 2564 2572 factus
2591 2523 2682 2571 est
2712 2533 2876 2572 mons
2911 2531 3180 2586 magnus,

2303 2594 2362 2644 et
2391 2588 2653 2658 implevit
2684 2589 3016 2643 universam
3049 2592 3286 2641 terram.

2231 2661 2350 2717 Hoc
2379 2667 2469 2715 est
2500 2659 2837 2716 somnium:

2305 2731 2850 2802 Interpretationem
2896 2743 3131 2800 quoque
3187 2727 3315 2798 ejus
3369 2725 3635 2782 dicemus
3680 2738 3838 2780 coram

2373 2807 2450 2869 te,
2487 2819 2605 2857 rex.

2231 2876 2319 2930 Tu
2355 2891 2453 2928 rex
2483 2889 2699 2945 regum
2721 2887 2783 2927 es
2810 2889 2822 2926 :

2302 2947 2372 3000 Et
2397 2937 2725 3010 Deusvcmli,
2761 2958 3027 3013 regnum,
3060 2945 3118 2996 et
3149 2939 3580 3013 fortitudinem,
3607 2943 3662 2994 et
3684 2937 3838 3010 impe-

2373 3017 2550 3081 rium,
2583 3021 2639 3070 et
2671 3012 2912 3086 gloriam
2946 3013 3107 3086 dedit
3129 3012 3273 3086 tibi:

2234 3089 2300 3143 Et
2331 3087 2530 3142 omnia
2554 3086 2611 3142 in
2638 3081 2854 3158 quibus
2885 3083 3153 3158 habitant
3184 3082 3286 3137 ﬁlii
3317 3081 3660 3158 hominpm‘:

2303 3164 2360 3214 et
2391 3158 2606 3214 bestias
2638 3151 2782 3228 agri,
2817 3156 3078 3212 volucres
3127 3171 3363 3226 quoque
3419 3153 3554 3208 εαξη
3604 3151 3749 3208 dedit
3793 3151 3837 3205 in

2371 3246 2547 3284 manu
2586 3235 2704 3297 tua,

2299 3305 2355 3356 et
2387 3301 2497 3356 sub
2529 3295 2749 3355 ditione
2779 3302 2880 3352 tua
2912 3297 3184 3352 universa
3210 3295 3553 3363 constituit;

2297 3378 2362 3428 tu
2393 3378 2454 3427 ‘es
2486 3388 2622 3443 ergo
2657 3375 2834 3441 caput
2864 3384 3132 3424 aureum.

2227 3445 2294 3498 Et
2325 3433 3161 3515 postte‘imnsurgetregnum
3194 3437 3352 3493 aliud
3381 3436 3585 3494 minus
3613 3440 3667 3492 te
3694 3433 3837 3509 [ναις.

2369 3514 2501 3570 add.
2537 3514 2902 3585 argenteum]
2931 3529 2944 3565 :

2296 3590 2354 3640 et
2381 3581 2631 3656 regnum
2663 3581 3096 3656 tertiumaliud
3127 3596 3366 3644 ereum,

2299 3653 2472 3728 quod'
2491 3655 2803 3728 imperabit
2833 3653 3332 3728 universas‘terraa.

2226 3723 2877 3798 Et'regnum'quartum
2909 3725 3022 3779 erit
3052 3723 3210 3798 velut
3238 3724 3458 3798 ferrum
3495 3739 3509 3777 :

2298 3791 2590 3870 quomodo
2620 3791 2840 3854 ferrum
2870 3796 3217 3870 comminuit
3245 3799 3303 3851 et
3331 3795 3537 3850 domat
3567 3791 3762 3849 omnia.

2296 3867 2382 3926 sic
2413 3871 2773 3926 comminuet
2803 3868 3000 3924 omnia
3025 3867 3164 3936 hac,
3197 3874 3255 3922 et
3284 3871 3566 3922 conteret.

2227 3942 2404 4067 Porrp
2433 3942 2570 4067 qqia
2588 3941 2779 3996 vidisti
2805 3940 3020 4012 pedum
3043 3945 3101 3995 et
3119 3939 3442 4012 digitorum
3467 3943 3688 4010 partem
3717 3937 3841 3990 testa

2390 4030 2486 4067 isu
2518 4029 2557 4067 1.

2370 4013 2557 4078 ﬁguli,

2370 4030 2557 4084 nguu,

2299 4088 2355 4138 et
2386 4091 2609 4155 partem
2631 4083 2884 4155 ferream
2913 4096 2927 4135 :

2229 4153 2492 4225 Regnum
2526 4154 2776 4210 divisum
2807 4153 2937 4225 erit,

2300 4221 2452 4296 quod
2488 4231 2685 4281 tamen
2719 4227 2787 4280 de
2823 4222 3110 4296 plantariu
3144 4221 3277 4277 ferri
3311 4222 3560 4296 orietur,

2227 4294 2552 4423 sec—ulndum
2588 4297 2740 4370 quod
2767 4294 2989 4359 vidisti,
3025 4296 3236 4349 ferrum
3295 4294 3545 4349 mistum
3603 4295 3750 4348 testa:
3796 4303 3848 4341 ex

2326 4387 2357 4423 u
2391 4386 2444 4423 ο.

2326 4376 2444 4426 uto.

2229 4442 2296 4493 Et
2326 4440 2542 4563 digitos
2571 4439 2784 4510 pedum
2818 4453 2884 4493 ex
2922 4439 3085 4508 parte
3128 4435 3365 4505 ferreos,
3397 4439 3457 4490 et
3486 4452 3556 4491 ex
3594 4439 3749 4507 paate
3798 4430 3847 4483 ti-

2372 4529 2400 4563 c
2431 4527 2446 4563 1
2477 4527 2538 4563 es
2567 4527 2579 4563 :

2372 4518 2538 4566 ctiles
2567 4527 2579 4564 :

2297 4598 2364 4636 ex
2397 4587 2558 4653 parte
2589 4596 2832 4653 regnum
2864 4579 2974 4634 erit
3005 4577 3286 4649 solidum,
3307 4582 3366 4634 et
3386 4596 3455 4634 ex
3473 4581 3641 4650 parte
3663 4572 3847 4633 contri-

2371 4659 2520 4718 tum,

2226 4723 2386 4786 Quod
2422 4717 2614 4779 autem
2649 4721 2842 4777 vidisti
2877 4720 3093 4775 ferrum
3121 4721 3359 4776 mistum
3395 4723 3559 4776 teste
3617 4737 3682 4775 ex
3729 4717 3845 4777 luto,

2298 4795 2840 4850 commiscebuntur
2873 4792 3109 4864 quidem
3132 4791 3390 4848 humano
3417 4791 3682 4848 semine:

2226 4865 2331 4921 Sed
2369 4883 2481 4921 non
2516 4863 2901 4921 adhaarebunt
2927 4863 3062 4928 sibi,

2299 4937 2452 4993 sicut
2485 4939 2698 4993 ferrum
2729 4935 2962 4991 misceri
2996 4951 3110 4989 non
3145 4937 3339 5004 potest
3372 4937 3562 4990 testas.

2226 5009 2290 5063 In
2323 5009 2530 5064 diebus
2562 5015 2756 5065 autem
2789 5022 3102 5079 regnorum
3137 5004 3395 5072 illorum,

2296 5081 2606 5136 suscitabit
2634 5085 2781 5135 Deus
2808 5075 2934 5133 emli
2967 5094 3234 5150 regnum,
3270 5077 3425 5148 quod
3476 5075 3542 5132 in
3598 5080 3844 5131 internum

2366 5169 2479 5207 non
2511 5151 2917 5223 dissipabitur,

2294 5227 2350 5278 et
2373 5241 2616 5293 regnum
2649 5217 2777 5294 éjus
2810 5219 3025 5294 pepulo
3059 5217 3222 5294 alteri
3261 5235 3374 5274 non
3406 5219 3693 5294 tradetur,

2223 5291 2614 5352 Commi—nuet.
2649 5291 2706 5350 et
2736 5291 3043 5350 consumet
3073 5291 3346 5346 universa
3378 5308 3556 5361 regna
3587 5291 3741 5346 hrec:

2301 5372 2355 5420 et
2390 5369 2583 5438 ipsum
2617 5365 2886 5438 stabitgin
2928 5370 3234 5438 aeternum.

2220 5431 2549 5493 Secundum
2585 5439 2738 5510 quod
2768 5435 3195 5510 vidisti,__quod
3243 5434 3313 5489 de
3361 5438 3563 5490 monte
3615 5431 3843 5490 abscisus

2359 5516 2450 5563 est
2483 5507 2650 5580 lapis,
2697 5511 2822 5564 sine
2854 5507 3150 5580 manibus,

2290 5585 2345 5635 et
2375 5577 2723 5636 comminuit
2749 5585 2984 5650 testam,
3017 5583 3074 5633 et
3107 5577 3348 5642 ferrum,
3379 5579 3435 5631 et
3461 5592 3568 5641 ms,
3589 5579 3842 5645 etargen-

2363 5658 2513 5724 tum,
2545 5657 2601 5709 et
2632 5669 2864 5708 aurum.

537 5787 552 5820 ¹
586 5783 903 5841 Vaticanus
933 5791 1046 5843 'ms.
1083 5793 1145 5842 ut
1175 5794 1232 5844 et
1261 5787 1678 5856 Memmianus,
1712 5791 2049 5847 Martiameo
2077 5795 2244 5863 teste,
2284 5799 2343 5853 et
2375 5795 2628 5868 Vulgata
2658 5803 2970 5852 nostrorum
3004 5809 3107 5865 pro
3137 5806 3385 5849 meorum
3408 5788 3640 5862 legunt.
