2045 3096
133 113 203 142 1369

168 176 269 204 laudet
284 178 312 203 et
324 176 523 211 superexaltet
537 184 603 204 eum
620 177 650 205 in
664 176 780 205 saecula.

134 211 302 241 Benedicite
318 212 485 239 sacerdotes
501 212 619 240 Domini
636 213 759 241 Domino
776 221 783 240 :

171 248 292 275 laudate
306 250 334 275 et
349 247 565 282 superexaltate
579 257 645 276 eum
661 249 691 276 in
708 248 826 277 saecula.

133 283 304 312 Benedicite
320 283 395 310 servi
410 283 528 312 Domini
545 285 667 312 Domino
681 293 688 312 :

170 319 290 347 laudate
304 321 333 346 et
347 319 564 354 superexaltate
579 328 646 347 eum
664 321 693 347 in
709 319 827 348 sacula.

134 354 302 383 Benedicite
317 354 440 390 spiritus
456 358 485 382 et
499 356 603 383 animae
615 356 765 391 justorum
785 356 906 384 Domino
921 364 928 384 :

172 390 290 418 laudate
306 393 335 418 et
349 390 564 426 superexaltate
577 390 644 419 eum
660 391 690 420 in
708 391 825 419 saecula.

136 426 304 455 Benedicite
319 426 413 454 sancti
429 429 458 453 et
472 426 600 455 humiles
616 428 703 456 corde
720 428 862 462 Domino;

170 463 289 490 laudate
302 464 330 489 et
345 462 558 497 superexaltate
574 471 640 491 eum
658 464 687 491 in
704 462 821 496 saecula,

135 498 307 527 Benedicite
323 498 445 532 Anania,
461 499 573 532 Azaria,
589 499 690 527 Misael
706 499 830 527 Domino
846 506 852 526 :

171 534 290 562 laudate
305 536 334 561 et
349 534 566 569 superexaltate
580 543 646 563 eum
664 535 693 563 in
710 534 826 563 saecula.

134 570 210 602 Quia
224 570 302 597 eruit
317 578 370 597 nos
386 570 421 597 de
436 569 561 605 inferno,

172 608 202 633 et
214 605 313 642 salvos
328 605 447 642 fecitne
464 606 682 642 manurmortis,

169 643 200 669 et
214 640 349 669 liberavit
365 640 418 669 nos
433 641 469 669 de
485 641 581 669 medio
597 641 728 670 ardentis
744 641 881 675 ﬂammas,

171 680 200 705 et
214 677 250 703 de
267 677 363 704 medio
379 676 456 712 ignis
471 677 548 704 eruit
563 685 626 705 nos.

134 712 333 748 Conﬂteminir
342 712 461 740 Domino
477 713 615 748 quoniam
628 713 738 747 bonus;

171 747 312 785 quoniam
327 747 357 775 in
372 747 517 785 saeculum
529 749 732 777 misericordia
747 748 820 784 ejus.

133 783 303 813 Benedicite
317 791 420 811 omnes
436 784 565 820 religiosi
584 785 705 813 Domino
732 783 788 812 Deo
805 785 928 812 deorum
952 792 959 811 :

174 820 292 848 laudate
307 821 335 846 at
349 820 531 847 conﬁtemini
546 820 582 853 ei,

173 855 242 891 quia
257 855 286 882 in
303 856 403 883 omnia
419 855 525 883 saecula
541 855 744 884 misericordia
759 856 833 891 ejus.

170 893 314 928 Huc-asque
328 899 385 928 non
398 891 536 928 [tacentur
551 892 583 919 in
597 892 722 925 llebrzeo,
738 896 768 920 ut
781 899 844 928 qua:
867 892 959 928 posuio

132 936 210 961 mus,
224 926 463 955 de’Theodotionis
478 928 602 955 editione
618 928 753 955 translata
768 926 842 955 sunt.

731 115 839 143 LIBER
856 115 930 142 DAN
934 114 1026 142 IELIS
1044 116 1244 147 PROPHETE
1249 139 1255 146 .

1770 121 1841 148 1370

975 175 1003 209 Α
1018 212 1042 217 __
1055 177 1085 205 in
1101 180 1249 214 provincia
1264 181 1431 217 Babylonis.

1018 212 1290 244 Nasucaxnoaosoa
1305 212 1364 251 rex,

1051 251 1189 292 omnibus
1205 253 1332 292 populis,
1349 252 1497 289 gentibus,
1514 255 1542 281 et
1557 253 1679 290 linguis,
1693 254 1743 289 qui
1759 253 1841 282 habi-

1087 288 1152 315 tant
1167 288 1195 315 in
1213 288 1453 323 universa’terra,

1052 329 1108 357 pax
1122 323 1204 351 vobis
1221 324 1442 360 multiplicetur.

1015 357 1147 396 $igna_et
1158 357 1388 388 mirabitia't‘ecit
1399 361 1476 396 aqud
1495 367 1540 388 me
1556 360 1633 388 Deus
1649 360 1793 388 excelsus'

1015 392 1128 421 Placuit
1138 402 1206 457 ergo
1218 396 1291 424 mihi
1301 392 1459 432 praedicare
1470 396 1555 432 signa
1568 396 1642 432 ejus,
1653 397 1723 432 quia
1733 404 1841 433 magna

1086 438 1141 457 sun
1165 438 1171 457 :

1086 438 1171 458 sunt:

1051 466 1079 492 et
1095 466 1241 494 mirabilia
1257 467 1333 503 ejus,
1350 466 1417 503 quia
1433 467 1520 495 fortia
1534 477 1540 501 ;

1015 500 1050 528 Et
1066 509 1189 537 regnum
1206 500 1409 539 ejus’regnum
1420 500 1634 538 sempiternum
1652 511 1658 531 :

1051 539 1080 564 et
1095 539 1226 573 potestas
1243 539 1308 574 ejus
1327 540 1356 567 in
1376 539 1595 575 generationem
1620 541 1650 567 et
1672 539 1838 575 generatio-

1016 581 1175 671 [νίθίΞΞΞζέ
1192 609 1534 671 ἰξθεέὶΝαδιισὶιοᾱοηοεοι·
1561 610 1680 645 quietus
1703 618 1783 639 erum
1808 610 1838 639 in

1087 653 1174 672 aomo
1194 653 1269 679 mea,

1051 681 1080 706 et
1095 680 1248 717 ﬂorensrin
1265 681 1373 717 palatio
1389 689 1452 709 meo
1470 689 1477 709 :

1015 715 1170 743 Somnium
1187 715 1350 753 vidi,‘quod
1366 716 1522 753 perterruit
1538 724 1583 744 me
1599 724 1605 743 :

1051 753 1079 778 et
1095 752 1286 788 cogitationes
1298 752 1373 780 meae
1385 753 1415 780 in
1432 754 1524 780 stratu
1541 760 1615 787 meo,

1051 788 1080 814 et
1094 788 1223 816 visiones
1240 788 1342 824 capitis
1357 788 1413 816 mei
1428 787 1663 816 conturbaverint
1679 796 1734 815 me.

1016 822 1050 849 Et
1066 831 1116 860 per
1132 831 1178 851 me
1196 822 1374 860 propositum
1388 826 1433 852 est
1448 824 1610 856 decretum,

977 862 1001 895 Β
1052 861 1085 887 ut
1099 859 1353 888 introduce’rentur
1369 860 1398 887 in
1414 862 1571 896 conspectu
1588 867 1652 887 meo
1669 859 1766 887 cuncti
1789 867 1836 888 sa-

1087 896 1200 932 pienles
1216 895 1383 932 Babylonis,

1049 929 1124 958 etut
1139 929 1316 959 solutionem
1333 931 1440 959 somnii
1456 931 1621 958 indicarent
1636 929 1720 958 mihi.

133 962 505 1008 Tuncﬂlr‘iabuchodonosor
520 971 569 991 rex
594 963 757 999 obstupuit,
783 967 813 991 et
835 963 962 991 surrexit
1013 967 1093 994 Tunc
1114 967 1354 1008 ingrediebantur
1365 967 1459 1001 arioli,
1472 966 1561 1002 magi,
1578 966 1714 1002 Chaldaei,
1728 967 1757 995 et
1770 975 1838 994 aru-

209 1006 343 1033 propere,

171 1036 200 1062 et
215 1035 256 1061 ait
270 1033 461 1069 optimatibus
477 1033 540 1062 suis
556 1043 563 1062 :

133 1070 238 1133 N0§l€0
248 1072 308 1133 tges
321 1070 399 1098 viros
410 1070 549 1098 misimus
558 1070 588 1097 in
601 1070 730 1098 medium
745 1070 823 1106 ignis
848 1077 962 1106 compe«

194 1114 203 1133 ι
218 1113 252 1133 os

194 1106 252 1133 itos

136 1141 192 1175 Qui
207 1141 419 1177 respondentes
435 1140 575 1169 dixerunt
595 1142 656 1178 regi
673 1150 679 1170 :

173 1177 253 1211 Vere,
270 1185 329 1209 rex,

134 1213 307 1248 Respondit,
324 1213 353 1240 et
368 1211 408 1239 ait
424 1219 431 1239 ε

171 1247 244 1276 Ecce
258 1256 311 1311 ego
328 1247 410 1275 video
424 1247 502 1275 viros
519 1250 649 1283 quatuor
663 1248 788 1282 solutos,

172 1286 202 1311 et
226 1292 273 1311 am
297 1283 412 1311 ulantes
428 1284 457 1311 in
476 1283 570 1311 medio
587 1284 676 1311 ignis.

172 1286 202 1312 et
226 1283 412 1320 ambulantes
428 1284 457 1320 in
476 1283 570 1311 medio
587 1284 676 1320 ignis,

173 1322 202 1348 et
215 1319 290 1346 nihil
306 1319 504 1354 corruptionis
520 1320 549 1346 in
566 1320 608 1347 eis
624 1322 681 1351 est,

173 1358 202 1384 et
218 1355 330 1391 species
344 1354 443 1391 quarti
459 1355 566 1391 similis
582 1355 641 1383 filio
656 1355 718 1383 Dei.

136 1393 222 1432 Tunc
230 1390 633 1432 accessitNabuchodonosor
652 1392 688 1419 ad
709 1390 819 1419 ostium
833 1390 961 1418 fornacis

195 1462 200 1468 ⁸
213 1426 293 1462 ignis
306 1426 447 1467 ardentis,
464 1428 492 1453 et
507 1426 548 1454 ait
564 1435 570 1455 :
757 1462 762 1467 η
943 1461 948 1467 _

172 1462 313 1503 Sldrach,_
327 1462 451 1503 Misach,
464 1462 675 1503 et_Abdenago,
689 1470 764 1490 serv:
782 1461 829 1490 Dei
845 1461 961 1496 excelsi,

173 1498 368 1533 egredimimi,
384 1500 412 1526 et
426 1498 522 1526 venite
538 1506 546 1531 ;

1085 1010 1191 1038 spices,

1049 1039 1078 1065 et
1093 1037 1242 1066 somnium
1257 1038 1374 1066 narravi
1389 1037 1419 1065 in
1435 1039 1594 1073 conspectu
1610 1045 1711 1065 eorum
1727 1045 1734 1064 :

1050 1076 1078 1101 et
1093 1074 1268 1102 solutionem
1284 1075 1348 1109 ejus
1361 1081 1419 1101 non
1431 1073 1639 1101 indicaverunt
1654 1073 1737 1100 mihi.

1015 1109 1121 1172 Ι)οὸεοί
1139 1109 1270 1172 οἷοιιιθεθ.²
1297 1110 1450 1145 ingressus
1471 1111 1516 1137 est
1539 1109 1569 1136 in
1595 1110 1753 1144 conspectu
1773 1117 1838 1137 meo

1075 1153 1139 1172 ante
1155 1167 1162 1172 .

1075 1153 1162 1180 amet,

1050 1181 1097 1208 cui
1113 1188 1218 1208 nomen
1235 1180 1383 1208 Baltassar
1398 1180 1560 1208 secundum
1577 1188 1684 1207 nomen
1700 1179 1751 1207 Dei
1771 1179 1838 1214 mei,

1050 1217 1100 1258 qui
1116 1216 1205 1244 habet
1220 1217 1357 1253 spiritum
1374 1217 1496 1244 deorum
1510 1218 1679 1244 sanctorum
1691 1215 1720 1243 in
1732 1218 1841 1244 semet-

1086 1260 1150 1288 ipso
1167 1261 1173 1279 :

1049 1289 1078 1315 et
1093 1287 1243 1315 somnium
1259 1295 1356 1315 coram
1373 1287 1436 1323 ipso
1451 1287 1567 1315 locutus
1584 1295 1662 1315 sum.

1014 1323 1171 1357 Baltassar,
1190 1323 1324 1360 princeps
1340 1323 1467 1360 arioloru
1473 1331 1512 1358 ιιι,

1051 1367 1136 1395 quem
1153 1357 1206 1395 ego
1217 1359 1278 1387 seio
1293 1357 1370 1394 quod
1385 1359 1523 1395 spiritum
1535 1360 1706 1386 sanctorum
1714 1357 1837 1386 deorum

1086 1395 1195 1423 habeas
1213 1395 1242 1422 in
1257 1397 1295 1427 te,

1050 1433 1077 1457 et
1093 1439 1178 1458 omne
1194 1432 1409 1458 sacramentum
1427 1438 1482 1457 non
1496 1431 1539 1457 est
1554 1428 1738 1464 impossibile
1752 1428 1805 1455 tibi
1826 1436 1834 1457 :

1015 1467 1149 1494 Visiones
1166 1467 1348 1494 somniorum
1374 1473 1517 1499 meorum,
1534 1463 1608 1500 quas
1623 1464 1692 1498 vidi,
1709 1466 1737 1492 et
1752 1463 1834 1492 solu-

1087 1503 1192 1529 tionem
1208 1511 1276 1530 coru
1283 1511 1309 1529 m
1327 1510 1422 1528 narra.

135 1533 656 1580 Statimquejegress‘i:suntﬁidrach,
674 1533 795 1567 Misach,
823 1535 851 1561 et
872 1533 963 1562 Abde-
977 1545 999 1580 α
1019 1538 1221 1580 νίὲξρρρρῐιίε
1238 1540 1292 1566 mei
1310 1538 1338 1565 in
1355 1537 1525 1580 cu'bili'meo
1543 1544 1550 1577 ξ

209 1569 284 1606 nago
302 1570 338 1597 de
348 1569 449 1606 gmsdio
465 1569 552 1605 ignis.

140 1605 175 1633 Et
186 1605 356 1646 congregati
371 1607 507 1646 satrapae,
523 1605 728 1640 magistratus,
744 1606 773 1633 et
791 1605 921 1641 judices,
937 1606 965 1633 et

207 1644 347 1682 potentes
365 1644 455 1682 regis,
494 1675 499 1681 δ
567 1676 573 1682 ι

170 1676 451 1712 contemplabantur
473 1676 551 1704 viros
566 1676 642 1704 illos.

132 1712 279 1745 Quoniam
296 1712 374 1739 nihil
388 1712 543 1748 potestatis
558 1712 714 1740 habuisset
731 1711 806 1748 ignis
820 1711 851 1739 in
866 1719 966 1748 corpo-

205 1748 443 1789 ribus'eorum,”

170 1785 200 1811 et
214 1783 338 1820 capillus
353 1783 462 1820 capitis
475 1791 577 1811 eorum
594 1792 652 1811 non
668 1785 747 1812 esset
761 1783 897 1812 adustus.

168 1821 198 1847 et
213 1819 376 1847 saraballa‘
395 1827 495 1847 eorum
512 1827 567 1846 non
584 1819 690 1847 fuisset
705 1820 871 1852 immutata,

176 1856 206 1882 et
219 1856 292 1883 odor
307 1855 387 1896 ignis
399 1863 457 1896 non
467 1855 629 1896 transisset
644 1863 696 1896 per
707 1863 766 1884 eos.

141 1890 178 1919 Et
190 1890 350 1927 erumpens
364 1890 632 1919 Nabuchodonosor
645 1890 687 1919 ait
708 1900 715 1925 ;

139 1926 318 1955 Benedictus
333 1926 410 1955 Deus
432 1934 547 1959 eorum,

175 1962 458 2004 Sidrachyidelicet,
473 1961 583 1990 Misach
595 1964 624 1990 et
639 1962 807 1998 Abdenago,

176 1998 228 2034 qui
245 1998 326 2040 misit
341 1998 478 2034 angelum
495 2006 582 2026 suum
600 2008 607 2032 ;

141 2035 177 2061 Et
190 2035 268 2062 eruit
282 2042 382 2062 servos
397 2042 478 2068 suos,

142 2069 227 2111 mqui
240 2069 432 2111 crediderunt
446 2069 477 2097 in
491 2077 558 2111 eum
578 2077 584 2096 :

141 2106 177 2133 Et
188 2105 311 2133 verbum
328 2105 406 2141 regis
420 2105 662 2138 immutaverunt,

178 2143 212 2169 Et
225 2141 411 2169 tradiderunt
425 2149 547 2176 corpora
562 2149 616 2169 sua
629 2149 665 2168 ne
679 2140 834 2174 servirent,

175 2178 204 2205 et
221 2184 255 2204 ne
273 2177 431 2213 adorarent
442 2184 559 2213 omnem
578 2176 805 2213 Deum,excepto
815 2177 871 2205 Deo
884 2185 937 2206 suo
956 2185 963 2204 :

141 2214 169 2242 Δ
183 2220 231 2254 me
243 2220 312 2254 ergo
325 2212 454 2254 positum
470 2212 584 2254 esthoc
598 2213 759 2254 decretum,

182 2250 215 2276 ut
228 2247 478 2284 omnis’populus,
492 2248 599 2282 tribus,
614 2250 642 2276 et
658 2248 771 2284 lingua,

182 2291 377 2326 quiscumque
392 2283 605 2326 locutantuerit
632 2283 844 2326 blasphemiam
864 2286 966 2313 contra

191 2319 199 2320 7
215 2319 308 2347 Deum
323 2319 455 2353 Sidi-ach,
472 2319 597 2353 Misach,
613 2322 642 2347 et
656 2319 825 2357 Abdenago,

177 2354 338 2391 dispereat,
353 2358 383 2384 et
398 2355 505 2383 domus
519 2356 585 2390 ejus
600 2357 730 2383 vastetur
746 2364 753 2383 :

177 2391 278 2427 Neque
293 2391 370 2419 enim
386 2393 433 2419 est
449 2393 522 2419 Deus
537 2391 625 2426 alius,

177 2412 338 2463 quiipossit
351 2427 393 2455 ita
408 2426 531 2469 salvere.
576 2462 583 2469 ‘
618 2412 658 2469 ’Μ

142 2461 225 2491 Tune
236 2461 287 2491 rex
306 2463 452 2499 promovit
473 2462 606 2498 Sidrach,
623 2462 743 2496 Misach,
759 2464 788 2491 et
801 2462 966 2499 Abdenago,

181 2571 261 2608 {Pro
284 2570 433 2608 sap-abolla
457 2571 604 2608 masters
624 2579 727 2599 omnes
751 2571 853 2608 legunt
877 2574 910 2599 ut
936 2572 967 2600 in

142 2606 229 2640 LXX,
245 2607 389 2641 sarabara,
407 2607 505 2635 Canon
524 2607 717 2634 Memmianus
733 2607 762 2634 in
779 2606 898 2642 corpore
913 2608 966 2635 ha-

143 2642 195 2670 bet
204 2643 350 2674 .sarabara,
366 2643 395 2670 in
417 2643 552 2678 margine
566 2651 632 2670 vero
656 2643 730 2670 hanc
746 2644 908 2671 variantem
925 2644 966 2671 le-

144 2677 286 2715 ctionem,
301 2679 374 2706 alibi
388 2677 542 2715 sarabarie.
560 2681 619 2706 Hos
641 2686 754 2715 errores
770 2679 920 2715 redarguit
935 2680 964 2707 S.

143 2713 300 2760 Ξῖεςρξιιιρ
315 2723 335 2743 ι·
350 2714 554 2760 ἓῗΨΨῨΡὲ-ῘΡ
568 2714 716 2760 Pasias“
730 2723 736 2743 =
749 2725 763 2760 (ξ
777 2717 831 2760 tiro
841 2713 966 2760 βῖεεοςίει

142 2749 339 2792 inquit,quas
350 2750 545 2791 Symmachus
570 2748 728 2786 ἀναξυρίδας
756 2750 966 2787 interpretatus

143 2787 201 2818 est,
211 2786 313 2820 Aquila
323 2788 353 2815 et
365 2786 525 2814 Theodotlo
535 2786 676 2814 suraballa
692 2786 839 2821 dixerunt,
853 2789 881 2814 et
896 2795 965 2822 non,

143 2822 179 2858 ut
191 2825 327 2858 corrupte
343 2822 460 2858 legitur,
473 2822 625 2858 saraballa.
640 2823 752 2858 Lingua
767 2825 864 2850 autem
878 2822 965 2851 Chal-

143 2856 273 2885 daeorum
280 2856 428 2887 ζςαναῡαιια
438 2866 524 2886 crura
534 2857 687 2886 hominum
696 2856 839 2887 vocantur
848 2861 877 2887 et
888 2858 965 2887 tibia:

142 2893 174 2921 et
197 2891 353 2931 ὁμωνύμως
366 2894 455 2923 etiam
484 2894 593 2923 braccis
609 2901 722 2929 eorum,
748 2894 856 2931 quibus
879 2901 965 2924 crura

1054 1571 1209 1606 Videbam,
1226 1577 1253 1601 et
1268 1582 1332 1601 ecce
1348 1573 1436 1600 arbor
1451 1573 1479 1600 in
1492 1571 1587 1600 medio
1603 1573 1697 1605 terra,

1054 1614 1081 1637 et
1097 1610 1220 1637 altitudo
1236 1611 1299 1643 eius
1316 1609 1415 1636 nimia.

1018 1647 1121 1680 Magna
1137 1647 1233 1678 arbor,
1250 1648 1278 1673 et
1294 1646 1375 1672 fortis
1394 1653 1399 1671 2

1053 1678 1081 1708 et
1097 1683 1256 1717 proceritas
1273 1682 1336 1716 ejus
1353 1680 1527 1717 contingens
1542 1678 1647 1717 ccelum
1666 1686 1673 1705 ε

1054 1713 1189 1752 aspectus
1206 1713 1362 1745 illius'erat
1380 1713 1473 1751 usque
1489 1716 1522 1742 ad
1539 1714 1683 1742 terminos
1699 1713 1842 1742 universas

1092 1757 1187 1781 terrae.

1020 1789 1097 1817 Folia
1109 1790 1172 1825 ejus
1188 1788 1440 1825 pulcherrima,“
1457 1787 1568 1814 fructus
1582 1786 1647 1822 ejus
1663 1785 1774 1813 nimius
1791 1793 1798 1813 :

1054 1827 1083 1852 et
1098 1823 1164 1852 esca
1181 1823 1384 1851 universorum
1402 1823 1430 1850 in
1448 1832 1490 1850 ea.

1018 1860 1124 1889 Subter
1138 1868 1203 1889 eam
1218 1860 1391 1887 habitabant
1406 1857 1546 1886 animalia
1558 1859 1587 1884 et
1606 1857 1717 1890 bestiae,

1053 1896 1122 1923 etin
1139 1894 1229 1923 ramis
1245 1895 1309 1929 ejus
1325 1894 1573 1922 conversabantur
1587 1892 1719 1920 volucres
1742 1891 1807 1920 οωΙί
1822 1899 1829 1920 :

1053 1934 1082 1958 et
1094 1940 1129 1959 ex
1143 1939 1177 1959 ea
1192 1931 1363 1960 vescebatur
1377 1930 1472 1957 omnis
1489 1937 1565 1957 caro.

1017 1966 1159 1995 Videbam
1184 1967 1215 1994 in
1238 1966 1350 1994 visione
1378 1964 1485 2001 capitis
1509 1963 1566 1992 mei
1595 1971 1685 1999 super
1712 1964 1841 1990 stratum

1091 2010 1201 2035 meum,

1053 2041 1081 2066 et
1091 2047 1158 2066 ecce
1172 2037 1240 2074 vigil
1256 2038 1285 2065 et
1299 2038 1419 2074 sanctus
1436 2036 1471 2074 de
1486 2035 1557 2064 casio
1573 2034 1735 2062 descendit.

1019 2074 1162 2102 Clamavit
1176 2072 1299 2107 fortiter,
1316 2075 1344 2100 et
1357 2072 1398 2100 sic
1418 2072 1460 2099 ait
1477 2080 1483 2099 :

1019 2110 1166 2138 Succidite
1180 2110 1322 2143 arborem,
1339 2110 1367 2135 et
1383 2107 1531 2144 praecidite
1547 2114 1644 2134 ramos
1660 2106 1725 2141 ejus
1742 2112 1748 2132 :

1018 2146 1150 2174 Excutite
1168 2145 1236 2173 folia
1251 2145 1327 2179 ejus,

1053 2184 1083 2209 et
1096 2181 1255 2217 dispergite
1267 2180 1395 2217 fructum
1409 2179 1475 2214 ejus
1492 2187 1499 2205 :

981 2232 1005 2265 Β
1020 2215 1531 2265 Έυξὶειιιξᾟθιξιίιξςιιὲῗδκῆιὲδξξςηθδω
1545 2215 1627 2247 sunt,

1056 2251 1084 2281 et
1098 2253 1231 2281 volucres
1247 2251 1288 2280 de
1297 2251 1387 2279 ramis
1402 2252 1476 2288 ejus.
1547 2285 1553 2288 _
1610 2285 1616 2288 _
1658 2285 1662 2288 _
1762 2283 1768 2288 _
1794 2281 1801 2288 _

1022 2289 1230 2317 Verumtamen
1242 2295 1362 2324 germen
1379 2287 1511 2324 radicum
1528 2285 1593 2320 ejus
1609 2285 1639 2324 in
1655 2285 1734 2324 terra
1745 2283 1844 2324 sinite,

1056 2327 1085 2353 et
1098 2320 1362 2360 alligetur'vinculo
1378 2322 1470 2351 ferreo
1486 2324 1515 2349 et
1529 2329 1612 2356 meo,
1629 2320 1658 2348 in
1676 2320 1773 2347 herbis
1782 2326 1844 2354 quas

1093 2361 1164 2388 foris
1180 2361 1260 2388 sunt.

1056 2397 1085 2424 et
1100 2404 1163 2425 rore
1179 2395 1242 2424 caeli
1258 2395 1399 2430 tingatur,

1056 2434 1160 2460 etcum
1172 2432 1240 2459 feris
1257 2428 1324 2467 pars
1340 2430 1404 2465 ejus
1423 2429 1452 2456 in
1469 2428 1560 2456 herba
1575 2429 1670 2456 terrae.

1021 2467 1076 2495 Cor
1090 2469 1154 2504 ejus
1169 2468 1205 2496 ab
1221 2466 1351 2495 humano
1367 2466 1577 2498 commutatur,

1020 2577 1161 2611 teguntur
1176 2577 1204 2603 et
1219 2573 1306 2602 tibiae.
1324 2572 1408 2610 quasi
1424 2572 1554 2601 crurales
1570 2572 1598 2600 et
1613 2569 1729 2598 tibiales
1745 2568 1846 2605 appel-

1022 2612 1085 2639 latas
1102 2613 1172 2639 sunt
1188 2622 1202 2636 ι»
1218 2611 1311 2637 MART.
1692 2640 1717 2644 __
1750 2639 1756 2644 ,
1770 2640 1777 2644 _
1802 2639 1807 2644 _

1055 2649 1067 2665 ‘
1081 2648 1188 2675 Textus
1206 2647 1342 2673 Hebraeus
1356 2644 1444 2672 habet
1473 2648 1568 2676 mna,
1599 2650 1662 2677 quae
1689 2639 1846 2668 Chaldaica

1020 2700 1073 2719 vox
1089 2690 1206 2726 proprie
1217 2690 1365 2725 signiﬁcat
1379 2689 1481 2726 otium.
1499 2687 1694 2726 Quamobrem
1706 2685 1786 2726 visus
1801 2685 1847 2711 est

1021 2720 1115 2755 doctis
1130 2720 1201 2754 viris
1230 2720 1261 2753 S‘:
1285 2727 1370 2753 Pater
1397 2720 1528 2752 Graecum
1555 2722 1704 2757 exemplar
1725 2720 1771 2757 hic
1789 2727 1844 2754 prae

1020 2763 1114 2791 oculis
1128 2762 1279 2794 habuisse,
1296 2765 1384 2796 atque
1400 2761 1508 2796 ipsum
1519 2756 1842 2796 quidem’mendosum.

1021 2801 1121 2835 utpote
1134 2807 1190 2834 quo
1206 2806 1260 2835 pro
1272 2791 1363 2835 Erepsi;
1380 2791 1487 2832 legeret
1502 2791 1604 2835 ἓτάῖριε,
1619 2800 1748 2835 quac‘vox
1760 2791 1845 2832 colle-

1019 2828 1081 2870 gain
1097 2828 1193 2862 sonat.
1207 2828 1323 2862 'Videsis'
1340 2828 1437 2861 tamen
1454 2840 1516 2868 qua?
1533 2828 1568 2859 ad
1585 2828 1665 2857 hunc
1689 2828 1787 2856 locum
1812 2828 1842 2854 in

1018 2869 1234 2900 Commentaris
1247 2869 1434 2898 adnotamus.
