4090 6192
487 211 621 272 1371

560 344 618 396 et
646 355 745 394 cor
775 337 908 392 form
941 337 1114 392 detur
1142 337 1189 392 ei
1228 355 1240 392 :

560 417 619 469 et
643 415 859 488 septem
896 413 1156 488 tempora
1188 414 1494 488 mutentur
1524 433 1702 488 super
1721 435 1880 476 eum.

492 487 554 542 In
587 479 877 540 sententia
907 479 1147 551 vigilum
1183 481 1480 540 decretum
1507 479 1616 544 est:

558 560 616 610 et
643 569 834 609 sermo
867 557 1229 627 sanctorum,
1263 560 1317 609 et
1351 558 1549 627 petitio
1585 576 1596 614 :

489 632 682 684 Donec
710 628 1064 692 cognoscant
1094 624 1372 695 viventes,

559 695 832 778 quoniam
865 695 1200 779 dominatur
1229 699 1504 779 Excelsae
1527 702 1586 779 in
1606 706 2129 779 regnohominum;

477 770 559 832 ,Et
578 765 917 846 cuicunque
950 765 1413 846 voluerittdabit
1435 772 1599 846 illud,

561 845 619 894 et
650 837 1385 922 bumillimurpﬂhominem
1420 837 1743 904 constituet
1775 866 1950 922 super
1973 869 2130 909 eum.

489 915 610 967 Hoc
643 911 939 966 somnium
972 910 1090 964 vidi

561 999 668 1054 ego
696 998 791 1036 rex
823 981 1355 1042 Nabuchodonosor
1389 1004 1401 1042 :

490 1073 577 1127 Tu
593 1086 722 1146 ego,
745 1069 1630 1146 Baltassar,_interpretationem
1659 1098 1831 1138 narra
1851 1083 2131 1142 festinus:

562 1143 698 1226 quia
726 1143 1429 1226 omnes‘sapientes'regni
1450 1152 1563 1207 mei
1593 1170 1707 1208 non
1733 1161 1952 1226 queunt
1971 1155 2133 1213 solu-

634 1213 854 1269 tionem
890 1213 1116 1270 edicere
1147 1217 1290 1272 mihi
1325 1213 1338 1274 ἐ

489 1287 574 1341 Tu
609 1290 797 1341 autem
813 1290 1010 1357 potes,

563 1357 706 1428 quia
734 1356 980 1428 Spiritus
1011 1358 1252 1414 deorum
1286 1366 1624 1421 sanctorum
1657 1367 1714 1423 in
1748 1372 1804 1424 te
1833 1372 1940 1424 est.

491 1445 654 1501 Tunc
684 1444 905 1519 Daniel,
942 1447 1112 1515 cujus
1143 1464 1352 1504 nomen
1396 1451 1703 1519 Baltassar,

464 1589 468 1594 _
563 1517 737 1642 ccepi)“.
767 1517 921 1571 intra
951 1519 1330 1590 semetipsum
1381 1525 1595 1581 tacitus
1649 1517 1906 1599 cogitare
1961 1531 2132 1601 quasi

711 1604 812 1642 ora
847 1605 961 1642 una
993 1604 1006 1642 :

668 1604 812 1643 nora
847 1605 961 1643 una
993 1604 1006 1642 :

561 1663 619 1714 et
648 1660 1035 1729 cogitationes
1052 1661 1179 1730 ejus
1202 1665 1629 1724 conturbabant
1661 1686 1813 1728 eum.

484 1733 868 1800 Respondens
897 1737 1094 1787 autem
1128 1749 1226 1788 rex
1273 1735 1389 1791 ait:

1523 218 1581 270 8.
1625 219 2033 279 HIERONYMI
2070 227 2325 283 DIVINA
2365 230 2859 288 BIBLIOTHECA.

3711 243 3821 299 {3'72

2159 352 2212 420 Α
2318 355 2585 429 Regnum
2619 344 2858 416 transiit
2889 378 2921 416 a
2952 363 3006 416 te
3038 378 3054 416 :

2242 429 2310 482 Et
2342 429 2413 484 ab
2445 429 2788 504 hominibus
2820 437 2878 488 te
2908 432 3164 504 ejicient,

2313 505 2371 554 et
2400 516 2533 556 cum
2563 502 2767 559 bestiis
2799 502 2951 560 feris
2972 504 3084 560 erit
3114 505 3397 562 habitatio
3428 509 3526 562 tua
3557 525 3570 563 :

2241 573 2457 626 Fenum
2495 575 2664 643 quasi
2699 576 2804 630 bos
2835 577 3129 644 comedes,

2312 648 2369 698 et
2394 651 2616 715 septem
2651 651 2916 718 tempora
2947 649 3338 704 mutabuntur
3369 665 3545 720 super
3572 653 3622 706 te
3649 669 3662 708 :

2243 734 2432 788 Donec
2453 733 2607 814 scias
2639 738 2793 807 quod
2819 737 3158 792 dominetur
3189 737 3465 793 Excelsus
3489 739 3543 793 in
3576 756 3727 814 regno
3749 743 3824 799 bo-

2387 821 2638 872 mnuum,

2313 881 2368 928 et
2397 876 2722 945 cuicunque
2752 877 3023 945 voluerit,
3057 878 3154 934 det
3185 878 3355 935 illud.

2243 946 2458 1072 Eadeén
2484 949 2625 1002 hora
2656 965 2848 1004 sermo
2880 949 3209 1022 completus
3247 957 3337 1006 est
3366 967 3543 1022 super
3572 953 3826 1012 Nabucho-

2426 1035 2659 1072 unosor.

2426 1035 2659 1086 uuosor,

2313 1093 2371 1144 et
2399 1105 2466 1144 ex
2499 1090 2840 1146 hominibus
2873 1093 3096 1159 cjectus
3128 1095 3248 1160 est;

2242 1165 2312 1216 Et
2341 1161 2539 1216 fenum
2570 1163 2770 1234 utbos
2791 1165 3068 1234 comedit,

2313 1235 2370 1286 et
2399 1248 2524 1287 rore
2559 1233 2682 1306 coeli
2715 1250 2929 1306 corpus
2958 1233 3086 1305 ejus
3115 1234 3400 1290 infectum
3435 1239 3526 1290 est
3557 1253 3570 1291 ε

2241 1302 2435 1358 Donec
2465 1304 2664 1375 capilli
2693 1302 2906 1376 ejusin
2933 1302 3318 1362 similitudem
3357 1306 3678 1378 aquilarum
3706 1325 3826 1365 cres-

2385 1380 2602 1441 cerent,
3323 1419 3328 1421 -

2312 1448 2370 1518 et
2399 1447 2788 1518 unguesejus
2818 1448 2987 1518 quasi
3021 1447 3244 1504 avium.

2242 1517 2428 1587 Igitur
2459 1523 2589 1586 post
2619 1517 2795 1572 ﬁnem
2829 1517 3080 1586 dierum,

2309 1605 2416 1660 ego
2462 1587 3000 1671 Nabuchodonosor
3029 1589 3230 1646 oculos
3263 1607 3425 1647 meos
3457 1592 3528 1647 ad
3560 1591 3746 1648 ccelum
3768 1592 3830 1650 le-

2418 1676 2540 1715 vavn
2553 1703 2567 1729 ,

2156 1727 2207 1793 Β
2305 1737 2360 1787 et
2391 1727 2604 1787 sensus
2636 1747 2800 1786 meus
2834 1731 3098 1788 redditus
3128 1737 3219 1788 est
3252 1732 3399 1789 mihi
3431 1750 3446 1789 :

560 1801 876 1886 Baltassar,
935 1804 1233 1886 somnium
1289 1813 1348 1863 et
1402 1807 1802 1882 interpretatio
1832 1815 1959 1886 ejus
2009 1831 2124 1871 non

2273 1807 2301 1856 lt
2329 1802 2634 1886 Altissimo
2667 1803 2953 1885 benedixi,

631 1874 984 1929 conturbent
1014 1879 1089 1931 te.

487 1945 808 2016 Respondit
837 1945 1150 2011 Baltassar,
1184 1952 1241 2003 et
1269 1948 1450 2005 dixit:

559 2016 804 2099 Domine
838 2018 936 2099 mi,
970 2019 1264 2099 somnium
1299 2021 1401 2099 his
1423 2023 1522 2093 qui
1555 2027 1612 2099 te
1651 2027 1922 2099 oderunt,

561 2093 619 2142 et
651 2089 1053 2158 interpretatio
1084 2091 1210 2159 ejus
1232 2089 1500 2150 hostibus
1531 2098 1650 2153 tuis
1680 2098 1777 2154 sit.

487 2176 762 2258 Arborem
793 2193 969 2258 quam
1009 2179 1204 2258 vidisti
1239 2181 1555 2258 sublimem
1588 2190 1767 2258 atque
1799 2189 2124 2258 robustam,

557 2249 728 2334 cujus
759 2248 1006 2329 altitudo
1050 2251 1328 2334 pertingit
1375 2255 1444 2308 ad
1496 2248 1729 2321 cmlum,
1763 2264 1821 2314 et
1850 2248 2128 2334 aspectus

629 2319 790 2373 illius
819 2319 880 2373 in
911 2335 1145 2375 omnem
1177 2319 1390 2378 terram
1427 2341 1440 2379 :

483 2388 558 2444 ‘Et
586 2391 732 2444 rami
761 2389 890 2455 ejus
936 2391 1334 2460 pulcherrimi,

565 2464 622 2515 et
656 2459 882 2515 fructus
913 2459 1042 2530 ejus
1071 2464 1324 2533 nimius;

489 2533 554 2585 Et
579 2547 714 2586 esca
745 2535 1010 2588 omnium
1043 2534 1102 2588 in
1133 2551 1222 2590 ea.

559 2609 615 2685 et
643 2603 846 2685 subter
867 2621 996 2685 eam
1027 2604 1360 2663 habitantes
1392 2609 1589 2666 bestia
1620 2614 1766 2685 agri,

559 2677 616 2730 et
641 2674 698 2728 in
733 2676 915 2730 ramis
945 2676 1074 2745 ejus
1105 2686 1537 2738 commorautes
1563 2674 1699 2740 aves
1729 2674 1859 2743 cceli
1892 2706 1905 2743 :

488 2764 571 2819 Tu
605 2778 667 2818 es
699 2763 952 2838 rex,_qu_i
987 2767 1397 2837 magnificatus
1428 2786 1511 2838 es,
1540 2776 1596 2827 et
1626 2774 1949 2832 invaluisti.

558 2838 615 2890 et
648 2835 990 2959 magnitudo
1019 2835 1121 2892 tua
1150 2841 1347 2907 crevit,
1397 2848 1453 2897 et
1499 2835 1764 2915 pervenit
1821 2865 2007 2920 usque
2055 2853 2125 2908 ad

634 2923 716 2959 cce
746 2922 867 2959 um.

634 2922 867 2974 omium,

559 2980 617 3033 et
648 2982 903 3048 potestas
933 2983 1034 3034 tua
1064 2979 1123 3034 in
1154 2982 1441 3039 terminos
1472 2986 1760 3045 universa
1789 2993 1974 3047 terras.

492 3049 652 3116 Quod
691 3056 885 3104 autem
920 3049 1064 3104 vidit
1107 3068 1204 3106 rex
1235 3053 1465 3125 vigilem
1498 3063 1553 3112 et
1583 3065 1851 3119 sanctum
1885 3065 2125 3122 descen-
2159 3091 2202 3159 α

631 3120 767 3159 dum
795 3121 865 3159 Aa
897 3121 1040 3159 nmln
1093 3127 1146 3159 of
1178 3123 1370 3159 Αἷηοηη
1403 3142 1415 3156 .
2154 3141 2158 3144 -

631 3120 767 3176 dere
795 3121 866 3177 de
897 3121 1065 3191 coelo,
1093 3127 1148 3178 et
1178 3120 1370 3182 dice—re
1403 3142 1415 3180 :

494 3191 789 3271 Succidite
820 3193 1109 3260 arborem,
1143 3199 1197 3271 e_t
1227 3196 1510 3269 dissipate
1540 3200 1730 3271 illam;

491 3264 759 3350 Attamen
785 3279 1041 3350 .germ‘en
1069 3267 1330 3350 radicum
1367 3264 1503 3350 ejus,
1537 3272 1614 3350 i_n_
1637 3264 1793 3350 terra
1829 3278 2128 3350 dimittite,

561 3339 619 3418 et
647 3334 937 3418 vinciatur
957 3337 1108 3391 ferro
1139 3342 1196 3392 et
1226 3356 1337 3418 rere
1371 3334 1427 3396 in
1455 3344 1648 3401 herbis
1679 3348 1841 3418 foris,

560 3409 619 3459 et
652 3421 780 3460 rore
812 3405 938 3479 cmli
971 3417 1415 3479 conspergatur,

558 3480 617 3552 et
645 3491 774 3530 cum
809 3478 946 3533 feris
979 3482 1057 3534 sit
1087 3478 1368 3550 pabuium
1401 3478 1552 3552 ejus.

560 3547 742 3608 donec
775 3553 998 3620 septem
1033 3547 1299 3622 tempora
1331 3547 1637 3612 mutentur
1666 3575 1846 3632 super
1873 3579 2007 3620 eum
2042 3581 2055 3620 :

491 3639 624 3691 Haec
657 3634 1060 3716 interpretatio
1083 3642 1383 3716 sententiis
1413 3644 1723 3716 Altissimi,

563 3724 688 3792 quae
718 3710 983 3796 pervenit
1013 3727 1200 3796 super
1219 3713 1525 3773 dominum
1561 3710 1757 3776 meum
1781 3738 1978 3796 regem
2009 3741 2024 3781 :

489 3778 738 3848 Ejicient
766 3784 823 3854 te
853 3781 924 3835 ab
952 3778 1314 3854 hominibus,

560 3855 617 3907 et
647 3868 779 3906 cum
813 3852 1016 3909 bestiis
1038 3854 1175 3911 feris
1203 3852 1315 3912 erit
1345 3857 1630 3918 habitatio
1661 3867 1782 3920 tua.

472 3962 478 3964 η
561 3927 619 3978 et
653 3924 848 3979 fenum
883 3926 1082 4000 ut‘hos
1113 3930 1402 4000 comedes,

560 3999 619 4050 et
639 4011 768 4050 rore
798 3995 925 4052 θα)Ῑὶ
959 3995 1289 4056 infunderis
1318 4018 1331 4055 :

489 4087 720 4168 Septem
753 4100 986 4167 quoque
1016 4091 1282 4168 tempora
1314 4091 1701 4168 mutabuntur
1730 4113 1909 4168 super
1936 4102 2014 4166 te,

569 4156 753 4210 donec
811 4157 966 4246 scias
1031 4156 1184 4239 quod
1238 4161 1577 4219 dominetur
1622 4156 1898 4228 Excelsus
1955 4156 2135 4246 super

635 4242 881 4297 regnum
914 4228 1244 4298 hominum,

562 4301 620 4352 et
647 4298 979 4370 cuicunque
1008 4301 1278 4369 voluerit,
1310 4304 1406 4360 det
1436 4304 1605 4361 illud.

493 4369 655 4436 Quod
689 4374 885 4456 autem
931 4375 1226 4456 praecepit,
1283 4381 1347 4430 ut
1417 4376 1847 4451 relinqueretur
1891 4400 2132 4456 germen

639 4441 901 4496 radicum
934 4441 1086 4515 ejus,

566 4510 624 4565 id
656 4518 744 4567 est
773 4510 997 4571 arboris
1031 4531 1043 4570 :

497 4579 761 4654 Regnum
793 4589 960 4641 tuum
995 4588 1099 4642 tibi
1134 4590 1412 4656 manebit,

565 4661 881 4725 postquam
917 4661 1260 4729 cognoveris
1300 4667 1641 4734 potestatem
1687 4682 1817 4724 esse
1839 4669 2134 4728 caelestem

497 4744 915 4830 Quamobrem,
929 4750 1380 4830 Irex,c‘onsilium
1398 4769 1606 4830 meum
1642 4755 1867 4826 placeat
1897 4759 2028 4830 tibi,

565 4819 624 4894 e_t
650 4821 894 4894 peccata
924 4823 1026 4874 tua
1055 4818 1444 4894 eleemosynis
1467 4818 1710 4892 redime,

563 4890 620 4972 et
646 4887 988 4972 iniquitates
1019 4887 1600 4972 tueamisericordiis
1633 4887 1958 4972 pauperum
1990 4921 2004 4960 :

568 4959 812 5030 forsitan
844 4959 1105 5030 ignoscet
1133 4965 1361 5022 delictis
1392 4968 1531 5022 tuis.

493 5028 706 5117 ania
735 5028 1018 5087 venerunt
1039 5037 1782 5117 super_Nabuc_hodonosor
1811 5061 2028 5117 regem.

492 5107 632 5179 Post
664 5102 852 5179 fin.em_
887 5102 1179 5179 mensium
1211 5109 1538 5179 duodecim,

562 5173 621 5228 in
655 5172 790 5228 aula
821 5175 1133 5248 Babylonis
1165 5172 1608 5238 deambulabat.

491 5262 932 5335 Responditque
967 5281 1080 5328 rex,
1112 5271 1169 5322 et
1199 5266 1280 5322 ait
1312 5285 1325 5324 :

566 5333 1044 5421 Nonnneb’aac‘est
1075 5339 1596 5421 Babylnn_magna,
1633 5362 1808 5417 quam
1859 5365 1965 5421 ego
1995 5351 2139 5407 aedi-

637 5405 796 5483 ficavi
831 5409 886 5462 in
919 5405 1378 5483 domumgregni.

567 5475 623 5531 in
657 5479 882 5587 robo)re,
917 5475 1287 5538 fortitudinis
1309 5499 1471 5550 meae,
1495 5489 1552 5540 et
1595 5485 1654 5542 in
1693 5490 1876 5558 gloria
1907 5493 2138 5551 decoris

646 5565 756 5587 mm

646 5565 757 5602 mel
796 5571 804 5602 ε

495 5621 635 5672 Cum
669 5620 863 5701 adhuc
895 5638 1089 5701 sermo
1119 5629 1273 5681 esset
1305 5625 1363 5681 in
1397 5644 1493 5682 ore
1526 5628 1700 5701 regis,

567 5704 675 5743 vox
706 5691 777 5744 de
809 5694 950 5748 coelo
982 5698 1099 5750 ruit
1133 5713 1144 5750 :

499 5757 624 5810 Tibi
659 5760 892 5832 dicitur,
928 5766 1465 5825 Nabuchodonosor
1494 5786 1591 5826 rex
1624 5787 1638 5826 :

2305 1879 2362 1930 et
2389 1875 2677 1956 viventem
2707 1874 2765 1929 in
2798 1874 3224 1947 sempiternum
3274 1874 3511 1931 laudavi
3559 1881 3612 1932 et
3650 1877 3832 1950 glorifi-

2376 1961 2497 2000 cav1
2543 1962 2557 2002 ἒ

2233 2014 2380 2100 Quia
2411 2022 2672 2087 potestas
2702 2017 2832 2100 ejus
2864 2018 3537 2100 potestasosempiterna.

2306 2095 2364 2144 et
2393 2105 2637 2160 regnum
2671 2089 2873 2158 ejusin
2888 2088 3316 2158 generationem
3339 2094 3394 2144 et
3411 2090 3832 2161 generationem.

2235 2177 2305 2232 Et
2334 2193 2540 2233 omnes
2571 2176 2928 2249 habitatores
2957 2184 3121 2233 terra:
3153 2179 3305 2249 apud
3339 2194 3474 2234 eum
3515 2179 3575 2235 in
3622 2179 3834 2236 nihilum

2377 2248 2629 2316 reputati
2665 2254 2804 2303 sunt
2836 2265 2848 2303 :

2289 2319 2463 2390 juxta
2474 2319 2826 2375 voluntatem
2848 2319 3000 2374 enim
3019 2336 3188 2375 suam
3207 2320 3344 2376 facit
3359 2324 3479 2377 tam
3496 2321 3554 2376 in
3570 2320 3841 2378 virtutibus

2380 2391 2530 2456 caeli,
2562 2407 2738 2460 quam
2761 2393 2819 2444 in
2843 2391 3277 2447 habitatoribus
3309 2397 3477 2448 terra
3510 2411 3523 2450 :

2237 2461 2305 2516 Et
2334 2477 2448 2516 non
2483 2467 2573 2517 est
2603 2462 2705 2533 qui
2739 2464 2975 2534 resistat
3006 2463 3208 2518 manui
3239 2465 3389 2534 ejus,

2307 2537 2364 2587 et
2388 2534 2542 2588 dicat
2570 2534 2620 2586 ei
2656 2549 2668 2586 :
2703 2535 2892 2600 Quare
2924 2533 3163 2590 fecisti?

2239 2622 2305 2677 In
2336 2621 2462 2693 ipso
2494 2627 2758 2693 tempore
2803 2637 3014 2678 sensus
3049 2639 3219 2678 meus
3251 2639 3524 2680 reversus
3555 2628 3643 2682 est
3670 2624 3733 2680 ad
3761 2639 3849 2687 me,

2309 2698 2367 2770 et
2398 2693 2468 2770 ad
2503 2693 2782 2748 honorem
2816 2694 2977 2764 regni
3027 2694 3145 2750 mei
3192 2695 3587 2770 decoremque
3631 2695 3852 2769 perveni,

2308 2769 2366 2820 et
2396 2765 2586 2836 figura
2616 2780 2746 2820 mea
2777 2781 3010 2821 reversa
3039 2769 3132 2821 est
3164 2767 3233 2821 ad
3271 2783 3362 2824 me
3390 2784 3404 2822 :

2237 2838 2306 2891 Et
2325 2836 2634 2908 optimates
2666 2837 2803 2903 mei,
2831 2842 2889 2892 et
2911 2837 3299 2909 magistratus
3345 2839 3460 2896 mei
3491 2839 3852 2911 requisierunt

2384 2923 2499 2963 me.

2311 2979 2447 3033 etin
2481 2994 2660 3049 regno
2691 2994 2819 3033 meo
2854 2978 3174 3035 restitutus
3195 2996 3325 3036 sum
3361 2998 3374 3035 :

2310 3053 2368 3106 et
2399 3050 2838 3122 magnificentia
2871 3050 3126 3122 amplior
3156 3051 3356 3108 addita
3383 3055 3478 3110 est
3509 3052 3674 3109 mihi.

2239 3139 2410 3214 Nunc
2432 3138 2610 3210 igitur
2636 3154 2741 3210 ego
2774 3139 3319 3197 Nabuchodonosor
3347 3142 3549 3212 laudo,
3582 3148 3640 3200 et
3666 3140 3852 3214 magni-

2382 3211 2510 3266 ﬁco.

2311 3286 2365 3354 et
2397 3281 2660 3354 gloriﬁco
2691 3297 2887 3353 regem
2923 3281 3050 3336 coeli
3086 3299 3100 3338 :

2241 3353 2388 3419 Quia
2408 3353 2609 3408 omnia
2649 3369 2823 3424 opera
2844 3355 2974 3424 ejus
2993 3369 3149 3424 vera,

2313 3429 2371 3481 et
2397 3425 2506 3480 vis:
2535 3425 2664 3494 ejus
2689 3424 2916 3494 judicia
2948 3442 2961 3480 :

2311 3501 2368 3552 et
2397 3493 2733 3569 gradientes
2764 3496 2821 3552 in
2856 3495 3134 3569 superbia
3163 3497 3358 3569 potest
3386 3493 3724 3569 humiliare.

2244 3565 2426 3641 [Visio'
2472 3567 2566 3641 νς]
2626 3565 3239 3641 Βᾳιιαεεωεξιιθξ-ἷθὰἱι
3283 3566 3512 3638 grande
3556 3565 3854 3621 convivium

2421 3638 2814 3718 optimatibus
2841 3639 2966 3696 suis
2997 3638 3196 3718 mille:
3375 3709 3387 3718 _
3419 3708 3430 3718 .

2313 3714 2371 3767 et
2393 3709 2810 3783 unusquisque
2834 3711 3158 3768 secundum
3182 3725 3351 3765 suam
3375 3709 3622 3764 bibebat
3641 3712 3856 3762 aetatem.

2245 3799 2523 3870 Praecepit
2553 3815 2690 3870 ergo
2716 3800 2837 3870 jam
2871 3799 3247 3866 temulentus,
3276 3801 3341 3853 ut
3370 3798 3721 3854 aﬂ‘srrentur
3749 3810 3856 3850 vasa

2387 3886 2565 3926 aurea
2595 3877 2665 3926 et'
2681 3881 2976 3943 argentea,

2317 3959 2443 4015 quae
2474 3938 2869 4015 asportaVErat
2889 3941 3431 4015 Nabuchodonosor
3459 3943 3628 4012 pater
3665 3940 3780 4011 ejus
3804 3938 3858 3992 dc

2312 4013 2555 4086 templo,
2588 4016 2743 4086 quod
2779 4015 2888 4070 fuit
2919 4017 2976 4070 in
3007 4013 3359 4086 Jerusalem,

2243 4091 2320 4144 Ut
2348 4084 2616 4141 biberent
2642 4085 2702 4140 in
2735 4085 2820 4142 eis
2852 4103 2950 4142 rex
2975 4092 3034 4141 et
3061 4084 3374 4155 optimates
3403 4085 3563 4154 ejus,

2314 4172 2641 4226 uxoresque
2670 4157 2820 4227 ejus,
2853 4163 2910 4213 et
2935 4157 3296 4214 concubinae.

2243 4229 2409 4285 Tunc
2440 4227 2618 4283 allata
2649 4234 2790 4308 sunt
2819 4246 2959 4308 vasa
2992 4243 3192 4308 ξιιιῐδθεξ,
3408 4297 3424 4308 ,
3484 4297 3508 4308 ,
3658 4300 3667 4308 .
3703 4295 3716 4308 .

2315 4316 2440 4372 quae
2471 4307 2870 4425 aslportaverat
2900 4307 2955 4357 te
2987 4295 3227 4372 templo,
3271 4297 3428 4370 quod
3480 4297 3675 4354 fuerat
3701 4295 3758 4351 in
3787 4295 3864 4350 Je-

2387 4388 2524 4425 rusa
2553 4386 2643 4425 em
2679 4389 2692 4425 :

2387 4386 2643 4426 H.188le
2679 4389 2692 4426 ζ

2161 4463 2208 4529 1)
2237 4462 2304 4517 Et
2337 4460 2612 4515 biberunt
2641 4461 2699 4514 in
2734 4460 2819 4516 eis
2851 4477 2948 4516 rex
2979 4465 3036 4516 et
3064 4460 3378 4532 Optimates
3409 4459 3566 4529 ejus,

2317 4549 2524 4588 uxores
2554 4537 2611 4604 et
2641 4533 2978 4588 concubinis
3012 4534 3161 4604 ejus.

2245 4603 2531 4660 Bibebant
2559 4603 2780 4672 vinum,
2810 4610 2868 4659 et
2900 4602 3221 4660 laudabant
3251 4602 3391 4658 deos
3417 4618 3565 4659 suos
3590 4616 3812 4666 aureos,

2318 4680 2375 4756 et
2405 4680 2730 4756 argenteos,
2777 4681 2836 4731 et
2880 4693 3085 4746 aereos,
3141 4676 3381 4740 ferreos,
3431 4673 3779 4746 ligneosque
3821 4672 3864 4724 el

2318 4746 2604 4816 lapideos.

2249 4819 2316 4876 In
2347 4819 2548 4890 eadem
2583 4818 2725 4873 hora
2746 4821 3148 4890 apparuerunt
3173 4815 3362 4890 digiti,

2319 4889 2488 4962 quasi
2525 4905 2699 4945 manu
2731 4881 2990 4945 hominis
3021 4881 3575 4946 scriben'tis'contra
3623 4881 3864 4942 candela-

2317 5031 2376 5110 in
2412 4961 2722 5110 sburplerrlﬁcie
2741 5031 2994 5110 parietis
3019 5030 3166 5110 aulis
3197 5029 3370 5102 regiae
3407 5045 3420 5084 :
3479 5098 3484 5104 _
3518 5100 3553 5110 __
3664 5098 3699 5110 Α.

2317 5108 2376 5160 et
2406 5100 2505 5160 rex
2542 5100 2840 5174 aspicebat
2869 5102 3149 5160 articulos
3183 5100 3389 5158 manus
3416 5100 3752 5157 scribentis.

2227 5180 2411 5249 'Tunc
2442 5192 2596 5258 regis
2627 5193 2804 5249 facies
2835 5196 3196 5248 commutata
3216 5195 3324 5260 est,

2321 5269 2378 5320 et
2406 5264 2792 5335 cogitationes
2821 5265 2953 5336 ejus
2986 5263 3408 5337 perturbabant
3435 5277 3575 5316 eum
3603 5279 3618 5328 ;

2250 5339 2318 5389 Et
2348 5351 2664 5408 compages
2693 5335 2896 5392 renum
2927 5335 3053 5407 ejus
3084 5335 3480 5408 solvebantur,

2323 5410 2380 5478 et
2408 5404 2601 5478 genua
2625 5408 2755 5476 ejus
2785 5409 2854 5462 ad
2895 5404 2968 5463 se
2987 5407 3236 5462 invicem
3268 5404 3724 5461 collidebantur.

2249 5477 2611 5553 Exclamavit
2644 5480 2840 5549 itaque
2864 5497 2960 5534 rex
2993 5479 3244 5553 fortiter,
3266 5547 3278 5553 _
3306 5549 3318 5553 _
3532 5550 3539 5553 _
3759 5544 3768 5553 _

2327 5557 2388 5606 ut
2419 5547 2854 5606 introducerent
2892 5563 3118 5623 magos,
3141 5547 3462 5612 Chaldaeos,
3486 5550 3550 5602 et
3573 5547 3862 5616 aruspices.

2252 5643 2322 5695 Et
2352 5639 2700 5711 proloquens
2729 5656 2828 5696 rex
2855 5639 2930 5697 ait
2963 5635 3680 5711 sapientibusBabylonis
3720 5650 3732 5686 :

2324 5709 2691 5785 Quicumque
2720 5711 2928 5785 legerit
2957 5709 3309 5785 scripturam
3343 5709 3515 5774 hanc,
3571 5778 3608 5785 __
3641 5779 3697 5785 ,Δ
3813 5773 3822 5782 _

2326 5775 2382 5840 et
2404 5775 2940 5856 interpretationem
2960 5775 3096 5856 ejus
3110 5782 3475 5840 manifestam
3500 5778 3653 5836 mihi
3671 5775 3857 5834 fecerit.
