2045 3096
245 106 316 134 1375

279 169 481 205 magistratus,
498 170 527 197 et
542 171 676 205 satrapae,
693 171 854 203 senatores,
870 170 1034 205 etjudioes,

281 209 314 234 ut
329 206 481 233 decretum
496 205 716 240 imperatorium
732 208 824 239 exeat,
837 207 866 234 et
878 206 1006 234 edictum
1024 214 1030 233 :

245 242 283 271 Ut
297 241 394 270 omnis
410 240 462 277 qui
476 241 592 276 petierit
607 241 737 276 aliquam
754 242 928 277 petitionem
953 251 970 270 a
994 250 1066 277 quo-

305 285 433 318 cunque
447 276 505 304 Deo
520 279 549 305 et
564 276 790 313 homine,usque
805 278 841 305 ad
858 277 919 306 dies
935 276 1068 314 triginta,

282 317 339 341 nisi
355 321 372 339 a
387 317 424 346 te,
440 320 500 344 rox,

281 348 415 376 mittatur
430 346 460 375 in
475 347 572 375 lacum
588 346 718 383 leonum,

245 384 327 412 Nunc
338 383 651 446 itezque,rex,cenﬁrms
667 384 893 421 sententiam,et
906 384 1002 413 scribe
1017 385 1069 413 de-

316 427 362 446 cre
379 427 427 446 um
446 427 452 446 :

316 427 427 447 cretum
446 427 452 447 ἱ

281 455 577 520 utPuoaimmutetur
591 456 668 491 quod
685 457 828 484 statutum
844 459 886 484 est
903 465 920 484 a
932 456 1025 484 Medis
1040 458 1070 484 et

339 499 424 520 ersis.

339 499 424 525 ersis,

281 535 335 554 nec
350 526 533 563 praevaricari
550 526 688 562 cuiquam
705 526 801 554 liceat.

248 563 339 591 Porro
353 562 405 590 rex
421 562 524 590 Darius
540 563 693 598 proposuit
707 563 846 596 edictum,

283 603 310 627 et
325 598 439 627 statuit.

245 635 327 697 Quor:
343 642 410 697 (ἔξω
426 632 526 661 Daniel
540 634 741 670 comperisset,
756 633 785 662 id
801 636 856 670 est,
879 634 1069 663 constitutam

330 678 344 697 e
385 678 424 697 ω.

330 677 424 703 egem,

318 677 344 697 le
368 677 412 697 em

282 677 437 742 ingrgessu’s
452 706 496 732 est
510 704 631 742 domum
647 713 757 742 suam:

246 742 281 770 Et
292 740 430 769 fenestris
445 741 553 776 apertis
570 741 599 768 in
616 740 764 769 cmuaculo
776 749 829 768 suo
840 742 941 769 contra
953 741 1070 769 Jerusa-

318 778 375 805 lem
392 776 487 813 tribus
501 777 684 812 temporibus
699 777 729 805 in
744 777 792 805 die
815 777 950 805 ﬂectebat
974 785 1071 813 genus

318 821 383 846 sua,
398 815 426 841 et
441 812 595 840 adorabat.

246 849 504 883 Conﬁtebaturque
520 856 617 875 coram
636 850 691 875 Deo
707 856 772 882 suo,

281 885 359 912 sicut
373 886 401 911 et
415 886 483 912 ante
500 884 593 911 facere
606 885 806 912 consueverat.

245 920 305 948 Viri
321 920 411 956 igitur
427 919 631 956 illiicuriosius
647 919 837 954 inquirenles,

282 955 458 984 invenerunt
471 955 620 983 Danielem
636 957 767 983 orantem
784 958 813 983 et
827 955 1027 983 obsecrantem

317 992 409 1019 Deum
427 999 525 1018 suum.

246 1029 281 1056 Et
295 1027 466 1055 accedentes
483 1026 572 1054 locuti
588 1028 658 1054 sunt
673 1026 732 1061 regi
748 1034 837 1061 super
849 1026 944 1054 edicto
962 1035 969 1055 :

283 1064 351 1098 Rex,
370 1063 504 1098 nunquid
521 1071 585 1098 non,
595 1062 785 1094 constituisti,

281 1102 312 1127 ut
326 1098 421 1126 omnis
436 1097 588 1133 homo,qui
605 1100 717 1133 rogaret
730 1105 909 1133 quamquam
921 1098 957 1125 de
970 1097 1027 1126 diis
1042 1099 1072 1126 et

316 1134 499 1169 hominibus,
517 1141 609 1169 usque
625 1134 661 1161 ad
678 1133 740 1161 dies
754 1134 883 1169 triginta,

283 1170 342 1197 nisi
357 1172 399 1201 te,
416 1177 476 1202 rex,

285 1205 454 1233 mitteretur
467 1205 496 1232 in
511 1204 608 1232 lacum
626 1204 765 1232 leonum?

246 1241 287 1269 Ad
303 1249 378 1277 quos
394 1240 576 1276 respondens
591 1248 651 1272 rex,
667 1240 709 1268 ait
725 1248 731 1267 :

246 1275 338 1305 Verus
354 1275 554 1312 sermo,juxta
568 1276 718 1304 decretum
736 1275 887 1304 Medorum
904 1277 990 1311 atque
1004 1278 1072 1304 Per-

318 1320 431 1344 sarum,

282 1348 358 1384 quod
376 1347 557 1384 praevaricari
575 1355 633 1384 non
649 1347 726 1375 licet.

246 1383 330 1412 Tunc
345 1383 556 1420 respondentes
569 1383 709 1420 dixerunt
718 1390 816 1411 coram
832 1390 900 1419 rege
916 1391 923 1410 :

249 1420 350 1448 Daniel
366 1418 403 1447 de
418 1419 487 1446 (iliis
502 1419 680 1455 captivitatis
694 1418 786 1449 Juda,

284 1464 341 1484 non
358 1455 471 1483 curavit
481 1455 517 1483 de
531 1454 592 1491 lege
606 1457 658 1483 tua
672 1456 701 1483 et
711 1455 747 1482 de
757 1454 851 1483 edicto
867 1454 945 1491 quod
963 1454 1072 1483 consti-

317 1490 412 1523 tuisti,

284 1526 442 1579 serit-ribus
453 1526 637 1562 temporibus
648 1534 700 1562 per
709 1526 786 1554 diem
798 1528 862 1554 orat
870 1526 1072 1555 obsecratione
1087 1544 1109 1579 c

318 1571 383 1590 sua.

250 1598 331 1632 Quod
349 1598 470 1625 verbum
486 1604 551 1625 cum
569 1597 701 1625 audisset
714 1605 774 1630 rex,

282 1634 355 1662 satis
370 1633 563 1662 contristatus
577 1635 623 1660 est
637 1641 644 1661 :

245 1670 281 1697 Et
294 1678 346 1705 pro
361 1669 481 1697 Daniele
497 1668 596 1704 posuit
610 1677 659 1696 cor
675 1670 706 1705 ut
722 1668 858 1705 liberaret
872 1677 951 1704 eum,

282 1704 420 1768 etalilsque
435 1705 470 1732 ad
487 1712 625 1732 occasum
640 1704 711 1732 solis
726 1704 879 1732 laborabat
894 1707 927 1733 ut
958 1706 1074 1733 erueret

318 1749 327 1768 1
354 1749 414 1768 um.

318 1749 414 1768 mum.

247 1776 310 1804 Viri
326 1778 424 1804 autem
441 1774 696 1811 illirinrtelligentes
712 1782 822 1811 regem,
839 1775 975 1803 dixerunt
989 1776 1014 1803 ei
1028 1785 1035 1804 :

283 1810 510 1847 Scito,rex,quia
525 1810 570 1838 lex
585 1811 736 1839 Medorum
749 1810 835 1845 atque
850 1814 1004 1839 Persarum
1015 1813 1072 1846 est,

283 1849 315 1875 ut
329 1856 416 1876 omne
431 1847 594 1881 decretum,
610 1846 687 1882 quod
701 1847 886 1875 constituerit
901 1855 960 1881 rex,
977 1856 1036 1876 non

283 1883 372 1912 liceat
387 1882 550 1911 immutari.

247 1920 328 1948 Tunc
346 1928 395 1947 rex
410 1918 547 1955 praecepit
563 1926 570 1945 :

284 1958 313 1984 et
329 1953 517 1983 adduxerunt
535 1953 693 1986 Danielem,

284 1994 313 2019 et
328 1991 473 2019 miserunt
486 1998 552 2017 eum
570 1990 599 2017 in
615 1989 712 2018 lacum
728 1989 856 2018 leonum.

249 2026 387 2063 Dixitque
402 2034 452 2054 rex
468 2025 579 2053 Danieli
597 2033 604 2053 :

283 2060 360 2091 Deu's
376 2065 456 2095 tuus,
473 2070 558 2097 quem
574 2060 646 2088 colis
661 2069 785 2097 semper,
802 2061 864 2097 ipse
879 2061 1017 2090 liberabit
1032 2063 1072 2090 te.

250 2098 422 2134 Allatusque
437 2100 482 2125 est
494 2097 570 2133 lapis
586 2105 663 2124 unus

284 2119 424 2170 $233353
430 2119 503 2170 eve-st
517 2119 606 2169 super
620 2119 723 2170 o‘s-iaci
740 2141 746 2161 :

249 2168 340 2203 Quem
355 2169 519 2205 obsignavit
533 2168 583 2196 rex
598 2169 707 2196 annulo
723 2170 819 2203 suo,et
830 2168 939 2197 annulo
950 2169 1074 2205 optima-

321 2209 384 2234 tum
401 2213 535 2238 suorum,

285 2250 321 2283 ne
336 2242 407 2283 quid
424 2242 506 2283 fieret
521 2242 623 2268 contra
639 2239 798 2283 Danie‘lein.

251 2277 284 2304 Et
295 2275 367 2305 abiit
379 2285 428 2305 rex
438 2277 468 2305 in
480 2278 598 2305 domum
611 2278 738 2310 suam,et
748 2275 887 2304 dormivit
898 2276 1074 2310 incmnatus,

287 2313 404 2349 cibique
420 2322 477 2341 non
493 2315 563 2341 sunt
579 2312 651 2340 illati
667 2320 765 2349 coram
779 2320 823 2344 ee,

287 2348 410 2384 insuper
426 2351 454 2376 et
469 2356 591 2376 somnus
605 2348 727 2384 recessit
741 2348 777 2375 ab
794 2356 838 2375 eo.

250 2386 328 2412 Tunc
344 2383 394 2412 rex
409 2384 504 2420 primo
517 2383 652 2412 dicuculo
668 2391 862 2420 consurgens,

287 2419 417 2449 festinus
430 2421 465 2447 ad
482 2419 579 2447 lacum
596 2419 711 2447 leonum
729 2419 855 2455 perrexit
870 2427 877 2446 :

250 2455 555 2493 Appropinquansque
567 2454 807 2491 lacui,Danielem
816 2463 884 2483 voce
892 2454 1075 2490 lacrymabili

323 2491 501 2526 inclamavit,

288 2529 316 2555 et
329 2528 436 2556 altatus
449 2530 494 2555 est
509 2535 577 2555 eum
594 2534 601 2553 :

253 2564 364 2597 Daniel,
382 2571 463 2592 serve
479 2563 527 2590 Dei
543 2562 678 2597 viventis,

288 2602 364 2628 Deus
380 2602 460 2632 tuus,
475 2599 521 2627 cui
536 2602 569 2626 tu
586 2598 677 2626 servis
693 2606 820 2634 semper,
838 2599 964 2634 putasne
987 2597 1078 2626 valuit

322 2638 350 2663 te
366 2634 489 2663 liberare
505 2643 522 2662 a
537 2634 695 2662 leonibus?

251 2671 288 2698 Et
302 2670 402 2699 Daniel
419 2671 479 2707 regi
498 2670 681 2707 respondens
696 2669 737 2697 ait
754 2677 760 2697 :

288 2709 356 2741 Rex,
372 2707 401 2734 in
418 2710 559 2735 eteruum
575 2706 652 2739 vive;

251 2742 330 2771 Deus
347 2751 430 2771 meus
447 2743 528 2770 misit
543 2741 680 2778 angelum
697 2749 797 2774 suum,

288 2781 316 2806 et
332 2778 477 2807 conclusit
491 2786 543 2806 ora
556 2776 685 2810 leonum,
697 2780 726 2805 et
741 2785 798 2805 non
814 2778 978 2805 nocuerunt
993 2776 1076 2805 mihi:

251 2814 325 2846 Quia
339 2822 436 2843 coram
453 2823 487 2842 eo
500 2814 619 2849 justitia
634 2814 753 2841 inventa
768 2815 813 2841 est
826 2812 856 2841 in
873 2821 942 2849 me:

288 2850 338 2876 sed
355 2852 383 2877 et
398 2848 550 2883 coram’te,
567 2858 626 2882 rex,
643 2848 781 2877 delictum
799 2857 856 2876 non
874 2848 938 2877 feci.

251 2883 333 2912 Tunc
349 2892 399 2913 rcx
414 2886 602 2914 vehementer
616 2885 733 2921 gavisus
750 2886 794 2913 est
809 2893 898 2921 super
912 2893 957 2912 eo.

769 109 798 134 Β.
819 108 1023 136 HIERONYMI
1042 107 1170 136 DIVINA
1188 106 1433 134 BIBLIOTHECA.

1858 109 1913 137 l376

1081 171 1109 205 Α
1124 206 1144 209 _
1155 170 1188 209 _et
1202 168 1350 209 Danielem
1364 168 1503 209 Aprmcepiit
1511 168 1600 209 educi
1615 168 1651 197 de
1665 167 1730 196 lacu
1745 176 1752 196 :

1124 206 1312 241 Eductusque
1328 204 1375 241 est
1384 204 1486 241 Daniel
1503 204 1538 231 de
1553 204 1629 241 lacu,

1158 244 1186 269 et
1201 239 1282 268 nulla
1295 240 1374 268 Izesio
1390 240 1510 268 inventa
1524 242 1569 268 est
1583 239 1612 267 in
1629 247 1673 274 eo,

1124 277 1194 311 quia
1208 276 1332 304 credidit
1347 276 1405 304 Deo
1420 284 1485 304 suo.

1122 312 1250 340 Jubente
1264 315 1363 340 autem
1379 319 1457 347 rege,
1473 311 1592 339 adducti
1607 313 1677 340 sunt
1692 311 1745 339 viri
1761 311 1809 347 illi,

1159 348 1435 389 qui_accusa_verant
1449 347 1600 388 Danielem
1618 355 1625 374 :

1124 384 1158 412 Et
1169 383 1201 411 in
1218 383 1314 411 lacum
1331 383 1448 411 leonum
1467 383 1549 411 missi
1565 384 1646 416 sunt,

1160 419 1227 455 ipsi,
1244 421 1272 447 et
1286 419 1350 452 ﬁlii,
1366 422 1395 447 et
1409 427 1514 446 uxores
1529 427 1642 446 eorum.

1124 455 1159 483 Et
1172 453 1232 483 non
1248 457 1442 491 pervenerunt
1454 463 1549 491 usque
1564 454 1599 482 ad
1616 453 1811 491 pavimentum
1825 453 1880 488 laci,

1160 489 1257 519 donec
1267 491 1430 526 arriperent
1445 489 1624 523 eos’leones,’
1636 492 1665 518 et
1684 489 1783 517 omnia
1803 498 1862 518 ossa
1880 498 1917 519 eo-

1195 535 1260 554 rum
1276 526 1504 554 comminerunt.

1124 562 1207 590 Tunc
1213 562 1331 626 aerius.
1336 570 1384 590 rex
1393 561 1662 598 scripsituniversis
1669 560 1917 597 populis,tribubus,

1195 606 1210 626 e
1252 606 1361 626 ιυιτυιε.

1195 601 1224 626 et
1238 598 1361 632 linguis,

1161 633 1361 662 habitantibus
1374 633 1403 660 in
1420 633 1557 661 universa
1574 634 1652 661 terra
1668 641 1676 660 :

1125 671 1181 697 Pax
1196 669 1279 698 vobis
1296 668 1520 704 multiplicetur.

1124 707 1146 733 Δ
1165 714 1210 732 me
1227 707 1420 733 constitutum
1436 708 1479 732 est
1495 705 1653 736 decretum,

1162 744 1193 767 ut
1210 742 1237 767 in
1256 742 1392 768 universo
1407 741 1531 775 imperio
1545 743 1573 766 et
1589 747 1678 775 regno
1695 747 1768 773 meo,

1161 778 1333 805 trelliiscant
1349 780 1376 804 et
1392 778 1516 811 paveant
1531 776 1620 803 Deum
1638 775 1775 803 Danielis.

1125 815 1190 848 Ipse
1207 816 1250 839 est
1266 813 1342 839 cnim
1361 809 1434 839 Deus
1451 812 1747 848 vivens,retaeternus
1762 811 1791 838 in
1805 809 1904 844 saecula,

1087 863 1110 895 Β
1142 847 1189 895 Ἓξ
1205 857 1328 895 regnum
1344 849 1408 889 ejus
1425 857 1481 875 non
1498 847 1702 895 dissipabitur,

1161 887 1188 910 et
1205 887 1333 919 potestas
1349 885 1413 919 ejus
1429 892 1521 918 usque
1535 883 1564 910 in
1581 885 1735 910 aeternum.

1161 893 1188 910 CI.
1204 893 1333 945 potestas
1349 893 1413 919 GJUS
1429 893 1521 918 usque
1536 893 1564 910 in
1581 893 1608 910 δε·

1125 919 1189 955 Ipse
1217 920 1351 953 iberator,
1369 923 1456 954 atque
1471 919 1608 955 salvator,

1161 955 1270 982 faciens
1288 956 1382 990 signa,
1399 952 1426 982 et
1444 954 1589 982 mirabilia
1603 954 1632 981 in
1649 952 1720 990 coelo
1737 952 1806 980 etin
1821 954 1905 981 terra:

1160 991 1208 1025 qui
1225 989 1356 1018 liberavit
1375 990 1519 1018 Danielem
1536 991 1571 1017 de
1585 990 1649 1017 lacu
1666 989 1796 1016 leonum.

1124 1023 1212 1054 Porro
1230 1027 1328 1054 Daniel
1347 1025 1539 1062 perseveravit
1555 1033 1649 1060 usque
1665 1026 1700 1053 ad
1718 1032 1837 1061 regnum
1853 1023 1924 1056 Darii,

1162 1070 1303 1097 regnumq
1310 1071 1344 1089 ue
1360 1063 1421 1098 Cyri
1440 1063 1542 1089 Persae.

1126 1093 1210 1133 [l'isi'c
1228 1093 1396 1131 \’ll.l'/\nno
1413 1098 1506 1133 primo
1523 1095 1670 1124 Baltassar
1685 1096 1763 1131 regis
1781 1093 1924 1131 Babylonis,

1197 1134 1297 1161 Daniel
1313 1136 1459 1161 somnium
1477 1133 1551 1160 Vidit
1568 1140 1573 1159 :

1162 1170 1231 1196 visio
1246 1172 1343 1197 autem
1361 1169 1466 1203 capitis
1481 1170 1545 1204 ejus
1560 1168 1590 1206 in
1606 1166 1694 1194 cubili
1711 1175 1765 1195 suo
1782 1175 1789 1194 :
1835 1201 1841 1206 _
1894 1201 1909 1206 __

1161 1208 1189 1232 et
1198 1205 1336 1232 somnium
1344 1201 1570 1237 scribens,brevi
1580 1211 1714 1231 sermone
1720 1201 1928 1238 comprehendit:

1162 1242 1393 1276 summatimque
1410 1241 1622 1276 perstringens,
1638 1239 1679 1267 ait
1695 1247 1702 1266 :

1125 1277 1268 1304 Videbam
1285 1277 1314 1304 in
1331 1278 1442 1304 visione
1459 1284 1524 1313 mea
1539 1278 1634 1313 nocte,
1699 1310 1706 1313 _
1764 1311 1768 1313 Α
1787 1309 1795 1313 _
1889 1307 1894 1313 _

1161 1315 1189 1340 et
1203 1321 1268 1340 ecce
1285 1316 1411 1348 quatuor
1425 1312 1504 1340 venti
1518 1311 1583 1340 caeli
1599 1310 1774 1347 pugnabant
1786 1309 1817 1337 in
1832 1309 1895 1336 mari

1199 1356 1314 1376 muano.

1125 1385 1161 1412 Et
1176 1356 1416 1417 qﬂiﬁggbestia
1432 1383 1559 1420 grandes
1575 1381 1776 1411 ascendebant
1789 1380 1824 1408 de
1838 1378 1902 1408 mari

1162 1420 1282 1447 diversae
1295 1420 1370 1447 inter
1385 1428 1425 1447 se.

1125 1455 1224 1483 Prima
1239 1456 1323 1491 quasi
1339 1455 1440 1487 leaena,

1162 1493 1191 1519 et
1203 1489 1265 1519 alas
1280 1491 1407 1519 habebat
1420 1489 1522 1526 aquilas
1539 1497 1546 1517 :

1127 1526 1311 1562 Aspiciebam
1328 1526 1419 1554 donec
1434 1523 1541 1554 evulsas
1556 1528 1626 1553 sunt
1640 1523 1690 1553 alas
1705 1524 1783 1560 ejus,

1162 1564 1191 1590 et
1205 1562 1321 1590 sublata
1336 1564 1381 1590 est
1396 1562 1431 1589 de
1446 1564 1543 1595 terra;

1128 1598 1161 1626 Et
1177 1606 1266 1640 super
1281 1598 1369 1640 pedes
1384 1597 1470 1640 quasi
1484 1597 1572 1640 homo
1587 1595 1676 1628 stetit,

1162 1636 1192 1662 et
1205 1633 1255 1662 cor
1267 1633 1332 1670 ejus
1344 1633 1559 1670 datumrestﬂei,
1643 1667 1649 1670 _
1746 1667 1751 1670 _
1808 1667 1812 1670 _
1837 1665 1854 1670 __

1127 1669 1162 1697 Et
1176 1678 1241 1697 ecce
1255 1667 1349 1697 bestia
1364 1669 1421 1697 alia
1437 1669 1543 1698 similis
1558 1675 1625 1696 urso
1642 1667 1671 1694 in
1688 1667 1774 1703 parte
1788 1667 1869 1694 stetit
1882 1673 1889 1692 ι

1162 1708 1190 1733 et
1205 1707 1264 1734 tres
1279 1705 1397 1733 ordines
1412 1707 1496 1733 erant
1511 1705 1540 1732 in
1556 1711 1605 1732 ore
1620 1703 1696 1739 ejus,

1162 1743 1191 1769 et
1205 1742 1234 1769 in
1250 1741 1389 1769 dentibus
1402 1741 1477 1777 ejus,

1127 1777 1162 1805 Et
1175 1776 1217 1804 sic
1233 1777 1369 1805 dicebant
1383 1776 1409 1805 ei
1426 1784 1432 1804 :

1162 1813 1263 1848 Surge,
1281 1813 1400 1840 comede
1416 1820 1518 1840 carnes
1532 1810 1684 1848 plurimas.

1127 1848 1196 1876 Post
1212 1849 1265 1875 hoc
1283 1849 1471 1883 aspiciebam,

1162 1887 1191 1912 et
1206 1893 1270 1912 erce
1286 1884 1343 1911 alia
1359 1884 1442 1919 quasi
1460 1883 1592 1919 pardus:

1126 1920 1162 1948 Et
1177 1919 1238 1947 alas
1255 1920 1380 1947 habebat
1395 1920 1456 1947 avis
1472 1921 1705 1955 quatuorrsuper
1720 1925 1765 1952 se,

1162 1958 1191 1984 et
1208 1958 1336 1992 quatuor
1350 1956 1447 1990 capita
1460 1953 1546 1992 erant
1559 1954 1589 1982 in
1603 1953 1709 1989 bestia,

1162 1993 1190 2019 et
1205 1990 1335 2019 potestas
1351 1992 1419 2019 data
1433 1993 1478 2019 est
1493 1990 1529 2018 ei.

1126 2024 1266 2056 Postboc
1281 2027 1459 2063 aspiciebam
1476 2027 1504 2054 in
1519 2024 1752 2063 visionenoctis,
1831 2058 1837 2063 _
1871 2057 1877 2063 ‘

1162 2065 1192 2091 et
1205 2071 1271 2091 ecce
1286 2056 1379 2091 bestia
1394 2065 1499 2098 quarta
1514 2060 1667 2095 terribilis,
1683 2056 1775 2096 atque
1798 2056 1934 2089 mirabilis,

1198 2101 1227 2126 et
1243 2099 1328 2127 fortis
1344 2099 1445 2127 nimis.

1126 2136 1232 2163 Dentes
1246 2135 1352 2163 ferreos
1369 2134 1496 2162 habebat
1507 2140 1640 2169 magnos,
1656 2131 1817 2159 comedens
1833 2132 1909 2165 atque

1164 2171 1379 2205 comminuens,

1200 2208 1228 2233 et
1243 2206 1357 2242 reliqua
1374 2202 1497 2241 pedibus
1511 2202 1768 2242 suis_conculcans
1786 2211 1793 2230 :

1090 2231 1110 2263 Ῐ)
1127 2231 1603 2270 Dissimilis-autemeratﬁcaateris
1618 2239 1814 2274 bestiis,quas
1825 2236 1937 2264 videram

1199 2281 1264 2305 ante
1279 2286 1354 2311 eam,

1162 2315 1191 2340 et
1206 2313 1333 2341 habebat
1348 2320 1459 2341 cornua
1473 2313 1586 2340 decem.

1127 2349 1353 2377 Considerabam
1369 2356 1489 2381 cornua,
1824 2381 1830 2382 ,
1907 2376 1925 2382 ..

1164 2387 1193 2412 et
1204 2392 1270 2413 ecce
1281 2393 1371 2413 cornu
1384 2384 1463 2413 aliud
1475 2377 1630 2420 parvulum
1641 2384 1740 2410 ortum
1757 2382 1806 2410 est
1815 2381 1850 2409 de
1860 2377 1938 2408 medio

1200 2429 1300 2448 eorum
1318 2429 1325 2448 Ζ

1129 2457 1163 2484 Et
1177 2457 1233 2484 tria
1244 2457 1279 2484 de
1290 2455 1425 2484 cornibus
1440 2454 1545 2491 primis
1559 2453 1661 2491 avulsa
1674 2454 1745 2481 sunt
1757 2460 1775 2491 _a
1786 2451 1860 2480 facis
1868 2450 1936 2491 ejus:

1165 2494 1265 2520 etecce
1271 2486 1527 2528 oculi,qurasi'oculi
1536 2489 1749 2519 bominiserant
1756 2489 1786 2517 in
1795 2486 1939 2517 cornuisto.

1166 2530 1195 2555 et
1210 2536 1242 2556 os
1258 2527 1382 2564 loquens
1397 2527 1535 2564 ingentia,

1131 2561 1311 2604 Aspiciebam
1329 2564 1421 2604 donec
1436 2562 1534 2590 throni
1542 2561 1638 2604 positi
1654 2562 1735 2594 sunt,

1166 2598 1195 2627 et
1208 2600 1354 2635 Antiquus
1369 2599 1483 2627 dierum
1500 2598 1587 2626 sedit.

1130 2632 1345 2663 Vestimentum
1362 2635 1426 2670 ejus
1441 2634 1526 2670 quasi
1543 2634 1592 2662 nix
1606 2632 1780 2670 candidum,

1166 2673 1195 2699 et
1210 2671 1315 2707 capitis
1330 2669 1394 2707 ejus
1410 2669 1495 2706 quasi
1506 2670 1578 2707 lana
1593 2669 1704 2697 munda
1719 2677 1726 2696 :

1131 2706 1269 2735 Thronus
1285 2706 1351 2743 ejus
1364 2707 1489 2735 ﬂammae
1504 2706 1583 2742 ignis
1600 2714 1607 2733 :

1167 2745 1235 2771 rotae
1249 2743 1313 2778 ejus
1329 2743 1407 2778 ignis
1422 2749 1575 2770 accensus.

1132 2778 1382 2821 Fluviusigneus,
1397 2778 1577 2821 rapidusque

1162 2814 1371 2857 egrediebatur
1386 2823 1402 2842 a
1412 2814 1490 2856 _fa_cie
1504 2814 1582 2849 eius.
1623 2847 1628 2853 Ι

1131 2849 1225 2890 Millla
1238 2850 1590 2890 m_illium__mlnlstrabant
1604 2856 1654 2890 0’11:-
1739 2881 1746 2887 _
1771 2883 1776 2890 .
1803 2882 1809 2890 Ι
1825 2881 1868 2890 Α,
1884 2879 1901 2890 Α

1167 2888 1195 2914 et
1209 2887 1307 2916 decies
1323 2885 1431 2915 millies
1446 2888 1569 2915 centena
1583 2882 1676 2914 millia
1689 2881 1911 2912 assistebantei.
