4090 6192
261 272 401 330 1377

255 400 559 460 Judicium
589 400 760 467 sedit,

331 480 387 529 et
417 473 552 545 libri
583 472 770 545 aperti
802 476 961 527 sunt.

258 544 633 617 Aspiciebam
661 549 1125 619 proptecvocem
1182 559 1523 603 sermonum
1573 545 1913 619 grandium,

331 615 478 689 quos
510 633 689 689 cornu
725 615 872 689 illud
907 615 1297 686 loquebatur:

259 689 326 744 Et
353 687 473 770 vidi
506 687 793 770 quoniam
827 688 1137 770 interfecta
1168 695 1323 770 esset
1344 688 1558 770 bestia.

330 764 389 816 et
420 759 671 842 perisset
719 776 933 842 corpus
982 761 1134 842 ejus,
1167 766 1224 817 et
1283 761 1570 817 traditum
1628 764 1786 817 esset
1843 759 1912 815 ad

404 832 878 887 comburendum
911 832 1071 904 igni:

260 920 532 977 Aliarum
566 936 802 993 quoque
834 920 1153 976 bestiarum
1186 919 1380 977 ablata
1422 924 1578 977 esset
1634 924 1914 992 potestas.

345 998 403 1048 et
433 992 717 1063 tempora
748 993 878 1047 vitae
911 994 1231 1050 constituta
1262 998 1459 1049 essent
1488 992 1571 1049 eis
1600 1009 1786 1064 usque
1844 993 1915 1048 ad

406 1067 642 1136 tempus
679 1068 737 1118 et
764 1067 1022 1136 tempus.

259 1135 637 1207 Aspiciebam
668 1151 804 1206 ergo
839 1135 905 1190 in
928 1136 1153 1207 visione
1184 1139 1392 1201 noctis,

329 1205 388 1263 et
417 1222 548 1290 ecce
576 1223 711 1333 iam
740 1205 1005 1264 nubibus
1034 1206 1161 1263 coeli
1213 1212 1383 1279 quasi
1442 1205 1598 1263 filius
1657 1206 1915 1263 hominis

414 1294 580 1333 veme
625 1296 658 1333 a
688 1324 704 1333 .

414 1277 683 1334 veniebat

333 1352 391 1404 et
746 1349 1063 1422 Antiquum
1094 1350 1320 1406 dierum
1354 1350 1614 1423 pervenit
1640 1366 1654 1406 :

338 1424 397 1494 et
419 1421 489 1494 in
509 1421 827 1494 Conspectu
859 1423 989 1493 ejus
1021 1421 1371 1494 obtulerunt
1393 1438 1551 1477 eum.

260 1495 331 1547 Et
362 1492 522 1548 dedit
551 1493 602 1548 ei
645 1492 1017 1564 potestatem,
1049 1498 1106 1548 et
1154 1493 1455 1559 honorem,
1499 1498 1557 1549 et
1614 1507 1861 1564 regnum
1900 1508 1912 1545 :

337 1570 395 1619 et
423 1580 629 1621 omnes
656 1564 881 1637 populi,
913 1565 1127 1631 tribus,
1162 1571 1219 1620 et
1247 1565 1464 1637 linguas
1496 1564 1604 1637 ipsi
1626 1566 1911 1633 servient;

262 1656 530 1709 Potestas
556 1655 685 1724 ejus
717 1657 976 1724 potestas
1002 1659 1234 1721 aeterna,
1269 1671 1400 1725 quae
1432 1671 1547 1709 non
1579 1654 1910 1710 auferetur:

336 1730 395 1781 et
422 1741 668 1799 regnum
701 1728 848 1794 ejus,
883 1727 1039 1797 quod
1073 1742 1191 1782 non
1216 1731 1645 1799 corrumpetur.

261 1798 505 1852 Horruit
528 1797 775 1868 spiritus
806 1814 997 1863 meus,

337 1884 443 1940 ego
474 1867 675 1924 Daniel
707 1870 944 1924 territus
975 1884 1108 1924 sum
1139 1867 1198 1923 in
1234 1868 1347 1936 his,

337 1939 395 1994 et
421 1940 675 1995 visiones
706 1940 914 2011 capitis
946 1939 1061 1994 mei
1093 1941 1591 1996 conturbaverunt
1617 1956 1729 1997 me.

260 2012 499 2067 Accessi
532 2013 603 2067 ad
634 2029 817 2067 unum
852 2013 923 2067 de
952 2012 1390 2080 assistentibus,

338 2088 397 2138 et
422 2083 725 2138 veritatem
758 2084 1087 2155 quaerebam
1116 2084 1188 2139 ab
1217 2100 1284 2140 eo
1341 2079 1411 2138 de
1461 2081 1736 2138 omnibus
1791 2079 1906 2137 his.

256 2172 370 2238 Qui
401 2172 548 2245 dixit
573 2172 717 2227 mihi
749 2173 1291 2245 interpretationem
1315 2189 1676 2242 sermonum,

334 2248 393 2299 et
413 2244 611 2299 docuit
640 2260 732 2299 me
757 2260 770 2298 :

262 2316 357 2369 Hie
391 2315 588 2370 bestiae
618 2331 839 2388 magna)
869 2319 1139 2385 quatuor,

329 2395 581 2459 quatuor
610 2387 787 2458 regna
819 2392 1177 2459 consurgent
1204 2388 1273 2443 de
1304 2391 1459 2443 terra
1490 2387 1529 2459 '7.

252 2458 592 2530 Suspicient
614 2457 805 2514 autem
840 2457 1084 2530 regnum
1118 2460 1306 2515 sancti
1340 2459 1439 2515 Dei
1474 2457 1768 2523 altissimi,

326 2529 389 2586 et
412 2530 763 2603 obtinebunt
809 2529 1055 2603 regnum
1118 2548 1309 2603 usque
1366 2530 1425 2586 in
1489 2529 1792 2597 saeculum,
1850 2534 1908 2585 et

398 2601 685 2657 saeculum
722 2601 1094 2658 saeculorum.

257 2672 395 2727 Post
419 2672 527 2728 hoc
557 2672 713 2729 volui
744 2673 1053 2743 diligenter
1081 2672 1306 2728 discere
1334 2673 1405 2727 de
1434 2673 1624 2729 bestia
1671 2675 1903 2744 quarta,

330 2760 461 2826 qua:
483 2749 607 2827 erat
627 2744 938 2801 dissimilis
957 2744 1125 2801 valde
1144 2745 1216 2800 ab
1234 2744 1530 2813 omnibus,
1555 2750 1613 2801 et
1625 2744 1906 2801 terribilis

401 2832 600 2884 nimis,

331 2887 538 2960 dentes
566 2892 623 2943 et
654 2903 880 2960 ungues
912 2887 1043 2957 ejus
1075 2886 1242 2960 ferrei
1268 2903 1282 2942 :

253 2958 632 3029 Comedebat,
666 2966 723 3015 et
742 2958 1208 3028 comminuebat,

327 3035 385 3086 et
414 3030 692 3102 reliquias
724 3031 973 3102 pedibus
1002 3030 1128 3086 suis
1161 3029 1542 3102 conculcabat
1569 3047 1581 3084 :

328 3106 385 3157 et
414 3103 485 3157 de
514 3100 791 3158 cornibUs
822 3103 1045 3170 decem,
1077 3118 1204 3173 quae
1236 3101 1487 3158 habebat
1507 3102 1566 3157 in
1600 3100 1827 3173 capite:

330 3178 388 3229 et
413 3174 484 3229 de
514 3173 647 3239 alio,
683 3175 836 3245 quod
868 3179 1059 3230 ortum
1087 3173 1295 3239 fuerat,

332 3251 467 3301 ante
498 3247 652 3315 quod
684 3246 1015 3301 ceciderant
1045 3246 1161 3301 tria
1188 3261 1407 3300 cornua
1432 3261 1445 3298 :

261 3314 330 3370 Et
350 3318 417 3372 de
441 3314 619 3388 cornu
652 3316 752 3373 illo
780 3319 932 3388 quod
957 3317 1208 3373 habebat
1237 3316 1457 3379 oculos,

333 3392 403 3461 et
430 3387 771 3461 os_loquens
800 3386 1066 3461 grandia,
1093 3392 1152 3444 et
1182 3388 1375 3458 majus
1406 3391 1531 3443 erat
1560 3386 1803 3443 caeteris.

264 3458 665 3532 Aspiciebam,

337 3530 395 3586 et
425 3546 557 3586 ecce
587 3548 768 3588 cornu
789 3530 936 3587 illud
956 3530 1206 3588 faciebat
1233 3530 1454 3586 bellum
1476 3531 1760 3586 adversus
1774 3546 1911 3587 san-

410 3607 538 3657 ctos

335 3677 396 3728 et
411 3646 777 3745 â€œpraevalebat
806 3675 912 3740 eis,

260 3744 450 3800 donec
478 3744 635 3800 venit
661 3746 956 3817 Antiquus
987 3745 1238 3815 dierum,
1287 3748 1345 3800 et
1403 3744 1694 3816 judicium
1751 3744 1914 3800 dedit

400 3817 621 3873 sanctis
646 3817 892 3883 Excelsi,

335 3893 393 3942 et
426 3894 659 3960 tempus
690 3890 1019 3955 advenit,et
1036 3903 1279 3959 regnum
1296 3888 1679 3943 obtinuerunt
1703 3885 1909 3960 sancti.

261 3964 319 4015 et
350 3960 433 4014 sic
464 3958 583 4015 ait':
608 3960 802 4015 Bestia
833 3965 1061 4032 quarta,
1097 3958 1343 4031 regnum
1375 3964 1652 4031 quartum
1684 3958 1795 4014 erit
1851 3959 1911 4012 in

405 4036 581 4100 terra,

334 4106 485 4173 quod
522 4103 716 4172 majus
745 4102 857 4157 erit
887 4102 1160 4157 omnibus
1194 4101 1410 4172 regnis.

329 4171 386 4229 et
406 4171 709 4229 devorabit
738 4174 1076 4229 universam
1110 4171 1347 4241 terrain,
1376 4171 1832 4240 etconculcabit,
1856 4175 1914 4227 et

402 4245 767 4301 comminuet
798 4262 946 4301 eam.

254 4338 435 4407 Porro
465 4344 686 4389 cornua
717 4334 918 4389 decem
951 4334 1141 4405 ipsius
1171 4334 1359 4407 regni,

328 4406 529 4461 decem
564 4422 729 4477 reges
761 4410 934 4461 erunt
958 4423 970 4460 :

254 4477 326 4531 Et
359 4477 513 4532 alius
537 4482 853 4548 consurget
883 4482 1017 4548 post
1036 4492 1156 4543 eos,

328 4554 386 4603 et
416 4548 540 4620 ipse
571 4547 861 4621 potentior
886 4547 997 4621 erit
1029 4547 1343 4621 prioribus,

326 4626 385 4674 et
416 4626 534 4675 tres
568 4619 733 4693 reges
760 4619 1117 4693 humiliabit.

252 4690 325 4745 Et
352 4690 658 4747 sermones
682 4698 886 4747 contra
916 4691 1219 4747 Excelsum
1251 4690 1545 4761 loquetur.

328 4768 385 4818 et
414 4768 648 4819 sanctos
681 4764 971 4820 Altissimi
1002 4768 1295 4818 conteret:

253 4834 323 4889 Et
353 4834 587 4906 putabit
619 4836 771 4906 quod
804 4836 991 4907 possit
1020 4839 1246 4891 mutare
1277 4840 1561 4907 tempora,
1593 4836 1649 4887 et
1698 4831 1900 4904 leges:

327 4912 385 4961 et
414 4907 722 4961 tradentur
752 4906 1017 4962 in'manu
1060 4907 1189 4976 ejus
1222 4921 1409 4977 usque
1449 4906 1520 4960 ad
1557 4909 1815 4977 tempus,
1848 4908 1905 4959 et

396 4982 687 5061 tempore,
716 4983 773 5061 et
797 4978 1112 5061 dimidium
1143 4976 1448 5049 tempOris.

252 5049 327 5105 Et
344 5048 639 5120 judicium
672 5049 924 5121 sedebit,

330 5296 463 5369 â€˜Ita
511 5312 656 5352 mss.
689 5296 1049 5369 antiquiores
1096 5314 1161 5353 ac
1218 5296 1477 5353 melioris
1530 5300 1680 5352 notae
1730 5297 1904 5368 juxta

250 5367 518 5441 phrasim
546 5368 725 5441 Hebr.
760 5367 882 5424 sive
912 5368 1445 5441 Chaldaicam,_ubi
1505 5385 1625 5441 nec,
1658 5369 1902 5425 verbum

252 5439 721 5513 substantivum,
755 5458 858 5497 nec
890 5457 1209 5513 pronomen
1257 5439 1568 5513 relativum
1613 5440 1901 5513 invenias.

250 5511 873 5584 haactamengsupplet
893 5510 1098 5568 textus
1119 5513 1444 5567 Comment.
1470 5510 1805 5584 Hieronymi
1839 5511 1899 5566 in

254 5581 579 5647 Danielem,
613 5582 672 5638 in
706 5581 824 5654 qtae
854 5583 1107 5653 legimus
1136 5600 1148 5638 :
1182 5585 1281 5640 "(te
1312 5582 1764 5655 quatuorqbesliw
1781 5600 1901 5638 ma-

258 5668 390 5726 gna?
412 5658 652 5725 quatuor
666 5661 797 5710 sunt
826 5669 1157 5728 regna,quae
1186 5663 1519 5726 consurgent
1543 5654 1608 5708 de
1637 5657 1808 5728 terra.
1840 5655 1904 5710 In

252 5741 569 5800 Cbaldaieo
592 5742 750 5799 fonte
781 5726 1069 5815 scriptum
1088 5746 1199 5812 est,
1220 5755 1297 5809 172
1319 5752 1510 5827 â€œmp?
1534 5726 1725 5804 D7357:
1738 5754 1903 5807 ruma

254 5842 418 5895 mna
448 5831 615 5887 arbea
644 5830 859 5888 mal/cin
877 5832 1146 5904 jecumun
1174 5832 1292 5887 min
1319 5848 1486 5902 arua,
1519 5831 1578 5887 id
1627 5835 1737 5901 est,
1768 5848 1906 5905 qua-

1460 278 1674 333 LIBER
1712 277 2053 333 DANIBLIS
2088 277 2511 337 Î¡Î’ÎŸÎ¡Î—Î•Î¤Î›Î•.

1938 407 1992 471 Î‘
2025 404 2090 455 ut
2121 405 2419 487 auferatur
2448 406 2724 487 potentia,
2756 411 2813 464 et
2858 412 3212 479 conteratur,
3271 416 3329 468 et
3383 414 3678 487 dispereat

1938 4514 1985 4579 D

3532 290 3675 347 1378

2148 493 2334 547 usque
2356 478 2415 531 in
2448 479 2648 534 ï¬nem.

2021 551 2286 625 Regnum
2320 555 2625 631 autem_,â€˜et
2654 554 3031 631 poteslas,_et
3090 556 3430 626 magnitudo
3486 560 3669 631 regni,

2163 636 2289 691 quae
2321 626 2409 695 est
2437 621 2640 677 subter
2658 621 2833 680 Omne
2860 621 3093 695 coelum,

2021 694 2195 749 detur
2228 692 2440 763 populo
2471 698 2809 750 sanctorum
2841 692 3131 752 Altissimi
3169 715 3181 752 :

2018 766 2202 835 Cujus
2235 779 2480 833 regnum
2512 767 2938 836 sempiternum
2972 774 3081 838 est,

2019 843 2077 893 et
2108 851 2313 891 omnes
2336 852 2499 907 reges
2528 838 2780 892 servient
2810 840 2881 907 ei,
2913 844 2969 896 et
2998 840 3291 896 obedient.

2092 908 2401 968 HUCUSQUE
2458 924 2608 963 FINIS
2635 926 2826 964 VERBI.

2018 979 2137 1051 Ego
2167 979 2371 1103 Baniel
2403 980 2654 1034 multum
2689 982 3142 1053 cogitationibus
3184 983 3329 1040 meis
3351 985 3669 1044 conturba-

2210 1067 2294 1103 ar.

2210 1067 2294 1117 ar,

2089 1125 2146 1176 et
2176 1122 2351 1176 facies
2386 1136 2511 1175 mea
2532 1125 2762 1177 mutata
2782 1131 2870 1179 est
2900 1123 2957 1178 in
2993 1140 3084 1180 me
3110 1140 3123 1179 :

2089 1194 2333 1247 verbum
2366 1198 2561 1247 autem
2586 1193 2644 1249 in
2676 1198 2849 1250 corde
2865 1212 2991 1250 meo
3022 1199 3382 1254 conservavi.

2018 1264 2187 1344 (fficio
2215 1264 2381 1331 Vlll.)
2413 1266 2776 1344 Anno-tertio
2802 1268 2968 1339 regni
3002 1268 3295 1326 Baltassar
3336 1272 3517 1344 regis,

2018 1335 2177 1407 visio,
2223 1336 2499 1407 apparuit
2528 1337 2694 1391 mihi.

2020 1407 2138 1486 Ego
2165 1406 2387 1486 paniel,
2413 1412 2553 1486 post
2610 1409 2665 1463 id
2723 1411 2875 1486 quod
2912 1409 3170 1467 videram
3230 1412 3288 1467 in
3351 1413 3667 1486 principio,

2090 1478 2205 1532 vidi
2236 1478 2293 1533 in
2318 1478 2541 1534 visione
2574 1495 2704 1534 mea
2726 1482 2769 1546 Â³,

2087 1564 2441 1675 cumtetssem
2471 1550 2531 1606 in
2562 1553 2728 1607 Susis
2759 1556 2971 1621 castro,
3006 1555 3165 1625 quod
3198 1560 3284 1610 est
3309 1555 3365 1611 in
3392 1556 3553 1612 Elam
3583 1556 3667 1612 ci-

2156 1637 2213 1674 Î½Î¹
2246 1639 2274 1675 a
2307 1636 2377 1675 e:

2156 1636 2337 1676 Î½Î¹Î¹Î¹Î¹Î¹Î¸
2363 1636 2377 1674 Î¶

2016 1692 2147 1746 Vidi
2179 1699 2377 1747 autem
2408 1691 2466 1746 in
2499 1692 2720 1749 visione

1942 1780 1987 1845 Î’
2022 1780 2218 1845 __e_sse
2251 1779 2343 1845 me
2374 1780 2553 1845 super
2583 1771 2812 1845 portam
2840 1766 3003 1845 Ulai:

2021 1836 2091 1890 Et
2117 1835 2297 1891 levavi
2330 1838 2529 1891 oculos
2562 1835 2743 1903 meos,
2766 1844 2823 1893 et
2851 1839 2969 1893 vidi
2996 1856 3009 1893 :

2091 1912 2148 1962 et
2177 1923 2309 1962 ecce
2339 1908 2488 1961 aries
2512 1925 2667 1983 unus
2698 1912 2890 1966 stabat
2920 1916 3053 1967 ante
3085 1911 3382 1983 paludem,
3439 1912 3665 1970 habens

2160 1995 2381 2034 cornua
2410 1980 2657 2046 excelsa,

2090 2054 2146 2105 et
2176 2067 2357 2125 unum
2389 2051 2676 2125 excelsius
2698 2051 2879 2108 altero
2910 2058 3086 2125 atque
3118 2071 3517 2112 succrescens.

2019 2119 2358 2248 Posteadvidtt
2382 2123 2620 2179 arietem
2644 2125 2922 2181 cornibus
2942 2119 3317 2183 ventilantem
3343 2134 3549 2184 contra
3572 2145 3663 2186 oc-

2160 2210 2209 2247 Ol
2258 2210 2327 2248 en
2359 2210 2472 2248 em.

2160 2210 2472 2249 ementem.

2087 2268 2143 2319 et
2174 2274 2373 2320 contra
2402 2265 2759 2336 aquilonem,

2088 2341 2145 2390 et
2173 2342 2379 2391 contra
2408 2336 2737 2406 meridiem,

2012 2409 2086 2461 Et
2115 2408 2547 2483 omnesAbestiaa
2579 2425 2692 2483 non
2718 2413 2985 2481 poterant
3006 2411 3280 2469 resistere
3304 2413 3382 2483 ei,

2087 2495 2279 2553 neque
2305 2478 2541 2553 liberari
2573 2481 2645 2536 de
2676 2478 2854 2537 manu
2886 2483 3013 2553 ejus
3040 2501 3053 2537 :

2013 2551 2284 2621 Fecitque
2314 2552 2636 2607 secundum
2672 2551 3031 2610 voluntatem
3072 2571 3265 2622 suam,

2084 2628 2141 2677 et
2170 2623 2580 2691 magnificatus
2611 2628 2700 2679 est
2724 2640 2735 2679 :

2014 2695 2081 2746 Et
2111 2709 2218 2764 ego
2251 2693 2645 2764 intelligebam
2669 2712 2681 2748 :

2084 2780 2216 2820 ecce
2238 2772 2436 2820 autem
2483 2765 2683 2821 hircus
2732 2782 3041 2836 caprarum
3092 2768 3359 2825 veniebat
3390 2770 3463 2825 ab
3512 2769 3663 2825 occi-

2154 2837 2329 2892 dente
2359 2852 2538 2908 super
2560 2838 2765 2892 faciem
2799 2839 2980 2894 totius
3014 2845 3201 2907 terrae,

2085 2914 2139 2961 et
2172 2924 2285 2962 non
2319 2909 2598 2978 tangebat
2618 2914 2832 2964 terram
2862 2926 2875 2962 :

2084 2994 2256 3050 porro
2290 2980 2485 3035 hircus
2516 2979 2768 3036 habebat
2799 2997 2979 3037 cornu
3012 2980 3243 3054 insigne
3272 2982 3426 3039 inter
3456 2982 3661 3039 oculos

2156 3067 2318 3106 SUOS.

1935 3148 1977 3217 C
2014 3119 2081 3175 Et
2108 3124 2268 3177 venit
2299 3137 2485 3217 usque
2528 3122 2873 3217 adâ€˜ariâ€˜etem
2904 3123 3073 3217 ilâ€˜lum
3106 3130 3442 3217 cprnutum,

2088 3210 2262 3265 quem
2284 3194 2543 3267 videram
2573 3198 2829 3267 stantem
2857 3201 2991 3251 ante
3025 3202 3275 3267 portam,

2086 3271 2143 3320 et
2172 3266 2429 3320 cucurrit
2459 3266 2694 3338 adeum
2728 3266 2787 3320 in
2822 3266 3042 3338 impetu
3106 3266 3469 3324 fortitudinis
3520 3284 3663 3334 sues,

2014 3336 2833 3418 Cumqueâ€˜appropinquasset
2864 3336 3045 3411 prope
3077 3342 3343 3411 arietem,
3387 3340 3666 3396 efferatus

2158 3416 2249 3464 est
2278 3416 2335 3463 in
2369 3424 2526 3478 eum,

2087 3484 2143 3534 et
2165 3480 2461 3552 percussit
2490 3478 2728 3535 arietem
2756 3497 2768 3534 :

2014 3550 2085 3607 Et
2116 3550 2465 3606 comminuit
2493 3552 2608 3606 duo
2640 3562 2856 3607 cornua
2876 3554 3028 3624 ejus,

2066 3628 2145 3677 'et
2177 3639 2289 3677 non
2325 3628 2552 3694 poterat
2583 3625 2733 3678 aries
2755 3624 3025 3681 resistere
3055 3626 3106 3680 ei
3143 3643 3155 3679 Îµ

2015 3694 2280 3765 Cumque
2312 3711 2447 3750 eum
2482 3694 2777 3750 mississet
2806 3697 2865 3750 iu
2891 3702 3066 3762 terra,
3100 3697 3489 3763 conculcavit,

2087 3769 2144 3820 et
2175 3782 2343 3821 nemo
2374 3765 2578 3836 quibat
2611 3767 2856 3822 liberare
2905 3770 3145 3823 arietem
3204 3771 3274 3823 de
3303 3785 3479 3824 mann
3509 3767 3671 3836 ejus-

2016 3835 2224 3891 Hircus
2255 3835 2450 3891 autem
2473 3853 2779 3909 caprarum
2813 3854 3066 3909 magnus
3098 3842 3286 3894 factus
3319 3845 3409 3895 est
3440 3835 3621 3892 nimis
3652 3853 3665 3891 :

2084 3923 2336 3977 cumque
2368 3908 2663 3975 crevisset,
2701 3908 2946 3963 fractum
2981 3914 3070 3963 est
3118 3927 3296 3965 cornu
3357 3924 3667 3979 magnum,

2087 3986 2142 4034 et
2164 3986 2291 4033 orta
2315 3984 2455 4033 sunt
2475 3984 2727 4052 quatuor
2747 3996 2967 4035 cornua
2989 3981 3191 4036 subter
3212 3981 3356 4036 illud
3386 3996 3488 4052 per
3521 3995 3668 4051 qua-

2158 4054 2292 4105 tuor
2322 4055 2523 4105 ventos
2556 4049 2705 4105 cmli.

2013 4127 2095 4177 De
2128 4138 2244 4247 ucpo
2276 4126 2469 4177 autem
2493 4138 2558 4176 ex
2579 4123 2664 4177 eis
2683 4138 2987 4194 egressum
3010 4127 3099 4179 est
3124 4140 3304 4179 cornu
3333 4138 3519 4178 unum
3544 4138 3667 4179 mo-

2203 4210 2388 4247 tcum:

2203 4210 2388 4248 tcum:

2092 4268 2149 4318 et
2180 4266 2395 4319 factum
2428 4267 2519 4318 est
2550 4264 2767 4334 grande
2797 4270 2999 4322 contra
3030 4265 3360 4331 meridiem,

2090 4340 2148 4390 et
2173 4341 2377 4391 contra
2405 4335 2712 4395 orientem.

2088 4412 2147 4461 et
2177 4414 2379 4462 contra
2411 4407 2811 4463 fortitudinem
2840 4425 2851 4461 :

2014 4478 2085 4534 Et
2116 4479 2556 4551 magnificatum
2590 4484 2678 4533 est
2711 4496 2896 4551 usque
2928 4480 2998 4534 ad
3047 4478 3451 4535 fortitudinem
3486 4477 3663 4551 cceli:

2086 4556 2143 4605 et
2164 4549 2373 4620 dÃ©jecit
2403 4551 2473 4605 de
2506 4549 2870 4621 fortitudine,
2902 4557 2959 4607 et
2988 4552 3060 4607 de
3090 4550 3297 4618 stellis,
3329 4554 3386 4605 et
3422 4549 3661 4607 concul-

2155 4624 2307 4677 cavit
2333 4638 2429 4677 eas
2456 4638 2468 4675 :

2014 4692 2081 4747 Et
2100 4708 2286 4765 usque
2311 4693 2379 4747 ad
2402 4692 2722 4765 principem
2746 4693 3105 4749 fortitudinis
3121 4691 3559 4764 magniï¬catum
3574 4696 3665 4749 est

2083 4770 2140 4819 et
2169 4764 2241 4819 ab
2273 4781 2340 4819 eo
2372 4764 2666 4835 tulitjuge
2698 4765 3071 4831 sacrificium,

2084 4840 2141 4891 et
2170 4836 2381 4906 deiecit
2408 4835 2599 4891 locum
2632 4836 3113 4892 sanctiï¬cationis
3145 4838 3294 4906 ejus.

2014 4906 2216 4962 Robur
2243 4911 2439 4962 autem
2474 4909 2676 4963 datum
2709 4912 2797 4963 est
2826 4914 3029 4971 contra
3093 4908 3237 4979 juge
3282 4906 3661 4975 sacrificium,

2158 4984 2395 5050 propter
2426 4984 2656 5049 peccata
2689 4996 2701 5032 :

2084 5054 2555 5123 etprosternetur
2582 5050 2795 5107 veritas
2826 5051 2885 5106 in
2916 5054 3121 5120 terrra,
3154 5054 3211 5107 ct
3240 5050 3430 5117 faciet,
3452 5054 3507 5106 et
3528 5064 3663 5121 pro-

2014 5272 2139 5321 tuor
2166 5279 2320 5335 reges
2346 5269 2681 5335 consurgent
2709 5264 2773 5321 de
2803 5268 2972 5321 terra.
3006 5265 3192 5320 MART.

2086 5337 2107 5370 Â²
2134 5333 2243 5391 ÎµÎ¸á½³
2273 5334 2361 5390 vel
2392 5342 2614 5407 septem
2648 5353 2792 5392 mss.
2827 5336 3075 5403 codices,
3105 5341 3160 5391 et
3189 5351 3324 5407 cum
3356 5333 3441 5389 eis
3469 5348 3658 5388 exem-

2012 5406 2197 5480 plaria
2234 5405 2483 5462 Canonis
2515 5406 2714 5480 legunt
2770 5407 2879 5464 hoc
2932 5409 3102 5480 modo
3137 5424 3165 5480 :t
3202 5405 3301 5480 alii
3366 5418 3658 5480 vero_pro

2014 5474 2851 5552 civitateregionem'babent:
2877 5478 3017 5552 quod
3045 5484 3122 5552 est
3144 5478 3207 5552 in
3221 5479 3386 5552 [31am
3415 5474 3656 5552 regione.

2014 5551 2076 5605 Id
2126 5546 2366 5605 uimine'
2405 5546 3004 5621 praetermissum'est
3067 5550 3139 5605 ab
3194 5550 3560 5621 Hieronymo,
3598 5546 3660 5601 in

2012 5623 2342 5698 Comment:
2371 5618 2713 5698 h'ujusjoci,
2747 5623 2830 5698 sic
2861 5623 3017 5698 enim
3065 5621 3270 5698 scribit
3305 5636 3316 5673 :
3376 5618 3437 5674 In
3498 5618 3661 5698 Elcnt

2013 5692 2259 5762 regione,
2289 5691 2426 5759 sive,
2449 5696 2507 5747 ut
2535 5692 2892 5765 Symmachus
2923 5695 3312 5765 interpretatus
3361 5699 3462 5755 est,
3488 5691 3657 5765 _ci_vi-

2013 5760 2146 5837 tate,
2177 5781 2215 5821 a
2243 5781 2353 5837 qua
2381 5767 2548 5837 etiam
2574 5760 2731 5837 regio
2760 5781 2961 5821 nomen
3002 5760 3228 5837 accepit,
3288 5770 3345 5817 ut
3392 5779 3426 5817 a
3474 5760 3662 5837 _B_aby-

2014 5832 2139 5893 lone
2173 5832 2492 5911 Babylonii,
2540 5841 2595 5892 et
2642 5832 2717 5892 ob
2773 5838 2931 5893 Elam
2980 5832 3255 5907 Elarnitw,
3300 5838 3412 5890 etc.
3474 5832 3658 5889 MART.
