4090 6192
486 179 624 236 1379

629 301 980 358 sperabitur.

484 376 552 430 Et
571 370 767 430 audivi
800 389 981 428 unum
1010 373 1078 427 de
1110 371 1329 426 sanctis
1361 370 1696 442 loquentem
1733 390 1746 428 :

558 451 628 502 Et
666 445 806 500 dixit
835 461 989 517 unus
1020 447 1261 517 sanctus
1293 442 1458 517 alteri
1495 444 1686 517 nescio
1718 443 1812 500 cui
1842 443 2124 517 loquenti,

485 517 793 587 Usquequo
824 516 994 581 visio,
1027 523 1080 570 et
1103 515 1248 640 iuge
1278 515 1652 582 sacrificium,

558 594 615 640 et
641 593 940 640 peccatum
971 585 1108 640 deso
1137 587 1369 640 ationis.
1405 604 1531 640 nnis
1564 588 1652 640 fac

558 585 615 644 et
641 585 940 658 peccatum
971 585 1369 652 desolationis,
1405 604 1531 657 quae
1564 588 1715 642 facta
1743 590 1868 642 est:

554 665 610 714 et
631 657 1052 724 sanctuarium,
1087 661 1144 713 et
1176 658 1456 714 fortitudo
1487 657 1968 715 conculcabitur?

555 731 624 785 Et
654 729 799 802 dixit
829 729 918 784 ei:
955 734 1146 802 Usque
1213 730 1284 786 ad
1316 745 1618 802 vesperam
1649 734 1706 786 et
1762 747 1954 802 mane,
2012 730 2128 787 duo

630 800 814 856 millia
843 802 863 834 ²
899 800 1138 856 trecenti
1163 817 1176 854 :

555 875 611 926 et
643 872 1025 927 mundabitur
1058 872 1460 928 sanctuarium
1497 888 1510 926 :

485 944 721 999 Factum
755 950 844 998 est
866 949 1061 999 autem
1093 961 1226 998 cum
1261 945 1511 1016 viderem
1551 959 1658 1016 ego
1696 943 1900 1001 Daniel
1950 943 2131 1001 visio-

553 1031 709 1080 nem,
744 1019 800 1070 et
831 1031 1146 1087 quaererem
1180 1014 1663 1086 intelligentiam:

553 1085 875 1169 eccestetit
905 1087 965 1140 in
997 1091 1310 1169 copspectu
1351 1085 1483 1169 ineo
1518 1087 1690 1159 quasi
1743 1086 1965 1158 species
1995 1085 2127 1146 viri.

481 1157 549 1213 Et
578 1158 776 1212 audivi
804 1174 1005 1214 vocem
1036 1157 1324 1214 viri'inter
1351 1157 1478 1214 Ulai
1509 1176 1522 1215 :

548 1235 603 1284 et
627 1228 920 1297 clamavit,
954 1234 1009 1284 et
1029 1229 1111 1284 ait
1142 1245 1156 1283 :

547 1300 802 1370 Gabriel,
835 1302 922 1356 fac
952 1299 1276 1372 intelligere
1309 1300 1485 1356 istam
1517 1299 1824 1358 visionem.

471 1373 539 1428 Et
569 1374 743 1440 venit,
779 1378 835 1427 et
865 1373 1222 1443 stetitjuxta
1257 1372 1355 1426 ubi
1391 1388 1496 1444 ego
1530 1372 1812 1444 stabam;

548 1459 804 1513 cumque
835 1444 1109 1511 venisset,
1134 1461 1352 1515 pavens
1383 1443 1577 1500 enrrui
1603 1447 1661 1499 in
1681 1443 1888 1500 faciem
1912 1459 2126 1514 meam,

542 1521 600 1570 et
633 1515 716 1569 ait
749 1515 819 1570 ad
857 1531 947 1570 me
977 1531 991 1569 :

473 1585 760 1657 Intellige,
795 1585 876 1640 fili
911 1585 1190 1655 hominis,

544 1656 826 1728 quoniam
858 1657 919 1712 in
952 1662 1216 1728 tempore
1248 1656 1384 1712 linis
1416 1656 1807 1728 complebitur
1837 1656 2004 1712 visio.

471 1727 735 1800 Cumque
758 1727 1098 1798 loqueretur
1124 1730 1193 1784 ad
1221 1727 1632 1800 me,collaps’us
1661 1745 1795 1784 sum
1825 1745 2044 1800 pronus
2061 1727 2122 1784 in

618 1806 858 1870 terram,

543 1876 601 1926 et
632 1871 967 1997 tetigiténe,
1002 1875 1058 1927 et
1089 1871 1297 1927 statuit
1330 1888 1422 1927 me
1459 1871 1515 1927 in
1547 1873 1730 1944 gradu
1765 1887 1915 1940 meo,
1947 1870 2120 1927 dixit-

611 1959 727 1997 nue
757 1960 834 1997 mi
885 1960 940 1997 1:

657 1959 727 1998 ue
757 1959 901 1997 mlnl
928 1960 940 1997 Ξ

473 2017 589 2086 Ego
611 1959 938 2087 ἓέῗβιῗᾶιὲτέί
959 2012 1066 2087 tibi
1099 2031 1226 2087 quia
1259 2017 1457 2070 l'utura
1487 2018 1627 2070 sunt
1682 2015 1742 2070 in
1802 2013 2121 2071 novissimo

617 2085 1084 2141 maledictionis:

545 2157 822 2226 quoniam
856 2157 1034 2212 habet
1054 2161 1284 2226 tempus
1317 2157 1491 2212 finem
1526 2173 1723 2213 suum.

473 2227 640 2283 Aries
672 2245 842 2299 quem
870 2227 1068 2282 vidisti
1092 2227 1305 2282 habere
1335 2244 1574 2294 cornua,

542 2316 640 2353 rex
676 2300 972 2354 Medorum
1005 2303 1094 2354 est
1125 2304 1300 2369 atque
1331 2305 1657 2354 Persarum.

469 2369 647 2425 Porro
679 2371 878 2425 hircus
908 2387 1239 2440 caprarum,
1274 2387 1372 2425 rex
1401 2369 1735 2426 Graecorum
1767 2373 1875 2436 est,

542 2445 600 2496 et
627 2457 810 2496 cornu
841 2439 1064 2513 grande
1095 2442 1248 2512 quod
1283 2446 1406 2497 erat
1432 2443 1586 2498 inter
1604 2442 1807 2498 oculos
1835 2439 2120 2513 ejus,ipse

611 2517 701 2566 est
731 2530 830 2568 rex
851 2512 1111 2584 primus,

469 2583 630 2648 Quod
663 2581 882 2653 autem,
917 2581 1103 2639 fracto
1127 2581 1251 2652 illo,
1283 2589 1662 2640 surrexerunt
1704 2587 1957 2655 quatuor
2014 2600 2119 2655 pro

494 2705 496 2707 ,
612 2671 702 2724 eo,

541 2731 992 2799 quatuorreges
1024 2727 1094 2782 de
1126 2730 1296 2799 gente
1325 2727 1451 2796 ejus
1485 2730 1861 2799 consurgent,

538 2798 638 2853 sed
667 2814 782 2852 non
808 2797 868 2852 in
903 2797 1245 2852 fortitudine
1275 2798 1422 2868 ejus.

465 2873 534 2924 Et
565 2873 696 2940 post
726 2886 972 2940 regnum
1003 2886 1228 2938 eorum,
1262 2867 1395 2925 cum
1429 2870 1718 2925 creverint
1747 2867 2117 2940 iniquitates,

531 2945 846 3022 consurget
868 2958 966 2996 rex
999 2940 1313 3012 impudens
1345 2940 1511 3012 facie,
1535 2944 1593 2996 et
1622 2940 1956 3013 intelligens
1982 2957 2116 3014 pro-

653 3017 958 3080 ositiones,

470 3085 546 3138 Et
577 3029 958 3139 rgggiﬂgim’
979 3082 1256 3138 fortitudo
1288 3083 1438 3154 ejus,

512 3195 515 3198 -
542 3157 641 3210 sed
677 3171 794 3210 non
825 3154 883 3209 in
917 3153 1141 3210 viribus
1171 3155 1334 3210 suis:

468 3228 535 3280 Et
563 3242 746 3296 supra
801 3243 980 3296 quam
1029 3225 1187 3281 credi
1246 3229 1457 3298 potest,
1518 3226 1792 3282 universa
1847 3223 2119 3296 vastabit,

541 3302 598 3352 et
626 3299 1089 3368 prosperabitur,
1121 3301 1177 3352 et
1199 3298 1394 3354 faciet.

471 3367 539 3422 Et
574 3367 880 3424 interficiel
903 3369 1193 3436 robustos,

539 3441 596 3493 et
627 3439 910 3510 papulum
957 3450 1314 3507 sanctorum,
1374 3441 1700 3496 secundum
1757 3437 2120 3496 voluntatem

614 3526 808 3575 suam,

542 3583 600 3635 et
629 3581 920 3652 dirigetur
951 3579 1195 3653 dolusin
1229 3596 1408 3653 manu
1440 3582 1598 3653 ejus:

468 3653 534 3706 Et
564 3667 665 3706 cor
693 3651 870 3708 suum
902 3651 1324 3722 magnificabit,

487 3754 500 3796 λ
538 3728 595 3777 et
625 3723 683 3778 in
716 3724 883 3794 copia
914 3741 1110 3796 rerum
1140 3724 1406 3796 omnium
1441 3723 1666 3779 occidet
1693 3723 2019 3796 plurimos:

467 3795 537 3850 Et
567 3799 770 3868 contra
802 3795 1123 3867 principem
1156 3794 1490 3867 principum
1523 3794 1858 3868 consurget,

539 3870 596 3920 et
625 3867 753 3922 sine
792 3884 965 3922 manu
1000 3871 1358 3922 conteretur.

469 3937 709 4019 Et‘visio
743 3955 980 4019 vespere
1011 3943 1067 4019 et
1099 3955 1292 4019 mane,
1326 3956 1453 4019 quae
1483 3938 1780 4019 dictaest,
1822 3954 1960 4019 vera
1989 3940 2116 4019 est:

544 4013 605 4063 tu
639 4025 775 4082 ergo
807 4009 976 4082 signa
1007 4009 2116 4082 visionem,quiapostdiesmultoserit.

473 4079 540 4134 Et
571 4097 676 4151 ego
709 4079 909 4136 Daniel
933 4079 1156 4152 langui.

540 4156 598 4206 et
628 4152 895 4224 aegrotavi
925 4169 1026 4223 per
1057 4153 1180 4207 dies
1206 4169 1220 4207 :

468 4221 736 4294 Cumque
765 4241 833 4280 su
853 4221 1187 4296 rréxissem,
1219 4223 1505 4279 faciebam
1539 4240 1715 4295 opera
1745 4223 1923 4296 regis,

539 4299 598 4348 et
627 4296 939 4366 stupebam
972 4296 1041 4350 ad
1074 4295 1380 4360 visionem,

485 4369 597 4438 gﬂet
629 4383 743 4422 non
777 4372 900 4421 erat
931 4368 1027 4438 qui
1063 4367 1564 4438 interpretaretur.

1529 179 1589 232 Β.
1629 178 2038 236 ΗΙΕΒΟΝῩΜΙ
2074 179 2331 235 DIVINA
2365 137 2859 235 BIBLIDTHBCA.

2153 306 2206 373 Α
2310 302 2646 388 custodiens
2665 299 2906 375 pactum
2929 301 2985 355 et
3002 296 3469 388 misericordiam
3506 299 3825 376 diligentibus

3707 182 3819 239 1380

2379 377 2456 430 te.

2309 449 2367 500 et
2396 443 2867 501 custodientibus
2900 443 3178 498 mandata
3209 445 3331 498 tua.

2239 517 2634 582 Peccavimus,

2307 587 2681 660 iniquitatem
2719 585 2987 656 fecimus,

2309 659 2491 733 impie
2520 659 2772 741 egimus,

2307 740 2367 788 et
2399 740 2753 787 recessimus
2783 745 2795 783 :

2238 809 2304 862 Et
2335 803 2758 860 declinavimus
2785 817 2818 855 a
2851 797 3147 855 mandatis
3169 799 3292 853 tuis
3315 814 3382 854 ac
3403 797 3656 860 iudiciis:

2238 883 2364 935 Non
2395 874 2761 932 obedivimus
2790 871 2974 928 servis
3006 871 3121 926 tuis
3141 870 3462 942 prophetis,

2310 964 2411 1021 qui
2442 945 2620 1021 locuti
2652 947 2792 1000 sunt
2831 943 2894 1021 in_
2921 943 3160 998 nomine
3190 941 3292 998 tuo
3352 941 3582 1014 regibus
3631 946 3826 1018 nostris,

2313 1015 2683 1093 principibus
2712 1015 2952 1093 nostris,

2312 1087 2584 1164 patribus
2615 1087 2857 1164 nostris,

2313 1159 2594 1232 omnique
2618 1159 2833 1232 populo
2856 1161 3048 1232 terris.

2241 1235 2394 1301 Tibi,
2428 1229 2694 1298 Domine,
2720 1229 2993 1301 justitia:

2311 1297 2479 1362 nobis
2508 1297 3002 1358 autem'confusio
3032 1297 3199 1354 faciei
3227 1313 3241 1353 :

2255 1417 2258 1421 ν
2309 1378 2462 1434 sicut
2525 1381 2615 1430 est
2670 1372 2845 1428 hodie
2901 1371 3022 1426 viro
3070 1371 3246 1435 Juda,
3305 1372 3362 1424 et
3449 1368 3825 1428 habitatoribus

2379 1446 2731 1514 Jerusalem,
2762 1447 2818 1500 et
2849 1442 3008 1498 omni
3042 1441 3220 1514 Israel
3249 1457 3263 1508 ;

2237 1521 2338 1595 His
2371 1519 2682 1595 qui_prop_e
2713 1509 2872 1595 sunt,
2905 1519 2963 1571 et
2992 1513 3085 1595 bis
3111 1512 3210 1584 qui
3243 1509 3472 1595 proelii,

2307 1585 2690 1647 inuniversis
2719 1585 2911 1652 terris,
2942 1585 3014 1641 ad
3047 1601 3197 1656 quas
3218 1585 3449 1656 ejecisti
3481 1599 3597 1652 eos,

2308 1667 2546 1734 propter
2575 1659 2918 1730 iniquitates
2947 1654 3170 1727 eorum,
3213 1654 3274 1711 in
3330 1654 3547 1726 quibus
3605 1670 3832 1727 peccave-

2374 1732 2590 1788 runtin
2624 1738 2698 1785 te.

2229 1806 2496 1871 Domine,
2530 1802 2698 1857 nobis
2728 1799 2994 1857 confusio
3027 1798 3214 1865 faciei,

2301 1877 2536 1947 regibus
2568 1871 2807 1939 nostris,

2301 1943 2667 2020 principibus
2699 1943 2938 2020 nostris,

2301 2012 2359 2075 et
2391 2012 2661 2091 patribus
2691 2014 2943 2091 nostris,
2964 2012 3065 2084 qui
3095 2015 3509 2091 peccaverunt.

2229 2091 2360 2147 Tibi
2389 2082 2585 2146 autem
2617 2086 2865 2143 Domino
2917 2082 3028 2142 Deo
3089 2082 3290 2140 nostro
3339 2082 3741 2148 misericordia,
3791 2086 3836 2136 et

2375 2159 2737 2244 propitiatio,

2301 2230 2440 2305 quia
2465 2230 2818 2308 recessimus
2850 2245 2883 2284 a
2916 2231 3015 2283 le:
3072 2303 3107 2308 _
3223 2297 3234 2308 _
3287 2297 3298 2308 _
3337 2301 3368 2308 _
3415 2297 3429 2308 ο
3577 2299 3586 2308 _
3627 2296 3639 2308 ,

2228 2307 2299 2362 Et
2317 2297 2444 2360 non
2479 2303 2813 2359 audivimus
2837 2315 3037 2356 vocem
3069 2297 3301 2355 Domini
3337 2297 3430 2353 Dei
3468 2297 3662 2364 nostri,

2301 2382 2364 2432 ut
2391 2376 2832 2432 ambularemus
2880 2372 2940 2426 in
2972 2370 3099 2442 lege
3127 2369 3277 2439 ejus,
3302 2386 3483 2442 quam
3509 2367 3842 2440 posuitnobis

2373 2463 2478 2519 per
2507 2461 2726 2519 servos_
2741 2460 2880 2500 suos
2907 2441 3246 2519 prophetas.

2227 2523 2295 2575 Et
2327 2509 2524 2575 omnis
2552 2515 2730 2573 Israel
2765 2509 3124 2588 praevaricati
3158 2515 3298 2567 sunt
3323 2509 3516 2588 legem
3580 2513 3750 2582 tuam,
3796 2514 3840 2567 et

2299 2585 2782 2657 declinaverunt;
2801 2602 2871 2641 ne
2901 2585 3175 2657 audirent
3204 2597 3405 2657 vocem
3431 2587 3625 2657 _tuam,

2229 2663 2295 2718 Et
2315 2660 2557 2718 stillavit
2586 2653 2764 2730 super
2793 2674 2900 2730 nos
2931 2655 3285 2730 maledictio,
3322 2659 3396 2730 et
3411 2653 3835 2730 detestatio,qua

2371 2734 2591 2804 scripta
2620 2725 2711 2804 est
2739 2730 2797 2784 in
2833 2728 2979 2804 libro
3001 2729 3149 2785 Mosi
3186 2726 3338 2783 servi
3363 2725 3494 2798 Dei,

2298 2805 2437 2876 quia
2459 2800 2830 2876 peccavimus
2860 2800 2934 2856 ei.

2227 2877 2294 2932 Et
2314 2867 2530 2932 statuit
2559 2889 2862 2930 sermones
2895 2886 3059 2938 suos,
3091 2885 3241 2941 quos
3283 2867 3520 2926 locutus
3567 2871 3652 2923 est
3697 2879 3841 2937 super

2300 2965 2432 3075 mest,
2461 3032 2640 3089 super
2667 3013 2966 3089 principes
3013 3015 3270 3079 nostros,
3316 3011 3418 3084 qui
3475 3010 3841 3082 judicaverunt

2229 3162 2301 3218 Ut
2330 3107 2816 3232 sggesrinduceret
2844 3156 2915 3232 in_
2937 3153 3298 3232 nosmalum
3330 3169 3635 3232 magnum,

2299 3225 2473 3305 quale
2499 3245 2813 3305 nunquam
2835 3227 3084 3305 fuitsub
3115 3225 3276 3305 omni
3306 3225 3476 3305 calo,

2299 3295 2818 3374 secundum'quod
2852 3301 3067 3374 factum
3086 3302 3191 3374 est
3214 3296 3276 3374 in
3303 3295 3656 3354 Jerusalem.

2226 3377 2392 3433 Sicut
2421 3370 2709 3453 scriptum
2736 3379 2826 3453 est
2854 3372 2910 3426 in
2940 3370 3065 3453 lege
3084 3370 3254 3437 Mosi,

2299 3464 2472 3504 omne
2501 3443 2721 3502 malum
2752 3443 2861 3499 hoc
2892 3443 3048 3497 venit
3067 3456 3247 3513 super
3275 3455 3400 3495 nos.

2229 3520 2296 3576 Et
2353 3537 2468 3576 non
2529 3516 2863 3589 rogavimus
2906 3513 3112 3569 faciem
3143 3507 3358 3577 'tuam,
3418 3509 3665 3566 Domine
3713 3507 3834 3564 Deus

2298 3593 2808 3718 ntlrgﬁerrteremur
2838 3657 2909 3712 ab
2943 3653 3356 3727 iniquitatibus
3382 3651 3624 3720 nostris,

2298 3741 2355 3790 et
2375 3732 2768 3801 cogitaremus
2798 3729 3099 3785 veritatem
3130 3732 3316 3801 tuam:

2225 3807 2295 3862 Et
2327 3796 2591 3876 vigilavit
2611 3802 2893 3858 Dominus
2924 3815 3102 3870 super
3131 3796 3447 3866 malitiam,

2297 3883 2353 3932 et
2383 3875 2625 3932 adduxit
2652 3890 2780 3929 eam
2813 3888 2992 3943 super
3022 3887 3128 3926 nos
3154 3886 3166 3922 :

2225 3948 2433 4006 Justus
2465 3945 2752 4002 Dominus
2787 3934 2936 3999 Deus
2972 3947 3170 3998 noster
3191 3938 3251 3994 in
3283 3937 3568 3995 omnibus
3611 3934 3843 4008 operibus

2369 4020 2528 4094 suis,
2549 4034 2676 4088 quae
2709 4015 2880 4094 fecit:
3262 4081 3273 4094 .

2297 4108 2412 4146 non
2441 4087 2595 4146 enim
2623 4087 2960 4143 audivimus
2991 4099 3191 4139 vocem
3223 4087 3374 4152 ejus.

2229 4163 2294 4219 Et
2326 4179 2502 4229 nunc,
2534 4161 2780 4232 Domine
2813 4159 2967 4232 Deus
3000 4159 3218 4218 noster.
3248 4224 3263 4232 _
3336 4227 3346 4232 _
3558 4229 3603 4232 _
3726 4219 3756 4232 ,.
3802 4216 3812 4228 .

2299 4235 2399 4307 qui
2432 4224 3000 4307 eduxistipopulum
3035 4233 3198 4282 tuum
3231 4224 3302 4279 de
3333 4227 3493 4279 terra
3540 4224 3760 4296 Egypti
3801 4224 3847 4272 in

2700 4319 2718 4356 ι

2700 4319 2718 4356 ι

2297 4381 2356 4432 et
2371 4303 2967 4432 IIflehelisltifct)illii,nomen
3005 4368 3333 4425 secundum
3357 4365 3518 4422 diem
3542 4365 3692 4422 hanc
3722 4381 3734 4420 :

468 4427 643 4504 (‘Visio
671 4439 878 4516 iX.)rIn
912 4413 1069 4516 alnno
1100 4413 1288 4509 primo
1320 4437 1475 4493 Darii
1508 4437 1610 4492 lilii
1652 4437 1894 4493 Assueri
1925 4437 1998 4492 de
2028 4451 2117 4492 se-
2149 4413 2198 4476 D
2231 4413 3030 4516 Ρεέξέξῖἓίιιεξῖιίὶξιῖἶῖενιᾳω
3071 4440 3339 4516 fecimus,

615 4510 772 4565 mine
803 4510 1124 4577 Medorum,

540 4580 640 4648 qui
675 4579 983 4650 imperavit
1005 4595 1184 4651 super
1214 4595 1461 4652 regnum
1496 4579 1938 4637 Chaldaeorum:

469 4651 639 4704 Anno
676 4667 791 4706 uno
823 4652 986 4722 regni
1020 4654 1171 4722 ejus,

547 4670 639 4704 lno
676 4670 791 4706 uno
823 4670 986 4722 regni
1020 4670 1048 4707 e
1079 4670 1171 4720 us,

547 4737 654 4793 ego
682 4722 884 4778 Daniel
909 4670 1166 4779 intellexi
1191 4723 1250 4778 in
1275 4721 1441 4778 libris
1473 4739 1784 4778 numerum
1807 4737 2122 4790 annorum,

616 4793 686 4848 de
719 4810 835 4866 quo
871 4795 1057 4851 factus
1089 4800 1177 4851 est
1202 4811 1390 4851 sermo
1421 4794 1653 4850 Domini
1685 4795 1757 4849 ad
1802 4793 2120 4866 Jeremiam

615 4880 718 4936 pro
728 4865 985 4936 pbetam,

483 4983 485 4985 .
542 4935 1075 5008 ut’complerentur
1106 4935 1490 4993 desolationis
1520 4935 1846 4992 Jerusalem
1884 4939 2122 5009 septua-

611 5009 776 5078 ginta
807 5009 965 5079 anni,

467 5078 538 5134 Et
575 5080 743 5151 posui
786 5078 993 5137 faciem
1029 5096 1220 5136 meam
1253 5080 1325 5135 ad
1367 5078 1682 5136 Dominum
1708 5083 1888 5136 Deum
1923 5095 2122 5136 meum

612 5167 840 5223 rogare,

437 5292 440 5296 Α
474 5295 491 5296 7
539 5223 596 5275 et
627 5221 925 5296 de'pr‘ecari
958 5221 1305 5294 injejuniis,
1329 5239 1498 5277 sacco
1517 5225 1570 5278 et
1593 5222 1807 5279 cinere.

470 5295 539 5347 Et
568 5299 726 5349 oravi
757 5293 1070 5350 Dominum
1102 5293 1284 5349 Deum
1320 5309 1541 5362 meum,

538 5369 596 5419 et
625 5365 932 5422 confessus
957 5383 1112 5432 sum,
1146 5369 1201 5420 et
1225 5365 1342 5420 dixi
1368 5381 1381 5420 :

467 5431 742 5509 Obsecro,
775 5437 1021 5494 Domine
1053 5431 1209 5494 Deus
1240 5451 1453 5509 magne
1483 5438 1540 5492 et
1567 5435 1872 5508 terribilis,

2301 4518 2570 4586 Domine,
2602 4511 2658 4572 in
2694 4511 2924 4586 omnem
2949 4511 3440 4586 justitiam_tuam
3467 4525 3480 4586 _:

2229 4581 2565 4655 Avertatur,
2589 4589 2855 4652 obsecro,
2885 4581 2972 4640 ira
3000 4590 3128 4651 tua,
3161 4587 3218 4637 et
3248 4581 3430 4646 furor,
3460 4584 3629 4646 tuus,

2301 4681 2336 4718 a
2365 4651 2596 4718 civitate
2629 4663 2731 4715 tua
2759 4655 3113 4722 Jerusalem,
3147 4657 3204 4710 et
3234 4656 3430 4708 monte
3460 4656 3665 4706 sancto
3691 4651 3794 4701 tuo.

2231 4735 2475 4806 Propter
2507 4736 2740 4804 peccata
2762 4730 2921 4786 enim
2947 4731 3149 4784 nostra
3177 4729 3232 4780 et
3256 4722 3601 4796 iniquitaies
3627 4724 3845 4793 patrum.

2376 4809 2738 4861 nostrorum.
2839 4871 2853 4875 _
2957 4873 2962 4875 Α
3112 4868 3124 4875 _
3375 4864 3390 4875 ‘
3453 4864 3465 4875 ,

2231 4875 2560 4934 Jerusalem
2594 4880 2650 4930 et
2681 4871 3090 4945 populustuus
3111 4864 3575 4945 inopprobrium
3601 4867 3734 4919 sunt
3753 4873 3849 4915 om-

2374 4949 2551 5004 nibus
2583 4943 3023 5018 per'eircuitum
3056 4943 3346 5018 nostrum.
3366 5007 3403 5018 η
3739 5005 3748 5014 _

2230 4999 2410 5076 Nunc
2421 4999 2566 5090 ergo
2583 4999 2988 5090 reiraiidi,Deus
3007 5015 3228 5080 noster,
3258 5007 3588 5064 orationem
3613 5005 3749 5062 servi
3769 4999 3848 5067 tul,

2375 5096 2431 5147 et
2463 5088 2664 5161 preces
2692 5088 2820 5161 ejus
2854 5103 2896 5161 :7
3415 5153 3425 5161 ι
3557 5148 3569 5161 ,

2303 5170 2360 5219 et
2389 5150 2630 5218 ostende
2647 5150 2850 5214 faciem
2883 5160 3047 5211 tuam
3068 5168 3246 5225 super
3266 5150 3675 5206 sanctuarium
3692 5150 3844 5210 tuum,

2376 5234 2527 5304 quod
2556 5233 2858 5304 desertum
2888 5232 2998 5292 est,

2304 5302 2542 5376 propter
2573 5302 2972 5370 temetipsum.
3163 5369 3171 5376 _
3409 5371 3418 5376 _
3550 5363 3592 5376 ν

2233 5363 2480 5441 Inclin'a,
2517 5379 2669 5430 Deus
2701 5363 2888 5438 meus,
2922 5383 3123 5441 aurem
3156 5369 3339 5441 tuam,
3371 5371 3421 5441 et
3447 5363 3633 5418 audi:

2305 5434 2684 5520 aperi'oculus
2714 5434 2883 5510 tuos,
2911 5446 2968 5497 et
2995 5439 3125 5496 vide
3165 5436 3590 5493 desolationem
3622 5434 3838 5488 nostram

540 5648 968 5732 “Nostrimss.
1003 5667 1140 5708 cum
1170 5650 1418 5724 Vulgata
1470 5650 1690 5724 ipsum,
1721 5651 1864 5722 dies,
1913 5669 2127 5712 nomen
2158 5663 2531 5732 praeponunt,
2590 5656 2704 5714 dies
2761 5655 2878 5712 duo
2936 5648 3141 5720 millia,
3188 5649 3328 5713 etc.,
3385 5643 3541 5716 quod
3597 5637 3839 5698 tamenin

471 5717 757 5778 Hebraico
785 5726 959 5778 tacet.
