4090 6192
270 205 403 261 1381

1448 207 1660 261 LIBER
1695 205 2034 262 DANIELIS
2058 202 2488 260 PROPHETB.

3542 219 3678 275 1382

337 331 394 384 et
444 326 761 397 civitatem,
791 323 970 401 super
999 345 1176 400 quam
1209 328 1546 392 invocatum
1579 332 1669 385 est
1703 342 1915 384 nomen
1945 331 2003 400 Α
2032 327 2141 401 Sed
2177 342 2367 398 neque
2400 331 2697 401 unguento
2732 333 2945 385 unctus
2975 347 3147 388 sum:

410 403 618 455 tuum:

270 470 472 542 Nequa
512 473 671 527 enim
713 470 771 525 in
816 471 1346 542 justiﬂcationihus
1397 471 1610 529 nostris
1658 475 1921 544 proster-

412 544 612 614 nimus
640 557 842 614 preces
873 548 1009 600 ante
1040 545 1246 600 faciem
1283 549 1472 614 tuam,

339 615 440 670 sed
474 613 532 668 in
560 613 1042 672 miserationibus
1072 617 1194 674 tuis
1225 617 1451 674 multis.

265 685 510 755 Exaudi,
545 686 810 742 Domine.
881 729 885 733 .

338 758 596 830 placare,
632 758 874 830 Domine
899 773 914 813 :

341 829 600 897 attende,
633 834 690 883 et
721 829 809 884 fac
834 845 848 883 :

265 900 347 957 Na
377 902 624 956 moreris
656 906 894 973 prepter
914 902 1318 972 temetipsum,
1349 901 1504 956 Deus
1536 900 1736 956 meus!

275 987 280 990 '
339 973 482 1043 quia
504 987 715 1027 nomen
741 976 907 1045 tuum
933 973 1267 1029 invocatum
1288 979 1380 1029 est
1401 987 1578 1045 super
1598 973 1915 1043 civitatem,

339 1049 398 1100 et
429 1059 612 1113 super
641 1043 923 1116 populum
952 1049 1146 1111 tuum,

265 1120 540 1187 Cumque
569 1115 762 1171 adhuc
794 1115 1082 1185 loquerer,
1114 1120 1174 1171 et
1203 1131 1453 1183 orarem,

340 1192 398 1244 et
417 1187 738 1312 Iconﬂlterer
766 1193 1005 1259 peccata
1035 1203 1184 1256 mea,
1216 1192 1274 1243 et
1304 1192 1542 1259 peccata
1572 1186 1771 1259 populi
1804 1187 1917 1244 mei

443 1273 573 1312 erae
602 1297 617 1312 .

443 1273 617 1325 araer,

340 1333 398 1384 et
428 1334 861 1412 prosternerem
922 1345 1317 1412 precesnmeas
1341 1331 1412 1412 _in
1466 1333 1780 1403 conspectu
1811 1330 1917 1386 Dei

342 1401 478 1471 mei,
509 1417 614 1472 pro
646 1409 843 1456 monte
873 1401 1076 1456 sancto
1107 1401 1208 1456 Dei
1243 1401 1355 1456 mei
1381 1417 1395 1455 :

264 1474 477 1528 Adhuc
510 1488 602 1545 me
633 1473 909 1545 loquente
939 1473 997 1526 in
1030 1473 1311 1545 oratione,
1618 1544 1624 1545 ί
1665 1541 1668 1545 ,

339 1560 498 1626 ecce.
527 1544 617 1626 vir
654 1544 932 1625 'Gabriel,
991 1559 1166 1615 quem
1195 1544 1454 1600 videram
1486 1545 1546 1600 in
1575 1543 1801 1600 visione
1855 1543 1916 1600 in

413 1631 727 1687 principio,

2102 399 2286 454 donec
2312 399 2746 470 complerentur
2776 401 2956 457 trium
2989 403 3489 467 hebdomadarum
3527 412 3673 470 dies.

2027 470 2128 524 Die
2158 475 2352 551 autem
2382 471 2679 551 vegehsima
2702 481 2755 528 et
2787 480 3000 544 quarta
3035 479 3255 551 mensis
3289 481 3483 551 primi,

2097 557 2256 626 eram
2277 542 2480 626 juxta"
2509 542 2753 600 ﬂuvium
2788 542 3091 626 magnum,
3125 549 3226 620 qui
3255 542 3345 608 est
3373 542 3586 626 Tigris,

2026 614 2093 668 Et
2128 613 2309 668 levavi
2336 613 2536 669 oculos
2570 631 2751 684 meos,
2784 623 2840 671 et
2871 613 2990 672 v'idi
3020 635 3032 673 :

2099 689 2154 740 et
2184 700 2317 740 ecce
2347 685 2432 739 vir
2464 703 2619 741 unus
2645 689 2893 743 vestitus
2924 689 3119 757 lineis,

2097 761 2155 812 et
2185 772 2350 812 renes
2381 757 2510 834 ejus
2541 757 2781 834 accincti
2817 776 2977 834 auro
2999 763 3206 834 ohryzo
3232 781 3244 820 :

2026 827 2097 882 Et
2127 843 2339 904 corpus
2369 829 2498 904 ejus
2530 831 2696 904 quasi
2730 827 3150 904 chrysolithus,

2098 904 2154 976 et
2180 899 2356 976 facies
2383 901 2512 976 ejus
2543 899 2697 976 velut
2722 899 2944 974 species
2973 899 3245 976 fulguris,

2097 975 2154 1046 et
2179 970 2330 1046 oculi
2364 972 2517 1046 ejus,
2550 978 2612 1027 ut
2645 970 2871 1046 lam—pas
2901 970 3114 1032 ardetis
3143 994 3156 1032 :

2027 1041 2096 1097 Et
2119 1042 2360 1124 brachia
2390 1043 2539 1124 ejus,
2590 1049 2652 1124 et_
2677 1041 2805 1118 quis
2835 1047 3105 1124 deorsum
3139 1065 3328 1120 usque
3358 1051 3431 1106 ad
3474 1052 3672 1123 pedes.

2099 1116 2266 1184 quasi
2301 1116 2528 1184 species
2556 1116 3065 1175 aerisvcandantis:

2097 1189 2155 1240 et
2183 1201 2290 1240 vox
2319 1200 2657 1242 sermonum
2693 1190 2841 1255 ejus,
2876 1194 2941 1244 ut
2969 1207 3076 1246 vox
3111 1190 3535 1249 multitudinis.

2027 1254 2152 1313 Vidi
2184 1261 2506 1339 autemego
2540 1254 2745 1339 Daniel
2771 1254 2932 1316 solus
2962 1261 3284 1339 visionem:

2095 1343 2270 1454 gerro
2299 1329 2553 1410 viri,.qui
2587 1335 2754 1386 erant
2786 1349 3036 1403 mecum,
3071 1351 3186 1390 non
3217 1335 3528 1391 viderunt:

2180 1404 2367 1453 terror
2398 1401 2615 1454 nimius
2646 1402 2817 1454 irruit
2847 1421 3027 1454 sunar
3055 1422 3175 1454 ens-
3207 1412 3265 1454 et
3295 1407 3528 1454 fuam-nr

2028 1401 2127 1454 sed
2180 1404 2367 1478 terror
2398 1401 2615 1478 nimius
2646 1402 2817 1460 irruit
2847 1401 3027 1477 super
3055 1422 3176 1474 eos,
3207 1412 3265 1462 et
3295 1407 3571 1478 fugarunt
3611 1407 3671 1463 in

2169 1471 2600 1527 absconditum.

2027 1541 2144 1612 Ego
2171 1548 2388 1667 hautem
2421 1543 2660 1601 relictus
2699 1545 2863 1602 solus
2901 1547 3020 1603 vidi
3051 1547 3336 1605 visionem
3385 1550 3671 1621 grandem

2214 1629 2360 1667 anc:

2214 1629 2322 1668 anc
2348 1630 2360 1667 2

338 1685 452 1742 cito
507 1685 712 1774 vetaris
742 1687 939 1758 tetigit
970 1702 1063 1743 me
1101 1685 1161 1742 in
1191 1692 1454 1759 tempore
1503 1686 1777 1743 sacrificii
1815 1704 1912 1746 ve~
1947 1708 1993 1774 Β
2097 1687 2616 1774 etjnoniremansit
2647 1686 2705 1742 in
2732 1705 2831 1770 .me
2857 1689 3158 1774 fortitudo,

264 1763 778 1912 misistis,

344 1901 666 1974 at‘locutus
696 1904 787 1956 est
815 1901 984 1969 mihi,
1018 1902 1279 1974 dixitque
1305 1919 1317 1955 :

269 1972 476 2029 Daniel
508 1989 664 2027 nunc
693 1987 968 2043 egressus
997 1990 1156 2040 sum,
1185 1972 1252 2028 ut
1280 1975 1547 2029 docerem
1579 1976 1658 2042 te,

346 2049 403 2099 et
434 2043 810 2116 intelligeres.

266 2116 359 2173 Ab
389 2116 625 2172 exordio
656 2131 896 2188 precum
920 2119 1156 2172 tuarum
1189 2132 1462 2188 egressus
1493 2120 1588 2173 est
1614 2131 1840 2172 sermo:

347 2203 454 2260 ego
487 2192 682 2260 autem
712 2187 879 2260 veni,
899 2194 964 2244 ut
992 2187 1314 2244 indicarem
1344 2188 1474 2260 tibi,

348 2258 490 2330 quia
516 2258 606 2313 vir
634 2258 1057 2314 desideriorum
1089 2275 1152 2316 es
1181 2276 1194 2316 :

266 2331 358 2387 Tu
388 2346 524 2401 ergo
556 2330 953 2401 animadverte
982 2347 1336 2398 sermonem,

345 2408 402 2458 et
432 2400 1022 2474 intellige_visionem.

265 2472 659 2598 Septuaginta
705 2472 1106 2530 hebdomadas
1155 2472 1502 2529 abhreviataa
1551 2477 1691 2529 sunt
1739 2490 1920 2545 super

343 2562 496 2598 nonu
528 2560 627 2598 um
666 2547 832 2598 tuum
865 2551 924 2598 at
967 2561 1144 2598 super
1182 2547 1386 2598 urbem
1420 2549 1683 2598 sanctam
1727 2550 1917 2598 tuam.

343 2547 627 2617 populum
666 2547 832 2600 tuum
865 2551 924 2601 et
967 2561 1144 2618 super
1182 2547 1386 2602 urbem
1420 2549 1683 2601 sanctam
1727 2550 1917 2616 tuam,

343 2624 408 2672 ut
447 2623 829 2672 consumatur
876 2618 1296 2689 praevaricatio,
1342 2622 1398 2672 et
1441 2617 1619 2673 finem
1669 2619 1919 2690 accipiat

495 2693 780 2755 eccatum,

267 2761 345 2815 Et
375 2758 640 2814 deleatur
673 2758 978 2831 iniquitas,

344 2835 404 2886 et
429 2831 759 2902 adducatur
777 2831 1018 2902 justitia
1047 2831 1426 2902 sempiterna,

265 2903 340 2959 Et
369 2902 684 2974 impleatur
712 2901 880 2969 visio,
907 2907 963 2957 et
992 2901 1298 2974 prephetia
1317 2905 1360 2970 ¹,

345 2980 405 3030 et
435 2979 690 3046 ungatur
716 2977 965 3029 Sanctus
995 2980 1354 3030 sanctorum.

266 3046 432 3127 Scito
458 3061 617 3127 ergo,
645 3049 702 3101 et
732 3046 1165 3127 animadverte:

347 3118 434 3172 Ab
465 3115 617 3173 exitu
649 3118 960 3185 sermonis,
995 3121 1061 3172 ut
1087 3117 1301 3172 iterum
1333 3115 1652 3172 aedificetur
1678 3116 1914 3173 Jerusa-

418 3187 555 3255 lem,
592 3205 778 3260 usque
808 3189 879 3244 ad
913 3188 1210 3244 Christum
1241 3190 1475 3255 ducem,

346 3259 746 3316 hebdomadas
796 3267 1046 3332 septem,
1080 3267 1140 3316 at
1171 3260 1568 3316 hebdomadas
1617 3259 1922 3333 sexaginta

422 3333 550 3386 duas
578 3337 751 3386 erunt
776 3347 790 3386 :

465 3348 550 3386 uie
578 3337 751 3388 erunt
776 3347 790 3386 :

265 3403 345 3459 Et
374 3420 613 3458 rursum
637 3401 1027 3459 asdiﬂcabitur
1057 3401 1268 3472 platea,

347 3480 406 3530 et
437 3474 589 3547 muri
622 3476 680 3530 in
713 3475 992 3547 angustia
1014 3479 1371 3547 temporum.

266 3546 344 3602 Et
367 3553 499 3618 post
518 3544 920 3602 hebdomadas
948 3544 1253 3618 sexaginta
1273 3546 1423 3602 duas
1445 3544 1744 3602 occidetur
1763 3544 1923 3600 Chri-

417 3623 546 3673 stus
571 3633 584 3671 :

345 3692 404 3745 at
430 3706 545 3744 non
578 3688 690 3744 erit
727 3688 929 3760 ejus‘:

267 3765 341 3816 Et
371 3759 664 3816 civitatem
696 3759 1181 3817 et’sanctuarium
1214 3760 1530 3832 dissipabit
1559 3759 1814 3831 populus

347 3849 483 3887 cum
519 3833 670 3887 duce
699 3839 940 3887 venturo
969 3849 982 3887 :

258 3903 347 3960 'Et
377 3903 519 3958 linis
547 3904 676 3974 ejus
707 3904 972 3973 vastitas,

350 3981 410 4030 et
443 3971 784 4046 post'ﬁnem
807 3971 1191 4030 belli'statuta
1221 3971 1523 4046 desolatio.

269 4043 892 4117 Confirmabitautem
929 4053 1160 4117 pactum
1191 4045 1392 4100 multis
1414 4043 1782 4117 hebdomada
1805 4059 1922 4098 una

345 4125 406 4174 et
435 4119 493 4172 in
545 4116 788 4173 dimidio
819 4116 1206 4173 hebdomadis
1235 4118 1462 4173 deﬁciet
1505 4116 1697 4172 hostia
1725 4122 1782 4171 et
1829 4133 1921 4170 sa-

427 4188 749 4242 oriﬁcium:

261 4229 274 4236 -
427 4203 712 4244 cunctum
734 4203 749 4245 Ξ

269 4261 345 4316 Et
371 4258 432 4315 in
465 4261 682 4331 templo
711 4259 820 4315 erit
840 4259 1198 4315 abominatis
1225 4257 1637 4315 desolationis:

344 4335 403 4387 et
429 4347 633 4414 usque.
673 4333 758 4414 ad.
775 4332 1342 4414 consummationem
1373 4337 1432 4387 at
1461 4332 1636 4387 finem
1668 4346 1924 4402 perseve-

421 4403 572 4459 rabit
601 4403 904 4459 dasolatio.

2096 1756 2197 1811 sed
2230 1760 2286 1810 et
2315 1757 2539 1830 species
2570 1774 2699 1814 mea
2729 1762 3035 1818 immutata
3063 1756 3154 1818 est
3182 1763 3240 1817 in
3272 1778 3387 1830 me,

2097 1831 2155 1882 et
2179 1828 2457 1904 emarcui,
2492 1845 2597 1884 nec
2624 1829 2800 1886 habui
2831 1834 3156 1904 quidquam
3190 1828 3428 1890 virium.

2023 1897 2094 1953 Et
2123 1899 2546 1977 audivivocem
2579 1897 2918 1977 sermonum
2947 1897 3078 1977 ej'us
3103 1922 3116 1959 :

2096 1975 2152 2026 et
2199 1970 2444 2027 audiens
2480 1973 2749 2042 jacebam
2794 1970 3201 2033 consternatus
3233 1995 3412 2050 super
3453 1977 3664 2035 faciam

2167 2057 2383 2109 meam,

2094 2113 2408 2186 vultusque
2442 2130 2608 2171 meus
2635 2115 2892 2174 hmrcbat
2917 2127 3101 2175 terras.

2025 2184 2092 2239 Et
2121 2201 2253 2240 eoce
2275 2184 2484 2259 manus
2511 2187 2700 2259 tetigit
2729 2205 2844 2259 me,

2097 2262 2154 2312 et
2185 2256 2368 2312 erexit
2396 2273 2488 2313 me
2519 2256 2697 2331 super
2725 2256 2916 2331 genua
2947 2277 3098 2318 mea.

2028 2327 2095 2383 Et
2125 2344 2302 2397 super
2329 2327 2612 2385 articulos
2640 2327 2924 2387 maiiuum
2959 2349 3240 2389 mearum.

2028 2399 2277 2472 Etdixit
2297 2400 2367 2455 ad
2402 2415 2529 2456 me:
2564 2402 2783 2470 Daniel,
2818 2403 2904 2458 vir
2936 2405 3385 2472 desideriorum,

2095 2470 2358 2544 intellige
2387 2473 2579 2542 verba,
2615 2490 2739 2546 qua
2775 2491 2881 2546 ego
2927 2475 3134 2548 loquor
3162 2477 3235 2533 ad
3265 2481 3342 2547 te,
3371 2470 3434 2533 et
3489 2480 3579 2534 sta
3608 2477 3668 2533 in

2170 2543 2356 2597 gradu
2387 2548 2485 2597 tuo
2511 2559 2524 2597 :

2169 2559 2356 2614 gradu
2387 2559 2485 2599 tuo
2511 2559 2524 2598 :

2097 2613 2255 2669 nunc
2285 2613 2442 2668 enim
2475 2614 2694 2671 missus
2727 2633 2858 2672 sum
2892 2619 2964 2672 ad
2995 2622 3071 2674 te.

2025 2685 2288 2756 Cumque
2319 2685 2563 2742 dixisset
2601 2687 2741 2742 mihi
2774 2705 3106 2746 sermonem
3142 2690 3348 2761 istum,
3378 2691 3510 2747 steti
3551 2695 3670 2748 tra-

2170 2772 2354 2812 mens.

2028 2829 2098 2884 Et
2128 2828 2208 2883 ait
2236 2829 2307 2883 ad
2342 2844 2431 2883 me
2460 2845 2472 2883 :
2507 2828 2942 2898 Noli'metuere,
2973 2833 3176 2888 Daniel
3203 2849 3216 2887 :

2100 2900 2337 2976 quiaex
2366 2900 2459 2976 die
2489 2901 2701 2973 primo,
2735 2918 2850 2974 quo
2880 2904 3129 2976 posuisti
3153 2921 3251 2961 cor
3281 2908 3448 2962 tuum
3473 2906 3544 2961 ad
3576 2905 3668 2961 in-

2168 2969 2573 3042 telligandum,

2102 3045 2164 3098 ut
2192 3043 2569 3119 te_afﬂigeres
2599 3043 3004 3119 ingconspectu
3033 3045 3134 3102 Dei
3169 3048 3277 3119 tui,

2099 3115 2374 3170 exaudita
2403 3120 2542 3169 sunt
2570 3116 2743 3172 verba
2772 3115 2910 3173 tua:

2095 3191 2151 3259 at
2181 3201 2286 3256 ego
2318 3186 2446 3240 veni
2478 3192 2714 3259 propter
2743 3205 3037 3244 sermones
3061 3194 3214 3247 tuos.

2026 3257 2309 3330 Princeps
2353 3257 2550 3312 autem
2590 3257 2771 3330 'regni
2813 3260 3120 3316 Persarum
3154 3263 3369 3317 restitit
3412 3261 3557 3319 mihi
3586 3262 3670 3318 vi-

2166 3328 2312 3400 ginti
2347 3333 2404 3383 et
2427 3345 2541 3384 uno
2572 3328 2802 3397 diebus,

2094 3405 2152 3456 et
2172 3400 2574 3477 _ecce_l_tlicha_el
2619 3419 2770 3457 unus
2792 3403 2864 3458 de
2886 3403 3253 3476 principibus
3277 3405 3486 3477 primis
3513 3405 3672 3464 venit

2168 3472 2228 3526 in
2261 3472 2619 3543 adjutorium
2649 3489 2860 3540 meum,

2097 3547 2167 3617 et_
2183 3558 2289 3614 ego
2322 3544 2577 3599 remansi
2607 3544 2685 3600 ibi
2710 3546 2881 3616 juxta
2911 3561 3104 3617 regem
3138 3549 3473 3606 Persarum.

2025 3613 2407 3694 Veniautem,
2432 3620 2498 3671 ut
2515 3613 2783 3694 docerem
2807 3623 2862 3694 te
2879 3613 3007 3694 quae
3029 3625 3275 3678 ventura
3297 3627 3436 3677 sunt
3450 3619 3668 3694 populo

2167 3690 2266 3740 tuo
2302 3685 2359 3741 in
2397 3687 2757 3754 novissimis,
2792 3685 3020 3758 diebus,

2099 3758 2373 3826 quoniam
2408 3757 2598 3812 adhuc
2631 3759 2774 3813 visio
2809 3761 2866 3814 in
2900 3757 3043 3815 dies.

2025 3829 2289 3904 Cumque
2312 3827 2650 3904 laquaretur
2681 3830 2822 3883 mihi
2844 3831 3267 3904 hujuscemodi
3297 3833 3515 3904 verbis,

2098 3899 2276 3968 dejeci
2307 3899 2755 3972 vultummeum
2790 3902 2857 3954 ad
2892 3899 3130 3972 terram,
3163 3909 3221 3958 et
3247 3904 3426 3958 tacui.

2026 3970 2095 4026 Et
2124 3986 2256 4026 ecce
2287 3972 2456 4042 quasi
2504 3971 2830 4028 similitudo
2863 3973 2966 4028 ﬁlii
3000 3970 3258 4030 hominis
3294 3974 3486 4047 tetigit
3515 3973 3672 4031 labia

2175 4057 2304 4096 mea

2098 4118 2154 4168 et
2187 4113 2452 4184 aperiens
2483 4129 2548 4169 os
2581 4130 2775 4169 meum
2805 4114 3034 4170 locutus
3066 4132 3222 4180 sum,

2098 4190 2156 4240 et
2187 4184 2305 4239 dixi
2333 4185 2402 4239 ad
2434 4200 2568 4240 eum
2597 4186 2698 4256 qui
2732 4188 2924 4242 stabat
2954 4194 3159 4243 contra
3192 4205 3314 4244 me:

2026 4255 2272 4312 Domine
2306 4256 2406 4325 mi,
2459 4257 2516 4312 in
2551 4255 2777 4313 visione
2806 4263 2908 4314 tua
2934 4259 3234 4316 dissoluta:
3265 4264 3405 4316 sunt
3434 4276 3673 4331 campa-

2211 4343 2272 4383 es
2305 4344 2466 4395 mete,

2171 4345 2272 4400 ges
2305 4345 2466 4395 meae,

2099 4403 2156 4453 et
2188 4398 2332 4454 nihil
2363 4399 2422 4454 in
2456 4415 2548 4454 me
2579 4401 2864 4468 remansit
2892 4402 3120 4457 virium.

264 4474 448 4546 (Vinio
610 4458 774 4531 Anno
795 4475 961 4531 tertio
979 4473 1110 4546 Cyri
1143 4473 1293 4546 regis
1314 4479 1645 4539 Persarum,
1676 4472 1920 4546 verbum
1956 4458 1996 4523 D
2032 4469 2096 4526 Et
2139 4471 2431 4546 quomodo
2465 4472 2677 4546 poterit
2706 4465 2910 4528 servus
2943 4474 3164 4530 Domini
3198 4474 3310 4529 mei
3337 4473 3497 4546 loqui
3537 4490 3674 4530 cum

346 4545 667 4602 revelatum
727 4551 818 4602 est
872 4544 1097 4602 Danieli
1173 4544 1559 4617 cognomento
1629 4544 1928 4601 Baltassar

348 4620 417 4690 et
430 4619 676 4690 verbum
709 4633 933 4685 verum,
967 4627 1025 4673 et
1051 4617 1329 4673 fortitudo
1361 4631 1613 4690 magna:

268 4686 693 4762 Intellexitque
720 4704 1053 4762 sermonem
1082 4706 1095 4742 :

348 4759 738 4832 intelligentia
769 4761 927 4816 enim
961 4765 1228 4832 opusiest
1254 4759 1314 4815 in
1345 4759 1585 4816 visione.

273 4830 338 4886 ln
375 4829 583 4905 diebus
611 4832 732 4890 illis
756 4849 864 4905 ego
887 4829 1082 4888 Daniel
1113 4831 1388 4904 lugebam
1410 4832 1586 4887 trium
1605 4829 1926 4885 hebdoma-

423 4903 631 4958 darum
663 4903 913 4960 diebus:

349 4989 560 5044 panem
594 4975 1047 5032 desiderabilem
1073 4991 1187 5029 non
1221 4973 1473 5042 comedi,

346 5050 406 5100 at
430 5061 564 5102 caro
594 5052 653 5103 et
706 5047 910 5103 vinum
943 5063 1058 5103 non
1118 5045 1468 5102 introierunt
1497 5046 1555 5100 in
1589 5061 1653 5101 os
1686 5057 1880 5100 meum
1910 5061 1924 5110 ;

349 5263 467 5332 ειη
527 5261 705 5332 Regio
737 5279 847 5317 ms.
903 5262 1102 5318 codice
1160 5261 1480 5317 Bibliorum
1539 5270 1590 5315 et
1633 5259 1931 5332 impleatur

267 5331 419 5415 uisio
451 5343 503 5387 σι
530 5330 842 5415 prophetes.
866 5333 928 5388 In
961 5349 1027 5388 eo
1052 5338 1270 5415 autem,
1303 5333 1558 5415 quem-8.
1595 5330 1788 5415 Albini
1814 5342 1927 5384 An-

269 5403 908 5473 degavensisdiximus
937 5422 1138 5474 supra,
1175 5403 1331 5460 idem
1361 5403 1600 5474 legitur,
1651 5403 1751 5457 sed
1785 5417 1926 5474 casu

269 5472 512 5544 plurali,
544 5481 596 5530 et
636 5478 936 5546 impleatur
974 5472 1195 5531 visio-et
1223 5472 1517 5546 propheta.
1563 5472 1932 5544 Exemplaria

268 5546 550 5618 Canonis,
585 5547 798 5618 aliique
819 5547 1204 5618 quamplures
1238 5563 1382 5602 mss.
1409 5546 1639 5602 codices
1671 5546 1931 5600 retinent

273 5617 436 5689 quod
457 5634 577 5689 nos
607 5617 923 5674 edidimus.
959 5623 1142 5675 MART.

346 5717 416 5728 -ο
443 5688 767 5762 Vaticanus
799 5706 913 5746 ms.
945 5699 995 5745 et
1031 5689 1297 5762 propheta
1330 5714 1345 5758 ;
1378 5689 1477 5744 alii
1521 5687 1759 5756 habent,
1790 5701 1925 5758 pro-

268 5757 485 5834 phetes,
523 5760 584 5818 in
616 5760 854 5818 Hebrao
885 5757 1084 5819 autem
1114 5757 1270 5823 ἀνι).

2176 4542 2424 4598 Domino
2453 4558 2579 4598 meo
2599 4542 2627 4597 ‘I

2107 4613 2253 4668 nihil
2286 4615 2443 4686 enim
2474 4613 2532 4668 in
2566 4630 2658 4669 me
2691 4617 2974 4671 remansit
3002 4617 3236 4686 virium,

2106 4686 2203 4741 sed
2239 4689 2297 4740 et
2326 4684 2546 4740 halitus
2577 4702 2770 4740 meum
2806 4684 3238 4744 intercluditur.

2034 4759 2291 4812 Rursum
2323 4772 2459 4828 ergo
2491 4757 2682 4828 tetigit
2712 4773 2804 4812 me
2836 4760 2999 4828 quasi
3031 4759 3176 4816 visio
3208 4759 3490 4826 hominis,

2105 4833 2163 4883 et
2193 4827 2542 4884 confortavit
2573 4845 2684 4897 me,
2719 4834 2776 4883 et
2803 4827 2951 4884 dixit
2978 4848 2990 4885 :

2033 4898 2157 4955 Noli
2195 4899 2418 4964 timere,
2451 4900 2540 4953 vir
2570 4900 2994 4957 desideriorum
3027 4920 3039 4957 :

2178 4987 2289 5042 pax
2321 4970 2425 5024 tibi
2455 4972 2478 5023 τ’

2106 5043 2455 5110 confortare,
2485 5045 2544 5096 et
2574 5045 2701 5097 esto
2734 5043 3034 5101 robustus.

2109 5255 2129 5289 ³
2158 5252 2575 5326 δυδβιιᾱὶθυάθ,
2604 5252 3013 5326 hicsuntquae
3047 5255 3395 5326 supplentur
3416 5255 3476 5310 in
3509 5254 3683 5311 editis

2037 5343 2103 5382 ac
2137 5324 2408 5396 pluribus
2462 5341 2605 5391 mss,
2661 5324 2852 5399 libris,
2886 5324 3098 5399 nempe
3124 5324 3376 5399 papulas
3406 5327 3684 5399 quicum

2034 5401 2334 5468 negaturus
2390 5404 2504 5470 est:
2541 5413 2674 5452 nam
2713 5398 2766 5451 in
2803 5397 3042 5453 Hebraeo
3101 5397 3250 5454 nthil
3305 5397 3463 5454 aliud
3519 5398 3682 5470 legas

2037 5490 2243 5558 praeter
2273 5484 2409 5551 ista,
2456 5469 2662 5574 15pm
2710 5501 2846 5541 veen
2896 5487 2967 5554 lo,
3003 5486 3058 5540 id
3092 5492 3182 5541 est
3207 5489 3258 5541 et
3286 5504 3396 5542 non
3436 5487 3509 5557 ei,
3561 5469 3686 5544 sive

2033 5579 2087 5630 et
2131 5589 2241 5629 non
2270 5573 2410 5646 eius,
2444 5573 2535 5627 cui
2573 5578 2857 5629 consonat
2889 5573 3104 5644 Regius
3134 5575 3338 5642 codex,
3369 5591 3542 5646 quem
3576 5574 3684 5631 hoc

2036 5646 2163 5701 loco
2195 5645 2379 5700 secuti
2401 5660 2609 5700 sumus
2644 5651 2845 5719 utpote
2883 5651 3124 5718 putrum
3158 5647 3230 5701 ab
3262 5645 3419 5701 omni
3451 5647 3688 5704 addita-

2037 5721 2256 5774 mento.
3322 5721 3508 5774 Msar.
