4090 6192
480 175 619 231 1383

480 302 751 371 Cumque
781 297 1119 369 loqueretur
1148 311 1403 371 mecum,
1437 295 1725 371 convalui,
1752 300 1809 371 et
1838 294 1959 353 dixi
1986 311 1999 349 :

563 369 848 443 Loquere,
880 371 1125 427 Domine
1156 370 1256 442 ini,
1291 369 1429 442 quia
1459 370 1806 426 confortasti
1840 385 1953 425 me.

484 448 558 499 Et
587 446 705 499 ait:

562 513 837 584 Nunquid
875 512 990 567 scis
1022 528 1204 584 quare
1232 513 1490 568 venerim
1524 513 1591 568 ad
1629 511 1734 568 te?

487 588 553 643 Et
608 580 763 640 nunc
795 580 1055 639 revertar
1085 592 1149 640 ut
1191 584 1416 656 praelier
1446 586 1759 641 adversum
1810 580 2135 654 principem

630 663 939 713 Persarum
970 671 981 708 :

557 745 689 784 cum
740 744 875 797 ergo
912 727 1251 808 .cgrederer,
1284 725 1556 799 apparuit
1598 726 1874 799 princeps
1904 728 2135 781 Graeco-

630 815 761 853 I‘UI'D
796 814 1057 854 veniens.

484 870 903 927 Verumtamen
942 869 1305 925 annuntiabo
1339 869 1467 937 tibi,
1500 870 1653 942 quod
1679 884 2024 942 expressum
2046 872 2137 924 est

629 947 685 998 in
715 942 1005 1013 scriptura
1034 942 1318 1009 veritatis,

559 1017 617 1068 et
648 1012 940 1069 nemo’est
967 1015 1203 1083 adjutor
1234 1029 1401 1068 meus
1431 1012 1488 1067 in
1520 1013 1799 1069 omnibus
1830 1012 1946 1081 bis,

559 1086 671 1141 nisi
706 1084 949 1140 Michael
985 1086 1280 1155 principes
1311 1090 1521 1153 vester,

485 1156 640 1228 (Cap.
673 1156 790 1228 ΧΙ.)
820 1162 934 1227 Ego
967 1153 1161 1211 autem
1181 1153 1266 1211 ab
1296 1172 1449 1212 anno
1481 1154 1671 1228 primo
1696 1155 1853 1211 Darii
1877 1153 2027 1211 Medi

560 1230 789 1284 stabam
824 1235 890 1283 ut
918 1229 1379 1295 confortaretur,
1415 1232 1472 1282 et
1503 1228 1893 1285 roboraretur.

484 1300 556 1354 Et
586 1316 744 1354 nunc
774 1299 1078 1354 veritatem
1110 1300 1473 1354 annuntiabo
1506 1299 1633 1353 tibi.

487 1372 629 1427 Ecce
662 1370 853 1425 adhuc
884 1376 1004 1426 tres
1036 1386 1201 1441 reges
1232 1372 1476 1426 stabunt
1504 1371 1562 1425 in
1598 1369 1856 1426 Perside.

558 1448 613 1498 et
644 1447 892 1512 quartus
924 1442 1208 1497 ditabitur
1236 1443 1447 1513 opibus
1480 1442 1680 1499 nimiis
1711 1457 1890 1513 super
1906 1453 2134 1495 omnes:

486 1518 553 1569 Et
582 1530 714 1569 cum
750 1513 1061 1569 invaluerit
1090 1513 1311 1568 divitiis
1345 1514 1492 1583 suis,

558 1584 873 1640 concitabit
930 1601 1151 1658 omnes
1218 1581 1525 1641 adversum
1587 1600 1830 1658 regnum
1881 1581 2132 1639 Graecia.

486 1657 698 1728 Surget
726 1672 858 1712 vero
891 1672 989 1728 rex
1019 1655 1209 1726 fortis,

556 1727 1051 1784 et’dominabitur
1082 1731 1365 1796 potestate
1394 1728 1599 1799 multa,

556 1805 612 1855 et
643 1800 815 1854 faciet
845 1800 1000 1870 quod
1032 1799 1318 1871 placuerit
1348 1801 1420 1854 ei.

484 1872 555 1926 Et
586 1888 719 1926 cum
753 1869 1004 1939 steterit,
1034 1869 1369 1926 conteretur
1396 1886 1642 1942 regnum
1666 1869 1824 1942 ejus,

558 1949 615 1997 et
646 1942 940 1997 dividetur
966 1944 1022 1997 in
1058 1948 1312 2014 quatuor
1340 1941 1543 1998 ventos
1576 1941 1742 2009 cceli;

487 2015 597 2071 Sed
632 2031 746 2068 non
779 2014 837 2067 in
871 2019 1135 2085 posteros
1168 2016 1317 2085 ejus,

566 2102 757 2155 neque
777 2081 1100 2141 secundum
1134 2081 1451 2156 potentiam
1476 2084 1778 2155 illius,qua
1798 2081 2139 2139 dominatus

629 2160 765 2225 est,.

483 2228 862 2300 Lacerabitur
894 2227 1056 2300 enim
1092 2244 1338 2300 regnum
1371 2228 1500 2298 ejus
1532 2226 1707 2283 etiam
1739 2225 1799 2281 in
1824 2225 2135 2299 iexternos,

557 2298 814 2368 exceptis
846 2298 960 2354 bis.

486 2371 554 2426 Et
580 2369 1006 2425 cont‘ortabitur
1036 2386 1135 2425 rex
1171 2368 1395 2425 Austri:

558 2447 617 2497 et
646 2442 717 2495 de
742 2441 1119 2513 principibus
1149 2442 1276 2511 ejus
1306 2441 1639 2513 praevalebit
1671 2456 1851 2513 super
1880 2456 2038 2512 eum,
2081 2445 2140 2495 et

629 2512 1029 2568 dominabitur
1062 2512 1319 2568 ditione:

558 2583 745 2638 multa
776 2584 932 2638 enim
965 2585 1285 2640 dominatio
1311 2585 1464 2654 ejus.

484 2656 553 2711 Et
581 2661 711 2725 post
741 2657 916 2710 ﬁnem
951 2672 1236 2711 annorum
1273 2655 1751 2711 foederabuntur:

556 2726 797 2798 ﬁliaque
845 2727 997 2798 regis
1031 2730 1214 2783 austri
1248 2727 1438 2783 veniet
1487 2728 1557 2782 ad
1602 2743 1795 2799 regem
1840 2726 2138 2799 aquilonis

628 2800 814 2853 facere
848 2799 1167 2854 amicitiam
1196 2818 1209 2865 ;

484 2870 553 2926 Et
586 2886 701 2925 non
751 2870 1041 2952 obtinebit
1074 2870 1474 2927 fortitudinem
1507 2869 1766 2941 brachii,
1801 2886 1906 2928 nec
1956 2870 2140 2927 stabit

627 2957 827 2997 semen
862 2959 1029 2997 θιυεξ

627 2960 827 2997 semen
862 2960 1029 3011 ejus:

485 3016 553 3066 Et
577 3014 844 3086 tradetur
872 3012 1022 3083 ipsa,
1056 3016 1112 3086 et
1144 3013 1242 3086 qui
1273 3012 1643 3086 adduxerunt
1672 3028 1823 3079 eam,

558 3084 965 3156 adolescentes
1021 3083 1175 3155 ejus,
1205 3090 1262 3141 et
1294 3085 1393 3156 qui
1454 3086 1861 3140 confortabant
1893 3101 2018 3142 eam
2077 3083 2137 3141 in

627 3155 1017 3226 temporibus.

486 3226 554 3281 Et
583 3226 771 3300 stabit
793 3227 863 3282 de
896 3227 1159 3300 germine
1192 3226 1455 3282 radicum
1488 3228 1617 3297 ejus
1652 3227 1983 3299 plantatio:

559 3302 616 3352 ct
647 3299 837 3372 veniet
856 3299 987 3372 cum
1014 3300 1767 3372 excercitu,etingredietur
1782 3299 2140 3372 provinciam

633 3369 788 3440 regis
819 3371 1150 3440 aquilonis:

557 3442 615 3493 et
642 3440 919 3495 abutetur
946 3442 1033 3496 eis
1059 3461 1072 3508 ;
1107 3445 1168 3495 et
1188 3440 1499 3496 obtinebit.

490 3511 740 3581 Insuper
768 3516 825 3565 et
857 3512 997 3567 deos
1029 3528 1254 3578 eorum,
1288 3516 1346 3567 et
1376 3510 1697 3582 sculptilis,

559 3597 701 3639 vasa
733 3597 968 3653 quoque
1002 3583 1260 3654 pretiosa
1291 3583 1516 3653 argenti
1551 3587 1607 3638 et
1638 3582 1787 3651 auri,

558 3658 615 3726 et
644 3654 872 3723 captiva
904 3655 1079 3726 ducet
1109 3655 1167 3709 in
1198 3656 1543 3726 Egyptum:

554 3724 682 3798 ipse
717 3724 1055 3798 praevalebit
1084 3724 1367 3781 adversus
1400 3742 1595 3798 regem
1630 3725 1946 3798 aquilonis,

486 3795 559 3850 Et
590 3796 836 3852 intrabit
868 3796 925 3851 in
962 3813 1209 3869 regnum
1245 3814 1342 3854 rex
1364 3795 1574 3865 austri,

556 3875 613 3922 et
644 3871 970 3923 revertetur
1002 3870 1073 3924 ad
1106 3874 1323 3925 terram
1358 3885 1553 3925 suam.

484 3938 615 3993 Filii
644 3943 841 3995 autem
875 3941 1003 4011 ejus
1044 3942 1537 4011 provocabuntur,

554 4015 613 4066 et
638 4013 1083 4083 congregabunt
1108 4012 1549 4067 multitudinem
1565 4011 1927 4068 exercituum
1957 4012 2145 4085 pluri-

634 4098 910 4137 morum:

487 4153 555 4209 Et
584 4153 776 4209 veniet
808 4169 1152 4225 properans,
1202 4159 1260 4209 et
1307 4154 1643 4209 inundans:

556 4230 614 4280 et
649 4231 1001 4298 revertetur,
1033 4230 1092 4282 et
1122 4225 1532 4293 coneitabitur,
1567 4230 1624 4281 et
1645 4225 1982 4298 egredietur
2009 4242 2144 4284 cum

632 4296 843 4352 robore
875 4297 1025 4367 ejus.

486 4368 555 4423 Et
587 4372 935 4438 provocatus
966 4385 1063 4424 rex
1094 4370 1284 4423 austri
1316 4367 1670 4439 egredietur,

559 4445 618 4494 et
652 4440 943 4511 pugnabit
974 4441 1255 4495 adversus
1288 4455 1483 4510 regem
1518 4438 1856 4511 aquilonis;

560 4514 617 4592 et
648 4510 1000 4592 praeparabit
1022 4511 1475 4592 multitudinem
1512 4510 1777 4592 nimiam,

559 4587 615 4635 et
646 4582 884 4653 dabitur
915 4582 1238 4639 multitudo
1271 4584 1329 4637 in
1364 4598 1541 4637 manu
1573 4584 1723 4653 ejus.

485 4655 553 4706 Et
583 4652 775 4725 capiet
803 4654 1280 4725 multitudinum,
1313 4657 1369 4709 et
1391 4652 1747 4709 exaltabitur
1778 4670 1877 4710 cor
1906 4653 2057 4725 ejus.

553 4727 610 4778 et
644 4723 881 4793 dejiciet
912 4726 1120 4793 multa,
1155 4727 1254 4782 sed
1289 4743 1404 4781 non
1440 4725 1803 4797 praevalebit.

486 4794 867 4851 Convertetur
894 4798 1051 4853 enim
1085 4815 1185 4853 rex
1215 4794 1533 4867 aquilonis,

555 4871 614 4922 et
629 4868 981 4951 praeparabit
1004 4870 1444 4926 multitudinem
1458 4868 1644 4924 multo
1660 4868 1939 4939 majorem
1959 4884 2138 4941 quam

631 4956 798 5010 prius
826 4953 842 4995 :

483 5009 555 5065 Et
586 5009 645 5065 in
675 5011 789 5067 fine
820 5015 1155 5083 temporum
1189 5026 1621 5083 annorumque,

554 5083 747 5164 veniet
762 5081 1103 5166 .proparans
1133 5100 1263 5139 cum
1297 5081 1550 5140 exercitu
1572 5098 1805 5155 magno,
1837 5086 1895 5138 et
1924 5081 2137 5154 opibus

631 5170 855 5219 nimus,

487 5223 555 5279 Et
584 5223 642 5279 in
685 5225 1051 5297 temporibus
1081 5224 1202 5282 illis
1246 5224 1413 5281 multi
1447 5230 1808 5298 consurgent
1854 5226 2137 5283 adversus

627 5313 824 5368 regem
858 5298 1042 5352 austri
1070 5314 1083 5352 :

552 5367 659 5423 filii
691 5366 925 5440 quoque
956 5368 1463 5440 praevaricatorum
1505 5366 1706 5440 populi
1736 5369 1819 5425 tui
1852 5368 2136 5427 extollen-

629 5446 747 5509 tur,
782 5447 846 5495 ut
866 5440 1151 5512 impleant
1179 5440 1491 5511 visionem,

558 5513 617 5564 et
648 5517 943 5567 corruent.

481 5580 552 5636 Et
581 5583 775 5656 veniet
826 5581 1275 5656 rexgaquilonis,
1307 5586 1364 5656 et
1393 5582 1788 5653 comportabit
1835 5599 2133 5656 aggerem,

555 5656 611 5708 et
642 5655 832 5710 caniet
863 5654 1039 5710 urbes
1069 5654 1540 5710 munitissimas:

486 5724 552 5775 Et
580 5723 820 5781 brachia
849 5726 1036 5781 austri
1071 5743 1187 5782 non
1212 5725 1613 5792 sustinebunt,

1515 177 1574 229 S.
1619 171 2028 229 HIERONYMI
2065 168 2318 227 DIVINA
2353 165 2850 224 BIBLIOTHECA.

2164 299 2218 366 Α
2319 292 2376 347 et
2406 294 2768 366 consurgent
2797 291 2965 366 electi
2994 290 3124 364 ejus
3155 292 3226 350 ad
3258 292 3652 364 resistendum,

2172 4404 2220 4469 D

3703 174 3817 231 1384

2320 366 2377 417 et
2408 378 2522 417 non
2554 363 2665 418 erit
2695 363 2995 419 fortitudo.

2245 436 2316 491 Et
2346 434 2519 512 faciet
2548 434 2785 512 veniens
2815 452 2993 506 super
3022 450 3156 492 eum
3178 437 3350 512 juxta
3384 436 3640 512 placitum
3668 456 3820 512 suum,

2318 511 2376 561 et
2410 522 2523 582 non
2555 504 2666 582 erit
2691 507 2790 575 qui
2820 504 3407 582 stetcontra'tacieni
3435 510 3580 582 ejus.

2245 578 2317 633 Et
2349 578 2528 632 stabit
2556 576 2616 631 in
2651 582 2805 633 terra
2834 577 3078 648 inclyta,

2317 654 2373 705 et
2403 656 2789 723 consumetur
2822 650 2881 705 in
2917 667 3096 706 manu
3131 652 3281 723 ejus.

2245 720 2315 776 Et
2344 724 2521 793 ponet
2547 720 2753 775 faciem
2777 738 2971 791 suam,
2999 729 3064 778 ut
3091 720 3284 779 veniat
3313 725 3385 780 ad
3408 725 3699 781 tenendum
3721 728 3819 782 uni-

2387 807 2624 864 versum
2656 808 2901 864 regnum
2936 795 3090 864 ejus,

2318 867 2376 917 et
2406 867 2565 918 recta
2596 862 2766 919 faciet
2796 881 2928 920 cum
2960 862 3046 921 eo.

2245 934 2316 989 Et
2366 933 2545 989 filiam
2596 935 2947 1008 feminarum
2976 937 3162 1008 dabit
3209 938 3283 1008 ei,
3328 942 3394 993 ut
3438 938 3816 995 evertatillud:

2318 1010 2374 1061 et
2403 1022 2519 1061 non
2551 1007 2753 1073 stabit,
2786 1024 2893 1063 nec
2924 1007 3088 1065 illius
3118 1008 3247 1064 erit.

2246 1077 2313 1132 Et
2342 1083 2638 1132 convertet
2660 1078 2870 1151 faciem
2906 1096 3074 1136 suam
3108 1081 3178 1136 ad
3214 1078 3469 1151 insulas,

2317 1154 2375 1203 et
2399 1150 2588 1220 capiet
2620 1149 2861 1216 multas,

2245 1220 2312 1275 Et
2342 1235 2573 1276 cessare
2592 1221 2775 1295 faciet
2806 1221 3128 1294 principem
3165 1222 3462 1295 opprobrii
3492 1221 3600 1291 sui,

2318 1297 2375 1347 et
2403 1292 2783 1363 opprobrium
2808 1292 2949 1364 ejus
2979 1292 3351 1350 convertatur
3377 1293 3439 1348 in
3470 1310 3616 1349 eum.

2244 1363 2316 1418 Et
2348 1367 2643 1445 convertet
2672 1363 2881 1445 faciem
2915 1381 3087 1445 suam
3117 1366 3191 1445 ad
3222 1366 3543 1445 imperium
3558 1375 3699 1445 terra
3716 1381 3823 1435 sua,

2316 1439 2373 1490 et
2400 1438 2711 1506 impinget,
2745 1440 2801 1492 et
2832 1441 3085 1505 corruet,
3116 1442 3174 1493 et
3206 1454 3323 1493 non
3354 1438 3683 1493 invenietur.

2242 1510 2317 1564 Et
2344 1505 2528 1589 stabit
2547 1505 2609 1561 in
2630 1506 2756 1563 loco
2781 1508 2911 1580 ejus
2938 1508 3294 1577 vilissimus,
3317 1514 3375 1564 et
3393 1508 3653 1580 indignus
3668 1508 3828 1564 decoro

2388 1593 2588 1649 regio:

2313 1654 2370 1705 et
2399 1647 2694 1721 infpaucis
2726 1648 2935 1706 diebus
2965 1654 3322 1718 conteretur,

2318 1720 2527 1794 nonin
2556 1721 2771 1794 furore,
2806 1737 2909 1776 nec
2941 1722 2999 1777 in
3034 1722 3255 1794 praelia.

2244 1793 2315 1848 Et
2348 1792 2528 1847 stabit
2558 1792 2777 1866 inloco
2809 1794 2938 1866 ejus
2963 1792 3308 1866 despectus,

2315 1870 2371 1918 et
2403 1880 2528 1937 non,
2551 1864 2845 1937 tribuetur
2872 1865 2924 1919 ei
2961 1864 3144 1921 honor
3174 1866 3366 1937 regius
3392 1881 3406 1919 :

2317 1941 2373 1991 et
2391 1934 2594 2060 lveiiiet
2624 1936 2795 2002 clam,
2840 1942 2898 1991 et
2929 1938 3218 1994 obtinebit
3241 1934 3497 2009 regnum
3528 1934 3585 1990 in
3632 1935 3828 1990 frauduo

2415 2023 2483 2060 en
2519 2023 2593 2060 ta.

2415 2008 2593 2071 entia,

2248 2078 2315 2133 Et
2360 2077 2601 2133 brachia
2630 2079 2948 2148 pugnantis
2979 2079 3530 2152 expugnabuntura
3558 2078 3689 2134 facie
3714 2078 3832 2148 eius,

2386 2155 2445 2205 et
2474 2154 2869 2206 conterentur.

2317 2220 2558 2292 insuper
2587 2225 2646 2275 et
2678 2221 2797 2276 dux
2820 2220 3075 2277 foederis.

2246 2297 2313 2347 Et
2344 2291 2475 2364 post
2504 2293 2818 2359 amicitias,
2850 2309 2985 2347 cum
3016 2309 3082 2349 eo
3117 2292 3291 2349 faciet
3318 2291 3526 2349 dolum
3552 2309 3565 2347 :

2317 2362 2373 2420 et
2401 2365 2694 2430 ascendet,
2728 2367 2785 2418 et
2820 2365 3121 2435 superabit
3150 2365 3210 2419 in
3242 2365 3473 2421 modico
3505 2362 3721 2436 populo.

2247 2435 2316 2491 Et
2344 2437 2711 2491 abundantes
2743 2440 2801 2492 et
2830 2436 3038 2508 uberes
3097 2438 3274 2492 urbes
3307 2435 3701 2508 ingredietur;

2319 2513 2377 2563 et
2407 2508 2580 2563 faciet
2612 2524 2736 2578 qua:
2776 2524 2891 2563 non
2926 2507 3187 2564 fecerunt
3217 2507 3417 2580 patres
3448 2509 3598 2579 ejus,
3625 2512 3676 2562 et
3694 2507 3842 2577 patres

2392 2584 2623 2651 patrum
2656 2579 2807 2654 ejus,
3011 2652 3017 2654 _
3072 2648 3111 2654 __
3578 2648 3613 2654 __
3681 2647 3691 2654 _
3762 2644 3805 2654 η

2248 2645 2526 2723 Rapihas,
2558 2656 2615 2705 et
2648 2645 2938 2723 praedam,
2970 2652 3027 2704 et
3056 2648 3289 2723 divitias
3320 2645 3843 2723 eorumﬂd‘issipabit,

2319 2720 2376 2777 et
2405 2728 2607 2777 contra
2634 2720 3010 2794 firmissimas
3042 2721 3431 2794 cogitationes
3462 2720 3665 2778 inibit:

2318 2800 2374 2849 et
2404 2794 2513 2849 hoc
2541 2809 2729 2864 usque
2759 2793 2832 2849 ad
2858 2799 3108 2864 tempus.

2246 2868 2314 2923 Et
2348 2864 2738 2941 concitabitur
2768 2865 3048 2941 fortitudo
3078 2865 3232 2934 ejus,
3485 2935 3498 2941 _
3536 2935 3547 2941 _
3784 2930 3793 2941 ,

2318 2942 2375 2993 et
2418 2953 2518 2992 cor
2554 2936 2684 3007 ejus
2713 2936 3021 2992 adversum
3064 2952 3260 3008 regem
3309 2935 3501 2992 austri
3533 2935 3593 2991 in
3637 2935 3844 2989 exercitu

2392 3024 2626 3063 11182110.

2248 3084 2315 3136 Et
2345 3023 2663 3136 reTaagunsctri
2696 3077 3107 3150 provocabitur
3135 3079 3207 3134 ad
3241 3077 3465 3134 bellum
3494 3075 3689 3134 multis
3718 3072 3845 3131 auxi-

2390 3151 2485 3207 liis
2516 3156 2572 3206 et
2602 3149 2848 3205 fortibus
2877 3149 3052 3204 nimis
3077 3165 3091 3206 :

2317 3228 2376 3280 et
2404 3240 2521 3348 nlon
2554 3223 2814 3287 stabunt,
2846 3221 2986 3292 quia
3017 3221 3250 3277 inibunt
3278 3222 3563 3278 adversus
3587 3234 3711 3275 eum
3737 3231 3844 3272 con-

2383 3312 2431 3348 ει
2459 3312 2534 3348 1a.

2383 3312 2534 3351 81118.

2247 3367 2318 3423 Et
2363 3365 2741 3422 comedentes
2786 3378 3010 3435 panem
3057 3378 3190 3435 cum
3234 3380 3322 3431 eo,
3366 3366 3671 3421 conterent
3706 3359 3852 3421 illum,

2390 3434 2802 3506 exercitusque
2842 3436 2973 3506 ejus
3004 3434 3391 3507 opprimetur,

2320 3515 2378 3566 et
2406 3510 2617 3565 cadent
2647 3507 2952 3563 interiecti
2987 3507 3248 3578 plurimi.
3310 3578 3343 3586 __
3464 3584 3471 3586 _
3610 3576 3622 3586 ι
3668 3575 3688 3586 _
3744 3573 3755 3586 ,

2247 3581 2511 3639 Duorum
2543 3594 2778 3650 quoque
2846 3575 3049 3649 regum
3098 3594 3199 3633 cor
3242 3578 3372 3642 erit,
3413 3584 3491 3650 ut
3514 3575 3849 3650 malefaciant,

2319 3658 2376 3709 et
2405 3653 2475 3708 ad
2530 3646 2795 3706 mensam
2839 3646 3016 3705 unam
3049 3650 3431 3706 mendacium
3483 3649 3791 3721 loquentur,
3810 3646 3851 3699 et

2391 3740 2503 3779 non
2541 3723 2890 3793 proficient:

2321 3797 2459 3867 quia
2488 3791 2682 3849 adhuc
2709 3792 2853 3867 finis
2889 3792 2949 3847 in
2983 3791 3140 3848 aliud
3172 3796 3439 3863 tempus.
3507 3862 3541 3867 η

2250 3857 2673 3922 Ειῖπθνθιιίθῐυι·
2706 3864 2764 3919 in
2798 3869 3016 3920 terram
3058 3880 3231 3919 suam
3259 3857 3391 3919 cum
3423 3862 3635 3936 opibus
3663 3857 3853 3936 multis;

2319 3943 2377 3993 et
2407 3954 2505 3993 cor
2553 3938 2684 4007 ejus
2718 3936 3031 3992 adversum
3065 3931 3492 3992 testamentum
3525 3940 3789 3997 sanctum,
3815 3931 3858 3981 et

2393 4010 2591 4074 faciet,

2322 4085 2379 4136 et
2408 4083 2733 4136 revertetur
2765 4079 2820 4134 in
2856 4084 3069 4134 terram
3100 4094 3295 4134 suam.

2250 4152 2479 4208 Statuto
2512 4156 2777 4221 tempore
2808 4156 3150 4215 revertetur,
3184 4154 3242 4205 et
3269 4147 3468 4205 veniet
3491 4149 3563 4205 ad
3596 4150 3855 4203 austrum:

2319 4229 2375 4279 et
2406 4240 2522 4279 non
2554 4220 2667 4277 erit
2697 4222 2879 4293 priori
2911 4221 3104 4293 simile
3130 4220 3551 4287 novissimum,

2251 4295 2320 4351 Et
2348 4295 2583 4351 venient
2607 4291 2788 4364 super
2816 4310 2952 4349 eum
2983 4292 3214 4349 Trieres
3246 4298 3302 4349 et
3333 4291 3619 4349 Romani:

2322 4372 2378 4422 et
2410 4366 2786 4440 percutietur,
2821 4369 2876 4421 et
2908 4369 3251 4431 revertetur,
3704 4435 3712 4440 _
3812 4425 3839 4440 ,,

2322 4443 2379 4493 et
2410 4435 2835 4508 indignabitur
2864 4442 3067 4493 contra
3097 4440 3527 4493 testamentum
3560 4435 3856 4491 sanctuarii,

2397 4516 2454 4564 et
2484 4509 2678 4565 faciet.

2254 4580 2714 4663 Revertaturque
2744 4583 2803 4635 et
2833 4578 3115 4663 cogitabit
3145 4578 3461 4663 adversum
3495 4592 3619 4663 eos,
3663 4645 3694 4657 η

2322 4653 2422 4723 qui
2454 4650 2897 4723 dereliquerunt
2922 4655 3342 4707 testamentum
3375 4650 3717 4713 sanctuarii,

2250 4727 2319 4779 Et
2350 4723 2592 4779 brachia
2621 4741 2689 4777 ex
2712 4738 2778 4777 eo
2809 4723 3073 4792 stabunt,

2320 4800 2379 4851 et
2410 4795 2671 4867 polluent
2700 4792 3527 4867 sanctuariumfortitudinis,

2320 4872 2378 4922 et
2407 4864 2677 4923 auferent
2700 4866 2851 4938 juge
2877 4864 3235 4938 sacriﬁcium

2318 4944 2376 4994 et
2405 4939 2631 4994 dabunt
2662 4934 3162 4993 abofninationem
3195 4943 3253 4992 et
3279 4934 3725 4995 desolationem,

2247 5012 2316 5065 Et
2344 5009 2512 5082 impii
2544 5010 2602 5064 in
2636 5007 3460 5082 testamentum_simulabunt
3495 5001 3853 5082 fraudulentet‘

2321 5071 2590 5207 pofpultts
2620 5087 2816 5136 autem
2845 5080 3036 5136 sciens
3068 5079 3256 5135 Deum
3287 5094 3490 5148 suum,
3524 5072 3793 5133 obtinebit
3808 5071 3848 5121 et

2412 5170 2535 5207 acte
2567 5195 2581 5207 .

2412 5154 2581 5209 ’aciet.

2244 5224 2315 5280 Et
2347 5225 2499 5306 docti
2530 5225 2586 5306 in
2613 5222 3155 5306 populoﬂocebgnt
3182 5220 3466 5306 ΡῙιπίΠξοβ
3494 5237 3509 5276 ³
3653 5285 3739 5306 .._,

2317 5302 2374 5352 et
2417 5301 2592 5352 ruent
2614 5285 2930 5366 in'gladio,
2963 5299 3021 5351 et
3049 5285 3310 5361 ﬂam'ma,
3350 5298 3406 5349 et
3429 5292 3492 5347 in
3541 5285 3843 5361 captivitate.

2393 5375 2452 5424 et
2480 5369 2538 5423 in
2571 5367 2780 5439 rapina
2808 5366 3063 5439 dierum.

2242 5422 2506 5511 Cumque
2522 5422 2877 5511 corruerint,
2896 5455 2963 5493 su
2975 5436 3372 5511 blevsbuntur
3382 5432 3607 5511 auxilio
3630 5422 3841 5511 parvula“

2386 5503 2445 5567 et
2470 5503 2933 5587 applicabuntur
2961 5510 3048 5587 eis
3076 5507 3315 5587 plu_rimi
3348 5503 3760 5587 fraudulenter.

2245 5581 2312 5639 Et
2341 5582 2412 5638 de
2441 5575 2690 5638 eruditis
2719 5584 2912 5647 ruent,
2949 5584 3017 5636 ut
3047 5575 3392 5645 conﬂantur,
3420 5582 3485 5631 et
3513 5575 3798 5647 eligantur,

2315 5657 2373 5709 et
2401 5645 2971 5733 dealbenturuusque
3003 5652 3076 5708 ad
3108 5656 3347 5733 tempus
3376 5645 3725 5720 preﬁnitum

2315 5726 2456 5796 quia
2485 5726 2678 5782 adhuc
2709 5723 3140 5796 aliudtempus
3170 5723 3299 5778 erit.
