  <div class='ocr_page' id='page_1' title='image "/cluster/home/n/w/nwhite01/storage/ocr_20150623/28/hvd.32044052824265/765.png"; bbox 0 0 4090 6192; ppageno 0'>
   <div class='ocr_carea' id='block_1_1' title="bbox 503 212 641 268">
    <p class='ocr_par' dir='ltr' id='par_1_1' title="bbox 503 212 641 268">
     <span class='ocr_line' id='line_1_1' title="bbox 503 212 641 268; baseline -0.029 0"><span class='ocrx_word' id='word_1_1' title='bbox 503 212 641 268; x_wconf 81' lang='grc'>1387</span> 
     </span>
    </p>
   </div>
   <div class='ocr_carea' id='block_1_2' title="bbox 1545 207 2866 265">
    <p class='ocr_par' dir='ltr' id='par_1_2' title="bbox 1545 207 2866 265">
     <span class='ocr_line' id='line_1_2' title="bbox 1545 207 2866 265; baseline 0.003 -7"><span class='ocrx_word' id='word_1_2' title='bbox 1545 208 1603 259; x_wconf 87' lang='lat' dir='ltr'>S.</span> <span class='ocrx_word' id='word_1_3' title='bbox 1645 207 2045 260; x_wconf 71' lang='lat' dir='ltr'>BIERONYMI</span> <span class='ocrx_word' id='word_1_4' title='bbox 2083 207 2336 261; x_wconf 84' lang='lat' dir='ltr'>DIVINA</span> <span class='ocrx_word' id='word_1_5' title='bbox 2374 209 2866 265; x_wconf 81' lang='lat' dir='ltr'>BIBLIOTHECA.</span> 
     </span>
    </p>
   </div>
   <div class='ocr_carea' id='block_1_3' title="bbox 3713 215 3805 272">
    <p class='ocr_par' dir='ltr' id='par_1_3' title="bbox 3713 215 3805 272">
     <span class='ocr_line' id='line_1_3' title="bbox 3713 215 3805 272; baseline 0.043 -4"><span class='ocrx_word' id='word_1_6' title='bbox 3713 215 3805 272; x_wconf 81' lang='grc'>1388</span> 
     </span>
    </p>
   </div>
   <div class='ocr_carea' id='block_1_4' title="bbox 499 327 3811 412">
    <p class='ocr_par' dir='ltr' id='par_1_4' title="bbox 499 327 3811 412">
     <span class='ocr_line' id='line_1_4' title="bbox 499 327 3811 412; baseline -0.001 -18"><span class='ocrx_word' id='word_1_7' title='bbox 499 339 858 412; x_wconf 74' lang='lat' dir='ltr'>Susannam,</span> <span class='ocrx_word' id='word_1_8' title='bbox 894 332 1072 388; x_wconf 84' lang='lat' dir='ltr'>ﬁliam</span> <span class='ocrx_word' id='word_1_9' title='bbox 1107 330 1338 412; x_wconf 62' lang='lat' dir='ltr'>Helciee,</span> <span class='ocrx_word' id='word_1_10' title='bbox 1373 327 1680 412; x_wconf 71' lang='lat' dir='ltr'>pulchram</span> <span class='ocrx_word' id='word_1_11' title='bbox 1732 330 1929 398; x_wconf 89' lang='lat' dir='ltr'>nimis,</span> <span class='ocrx_word' id='word_1_12' title='bbox 1963 334 2020 384; x_wconf 93' lang='lat' dir='ltr'>et</span> <span class='ocrx_word' id='word_1_13' title='bbox 2062 329 2140 412; x_wconf 45' lang='lat' dir='ltr'>tif</span> <span class='ocrx_word' id='word_1_14' title='bbox 2170 334 2224 400; x_wconf 81' lang='grc' dir='ltr'><strong>Α</strong></span> <span class='ocrx_word' id='word_1_15' title='bbox 2259 331 2434 412; x_wconf 83' lang='lat' dir='ltr'>mino.</span> <span class='ocrx_word' id='word_1_16' title='bbox 2459 334 2527 388; x_wconf 84' lang='lat' dir='ltr'>Et</span> <span class='ocrx_word' id='word_1_17' title='bbox 2549 335 2822 412; x_wconf 80' lang='lat' dir='ltr'>dixerunt</span> <span class='ocrx_word' id='word_1_18' title='bbox 2848 333 3169 412; x_wconf 70' lang='lat' dir='ltr'>presbyteri</span> <span class='ocrx_word' id='word_1_19' title='bbox 3192 349 3204 387; x_wconf 91' lang='lat'>:</span> <span class='ocrx_word' id='word_1_20' title='bbox 3228 332 3374 412; x_wconf 83' lang='lat' dir='ltr'>Dum</span> <span class='ocrx_word' id='word_1_21' title='bbox 3394 331 3811 412; x_wconf 72' lang='lat' dir='ltr'>deambularemus</span> 
     </span>
    </p>
   </div>
   <div class='ocr_carea' id='block_1_5' title="bbox 502 401 2144 475">
    <p class='ocr_par' dir='ltr' id='par_1_5' title="bbox 502 401 2144 475">
     <span class='ocr_line' id='line_1_5' title="bbox 502 401 2144 475; baseline -0.006 -9"><span class='ocrx_word' id='word_1_22' title='bbox 502 414 758 466; x_wconf 92' lang='lat' dir='ltr'>mentem</span> <span class='ocrx_word' id='word_1_23' title='bbox 791 407 972 462; x_wconf 91' lang='lat' dir='ltr'>Deum</span> <span class='ocrx_word' id='word_1_24' title='bbox 1000 421 1012 458; x_wconf 90' lang='lat'>:</span> <span class='ocrx_word' id='word_1_25' title='bbox 1047 409 1317 475; x_wconf 88' lang='lat' dir='ltr'>parentes</span> <span class='ocrx_word' id='word_1_26' title='bbox 1346 402 1502 456; x_wconf 90' lang='lat' dir='ltr'>enim</span> <span class='ocrx_word' id='word_1_27' title='bbox 1536 401 1718 466; x_wconf 86' lang='lat' dir='ltr'>illius,</span> <span class='ocrx_word' id='word_1_28' title='bbox 1751 418 1884 475; x_wconf 82' lang='lat' dir='ltr'>cum</span> <span class='ocrx_word' id='word_1_29' title='bbox 1946 406 2144 456; x_wconf 88' lang='lat' dir='ltr'>essent</span> 
     </span>
    </p>
   </div>
   <div class='ocr_carea' id='block_1_6' title="bbox 494 473 2145 551">
    <p class='ocr_par' dir='ltr' id='par_1_6' title="bbox 494 473 2145 551">
     <span class='ocr_line' id='line_1_6' title="bbox 494 473 2145 551; baseline -0.008 -14"><span class='ocrx_word' id='word_1_30' title='bbox 494 483 663 551; x_wconf 90' lang='lat' dir='ltr'>justi,</span> <span class='ocrx_word' id='word_1_31' title='bbox 704 473 1064 535; x_wconf 68' lang='lat' dir='ltr'>erudierunt</span> <span class='ocrx_word' id='word_1_32' title='bbox 1107 476 1285 551; x_wconf 71' lang='lat' dir='ltr'>filiam</span> <span class='ocrx_word' id='word_1_33' title='bbox 1343 489 1510 551; x_wconf 83' lang='lat' dir='ltr'>suam</span> <span class='ocrx_word' id='word_1_34' title='bbox 1573 473 1896 551; x_wconf 78' lang='lat' dir='ltr'>secundum</span> <span class='ocrx_word' id='word_1_35' title='bbox 1961 475 2145 551; x_wconf 71' lang='lat' dir='ltr'>legem</span> 
     </span>
    </p>
   </div>
   <div class='ocr_carea' id='block_1_7' title="bbox 499 544 2148 625">
    <p class='ocr_par' dir='ltr' id='par_1_7' title="bbox 499 544 2148 625">
     <span class='ocr_line' id='line_1_7' title="bbox 499 544 2148 625; baseline -0.005 -17"><span class='ocrx_word' id='word_1_36' title='bbox 499 544 700 625; x_wconf 67' lang='lat' dir='ltr'>Moysi.</span> <span class='ocrx_word' id='word_1_37' title='bbox 736 551 869 604; x_wconf 88' lang='lat' dir='ltr'>Erat</span> <span class='ocrx_word' id='word_1_38' title='bbox 898 553 1088 625; x_wconf 87' lang='lat' dir='ltr'>autem</span> <span class='ocrx_word' id='word_1_39' title='bbox 1118 546 1342 625; x_wconf 77' lang='lat' dir='ltr'>Joacim</span> <span class='ocrx_word' id='word_1_40' title='bbox 1372 546 1550 625; x_wconf 36' lang='lat' dir='ltr'>.dives</span> <span class='ocrx_word' id='word_1_41' title='bbox 1598 544 1792 625; x_wconf 79' lang='lat' dir='ltr'>valde,</span> <span class='ocrx_word' id='word_1_42' title='bbox 1817 549 1874 598; x_wconf 93' lang='lat' dir='ltr'>et</span> <span class='ocrx_word' id='word_1_43' title='bbox 1923 544 2048 600; x_wconf 85' lang='lat' dir='ltr'>erat</span> <span class='ocrx_word' id='word_1_44' title='bbox 2096 544 2148 600; x_wconf 91' lang='lat' dir='ltr'>ei</span> 
     </span>
    </p>
   </div>
   <div class='ocr_carea' id='block_1_8' title="bbox 540 617 2146 686">
    <p class='ocr_par' dir='ltr' id='par_1_8' title="bbox 540 617 2146 686">
     <span class='ocr_line' id='line_1_8' title="bbox 540 617 2146 686; baseline -0.006 -6"><span class='ocrx_word' id='word_1_45' title='bbox 540 617 805 680; x_wconf 76' lang='lat' dir='ltr'>onarium</span> <span class='ocrx_word' id='word_1_46' title='bbox 831 634 849 667; x_wconf 76' lang='grc' dir='ltr'>ί</span> <span class='ocrx_word' id='word_1_47' title='bbox 899 621 1158 674; x_wconf 92' lang='lat' dir='ltr'>vicinum</span> <span class='ocrx_word' id='word_1_48' title='bbox 1183 617 1384 672; x_wconf 84' lang='lat' dir='ltr'>domui</span> <span class='ocrx_word' id='word_1_49' title='bbox 1417 632 1573 672; x_wconf 66' lang='lat' dir='ltr'>suae:</span> <span class='ocrx_word' id='word_1_50' title='bbox 1609 621 1666 670; x_wconf 81' lang='lat' dir='ltr'>et</span> <span class='ocrx_word' id='word_1_51' title='bbox 1687 619 1755 671; x_wconf 89' lang='lat' dir='ltr'>ad</span> <span class='ocrx_word' id='word_1_52' title='bbox 1781 619 1977 686; x_wconf 90' lang='lat' dir='ltr'>ipsum</span> <span class='ocrx_word' id='word_1_53' title='bbox 2010 632 2146 671; x_wconf 93' lang='lat' dir='ltr'>con-</span> 
     </span>
    </p>
   </div>
   <div class='ocr_carea' id='block_1_9' title="bbox 497 643 2150 760">
    <p class='ocr_par' dir='ltr' id='par_1_9' title="bbox 497 643 2150 760">
     <span class='ocr_line' id='line_1_9' title="bbox 540 643 2146 686; baseline -0.005 -7"><span class='ocrx_word' id='word_1_54' title='bbox 540 643 805 680; x_wconf 84' lang='lat' dir='ltr'>onarium</span> <span class='ocrx_word' id='word_1_55' title='bbox 831 643 849 667; x_wconf 92' lang='grc' dir='ltr'><strong>ι</strong></span> <span class='ocrx_word' id='word_1_56' title='bbox 900 643 1158 674; x_wconf 77' lang='grc' dir='ltr'>νιυιηυω</span> <span class='ocrx_word' id='word_1_57' title='bbox 1183 643 1384 672; x_wconf 76' lang='grc' dir='ltr'>υυιιιυι</span> <span class='ocrx_word' id='word_1_58' title='bbox 1417 643 1537 672; x_wconf 68' lang='lat' dir='ltr'>sua:</span> <span class='ocrx_word' id='word_1_59' title='bbox 1561 656 1573 669; x_wconf 89' lang='lat'>.</span> <span class='ocrx_word' id='word_1_60' title='bbox 1609 643 1666 670; x_wconf 72' lang='lat' dir='ltr'>ct.</span> <span class='ocrx_word' id='word_1_61' title='bbox 1687 643 1755 671; x_wconf 76' lang='lat' dir='ltr'>au</span> <span class='ocrx_word' id='word_1_62' title='bbox 1783 643 1977 686; x_wconf 68' lang='grc' dir='ltr'>ιμδυιιι</span> <span class='ocrx_word' id='word_1_63' title='bbox 2010 643 2146 671; x_wconf 74' lang='lat' dir='ltr'>cuu-</span> 
     </span>
     <span class='ocr_line' id='line_1_10' title="bbox 497 643 2150 760; baseline -0.005 -9"><span class='ocrx_word' id='word_1_64' title='bbox 497 643 762 751; x_wconf 61' lang='lat' dir='ltr'>ﬁuebant</span> <span class='ocrx_word' id='word_1_65' title='bbox 802 692 1015 760; x_wconf 71' lang='lat' dir='ltr'>Judaei,</span> <span class='ocrx_word' id='word_1_66' title='bbox 1046 706 1112 745; x_wconf 88' lang='lat' dir='ltr'>eo</span> <span class='ocrx_word' id='word_1_67' title='bbox 1166 690 1320 760; x_wconf 89' lang='lat' dir='ltr'>quod</span> <span class='ocrx_word' id='word_1_68' title='bbox 1371 695 1528 744; x_wconf 89' lang='lat' dir='ltr'>esset</span> <span class='ocrx_word' id='word_1_69' title='bbox 1577 687 1976 743; x_wconf 87' lang='lat' dir='ltr'>honorabilior</span> <span class='ocrx_word' id='word_1_70' title='bbox 2019 705 2150 743; x_wconf 85' lang='lat' dir='ltr'>om-</span> 
     </span>
    </p>
   </div>
   <div class='ocr_carea' id='block_1_10' title="bbox 497 760 2148 829">
    <p class='ocr_par' dir='ltr' id='par_1_10' title="bbox 497 760 2148 829">
     <span class='ocr_line' id='line_1_11' title="bbox 497 760 2148 829; baseline -0.005 -7"><span class='ocrx_word' id='word_1_71' title='bbox 497 769 685 822; x_wconf 91' lang='lat' dir='ltr'>nium.</span> <span class='ocrx_word' id='word_1_72' title='bbox 711 769 782 820; x_wconf 88' lang='lat' dir='ltr'>Et</span> <span class='ocrx_word' id='word_1_73' title='bbox 811 763 1121 818; x_wconf 77' lang='lat' dir='ltr'>constituti</span> <span class='ocrx_word' id='word_1_74' title='bbox 1150 766 1292 816; x_wconf 88' lang='lat' dir='ltr'>sunt</span> <span class='ocrx_word' id='word_1_75' title='bbox 1323 761 1436 815; x_wconf 90' lang='lat' dir='ltr'>duo</span> <span class='ocrx_word' id='word_1_76' title='bbox 1460 760 1878 829; x_wconf 87' lang='lat' dir='ltr'>senesjudices</span> <span class='ocrx_word' id='word_1_77' title='bbox 1912 760 1969 814; x_wconf 93' lang='lat' dir='ltr'>in</span> <span class='ocrx_word' id='word_1_78' title='bbox 1994 776 2148 814; x_wconf 89' lang='lat' dir='ltr'>anno</span> 
     </span>
    </p>
   </div>
   <div class='ocr_carea' id='block_1_11' title="bbox 498 831 2150 906">
    <p class='ocr_par' dir='ltr' id='par_1_11' title="bbox 498 831 2150 906">
     <span class='ocr_line' id='line_1_12' title="bbox 498 831 2150 906; baseline -0.004 -14"><span class='ocrx_word' id='word_1_79' title='bbox 498 837 600 894; x_wconf 93' lang='lat' dir='ltr'>illo</span> <span class='ocrx_word' id='word_1_80' title='bbox 629 853 641 891; x_wconf 91' lang='lat'>:</span> <span class='ocrx_word' id='word_1_81' title='bbox 667 837 737 891; x_wconf 94' lang='lat' dir='ltr'>de</span> <span class='ocrx_word' id='word_1_82' title='bbox 768 835 984 906; x_wconf 79' lang='lat' dir='ltr'>quibus</span> <span class='ocrx_word' id='word_1_83' title='bbox 1015 833 1244 906; x_wconf 86' lang='lat' dir='ltr'>locutus</span> <span class='ocrx_word' id='word_1_84' title='bbox 1273 839 1363 886; x_wconf 90' lang='lat' dir='ltr'>est</span> <span class='ocrx_word' id='word_1_85' title='bbox 1393 833 1711 906; x_wconf 80' lang='lat' dir='ltr'>Dominus:</span> <span class='ocrx_word' id='word_1_86' title='bbox 1738 831 1883 906; x_wconf 87' lang='lat' dir='ltr'>Quia</span> <span class='ocrx_word' id='word_1_87' title='bbox 1913 846 2150 906; x_wconf 79' lang='lat' dir='ltr'>egressa</span> 
     </span>
    </p>
   </div>
   <div class='ocr_carea' id='block_1_12' title="bbox 499 903 2147 978">
    <p class='ocr_par' dir='ltr' id='par_1_12' title="bbox 499 903 2147 978">
     <span class='ocr_line' id='line_1_13' title="bbox 499 903 2147 978; baseline -0.005 -13"><span class='ocrx_word' id='word_1_88' title='bbox 499 918 590 965; x_wconf 84' lang='lat' dir='ltr'>est</span> <span class='ocrx_word' id='word_1_89' title='bbox 623 903 909 978; x_wconf 77' lang='lat' dir='ltr'>iniquitas</span> <span class='ocrx_word' id='word_1_90' title='bbox 940 908 1010 960; x_wconf 90' lang='lat' dir='ltr'>de</span> <span class='ocrx_word' id='word_1_91' title='bbox 1043 905 1331 976; x_wconf 79' lang='lat' dir='ltr'>Babylone</span> <span class='ocrx_word' id='word_1_92' title='bbox 1363 921 1413 978; x_wconf 85' lang='lat' dir='ltr'>a_</span> <span class='ocrx_word' id='word_1_93' title='bbox 1446 903 1779 978; x_wconf 78' lang='lat' dir='ltr'>senioribus</span> <span class='ocrx_word' id='word_1_94' title='bbox 1821 903 2147 978; x_wconf 79' lang='lat' dir='ltr'>judicibus,</span> 
     </span>
    </p>
   </div>
   <div class='ocr_carea' id='block_1_13' title="bbox 547 973 2152 1046">
    <p class='ocr_par' dir='ltr' id='par_1_13' title="bbox 547 973 2152 1046">
     <span class='ocr_line' id='line_1_14' title="bbox 547 973 2152 1046; baseline -0.005 -10"><span class='ocrx_word' id='word_1_95' title='bbox 547 982 604 1036; x_wconf 90' lang='lat' dir='ltr'>ui</span> <span class='ocrx_word' id='word_1_96' title='bbox 637 973 985 1035; x_wconf 73' lang='lat' dir='ltr'>videbantur</span> <span class='ocrx_word' id='word_1_97' title='bbox 1016 973 1213 1046; x_wconf 76' lang='lat' dir='ltr'>regere</span> <span class='ocrx_word' id='word_1_98' title='bbox 1243 973 1546 1046; x_wconf 85' lang='lat' dir='ltr'>populum.</span> <span class='ocrx_word' id='word_1_99' title='bbox 1572 974 1672 1028; x_wconf 82' lang='lat' dir='ltr'>Isti</span> <span class='ocrx_word' id='word_1_100' title='bbox 1700 974 2152 1044; x_wconf 85' lang='lat' dir='ltr'>frequentabant</span> 
     </span>
    </p>
   </div>
   <div class='ocr_carea' id='block_1_14' title="bbox 503 999 2149 1113">
    <p class='ocr_par' dir='ltr' id='par_1_14' title="bbox 503 999 2149 1113">
     <span class='ocr_line' id='line_1_15' title="bbox 547 999 2149 1046; baseline -0.005 -10"><span class='ocrx_word' id='word_1_101' title='bbox 547 999 604 1036; x_wconf 86' lang='lat' dir='ltr'>u1</span> <span class='ocrx_word' id='word_1_102' title='bbox 637 999 985 1035; x_wconf 73' lang='lat' dir='ltr'>VIOBDuULur</span> <span class='ocrx_word' id='word_1_103' title='bbox 1017 999 1213 1046; x_wconf 62' lang='lat' dir='ltr'>regere</span> <span class='ocrx_word' id='word_1_104' title='bbox 1243 999 1546 1046; x_wconf 72' lang='lat' dir='ltr'>pupmuun.</span> <span class='ocrx_word' id='word_1_105' title='bbox 1573 999 1672 1028; x_wconf 72' lang='grc' dir='ltr'>ιδιι</span> <span class='ocrx_word' id='word_1_106' title='bbox 1701 999 2149 1044; x_wconf 72' lang='lat' dir='ltr'>irequuutuuaiu</span> 
     </span>
     <span class='ocr_line' id='line_1_16' title="bbox 503 999 2149 1113; baseline -0.005 -5"><span class='ocrx_word' id='word_1_107' title='bbox 503 999 746 1108; x_wconf 60' lang='lat' dir='ltr'>gomum</span> <span class='ocrx_word' id='word_1_108' title='bbox 779 1049 1026 1111; x_wconf 88' lang='lat' dir='ltr'>Joacim,</span> <span class='ocrx_word' id='word_1_109' title='bbox 1057 1057 1112 1100; x_wconf 91' lang='lat' dir='ltr'>et</span> <span class='ocrx_word' id='word_1_110' title='bbox 1170 1048 1482 1102; x_wconf 82' lang='lat' dir='ltr'>veniebant</span> <span class='ocrx_word' id='word_1_111' title='bbox 1534 1046 1606 1100; x_wconf 90' lang='lat' dir='ltr'>ad</span> <span class='ocrx_word' id='word_1_112' title='bbox 1653 1062 1748 1099; x_wconf 86' lang='lat' dir='ltr'>eos</span> <span class='ocrx_word' id='word_1_113' title='bbox 1796 1061 1999 1100; x_wconf 86' lang='lat' dir='ltr'>omnes</span> <span class='ocrx_word' id='word_1_114' title='bbox 2049 1047 2149 1113; x_wconf 92' lang='lat' dir='ltr'>qui</span> 
     </span>
    </p>
   </div>
   <div class='ocr_carea' id='block_1_15' title="bbox 503 1116 2152 1191">
    <p class='ocr_par' dir='ltr' id='par_1_15' title="bbox 503 1116 2152 1191">
     <span class='ocr_line' id='line_1_17' title="bbox 503 1116 2152 1191; baseline -0.005 -12"><span class='ocrx_word' id='word_1_115' title='bbox 503 1120 1200 1191; x_wconf 80' lang='lat' dir='ltr'>habebaiitjudicia.Cum</span> <span class='ocrx_word' id='word_1_116' title='bbox 1220 1126 1413 1172; x_wconf 90' lang='lat' dir='ltr'>autem</span> <span class='ocrx_word' id='word_1_117' title='bbox 1437 1116 1684 1188; x_wconf 89' lang='lat' dir='ltr'>populus</span> <span class='ocrx_word' id='word_1_118' title='bbox 1705 1116 2037 1191; x_wconf 81' lang='lat' dir='ltr'>revertisset</span> <span class='ocrx_word' id='word_1_119' title='bbox 2052 1134 2152 1186; x_wconf 88' lang='lat' dir='ltr'>per</span> 
     </span>
    </p>
   </div>
   <div class='ocr_carea' id='block_1_16' title="bbox 503 1188 2153 1262">
    <p class='ocr_par' dir='ltr' id='par_1_16' title="bbox 503 1188 2153 1262">
     <span class='ocr_line' id='line_1_18' title="bbox 503 1188 2153 1262; baseline -0.005 -11"><span class='ocrx_word' id='word_1_120' title='bbox 503 1188 832 1259; x_wconf 65' lang='lat' dir='ltr'>meridiem,</span> <span class='ocrx_word' id='word_1_121' title='bbox 866 1191 1303 1262; x_wconf 87' lang='lat' dir='ltr'>ingrediebatur</span> <span class='ocrx_word' id='word_1_122' title='bbox 1329 1194 1618 1257; x_wconf 84' lang='lat' dir='ltr'>Susanna,</span> <span class='ocrx_word' id='word_1_123' title='bbox 1647 1193 1703 1242; x_wconf 91' lang='lat' dir='ltr'>et</span> <span class='ocrx_word' id='word_1_124' title='bbox 1738 1188 2153 1262; x_wconf 71' lang='lat' dir='ltr'>deambulabat</span> 
     </span>
    </p>
   </div>
   <div class='ocr_carea' id='block_1_17' title="bbox 503 1261 2151 1337">
    <p class='ocr_par' dir='ltr' id='par_1_17' title="bbox 503 1261 2151 1337">
     <span class='ocr_line' id='line_1_19' title="bbox 503 1261 2151 1337; baseline -0.006 -15"><span class='ocrx_word' id='word_1_125' title='bbox 503 1267 564 1322; x_wconf 91' lang='lat' dir='ltr'>in</span> <span class='ocrx_word' id='word_1_126' title='bbox 599 1265 859 1337; x_wconf 82' lang='lat' dir='ltr'>pomario</span> <span class='ocrx_word' id='word_1_127' title='bbox 892 1261 996 1317; x_wconf 74' lang='lat' dir='ltr'>viri</span> <span class='ocrx_word' id='word_1_128' title='bbox 1029 1262 1142 1316; x_wconf 91' lang='lat' dir='ltr'>sui.</span> <span class='ocrx_word' id='word_1_129' title='bbox 1178 1263 1245 1337; x_wconf 57' lang='lat' dir='ltr'>bit</span> <span class='ocrx_word' id='word_1_130' title='bbox 1278 1262 1556 1337; x_wconf 81' lang='lat' dir='ltr'>videbant</span> <span class='ocrx_word' id='word_1_131' title='bbox 1589 1276 1719 1314; x_wconf 89' lang='lat' dir='ltr'>eam</span> <span class='ocrx_word' id='word_1_132' title='bbox 1752 1276 1920 1337; x_wconf 86' lang='lat' dir='ltr'>senes</span> <span class='ocrx_word' id='word_1_133' title='bbox 1952 1261 2151 1330; x_wconf 92' lang='lat' dir='ltr'>quoti-</span> 
     </span>
    </p>
   </div>
   <div class='ocr_carea' id='block_1_18' title="bbox 505 1333 2152 1405">
    <p class='ocr_par' dir='ltr' id='par_1_18' title="bbox 505 1333 2152 1405">
     <span class='ocr_line' id='line_1_20' title="bbox 505 1333 2152 1405; baseline -0.004 -12"><span class='ocrx_word' id='word_1_134' title='bbox 505 1333 613 1394; x_wconf 48' lang='lat' dir='ltr'>die&#39;</span> <span class='ocrx_word' id='word_1_135' title='bbox 632 1336 1077 1405; x_wconf 73' lang='lat' dir='ltr'>ingredientem,</span> <span class='ocrx_word' id='word_1_136' title='bbox 1101 1340 1159 1388; x_wconf 89' lang='lat' dir='ltr'>et</span> <span class='ocrx_word' id='word_1_137' title='bbox 1184 1333 1660 1386; x_wconf 81' lang='lat' dir='ltr'>deambulantem</span> <span class='ocrx_word' id='word_1_138' title='bbox 1687 1347 1699 1384; x_wconf 91' lang='lat'>:</span> <span class='ocrx_word' id='word_1_139' title='bbox 1725 1336 1781 1385; x_wconf 88' lang='lat' dir='ltr'>et</span> <span class='ocrx_word' id='word_1_140' title='bbox 1807 1337 2152 1386; x_wconf 85' lang='lat' dir='ltr'>exarserunt</span> 
     </span>
    </p>
   </div>
   <div class='ocr_carea' id='block_1_19' title="bbox 507 1407 2148 1478">
    <p class='ocr_par' dir='ltr' id='par_1_19' title="bbox 507 1407 2148 1478">
     <span class='ocr_line' id='line_1_21' title="bbox 507 1407 2148 1478; baseline -0.004 -15"><span class='ocrx_word' id='word_1_141' title='bbox 507 1410 564 1463; x_wconf 92' lang='lat' dir='ltr'>in</span> <span class='ocrx_word' id='word_1_142' title='bbox 617 1407 1153 1478; x_wconf 79' lang='lat' dir='ltr'>concupiscentiam</span> <span class='ocrx_word' id='word_1_143' title='bbox 1203 1407 1372 1473; x_wconf 87' lang='lat' dir='ltr'>ejus:</span> <span class='ocrx_word' id='word_1_144' title='bbox 1407 1407 1478 1478; x_wconf 85' lang='lat' dir='ltr'>_et</span> <span class='ocrx_word' id='word_1_145' title='bbox 1525 1409 1860 1457; x_wconf 89' lang='lat' dir='ltr'>everterunt</span> <span class='ocrx_word' id='word_1_146' title='bbox 1907 1418 2148 1478; x_wconf 82' lang='lat' dir='ltr'>sensum</span> 
     </span>
    </p>
   </div>
   <div class='ocr_carea' id='block_1_20' title="bbox 507 1473 2150 1545">
    <p class='ocr_par' dir='ltr' id='par_1_20' title="bbox 507 1473 2150 1545">
     <span class='ocr_line' id='line_1_22' title="bbox 507 1473 2150 1545; baseline -0.005 -9"><span class='ocrx_word' id='word_1_147' title='bbox 507 1497 705 1545; x_wconf 91' lang='lat' dir='ltr'>suum,</span> <span class='ocrx_word' id='word_1_148' title='bbox 738 1473 1264 1534; x_wconf 53' lang='lat' dir='ltr'>et&#39;declinaverunt</span> <span class='ocrx_word' id='word_1_149' title='bbox 1294 1473 1496 1529; x_wconf 89' lang='lat' dir='ltr'>oculos</span> <span class='ocrx_word' id='word_1_150' title='bbox 1526 1490 1687 1537; x_wconf 87' lang='lat' dir='ltr'>suos,</span> <span class='ocrx_word' id='word_1_151' title='bbox 1722 1478 1786 1527; x_wconf 91' lang='lat' dir='ltr'>ut</span> <span class='ocrx_word' id='word_1_152' title='bbox 1819 1489 1929 1527; x_wconf 90' lang='lat' dir='ltr'>non</span> <span class='ocrx_word' id='word_1_153' title='bbox 1986 1473 2150 1528; x_wconf 84' lang='lat' dir='ltr'>vide-</span> 
     </span>
    </p>
   </div>
   <div class='ocr_carea' id='block_1_21' title="bbox 508 1545 2152 1619">
    <p class='ocr_par' dir='ltr' id='par_1_21' title="bbox 508 1545 2152 1619">
     <span class='ocr_line' id='line_1_23' title="bbox 508 1545 2152 1619; baseline -0.004 -12"><span class='ocrx_word' id='word_1_154' title='bbox 508 1559 638 1608; x_wconf 89' lang='lat' dir='ltr'>rent</span> <span class='ocrx_word' id='word_1_155' title='bbox 659 1550 892 1616; x_wconf 84' lang='lat' dir='ltr'>ccelum,</span> <span class='ocrx_word' id='word_1_156' title='bbox 915 1564 1104 1619; x_wconf 90' lang='lat' dir='ltr'>neque</span> <span class='ocrx_word' id='word_1_157' title='bbox 1125 1545 1945 1619; x_wconf 81' lang='lat' dir='ltr'>recordarenturjudtciorum</span> <span class='ocrx_word' id='word_1_158' title='bbox 1962 1545 2152 1613; x_wconf 89' lang='lat' dir='ltr'>justo-</span> 
     </span>
    </p>
   </div>
   <div class='ocr_carea' id='block_1_22' title="bbox 514 1616 2147 1685">
    <p class='ocr_par' dir='ltr' id='par_1_22' title="bbox 514 1616 2147 1685">
     <span class='ocr_line' id='line_1_24' title="bbox 514 1616 2147 1685; baseline -0.004 -7"><span class='ocrx_word' id='word_1_159' title='bbox 514 1640 668 1678; x_wconf 89' lang='lat' dir='ltr'>rum.</span> <span class='ocrx_word' id='word_1_160' title='bbox 702 1623 882 1676; x_wconf 88' lang='lat' dir='ltr'>Erant</span> <span class='ocrx_word' id='word_1_161' title='bbox 911 1616 1067 1675; x_wconf 78' lang='lat' dir='ltr'>enim</span> <span class='ocrx_word' id='word_1_162' title='bbox 1101 1619 1274 1673; x_wconf 87' lang='lat' dir='ltr'>ambo</span> <span class='ocrx_word' id='word_1_163' title='bbox 1323 1616 1608 1671; x_wconf 80' lang='lat' dir='ltr'>vulnerati</span> <span class='ocrx_word' id='word_1_164' title='bbox 1640 1632 1837 1671; x_wconf 88' lang='lat' dir='ltr'>amore</span> <span class='ocrx_word' id='word_1_165' title='bbox 1857 1617 2007 1685; x_wconf 91' lang='lat' dir='ltr'>ejus,</span> <span class='ocrx_word' id='word_1_166' title='bbox 2042 1633 2147 1672; x_wconf 91' lang='lat' dir='ltr'>nec</span> 
     </span>
    </p>
   </div>
   <div class='ocr_carea' id='block_1_23' title="bbox 508 1689 2228 1778">
    <p class='ocr_par' dir='ltr' id='par_1_23' title="bbox 508 1689 2228 1778">
     <span class='ocr_line' id='line_1_25' title="bbox 508 1689 2228 1778; baseline -0.005 -28"><span class='ocrx_word' id='word_1_167' title='bbox 508 1695 917 1773; x_wconf 83' lang='lat' dir='ltr'>indicaverunt</span> <span class='ocrx_word' id='word_1_168' title='bbox 947 1689 1356 1778; x_wconf 41' lang='lat' dir='ltr'>sibivicissit‘n</span> <span class='ocrx_word' id='word_1_169' title='bbox 1385 1689 1643 1768; x_wconf 77' lang='lat' dir='ltr'>dolorem</span> <span class='ocrx_word' id='word_1_170' title='bbox 1694 1703 1908 1778; x_wconf 77' lang='lat' dir='ltr'>suum:</span> <span class='ocrx_word' id='word_1_171' title='bbox 1941 1689 2149 1742; x_wconf 88' lang='lat' dir='ltr'>erube-</span> <span class='ocrx_word' id='word_1_172' title='bbox 2182 1713 2228 1778; x_wconf 86' lang='lat' dir='ltr'><strong>B</strong></span> 
     </span>
    </p>
   </div>
   <div class='ocr_carea' id='block_1_24' title="bbox 507 1758 2150 1829">
    <p class='ocr_par' dir='ltr' id='par_1_24' title="bbox 507 1758 2150 1829">
     <span class='ocr_line' id='line_1_26' title="bbox 507 1758 2150 1829; baseline -0.005 -7"><span class='ocrx_word' id='word_1_173' title='bbox 507 1769 748 1822; x_wconf 88' lang='lat' dir='ltr'>scebant</span> <span class='ocrx_word' id='word_1_174' title='bbox 775 1763 932 1819; x_wconf 92' lang='lat' dir='ltr'>enim</span> <span class='ocrx_word' id='word_1_175' title='bbox 963 1761 1222 1816; x_wconf 91' lang='lat' dir='ltr'>indicare</span> <span class='ocrx_word' id='word_1_176' title='bbox 1249 1760 1359 1815; x_wconf 85' lang='lat' dir='ltr'>sibi</span> <span class='ocrx_word' id='word_1_177' title='bbox 1394 1758 1928 1829; x_wconf 78' lang='lat' dir='ltr'>concupiscentiam</span> <span class='ocrx_word' id='word_1_178' title='bbox 1960 1776 2150 1828; x_wconf 88' lang='lat' dir='ltr'>suam,</span> 
     </span>
    </p>
   </div>
   <div class='ocr_carea' id='block_1_25' title="bbox 506 1831 2151 1900">
    <p class='ocr_par' dir='ltr' id='par_1_25' title="bbox 506 1831 2151 1900">
     <span class='ocr_line' id='line_1_27' title="bbox 506 1831 2151 1900; baseline -0.003 -10"><span class='ocrx_word' id='word_1_179' title='bbox 506 1839 770 1893; x_wconf 90' lang='lat' dir='ltr'>volentes</span> <span class='ocrx_word' id='word_1_180' title='bbox 802 1835 1191 1890; x_wconf 79' lang='lat' dir='ltr'>concumbere</span> <span class='ocrx_word' id='word_1_181' title='bbox 1217 1848 1348 1887; x_wconf 92' lang='lat' dir='ltr'>cum</span> <span class='ocrx_word' id='word_1_182' title='bbox 1379 1848 1467 1895; x_wconf 90' lang='lat' dir='ltr'>ea,</span> <span class='ocrx_word' id='word_1_183' title='bbox 1501 1835 1558 1885; x_wconf 89' lang='lat' dir='ltr'>et</span> <span class='ocrx_word' id='word_1_184' title='bbox 1583 1831 1973 1885; x_wconf 77' lang='lat' dir='ltr'>observabant</span> <span class='ocrx_word' id='word_1_185' title='bbox 2003 1847 2151 1900; x_wconf 82' lang='lat' dir='ltr'>quo-</span> 
     </span>
    </p>
   </div>
   <div class='ocr_carea' id='block_1_26' title="bbox 506 1901 2152 1972">
    <p class='ocr_par' dir='ltr' id='par_1_26' title="bbox 506 1901 2152 1972">
     <span class='ocr_line' id='line_1_28' title="bbox 506 1901 2152 1972; baseline -0.004 -9"><span class='ocrx_word' id='word_1_186' title='bbox 506 1910 648 1965; x_wconf 90' lang='lat' dir='ltr'>tidie</span> <span class='ocrx_word' id='word_1_187' title='bbox 677 1907 990 1963; x_wconf 84' lang='lat' dir='ltr'>sollicitius</span> <span class='ocrx_word' id='word_1_188' title='bbox 1022 1905 1215 1959; x_wconf 89' lang='lat' dir='ltr'>videre</span> <span class='ocrx_word' id='word_1_189' title='bbox 1246 1919 1396 1957; x_wconf 90' lang='lat' dir='ltr'>eam.</span> <span class='ocrx_word' id='word_1_190' title='bbox 1429 1901 1700 1972; x_wconf 84' lang='lat' dir='ltr'>Dixttque</span> <span class='ocrx_word' id='word_1_191' title='bbox 1731 1902 1877 1956; x_wconf 87' lang='lat' dir='ltr'>alter</span> <span class='ocrx_word' id='word_1_192' title='bbox 1907 1902 1979 1956; x_wconf 89' lang='lat' dir='ltr'>ad</span> <span class='ocrx_word' id='word_1_193' title='bbox 2013 1904 2152 1956; x_wconf 89' lang='lat' dir='ltr'>alte-</span> 
     </span>
    </p>
   </div>
   <div class='ocr_carea' id='block_1_27' title="bbox 508 1973 2150 2045">
    <p class='ocr_par' dir='ltr' id='par_1_27' title="bbox 508 1973 2150 2045">
     <span class='ocr_line' id='line_1_29' title="bbox 508 1973 2150 2045; baseline -0.005 -10"><span class='ocrx_word' id='word_1_194' title='bbox 508 1998 658 2036; x_wconf 87' lang='lat' dir='ltr'>rum:</span> <span class='ocrx_word' id='word_1_195' title='bbox 688 1981 898 2034; x_wconf 79' lang='lat' dir='ltr'>Eamus</span> <span class='ocrx_word' id='word_1_196' title='bbox 924 1979 1184 2041; x_wconf 91' lang='lat' dir='ltr'>domum,</span> <span class='ocrx_word' id='word_1_197' title='bbox 1211 1975 1351 2045; x_wconf 83' lang='lat' dir='ltr'>quia</span> <span class='ocrx_word' id='word_1_198' title='bbox 1375 1973 1598 2044; x_wconf 81' lang='lat' dir='ltr'>prandii</span> <span class='ocrx_word' id='word_1_199' title='bbox 1626 1974 1765 2027; x_wconf 90' lang='lat' dir='ltr'>hora</span> <span class='ocrx_word' id='word_1_200' title='bbox 1787 1979 1895 2028; x_wconf 90' lang='lat' dir='ltr'>est.</span> <span class='ocrx_word' id='word_1_201' title='bbox 1919 1973 2150 2044; x_wconf 84' lang='lat' dir='ltr'>Egressi</span> 
     </span>
    </p>
   </div>
   <div class='ocr_carea' id='block_1_28' title="bbox 507 2045 2155 2116">
    <p class='ocr_par' dir='ltr' id='par_1_28' title="bbox 507 2045 2155 2116">
     <span class='ocr_line' id='line_1_30' title="bbox 507 2045 2155 2116; baseline -0.006 -8"><span class='ocrx_word' id='word_1_202' title='bbox 507 2056 875 2108; x_wconf 82' lang='lat' dir='ltr'>recesserunt</span> <span class='ocrx_word' id='word_1_203' title='bbox 935 2066 968 2103; x_wconf 88' lang='lat' dir='ltr'>a</span> <span class='ocrx_word' id='word_1_204' title='bbox 1019 2064 1100 2103; x_wconf 89' lang='lat' dir='ltr'>se.</span> <span class='ocrx_word' id='word_1_205' title='bbox 1134 2047 1397 2116; x_wconf 87' lang='lat' dir='ltr'>Cumque</span> <span class='ocrx_word' id='word_1_206' title='bbox 1444 2045 1840 2106; x_wconf 86' lang='lat' dir='ltr'>revertissent,</span> <span class='ocrx_word' id='word_1_207' title='bbox 1873 2050 2155 2099; x_wconf 88' lang='lat' dir='ltr'>venerunt</span> 
     </span>
    </p>
   </div>
   <div class='ocr_carea' id='block_1_29' title="bbox 507 2117 2152 2181">
    <p class='ocr_par' dir='ltr' id='par_1_29' title="bbox 507 2117 2152 2181">
     <span class='ocr_line' id='line_1_31' title="bbox 507 2117 2152 2181; baseline -0.005 -3"><span class='ocrx_word' id='word_1_208' title='bbox 507 2124 568 2178; x_wconf 90' lang='lat' dir='ltr'>in</span> <span class='ocrx_word' id='word_1_209' title='bbox 605 2140 786 2178; x_wconf 91' lang='lat' dir='ltr'>unum</span> <span class='ocrx_word' id='word_1_210' title='bbox 814 2138 826 2175; x_wconf 93' lang='lat'>:</span> <span class='ocrx_word' id='word_1_211' title='bbox 851 2127 908 2175; x_wconf 91' lang='lat' dir='ltr'>et</span> <span class='ocrx_word' id='word_1_212' title='bbox 937 2119 1304 2174; x_wconf 78' lang='lat' dir='ltr'>sciscitantes</span> <span class='ocrx_word' id='word_1_213' title='bbox 1336 2118 1407 2170; x_wconf 90' lang='lat' dir='ltr'>ab</span> <span class='ocrx_word' id='word_1_214' title='bbox 1440 2117 1684 2170; x_wconf 88' lang='lat' dir='ltr'>invicem</span> <span class='ocrx_word' id='word_1_215' title='bbox 1723 2132 1983 2181; x_wconf 88' lang='lat' dir='ltr'>causam,</span> <span class='ocrx_word' id='word_1_216' title='bbox 2017 2132 2152 2170; x_wconf 88' lang='lat' dir='ltr'>con-</span> 
     </span>
    </p>
   </div>
   <div class='ocr_carea' id='block_1_30' title="bbox 508 2188 2152 2261">
    <p class='ocr_par' dir='ltr' id='par_1_30' title="bbox 508 2188 2152 2261">
     <span class='ocr_line' id='line_1_32' title="bbox 508 2188 2152 2261; baseline -0.005 -12"><span class='ocrx_word' id='word_1_217' title='bbox 508 2196 648 2249; x_wconf 76' lang='lat' dir='ltr'>fessi</span> <span class='ocrx_word' id='word_1_218' title='bbox 679 2199 820 2249; x_wconf 87' lang='lat' dir='ltr'>sunt</span> <span class='ocrx_word' id='word_1_219' title='bbox 850 2188 1386 2261; x_wconf 90' lang='lat' dir='ltr'>concupiscentiam</span> <span class='ocrx_word' id='word_1_220' title='bbox 1421 2204 1587 2261; x_wconf 83' lang='lat' dir='ltr'>suam</span> <span class='ocrx_word' id='word_1_221' title='bbox 1616 2192 1705 2254; x_wconf 86' lang='lat' dir='ltr'>;et</span> <span class='ocrx_word' id='word_1_222' title='bbox 1734 2199 1874 2240; x_wconf 88' lang='lat' dir='ltr'>tunc</span> <span class='ocrx_word' id='word_1_223' title='bbox 1907 2189 1962 2240; x_wconf 93' lang='lat' dir='ltr'>in</span> <span class='ocrx_word' id='word_1_224' title='bbox 1991 2203 2152 2261; x_wconf 84' lang='lat' dir='ltr'>com-</span> 
     </span>
    </p>
   </div>
   <div class='ocr_carea' id='block_1_31' title="bbox 509 2258 2154 2329">
    <p class='ocr_par' dir='ltr' id='par_1_31' title="bbox 509 2258 2154 2329">
     <span class='ocr_line' id='line_1_33' title="bbox 509 2258 2154 2329; baseline -0.005 -10"><span class='ocrx_word' id='word_1_225' title='bbox 509 2266 676 2320; x_wconf 84' lang='lat' dir='ltr'>muni</span> <span class='ocrx_word' id='word_1_226' title='bbox 707 2258 1325 2329; x_wconf 48' lang='lat' dir='ltr'>statucrunt&#39;tempus,</span> <span class='ocrx_word' id='word_1_227' title='bbox 1360 2258 1596 2328; x_wconf 82' lang='lat' dir='ltr'>quando</span> <span class='ocrx_word' id='word_1_228' title='bbox 1637 2274 1765 2312; x_wconf 88' lang='lat' dir='ltr'>eam</span> <span class='ocrx_word' id='word_1_229' title='bbox 1799 2263 2038 2326; x_wconf 83' lang='lat' dir='ltr'>possent</span> <span class='ocrx_word' id='word_1_230' title='bbox 2071 2259 2154 2311; x_wconf 92' lang='lat' dir='ltr'>in-</span> 
     </span>
    </p>
   </div>
   <div class='ocr_carea' id='block_1_32' title="bbox 507 2332 2154 2396">
    <p class='ocr_par' dir='ltr' id='par_1_32' title="bbox 507 2332 2154 2396">
     <span class='ocr_line' id='line_1_34' title="bbox 507 2332 2154 2396; baseline -0.005 -6"><span class='ocrx_word' id='word_1_231' title='bbox 507 2338 702 2392; x_wconf 89' lang='lat' dir='ltr'>venire</span> <span class='ocrx_word' id='word_1_232' title='bbox 733 2334 942 2390; x_wconf 87' lang='lat' dir='ltr'>solam.</span> <span class='ocrx_word' id='word_1_233' title='bbox 977 2333 1217 2387; x_wconf 85' lang='lat' dir='ltr'>Factum</span> <span class='ocrx_word' id='word_1_234' title='bbox 1253 2336 1342 2384; x_wconf 87' lang='lat' dir='ltr'>est</span> <span class='ocrx_word' id='word_1_235' title='bbox 1373 2337 1591 2396; x_wconf 87' lang='lat' dir='ltr'>autem,</span> <span class='ocrx_word' id='word_1_236' title='bbox 1616 2345 1749 2382; x_wconf 90' lang='lat' dir='ltr'>cum</span> <span class='ocrx_word' id='word_1_237' title='bbox 1775 2332 2154 2384; x_wconf 77' lang='lat' dir='ltr'>observarent</span> 
     </span>
    </p>
   </div>
   <div class='ocr_carea' id='block_1_33' title="bbox 508 2399 2157 2476">
    <p class='ocr_par' dir='ltr' id='par_1_33' title="bbox 508 2399 2157 2476">
     <span class='ocr_line' id='line_1_35' title="bbox 508 2399 2157 2476; baseline -0.005 -14"><span class='ocrx_word' id='word_1_238' title='bbox 508 2409 661 2462; x_wconf 85' lang='lat' dir='ltr'>diem</span> <span class='ocrx_word' id='word_1_239' title='bbox 693 2412 919 2476; x_wconf 89' lang='lat' dir='ltr'>aptum,</span> <span class='ocrx_word' id='word_1_240' title='bbox 955 2405 1217 2474; x_wconf 84' lang='lat' dir='ltr'>ingressa</span> <span class='ocrx_word' id='word_1_241' title='bbox 1246 2409 1336 2476; x_wconf 83' lang='lat' dir='ltr'>est</span> <span class='ocrx_word' id='word_1_242' title='bbox 1367 2400 1685 2476; x_wconf 82' lang='lat' dir='ltr'>aliquando</span> <span class='ocrx_word' id='word_1_243' title='bbox 1721 2399 1880 2476; x_wconf 73' lang='lat' dir='ltr'>sicut</span> <span class='ocrx_word' id='word_1_244' title='bbox 1928 2401 2049 2476; x_wconf 81' lang='lat' dir='ltr'>heri</span> <span class='ocrx_word' id='word_1_245' title='bbox 2099 2405 2157 2454; x_wconf 88' lang='lat' dir='ltr'>et</span> 
     </span>
    </p>
   </div>
   <div class='ocr_carea' id='block_1_34' title="bbox 509 2469 2155 2541">
    <p class='ocr_par' dir='ltr' id='par_1_34' title="bbox 509 2469 2155 2541">
     <span class='ocr_line' id='line_1_36' title="bbox 509 2469 2155 2541; baseline -0.004 -8"><span class='ocrx_word' id='word_1_246' title='bbox 509 2469 966 2540; x_wconf 75' lang='lat' dir='ltr'>nudiustertius,</span> <span class='ocrx_word' id='word_1_247' title='bbox 998 2469 1131 2530; x_wconf 60' lang='lat' dir='ltr'>c&#39;um</span> <span class='ocrx_word' id='word_1_248' title='bbox 1165 2473 1397 2528; x_wconf 88' lang='lat' dir='ltr'>duabus</span> <span class='ocrx_word' id='word_1_249' title='bbox 1428 2469 1568 2528; x_wconf 70' lang='lat' dir='ltr'>salis</span> <span class='ocrx_word' id='word_1_250' title='bbox 1601 2469 1830 2541; x_wconf 89' lang='lat' dir='ltr'>puellis,</span> <span class='ocrx_word' id='word_1_251' title='bbox 1855 2471 2155 2541; x_wconf 89' lang='lat' dir='ltr'>voluitque</span> 
     </span>
    </p>
   </div>
   <div class='ocr_carea' id='block_1_35' title="bbox 506 2545 2156 2619">
    <p class='ocr_par' dir='ltr' id='par_1_35' title="bbox 506 2545 2156 2619">
     <span class='ocr_line' id='line_1_37' title="bbox 506 2545 2156 2619; baseline -0.005 -14"><span class='ocrx_word' id='word_1_252' title='bbox 506 2549 688 2606; x_wconf 85' lang='lat' dir='ltr'>lavari</span> <span class='ocrx_word' id='word_1_253' title='bbox 719 2549 778 2603; x_wconf 91' lang='lat' dir='ltr'>in</span> <span class='ocrx_word' id='word_1_254' title='bbox 811 2546 1111 2619; x_wconf 87' lang='lat' dir='ltr'>pomario:</span> <span class='ocrx_word' id='word_1_255' title='bbox 1147 2552 1324 2619; x_wconf 66' lang='lat' dir='ltr'>aestus</span> <span class='ocrx_word' id='word_1_256' title='bbox 1355 2545 1576 2613; x_wconf 88' lang='lat' dir='ltr'>quippe</span> <span class='ocrx_word' id='word_1_257' title='bbox 1606 2547 1769 2619; x_wconf 81' lang='lat' dir='ltr'>erat:</span> <span class='ocrx_word' id='word_1_258' title='bbox 1801 2548 1859 2597; x_wconf 92' lang='lat' dir='ltr'>et</span> <span class='ocrx_word' id='word_1_259' title='bbox 1892 2559 2002 2619; x_wconf 84' lang='lat' dir='ltr'>non</span> <span class='ocrx_word' id='word_1_260' title='bbox 2032 2547 2156 2598; x_wconf 90' lang='lat' dir='ltr'>erat</span> 
     </span>
    </p>
   </div>
   <div class='ocr_carea' id='block_1_36' title="bbox 505 2613 2159 2692">
    <p class='ocr_par' dir='ltr' id='par_1_36' title="bbox 505 2613 2159 2692">
     <span class='ocr_line' id='line_1_38' title="bbox 505 2613 2159 2692; baseline -0.004 -17"><span class='ocrx_word' id='word_1_261' title='bbox 505 2621 586 2676; x_wconf 86' lang='lat' dir='ltr'>ibi</span> <span class='ocrx_word' id='word_1_262' title='bbox 639 2613 980 2692; x_wconf 69' lang='lat' dir='ltr'>quisquam,</span> <span class='ocrx_word' id='word_1_263' title='bbox 1032 2617 1438 2692; x_wconf 63' lang='lat' dir='ltr'>praeter__duos</span> <span class='ocrx_word' id='word_1_264' title='bbox 1471 2630 1640 2669; x_wconf 89' lang='lat' dir='ltr'>senes</span> <span class='ocrx_word' id='word_1_265' title='bbox 1671 2613 2070 2692; x_wconf 70' lang='lat' dir='ltr'>absconditos,</span> <span class='ocrx_word' id='word_1_266' title='bbox 2102 2619 2159 2668; x_wconf 91' lang='lat' dir='ltr'>et</span> 
     </span>
    </p>
   </div>
   <div class='ocr_carea' id='block_1_37' title="bbox 510 2684 2154 2762">
    <p class='ocr_par' dir='ltr' id='par_1_37' title="bbox 510 2684 2154 2762">
     <span class='ocr_line' id='line_1_39' title="bbox 510 2684 2154 2762; baseline -0.005 -15"><span class='ocrx_word' id='word_1_267' title='bbox 510 2684 976 2762; x_wconf 77' lang='lat' dir='ltr'>contemplantes</span> <span class='ocrx_word' id='word_1_268' title='bbox 1032 2684 1182 2762; x_wconf 80' lang='lat' dir='ltr'>eam.</span> <span class='ocrx_word' id='word_1_269' title='bbox 1228 2687 1399 2762; x_wconf 83' lang='lat' dir='ltr'>Dixit</span> <span class='ocrx_word' id='word_1_270' title='bbox 1439 2701 1576 2762; x_wconf 85' lang='lat' dir='ltr'>ergo</span> <span class='ocrx_word' id='word_1_271' title='bbox 1634 2684 2154 2762; x_wconf 35' lang='lat' dir='ltr'>puellis:.Aﬁ‘e_rte</span> 
     </span>
    </p>
   </div>
   <div class='ocr_carea' id='block_1_38' title="bbox 510 2755 2152 2830">
    <p class='ocr_par' dir='ltr' id='par_1_38' title="bbox 510 2755 2152 2830">
     <span class='ocr_line' id='line_1_40' title="bbox 510 2755 2152 2830; baseline -0.005 -10"><span class='ocrx_word' id='word_1_272' title='bbox 510 2763 658 2820; x_wconf 89' lang='lat' dir='ltr'>mihi</span> <span class='ocrx_word' id='word_1_273' title='bbox 689 2755 907 2826; x_wconf 73' lang='lat' dir='ltr'>oleum,</span> <span class='ocrx_word' id='word_1_274' title='bbox 930 2767 987 2815; x_wconf 92' lang='lat' dir='ltr'>et</span> <span class='ocrx_word' id='word_1_275' title='bbox 1017 2760 1334 2830; x_wconf 88' lang='lat' dir='ltr'>smignata,</span> <span class='ocrx_word' id='word_1_276' title='bbox 1354 2761 1410 2812; x_wconf 89' lang='lat' dir='ltr'>et</span> <span class='ocrx_word' id='word_1_277' title='bbox 1439 2755 1587 2812; x_wconf 84' lang='lat' dir='ltr'>ostia</span> <span class='ocrx_word' id='word_1_278' title='bbox 1611 2755 2152 2830; x_wconf 82' lang='lat' dir='ltr'>pomariiclaudite,</span> 
     </span>
    </p>
   </div>
   <div class='ocr_carea' id='block_1_39' title="bbox 511 2827 2156 2899">
    <p class='ocr_par' dir='ltr' id='par_1_39' title="bbox 511 2827 2156 2899">
     <span class='ocr_line' id='line_1_41' title="bbox 511 2827 2156 2899; baseline -0.007 -8"><span class='ocrx_word' id='word_1_279' title='bbox 511 2842 576 2891; x_wconf 88' lang='lat' dir='ltr'>ut</span> <span class='ocrx_word' id='word_1_280' title='bbox 611 2837 786 2890; x_wconf 90' lang='lat' dir='ltr'>laver.</span> <span class='ocrx_word' id='word_1_281' title='bbox 822 2835 890 2888; x_wconf 86' lang='lat' dir='ltr'>Et</span> <span class='ocrx_word' id='word_1_282' title='bbox 920 2835 1108 2887; x_wconf 87' lang='lat' dir='ltr'>feceru</span> <span class='ocrx_word' id='word_1_283' title='bbox 1123 2827 1185 2886; x_wconf 75' lang='lat' dir='ltr'>nt</span> <span class='ocrx_word' id='word_1_284' title='bbox 1213 2831 1368 2884; x_wconf 91' lang='lat' dir='ltr'>sicut</span> <span class='ocrx_word' id='word_1_285' title='bbox 1414 2832 1789 2899; x_wconf 64' lang='lat' dir='ltr'>praeceperat,</span> <span class='ocrx_word' id='word_1_286' title='bbox 1818 2827 2156 2882; x_wconf 86' lang='lat' dir='ltr'>clauserunt</span> 
     </span>
    </p>
   </div>
   <div class='ocr_carea' id='block_1_40' title="bbox 508 2899 2158 2977">
    <p class='ocr_par' dir='ltr' id='par_1_40' title="bbox 508 2899 2158 2977">
     <span class='ocr_line' id='line_1_42' title="bbox 508 2899 2158 2977; baseline -0.006 -15"><span class='ocrx_word' id='word_1_287' title='bbox 508 2908 659 2962; x_wconf 89' lang='lat' dir='ltr'>ostia</span> <span class='ocrx_word' id='word_1_288' title='bbox 688 2904 984 2977; x_wconf 87' lang='lat' dir='ltr'>pomarii,_</span> <span class='ocrx_word' id='word_1_289' title='bbox 1017 2909 1074 2957; x_wconf 91' lang='lat' dir='ltr'>et</span> <span class='ocrx_word' id='word_1_290' title='bbox 1115 2917 1358 2969; x_wconf 73' lang='lat' dir='ltr'>egressae</span> <span class='ocrx_word' id='word_1_291' title='bbox 1407 2904 1546 2977; x_wconf 83' lang='lat' dir='ltr'>sunt</span> <span class='ocrx_word' id='word_1_292' title='bbox 1594 2915 1696 2971; x_wconf 92' lang='lat' dir='ltr'>per</span> <span class='ocrx_word' id='word_1_293' title='bbox 1746 2899 2058 2977; x_wconf 86' lang='lat' dir='ltr'>posticum,</span> <span class='ocrx_word' id='word_1_294' title='bbox 2094 2903 2158 2952; x_wconf 92' lang='lat' dir='ltr'>ut</span> 
     </span>
    </p>
   </div>
   <div class='ocr_carea' id='block_1_41' title="bbox 509 2971 2155 3047">
    <p class='ocr_par' dir='ltr' id='par_1_41' title="bbox 509 2971 2155 3047">
     <span class='ocr_line' id='line_1_43' title="bbox 509 2971 2155 3047; baseline -0.007 -13"><span class='ocrx_word' id='word_1_295' title='bbox 509 2971 782 3035; x_wconf 76' lang='lat' dir='ltr'>afferrent</span> <span class='ocrx_word' id='word_1_296' title='bbox 813 2971 1258 3047; x_wconf 26' lang='lat' dir='ltr'>quaa&#39;jusserat:</span> <span class='ocrx_word' id='word_1_297' title='bbox 1294 2971 1750 3040; x_wconf 85' lang='lat' dir='ltr'>nesciebantque</span> <span class='ocrx_word' id='word_1_298' title='bbox 1781 2987 1950 3026; x_wconf 91' lang='lat' dir='ltr'>senes</span> <span class='ocrx_word' id='word_1_299' title='bbox 1994 2971 2155 3047; x_wconf 87' lang='lat' dir='ltr'>intus</span> 
     </span>
    </p>
   </div>
   <div class='ocr_carea' id='block_1_42' title="bbox 507 3044 2156 3112">
    <p class='ocr_par' dir='ltr' id='par_1_42' title="bbox 507 3044 2156 3112">
     <span class='ocr_line' id='line_1_44' title="bbox 507 3044 2156 3112; baseline -0.005 -8"><span class='ocrx_word' id='word_1_300' title='bbox 507 3065 636 3104; x_wconf 89' lang='lat' dir='ltr'>esse</span> <span class='ocrx_word' id='word_1_301' title='bbox 693 3044 1088 3104; x_wconf 85' lang='lat' dir='ltr'>absconditos.</span> <span class='ocrx_word' id='word_1_302' title='bbox 1149 3044 1296 3099; x_wconf 92' lang='lat' dir='ltr'>Cum</span> <span class='ocrx_word' id='word_1_303' title='bbox 1364 3047 1562 3097; x_wconf 87' lang='lat' dir='ltr'>autem</span> <span class='ocrx_word' id='word_1_304' title='bbox 1637 3057 1883 3112; x_wconf 81' lang='lat' dir='ltr'>egressae</span> <span class='ocrx_word' id='word_1_305' title='bbox 1958 3045 2156 3097; x_wconf 84' lang='lat' dir='ltr'>essent</span> 
     </span>
    </p>
   </div>
   <div class='ocr_carea' id='block_1_43' title="bbox 503 3112 2154 3192">
    <p class='ocr_par' dir='ltr' id='par_1_43' title="bbox 503 3112 2154 3192">
     <span class='ocr_line' id='line_1_45' title="bbox 503 3112 2154 3192; baseline -0.005 -17"><span class='ocrx_word' id='word_1_306' title='bbox 503 3118 731 3192; x_wconf 64' lang='lat' dir='ltr'>puellas,</span> <span class='ocrx_word' id='word_1_307' title='bbox 765 3119 1159 3192; x_wconf 46' lang='lat' dir='ltr'>surrexerunt;</span> <span class='ocrx_word' id='word_1_308' title='bbox 1197 3115 1312 3169; x_wconf 92' lang='lat' dir='ltr'>duo</span> <span class='ocrx_word' id='word_1_309' title='bbox 1365 3130 1557 3192; x_wconf 83' lang='lat' dir='ltr'>senes,</span> <span class='ocrx_word' id='word_1_310' title='bbox 1589 3121 1637 3167; x_wconf 90' lang='lat' dir='ltr'>el</span> <span class='ocrx_word' id='word_1_311' title='bbox 1671 3119 2054 3192; x_wconf 79' lang='lat' dir='ltr'>accurrerunt</span> <span class='ocrx_word' id='word_1_312' title='bbox 2083 3112 2154 3192; x_wconf 84' lang='lat' dir='ltr'>ad</span> 
     </span>
    </p>
   </div>
   <div class='ocr_carea' id='block_1_44' title="bbox 505 3184 2152 3257">
    <p class='ocr_par' dir='ltr' id='par_1_44' title="bbox 505 3184 2152 3257">
     <span class='ocr_line' id='line_1_46' title="bbox 505 3184 2152 3257; baseline -0.004 -12"><span class='ocrx_word' id='word_1_313' title='bbox 505 3184 657 3257; x_wconf 76' lang='lat' dir='ltr'>eam,</span> <span class='ocrx_word' id='word_1_314' title='bbox 689 3184 747 3246; x_wconf 88' lang='lat' dir='ltr'>et</span> <span class='ocrx_word' id='word_1_315' title='bbox 775 3191 1084 3246; x_wconf 89' lang='lat' dir='ltr'>dixerunt:</span> <span class='ocrx_word' id='word_1_316' title='bbox 1122 3187 1263 3241; x_wconf 87' lang='lat' dir='ltr'>Ecce</span> <span class='ocrx_word' id='word_1_317' title='bbox 1295 3186 1447 3240; x_wconf 89' lang='lat' dir='ltr'>ostia</span> <span class='ocrx_word' id='word_1_318' title='bbox 1481 3184 1730 3254; x_wconf 88' lang='lat' dir='ltr'>pomarii</span> <span class='ocrx_word' id='word_1_319' title='bbox 1760 3184 2152 3257; x_wconf 80' lang='lat' dir='ltr'>clausasnnt,</span> 
     </span>
    </p>
   </div>
   <div class='ocr_carea' id='block_1_45' title="bbox 503 3255 2155 3327">
    <p class='ocr_par' dir='ltr' id='par_1_45' title="bbox 503 3255 2155 3327">
     <span class='ocr_line' id='line_1_47' title="bbox 503 3255 2155 3327; baseline -0.005 -9"><span class='ocrx_word' id='word_1_320' title='bbox 503 3268 562 3318; x_wconf 84' lang='lat' dir='ltr'>et</span> <span class='ocrx_word' id='word_1_321' title='bbox 615 3255 784 3318; x_wconf 90' lang='lat' dir='ltr'>nemo</span> <span class='ocrx_word' id='word_1_322' title='bbox 829 3277 935 3316; x_wconf 92' lang='lat' dir='ltr'>nos</span> <span class='ocrx_word' id='word_1_323' title='bbox 982 3261 1158 3324; x_wconf 90' lang='lat' dir='ltr'>videt,</span> <span class='ocrx_word' id='word_1_324' title='bbox 1187 3263 1244 3312; x_wconf 88' lang='lat' dir='ltr'>et</span> <span class='ocrx_word' id='word_1_325' title='bbox 1286 3273 1392 3311; x_wconf 91' lang='lat' dir='ltr'>nos</span> <span class='ocrx_word' id='word_1_326' title='bbox 1437 3258 1495 3310; x_wconf 90' lang='lat' dir='ltr'>in</span> <span class='ocrx_word' id='word_1_327' title='bbox 1543 3255 2017 3327; x_wconf 88' lang='lat' dir='ltr'>concupiscentia</span> <span class='ocrx_word' id='word_1_328' title='bbox 2069 3255 2155 3310; x_wconf 89' lang='lat' dir='ltr'>tui</span> 
     </span>
    </p>
   </div>
   <div class='ocr_carea' id='block_1_46' title="bbox 507 3327 2155 3401">
    <p class='ocr_par' dir='ltr' id='par_1_46' title="bbox 507 3327 2155 3401">
     <span class='ocr_line' id='line_1_48' title="bbox 507 3327 2155 3401; baseline -0.005 -13"><span class='ocrx_word' id='word_1_329' title='bbox 507 3350 759 3399; x_wconf 88' lang='lat' dir='ltr'>sumus;</span> <span class='ocrx_word' id='word_1_330' title='bbox 791 3348 966 3401; x_wconf 89' lang='lat' dir='ltr'>quam</span> <span class='ocrx_word' id='word_1_331' title='bbox 999 3331 1072 3385; x_wconf 91' lang='lat' dir='ltr'>ob</span> <span class='ocrx_word' id='word_1_332' title='bbox 1105 3345 1224 3383; x_wconf 90' lang='lat' dir='ltr'>rem</span> <span class='ocrx_word' id='word_1_333' title='bbox 1260 3329 1547 3401; x_wconf 78' lang='lat' dir='ltr'>assentire</span> <span class='ocrx_word' id='word_1_334' title='bbox 1570 3328 1773 3401; x_wconf 73' lang='lat' dir='ltr'>nobis,</span> <span class='ocrx_word' id='word_1_335' title='bbox 1807 3334 1864 3381; x_wconf 91' lang='lat' dir='ltr'>et</span> <span class='ocrx_word' id='word_1_336' title='bbox 1906 3327 2155 3382; x_wconf 85' lang='lat' dir='ltr'>commi-</span> 
     </span>
    </p>
   </div>
   <div class='ocr_carea' id='block_1_47' title="bbox 507 3397 2154 3465">
    <p class='ocr_par' dir='ltr' id='par_1_47' title="bbox 507 3397 2154 3465">
     <span class='ocr_line' id='line_1_49' title="bbox 507 3397 2154 3465; baseline -0.005 -7"><span class='ocrx_word' id='word_1_337' title='bbox 507 3420 668 3460; x_wconf 87' lang='lat' dir='ltr'>scere</span> <span class='ocrx_word' id='word_1_338' title='bbox 703 3397 1033 3458; x_wconf 50' lang='lat' dir='ltr'>neb&#39;iscum.</span> <span class='ocrx_word' id='word_1_339' title='bbox 1068 3401 1232 3465; x_wconf 88' lang='lat' dir='ltr'>Quod</span> <span class='ocrx_word' id='word_1_340' title='bbox 1267 3399 1316 3452; x_wconf 91' lang='lat' dir='ltr'>si</span> <span class='ocrx_word' id='word_1_341' title='bbox 1358 3397 1638 3465; x_wconf 87' lang='lat' dir='ltr'>nolueris,</span> <span class='ocrx_word' id='word_1_342' title='bbox 1670 3398 1935 3452; x_wconf 86' lang='lat' dir='ltr'>dicemus</span> <span class='ocrx_word' id='word_1_343' title='bbox 1987 3401 2154 3452; x_wconf 88' lang='lat' dir='ltr'>testi-</span> 
     </span>
    </p>
   </div>
   <div class='ocr_carea' id='block_1_48' title="bbox 510 3467 2154 3539">
    <p class='ocr_par' dir='ltr' id='par_1_48' title="bbox 510 3467 2154 3539">
     <span class='ocr_line' id='line_1_50' title="bbox 510 3467 2154 3539; baseline -0.004 -9"><span class='ocrx_word' id='word_1_344' title='bbox 510 3475 774 3530; x_wconf 88' lang='lat' dir='ltr'>monium</span> <span class='ocrx_word' id='word_1_345' title='bbox 809 3477 1010 3529; x_wconf 90' lang='lat' dir='ltr'>contra</span> <span class='ocrx_word' id='word_1_346' title='bbox 1034 3478 1110 3537; x_wconf 84' lang='lat' dir='ltr'>te,</span> <span class='ocrx_word' id='word_1_347' title='bbox 1135 3469 1289 3539; x_wconf 91' lang='lat' dir='ltr'>quod</span> <span class='ocrx_word' id='word_1_348' title='bbox 1316 3468 1489 3522; x_wconf 84' lang='lat' dir='ltr'>fuerit</span> <span class='ocrx_word' id='word_1_349' title='bbox 1509 3467 1976 3538; x_wconf 89' lang='lat' dir='ltr'>tecumjuvenis,</span> <span class='ocrx_word' id='word_1_350' title='bbox 1998 3473 2056 3523; x_wconf 90' lang='lat' dir='ltr'>et</span> <span class='ocrx_word' id='word_1_351' title='bbox 2081 3469 2154 3523; x_wconf 90' lang='lat' dir='ltr'>ob</span> 
     </span>
    </p>
   </div>
   <div class='ocr_carea' id='block_1_49' title="bbox 508 3538 2152 3610">
    <p class='ocr_par' dir='ltr' id='par_1_49' title="bbox 508 3538 2152 3610">
     <span class='ocr_line' id='line_1_51' title="bbox 508 3538 2152 3610; baseline -0.004 -10"><span class='ocrx_word' id='word_1_352' title='bbox 508 3545 663 3600; x_wconf 90' lang='lat' dir='ltr'>hanc</span> <span class='ocrx_word' id='word_1_353' title='bbox 693 3561 932 3600; x_wconf 88' lang='lat' dir='ltr'>causam</span> <span class='ocrx_word' id='word_1_354' title='bbox 965 3538 1233 3598; x_wconf 82' lang='lat' dir='ltr'>emiseris</span> <span class='ocrx_word' id='word_1_355' title='bbox 1265 3539 1490 3610; x_wconf 85' lang='lat' dir='ltr'>puellas</span> <span class='ocrx_word' id='word_1_356' title='bbox 1524 3556 1557 3593; x_wconf 89' lang='lat' dir='ltr'>a</span> <span class='ocrx_word' id='word_1_357' title='bbox 1601 3544 1686 3593; x_wconf 74' lang='lat' dir='ltr'>te.</span> <span class='ocrx_word' id='word_1_358' title='bbox 1721 3538 2010 3610; x_wconf 85' lang='lat' dir='ltr'>Ingemuit</span> <span class='ocrx_word' id='word_1_359' title='bbox 2040 3539 2152 3594; x_wconf 91' lang='lat' dir='ltr'>Su-</span> 
     </span>
    </p>
   </div>
   <div class='ocr_carea' id='block_1_50' title="bbox 513 3609 2155 3684">
    <p class='ocr_par' dir='ltr' id='par_1_50' title="bbox 513 3609 2155 3684">
     <span class='ocr_line' id='line_1_52' title="bbox 513 3609 2155 3684; baseline -0.004 -12"><span class='ocrx_word' id='word_1_360' title='bbox 513 3633 724 3684; x_wconf 89' lang='lat' dir='ltr'>sanna,</span> <span class='ocrx_word' id='word_1_361' title='bbox 742 3623 799 3671; x_wconf 91' lang='lat' dir='ltr'>et</span> <span class='ocrx_word' id='word_1_362' title='bbox 829 3617 906 3671; x_wconf 85' lang='lat' dir='ltr'>ait</span> <span class='ocrx_word' id='word_1_363' title='bbox 930 3633 950 3669; x_wconf 83' lang='lat'>:</span> <span class='ocrx_word' id='word_1_364' title='bbox 979 3611 1275 3684; x_wconf 66' lang='lat' dir='ltr'>Angustias</span> <span class='ocrx_word' id='word_1_365' title='bbox 1306 3609 1448 3684; x_wconf 88' lang='lat' dir='ltr'>mihi</span> <span class='ocrx_word' id='word_1_366' title='bbox 1477 3611 1752 3681; x_wconf 89' lang='lat' dir='ltr'>undique,</span> <span class='ocrx_word' id='word_1_367' title='bbox 1778 3609 1826 3665; x_wconf 86' lang='lat' dir='ltr'>si</span> <span class='ocrx_word' id='word_1_368' title='bbox 1857 3610 2012 3665; x_wconf 91' lang='lat' dir='ltr'>enim</span> <span class='ocrx_word' id='word_1_369' title='bbox 2045 3610 2155 3665; x_wconf 91' lang='lat' dir='ltr'>hoc</span> 
     </span>
    </p>
   </div>
   <div class='ocr_carea' id='block_1_51' title="bbox 510 3683 2151 3758">
    <p class='ocr_par' dir='ltr' id='par_1_51' title="bbox 510 3683 2151 3758">
     <span class='ocr_line' id='line_1_53' title="bbox 510 3683 2151 3758; baseline -0.005 -14"><span class='ocrx_word' id='word_1_370' title='bbox 510 3705 702 3758; x_wconf 90' lang='lat' dir='ltr'>egero,</span> <span class='ocrx_word' id='word_1_371' title='bbox 739 3703 896 3742; x_wconf 83' lang='lat' dir='ltr'>more</span> <span class='ocrx_word' id='word_1_372' title='bbox 941 3683 1095 3740; x_wconf 83' lang='lat' dir='ltr'>mihi</span> <span class='ocrx_word' id='word_1_373' title='bbox 1134 3689 1260 3749; x_wconf 85' lang='lat' dir='ltr'>est;</span> <span class='ocrx_word' id='word_1_374' title='bbox 1297 3683 1345 3758; x_wconf 77' lang='lat' dir='ltr'>si</span> <span class='ocrx_word' id='word_1_375' title='bbox 1389 3687 1590 3758; x_wconf 73' lang='lat' dir='ltr'>autem</span> <span class='ocrx_word' id='word_1_376' title='bbox 1648 3699 1761 3758; x_wconf 81' lang='lat' dir='ltr'>non</span> <span class='ocrx_word' id='word_1_377' title='bbox 1795 3698 2001 3758; x_wconf 78' lang='lat' dir='ltr'>egero,</span> <span class='ocrx_word' id='word_1_378' title='bbox 2037 3699 2151 3736; x_wconf 91' lang='lat' dir='ltr'>non</span> 
     </span>
    </p>
   </div>
   <div class='ocr_carea' id='block_1_52' title="bbox 510 3753 2154 3831">
    <p class='ocr_par' dir='ltr' id='par_1_52' title="bbox 510 3753 2154 3831">
     <span class='ocr_line' id='line_1_54' title="bbox 510 3753 2154 3831; baseline -0.003 -18"><span class='ocrx_word' id='word_1_379' title='bbox 510 3753 783 3831; x_wconf 71' lang='lat' dir='ltr'>eiiugiam</span> <span class='ocrx_word' id='word_1_380' title='bbox 807 3774 1018 3831; x_wconf 82' lang='lat' dir='ltr'>manus</span> <span class='ocrx_word' id='word_1_381' title='bbox 1038 3753 1404 3810; x_wconf 85' lang='lat' dir='ltr'>vestras.Sed</span> <span class='ocrx_word' id='word_1_382' title='bbox 1429 3753 1638 3831; x_wconf 86' lang='lat' dir='ltr'>melius</span> <span class='ocrx_word' id='word_1_383' title='bbox 1664 3754 1803 3807; x_wconf 89' lang='lat' dir='ltr'>mihi</span> <span class='ocrx_word' id='word_1_384' title='bbox 1825 3758 1915 3808; x_wconf 88' lang='lat' dir='ltr'>est</span> <span class='ocrx_word' id='word_1_385' title='bbox 1933 3755 2154 3831; x_wconf 82' lang='lat' dir='ltr'>absque</span> 
     </span>
    </p>
   </div>
   <div class='ocr_carea' id='block_1_53' title="bbox 510 3824 2150 3902">
    <p class='ocr_par' dir='ltr' id='par_1_53' title="bbox 510 3824 2150 3902">
     <span class='ocr_line' id='line_1_55' title="bbox 510 3824 2150 3902; baseline -0.005 -16"><span class='ocrx_word' id='word_1_386' title='bbox 510 3824 684 3902; x_wconf 60' lang='lat' dir='ltr'>opere</span> <span class='ocrx_word' id='word_1_387' title='bbox 713 3831 969 3885; x_wconf 89' lang='lat' dir='ltr'>incidere</span> <span class='ocrx_word' id='word_1_388' title='bbox 999 3829 1057 3902; x_wconf 85' lang='lat' dir='ltr'>in</span> <span class='ocrx_word' id='word_1_389' title='bbox 1079 3842 1304 3902; x_wconf 68' lang='lat' dir='ltr'>manus</span> <span class='ocrx_word' id='word_1_390' title='bbox 1333 3829 1573 3902; x_wconf 79' lang='lat' dir='ltr'>vestras,</span> <span class='ocrx_word' id='word_1_391' title='bbox 1610 3841 1788 3895; x_wconf 88' lang='lat' dir='ltr'>quam</span> <span class='ocrx_word' id='word_1_392' title='bbox 1827 3824 2150 3902; x_wconf 67' lang='lat' dir='ltr'>peccarein</span> 
     </span>
    </p>
   </div>
   <div class='ocr_carea' id='block_1_54' title="bbox 513 3895 2154 3974">
    <p class='ocr_par' dir='ltr' id='par_1_54' title="bbox 513 3895 2154 3974">
     <span class='ocr_line' id='line_1_56' title="bbox 513 3895 2154 3974; baseline -0.004 -17"><span class='ocrx_word' id='word_1_393' title='bbox 513 3895 826 3974; x_wconf 84' lang='lat' dir='ltr'>conspectu</span> <span class='ocrx_word' id='word_1_394' title='bbox 861 3898 1114 3974; x_wconf 87' lang='lat' dir='ltr'>Domini.</span> <span class='ocrx_word' id='word_1_395' title='bbox 1149 3898 1216 3952; x_wconf 90' lang='lat' dir='ltr'>Et</span> <span class='ocrx_word' id='word_1_396' title='bbox 1240 3895 1749 3974; x_wconf 29' lang='lat' dir='ltr'>exclamavit‘voce</span> <span class='ocrx_word' id='word_1_397' title='bbox 1779 3911 1994 3974; x_wconf 83' lang='lat' dir='ltr'>magna</span> <span class='ocrx_word' id='word_1_398' title='bbox 2042 3896 2154 3950; x_wconf 90' lang='lat' dir='ltr'>Su-</span> 
     </span>
    </p>
   </div>
   <div class='ocr_carea' id='block_1_55' title="bbox 512 3969 2153 4030">
    <p class='ocr_par' dir='ltr' id='par_1_55' title="bbox 512 3969 2153 4030">
     <span class='ocr_line' id='line_1_57' title="bbox 512 3969 2153 4030; baseline -0.004 -1"><span class='ocrx_word' id='word_1_399' title='bbox 512 3969 739 4030; x_wconf 56' lang='lat' dir='ltr'>sann&#39;a:</span> <span class='ocrx_word' id='word_1_400' title='bbox 787 3973 1259 4026; x_wconf 78' lang='lat' dir='ltr'>exclamaverunt</span> <span class='ocrx_word' id='word_1_401' title='bbox 1305 3974 1502 4023; x_wconf 88' lang='lat' dir='ltr'>autem</span> <span class='ocrx_word' id='word_1_402' title='bbox 1551 3971 1609 4021; x_wconf 90' lang='lat' dir='ltr'>et</span> <span class='ocrx_word' id='word_1_403' title='bbox 1657 3983 1824 4022; x_wconf 92' lang='lat' dir='ltr'>senes</span> <span class='ocrx_word' id='word_1_404' title='bbox 1873 3969 2153 4022; x_wconf 89' lang='lat' dir='ltr'>adversus</span> 
     </span>
    </p>
   </div>
   <div class='ocr_carea' id='block_1_56' title="bbox 513 4037 2148 4109">
    <p class='ocr_par' dir='ltr' id='par_1_56' title="bbox 513 4037 2148 4109">
     <span class='ocr_line' id='line_1_58' title="bbox 513 4037 2148 4109; baseline -0.004 -10"><span class='ocrx_word' id='word_1_405' title='bbox 513 4060 663 4099; x_wconf 89' lang='lat' dir='ltr'>eam.</span> <span class='ocrx_word' id='word_1_406' title='bbox 699 4044 769 4098; x_wconf 90' lang='lat' dir='ltr'>Et</span> <span class='ocrx_word' id='word_1_407' title='bbox 797 4043 1056 4098; x_wconf 87' lang='lat' dir='ltr'>cucurrit</span> <span class='ocrx_word' id='word_1_408' title='bbox 1096 4057 1269 4105; x_wconf 89' lang='lat' dir='ltr'>unus,</span> <span class='ocrx_word' id='word_1_409' title='bbox 1303 4045 1360 4094; x_wconf 87' lang='lat' dir='ltr'>et</span> <span class='ocrx_word' id='word_1_410' title='bbox 1407 4038 1633 4109; x_wconf 87' lang='lat' dir='ltr'>aperuit</span> <span class='ocrx_word' id='word_1_411' title='bbox 1678 4037 1828 4109; x_wconf 83' lang='lat' dir='ltr'>ostia</span> <span class='ocrx_word' id='word_1_412' title='bbox 1877 4039 2148 4108; x_wconf 88' lang='lat' dir='ltr'>pomarii.</span> 
     </span>
    </p>
   </div>
   <div class='ocr_carea' id='block_1_57' title="bbox 510 4108 2151 4185">
    <p class='ocr_par' dir='ltr' id='par_1_57' title="bbox 510 4108 2151 4185">
     <span class='ocr_line' id='line_1_59' title="bbox 510 4108 2151 4185; baseline -0.004 -15"><span class='ocrx_word' id='word_1_413' title='bbox 510 4115 656 4171; x_wconf 90' lang='lat' dir='ltr'>Cum</span> <span class='ocrx_word' id='word_1_414' title='bbox 709 4130 816 4185; x_wconf 86' lang='lat' dir='ltr'>ego</span> <span class='ocrx_word' id='word_1_415' title='bbox 863 4113 1168 4169; x_wconf 88' lang='lat' dir='ltr'>audissent</span> <span class='ocrx_word' id='word_1_416' title='bbox 1215 4108 1530 4185; x_wconf 79' lang='lat' dir='ltr'>clamorem</span> <span class='ocrx_word' id='word_1_417' title='bbox 1590 4108 1794 4185; x_wconf 80' lang='lat' dir='ltr'>famuli</span> <span class='ocrx_word' id='word_1_418' title='bbox 1849 4109 2151 4185; x_wconf 25' lang='lat' dir='ltr'>domus‘in</span> 
     </span>
    </p>
   </div>
   <div class='ocr_carea' id='block_1_58' title="bbox 509 4181 2152 4259">
    <p class='ocr_par' dir='ltr' id='par_1_58' title="bbox 509 4181 2152 4259">
     <span class='ocr_line' id='line_1_60' title="bbox 509 4181 2152 4259; baseline -0.005 -17"><span class='ocrx_word' id='word_1_419' title='bbox 509 4181 796 4259; x_wconf 76' lang='lat' dir='ltr'>pomario,</span> <span class='ocrx_word' id='word_1_420' title='bbox 823 4187 1118 4259; x_wconf 82' lang='lat' dir='ltr'>irruerunt</span> <span class='ocrx_word' id='word_1_421' title='bbox 1139 4198 1240 4252; x_wconf 90' lang='lat' dir='ltr'>per</span> <span class='ocrx_word' id='word_1_422' title='bbox 1262 4181 1577 4252; x_wconf 90' lang='lat' dir='ltr'>posticum,</span> <span class='ocrx_word' id='word_1_423' title='bbox 1600 4187 1664 4235; x_wconf 91' lang='lat' dir='ltr'>ut</span> <span class='ocrx_word' id='word_1_424' title='bbox 1687 4181 1948 4259; x_wconf 74' lang='lat' dir='ltr'>viderent</span> <span class='ocrx_word' id='word_1_425' title='bbox 1976 4181 2152 4259; x_wconf 87' lang='lat' dir='ltr'>quid-</span> 
     </span>
    </p>
   </div>
   <div class='ocr_carea' id='block_1_59' title="bbox 509 4251 2151 4324">
    <p class='ocr_par' dir='ltr' id='par_1_59' title="bbox 509 4251 2151 4324">
     <span class='ocr_line' id='line_1_61' title="bbox 509 4251 2151 4324; baseline -0.006 -9"><span class='ocrx_word' id='word_1_426' title='bbox 509 4251 646 4316; x_wconf 74' lang='lat' dir='ltr'>iiam</span> <span class='ocrx_word' id='word_1_427' title='bbox 693 4261 865 4313; x_wconf 88' lang='lat' dir='ltr'>esset.</span> <span class='ocrx_word' id='word_1_428' title='bbox 901 4251 1215 4324; x_wconf 79' lang='lat' dir='ltr'>Postquam</span> <span class='ocrx_word' id='word_1_429' title='bbox 1266 4251 1460 4308; x_wconf 83' lang='lat' dir='ltr'>autem</span> <span class='ocrx_word' id='word_1_430' title='bbox 1521 4269 1691 4306; x_wconf 88' lang='lat' dir='ltr'>senes</span> <span class='ocrx_word' id='word_1_431' title='bbox 1724 4251 1932 4324; x_wconf 10' lang='lat' dir='ltr'>ilocuti</span> <span class='ocrx_word' id='word_1_432' title='bbox 1988 4258 2151 4314; x_wconf 87' lang='lat' dir='ltr'>sunt,</span> 
     </span>
    </p>
   </div>
   <div class='ocr_carea' id='block_1_60' title="bbox 508 4323 2151 4393">
    <p class='ocr_par' dir='ltr' id='par_1_60' title="bbox 508 4323 2151 4393">
     <span class='ocr_line' id='line_1_62' title="bbox 508 4323 2151 4393; baseline -0.005 -8"><span class='ocrx_word' id='word_1_433' title='bbox 508 4331 873 4386; x_wconf 87' lang='lat' dir='ltr'>erubuerunt</span> <span class='ocrx_word' id='word_1_434' title='bbox 935 4323 1083 4382; x_wconf 86' lang='lat' dir='ltr'>servi</span> <span class='ocrx_word' id='word_1_435' title='bbox 1160 4323 1573 4379; x_wconf 86' lang='lat' dir='ltr'>vehementer:</span> <span class='ocrx_word' id='word_1_436' title='bbox 1635 4323 1773 4393; x_wconf 88' lang='lat' dir='ltr'>quia</span> <span class='ocrx_word' id='word_1_437' title='bbox 1852 4338 2151 4392; x_wconf 89' lang='lat' dir='ltr'>nunquam</span> 
     </span>
    </p>
   </div>
   <div class='ocr_carea' id='block_1_61' title="bbox 509 4393 2152 4465">
    <p class='ocr_par' dir='ltr' id='par_1_61' title="bbox 509 4393 2152 4465">
     <span class='ocr_line' id='line_1_63' title="bbox 509 4393 2152 4465; baseline -0.005 -9"><span class='ocrx_word' id='word_1_438' title='bbox 509 4403 702 4456; x_wconf 89' lang='lat' dir='ltr'>dictus</span> <span class='ocrx_word' id='word_1_439' title='bbox 733 4401 921 4455; x_wconf 86' lang='lat' dir='ltr'>fuerat</span> <span class='ocrx_word' id='word_1_440' title='bbox 965 4413 1157 4454; x_wconf 90' lang='lat' dir='ltr'>sermo</span> <span class='ocrx_word' id='word_1_441' title='bbox 1211 4393 1618 4465; x_wconf 88' lang='lat' dir='ltr'>hujuscemodi</span> <span class='ocrx_word' id='word_1_442' title='bbox 1650 4394 1720 4448; x_wconf 89' lang='lat' dir='ltr'>de</span> <span class='ocrx_word' id='word_1_443' title='bbox 1761 4398 2047 4448; x_wconf 88' lang='lat' dir='ltr'>Susanna.</span> <span class='ocrx_word' id='word_1_444' title='bbox 2075 4397 2152 4465; x_wconf 87' lang='lat' dir='ltr'>Et</span> 
     </span>
    </p>
   </div>
   <div class='ocr_carea' id='block_1_62' title="bbox 509 4451 2234 4535">
    <p class='ocr_par' dir='ltr' id='par_1_62' title="bbox 509 4451 2234 4535">
     <span class='ocr_line' id='line_1_64' title="bbox 509 4451 2234 4535; baseline -0.006 -8"><span class='ocrx_word' id='word_1_445' title='bbox 509 4451 1580 4535; x_wconf 23' lang='lat' dir='ltr'>iactavestvdies‘crastina.UCumque</span> <span class='ocrx_word' id='word_1_446' title='bbox 1631 4465 1887 4519; x_wconf 89' lang='lat' dir='ltr'>venisset</span> <span class='ocrx_word' id='word_1_447' title='bbox 1911 4464 2160 4535; x_wconf 87' lang='lat' dir='ltr'>populus</span> <span class='ocrx_word' id='word_1_448' title='bbox 2189 4451 2234 4514; x_wconf 82' lang='lat' dir='ltr'>D</span> 
     </span>
    </p>
   </div>
   <div class='ocr_carea' id='block_1_63' title="bbox 509 4536 2153 4610">
    <p class='ocr_par' dir='ltr' id='par_1_63' title="bbox 509 4536 2153 4610">
     <span class='ocr_line' id='line_1_65' title="bbox 509 4536 2153 4610; baseline -0.004 -13"><span class='ocrx_word' id='word_1_449' title='bbox 509 4544 580 4598; x_wconf 91' lang='lat' dir='ltr'>ad</span> <span class='ocrx_word' id='word_1_450' title='bbox 614 4542 802 4597; x_wconf 90' lang='lat' dir='ltr'>virum</span> <span class='ocrx_word' id='word_1_451' title='bbox 835 4545 964 4610; x_wconf 86' lang='lat' dir='ltr'>ejus</span> <span class='ocrx_word' id='word_1_452' title='bbox 993 4539 1236 4602; x_wconf 87' lang='lat' dir='ltr'>Joacim,</span> <span class='ocrx_word' id='word_1_453' title='bbox 1263 4540 1546 4610; x_wconf 84' lang='lat' dir='ltr'>venerunt</span> <span class='ocrx_word' id='word_1_454' title='bbox 1576 4540 1633 4590; x_wconf 88' lang='lat' dir='ltr'>et</span> <span class='ocrx_word' id='word_1_455' title='bbox 1662 4537 1777 4610; x_wconf 79' lang='lat' dir='ltr'>duo</span> <span class='ocrx_word' id='word_1_456' title='bbox 1811 4536 2153 4606; x_wconf 66' lang='lat' dir='ltr'>praesbyteri</span> 
     </span>
    </p>
   </div>
   <div class='ocr_carea' id='block_1_64' title="bbox 503 4607 2153 4686">
    <p class='ocr_par' dir='ltr' id='par_1_64' title="bbox 503 4607 2153 4686">
     <span class='ocr_line' id='line_1_66' title="bbox 503 4607 2153 4686; baseline -0.004 -18"><span class='ocrx_word' id='word_1_457' title='bbox 503 4613 689 4686; x_wconf 14' lang='lat' dir='ltr'>pleni,</span> <span class='ocrx_word' id='word_1_458' title='bbox 717 4607 920 4683; x_wconf 80' lang='lat' dir='ltr'>iniqua</span> <span class='ocrx_word' id='word_1_459' title='bbox 949 4611 1300 4686; x_wconf 67' lang='lat' dir='ltr'>cogitatione</span> <span class='ocrx_word' id='word_1_460' title='bbox 1353 4609 1634 4686; x_wconf 85' lang='lat' dir='ltr'>adversus</span> <span class='ocrx_word' id='word_1_461' title='bbox 1680 4607 2153 4686; x_wconf 70' lang='lat' dir='ltr'>Susan_nam,__ut</span> 
     </span>
    </p>
   </div>
   <div class='ocr_carea' id='block_1_65' title="bbox 505 4678 2151 4750">
    <p class='ocr_par' dir='ltr' id='par_1_65' title="bbox 505 4678 2151 4750">
     <span class='ocr_line' id='line_1_67' title="bbox 505 4678 2151 4750; baseline -0.005 -9"><span class='ocrx_word' id='word_1_462' title='bbox 505 4678 901 4741; x_wconf 74' lang='lat' dir='ltr'>interficerent</span> <span class='ocrx_word' id='word_1_463' title='bbox 931 4678 1080 4738; x_wconf 76' lang='lat' dir='ltr'>eam.</span> <span class='ocrx_word' id='word_1_464' title='bbox 1104 4683 1170 4736; x_wconf 86' lang='lat' dir='ltr'>Et</span> <span class='ocrx_word' id='word_1_465' title='bbox 1197 4682 1468 4736; x_wconf 87' lang='lat' dir='ltr'>dixerunt</span> <span class='ocrx_word' id='word_1_466' title='bbox 1489 4695 1684 4733; x_wconf 90' lang='lat' dir='ltr'>coram</span> <span class='ocrx_word' id='word_1_467' title='bbox 1709 4679 1923 4750; x_wconf 90' lang='lat' dir='ltr'>populo</span> <span class='ocrx_word' id='word_1_468' title='bbox 1947 4696 1960 4750; x_wconf 87' lang='lat'>:</span> <span class='ocrx_word' id='word_1_469' title='bbox 1991 4678 2151 4750; x_wconf 88' lang='lat' dir='ltr'>Mitte</span> 
     </span>
    </p>
   </div>
   <div class='ocr_carea' id='block_1_66' title="bbox 507 4749 2151 4820">
    <p class='ocr_par' dir='ltr' id='par_1_66' title="bbox 507 4749 2151 4820">
     <span class='ocr_line' id='line_1_68' title="bbox 507 4749 2151 4820; baseline -0.006 -6"><span class='ocrx_word' id='word_1_470' title='bbox 507 4759 578 4814; x_wconf 82' lang='lat' dir='ltr'>ad</span> <span class='ocrx_word' id='word_1_471' title='bbox 623 4761 979 4820; x_wconf 85' lang='lat' dir='ltr'>Susannam,</span> <span class='ocrx_word' id='word_1_472' title='bbox 1014 4753 1193 4808; x_wconf 81' lang='lat' dir='ltr'>ﬁliam</span> <span class='ocrx_word' id='word_1_473' title='bbox 1246 4751 1476 4817; x_wconf 65' lang='lat' dir='ltr'>Helciaa,</span> <span class='ocrx_word' id='word_1_474' title='bbox 1512 4766 1751 4804; x_wconf 88' lang='lat' dir='ltr'>uxorem</span> <span class='ocrx_word' id='word_1_475' title='bbox 1794 4749 2048 4804; x_wconf 34' lang='lat' dir='ltr'>&#39;Joacim.</span> <span class='ocrx_word' id='word_1_476' title='bbox 2081 4749 2151 4804; x_wconf 92' lang='lat' dir='ltr'>Et</span> 
     </span>
    </p>
   </div>
   <div class='ocr_carea' id='block_1_67' title="bbox 506 4820 2146 4890">
    <p class='ocr_par' dir='ltr' id='par_1_67' title="bbox 506 4820 2146 4890">
     <span class='ocr_line' id='line_1_69' title="bbox 506 4820 2146 4890; baseline -0.005 -6"><span class='ocrx_word' id='word_1_477' title='bbox 506 4829 706 4884; x_wconf 86' lang='lat' dir='ltr'>statim</span> <span class='ocrx_word' id='word_1_478' title='bbox 742 4828 1048 4881; x_wconf 90' lang='lat' dir='ltr'>miserunt.</span> <span class='ocrx_word' id='word_1_479' title='bbox 1075 4825 1143 4878; x_wconf 87' lang='lat' dir='ltr'>Et</span> <span class='ocrx_word' id='word_1_480' title='bbox 1173 4822 1330 4878; x_wconf 93' lang='lat' dir='ltr'>venit</span> <span class='ocrx_word' id='word_1_481' title='bbox 1357 4838 1490 4877; x_wconf 91' lang='lat' dir='ltr'>cum</span> <span class='ocrx_word' id='word_1_482' title='bbox 1516 4821 1876 4890; x_wconf 76' lang='lat' dir='ltr'>patentibus,</span> <span class='ocrx_word' id='word_1_483' title='bbox 1901 4825 1955 4875; x_wconf 91' lang='lat' dir='ltr'>et</span> <span class='ocrx_word' id='word_1_484' title='bbox 1987 4820 2146 4890; x_wconf 85' lang='lat' dir='ltr'>filiis,</span> 
     </span>
    </p>
   </div>
   <div class='ocr_carea' id='block_1_68' title="bbox 501 4891 2146 4967">
    <p class='ocr_par' dir='ltr' id='par_1_68' title="bbox 501 4891 2146 4967">
     <span class='ocr_line' id='line_1_70' title="bbox 501 4891 2146 4967; baseline -0.005 -13"><span class='ocrx_word' id='word_1_485' title='bbox 501 4907 559 4954; x_wconf 91' lang='lat' dir='ltr'>et</span> <span class='ocrx_word' id='word_1_486' title='bbox 585 4899 875 4954; x_wconf 79' lang='lat' dir='ltr'>universis</span> <span class='ocrx_word' id='word_1_487' title='bbox 906 4897 1173 4967; x_wconf 81' lang='lat' dir='ltr'>cognatis</span> <span class='ocrx_word' id='word_1_488' title='bbox 1205 4895 1349 4949; x_wconf 89' lang='lat' dir='ltr'>suis.</span> <span class='ocrx_word' id='word_1_489' title='bbox 1387 4897 1562 4967; x_wconf 87' lang='lat' dir='ltr'>Porro</span> <span class='ocrx_word' id='word_1_490' title='bbox 1593 4895 2015 4967; x_wconf 64' lang='lat' dir='ltr'>Susannaerat</span> <span class='ocrx_word' id='word_1_491' title='bbox 2043 4891 2146 4946; x_wconf 90' lang='lat' dir='ltr'>de-</span> 
     </span>
    </p>
   </div>
   <div class='ocr_carea' id='block_1_69' title="bbox 502 4963 2146 5038">
    <p class='ocr_par' dir='ltr' id='par_1_69' title="bbox 502 4963 2146 5038">
     <span class='ocr_line' id='line_1_71' title="bbox 502 4963 2146 5038; baseline -0.005 -12"><span class='ocrx_word' id='word_1_492' title='bbox 502 4970 674 5027; x_wconf 88' lang='lat' dir='ltr'>licata</span> <span class='ocrx_word' id='word_1_493' title='bbox 704 4971 899 5035; x_wconf 92' lang='lat' dir='ltr'>nimis,</span> <span class='ocrx_word' id='word_1_494' title='bbox 930 4963 1260 5038; x_wconf 44' lang='lat' dir='ltr'>et&#39;pulchra</span> <span class='ocrx_word' id='word_1_495' title='bbox 1292 4965 1502 5035; x_wconf 82' lang='lat' dir='ltr'>specie.</span> <span class='ocrx_word' id='word_1_496' title='bbox 1537 4967 1611 5038; x_wconf 80' lang='lat' dir='ltr'>At</span> <span class='ocrx_word' id='word_1_497' title='bbox 1634 4963 1814 5033; x_wconf 78' lang='lat' dir='ltr'>iniqui</span> <span class='ocrx_word' id='word_1_498' title='bbox 1847 4963 1929 5017; x_wconf 92' lang='lat' dir='ltr'>illi</span> <span class='ocrx_word' id='word_1_499' title='bbox 1954 4965 2146 5038; x_wconf 84' lang='lat' dir='ltr'>jusse-</span> 
     </span>
    </p>
   </div>
   <div class='ocr_carea' id='block_1_70' title="bbox 501 5035 2144 5110">
    <p class='ocr_par' dir='ltr' id='par_1_70' title="bbox 501 5035 2144 5110">
     <span class='ocr_line' id='line_1_72' title="bbox 501 5035 2144 5110; baseline -0.005 -13"><span class='ocrx_word' id='word_1_500' title='bbox 501 5048 660 5107; x_wconf 84' lang='lat' dir='ltr'>runt,</span> <span class='ocrx_word' id='word_1_501' title='bbox 696 5048 758 5096; x_wconf 92' lang='lat' dir='ltr'>ut</span> <span class='ocrx_word' id='word_1_502' title='bbox 788 5035 1281 5110; x_wconf 87' lang='lat' dir='ltr'>discooperiretur</span> <span class='ocrx_word' id='word_1_503' title='bbox 1326 5042 1476 5110; x_wconf 83' lang='lat' dir='ltr'>(erat</span> <span class='ocrx_word' id='word_1_504' title='bbox 1521 5035 1678 5110; x_wconf 85' lang='lat' dir='ltr'>enim</span> <span class='ocrx_word' id='word_1_505' title='bbox 1732 5036 2044 5110; x_wconf 80' lang='lat' dir='ltr'>cooperta),</span> <span class='ocrx_word' id='word_1_506' title='bbox 2081 5039 2144 5110; x_wconf 90' lang='lat' dir='ltr'>u_t</span> 
     </span>
    </p>
   </div>
   <div class='ocr_carea' id='block_1_71' title="bbox 499 5105 2139 5177">
    <p class='ocr_par' dir='ltr' id='par_1_71' title="bbox 499 5105 2139 5177">
     <span class='ocr_line' id='line_1_73' title="bbox 499 5105 2139 5177; baseline -0.007 -8"><span class='ocrx_word' id='word_1_507' title='bbox 499 5114 587 5169; x_wconf 90' lang='lat' dir='ltr'>vel</span> <span class='ocrx_word' id='word_1_508' title='bbox 619 5105 701 5168; x_wconf 90' lang='lat' dir='ltr'>sic</span> <span class='ocrx_word' id='word_1_509' title='bbox 734 5105 1089 5168; x_wconf 77' lang='lat' dir='ltr'>satiarentur</span> <span class='ocrx_word' id='word_1_510' title='bbox 1117 5111 1323 5164; x_wconf 92' lang='lat' dir='ltr'>decore</span> <span class='ocrx_word' id='word_1_511' title='bbox 1350 5109 1499 5177; x_wconf 87' lang='lat' dir='ltr'>ejus.</span> <span class='ocrx_word' id='word_1_512' title='bbox 1529 5107 1766 5161; x_wconf 85' lang='lat' dir='ltr'>Flebant</span> <span class='ocrx_word' id='word_1_513' title='bbox 1814 5106 1996 5176; x_wconf 79' lang='lat' dir='ltr'>igitur</span> <span class='ocrx_word' id='word_1_514' title='bbox 2025 5105 2139 5170; x_wconf 92' lang='lat' dir='ltr'>sui,</span> 
     </span>
    </p>
   </div>
   <div class='ocr_carea' id='block_1_72' title="bbox 501 5177 2141 5254">
    <p class='ocr_par' dir='ltr' id='par_1_72' title="bbox 501 5177 2141 5254">
     <span class='ocr_line' id='line_1_74' title="bbox 501 5177 2141 5254; baseline -0.006 -14"><span class='ocrx_word' id='word_1_515' title='bbox 501 5192 558 5240; x_wconf 89' lang='lat' dir='ltr'>et</span> <span class='ocrx_word' id='word_1_516' title='bbox 587 5201 793 5240; x_wconf 90' lang='lat' dir='ltr'>omnes</span> <span class='ocrx_word' id='word_1_517' title='bbox 825 5185 923 5254; x_wconf 89' lang='lat' dir='ltr'>qui</span> <span class='ocrx_word' id='word_1_518' title='bbox 959 5184 1244 5254; x_wconf 69' lang='lat' dir='ltr'>noverant</span> <span class='ocrx_word' id='word_1_519' title='bbox 1285 5195 1436 5233; x_wconf 89' lang='lat' dir='ltr'>eam.</span> <span class='ocrx_word' id='word_1_520' title='bbox 1467 5177 1895 5254; x_wconf 76' lang='lat' dir='ltr'>Consurgentes</span> <span class='ocrx_word' id='word_1_521' title='bbox 1951 5180 2141 5233; x_wconf 89' lang='lat' dir='ltr'>autem</span> 
     </span>
    </p>
   </div>
   <div class='ocr_carea' id='block_1_73' title="bbox 501 5248 2140 5328">
    <p class='ocr_par' dir='ltr' id='par_1_73' title="bbox 501 5248 2140 5328">
     <span class='ocr_line' id='line_1_75' title="bbox 501 5248 2140 5328; baseline -0.006 -16"><span class='ocrx_word' id='word_1_522' title='bbox 501 5259 618 5312; x_wconf 92' lang='lat' dir='ltr'>duo</span> <span class='ocrx_word' id='word_1_523' title='bbox 651 5248 970 5328; x_wconf 59' lang='lat' dir='ltr'>presbyteri</span> <span class='ocrx_word' id='word_1_524' title='bbox 1003 5254 1061 5307; x_wconf 91' lang='lat' dir='ltr'>in</span> <span class='ocrx_word' id='word_1_525' title='bbox 1095 5251 1294 5328; x_wconf 66' lang='lat' dir='ltr'>medic</span> <span class='ocrx_word' id='word_1_526' title='bbox 1320 5248 1538 5328; x_wconf 75' lang='lat' dir='ltr'>populi,</span> <span class='ocrx_word' id='word_1_527' title='bbox 1574 5253 1898 5328; x_wconf 72' lang='lat' dir='ltr'>posuerunt</span> <span class='ocrx_word' id='word_1_528' title='bbox 1929 5264 2140 5328; x_wconf 86' lang='lat' dir='ltr'>manus</span> 
     </span>
    </p>
   </div>
   <div class='ocr_carea' id='block_1_74' title="bbox 497 5319 2139 5396">
    <p class='ocr_par' dir='ltr' id='par_1_74' title="bbox 497 5319 2139 5396">
     <span class='ocr_line' id='line_1_76' title="bbox 497 5319 2139 5396; baseline -0.007 -12"><span class='ocrx_word' id='word_1_529' title='bbox 497 5319 847 5396; x_wconf 55' lang='lat' dir='ltr'>suas&#39;super</span> <span class='ocrx_word' id='word_1_530' title='bbox 876 5330 1052 5395; x_wconf 89' lang='lat' dir='ltr'>caput</span> <span class='ocrx_word' id='word_1_531' title='bbox 1079 5325 1229 5396; x_wconf 85' lang='lat' dir='ltr'>ejus,</span> <span class='ocrx_word' id='word_1_532' title='bbox 1261 5319 1409 5396; x_wconf 42' lang='lat' dir='ltr'>oss;</span> <span class='ocrx_word' id='word_1_533' title='bbox 1429 5319 1585 5396; x_wconf 73' lang='lat' dir='ltr'>ﬂens</span> <span class='ocrx_word' id='word_1_534' title='bbox 1607 5319 1872 5396; x_wconf 81' lang='lat' dir='ltr'>suspexit</span> <span class='ocrx_word' id='word_1_535' title='bbox 1901 5323 1970 5396; x_wconf 80' lang='lat' dir='ltr'>ad</span> <span class='ocrx_word' id='word_1_536' title='bbox 2027 5335 2139 5396; x_wconf 64' lang='lat' dir='ltr'>goe-</span> 
     </span>
    </p>
   </div>
   <div class='ocr_carea' id='block_1_75' title="bbox 497 5390 2137 5465">
    <p class='ocr_par' dir='ltr' id='par_1_75' title="bbox 497 5390 2137 5465">
     <span class='ocr_line' id='line_1_77' title="bbox 497 5390 2137 5465; baseline -0.007 -8"><span class='ocrx_word' id='word_1_537' title='bbox 497 5399 623 5457; x_wconf 86' lang='lat' dir='ltr'>lum</span> <span class='ocrx_word' id='word_1_538' title='bbox 651 5416 663 5454; x_wconf 91' lang='lat'>:</span> <span class='ocrx_word' id='word_1_539' title='bbox 698 5390 825 5456; x_wconf 75' lang='lat' dir='ltr'>erat</span> <span class='ocrx_word' id='word_1_540' title='bbox 853 5390 1010 5453; x_wconf 81' lang='lat' dir='ltr'>enim</span> <span class='ocrx_word' id='word_1_541' title='bbox 1038 5390 1136 5450; x_wconf 78' lang='lat' dir='ltr'>cor</span> <span class='ocrx_word' id='word_1_542' title='bbox 1166 5394 1294 5465; x_wconf 88' lang='lat' dir='ltr'>ejus</span> <span class='ocrx_word' id='word_1_543' title='bbox 1334 5391 1607 5447; x_wconf 83' lang='lat' dir='ltr'>ﬁduciam</span> <span class='ocrx_word' id='word_1_544' title='bbox 1660 5391 1882 5447; x_wconf 89' lang='lat' dir='ltr'>habens</span> <span class='ocrx_word' id='word_1_545' title='bbox 1914 5391 1971 5445; x_wconf 93' lang='lat' dir='ltr'>in</span> <span class='ocrx_word' id='word_1_546' title='bbox 2027 5390 2137 5445; x_wconf 54' lang='lat' dir='ltr'>Dor</span> 
     </span>
    </p>
   </div>
   <div class='ocr_carea' id='block_1_76' title="bbox 494 5604 2132 5678">
    <p class='ocr_par' dir='ltr' id='par_1_76' title="bbox 494 5604 2132 5678">
     <span class='ocr_line' id='line_1_78' title="bbox 494 5604 2132 5678; baseline -0.002 -13"><span class='ocrx_word' id='word_1_547' title='bbox 494 5610 630 5676; x_wconf 88' lang='lat' dir='ltr'>lem,</span> <span class='ocrx_word' id='word_1_548' title='bbox 663 5611 772 5667; x_wconf 90' lang='lat' dir='ltr'>has</span> <span class='ocrx_word' id='word_1_549' title='bbox 798 5610 1053 5665; x_wconf 89' lang='lat' dir='ltr'>visiones</span> <span class='ocrx_word' id='word_1_550' title='bbox 1084 5607 1248 5664; x_wconf 90' lang='lat' dir='ltr'>obelo</span> <span class='ocrx_word' id='word_1_551' title='bbox 1276 5604 2132 5678; x_wconf 58' lang='lat' dir='ltr'>praenotavimusgsigniﬁcan-</span> 
     </span>
    </p>
   </div>
   <div class='ocr_carea' id='block_1_77' title="bbox 494 5676 1936 5741">
    <p class='ocr_par' dir='ltr' id='par_1_77' title="bbox 494 5676 1936 5741">
     <span class='ocr_line' id='line_1_79' title="bbox 494 5676 1936 5741; baseline -0.004 -5"><span class='ocrx_word' id='word_1_552' title='bbox 494 5685 584 5736; x_wconf 83' lang='lat' dir='ltr'>tes</span> <span class='ocrx_word' id='word_1_553' title='bbox 613 5699 711 5736; x_wconf 90' lang='lat' dir='ltr'>eas</span> <span class='ocrx_word' id='word_1_554' title='bbox 743 5683 800 5736; x_wconf 91' lang='lat' dir='ltr'>in</span> <span class='ocrx_word' id='word_1_555' title='bbox 833 5681 1112 5736; x_wconf 85' lang='lat' dir='ltr'>Hebraico</span> <span class='ocrx_word' id='word_1_556' title='bbox 1143 5697 1257 5735; x_wconf 93' lang='lat' dir='ltr'>non</span> <span class='ocrx_word' id='word_1_557' title='bbox 1278 5676 1514 5741; x_wconf 79' lang='lat' dir='ltr'>haberi,</span> <span class='ocrx_word' id='word_1_558' title='bbox 1546 5698 1575 5725; x_wconf 91' lang='grc'>››</span> <span class='ocrx_word' id='word_1_559' title='bbox 1605 5681 1712 5731; x_wconf 88' lang='lat' dir='ltr'>etc.</span> <span class='ocrx_word' id='word_1_560' title='bbox 1747 5677 1936 5732; x_wconf 79' lang='lat' dir='ltr'>MART.</span> 
     </span>
    </p>
   </div>
   <div class='ocr_carea' id='block_1_78' title="bbox 568 5747 2133 5824">
    <p class='ocr_par' dir='ltr' id='par_1_78' title="bbox 568 5747 2133 5824">
     <span class='ocr_line' id='line_1_80' title="bbox 568 5747 2133 5824; baseline 0 -18"><span class='ocrx_word' id='word_1_561' title='bbox 568 5753 586 5790; x_wconf 72' lang='grc' dir='ltr'><strong>ι</strong></span> <span class='ocrx_word' id='word_1_562' title='bbox 617 5755 754 5810; x_wconf 79' lang='lat' dir='ltr'>Mss.</span> <span class='ocrx_word' id='word_1_563' title='bbox 782 5753 1007 5809; x_wconf 88' lang='lat' dir='ltr'>codices</span> <span class='ocrx_word' id='word_1_564' title='bbox 1051 5751 1254 5824; x_wconf 90' lang='lat' dir='ltr'>legunt</span> <span class='ocrx_word' id='word_1_565' title='bbox 1301 5747 1642 5820; x_wconf 77' lang='lat' dir='ltr'>Pomerium,</span> <span class='ocrx_word' id='word_1_566' title='bbox 1676 5749 1832 5821; x_wconf 90' lang='lat' dir='ltr'>quod</span> <span class='ocrx_word' id='word_1_567' title='bbox 1880 5747 2133 5806; x_wconf 82' lang='lat' dir='ltr'>maxime</span> 
     </span>
    </p>
   </div>
   <div class='ocr_carea' id='block_1_79' title="bbox 2260 403 3804 530">
    <p class='ocr_par' dir='ltr' id='par_1_79' title="bbox 2260 403 3804 530">
     <span class='ocr_line' id='line_1_81' title="bbox 2260 403 3804 530; baseline 0.008 -74"><span class='ocrx_word' id='word_1_568' title='bbox 2260 403 2318 457; x_wconf 92' lang='lat' dir='ltr'>in</span> <span class='ocrx_word' id='word_1_569' title='bbox 2377 406 2640 530; x_wconf 61' lang='lat' dir='ltr'>romario</span> <span class='ocrx_word' id='word_1_570' title='bbox 2698 403 3127 475; x_wconf 29' lang='lat' dir='ltr'>soli,’ingressa</span> <span class='ocrx_word' id='word_1_571' title='bbox 3161 410 3251 460; x_wconf 89' lang='lat' dir='ltr'>est</span> <span class='ocrx_word' id='word_1_572' title='bbox 3305 405 3428 458; x_wconf 68' lang='lat' dir='ltr'>haec</span> <span class='ocrx_word' id='word_1_573' title='bbox 3481 419 3597 460; x_wconf 91' lang='lat' dir='ltr'>cum</span> <span class='ocrx_word' id='word_1_574' title='bbox 3643 408 3804 468; x_wconf 77' lang='lat' dir='ltr'>duabus</span> 
     </span>
     <span class='ocr_line' id='line_1_82' title="bbox 2261 475 3804 530; baseline 0 0"><span class='ocrx_word' id='word_1_575' title='bbox 2261 491 2372 530; x_wconf 83' lang='lat' dir='ltr'>Due</span> <span class='ocrx_word' id='word_1_576' title='bbox 2404 476 2510 530; x_wconf 88' lang='lat' dir='ltr'>lis:</span> <span class='ocrx_word' id='word_1_577' title='bbox 2545 482 2602 530; x_wconf 89' lang='lat' dir='ltr'>et</span> <span class='ocrx_word' id='word_1_578' title='bbox 2643 476 2857 530; x_wconf 86' lang='lat' dir='ltr'>clausit</span> <span class='ocrx_word' id='word_1_579' title='bbox 2904 477 3053 530; x_wconf 89' lang='lat' dir='ltr'>ostia</span> <span class='ocrx_word' id='word_1_580' title='bbox 3103 475 3369 530; x_wconf 88' lang='lat' dir='ltr'>nomarii.</span> <span class='ocrx_word' id='word_1_581' title='bbox 3401 478 3460 529; x_wconf 90' lang='lat' dir='ltr'>et</span> <span class='ocrx_word' id='word_1_582' title='bbox 3504 475 3688 530; x_wconf 87' lang='lat' dir='ltr'>dimisit</span> <span class='ocrx_word' id='word_1_583' title='bbox 3722 499 3804 530; x_wconf 75' lang='lat' dir='ltr'>san</span> 
     </span>
    </p>
   </div>
   <div class='ocr_carea' id='block_1_80' title="bbox 2259 475 3804 547">
    <p class='ocr_par' dir='ltr' id='par_1_80' title="bbox 2259 475 3804 547">
     <span class='ocr_line' id='line_1_83' title="bbox 2259 475 3804 547; baseline 0.007 -19"><span class='ocrx_word' id='word_1_584' title='bbox 2259 475 2510 545; x_wconf 87' lang='lat' dir='ltr'>puellis:</span> <span class='ocrx_word' id='word_1_585' title='bbox 2545 482 2602 532; x_wconf 89' lang='lat' dir='ltr'>et</span> <span class='ocrx_word' id='word_1_586' title='bbox 2643 476 2857 532; x_wconf 88' lang='lat' dir='ltr'>clausit</span> <span class='ocrx_word' id='word_1_587' title='bbox 2904 477 3053 531; x_wconf 90' lang='lat' dir='ltr'>ostia</span> <span class='ocrx_word' id='word_1_588' title='bbox 3103 475 3370 547; x_wconf 87' lang='lat' dir='ltr'>pomarii,</span> <span class='ocrx_word' id='word_1_589' title='bbox 3401 478 3460 529; x_wconf 90' lang='lat' dir='ltr'>et</span> <span class='ocrx_word' id='word_1_590' title='bbox 3504 475 3688 533; x_wconf 86' lang='lat' dir='ltr'>dimisit</span> <span class='ocrx_word' id='word_1_591' title='bbox 3722 499 3804 539; x_wconf 82' lang='lat' dir='ltr'>sse</span> 
     </span>
    </p>
   </div>
   <div class='ocr_carea' id='block_1_81' title="bbox 2259 547 3808 618">
    <p class='ocr_par' dir='ltr' id='par_1_81' title="bbox 2259 547 3808 618">
     <span class='ocr_line' id='line_1_84' title="bbox 2259 547 3808 618; baseline 0.006 -18"><span class='ocrx_word' id='word_1_592' title='bbox 2259 547 2507 616; x_wconf 89' lang='lat' dir='ltr'>puellas.</span> <span class='ocrx_word' id='word_1_593' title='bbox 2542 549 2822 618; x_wconf 82' lang='lat' dir='ltr'>Venitque</span> <span class='ocrx_word' id='word_1_594' title='bbox 2855 549 2926 602; x_wconf 90' lang='lat' dir='ltr'>ad</span> <span class='ocrx_word' id='word_1_595' title='bbox 2960 564 3087 603; x_wconf 90' lang='lat' dir='ltr'>eam</span> <span class='ocrx_word' id='word_1_596' title='bbox 3121 547 3462 603; x_wconf 87' lang='lat' dir='ltr'>adolescens</span> <span class='ocrx_word' id='word_1_597' title='bbox 3491 548 3579 618; x_wconf 90' lang='lat' dir='ltr'>qui</span> <span class='ocrx_word' id='word_1_598' title='bbox 3603 555 3700 605; x_wconf 87' lang='lat' dir='ltr'>erat</span> <span class='ocrx_word' id='word_1_599' title='bbox 3720 555 3808 609; x_wconf 86' lang='lat' dir='ltr'>abs-</span> 
     </span>
    </p>
   </div>
   <div class='ocr_carea' id='block_1_82' title="bbox 2260 619 3809 684">
    <p class='ocr_par' dir='ltr' id='par_1_82' title="bbox 2260 619 3809 684">
     <span class='ocr_line' id='line_1_85' title="bbox 2260 619 3809 684; baseline 0.006 -14"><span class='ocrx_word' id='word_1_600' title='bbox 2260 619 2554 684; x_wconf 86' lang='lat' dir='ltr'>conditus,</span> <span class='ocrx_word' id='word_1_601' title='bbox 2597 625 2653 675; x_wconf 91' lang='lat' dir='ltr'>et</span> <span class='ocrx_word' id='word_1_602' title='bbox 2701 621 3021 675; x_wconf 89' lang='lat' dir='ltr'>concubuit</span> <span class='ocrx_word' id='word_1_603' title='bbox 3069 636 3205 674; x_wconf 93' lang='lat' dir='ltr'>cum</span> <span class='ocrx_word' id='word_1_604' title='bbox 3255 635 3341 674; x_wconf 88' lang='lat' dir='ltr'>ea.</span> <span class='ocrx_word' id='word_1_605' title='bbox 3387 619 3556 673; x_wconf 90' lang='lat' dir='ltr'>Porro</span> <span class='ocrx_word' id='word_1_606' title='bbox 3593 635 3676 676; x_wconf 89' lang='lat' dir='ltr'>nos</span> <span class='ocrx_word' id='word_1_607' title='bbox 3715 640 3809 680; x_wconf 86' lang='lat' dir='ltr'>cum</span> 
     </span>
    </p>
   </div>
   <div class='ocr_carea' id='block_1_83' title="bbox 2259 690 3810 763">
    <p class='ocr_par' dir='ltr' id='par_1_83' title="bbox 2259 690 3810 763">
     <span class='ocr_line' id='line_1_86' title="bbox 2259 690 3810 763; baseline 0.004 -19"><span class='ocrx_word' id='word_1_608' title='bbox 2259 704 2524 745; x_wconf 85' lang='lat' dir='ltr'>essemus</span> <span class='ocrx_word' id='word_1_609' title='bbox 2553 693 2609 745; x_wconf 91' lang='lat' dir='ltr'>in</span> <span class='ocrx_word' id='word_1_610' title='bbox 2641 691 2852 761; x_wconf 85' lang='lat' dir='ltr'>angulo</span> <span class='ocrx_word' id='word_1_611' title='bbox 2903 692 3173 763; x_wconf 85' lang='lat' dir='ltr'>pomarii,</span> <span class='ocrx_word' id='word_1_612' title='bbox 3206 690 3469 745; x_wconf 84' lang='lat' dir='ltr'>videntes</span> <span class='ocrx_word' id='word_1_613' title='bbox 3515 690 3810 763; x_wconf 85' lang='lat' dir='ltr'>iniquitatem,</span> 
     </span>
    </p>
   </div>
   <div class='ocr_carea' id='block_1_84' title="bbox 2258 762 3809 832">
    <p class='ocr_par' dir='ltr' id='par_1_84' title="bbox 2258 762 3809 832">
     <span class='ocr_line' id='line_1_87' title="bbox 2258 762 3809 832; baseline 0.005 -18"><span class='ocrx_word' id='word_1_614' title='bbox 2258 763 2554 816; x_wconf 90' lang='lat' dir='ltr'>currimus</span> <span class='ocrx_word' id='word_1_615' title='bbox 2607 763 2678 817; x_wconf 89' lang='lat' dir='ltr'>ad</span> <span class='ocrx_word' id='word_1_616' title='bbox 2739 779 2859 829; x_wconf 90' lang='lat' dir='ltr'>eos,</span> <span class='ocrx_word' id='word_1_617' title='bbox 2893 762 2950 818; x_wconf 82' lang='lat' dir='ltr'>et</span> <span class='ocrx_word' id='word_1_618' title='bbox 3007 763 3261 818; x_wconf 88' lang='lat' dir='ltr'>vidimus</span> <span class='ocrx_word' id='word_1_619' title='bbox 3317 778 3416 816; x_wconf 89' lang='lat' dir='ltr'>eos</span> <span class='ocrx_word' id='word_1_620' title='bbox 3477 762 3659 832; x_wconf 79' lang='lat' dir='ltr'>pariter</span> <span class='ocrx_word' id='word_1_621' title='bbox 3700 782 3809 821; x_wconf 88' lang='lat' dir='ltr'>com-</span> 
     </span>
    </p>
   </div>
   <div class='ocr_carea' id='block_1_85' title="bbox 2261 832 3814 904">
    <p class='ocr_par' dir='ltr' id='par_1_85' title="bbox 2261 832 3814 904">
     <span class='ocr_line' id='line_1_88' title="bbox 2261 832 3814 904; baseline 0.005 -18"><span class='ocrx_word' id='word_1_622' title='bbox 2261 833 2514 888; x_wconf 90' lang='lat' dir='ltr'>misceri.</span> <span class='ocrx_word' id='word_1_623' title='bbox 2539 838 2607 888; x_wconf 82' lang='lat' dir='ltr'>Et</span> <span class='ocrx_word' id='word_1_624' title='bbox 2636 833 2801 888; x_wconf 91' lang='lat' dir='ltr'>illum</span> <span class='ocrx_word' id='word_1_625' title='bbox 2822 835 3055 904; x_wconf 90' lang='lat' dir='ltr'>quidem</span> <span class='ocrx_word' id='word_1_626' title='bbox 3081 850 3195 888; x_wconf 92' lang='lat' dir='ltr'>non</span> <span class='ocrx_word' id='word_1_627' title='bbox 3223 832 3514 904; x_wconf 89' lang='lat' dir='ltr'>quivimus</span> <span class='ocrx_word' id='word_1_628' title='bbox 3533 838 3814 904; x_wconf 78' lang='lat' dir='ltr'>comprehen-</span> 
     </span>
    </p>
   </div>
   <div class='ocr_carea' id='block_1_86' title="bbox 2260 903 3811 986">
    <p class='ocr_par' dir='ltr' id='par_1_86' title="bbox 2260 903 3811 986">
     <span class='ocr_line' id='line_1_89' title="bbox 2260 903 3811 986; baseline 0.003 -28"><span class='ocrx_word' id='word_1_629' title='bbox 2260 905 2418 986; x_wconf 71' lang='lat' dir='ltr'>dere,</span> <span class='ocrx_word' id='word_1_630' title='bbox 2447 907 2590 986; x_wconf 80' lang='lat' dir='ltr'>quia</span> <span class='ocrx_word' id='word_1_631' title='bbox 2619 906 2823 960; x_wconf 86' lang='lat' dir='ltr'>l&#39;ortior</span> <span class='ocrx_word' id='word_1_632' title='bbox 2842 903 3024 960; x_wconf 89' lang='lat' dir='ltr'>nobis</span> <span class='ocrx_word' id='word_1_633' title='bbox 3053 915 3206 986; x_wconf 61' lang='lat' dir='ltr'>erat,</span> <span class='ocrx_word' id='word_1_634' title='bbox 3227 903 3284 959; x_wconf 89' lang='lat' dir='ltr'>et</span> <span class='ocrx_word' id='word_1_635' title='bbox 3313 903 3530 986; x_wconf 74' lang='lat' dir='ltr'>apertis</span> <span class='ocrx_word' id='word_1_636' title='bbox 3555 903 3687 986; x_wconf 65' lang='lat' dir='ltr'>ostiis</span> <span class='ocrx_word' id='word_1_637' title='bbox 3709 910 3811 963; x_wconf 80' lang='lat' dir='ltr'>exsi-</span> 
     </span>
    </p>
   </div>
   <div class='ocr_carea' id='block_1_87' title="bbox 2261 973 3812 1047">
    <p class='ocr_par' dir='ltr' id='par_1_87' title="bbox 2261 973 3812 1047">
     <span class='ocr_line' id='line_1_90' title="bbox 2261 973 3812 1047; baseline 0.003 -18"><span class='ocrx_word' id='word_1_638' title='bbox 2261 973 2387 1047; x_wconf 86' lang='lat' dir='ltr'>livit</span> <span class='ocrx_word' id='word_1_639' title='bbox 2411 993 2421 1030; x_wconf 93' lang='lat'>:</span> <span class='ocrx_word' id='word_1_640' title='bbox 2443 973 2594 1030; x_wconf 80' lang='lat' dir='ltr'>hanc</span> <span class='ocrx_word' id='word_1_641' title='bbox 2617 984 2809 1032; x_wconf 90' lang='lat' dir='ltr'>autem</span> <span class='ocrx_word' id='word_1_642' title='bbox 2845 993 2978 1032; x_wconf 91' lang='lat' dir='ltr'>cum</span> <span class='ocrx_word' id='word_1_643' title='bbox 3009 973 3812 1047; x_wconf 82' lang='lat' dir='ltr'>apprehendissemus,interro-</span> 
     </span>
    </p>
   </div>
   <div class='ocr_carea' id='block_1_88' title="bbox 2259 1046 3814 1118">
    <p class='ocr_par' dir='ltr' id='par_1_88' title="bbox 2259 1046 3814 1118">
     <span class='ocr_line' id='line_1_91' title="bbox 2259 1046 3814 1118; baseline 0.003 -18"><span class='ocrx_word' id='word_1_644' title='bbox 2259 1046 2548 1114; x_wconf 79' lang='lat' dir='ltr'>gavimus,</span> <span class='ocrx_word' id='word_1_645' title='bbox 2581 1049 2852 1118; x_wconf 88' lang='lat' dir='ltr'>quisnam</span> <span class='ocrx_word' id='word_1_646' title='bbox 2885 1055 3040 1103; x_wconf 85' lang='lat' dir='ltr'>esset</span> <span class='ocrx_word' id='word_1_647' title='bbox 3068 1046 3429 1114; x_wconf 83' lang='lat' dir='ltr'>adolescens,</span> <span class='ocrx_word' id='word_1_648' title='bbox 3454 1053 3512 1101; x_wconf 89' lang='lat' dir='ltr'>et</span> <span class='ocrx_word' id='word_1_649' title='bbox 3532 1047 3685 1118; x_wconf 88' lang='lat' dir='ltr'>noluit</span> <span class='ocrx_word' id='word_1_650' title='bbox 3707 1051 3814 1106; x_wconf 89' lang='lat' dir='ltr'>indi-</span> 
     </span>
    </p>
   </div>
   <div class='ocr_carea' id='block_1_89' title="bbox 2259 1117 3813 1188">
    <p class='ocr_par' dir='ltr' id='par_1_89' title="bbox 2259 1117 3813 1188">
     <span class='ocr_line' id='line_1_92' title="bbox 2259 1117 3813 1188; baseline 0.003 -17"><span class='ocrx_word' id='word_1_651' title='bbox 2259 1133 2388 1172; x_wconf 83' lang='lat' dir='ltr'>care</span> <span class='ocrx_word' id='word_1_652' title='bbox 2421 1117 2628 1174; x_wconf 89' lang='lat' dir='ltr'>nobis:</span> <span class='ocrx_word' id='word_1_653' title='bbox 2660 1120 2840 1188; x_wconf 87' lang='lat' dir='ltr'>hujus</span> <span class='ocrx_word' id='word_1_654' title='bbox 2893 1120 2976 1174; x_wconf 90' lang='lat' dir='ltr'>rei</span> <span class='ocrx_word' id='word_1_655' title='bbox 3024 1125 3202 1174; x_wconf 89' lang='lat' dir='ltr'>testes</span> <span class='ocrx_word' id='word_1_656' title='bbox 3255 1135 3486 1173; x_wconf 87' lang='lat' dir='ltr'>sumus.</span> <span class='ocrx_word' id='word_1_657' title='bbox 3517 1117 3725 1174; x_wconf 84' lang='lat' dir='ltr'>Credidit</span> <span class='ocrx_word' id='word_1_658' title='bbox 3757 1120 3813 1176; x_wconf 79' lang='lat' dir='ltr'>eis</span> 
     </span>
    </p>
   </div>
   <div class='ocr_carea' id='block_1_90' title="bbox 2262 1189 3816 1262">
    <p class='ocr_par' dir='ltr' id='par_1_90' title="bbox 2262 1189 3816 1262">
     <span class='ocr_line' id='line_1_93' title="bbox 2262 1189 3816 1262; baseline 0.003 -19"><span class='ocrx_word' id='word_1_659' title='bbox 2262 1189 2598 1262; x_wconf 78' lang='lat' dir='ltr'>multitudo,</span> <span class='ocrx_word' id='word_1_660' title='bbox 2629 1191 2800 1260; x_wconf 90' lang='lat' dir='ltr'>quasi</span> <span class='ocrx_word' id='word_1_661' title='bbox 2841 1191 3146 1260; x_wconf 86' lang='lat' dir='ltr'>judicibus</span> <span class='ocrx_word' id='word_1_662' title='bbox 3199 1196 3257 1244; x_wconf 91' lang='lat' dir='ltr'>et</span> <span class='ocrx_word' id='word_1_663' title='bbox 3305 1190 3544 1262; x_wconf 73' lang='lat' dir='ltr'>senibus</span> <span class='ocrx_word' id='word_1_664' title='bbox 3586 1191 3756 1262; x_wconf 82' lang='lat' dir='ltr'>populi,</span> <span class='ocrx_word' id='word_1_665' title='bbox 3776 1199 3816 1247; x_wconf 83' lang='lat' dir='ltr'>et</span> 
     </span>
    </p>
   </div>
   <div class='ocr_carea' id='block_1_91' title="bbox 2260 1259 3815 1318">
    <p class='ocr_par' dir='ltr' id='par_1_91' title="bbox 2260 1259 3815 1318">
     <span class='ocr_line' id='line_1_94' title="bbox 2260 1259 3815 1318; baseline 0.002 -4"><span class='ocrx_word' id='word_1_666' title='bbox 2260 1259 2798 1316; x_wconf 85' lang='lat' dir='ltr'>condemnaverunt</span> <span class='ocrx_word' id='word_1_667' title='bbox 2828 1259 2955 1316; x_wconf 83' lang='lat' dir='ltr'>eam</span> <span class='ocrx_word' id='word_1_668' title='bbox 2989 1264 3059 1316; x_wconf 90' lang='lat' dir='ltr'>ad</span> <span class='ocrx_word' id='word_1_669' title='bbox 3095 1270 3360 1316; x_wconf 91' lang='lat' dir='ltr'>mortem.</span> <span class='ocrx_word' id='word_1_670' title='bbox 3397 1259 3710 1317; x_wconf 77' lang='lat' dir='ltr'>Exclamaiit</span> <span class='ocrx_word' id='word_1_671' title='bbox 3745 1281 3815 1318; x_wconf 84' lang='lat' dir='ltr'>au-</span> 
     </span>
    </p>
   </div>
   <div class='ocr_carea' id='block_1_92' title="bbox 2260 1333 3815 1402">
    <p class='ocr_par' dir='ltr' id='par_1_92' title="bbox 2260 1333 3815 1402">
     <span class='ocr_line' id='line_1_95' title="bbox 2260 1333 3815 1402; baseline 0.003 -17"><span class='ocrx_word' id='word_1_672' title='bbox 2260 1338 2375 1386; x_wconf 90' lang='lat' dir='ltr'>tem</span> <span class='ocrx_word' id='word_1_673' title='bbox 2410 1348 2544 1387; x_wconf 89' lang='lat' dir='ltr'>vocs</span> <span class='ocrx_word' id='word_1_674' title='bbox 2578 1349 2791 1402; x_wconf 83' lang='lat' dir='ltr'>magna</span> <span class='ocrx_word' id='word_1_675' title='bbox 2825 1334 3118 1398; x_wconf 86' lang='lat' dir='ltr'>Susanna,</span> <span class='ocrx_word' id='word_1_676' title='bbox 3145 1340 3202 1387; x_wconf 90' lang='lat' dir='ltr'>et</span> <span class='ocrx_word' id='word_1_677' title='bbox 3229 1333 3408 1386; x_wconf 87' lang='lat' dir='ltr'>dixit:</span> <span class='ocrx_word' id='word_1_678' title='bbox 3438 1401 3441 1402; x_wconf 16' lang='grc' dir='ltr'><em>ν</em></span> <span class='ocrx_word' id='word_1_679' title='bbox 3469 1337 3610 1387; x_wconf 88' lang='lat' dir='ltr'>Deus</span> <span class='ocrx_word' id='word_1_680' title='bbox 3650 1339 3815 1399; x_wconf 63' lang='lat' dir='ltr'>sterne,</span> 
     </span>
    </p>
   </div>
   <div class='ocr_carea' id='block_1_93' title="bbox 2261 1401 3818 1475">
    <p class='ocr_par' dir='ltr' id='par_1_93' title="bbox 2261 1401 3818 1475">
     <span class='ocr_line' id='line_1_96' title="bbox 2261 1401 3818 1475; baseline 0.004 -21"><span class='ocrx_word' id='word_1_681' title='bbox 2261 1405 2359 1473; x_wconf 92' lang='lat' dir='ltr'>qui</span> <span class='ocrx_word' id='word_1_682' title='bbox 2392 1401 2868 1458; x_wconf 25' lang='lat' dir='ltr'>abscondit’orum</span> <span class='ocrx_word' id='word_1_683' title='bbox 2918 1421 2980 1460; x_wconf 90' lang='lat' dir='ltr'>es</span> <span class='ocrx_word' id='word_1_684' title='bbox 3031 1405 3314 1475; x_wconf 85' lang='lat' dir='ltr'>cognitor,</span> <span class='ocrx_word' id='word_1_685' title='bbox 3348 1401 3450 1473; x_wconf 89' lang='lat' dir='ltr'>qui</span> <span class='ocrx_word' id='word_1_686' title='bbox 3502 1405 3634 1458; x_wconf 88' lang='lat' dir='ltr'>nosti</span> <span class='ocrx_word' id='word_1_687' title='bbox 3672 1407 3818 1460; x_wconf 74' lang='lat' dir='ltr'>omnis</span> 
     </span>
    </p>
   </div>
   <div class='ocr_carea' id='block_1_94' title="bbox 2260 1476 3819 1546">
    <p class='ocr_par' dir='ltr' id='par_1_94' title="bbox 2260 1476 3819 1546">
     <span class='ocr_line' id='line_1_97' title="bbox 2260 1476 3819 1546; baseline 0.003 -19"><span class='ocrx_word' id='word_1_688' title='bbox 2260 1479 2572 1546; x_wconf 85' lang='lat' dir='ltr'>antequam</span> <span class='ocrx_word' id='word_1_689' title='bbox 2609 1479 2771 1542; x_wconf 82' lang='lat' dir='ltr'>(iant,</span> <span class='ocrx_word' id='word_1_690' title='bbox 2796 1481 2860 1530; x_wconf 93' lang='lat' dir='ltr'>tu</span> <span class='ocrx_word' id='word_1_691' title='bbox 2891 1476 3007 1530; x_wconf 91' lang='lat' dir='ltr'>scis</span> <span class='ocrx_word' id='word_1_692' title='bbox 3031 1476 3306 1546; x_wconf 82' lang='lat' dir='ltr'>quoniam</span> <span class='ocrx_word' id='word_1_693' title='bbox 3339 1476 3547 1529; x_wconf 87' lang='lat' dir='ltr'>falsum</span> <span class='ocrx_word' id='word_1_694' title='bbox 3574 1482 3738 1530; x_wconf 88' lang='lat' dir='ltr'>contra</span> <span class='ocrx_word' id='word_1_695' title='bbox 3760 1493 3819 1531; x_wconf 88' lang='lat' dir='ltr'>me</span> 
     </span>
    </p>
   </div>
   <div class='ocr_carea' id='block_1_95' title="bbox 2265 1545 3818 1613">
    <p class='ocr_par' dir='ltr' id='par_1_95' title="bbox 2265 1545 3818 1613">
     <span class='ocr_line' id='line_1_98' title="bbox 2265 1545 3818 1613; baseline 0.001 -14"><span class='ocrx_word' id='word_1_696' title='bbox 2265 1545 2527 1600; x_wconf 85' lang='lat' dir='ltr'>tulerunt</span> <span class='ocrx_word' id='word_1_697' title='bbox 2561 1547 2998 1602; x_wconf 87' lang='lat' dir='ltr'>testimonium:</span> <span class='ocrx_word' id='word_1_698' title='bbox 3032 1545 3087 1602; x_wconf 85' lang='lat' dir='ltr'>et</span> <span class='ocrx_word' id='word_1_699' title='bbox 3117 1562 3249 1602; x_wconf 90' lang='lat' dir='ltr'>ecce</span> <span class='ocrx_word' id='word_1_700' title='bbox 3303 1547 3536 1613; x_wconf 91' lang='lat' dir='ltr'>morior,</span> <span class='ocrx_word' id='word_1_701' title='bbox 3564 1562 3676 1601; x_wconf 89' lang='lat' dir='ltr'>cum</span> <span class='ocrx_word' id='word_1_702' title='bbox 3716 1549 3818 1601; x_wconf 85' lang='lat' dir='ltr'>nihil</span> 
     </span>
    </p>
   </div>
   <div class='ocr_carea' id='block_1_96' title="bbox 2262 1615 3823 1689">
    <p class='ocr_par' dir='ltr' id='par_1_96' title="bbox 2262 1615 3823 1689">
     <span class='ocr_line' id='line_1_99' title="bbox 2262 1615 3823 1689; baseline 0.002 -19"><span class='ocrx_word' id='word_1_703' title='bbox 2262 1615 2472 1671; x_wconf 89' lang='lat' dir='ltr'>horum</span> <span class='ocrx_word' id='word_1_704' title='bbox 2507 1621 2764 1688; x_wconf 76' lang='lat' dir='ltr'>fecerim,</span> <span class='ocrx_word' id='word_1_705' title='bbox 2799 1635 2930 1689; x_wconf 78' lang='lat' dir='ltr'>quae</span> <span class='ocrx_word' id='word_1_706' title='bbox 2965 1618 3062 1673; x_wconf 89' lang='lat' dir='ltr'>isti</span> <span class='ocrx_word' id='word_1_707' title='bbox 3113 1618 3403 1672; x_wconf 88' lang='lat' dir='ltr'>malitiose</span> <span class='ocrx_word' id='word_1_708' title='bbox 3447 1627 3823 1687; x_wconf 86' lang='lat' dir='ltr'>composuerunt</span> 
     </span>
    </p>
   </div>
   <div class='ocr_carea' id='block_1_97' title="bbox 2262 1689 3821 1745">
    <p class='ocr_par' dir='ltr' id='par_1_97' title="bbox 2262 1689 3821 1745">
     <span class='ocr_line' id='line_1_100' title="bbox 2262 1689 3821 1745; baseline 0.001 -4"><span class='ocrx_word' id='word_1_709' title='bbox 2262 1691 2571 1743; x_wconf 82' lang='lat' dir='ltr'>adversum</span> <span class='ocrx_word' id='word_1_710' title='bbox 2622 1706 2732 1744; x_wconf 90' lang='lat' dir='ltr'>me.</span> <span class='ocrx_word' id='word_1_711' title='bbox 2771 1689 3071 1744; x_wconf 81' lang='lat' dir='ltr'>Exaudivit</span> <span class='ocrx_word' id='word_1_712' title='bbox 3119 1700 3316 1745; x_wconf 89' lang='lat' dir='ltr'>autem</span> <span class='ocrx_word' id='word_1_713' title='bbox 3369 1689 3638 1744; x_wconf 88' lang='lat' dir='ltr'>Dominus</span> <span class='ocrx_word' id='word_1_714' title='bbox 3677 1706 3821 1744; x_wconf 86' lang='lat' dir='ltr'>vocem</span> 
     </span>
    </p>
   </div>
   <div class='ocr_carea' id='block_1_98' title="bbox 2260 1759 3826 1831">
    <p class='ocr_par' dir='ltr' id='par_1_98' title="bbox 2260 1759 3826 1831">
     <span class='ocr_line' id='line_1_101' title="bbox 2260 1759 3826 1831; baseline 0.002 -19"><span class='ocrx_word' id='word_1_715' title='bbox 2260 1759 2410 1828; x_wconf 88' lang='lat' dir='ltr'>ejus.</span> <span class='ocrx_word' id='word_1_716' title='bbox 2461 1761 2722 1831; x_wconf 87' lang='lat' dir='ltr'>Cumque</span> <span class='ocrx_word' id='word_1_717' title='bbox 2777 1761 3089 1816; x_wconf 88' lang='lat' dir='ltr'>duceretur</span> <span class='ocrx_word' id='word_1_718' title='bbox 3143 1765 3215 1816; x_wconf 90' lang='lat' dir='ltr'>ad</span> <span class='ocrx_word' id='word_1_719' title='bbox 3277 1767 3546 1826; x_wconf 89' lang='lat' dir='ltr'>mortem,</span> <span class='ocrx_word' id='word_1_720' title='bbox 3588 1762 3826 1816; x_wconf 80' lang='lat' dir='ltr'>suscitavit</span> 
     </span>
    </p>
   </div>
   <div class='ocr_carea' id='block_1_99' title="bbox 2261 1831 3828 1902">
    <p class='ocr_par' dir='ltr' id='par_1_99' title="bbox 2261 1831 3828 1902">
     <span class='ocr_line' id='line_1_102' title="bbox 2261 1831 3828 1902; baseline 0.001 -18"><span class='ocrx_word' id='word_1_721' title='bbox 2261 1833 2544 1886; x_wconf 90' lang='lat' dir='ltr'>Dominus</span> <span class='ocrx_word' id='word_1_722' title='bbox 2575 1833 2847 1902; x_wconf 83' lang='lat' dir='ltr'>spiritum</span> <span class='ocrx_word' id='word_1_723' title='bbox 2897 1839 3167 1887; x_wconf 88' lang='lat' dir='ltr'>sanctum</span> <span class='ocrx_word' id='word_1_724' title='bbox 3220 1831 3382 1902; x_wconf 89' lang='lat' dir='ltr'>pueri</span> <span class='ocrx_word' id='word_1_725' title='bbox 3422 1832 3675 1902; x_wconf 84' lang='lat' dir='ltr'>junioris.</span> <span class='ocrx_word' id='word_1_726' title='bbox 3701 1833 3828 1901; x_wconf 87' lang='lat' dir='ltr'>cujus</span> 
     </span>
    </p>
   </div>
   <div class='ocr_carea' id='block_1_100' title="bbox 2263 1903 3826 1974">
    <p class='ocr_par' dir='ltr' id='par_1_100' title="bbox 2263 1903 3826 1974">
     <span class='ocr_line' id='line_1_103' title="bbox 2263 1903 3826 1974; baseline 0.001 -19"><span class='ocrx_word' id='word_1_727' title='bbox 2263 1919 2474 1956; x_wconf 92' lang='lat' dir='ltr'>nomen</span> <span class='ocrx_word' id='word_1_728' title='bbox 2509 1903 2731 1966; x_wconf 87' lang='lat' dir='ltr'>Daniel,</span> <span class='ocrx_word' id='word_1_729' title='bbox 2755 1909 2811 1957; x_wconf 92' lang='lat' dir='ltr'>et</span> <span class='ocrx_word' id='word_1_730' title='bbox 2838 1904 3178 1958; x_wconf 84' lang='lat' dir='ltr'>exclamavit</span> <span class='ocrx_word' id='word_1_731' title='bbox 3204 1920 3336 1958; x_wconf 92' lang='lat' dir='ltr'>voce</span> <span class='ocrx_word' id='word_1_732' title='bbox 3369 1920 3576 1974; x_wconf 87' lang='lat' dir='ltr'>magna</span> <span class='ocrx_word' id='word_1_733' title='bbox 3599 1920 3612 1958; x_wconf 90' lang='lat'>:</span> <span class='ocrx_word' id='word_1_734' title='bbox 3635 1903 3826 1958; x_wconf 77' lang='lat' dir='ltr'>Mundus</span> 
     </span>
    </p>
   </div>
   <div class='ocr_carea' id='block_1_101' title="bbox 2262 1974 3831 2045">
    <p class='ocr_par' dir='ltr' id='par_1_101' title="bbox 2262 1974 3831 2045">
     <span class='ocr_line' id='line_1_104' title="bbox 2262 1974 3831 2045; baseline -0.001 -16"><span class='ocrx_word' id='word_1_735' title='bbox 2262 1989 2368 2044; x_wconf 85' lang='lat' dir='ltr'>ego</span> <span class='ocrx_word' id='word_1_736' title='bbox 2417 1991 2548 2028; x_wconf 89' lang='lat' dir='ltr'>sum</span> <span class='ocrx_word' id='word_1_737' title='bbox 2599 1993 2631 2030; x_wconf 88' lang='lat' dir='ltr'>a</span> <span class='ocrx_word' id='word_1_738' title='bbox 2660 1975 2945 2045; x_wconf 88' lang='lat' dir='ltr'>sanguine</span> <span class='ocrx_word' id='word_1_739' title='bbox 2994 1975 3195 2042; x_wconf 84' lang='lat' dir='ltr'>hujus.</span> <span class='ocrx_word' id='word_1_740' title='bbox 3230 1980 3296 2029; x_wconf 64' lang='lat' dir='ltr'>Et</span> <span class='ocrx_word' id='word_1_741' title='bbox 3339 1991 3643 2029; x_wconf 84' lang='lat' dir='ltr'>conversus</span> <span class='ocrx_word' id='word_1_742' title='bbox 3683 1974 3831 2028; x_wconf 85' lang='lat' dir='ltr'>omnis</span> 
     </span>
    </p>
   </div>
   <div class='ocr_carea' id='block_1_102' title="bbox 2261 2045 3830 2115">
    <p class='ocr_par' dir='ltr' id='par_1_102' title="bbox 2261 2045 3830 2115">
     <span class='ocr_line' id='line_1_105' title="bbox 2261 2045 3830 2115; baseline -0.001 -16"><span class='ocrx_word' id='word_1_743' title='bbox 2261 2046 2515 2115; x_wconf 90' lang='lat' dir='ltr'>populus</span> <span class='ocrx_word' id='word_1_744' title='bbox 2548 2046 2614 2100; x_wconf 87' lang='lat' dir='ltr'>ad</span> <span class='ocrx_word' id='word_1_745' title='bbox 2648 2061 2801 2110; x_wconf 87' lang='lat' dir='ltr'>eum,</span> <span class='ocrx_word' id='word_1_746' title='bbox 2838 2046 3022 2101; x_wconf 84' lang='lat' dir='ltr'>dixit:</span> <span class='ocrx_word' id='word_1_747' title='bbox 3055 2046 3194 2111; x_wconf 90' lang='lat' dir='ltr'>Quis</span> <span class='ocrx_word' id='word_1_748' title='bbox 3224 2052 3314 2100; x_wconf 90' lang='lat' dir='ltr'>est</span> <span class='ocrx_word' id='word_1_749' title='bbox 3341 2045 3453 2101; x_wconf 87' lang='lat' dir='ltr'>iste</span> <span class='ocrx_word' id='word_1_750' title='bbox 3480 2063 3672 2110; x_wconf 87' lang='lat' dir='ltr'>sermo,</span> <span class='ocrx_word' id='word_1_751' title='bbox 3699 2061 3830 2115; x_wconf 86' lang='lat' dir='ltr'>quem</span> 
     </span>
    </p>
   </div>
   <div class='ocr_carea' id='block_1_103' title="bbox 2262 2116 3834 2182">
    <p class='ocr_par' dir='ltr' id='par_1_103' title="bbox 2262 2116 3834 2182">
     <span class='ocr_line' id='line_1_106' title="bbox 2262 2116 3834 2182; baseline 0 -12"><span class='ocrx_word' id='word_1_752' title='bbox 2262 2122 2326 2170; x_wconf 93' lang='lat' dir='ltr'>tu</span> <span class='ocrx_word' id='word_1_753' title='bbox 2357 2116 2587 2172; x_wconf 89' lang='lat' dir='ltr'>locutus</span> <span class='ocrx_word' id='word_1_754' title='bbox 2617 2134 2679 2172; x_wconf 89' lang='lat' dir='ltr'>es</span> <span class='ocrx_word' id='word_1_755' title='bbox 2701 2118 2727 2170; x_wconf 75' lang='lat'>‘.’</span> <span class='ocrx_word' id='word_1_756' title='bbox 2758 2118 2862 2181; x_wconf 88' lang='lat' dir='ltr'>Qui</span> <span class='ocrx_word' id='word_1_757' title='bbox 2895 2134 3026 2172; x_wconf 90' lang='lat' dir='ltr'>cum</span> <span class='ocrx_word' id='word_1_758' title='bbox 3087 2124 3270 2172; x_wconf 87' lang='lat' dir='ltr'>staret</span> <span class='ocrx_word' id='word_1_759' title='bbox 3325 2117 3386 2171; x_wconf 91' lang='lat' dir='ltr'>in</span> <span class='ocrx_word' id='word_1_760' title='bbox 3442 2118 3620 2172; x_wconf 90' lang='lat' dir='ltr'>medio</span> <span class='ocrx_word' id='word_1_761' title='bbox 3662 2132 3834 2182; x_wconf 84' lang='lat' dir='ltr'>eorum,</span> 
     </span>
    </p>
   </div>
   <div class='ocr_carea' id='block_1_104' title="bbox 2264 2187 3838 2258">
    <p class='ocr_par' dir='ltr' id='par_1_104' title="bbox 2264 2187 3838 2258">
     <span class='ocr_line' id='line_1_107' title="bbox 2264 2187 3838 2258; baseline 0 -18"><span class='ocrx_word' id='word_1_762' title='bbox 2264 2187 2345 2241; x_wconf 89' lang='lat' dir='ltr'>ait</span> <span class='ocrx_word' id='word_1_763' title='bbox 2378 2204 2391 2241; x_wconf 92' lang='lat'>:</span> <span class='ocrx_word' id='word_1_764' title='bbox 2453 2188 2544 2242; x_wconf 63' lang='lat' dir='ltr'>hic</span> <span class='ocrx_word' id='word_1_765' title='bbox 2579 2189 2744 2254; x_wconf 81' lang='lat' dir='ltr'>fatui,</span> <span class='ocrx_word' id='word_1_766' title='bbox 2789 2189 2893 2242; x_wconf 78' lang='lat' dir='ltr'>lilii</span> <span class='ocrx_word' id='word_1_767' title='bbox 2941 2188 3141 2255; x_wconf 87' lang='lat' dir='ltr'>Israel,</span> <span class='ocrx_word' id='word_1_768' title='bbox 3169 2205 3286 2243; x_wconf 91' lang='lat' dir='ltr'>non</span> <span class='ocrx_word' id='word_1_769' title='bbox 3326 2189 3668 2258; x_wconf 88' lang='lat' dir='ltr'>judicantes,</span> <span class='ocrx_word' id='word_1_770' title='bbox 3694 2203 3838 2257; x_wconf 87' lang='lat' dir='ltr'>neque</span> 
     </span>
    </p>
   </div>
   <div class='ocr_carea' id='block_1_105' title="bbox 2264 2259 3835 2332">
    <p class='ocr_par' dir='ltr' id='par_1_105' title="bbox 2264 2259 3835 2332">
     <span class='ocr_line' id='line_1_108' title="bbox 2264 2259 3835 2332; baseline 0.001 -21"><span class='ocrx_word' id='word_1_771' title='bbox 2264 2261 2436 2332; x_wconf 78' lang='lat' dir='ltr'>quod</span> <span class='ocrx_word' id='word_1_772' title='bbox 2455 2275 2651 2332; x_wconf 73' lang='lat' dir='ltr'>verum</span> <span class='ocrx_word' id='word_1_773' title='bbox 2681 2270 2766 2314; x_wconf 90' lang='lat' dir='ltr'>est</span> <span class='ocrx_word' id='word_1_774' title='bbox 2796 2260 3670 2332; x_wconf 81' lang='lat' dir='ltr'>cognoscentes,condemnastis</span> <span class='ocrx_word' id='word_1_775' title='bbox 3697 2259 3835 2332; x_wconf 78' lang='lat' dir='ltr'>tiliam</span> 
     </span>
    </p>
   </div>
   <div class='ocr_carea' id='block_1_106' title="bbox 2265 2329 3839 2402">
    <p class='ocr_par' dir='ltr' id='par_1_106' title="bbox 2265 2329 3839 2402">
     <span class='ocr_line' id='line_1_109' title="bbox 2265 2329 3839 2402; baseline 0 -19"><span class='ocrx_word' id='word_1_776' title='bbox 2265 2330 2442 2384; x_wconf 85' lang='lat' dir='ltr'>lsrael</span> <span class='ocrx_word' id='word_1_777' title='bbox 2468 2329 2489 2383; x_wconf 86' lang='lat'><em>?</em></span> <span class='ocrx_word' id='word_1_778' title='bbox 2519 2329 2892 2386; x_wconf 80' lang='lat' dir='ltr'>Revertimini</span> <span class='ocrx_word' id='word_1_779' title='bbox 2925 2332 3326 2402; x_wconf 89' lang='lat' dir='ltr'>adjudicium,</span> <span class='ocrx_word' id='word_1_780' title='bbox 3347 2333 3488 2401; x_wconf 88' lang='lat' dir='ltr'>quia</span> <span class='ocrx_word' id='word_1_781' title='bbox 3510 2333 3700 2386; x_wconf 83' lang='lat' dir='ltr'>falsum</span> <span class='ocrx_word' id='word_1_782' title='bbox 3717 2330 3839 2385; x_wconf 51' lang='lat' dir='ltr'>testi.</span> 
     </span>
    </p>
   </div>
   <div class='ocr_carea' id='block_1_107' title="bbox 2267 2402 3844 2458">
    <p class='ocr_par' dir='ltr' id='par_1_107' title="bbox 2267 2402 3844 2458">
     <span class='ocr_line' id='line_1_110' title="bbox 2267 2402 3844 2458; baseline -0.001 -3"><span class='ocrx_word' id='word_1_783' title='bbox 2267 2402 2527 2456; x_wconf 91' lang='lat' dir='ltr'>monium</span> <span class='ocrx_word' id='word_1_784' title='bbox 2565 2402 2742 2456; x_wconf 90' lang='lat' dir='ltr'>locuti</span> <span class='ocrx_word' id='word_1_785' title='bbox 2789 2411 2928 2457; x_wconf 89' lang='lat' dir='ltr'>sunt</span> <span class='ocrx_word' id='word_1_786' title='bbox 2979 2403 3260 2458; x_wconf 87' lang='lat' dir='ltr'>adversus</span> <span class='ocrx_word' id='word_1_787' title='bbox 3306 2418 3458 2457; x_wconf 88' lang='lat' dir='ltr'>eam.</span> <span class='ocrx_word' id='word_1_788' title='bbox 3489 2402 3744 2457; x_wconf 84' lang='lat' dir='ltr'>Reversus</span> <span class='ocrx_word' id='word_1_789' title='bbox 3781 2404 3844 2455; x_wconf 83' lang='lat' dir='ltr'>est</span> 
     </span>
    </p>
   </div>
   <div class='ocr_carea' id='block_1_108' title="bbox 2263 2471 3841 2546">
    <p class='ocr_par' dir='ltr' id='par_1_108' title="bbox 2263 2471 3841 2546">
     <span class='ocr_line' id='line_1_111' title="bbox 2263 2471 3841 2546; baseline -0.002 -19"><span class='ocrx_word' id='word_1_790' title='bbox 2263 2487 2400 2543; x_wconf 87' lang='lat' dir='ltr'>ergo</span> <span class='ocrx_word' id='word_1_791' title='bbox 2460 2473 2715 2546; x_wconf 84' lang='lat' dir='ltr'>populus</span> <span class='ocrx_word' id='word_1_792' title='bbox 2774 2490 2905 2528; x_wconf 93' lang='lat' dir='ltr'>cum</span> <span class='ocrx_word' id='word_1_793' title='bbox 2965 2475 3361 2546; x_wconf 80' lang='lat' dir='ltr'>festinatione,</span> <span class='ocrx_word' id='word_1_794' title='bbox 3419 2481 3480 2528; x_wconf 90' lang='lat' dir='ltr'>et</span> <span class='ocrx_word' id='word_1_795' title='bbox 3531 2471 3841 2546; x_wconf 37' lang='lat' dir='ltr'>dixeruntuei</span> 
     </span>
    </p>
   </div>
   <div class='ocr_carea' id='block_1_109' title="bbox 2264 2543 3850 2612">
    <p class='ocr_par' dir='ltr' id='par_1_109' title="bbox 2264 2543 3850 2612">
     <span class='ocr_line' id='line_1_112' title="bbox 2264 2543 3850 2612; baseline -0.002 -14"><span class='ocrx_word' id='word_1_796' title='bbox 2264 2560 2436 2598; x_wconf 87' lang='lat' dir='ltr'>senes</span> <span class='ocrx_word' id='word_1_797' title='bbox 2464 2543 2479 2599; x_wconf 78' lang='grc' dir='ltr'>Ξ</span> <span class='ocrx_word' id='word_1_798' title='bbox 2517 2543 2677 2607; x_wconf 90' lang='lat' dir='ltr'>Veni,</span> <span class='ocrx_word' id='word_1_799' title='bbox 2709 2549 2766 2600; x_wconf 91' lang='lat' dir='ltr'>et</span> <span class='ocrx_word' id='word_1_800' title='bbox 2797 2546 2934 2600; x_wconf 91' lang='lat' dir='ltr'>sede</span> <span class='ocrx_word' id='word_1_801' title='bbox 2977 2546 3034 2599; x_wconf 91' lang='lat' dir='ltr'>in</span> <span class='ocrx_word' id='word_1_802' title='bbox 3071 2545 3261 2600; x_wconf 90' lang='lat' dir='ltr'>medio</span> <span class='ocrx_word' id='word_1_803' title='bbox 3293 2549 3584 2612; x_wconf 90' lang='lat' dir='ltr'>nostrum,</span> <span class='ocrx_word' id='word_1_804' title='bbox 3614 2551 3666 2599; x_wconf 88' lang='lat' dir='ltr'>et</span> <span class='ocrx_word' id='word_1_805' title='bbox 3706 2543 3850 2598; x_wconf 76' lang='lat' dir='ltr'>indica</span> 
     </span>
    </p>
   </div>
   <div class='ocr_carea' id='block_1_110' title="bbox 2265 2613 3848 2685">
    <p class='ocr_par' dir='ltr' id='par_1_110' title="bbox 2265 2613 3848 2685">
     <span class='ocr_line' id='line_1_113' title="bbox 2265 2613 3848 2685; baseline -0.002 -16"><span class='ocrx_word' id='word_1_806' title='bbox 2265 2614 2455 2680; x_wconf 90' lang='lat' dir='ltr'>nobis,</span> <span class='ocrx_word' id='word_1_807' title='bbox 2488 2618 2626 2685; x_wconf 89' lang='lat' dir='ltr'>quia</span> <span class='ocrx_word' id='word_1_808' title='bbox 2659 2617 2760 2671; x_wconf 92' lang='lat' dir='ltr'>tibi</span> <span class='ocrx_word' id='word_1_809' title='bbox 2792 2616 2945 2672; x_wconf 88' lang='lat' dir='ltr'>Deus</span> <span class='ocrx_word' id='word_1_810' title='bbox 2977 2617 3139 2672; x_wconf 90' lang='lat' dir='ltr'>dedit</span> <span class='ocrx_word' id='word_1_811' title='bbox 3168 2615 3452 2671; x_wconf 77' lang='lat' dir='ltr'>hon‘brem</span> <span class='ocrx_word' id='word_1_812' title='bbox 3485 2617 3781 2671; x_wconf 84' lang='lat' dir='ltr'>senectutis.</span> <span class='ocrx_word' id='word_1_813' title='bbox 3802 2613 3848 2666; x_wconf 84' lang='lat' dir='ltr'>Et</span> 
     </span>
    </p>
   </div>
   <div class='ocr_carea' id='block_1_111' title="bbox 2263 2686 3848 2760">
    <p class='ocr_par' dir='ltr' id='par_1_111' title="bbox 2263 2686 3848 2760">
     <span class='ocr_line' id='line_1_114' title="bbox 2263 2686 3848 2760; baseline -0.002 -19"><span class='ocrx_word' id='word_1_814' title='bbox 2263 2686 2402 2741; x_wconf 82' lang='lat' dir='ltr'>dixit</span> <span class='ocrx_word' id='word_1_815' title='bbox 2453 2689 2530 2760; x_wconf 83' lang='lat' dir='ltr'>ad</span> <span class='ocrx_word' id='word_1_816' title='bbox 2589 2703 2688 2760; x_wconf 90' lang='lat' dir='ltr'>eos</span> <span class='ocrx_word' id='word_1_817' title='bbox 2746 2687 2985 2760; x_wconf 82' lang='lat' dir='ltr'>Daniel:</span> <span class='ocrx_word' id='word_1_818' title='bbox 3015 2689 3293 2760; x_wconf 88' lang='lat' dir='ltr'>Separate</span> <span class='ocrx_word' id='word_1_819' title='bbox 3353 2688 3491 2744; x_wconf 89' lang='lat' dir='ltr'>illos</span> <span class='ocrx_word' id='word_1_820' title='bbox 3522 2689 3613 2760; x_wconf 75' lang='lat' dir='ltr'>ab</span> <span class='ocrx_word' id='word_1_821' title='bbox 3648 2686 3848 2760; x_wconf 80' lang='lat' dir='ltr'>invicem</span> 
     </span>
    </p>
   </div>
   <div class='ocr_carea' id='block_1_112' title="bbox 2264 2757 3852 2831">
    <p class='ocr_par' dir='ltr' id='par_1_112' title="bbox 2264 2757 3852 2831">
     <span class='ocr_line' id='line_1_115' title="bbox 2264 2757 3852 2831; baseline -0.001 -20"><span class='ocrx_word' id='word_1_822' title='bbox 2264 2757 2487 2831; x_wconf 79' lang='lat' dir='ltr'>procul,</span> <span class='ocrx_word' id='word_1_823' title='bbox 2522 2759 2949 2831; x_wconf 85' lang='lat' dir='ltr'>et_dijudicabo</span> <span class='ocrx_word' id='word_1_824' title='bbox 2978 2757 3109 2814; x_wconf 50' lang='lat' dir='ltr'>eos;</span> <span class='ocrx_word' id='word_1_825' title='bbox 3131 2762 3276 2815; x_wconf 89' lang='lat' dir='ltr'>Cum</span> <span class='ocrx_word' id='word_1_826' title='bbox 3309 2775 3452 2831; x_wconf 87' lang='lat' dir='ltr'>ergo</span> <span class='ocrx_word' id='word_1_827' title='bbox 3501 2758 3852 2831; x_wconf 8' lang='lat' dir='ltr'>divisigessent</span> 
     </span>
    </p>
   </div>
   <div class='ocr_carea' id='block_1_113' title="bbox 2263 2827 3846 2892">
    <p class='ocr_par' dir='ltr' id='par_1_113' title="bbox 2263 2827 3846 2892">
     <span class='ocr_line' id='line_1_116' title="bbox 2263 2827 3846 2892; baseline -0.003 -9"><span class='ocrx_word' id='word_1_828' title='bbox 2263 2827 2411 2883; x_wconf 82' lang='lat' dir='ltr'>alter</span> <span class='ocrx_word' id='word_1_829' title='bbox 2440 2831 2511 2883; x_wconf 90' lang='lat' dir='ltr'>ab</span> <span class='ocrx_word' id='word_1_830' title='bbox 2545 2827 2748 2892; x_wconf 80' lang='lat' dir='ltr'>altero,</span> <span class='ocrx_word' id='word_1_831' title='bbox 2780 2831 3005 2884; x_wconf 90' lang='lat' dir='ltr'>vocavit</span> <span class='ocrx_word' id='word_1_832' title='bbox 3053 2847 3236 2886; x_wconf 90' lang='lat' dir='ltr'>unum</span> <span class='ocrx_word' id='word_1_833' title='bbox 3283 2831 3355 2885; x_wconf 92' lang='lat' dir='ltr'>de</span> <span class='ocrx_word' id='word_1_834' title='bbox 3378 2827 3498 2885; x_wconf 51' lang='lat' dir='ltr'>&quot;eis</span> <span class='ocrx_word' id='word_1_835' title='bbox 3539 2837 3595 2886; x_wconf 88' lang='lat' dir='ltr'>et</span> <span class='ocrx_word' id='word_1_836' title='bbox 3637 2829 3760 2883; x_wconf 84' lang='lat' dir='ltr'>dixit</span> <span class='ocrx_word' id='word_1_837' title='bbox 3796 2827 3846 2880; x_wconf 71' lang='lat' dir='ltr'>ad</span> 
     </span>
    </p>
   </div>
   <div class='ocr_carea' id='block_1_114' title="bbox 2265 2901 3854 2967">
    <p class='ocr_par' dir='ltr' id='par_1_114' title="bbox 2265 2901 3854 2967">
     <span class='ocr_line' id='line_1_117' title="bbox 2265 2901 3854 2967; baseline -0.003 -13"><span class='ocrx_word' id='word_1_838' title='bbox 2265 2915 2397 2954; x_wconf 91' lang='lat' dir='ltr'>eum</span> <span class='ocrx_word' id='word_1_839' title='bbox 2427 2916 2438 2954; x_wconf 90' lang='lat'>:</span> <span class='ocrx_word' id='word_1_840' title='bbox 2473 2903 2790 2956; x_wconf 86' lang='lat' dir='ltr'>Inveterate</span> <span class='ocrx_word' id='word_1_841' title='bbox 2822 2902 3047 2956; x_wconf 89' lang='lat' dir='ltr'>dierum</span> <span class='ocrx_word' id='word_1_842' title='bbox 3081 2901 3393 2967; x_wconf 89' lang='lat' dir='ltr'>malorum,</span> <span class='ocrx_word' id='word_1_843' title='bbox 3429 2919 3586 2957; x_wconf 90' lang='lat' dir='ltr'>nunc</span> <span class='ocrx_word' id='word_1_844' title='bbox 3624 2903 3854 2956; x_wconf 81' lang='lat' dir='ltr'>venerunt</span> 
     </span>
    </p>
   </div>
   <div class='ocr_carea' id='block_1_115' title="bbox 2266 2971 3855 3044">
    <p class='ocr_par' dir='ltr' id='par_1_115' title="bbox 2266 2971 3855 3044">
     <span class='ocr_line' id='line_1_118' title="bbox 2266 2971 3855 3044; baseline -0.002 -18"><span class='ocrx_word' id='word_1_845' title='bbox 2266 2977 2501 3044; x_wconf 80' lang='lat' dir='ltr'>peccata</span> <span class='ocrx_word' id='word_1_846' title='bbox 2532 2981 2651 3040; x_wconf 89' lang='lat' dir='ltr'>tua,</span> <span class='ocrx_word' id='word_1_847' title='bbox 2684 2989 2813 3042; x_wconf 76' lang='lat' dir='ltr'>quas</span> <span class='ocrx_word' id='word_1_848' title='bbox 2843 2973 3180 3042; x_wconf 84' lang='lat' dir='ltr'>Operabaris</span> <span class='ocrx_word' id='word_1_849' title='bbox 3221 2973 3407 3044; x_wconf 91' lang='lat' dir='ltr'>prius,</span> <span class='ocrx_word' id='word_1_850' title='bbox 3431 2975 3696 3044; x_wconf 89' lang='lat' dir='ltr'>judicans</span> <span class='ocrx_word' id='word_1_851' title='bbox 3729 2971 3855 3041; x_wconf 85' lang='lat' dir='ltr'>judi-</span> 
     </span>
    </p>
   </div>
   <div class='ocr_carea' id='block_1_116' title="bbox 2265 3042 3847 3116">
    <p class='ocr_par' dir='ltr' id='par_1_116' title="bbox 2265 3042 3847 3116">
     <span class='ocr_line' id='line_1_119' title="bbox 2265 3042 3847 3116; baseline -0.002 -20"><span class='ocrx_word' id='word_1_852' title='bbox 2265 3042 2354 3097; x_wconf 91' lang='lat' dir='ltr'>cia</span> <span class='ocrx_word' id='word_1_853' title='bbox 2387 3042 2650 3116; x_wconf 66' lang='lat' dir='ltr'>iniusta,</span> <span class='ocrx_word' id='word_1_854' title='bbox 2701 3045 3042 3100; x_wconf 90' lang='lat' dir='ltr'>innocentes</span> <span class='ocrx_word' id='word_1_855' title='bbox 3097 3042 3463 3116; x_wconf 47' lang='lat' dir='ltr'>opprimens&#39;,</span> <span class='ocrx_word' id='word_1_856' title='bbox 3488 3051 3544 3100; x_wconf 91' lang='lat' dir='ltr'>et</span> <span class='ocrx_word' id='word_1_857' title='bbox 3597 3045 3847 3097; x_wconf 84' lang='lat' dir='ltr'>dimittens</span> 
     </span>
    </p>
   </div>
   <div class='ocr_carea' id='block_1_117' title="bbox 2267 3113 3854 3182">
    <p class='ocr_par' dir='ltr' id='par_1_117' title="bbox 2267 3113 3854 3182">
     <span class='ocr_line' id='line_1_120' title="bbox 2267 3113 3854 3182; baseline -0.002 -14"><span class='ocrx_word' id='word_1_858' title='bbox 2267 3113 2491 3178; x_wconf 88' lang='lat' dir='ltr'>noxios,</span> <span class='ocrx_word' id='word_1_859' title='bbox 2526 3115 2756 3169; x_wconf 89' lang='lat' dir='ltr'>dicente</span> <span class='ocrx_word' id='word_1_860' title='bbox 2808 3117 3092 3170; x_wconf 90' lang='lat' dir='ltr'>Domine:</span> <span class='ocrx_word' id='word_1_861' title='bbox 3136 3113 3515 3171; x_wconf 77' lang='lat' dir='ltr'>Innocentem</span> <span class='ocrx_word' id='word_1_862' title='bbox 3573 3120 3628 3169; x_wconf 90' lang='lat' dir='ltr'>et</span> <span class='ocrx_word' id='word_1_863' title='bbox 3673 3116 3854 3182; x_wconf 87' lang='lat' dir='ltr'>justum</span> 
     </span>
    </p>
   </div>
   <div class='ocr_carea' id='block_1_118' title="bbox 2267 3185 3854 3258">
    <p class='ocr_par' dir='ltr' id='par_1_118' title="bbox 2267 3185 3854 3258">
     <span class='ocr_line' id='line_1_121' title="bbox 2267 3185 3854 3258; baseline -0.003 -18"><span class='ocrx_word' id='word_1_864' title='bbox 2267 3202 2380 3240; x_wconf 90' lang='lat' dir='ltr'>non</span> <span class='ocrx_word' id='word_1_865' title='bbox 2412 3185 2744 3242; x_wconf 83' lang='lat' dir='ltr'>interﬁcies.</span> <span class='ocrx_word' id='word_1_866' title='bbox 2777 3186 2940 3242; x_wconf 88' lang='lat' dir='ltr'>Nunc</span> <span class='ocrx_word' id='word_1_867' title='bbox 2971 3203 3108 3258; x_wconf 89' lang='lat' dir='ltr'>ergo</span> <span class='ocrx_word' id='word_1_868' title='bbox 3139 3188 3188 3242; x_wconf 90' lang='lat' dir='ltr'>si</span> <span class='ocrx_word' id='word_1_869' title='bbox 3218 3187 3423 3242; x_wconf 88' lang='lat' dir='ltr'>vidisti</span> <span class='ocrx_word' id='word_1_870' title='bbox 3468 3204 3616 3258; x_wconf 83' lang='lat' dir='ltr'>eam,</span> <span class='ocrx_word' id='word_1_871' title='bbox 3646 3187 3746 3246; x_wconf 83' lang='lat' dir='ltr'>die,</span> <span class='ocrx_word' id='word_1_872' title='bbox 3773 3187 3854 3258; x_wconf 72' lang='lat' dir='ltr'>sub</span> 
     </span>
    </p>
   </div>
   <div class='ocr_carea' id='block_1_119' title="bbox 2265 3254 3855 3329">
    <p class='ocr_par' dir='ltr' id='par_1_119' title="bbox 2265 3254 3855 3329">
     <span class='ocr_line' id='line_1_122' title="bbox 2265 3254 3855 3329; baseline -0.002 -19"><span class='ocrx_word' id='word_1_873' title='bbox 2265 3272 2383 3329; x_wconf 87' lang='lat' dir='ltr'>qua</span> <span class='ocrx_word' id='word_1_874' title='bbox 2413 3258 2618 3329; x_wconf 83' lang='lat' dir='ltr'>arbore</span> <span class='ocrx_word' id='word_1_875' title='bbox 2651 3259 2858 3312; x_wconf 85' lang='lat' dir='ltr'>videris</span> <span class='ocrx_word' id='word_1_876' title='bbox 2889 3275 2987 3313; x_wconf 91' lang='lat' dir='ltr'>eos</span> <span class='ocrx_word' id='word_1_877' title='bbox 3018 3254 3317 3329; x_wconf 76' lang='lat' dir='ltr'>loquentes</span> <span class='ocrx_word' id='word_1_878' title='bbox 3343 3259 3486 3313; x_wconf 89' lang='lat' dir='ltr'>sibi.</span> <span class='ocrx_word' id='word_1_879' title='bbox 3521 3257 3623 3324; x_wconf 86' lang='lat' dir='ltr'>Qui</span> <span class='ocrx_word' id='word_1_880' title='bbox 3647 3254 3855 3329; x_wconf 80' lang='lat' dir='ltr'>ait:Sub</span> 
     </span>
    </p>
   </div>
   <div class='ocr_carea' id='block_1_120' title="bbox 2266 3326 3857 3385">
    <p class='ocr_par' dir='ltr' id='par_1_120' title="bbox 2266 3326 3857 3385">
     <span class='ocr_line' id='line_1_123' title="bbox 2266 3326 3857 3385; baseline -0.003 -2"><span class='ocrx_word' id='word_1_881' title='bbox 2266 3326 2492 3383; x_wconf 78' lang='lat' dir='ltr'>echino.</span> <span class='ocrx_word' id='word_1_882' title='bbox 2521 3328 2678 3382; x_wconf 86' lang='lat' dir='ltr'>Dixit</span> <span class='ocrx_word' id='word_1_883' title='bbox 2706 3333 2899 3384; x_wconf 90' lang='lat' dir='ltr'>autem</span> <span class='ocrx_word' id='word_1_884' title='bbox 2939 3326 3131 3384; x_wconf 81' lang='lat' dir='ltr'>Daniel</span> <span class='ocrx_word' id='word_1_885' title='bbox 3161 3347 3172 3384; x_wconf 89' lang='lat'>:</span> <span class='ocrx_word' id='word_1_886' title='bbox 3207 3329 3378 3384; x_wconf 84' lang='lat' dir='ltr'>Recte</span> <span class='ocrx_word' id='word_1_887' title='bbox 3428 3330 3702 3385; x_wconf 89' lang='lat' dir='ltr'>mentitus</span> <span class='ocrx_word' id='word_1_888' title='bbox 3742 3343 3793 3382; x_wconf 81' lang='lat' dir='ltr'>es</span> <span class='ocrx_word' id='word_1_889' title='bbox 3817 3326 3857 3378; x_wconf 90' lang='lat' dir='ltr'>in</span> 
     </span>
    </p>
   </div>
   <div class='ocr_carea' id='block_1_121' title="bbox 2265 3400 3856 3472">
    <p class='ocr_par' dir='ltr' id='par_1_121' title="bbox 2265 3400 3856 3472">
     <span class='ocr_line' id='line_1_124' title="bbox 2265 3400 3856 3472; baseline -0.003 -18"><span class='ocrx_word' id='word_1_890' title='bbox 2265 3405 2440 3472; x_wconf 85' lang='lat' dir='ltr'>caput</span> <span class='ocrx_word' id='word_1_891' title='bbox 2470 3405 2638 3454; x_wconf 90' lang='lat' dir='ltr'>tuum</span> <span class='ocrx_word' id='word_1_892' title='bbox 2667 3417 2679 3452; x_wconf 91' lang='lat'>:</span> <span class='ocrx_word' id='word_1_893' title='bbox 2711 3400 2857 3455; x_wconf 83' lang='lat' dir='ltr'>Ecce</span> <span class='ocrx_word' id='word_1_894' title='bbox 2886 3402 3042 3455; x_wconf 91' lang='lat' dir='ltr'>enim</span> <span class='ocrx_word' id='word_1_895' title='bbox 3074 3400 3317 3472; x_wconf 87' lang='lat' dir='ltr'>angelus</span> <span class='ocrx_word' id='word_1_896' title='bbox 3347 3401 3455 3456; x_wconf 90' lang='lat' dir='ltr'>Dei</span> <span class='ocrx_word' id='word_1_897' title='bbox 3509 3406 3722 3469; x_wconf 87' lang='lat' dir='ltr'>accepta</span> <span class='ocrx_word' id='word_1_898' title='bbox 3759 3413 3856 3451; x_wconf 73' lang='lat' dir='ltr'>sen-</span> 
     </span>
    </p>
   </div>
   <div class='ocr_carea' id='block_1_122' title="bbox 2263 3469 3861 3540">
    <p class='ocr_par' dir='ltr' id='par_1_122' title="bbox 2263 3469 3861 3540">
     <span class='ocr_line' id='line_1_125' title="bbox 2263 3469 3861 3540; baseline -0.002 -16"><span class='ocrx_word' id='word_1_899' title='bbox 2263 3469 2446 3524; x_wconf 89' lang='lat' dir='ltr'>tentia</span> <span class='ocrx_word' id='word_1_900' title='bbox 2500 3473 2573 3525; x_wconf 89' lang='lat' dir='ltr'>ab</span> <span class='ocrx_word' id='word_1_901' title='bbox 2630 3487 2718 3536; x_wconf 87' lang='lat' dir='ltr'>eo,</span> <span class='ocrx_word' id='word_1_902' title='bbox 2747 3472 2977 3527; x_wconf 91' lang='lat' dir='ltr'>scindet</span> <span class='ocrx_word' id='word_1_903' title='bbox 3035 3477 3090 3527; x_wconf 89' lang='lat' dir='ltr'>te</span> <span class='ocrx_word' id='word_1_904' title='bbox 3140 3469 3422 3528; x_wconf 80' lang='lat' dir='ltr'>medium.</span> <span class='ocrx_word' id='word_1_905' title='bbox 3463 3471 3549 3540; x_wconf 84' lang='lat' dir='ltr'>Et,</span> <span class='ocrx_word' id='word_1_906' title='bbox 3582 3477 3756 3527; x_wconf 89' lang='lat' dir='ltr'>amoto</span> <span class='ocrx_word' id='word_1_907' title='bbox 3795 3484 3861 3530; x_wconf 87' lang='lat' dir='ltr'>eo,</span> 
     </span>
    </p>
   </div>
   <div class='ocr_carea' id='block_1_123' title="bbox 2256 3541 3855 3614">
    <p class='ocr_par' dir='ltr' id='par_1_123' title="bbox 2256 3541 3855 3614">
     <span class='ocr_line' id='line_1_126' title="bbox 2256 3541 3855 3614; baseline -0.002 -19"><span class='ocrx_word' id='word_1_908' title='bbox 2256 3543 2441 3614; x_wconf 84' lang='lat' dir='ltr'>jussit</span> <span class='ocrx_word' id='word_1_909' title='bbox 2469 3541 2662 3614; x_wconf 83' lang='lat' dir='ltr'>venire</span> <span class='ocrx_word' id='word_1_910' title='bbox 2709 3542 2913 3608; x_wconf 88' lang='lat' dir='ltr'>alium,</span> <span class='ocrx_word' id='word_1_911' title='bbox 2945 3552 2999 3598; x_wconf 80' lang='lat' dir='ltr'>et</span> <span class='ocrx_word' id='word_1_912' title='bbox 3043 3544 3193 3598; x_wconf 86' lang='lat' dir='ltr'>dixit</span> <span class='ocrx_word' id='word_1_913' title='bbox 3221 3544 3309 3598; x_wconf 91' lang='lat' dir='ltr'>ei:</span> <span class='ocrx_word' id='word_1_914' title='bbox 3343 3544 3564 3599; x_wconf 90' lang='lat' dir='ltr'>Semen</span> <span class='ocrx_word' id='word_1_915' title='bbox 3612 3543 3855 3614; x_wconf 74' lang='lat' dir='ltr'>Chanaan,</span> 
     </span>
    </p>
   </div>
   <div class='ocr_carea' id='block_1_124' title="bbox 2262 3609 3860 3686">
    <p class='ocr_par' dir='ltr' id='par_1_124' title="bbox 2262 3609 3860 3686">
     <span class='ocr_line' id='line_1_127' title="bbox 2262 3609 3860 3686; baseline -0.004 -18"><span class='ocrx_word' id='word_1_916' title='bbox 2262 3609 2320 3668; x_wconf 77' lang='lat' dir='ltr'>et</span> <span class='ocrx_word' id='word_1_917' title='bbox 2350 3629 2463 3667; x_wconf 93' lang='lat' dir='ltr'>non</span> <span class='ocrx_word' id='word_1_918' title='bbox 2491 3613 2667 3686; x_wconf 82' lang='lat' dir='ltr'>Juda,</span> <span class='ocrx_word' id='word_1_919' title='bbox 2701 3615 2925 3684; x_wconf 89' lang='lat' dir='ltr'>species</span> <span class='ocrx_word' id='word_1_920' title='bbox 2955 3615 3178 3684; x_wconf 89' lang='lat' dir='ltr'>decepit</span> <span class='ocrx_word' id='word_1_921' title='bbox 3224 3621 3300 3680; x_wconf 91' lang='lat' dir='ltr'>te,</span> <span class='ocrx_word' id='word_1_922' title='bbox 3333 3621 3394 3670; x_wconf 88' lang='lat' dir='ltr'>et</span> <span class='ocrx_word' id='word_1_923' title='bbox 3439 3609 3860 3686; x_wconf 72' lang='lat' dir='ltr'>concupiscentia</span> 
     </span>
    </p>
   </div>
   <div class='ocr_carea' id='block_1_125' title="bbox 2263 3681 3861 3750">
    <p class='ocr_par' dir='ltr' id='par_1_125' title="bbox 2263 3681 3861 3750">
     <span class='ocr_line' id='line_1_128' title="bbox 2263 3681 3861 3750; baseline 0.003 -10"><span class='ocrx_word' id='word_1_924' title='bbox 2263 3685 2550 3740; x_wconf 89' lang='lat' dir='ltr'>subvertit</span> <span class='ocrx_word' id='word_1_925' title='bbox 2581 3700 2678 3738; x_wconf 92' lang='lat' dir='ltr'>cor</span> <span class='ocrx_word' id='word_1_926' title='bbox 2709 3681 2910 3750; x_wconf 83' lang='lat' dir='ltr'>tuum;</span> <span class='ocrx_word' id='word_1_927' title='bbox 2946 3686 3029 3740; x_wconf 91' lang='lat' dir='ltr'>sic</span> <span class='ocrx_word' id='word_1_928' title='bbox 3062 3681 3361 3741; x_wconf 77' lang='lat' dir='ltr'>faciebatis</span> <span class='ocrx_word' id='word_1_929' title='bbox 3413 3681 3653 3742; x_wconf 81' lang='lat' dir='ltr'>ﬁliabus</span> <span class='ocrx_word' id='word_1_930' title='bbox 3704 3681 3861 3744; x_wconf 79' lang='lat' dir='ltr'>Israel.</span> 
     </span>
    </p>
   </div>
   <div class='ocr_carea' id='block_1_126' title="bbox 2261 3753 3862 3831">
    <p class='ocr_par' dir='ltr' id='par_1_126' title="bbox 2261 3753 3862 3831">
     <span class='ocr_line' id='line_1_129' title="bbox 2261 3753 3862 3831; baseline -0.004 -21"><span class='ocrx_word' id='word_1_931' title='bbox 2261 3761 2318 3810; x_wconf 91' lang='lat' dir='ltr'>et</span> <span class='ocrx_word' id='word_1_932' title='bbox 2349 3755 2460 3810; x_wconf 74' lang='lat' dir='ltr'>illae</span> <span class='ocrx_word' id='word_1_933' title='bbox 2492 3757 2763 3831; x_wconf 83' lang='lat' dir='ltr'>timentes</span> <span class='ocrx_word' id='word_1_934' title='bbox 2788 3757 3185 3831; x_wconf 77' lang='lat' dir='ltr'>ioquebantur</span> <span class='ocrx_word' id='word_1_935' title='bbox 3232 3757 3563 3831; x_wconf 80' lang='lat' dir='ltr'>vobis,_sed</span> <span class='ocrx_word' id='word_1_936' title='bbox 3599 3757 3708 3810; x_wconf 84' lang='lat' dir='ltr'>ﬁlia</span> <span class='ocrx_word' id='word_1_937' title='bbox 3745 3753 3862 3831; x_wconf 61' lang='grc' dir='ltr'>,ἰυρε</span> 
     </span>
    </p>
   </div>
   <div class='ocr_carea' id='block_1_127' title="bbox 2264 3825 3863 3898">
    <p class='ocr_par' dir='ltr' id='par_1_127' title="bbox 2264 3825 3863 3898">
     <span class='ocr_line' id='line_1_130' title="bbox 2264 3825 3863 3898; baseline 0.001 -17"><span class='ocrx_word' id='word_1_938' title='bbox 2264 3843 2378 3881; x_wconf 95' lang='lat' dir='ltr'>non</span> <span class='ocrx_word' id='word_1_939' title='bbox 2396 3827 2690 3898; x_wconf 85' lang='lat' dir='ltr'>sustinuit</span> <span class='ocrx_word' id='word_1_940' title='bbox 2719 3825 3084 3898; x_wconf 88' lang='lat' dir='ltr'>iniquitatem</span> <span class='ocrx_word' id='word_1_941' title='bbox 3117 3834 3396 3883; x_wconf 86' lang='lat' dir='ltr'>vestram.</span> <span class='ocrx_word' id='word_1_942' title='bbox 3437 3829 3608 3884; x_wconf 89' lang='lat' dir='ltr'>Nunc</span> <span class='ocrx_word' id='word_1_943' title='bbox 3653 3842 3772 3896; x_wconf 82' lang='lat' dir='ltr'>ergo</span> <span class='ocrx_word' id='word_1_944' title='bbox 3795 3825 3863 3898; x_wconf 71' lang='lat' dir='ltr'>(lic</span> 
     </span>
    </p>
   </div>
   <div class='ocr_carea' id='block_1_128' title="bbox 2264 3895 3868 3974">
    <p class='ocr_par' dir='ltr' id='par_1_128' title="bbox 2264 3895 3868 3974">
     <span class='ocr_line' id='line_1_131' title="bbox 2264 3895 3868 3974; baseline -0.002 -22"><span class='ocrx_word' id='word_1_945' title='bbox 2264 3897 2436 3974; x_wconf 85' lang='lat' dir='ltr'>mihi,</span> <span class='ocrx_word' id='word_1_946' title='bbox 2489 3899 2609 3974; x_wconf 76' lang='lat' dir='ltr'>sub</span> <span class='ocrx_word' id='word_1_947' title='bbox 2639 3914 2775 3974; x_wconf 79' lang='lat' dir='ltr'>qua</span> <span class='ocrx_word' id='word_1_948' title='bbox 2805 3895 3051 3974; x_wconf 53' lang='lat' dir='ltr'>_&#39;arbore_</span> <span class='ocrx_word' id='word_1_949' title='bbox 3089 3900 3617 3974; x_wconf 79' lang='lat' dir='ltr'>comprehenderis</span> <span class='ocrx_word' id='word_1_950' title='bbox 3675 3895 3761 3954; x_wconf 79' lang='lat' dir='ltr'>ens</span> <span class='ocrx_word' id='word_1_951' title='bbox 3805 3895 3868 3974; x_wconf 57' lang='lat' dir='ltr'>lo:</span> 
     </span>
    </p>
   </div>
   <div class='ocr_carea' id='block_1_129' title="bbox 2262 3969 3868 4095">
    <p class='ocr_par' dir='ltr' id='par_1_129' title="bbox 2262 3969 3868 4095">
     <span class='ocr_line' id='line_1_132' title="bbox 2262 3969 3868 4095; baseline -0.001 -73"><span class='ocrx_word' id='word_1_952' title='bbox 2262 3973 2511 4095; x_wconf 53' lang='lat' dir='ltr'>Euentes</span> <span class='ocrx_word' id='word_1_953' title='bbox 2541 3969 2675 4025; x_wconf 89' lang='lat' dir='ltr'>sibi.</span> <span class='ocrx_word' id='word_1_954' title='bbox 2711 3969 2817 4035; x_wconf 85' lang='lat' dir='ltr'>Qui</span> <span class='ocrx_word' id='word_1_955' title='bbox 2869 3971 2988 4051; x_wconf 82' lang='lat' dir='ltr'>ait:</span> <span class='ocrx_word' id='word_1_956' title='bbox 3021 3971 3140 4026; x_wconf 92' lang='lat' dir='ltr'>Sub</span> <span class='ocrx_word' id='word_1_957' title='bbox 3195 3969 3383 4054; x_wconf 61' lang='lat' dir='ltr'>prino:</span> <span class='ocrx_word' id='word_1_958' title='bbox 3422 3972 3583 4026; x_wconf 88' lang='lat' dir='ltr'>Dixit</span> <span class='ocrx_word' id='word_1_959' title='bbox 3624 3976 3792 4025; x_wconf 88' lang='lat' dir='ltr'>autem</span> <span class='ocrx_word' id='word_1_960' title='bbox 3830 3969 3868 4020; x_wconf 81' lang='lat' dir='ltr'>ei</span> 
     </span>
     <span class='ocr_line' id='line_1_133' title="bbox 2316 4039 3868 4095; baseline 0 -2"><span class='ocrx_word' id='word_1_961' title='bbox 2316 4039 2503 4095; x_wconf 87' lang='lat' dir='ltr'>aniel:</span> <span class='ocrx_word' id='word_1_962' title='bbox 2537 4044 2711 4095; x_wconf 85' lang='lat' dir='ltr'>Recte</span> <span class='ocrx_word' id='word_1_963' title='bbox 2743 4047 3025 4095; x_wconf 85' lang='lat' dir='ltr'>mentitus</span> <span class='ocrx_word' id='word_1_964' title='bbox 3074 4059 3136 4095; x_wconf 89' lang='lat' dir='ltr'>es</span> <span class='ocrx_word' id='word_1_965' title='bbox 3165 4048 3222 4095; x_wconf 87' lang='lat' dir='ltr'>et</span> <span class='ocrx_word' id='word_1_966' title='bbox 3251 4048 3313 4095; x_wconf 91' lang='lat' dir='ltr'>tu</span> <span class='ocrx_word' id='word_1_967' title='bbox 3364 4059 3428 4095; x_wconf 83' lang='lat' dir='ltr'>in</span> <span class='ocrx_word' id='word_1_968' title='bbox 3483 4048 3658 4095; x_wconf 88' lang='lat' dir='ltr'>canut</span> <span class='ocrx_word' id='word_1_969' title='bbox 3701 4050 3868 4095; x_wconf 87' lang='lat' dir='ltr'>tuum:</span> 
     </span>
    </p>
   </div>
   <div class='ocr_carea' id='block_1_130' title="bbox 2316 4039 3870 4114">
    <p class='ocr_par' dir='ltr' id='par_1_130' title="bbox 2316 4039 3870 4114">
     <span class='ocr_line' id='line_1_134' title="bbox 2316 4039 3870 4114; baseline -0.001 -21"><span class='ocrx_word' id='word_1_970' title='bbox 2316 4039 2503 4096; x_wconf 89' lang='lat' dir='ltr'>aniel:</span> <span class='ocrx_word' id='word_1_971' title='bbox 2537 4044 2711 4114; x_wconf 74' lang='lat' dir='ltr'>Recte</span> <span class='ocrx_word' id='word_1_972' title='bbox 2743 4043 3025 4114; x_wconf 82' lang='lat' dir='ltr'>mentitus</span> <span class='ocrx_word' id='word_1_973' title='bbox 3074 4059 3136 4114; x_wconf 87' lang='lat' dir='ltr'>es</span> <span class='ocrx_word' id='word_1_974' title='bbox 3165 4039 3222 4098; x_wconf 85' lang='lat' dir='ltr'>et</span> <span class='ocrx_word' id='word_1_975' title='bbox 3251 4043 3428 4114; x_wconf 86' lang='lat' dir='ltr'>tuin</span> <span class='ocrx_word' id='word_1_976' title='bbox 3483 4048 3658 4114; x_wconf 86' lang='lat' dir='ltr'>caput</span> <span class='ocrx_word' id='word_1_977' title='bbox 3701 4050 3870 4095; x_wconf 87' lang='lat' dir='ltr'>tuum:</span> 
     </span>
    </p>
   </div>
   <div class='ocr_carea' id='block_1_131' title="bbox 2264 4111 3868 4184">
    <p class='ocr_par' dir='ltr' id='par_1_131' title="bbox 2264 4111 3868 4184">
     <span class='ocr_line' id='line_1_135' title="bbox 2264 4111 3868 4184; baseline -0.001 -19"><span class='ocrx_word' id='word_1_978' title='bbox 2264 4117 2462 4184; x_wconf 87' lang='lat' dir='ltr'>manet</span> <span class='ocrx_word' id='word_1_979' title='bbox 2477 4111 2627 4166; x_wconf 91' lang='lat' dir='ltr'>enim</span> <span class='ocrx_word' id='word_1_980' title='bbox 2647 4111 2898 4184; x_wconf 83' lang='lat' dir='ltr'>angelus</span> <span class='ocrx_word' id='word_1_981' title='bbox 2920 4113 3308 4184; x_wconf 87' lang='lat' dir='ltr'>Dei,gladium</span> <span class='ocrx_word' id='word_1_982' title='bbox 3329 4111 3583 4179; x_wconf 62' lang='lat' dir='ltr'>habens,</span> <span class='ocrx_word' id='word_1_983' title='bbox 3604 4118 3664 4168; x_wconf 88' lang='lat' dir='ltr'>ut</span> <span class='ocrx_word' id='word_1_984' title='bbox 3678 4116 3815 4168; x_wconf 87' lang='lat' dir='ltr'>secet</span> <span class='ocrx_word' id='word_1_985' title='bbox 3828 4117 3868 4184; x_wconf 79' lang='lat' dir='ltr'>te</span> 
     </span>
    </p>
   </div>
   <div class='ocr_carea' id='block_1_132' title="bbox 2263 4180 3876 4256">
    <p class='ocr_par' dir='ltr' id='par_1_132' title="bbox 2263 4180 3876 4256">
     <span class='ocr_line' id='line_1_136' title="bbox 2263 4180 3876 4256; baseline 0 -20"><span class='ocrx_word' id='word_1_986' title='bbox 2263 4182 2546 4246; x_wconf 87' lang='lat' dir='ltr'>medium,</span> <span class='ocrx_word' id='word_1_987' title='bbox 2565 4187 2622 4237; x_wconf 90' lang='lat' dir='ltr'>et</span> <span class='ocrx_word' id='word_1_988' title='bbox 2644 4180 2954 4239; x_wconf 77' lang='lat' dir='ltr'>interficiat</span> <span class='ocrx_word' id='word_1_989' title='bbox 2975 4180 3094 4240; x_wconf 74' lang='lat' dir='ltr'>vos.</span> <span class='ocrx_word' id='word_1_990' title='bbox 3121 4185 3488 4239; x_wconf 83' lang='lat' dir='ltr'>Exclamavit</span> <span class='ocrx_word' id='word_1_991' title='bbox 3507 4185 3702 4256; x_wconf 81' lang='lat' dir='ltr'>itaque</span> <span class='ocrx_word' id='word_1_992' title='bbox 3720 4180 3876 4256; x_wconf 65' lang='lat' dir='ltr'>omnis</span> 
     </span>
    </p>
   </div>
   <div class='ocr_carea' id='block_1_133' title="bbox 2262 4250 3873 4325">
    <p class='ocr_par' dir='ltr' id='par_1_133' title="bbox 2262 4250 3873 4325">
     <span class='ocr_line' id='line_1_137' title="bbox 2262 4250 3873 4325; baseline 0.002 -18"><span class='ocrx_word' id='word_1_993' title='bbox 2262 4260 2447 4308; x_wconf 69' lang='lat' dir='ltr'>enatus</span> <span class='ocrx_word' id='word_1_994' title='bbox 2498 4270 2636 4308; x_wconf 92' lang='lat' dir='ltr'>voce</span> <span class='ocrx_word' id='word_1_995' title='bbox 2685 4271 2920 4325; x_wconf 87' lang='lat' dir='ltr'>magna,</span> <span class='ocrx_word' id='word_1_996' title='bbox 2955 4261 3010 4310; x_wconf 91' lang='lat' dir='ltr'>et</span> <span class='ocrx_word' id='word_1_997' title='bbox 3043 4256 3512 4325; x_wconf 77' lang='lat' dir='ltr'>benedixerunt</span> <span class='ocrx_word' id='word_1_998' title='bbox 3560 4250 3755 4321; x_wconf 80' lang='lat' dir='ltr'>Deum,</span> <span class='ocrx_word' id='word_1_999' title='bbox 3795 4250 3873 4322; x_wconf 80' lang='lat' dir='ltr'>qui</span> 
     </span>
    </p>
   </div>
   <div class='ocr_carea' id='block_1_134' title="bbox 2261 4322 3873 4395">
    <p class='ocr_par' dir='ltr' id='par_1_134' title="bbox 2261 4322 3873 4395">
     <span class='ocr_line' id='line_1_138' title="bbox 2261 4322 3873 4395; baseline -0.004 -15"><span class='ocrx_word' id='word_1_1000' title='bbox 2261 4325 2447 4380; x_wconf 88' lang='lat' dir='ltr'>salvat</span> <span class='ocrx_word' id='word_1_1001' title='bbox 2476 4322 2868 4395; x_wconf 45' lang='lat' dir='ltr'>sperantes-in</span> <span class='ocrx_word' id='word_1_1002' title='bbox 2902 4342 2984 4381; x_wconf 91' lang='lat' dir='ltr'>se.</span> <span class='ocrx_word' id='word_1_1003' title='bbox 3009 4322 3075 4381; x_wconf 80' lang='lat' dir='ltr'>Et</span> <span class='ocrx_word' id='word_1_1004' title='bbox 3107 4333 3610 4384; x_wconf 85' lang='lat' dir='ltr'>consurrexerunt</span> <span class='ocrx_word' id='word_1_1005' title='bbox 3638 4328 3873 4382; x_wconf 84' lang='lat' dir='ltr'>adversus</span> 
     </span>
    </p>
   </div>
   <div class='ocr_carea' id='block_1_135' title="bbox 2265 4396 3877 4467">
    <p class='ocr_par' dir='ltr' id='par_1_135' title="bbox 2265 4396 3877 4467">
     <span class='ocr_line' id='line_1_139' title="bbox 2265 4396 3877 4467; baseline -0.001 -17"><span class='ocrx_word' id='word_1_1006' title='bbox 2265 4411 2365 4450; x_wconf 87' lang='lat' dir='ltr'>eos</span> <span class='ocrx_word' id='word_1_1007' title='bbox 2397 4396 2766 4467; x_wconf 82' lang='lat' dir='ltr'>presbyteros</span> <span class='ocrx_word' id='word_1_1008' title='bbox 2789 4397 3140 4466; x_wconf 79' lang='lat' dir='ltr'>(convicerat</span> <span class='ocrx_word' id='word_1_1009' title='bbox 3190 4399 3345 4454; x_wconf 91' lang='lat' dir='ltr'>enim</span> <span class='ocrx_word' id='word_1_1010' title='bbox 3371 4416 3482 4454; x_wconf 89' lang='lat' dir='ltr'>eos</span> <span class='ocrx_word' id='word_1_1011' title='bbox 3510 4398 3705 4455; x_wconf 87' lang='lat' dir='ltr'>Daniel</span> <span class='ocrx_word' id='word_1_1012' title='bbox 3727 4414 3787 4452; x_wconf 77' lang='lat' dir='ltr'>ex</span> <span class='ocrx_word' id='word_1_1013' title='bbox 3803 4409 3877 4450; x_wconf 76' lang='lat' dir='ltr'>ore</span> 
     </span>
    </p>
   </div>
   <div class='ocr_carea' id='block_1_136' title="bbox 2267 4466 3877 4539">
    <p class='ocr_par' dir='ltr' id='par_1_136' title="bbox 2267 4466 3877 4539">
     <span class='ocr_line' id='line_1_140' title="bbox 2267 4466 3877 4539; baseline 0.001 -18"><span class='ocrx_word' id='word_1_1014' title='bbox 2267 4484 2373 4539; x_wconf 89' lang='lat' dir='ltr'>suo</span> <span class='ocrx_word' id='word_1_1015' title='bbox 2407 4466 2622 4539; x_wconf 86' lang='lat' dir='ltr'>falsum</span> <span class='ocrx_word' id='word_1_1016' title='bbox 2666 4467 2886 4524; x_wconf 87' lang='lat' dir='ltr'>dixisse</span> <span class='ocrx_word' id='word_1_1017' title='bbox 2932 4470 3379 4536; x_wconf 76' lang='lat' dir='ltr'>testimoniumt,</span> <span class='ocrx_word' id='word_1_1018' title='bbox 3418 4473 3794 4539; x_wconf 84' lang='lat' dir='ltr'>feceruntque</span> <span class='ocrx_word' id='word_1_1019' title='bbox 3816 4467 3877 4520; x_wconf 83' lang='lat' dir='ltr'>eis</span> 
     </span>
    </p>
   </div>
   <div class='ocr_carea' id='block_1_137' title="bbox 2263 4537 3878 4612">
    <p class='ocr_par' dir='ltr' id='par_1_137' title="bbox 2263 4537 3878 4612">
     <span class='ocr_line' id='line_1_141' title="bbox 2263 4537 3878 4612; baseline 0 -21"><span class='ocrx_word' id='word_1_1020' title='bbox 2263 4538 2416 4592; x_wconf 88' lang='lat' dir='ltr'>sicut</span> <span class='ocrx_word' id='word_1_1021' title='bbox 2447 4537 2594 4594; x_wconf 90' lang='lat' dir='ltr'>male</span> <span class='ocrx_word' id='word_1_1022' title='bbox 2615 4546 2857 4612; x_wconf 81' lang='lat' dir='ltr'>egerant</span> <span class='ocrx_word' id='word_1_1023' title='bbox 2878 4541 3156 4596; x_wconf 90' lang='lat' dir='ltr'>adversus</span> <span class='ocrx_word' id='word_1_1024' title='bbox 3184 4543 3554 4612; x_wconf 86' lang='lat' dir='ltr'>proximum,</span> <span class='ocrx_word' id='word_1_1025' title='bbox 3580 4547 3645 4597; x_wconf 83' lang='lat' dir='ltr'>ut</span> <span class='ocrx_word' id='word_1_1026' title='bbox 3665 4537 3878 4597; x_wconf 69' lang='lat' dir='ltr'>facerent</span> 
     </span>
    </p>
   </div>
   <div class='ocr_carea' id='block_1_138' title="bbox 2261 4610 3879 4683">
    <p class='ocr_par' dir='ltr' id='par_1_138' title="bbox 2261 4610 3879 4683">
     <span class='ocr_line' id='line_1_142' title="bbox 2261 4610 3879 4683; baseline -0.001 -19"><span class='ocrx_word' id='word_1_1027' title='bbox 2261 4612 2586 4683; x_wconf 82' lang='lat' dir='ltr'>secundum</span> <span class='ocrx_word' id='word_1_1028' title='bbox 2631 4610 2816 4681; x_wconf 87' lang='lat' dir='ltr'>legem</span> <span class='ocrx_word' id='word_1_1029' title='bbox 2866 4614 3086 4683; x_wconf 80' lang='lat' dir='ltr'>Moysi:</span> <span class='ocrx_word' id='word_1_1030' title='bbox 3119 4610 3664 4669; x_wconf 26' lang='lat' dir='ltr'>et‘interfecerunt</span> <span class='ocrx_word' id='word_1_1031' title='bbox 3708 4612 3879 4683; x_wconf 60' lang='lat'>809,6!</span> 
     </span>
    </p>
   </div>
   <div class='ocr_carea' id='block_1_139' title="bbox 2259 4680 3877 4753">
    <p class='ocr_par' dir='ltr' id='par_1_139' title="bbox 2259 4680 3877 4753">
     <span class='ocr_line' id='line_1_143' title="bbox 2259 4680 3877 4753; baseline 0.001 -18"><span class='ocrx_word' id='word_1_1032' title='bbox 2259 4680 2520 4736; x_wconf 88' lang='lat' dir='ltr'>salvatus</span> <span class='ocrx_word' id='word_1_1033' title='bbox 2547 4685 2638 4736; x_wconf 90' lang='lat' dir='ltr'>est</span> <span class='ocrx_word' id='word_1_1034' title='bbox 2694 4680 2936 4753; x_wconf 85' lang='lat' dir='ltr'>sanguis</span> <span class='ocrx_word' id='word_1_1035' title='bbox 2964 4680 3256 4739; x_wconf 55' lang='lat' dir='ltr'>&#39;innoxius</span> <span class='ocrx_word' id='word_1_1036' title='bbox 3299 4685 3354 4739; x_wconf 90' lang='lat' dir='ltr'>in</span> <span class='ocrx_word' id='word_1_1037' title='bbox 3392 4685 3496 4740; x_wconf 88' lang='lat' dir='ltr'>die</span> <span class='ocrx_word' id='word_1_1038' title='bbox 3527 4685 3651 4752; x_wconf 89' lang='lat' dir='ltr'>illa,</span> <span class='ocrx_word' id='word_1_1039' title='bbox 3691 4681 3877 4753; x_wconf 71' lang='lat' dir='ltr'>Helciss</span> 
     </span>
    </p>
   </div>
   <div class='ocr_carea' id='block_1_140' title="bbox 2259 4751 3875 4829">
    <p class='ocr_par' dir='ltr' id='par_1_140' title="bbox 2259 4751 3875 4829">
     <span class='ocr_line' id='line_1_144' title="bbox 2259 4751 3875 4829; baseline -0.001 -23"><span class='ocrx_word' id='word_1_1040' title='bbox 2259 4757 2450 4829; x_wconf 83' lang='lat' dir='ltr'>autem</span> <span class='ocrx_word' id='word_1_1041' title='bbox 2483 4757 2538 4807; x_wconf 89' lang='lat' dir='ltr'>et</span> <span class='ocrx_word' id='word_1_1042' title='bbox 2570 4769 2715 4807; x_wconf 83' lang='lat' dir='ltr'>uxor</span> <span class='ocrx_word' id='word_1_1043' title='bbox 2743 4751 3317 4829; x_wconf 80' lang='lat' dir='ltr'>ejus_laudaverunt</span> <span class='ocrx_word' id='word_1_1044' title='bbox 3378 4756 3583 4812; x_wconf 89' lang='lat' dir='ltr'>Deum</span> <span class='ocrx_word' id='word_1_1045' title='bbox 3641 4751 3740 4829; x_wconf 88' lang='lat' dir='ltr'>pro</span> <span class='ocrx_word' id='word_1_1046' title='bbox 3787 4751 3875 4829; x_wconf 71' lang='lat' dir='ltr'>lilia</span> 
     </span>
    </p>
   </div>
   <div class='ocr_carea' id='block_1_141' title="bbox 2256 4822 3874 4898">
    <p class='ocr_par' dir='ltr' id='par_1_141' title="bbox 2256 4822 3874 4898">
     <span class='ocr_line' id='line_1_145' title="bbox 2256 4822 3874 4898; baseline 0.001 -21"><span class='ocrx_word' id='word_1_1047' title='bbox 2256 4839 2366 4878; x_wconf 91' lang='lat' dir='ltr'>sua</span> <span class='ocrx_word' id='word_1_1048' title='bbox 2392 4827 2685 4898; x_wconf 73' lang='lat' dir='ltr'>Susanna,</span> <span class='ocrx_word' id='word_1_1049' title='bbox 2711 4822 2841 4880; x_wconf 85' lang='lat' dir='ltr'>cum</span> <span class='ocrx_word' id='word_1_1050' title='bbox 2872 4825 3103 4898; x_wconf 86' lang='lat' dir='ltr'>Joaoim</span> <span class='ocrx_word' id='word_1_1051' title='bbox 3130 4827 3338 4882; x_wconf 88' lang='lat' dir='ltr'>marito</span> <span class='ocrx_word' id='word_1_1052' title='bbox 3363 4829 3533 4898; x_wconf 79' lang='lat' dir='ltr'>ejus,</span> <span class='ocrx_word' id='word_1_1053' title='bbox 3569 4833 3627 4884; x_wconf 89' lang='lat' dir='ltr'>et</span> <span class='ocrx_word' id='word_1_1054' title='bbox 3644 4822 3874 4898; x_wconf 65' lang='lat' dir='ltr'>cognati!</span> 
     </span>
    </p>
   </div>
   <div class='ocr_carea' id='block_1_142' title="bbox 2256 4894 3872 4967">
    <p class='ocr_par' dir='ltr' id='par_1_142' title="bbox 2256 4894 3872 4967">
     <span class='ocr_line' id='line_1_146' title="bbox 2256 4894 3872 4967; baseline 0 -18"><span class='ocrx_word' id='word_1_1055' title='bbox 2256 4894 2552 4967; x_wconf 76' lang='lat' dir='ltr'>gmnibus,</span> <span class='ocrx_word' id='word_1_1056' title='bbox 2588 4896 2871 4967; x_wconf 83' lang='lat' dir='ltr'>quianon</span> <span class='ocrx_word' id='word_1_1057' title='bbox 2903 4903 3063 4952; x_wconf 89' lang='lat' dir='ltr'>esset</span> <span class='ocrx_word' id='word_1_1058' title='bbox 3093 4897 3328 4953; x_wconf 88' lang='lat' dir='ltr'>inventa</span> <span class='ocrx_word' id='word_1_1059' title='bbox 3358 4894 3424 4953; x_wconf 76' lang='lat' dir='ltr'>in</span> <span class='ocrx_word' id='word_1_1060' title='bbox 3459 4915 3536 4956; x_wconf 87' lang='lat' dir='ltr'>ea</span> <span class='ocrx_word' id='word_1_1061' title='bbox 3582 4916 3676 4955; x_wconf 88' lang='lat' dir='ltr'>res</span> <span class='ocrx_word' id='word_1_1062' title='bbox 3706 4894 3872 4967; x_wconf 73' lang='lat' dir='ltr'>turpis.</span> 
     </span>
    </p>
   </div>
   <div class='ocr_carea' id='block_1_143' title="bbox 2254 4965 3874 5043">
    <p class='ocr_par' dir='ltr' id='par_1_143' title="bbox 2254 4965 3874 5043">
     <span class='ocr_line' id='line_1_147' title="bbox 2254 4965 3874 5043; baseline 0.001 -24"><span class='ocrx_word' id='word_1_1063' title='bbox 2254 4965 2459 5043; x_wconf 77' lang='lat' dir='ltr'>Daniel</span> <span class='ocrx_word' id='word_1_1064' title='bbox 2491 4971 2686 5043; x_wconf 79' lang='lat' dir='ltr'>autem</span> <span class='ocrx_word' id='word_1_1065' title='bbox 2720 4966 3028 5043; x_wconf 75' lang='lat' dir='ltr'>factusest</span> <span class='ocrx_word' id='word_1_1066' title='bbox 3059 4985 3308 5043; x_wconf 86' lang='lat' dir='ltr'>magnus</span> <span class='ocrx_word' id='word_1_1067' title='bbox 3335 4969 3397 5024; x_wconf 91' lang='lat' dir='ltr'>in</span> <span class='ocrx_word' id='word_1_1068' title='bbox 3437 4977 3758 5043; x_wconf 84' lang='lat' dir='ltr'>conspectu</span> <span class='ocrx_word' id='word_1_1069' title='bbox 3795 4965 3874 5039; x_wconf 82' lang='lat' dir='ltr'>po—</span> 
     </span>
    </p>
   </div>
   <div class='ocr_carea' id='block_1_144' title="bbox 2254 5035 3872 5114">
    <p class='ocr_par' dir='ltr' id='par_1_144' title="bbox 2254 5035 3872 5114">
     <span class='ocr_line' id='line_1_148' title="bbox 2254 5035 3872 5114; baseline 0.004 -25"><span class='ocrx_word' id='word_1_1070' title='bbox 2254 5035 2399 5114; x_wconf 78' lang='lat' dir='ltr'>puli,</span> <span class='ocrx_word' id='word_1_1071' title='bbox 2431 5054 2462 5092; x_wconf 88' lang='lat' dir='ltr'>a</span> <span class='ocrx_word' id='word_1_1072' title='bbox 2493 5037 2586 5114; x_wconf 88' lang='lat' dir='ltr'>die</span> <span class='ocrx_word' id='word_1_1073' title='bbox 2605 5037 2737 5114; x_wconf 77' lang='lat' dir='ltr'>illa,</span> <span class='ocrx_word' id='word_1_1074' title='bbox 2761 5044 2818 5094; x_wconf 89' lang='lat' dir='ltr'>et</span> <span class='ocrx_word' id='word_1_1075' title='bbox 2847 5035 3243 5111; x_wconf 50' lang='lat' dir='ltr'>deincepstt</span> <span class='ocrx_word' id='word_1_1076' title='bbox 3273 5057 3373 5096; x_wconf 88' lang='lat' dir='ltr'>rex</span> <span class='ocrx_word' id='word_1_1077' title='bbox 3396 5035 3707 5114; x_wconf 69' lang='lat' dir='ltr'>Astyages</span> <span class='ocrx_word' id='word_1_1078' title='bbox 3735 5035 3872 5110; x_wconf 53' lang='lat' dir='ltr'>appo‘</span> 
     </span>
    </p>
   </div>
   <div class='ocr_carea' id='block_1_145' title="bbox 2253 5107 3872 5192">
    <p class='ocr_par' dir='ltr' id='par_1_145' title="bbox 2253 5107 3872 5192">
     <span class='ocr_line' id='line_1_149' title="bbox 2253 5107 3872 5192; baseline 0.002 -28"><span class='ocrx_word' id='word_1_1079' title='bbox 2253 5107 2402 5164; x_wconf 90' lang='lat' dir='ltr'>situs</span> <span class='ocrx_word' id='word_1_1080' title='bbox 2433 5112 2522 5164; x_wconf 91' lang='lat' dir='ltr'>est</span> <span class='ocrx_word' id='word_1_1081' title='bbox 2551 5109 2622 5192; x_wconf 75' lang='lat' dir='ltr'>ad</span> <span class='ocrx_word' id='word_1_1082' title='bbox 2657 5114 2850 5180; x_wconf 89' lang='lat' dir='ltr'>patres</span> <span class='ocrx_word' id='word_1_1083' title='bbox 2881 5107 3134 5182; x_wconf 56' lang='lat' dir='ltr'>suos,&#39;et</span> <span class='ocrx_word' id='word_1_1084' title='bbox 3171 5113 3442 5184; x_wconf 86' lang='lat' dir='ltr'>suscepit</span> <span class='ocrx_word' id='word_1_1085' title='bbox 3473 5107 3668 5187; x_wconf 57' lang='lat' dir='ltr'>Cirris</span> <span class='ocrx_word' id='word_1_1086' title='bbox 3713 5107 3872 5169; x_wconf 60' lang='lat' dir='ltr'>rem</span> 
     </span>
    </p>
   </div>
   <div class='ocr_carea' id='block_1_146' title="bbox 2250 5196 2688 5248">
    <p class='ocr_par' dir='ltr' id='par_1_146' title="bbox 2250 5196 2688 5248">
     <span class='ocr_line' id='line_1_150' title="bbox 2250 5196 2688 5248; baseline 0.002 -14"><span class='ocrx_word' id='word_1_1087' title='bbox 2250 5196 2500 5248; x_wconf 85' lang='lat' dir='ltr'>regnum</span> <span class='ocrx_word' id='word_1_1088' title='bbox 2535 5196 2688 5248; x_wconf 76' lang='lat' dir='ltr'>ejus.</span> 
     </span>
    </p>
   </div>
   <div class='ocr_carea' id='block_1_147' title="bbox 2321 5251 3867 5324">
    <p class='ocr_par' dir='ltr' id='par_1_147' title="bbox 2321 5251 3867 5324">
     <span class='ocr_line' id='line_1_151' title="bbox 2321 5251 3867 5324; baseline 0.003 -20"><span class='ocrx_word' id='word_1_1089' title='bbox 2321 5251 2499 5324; x_wconf 76' lang='lat' dir='ltr'>[Visio</span> <span class='ocrx_word' id='word_1_1090' title='bbox 2554 5251 2701 5322; x_wconf 87' lang='lat' dir='ltr'>XII,]</span> <span class='ocrx_word' id='word_1_1091' title='bbox 2733 5255 2866 5307; x_wconf 84' lang='lat' dir='ltr'>Erat</span> <span class='ocrx_word' id='word_1_1092' title='bbox 2918 5256 3116 5308; x_wconf 90' lang='lat' dir='ltr'>autem</span> <span class='ocrx_word' id='word_1_1093' title='bbox 3175 5252 3380 5309; x_wconf 90' lang='lat' dir='ltr'>Daniel</span> <span class='ocrx_word' id='word_1_1094' title='bbox 3448 5257 3700 5312; x_wconf 80' lang='lat' dir='ltr'>conviva</span> <span class='ocrx_word' id='word_1_1095' title='bbox 3735 5251 3867 5324; x_wconf 75' lang='lat' dir='ltr'>regis.</span> 
     </span>
    </p>
   </div>
   <div class='ocr_carea' id='block_1_148' title="bbox 2249 5323 3870 5396">
    <p class='ocr_par' dir='ltr' id='par_1_148' title="bbox 2249 5323 3870 5396">
     <span class='ocr_line' id='line_1_152' title="bbox 2249 5323 3870 5396; baseline 0.001 -20"><span class='ocrx_word' id='word_1_1096' title='bbox 2249 5325 2306 5376; x_wconf 91' lang='lat' dir='ltr'>et</span> <span class='ocrx_word' id='word_1_1097' title='bbox 2337 5323 2658 5396; x_wconf 76' lang='lat' dir='ltr'>honoratus</span> <span class='ocrx_word' id='word_1_1098' title='bbox 2691 5339 2868 5392; x_wconf 90' lang='lat' dir='ltr'>super</span> <span class='ocrx_word' id='word_1_1099' title='bbox 2897 5341 3100 5396; x_wconf 87' lang='lat' dir='ltr'>omnes</span> <span class='ocrx_word' id='word_1_1100' title='bbox 3133 5325 3352 5382; x_wconf 88' lang='lat' dir='ltr'>amicos</span> <span class='ocrx_word' id='word_1_1101' title='bbox 3388 5329 3556 5395; x_wconf 87' lang='lat' dir='ltr'>ejus.</span> <span class='ocrx_word' id='word_1_1102' title='bbox 3595 5329 3728 5384; x_wconf 86' lang='lat' dir='ltr'>Erat</span> <span class='ocrx_word' id='word_1_1103' title='bbox 3767 5323 3870 5396; x_wconf 75' lang='lat' dir='ltr'>quo-</span> 
     </span>
    </p>
   </div>
   <div class='ocr_carea' id='block_1_149' title="bbox 2248 5393 3868 5470">
    <p class='ocr_par' dir='ltr' id='par_1_149' title="bbox 2248 5393 3868 5470">
     <span class='ocr_line' id='line_1_153' title="bbox 2248 5393 3868 5470; baseline 0.001 -22"><span class='ocrx_word' id='word_1_1104' title='bbox 2248 5409 2360 5464; x_wconf 89' lang='lat' dir='ltr'>que</span> <span class='ocrx_word' id='word_1_1105' title='bbox 2390 5393 2612 5449; x_wconf 91' lang='lat' dir='ltr'>idolum</span> <span class='ocrx_word' id='word_1_1106' title='bbox 2644 5397 2881 5451; x_wconf 90' lang='lat' dir='ltr'>nomine</span> <span class='ocrx_word' id='word_1_1107' title='bbox 2923 5395 3022 5452; x_wconf 90' lang='lat' dir='ltr'>Bel</span> <span class='ocrx_word' id='word_1_1108' title='bbox 3074 5398 3228 5470; x_wconf 89' lang='lat' dir='ltr'>apud</span> <span class='ocrx_word' id='word_1_1109' title='bbox 3273 5393 3651 5470; x_wconf 56' lang='lat' dir='ltr'>Babilonios</span> <span class='ocrx_word' id='word_1_1110' title='bbox 3676 5417 3690 5456; x_wconf 90' lang='lat'>:</span> <span class='ocrx_word' id='word_1_1111' title='bbox 3719 5393 3868 5454; x_wconf 82' lang='lat' dir='ltr'>etim-</span> 
     </span>
    </p>
   </div>
   <div class='ocr_carea' id='block_1_150' title="bbox 2244 5605 3868 5678">
    <p class='ocr_par' dir='ltr' id='par_1_150' title="bbox 2244 5605 3868 5678">
     <span class='ocr_line' id='line_1_154' title="bbox 2244 5605 3868 5678; baseline 0 -18"><span class='ocrx_word' id='word_1_1112' title='bbox 2244 5605 2423 5662; x_wconf 89' lang='lat' dir='ltr'>distat</span> <span class='ocrx_word' id='word_1_1113' title='bbox 2466 5623 2532 5662; x_wconf 91' lang='lat' dir='ltr'>ac</span> <span class='ocrx_word' id='word_1_1114' title='bbox 2589 5609 2889 5666; x_wconf 87' lang='lat' dir='ltr'>diversum</span> <span class='ocrx_word' id='word_1_1115' title='bbox 2947 5614 3038 5667; x_wconf 90' lang='lat' dir='ltr'>est</span> <span class='ocrx_word' id='word_1_1116' title='bbox 3093 5627 3127 5667; x_wconf 90' lang='lat' dir='ltr'>a</span> <span class='ocrx_word' id='word_1_1117' title='bbox 3180 5612 3476 5678; x_wconf 78' lang='lat' dir='ltr'>Pomaria.</span> <span class='ocrx_word' id='word_1_1118' title='bbox 3513 5616 3567 5671; x_wconf 87' lang='lat' dir='ltr'>si</span> <span class='ocrx_word' id='word_1_1119' title='bbox 3628 5614 3868 5672; x_wconf 83' lang='lat' dir='ltr'>scribatur</span> 
     </span>
    </p>
   </div>
   <div class='ocr_carea' id='block_1_151' title="bbox 2241 5679 3872 5806">
    <p class='ocr_par' dir='ltr' id='par_1_151' title="bbox 2241 5679 3872 5806">
     <span class='ocr_line' id='line_1_155' title="bbox 2241 5679 3872 5806; baseline 0.001 -71"><span class='ocrx_word' id='word_1_1120' title='bbox 2241 5679 2610 5806; x_wconf 49' lang='lat' dir='ltr'>ﬁiigerium,</span> <span class='ocrx_word' id='word_1_1121' title='bbox 2689 5685 2751 5738; x_wconf 91' lang='lat' dir='ltr'>ut</span> <span class='ocrx_word' id='word_1_1122' title='bbox 2844 5681 3027 5739; x_wconf 91' lang='lat' dir='ltr'>scitur</span> <span class='ocrx_word' id='word_1_1123' title='bbox 3112 5683 3184 5740; x_wconf 90' lang='lat' dir='ltr'>ab</span> <span class='ocrx_word' id='word_1_1124' title='bbox 3266 5684 3570 5745; x_wconf 87' lang='lat' dir='ltr'>omnibus</span> <span class='ocrx_word' id='word_1_1125' title='bbox 3656 5681 3872 5747; x_wconf 84' lang='lat' dir='ltr'>eruditis.</span> 
     </span>
    </p>
   </div>
  </div>
