4090 6192
311 241 451 298 1393

302 365 473 433 liani)
505 367 782 440 martyris
821 367 1178 441 exemplaria
1207 369 1435 442 probat.
1458 369 1657 426 Medias
1681 369 1832 427 inter
1847 370 1956 426 has

302 418 624 530 Εἶεῖιξῖηᾶεέ
642 418 1545 528 EiiésiiEAQ’iiil'15413335;
1555 418 1822 516 ’ἐέάὲὲζεξ
1849 418 1958 514 Ἱξῖ
1985 418 2037 484 Α

299 550 489 618 gunt:
535 561 682 618 quos
740 547 812 601 ab
865 545 1113 618 Origene
1171 546 1498 604 elaboratos
1559 548 1846 604 Eusebius
1903 554 1959 604 et

299 634 650 708 Pamphilus
674 635 1090 706 vulgaverant:
1124 641 1400 709 totusque
1434 637 1591 693 orbis
1644 637 1751 693 hac
1811 637 1960 694 inter

300 741 366 780 se
398 724 625 780 trifaria
653 725 930 781 varietate
961 731 1338 798 compugnat.
1368 727 1437 781 Et
1467 734 1620 782 certe
1677 727 1958 799 Origenes

298 830 417 869 non
449 814 638 870 solum
671 814 1028 886 exemplaria
1058 815 1074 848 ¹
1107 817 1436 888 composuit
1466 821 1716 888 quatuor
1745 817 1958 871 editio-

295 919 465 974 num,
495 919 524 959 e
556 903 794 976 regione
824 903 1058 976 singula
1085 905 1262 960 verba
1292 905 1654 972 describens,
1689 909 1753 960 ut
1803 921 1959 962 unus

291 992 674 1065 dissentiens,
709 994 905 1049 statim
938 993 1164 1050 caeteris
1189 994 1340 1050 inter
1369 1011 1429 1050 se
1452 994 1958 1050 consentientibus

289 1086 618 1153 arguatur;
652 1082 777 1149 sed,
810 1083 963 1154 quod
988 1083 1227 1153 majoris
1259 1083 1517 1140 audaciae
1549 1087 1636 1140 est
1659 1083 1716 1138 in
1749 1083 1957 1138 editio-

291 1187 367 1227 ne
396 1171 784 1244 Septuaginta
839 1171 1252 1228 Theodotionis
1320 1173 1636 1228 editionem
1696 1172 1955 1240 miscuit,

306 1262 607 1318 asteriscis
639 1261 958 1334 designans
988 1278 1114 1333 quas
1147 1261 1344 1320 minus
1402 1266 1536 1318 ante
1586 1263 1840 1327 fuerant,
1899 1267 1958 1318 et

287 1351 546 1424 virgulis
577 1367 704 1422 quia
737 1368 807 1407 ex
835 1352 1133 1424 superﬂuo
1167 1353 1512 1408 videbantur
1550 1352 1836 1422 apposita.
1896 1346 1957 1406 Si

297 1438 486 1511 igitur
514 1439 648 1496 aliis
680 1441 846 1496 licuit
872 1457 987 1496 non
1021 1446 1220 1497 tenere
1246 1443 1399 1514 quod
1441 1441 1620 1498 semel
1681 1456 1954 1511 suscepe-

305 1533 455 1596 rant,
489 1534 546 1585 et
578 1535 709 1603 post
738 1530 1112 1603 septuaginta
1141 1531 1410 1600 cellulas,
1438 1547 1565 1602 quas
1605 1530 1777 1602 vulgo
1824 1530 1950 1586 sine

293 1623 538 1674 auctore
585 1620 892 1690 jactentur
928 1621 972 1689 ³,
1029 1619 1293 1691 singulas
1353 1618 1596 1676 cellulas
1655 1635 1954 1690 aperuere,

290 1706 522 1778 hocque
552 1707 610 1762 in
639 1707 917 1764 Ecclesiis
946 1707 1164 1781 legitur
1201 1709 1356 1780 quod
1413 1709 1798 1780 Septuaginta
1852 1723 1952 1762 ne-

1747 249 1989 303 VERBA
2027 249 2331 303 DIERUM.

3592 253 3731 309 1394

2076 369 2346 427 inveniri.
2378 371 2540 427 Certe
2571 369 2818 442 apostoli
2848 373 2906 426 et
2933 371 3321 444 evangelista;
3343 373 3730 448 Septuaginta

2070 461 2422 531 Interpretes
2481 465 2800 516 noverant:
2857 464 2914 516 et
2969 461 3126 516 unde
3182 463 3268 518 eis
3335 462 3457 519 hac
3532 464 3727 522 dicere

2069 565 2196 621 quae
2227 549 2288 604 in
2319 549 2700 620 Septuaginta
2730 565 2845 604 non
2869 548 3162 605 habentur
3182 549 3210 604 ?
3231 551 3502 608 Christus
3529 553 3730 610 Domi-
3843 555 3846 558 ’

2071 655 2185 694 nus
2209 642 2406 694 noster
2423 637 2730 709 utriusque
2755 639 3117 694 Testamenti
3141 640 3428 710 conditor,
3457 643 3514 697 in
3537 643 3729 700 Evan-

2068 726 2219 799 gelio
2253 727 2581 782 secundum
2615 727 2926 797 Joannem,
2957 728 3064 795 Qui
3084 729 3279 797 credit,
3305 730 3521 802 inquit,
3545 734 3727 803 inme,

2067 815 2211 870 sicut
2241 816 2378 870 dicit
2407 815 2714 887 Scriptura,
2761 817 2998 886 ﬂumina
3038 818 3111 873 de
3141 824 3330 874 ventre
3385 820 3504 892 ejus
3555 822 3729 891 ﬂuent

2069 920 2238 976 aqua?
2255 905 2391 962 viva!
2414 905 2600 977 (Joan.
2625 923 2726 972 νιι,
2751 906 2864 977 38).
2890 905 3103 978 Utique
3125 907 3413 979 scriptum
3437 913 3545 978 est,
3569 913 3724 982 quod

2069 994 2335 1051 Salvator
2365 994 2651 1067 scriptum
2683 1011 2812 1051 esse
2838 997 3108 1051 testatur.
3147 997 3249 1053 Ubi
3283 999 3569 1070 scriptum
3600 1001 3722 1056 est?

2067 1083 2454 1156 Septuaginta
2474 1101 2585 1140 non
2609 1084 2854 1140 habent:
2877 1085 3211 1158 apocrypha
3232 1088 3419 1143 nescit
3439 1088 3720 1146 Ecclesia.

2064 1174 2149 1229 Ad
2179 1173 2445 1229 Hebraeos
2477 1173 2658 1246 igitur
2689 1175 3097 1230 revertendum
3130 1180 3239 1244 est,
3262 1177 3419 1232 unde
3439 1181 3494 1234 et
3522 1178 3722 1235 Domi-

2067 1278 2180 1318 nus
2209 1261 2490 1334 loquitur,
2515 1269 2572 1318 et
2592 1262 2867 1334 discipuli
2889 1263 3155 1335 exempla
3177 1271 3561 1336 presumunt.
3588 1251 3720 1326 Hinc

2067 1367 2209 1422 pace
2237 1355 2501 1406 veterum
2534 1351 2760 1422 loquor,
2793 1359 2846 1407 et
2876 1353 3366 1411 obtrectatoribus
3397 1356 3544 1412 meis
3593 1366 3721 1412 tan-

2065 1445 2188 1496 tum
2224 1441 2571 1512 respondeo,
2605 1440 2703 1512 qui
2737 1441 2949 1496 canino
3000 1443 3171 1498 dente
3221 1459 3314 1498 me
3372 1445 3606 1515 rodunt,
3658 1447 3719 1503 in

2065 1526 2302 1600 publico
2333 1527 2748 1596 detrahentes;
2783 1528 3042 1600 legentes
3075 1529 3133 1584 in
3166 1530 3421 1602 angulis,
3455 1531 3630 1588 iidem
3663 1537 3720 1590 et

2063 1621 2432 1673 accusatores
2450 1622 2508 1672 et
2528 1618 2882 1686 defensores,
2906 1633 3037 1673 cum
3058 1617 3118 1674 in
3141 1619 3271 1675 aliis
3293 1621 3540 1691 probent
3559 1623 3715 1694 quod

2063 1707 2124 1762 in
2153 1723 2244 1761 me
2266 1706 2586 1778 reprobant
2619 1724 2632 1773 ;
2668 1707 2838 1778 quasi
2869 1707 3055 1762 virtus
3087 1712 3143 1764 et
3163 1709 3372 1765 vitium
3397 1727 3512 1766 non
3535 1711 3594 1766 in
3625 1727 3715 1768 re-

291 1797 583 1864 scierunt,
617 1813 721 1852 cur
750 1813 844 1852 me
873 1814 988 1854 non
1008 1779 1361 1870 vsuscipiant
1413 1779 1603 1854 Latini
1642 1779 1794 1864 imei,
1851 1791 1953 1868 qui
1984 1779 2030 1844 Β
2062 1796 2172 1852 bus
2204 1795 2302 1863 sit,
2335 1795 2434 1850 sed
2470 1812 2602 1850 curn
2635 1799 2871 1852 auctore
2919 1801 3200 1852 mutetur.
3249 1802 3530 1854 Caeterum
3587 1815 3710 1856 me-

280 1884 564 1942 inviolata
597 1885 857 1942 editione
877 1887 1052 1943 veteri
1082 1887 1164 1942 ita
1197 1904 1404 1944 novam
1454 1887 1708 1957 condidi,
1744 1893 1803 1941 ut
1861 1885 1944 1942 la-

282 1976 483 2031 borem
518 1992 714 2031 meum
752 1976 1028 2046 Hebraeis,
1081 1982 1158 2048 et,
1215 1978 1366 2046 quod
1428 1978 1522 2033 his
1570 1978 1764 2047 majus
1822 1979 1934 2046 est,

282 2065 570 2137 apostolis
601 2065 940 2122 auctoribus
975 2067 1304 2138 probem“?
1350 2067 1565 2139 Scripsi
1624 2083 1811 2139 nuper
1865 2066 1938 2122 li-

279 2155 457 2210 brum
490 2155 556 2210 de
587 2155 800 2226 Optimo
838 2172 1034 2227 genere
1091 2155 1562 2228 interpretandi‘,
1623 2159 1937 2214 ostendens

272 2243 379 2298 illa
408 2245 480 2298 de
503 2244 841 2316 Evangelio,
873 2247 957 2300 Ex
986 2248 1226 2316 (Egypto
1281 2249 1469 2300 vocavi
1523 2245 1706 2315 ﬁlium
1753 2263 1936 2302 meum

267 2333 484 2402 (Matth.
541 2351 602 2401 ιι,
664 2335 796 2405 i3);
856 2339 912 2390 et
971 2335 1240 2403 Quoniam
1296 2336 1598 2394 Nazarwus
1652 2335 1935 2392 vocabitur

265 2421 434 2490 (Ibid.
493 2423 625 2492 23);
681 2428 778 2489 et,
840 2423 1104 2480 Videbunt
1159 2426 1222 2479 iu
1279 2440 1440 2496 quem
1489 2426 1937 2498 compunxerunl

265 2512 452 2582 (Joan.
485 2529 600 2582 xix,
633 2512 725 2582 37)
748 2531 762 2580 ;
788 2516 845 2569 et
876 2513 1017 2568 illud
1049 2513 1338 2586 Apostoli,
1389 2514 1516 2582 Qum
1571 2517 1764 2571 oculus
1819 2532 1930 2572 non

269 2600 431 2666 vidit,
463 2617 564 2657 nec
591 2604 748 2658 auris
775 2603 1012 2668 audivit,
1043 2620 1140 2659 nec
1169 2604 1225 2659 in
1257 2620 1350 2660 cor
1381 2604 1623 2660 hominis
1671 2607 1929 2662 ascende-

269 2695 428 2758 runt,
461 2707 581 2762 quae
617 2693 960 2764 praeparavit
1015 2692 1154 2750 Deus
1204 2692 1572 2765 diligentibus
1617 2710 1674 2750 se
1730 2698 1773 2766 (ι
1804 2697 1923 2752 Cor~

271 2797 332 2847 ιι,
357 2781 447 2852 9):
483 2786 808 2854 caeteraque
840 2781 933 2836 bis
964 2780 1182 2838 similia
1207 2782 1264 2837 in
1323 2783 1702 2841 Hebraeorum
1759 2785 1929 2844 libris

347 2943 362 2976 ⁸
392 2938 845 3022 Vaticanu_s_ms.
879 2959 1055 3009 unus,
1086 2947 1144 2997 et
1169 2941 1316 3022 alter
1345 2960 1376 3000 e
1424 2946 1663 3014 nostris,
1712 2947 1928 3022 legunt

273 3012 554 3087 Ilcxapia,
581 3013 683 3068 sed
716 3013 1033 3087 incongrue
1065 3034 1078 3082 ;
1109 3015 1249 3085 quia
1276 3015 1346 3070 de
1377 3021 1632 3087 quatuor
1650 3012 1926 3077 'editivoni-

2057 1885 2224 1949 mini,
2256 1884 2572 1940 editionem
2595 1889 2980 1957 Septuaginta
3001 1886 3445 1943 Translatorum
3474 1887 3613 1944 olim
3637 1889 3708 1946 de

2055 1973 2252 2030 Graeco
2307 1973 2680 2029 emendatam
2735 1973 3015 2031 tribuisse
3075 1991 3166 2030 me
3226 1977 3540 2034 nostris“:
3602 1993 3709 2034 nec

2051 2064 2358 2121 inimicum
2391 2064 2604 2120 debere
2635 2065 2914 2121 aestimari
2945 2082 3172 2132 eorum,
3203 2083 3352 2138 quos
3374 2069 3432 2122 in
3457 2084 3709 2125 conven-

2049 2158 2110 2209 tu
2136 2156 2384 2210 fratrum
2417 2169 2648 2225 semper
2672 2155 2951 2211 edissero.
2992 2156 3061 2210 Et
3103 2157 3258 2226 quod
3313 2173 3470 2213 nunc
3527 2174 3710 2213 nanus

2048 2261 2222 2298 mum
2264 2244 2478 2314 (Diam
2520 2243 2701 2314 i131),
2742 2243 2798 2298 id
2861 2250 2951 2299 est
2997 2244 3165 2300 Verba
3219 2245 3460 2314 dierum,
3521 2246 3706 2301 inter-

2047 2337 2312 2404 pretatus
2345 2348 2500 2398 sum,
2534 2331 2750 2387 idcirco
2784 2332 2911 2399 feci,
2937 2335 3002 2389 ut
3023 2332 3460 2390 inextricabiles
3482 2350 3700 2403 moras,

2043 2425 2101 2477 et
2131 2421 2703 2487 silvam-nominum,
2735 2437 2863 2492 quas
2890 2422 3247 2494 scriptorum
3280 2423 3526 2479 contusa
3566 2427 3705 2479 sunt

2041 2510 2205 2578 vitio,
2237 2527 2642 2582 sensuumque
2675 2510 3027 2582 barbariem,
3058 2511 3320 2584 apertius
3350 2516 3407 2569 et
3438 2528 3542 2584 per
3571 2529 3698 2568 ver-

2043 2614 2218 2653 suum
2251 2597 2380 2654 cola
2409 2597 2730 2668 digererem
2760 2615 2772 2654 :
2808 2598 3195 2671 mihimetipsi
3225 2609 3280 2654 et
3336 2601 3482 2656 meis
3531 2601 3703 2671 juxta

2041 2687 2360 2743 Ismeniam
2381 2689 2402 2722 °
2425 2703 2662 2743 canens.
2688 2687 2737 2743 si
2762 2703 2932 2743 aures
2956 2688 3148 2743 surdas
3171 2693 3312 2744 sunt
3332 2692 3695 2746 cmterorum.

2039 2970 2173 3010 mus
2205 2953 2587 3025 dicemusque
2618 2954 2689 3009 de
2720 2969 2788 3009 ea
2818 2953 3088 3026 pluribus
3118 2955 3178 3010 in
3211 2954 3574 3012 Praefatione.

2108 3027 2128 3059 ⁸
2155 3026 2280 3080 Non
2310 3029 2626 3092 Ismeniam,
2661 3027 2758 3081 sed
2786 3025 3136 3082 Hismenium
3161 3026 3414 3092 legimus
3458 3027 3517 3083 in
3566 3043 3692 3083 om-

274 3085 384 3170 bus
418 3083 512 3170 hic
543 3100 736 3170 sermo
767 3083 992 3170 est._’.id
1050 3083 1143 3142 est
1195 3087 1267 3142 de
1325 3083 1619 3161 Te'traplis,
1682 3109 1796 3148 non
1855 3095 1926 3150 de
1958 3147 1998 3170 η
2038 3096 2215 3170 nibus
2240 3115 2377 3170 mss.
2405 3083 2709 3170 codicibus
2729 3106 2964 3170 excepto
2985 3083 3523 3170 Canone‘llebraicaa
3547 3100 3694 3155 veri-

273 3154 532 3222 Ilexaplis
561 3155 849 3228 Origenis.
885 3157 1072 3212 MART.

344 3227 520 3306 ’Bine
550 3227 1102 3306 a‘uctorejactantur
1123 3228 1216 3306 he;
1239 3230 1488 3306 singulis
1532 3233 1752 3306 cellulae
1796 3239 1932 3306 Sep-

271 3299 540 3371 tuaginta
573 3301 830 3371 lnterp.:
872 3302 1061 3356 «Cum
1105 3299 1382 3357 Aristaeus
1437 3303 1730 3360 Ptolomaei
1777 3299 1930 3371 regis

275 3324 540 3370 Luugluta
573 3324 830 3371 ιιιιυῐρ.;
872 3324 1061 3356 tuum
1105 3324 1382 3357 ΛΓιδιωυδ
1437 3324 1730 3360 mommsen
1777 3324 1836 3362 re
1880 3325 1926 3363 18

275 3369 681 3448 ὑπερασπιᾳτής
704 3377 759 3426 et
791 3373 976 3448 multo
1001 3378 1130 3448 post
1153 3378 1414 3448 tempore
1439 3375 1756 3448 Josephus,
1779 3324 1926 3434 ηίὲιι

272 3444 400 3521 tale
422 3443 758 3521 retulerint;
785 3445 884 3498 sed
911 3443 969 3498 in
1001 3443 1486 3521 eadem_basilica
1525 3443 1925 3521 congregatos,

271 3514 596 3570 contulisse
619 3515 901 3600 scribant,
927 3533 1038 3600 non
1066 3515 1462 3600 prophetasse.
1492 3540 1518 3568 υ
1552 3514 1680 3576 Huic
1705 3514 1766 3576 δῖ
1792 3514 1926 3578 Hie;

270 3586 822 3731 i°3ﬁ3§§§i3§3
849 3591 1520 3731 ἷὲεὲθὲυριῗιὲλιέξιλάκέίυε
1578 3679 1690 3719 ms.
1752 3666 1930 3721 codex

269 3729 338 3854 Β.
373 3730 542 3786 Card.
579 3732 798 3800 Bonzii,
855 3729 1174 3800 apostolici:
1231 3735 1656 3791 auctoritatibus
1682 3738 1926 3806 probem.

327 3818 456 3854 Αιιτ.

327 3818 456 3856 ΛΒΤ.

343 3873 366 3906 ⁴
396 3872 495 3946 Est
510 3872 593 3946 ad
627 3873 1048 3930 Pammachium
1079 3874 1327 3946 epistola
1359 3875 1415 3929 in
1466 3882 1667 3932 nostra
1727 3894 1928 3933 recen-

270 3943 438 4016 sione
460 3945 536 4016 757
567 3947 789 4016 scripta
819 3947 928 4000 sub
960 3943 1235 4016 anni'995
1267 3949 1463 4014 linem,
1517 3954 1582 4003 ut
1636 3949 1695 4004 in
1748 3951 1931 4006 Chro-

272 4014 560 4088 nologicis
591 4017 663 4071 ad
692 4014 822 4072 eam
857 4018 1020 4072 Notis
1052 4014 1444 4087 ostendimus,

339 4087 361 4120 ⁸
398 4087 680 4152 Diximus,
713 4105 827 4144 non
863 4090 977 4144 nisi
1009 4090 1277 4164 exiguam
1311 4091 1439 4164 ejus
1471 4090 1746 4149 editionis
1798 4110 1930 4164 par-

269 4161 391 4214 tem
425 4175 754 4232 superesse,
790 4177 966 4234 quam
999 4162 1384 4235 subsequenti
1416 4167 1575 4220 tomo
1606 4161 1931 4223 recensebi-

1957 3147 1999 3214 C
2038 3147 2212 3237 ars;
2241 3147 2316 3224 ’ἰό

2043 3173 2200 3237 tatis,
2259 3173 2316 3224 in
2372 3185 2493 3295 guo
2574 3173 2862 3252 scriptum
2922 3173 3248 3241 reperimus
3303 3173 3690 3254 Itismamiam.

2043 3245 2218 3296 Porro
2251 3257 2362 3312 apu
2431 3240 2856 3312 Apuleium,et
2898 3241 3275 3297 Plutarchum
3336 3259 3394 3297 ιιι
3456 3243 3693 3309 Pericle,

2041 3314 2309 3367 Ismenias
2341 3329 2554 3367 nomen
2586 3317 2674 3367 est
2704 3312 2967 3384 Thebani
3022 3314 3228 3384 optimi
3275 3313 3558 3383 tibicinis,
3600 3314 3695 3368 cui

2037 3400 2178 3440 sane
2211 3385 2440 3452 frigenti
2474 3385 2543 3439 ad
2574 3383 2857 3456 populum
2889 3383 3084 3440 aiebat
3102 3384 3488 3456 Antigenidas
3547 3401 3696 3456 pra:-

2038 3460 2258 3528 ceptor,
2293 3455 2587 3528 referente
2605 3455 2880 3514 Cicerone
2902 3459 2982 3510 de
3015 3455 3201 3525 Clar.,
3226 3455 3376 3512 Orat.
3402 3457 3537 3512 Mihi
3556 3455 3698 3513 Cane

2036 3537 2088 3583 et
2114 3527 2312 3582 musis.
2345 3527 2608 3583 Meminit
2647 3527 2822 3583 etiam
2869 3530 3140 3586 Historiae
3189 3528 3463 3584 Valerius
3514 3529 3696 3584 Maxi-

2039 3617 2168 3654 mus
2200 3599 2302 3656 lib.
2339 3601 2539 3654 Rerum
2570 3598 3044 3665 memorabitium,
3080 3618 3164 3660 ιιι.
3198 3617 3246 3655 c.
3291 3601 3346 3654 7.
3403 3601 3545 3655 llinc
3603 3617 3697 3655 ca-

2039 3687 2177 3726 nere
2207 3671 2319 3726 sibi
2351 3677 2409 3726 et
2439 3671 2652 3742 musis,
2697 3670 2991 3742 significat
3048 3672 3302 3727 scribere
3359 3677 3461 3726 aut
3504 3671 3698 3727 dicere

2039 3743 2193 3824 quod
2229 3743 2383 3824 docti
2415 3741 2521 3824 soli
2557 3741 3049 3824 intelligant,‘aut
3107 3743 3232 3824 ipse
3289 3747 3512 3806 cantor,
3552 3759 3693 3824 “non

2038 3813 2608 3884 vulgusimperitum
2641 3817 2696 3867 et
2749 3813 3071 3884 ingratum.
3135 3814 3217 3884 Id
3257 3828 3385 3868 vero
3440 3814 3692 3884 perfecte

2039 3882 2390 3966 quadrataii
2417 3890 2672 3966 mentem
2697 3899 2759 3938 ac
2781 3882 3129 3966 sententiam
3154 3882 3487 3966 hieronvmi
3515 3899 3688 3965 {cum

2041 3954 2150 4011 Soli
2183 3955 2361 4014 docti.
2401 3959 2504 4010 aut
2558 3956 2683 4027 ipse
2741 3954 3009 4010 conditor
3065 3954 3243 4082 huf'us
3298 3954 3574 4011 editionis
3622 3972 3691 4011 ex

2041 4027 2214 4082 Hebr.
2246 4027 2560 4082 maximam
2621 4025 3013 4082 intelligerent
3053 4027 3135 4082 uti
3167 4031 3366 4082 itatem
3420 4026 3691 4082 Ecclesiis

2041 4027 2214 4082 Hebr.
2246 4025 2593 4082 maximam’
2621 4025 3013 4099 intelligerent
3053 4025 3366 4084 utilitatem
3420 4026 3694 4084 Ecclesiis

2040 4116 2109 4155 ex
2140 4116 2205 4155 ea
2238 4100 2519 4156 futuram.
2543 4101 2727 4155 Msa'r.

268 4325 3678 4357 ——_______________—_______

1849 4468 2121 4526 INCIPIT

1110 4637 1592 4767 LIBER
1686 4641 2216 4771 DABBE
2311 4643 2846 4785 IAMIM.

1887 4884 1944 4923 ιι)
1984 4885 2079 4925 EST

1520 5031 1887 5124 VERBA
1949 5031 2439 5142 DIERUM,

1628 5209 1744 5282 Qui
1777 5211 1949 5290 apud
1981 5230 2096 5274 nos
2127 5212 2355 5275 dicitur

1346 5384 2602 5497 PARALIPOMENON.

342 5701 495 5771 (Cap.
533 5701 599 5770 l.)
632 5701 834 5767 Adam,
880 5701 1039 5768 Setb,
1102 5703 1273 5769 Enos,
1333 5701 1574 5768 Cainan,
1638 5701 1923 5769 Malaleel,

270 5772 466 5844 Jared,
529 5773 744 5841 Enoch,
808 5773 1153 5844 Mathusale,
1212 5773 1507 5843 Lamecb,
1567 5778 1704 5842 Noe,
1763 5779 1917 5844 Sen),

2033 5702 2238 5771 Cham,
2269 5708 2324 5759 et
2353 5704 2630 5776 Japhetb.

2104 5776 2224 5830 Filii
2258 5775 2530 5848 Japhetb,
2558 5782 2769 5833 Gomer
2799 5777 3022 5849 Magog,
3055 5778 3109 5831 et
3140 5775 3350 5844 Madai,
3379 5779 3436 5832 et
3471 5775 3677 5844 Javan,
