4090 6192
408 266 548 325 1403

1444 266 1503 320 8.
1545 267 1956 323 HlERONYMI
1994 269 2249 324 DIVINA
2286 269 2779 326 DIBLIOTHECA.

3684 272 3823 326 1404

446 410 642 468 uoque
670 408 802 448 cum
833 389 1191 469 suburbanis
1214 388 1357 445 suis.
1383 392 1601 449 Omnes
1624 393 1908 463 civitates,
1938 399 2050 451 tre-
2082 397 2135 465 Α
2207 395 2527 469 ΑΝιιωθιιιιε
2556 400 2753 453 autem
2786 412 3012 468 eorum,
3046 396 3251 469 viginti
3284 396 3400 452 duo
3425 396 3609 453 millia
3633 403 3690 453 et
3720 397 3824 453 tri-

449 463 621 535 eeifn,
662 482 764 537 per
794 463 1174 537 cognationes
1198 479 1366 537 suas.

480 534 641 594 Filiis
663 534 851 592 autem
885 536 1063 590 Caath
1097 534 1350 591 residuis
1401 535 1469 590 dc
1526 537 1871 606 cognatione
1924 555 2054 595 sua.

412 612 702 682 dederunt
730 605 1070 682 ex_dimidia
1099 607 1276 677 ,tribu
1315 612 1584 665 Manasse
1614 605 1689 664 in
1731 610 2054 682 possessio-

412 700 545 739 nem
570 681 745 736 urbes
776 679 999 735 decem.

482 759 659 809 Porro
686 750 823 805 ﬁliis
871 751 1106 807 Gersom
1171 766 1272 821 per
1328 751 1707 822 cognationes
1767 770 1929 822 suas,
1984 754 2056 808 de

407 826 565 881 tribu
599 823 886 890 lssacbar,
920 828 977 878 et
1006 822 1077 877 de
1107 822 1263 876 tribu
1295 828 1461 888 Aser,
1491 829 1549 878 et
1603 824 1675 881 de
1738 826 1894 880 tribu
1943 824 2059 880 Ne-

406 895 614 969 phtali,
647 900 706 951 et
731 896 800 950 de
832 893 988 950 tribu
1020 899 1291 949 Manasse
1350 895 1407 950 in
1460 896 1672 964 Basan,
1706 898 1881 953 urbes
1940 904 2056 953 tre-

410 968 625 1024 decim.

478 1038 640 1093 Filiis
674 1042 869 1092 autem
922 1038 1129 1111 Merari
1176 1054 1280 1110 per
1335 1038 1712 1109 cognationes
1767 1056 1925 1111 suas,
1985 1040 2057 1096 de

408 1111 566 1167 tribu
602 1110 808 1165 Ruben
857 1113 913 1163 et
942 1109 1012 1164 de
1043 1109 1199 1166 tribu
1234 1111 1377 1177 Gad,
1409 1114 1465 1164 et
1495 1112 1565 1167 de
1596 1111 1753 1167 tribu
1776 1109 2055 1180 Zabulon,

408 1184 696 1239 dederunt
725 1185 881 1237 sorte
906 1180 1169 1237 civitates
1202 1182 1531 1239 duodecim.

480 1256 779 1311 Dederunt
810 1268 1042 1323 quoque
1075 1253 1174 1308 ﬁlii
1214 1254 1391 1309 lsrael
1436 1254 1646 1310 Levitis
1705 1254 1972 1311 civitates
2002 1259 2059 1311 et

410 1326 757 1383 suburbana
786 1339 985 1379 earum
1013 1340 1027 1379 :

482 1401 887 1467 Dederuntque
918 1412 1021 1465 per
1050 1400 1288 1462 sortem,
1319 1412 1389 1450 ex
1419 1396 1573 1451 tribu
1606 1396 1857 1452 ﬁliorum
1879 1398 2055 1467 Juda,

409 1474 467 1526 et
498 1486 566 1525 ex
599 1469 758 1523 tribu
788 1466 1041 1522 ﬁliorum
1075 1468 1332 1537 Simeon,
1364 1472 1420 1522 et
1464 1485 1531 1523 ex
1580 1469 1737 1525 tribu
1801 1466 2055 1525 filiorum

409 1539 737 1624 Benjamin,
772 1539 947 1594 urbes
979 1538 1111 1606 has,
1143 1555 1288 1611 quas
1326 1546 1677 1596 vocaverunt
1721 1541 2059 1597 nominibus

409 1630 574 1670 ευιεε

480 1685 549 1739 Et
580 1683 671 1739 his
698 1682 798 1752 qui
830 1685 996 1754 erant
1027 1681 1471 1754 degcognatione
1527 1683 1781 1739 ﬁliorum
1849 1683 2054 1751 Caath,

2164 466 2329 541 ginta
2359 474 2629 541 quatuor.

2238 540 2411 596 Porro
2444 540 2542 595 ﬁlii
2579 539 2804 595 Boehor
2832 556 2851 611 ι
2879 540 3129 611 Zamira,
3160 544 3219 596 et
3246 540 3407 610 Joas,
3460 545 3519 596 et
3575 540 3819 610 Eliezer,

2165 616 2223 667 et
2248 611 2526 680 Elioenai,
2558 617 2615 667 et
2644 610 2916 676 Amri,’et
2940 610 3246 677 Jerimoth,
3270 618 3328 667 et
3351 612 3559 679 Abiah,
3586 618 3645 667 et
3669 620 3822 669 Ana-

2165 683 2355 749 thoth,
2387 688 2445 739 et
2472 682 2793 739 Almathan
2830 685 2842 718 ¹
2881 699 3125 754 [omnes
3165 683 3223 737 hi
3257 682 3361 754 ﬁlii
3392 684 3638 740 Bocbor.

2238 755 2537 813 Numerati
2570 759 2710 810 sunt
2738 753 2932 810 autem
2970 772 3072 827 per
3102 753 3375 827 familias
3405 772 3567 827 suas,
3607 756 3824 827 princi-

2166 843 2267 899 pes
2297 827 2713 899 cognationum
2747 825 3014 899 suarum,
3049 826 3120 882 ad
3154 825 3305 882 bella
3355 825 3685 894 fortissimi,
3736 828 3821 883 vi-

2163 897 2309 969 ginti
2342 897 2527 954 millia
2556 904 2613 953 et
2645 897 2904 969 ducenti.

2236 974 2413 1025 Porro
2446 970 2549 1025 ﬁlii
2580 968 2796 1038 Jadiel,
2824 969 3000 1024 Balan
3028 985 3041 1023 ε

2238 1041 2367 1098 Filii
2394 1048 2587 1097 autem
2612 1040 2812 1107 Balan,
2840 1041 3005 1112 Jeus,
3039 1045 3097 1096 et
3125 1040 3455 1112 Benjamin,
3488 1045 3543 1095 et
3567 1042 3712 1107 Aod,
3765 1046 3822 1097 et

2165 1113 2461 1181 Chanana,
2488 1119 2545 1169 et
2572 1112 2814 1177 Zethan,
2846 1121 2899 1167 et
2927 1111 3191 1177 Tharsis,
3223 1111 3281 1168 et
3313 1112 3626 1167 Abisahar.

2237 1186 2453 1241 Omnes
2507 1185 2567 1240 hi
2620 1184 2721 1240 ﬁlii
2770 1183 2982 1251 Jadiel,
3042 1184 3335 1255 principes
3398 1183 3818 1255 cognationum

2166 1273 2432 1323 suarum,
2463 1256 2569 1311 viri
2600 1255 2931 1319 fortissimi,
2964 1256 3163 1310 decem
3197 1261 3254 1311 et
3286 1259 3511 1327 septem
3536 1256 3731 1311 millia
3764 1260 3819 1312 et

2165 1329 2422 1398 ducenti,
2456 1329 2526 1383 ad
2560 1328 2827 1399 prielium
2862 1327 3263 1399 procedentes.

2164 1396 2485 1528 m§eglgam
2521 1396 2751 1471 quoque
2780 1403 2835 1455 et
2858 1396 3122 1471 Hapham
3172 1396 3275 1453 filii
3324 1397 3424 1453 Hir
3456 1397 3471 1452 l
3500 1403 3558 1453 et
3626 1397 3821 1454 [lasim

2230 1490 2269 1527 ιι
2392 1488 2474 1527 er.

2230 1490 2269 1527 ιι
2300 1488 2474 1527 ΛΠΘΓ.

2235 1543 2361 1599 Filii
2392 1547 2587 1598 autem
2620 1540 2932 1613 Nephthali
2963 1558 2975 1595 :
3008 1539 3210 1611 Jasiel,
3242 1544 3299 1596 et
3328 1539 3504 1605 Guni,
3534 1544 3595 1596 et
3630 1540 3819 1611 Jeser,

2165 1620 2221 1673 et
2250 1615 2496 1677 Sellum,
2529 1612 2633 1668 lilii
2663 1612 2823 1668 Bala.

2238 1686 2411 1743 Porro
2445 1684 2602 1740 ﬁlius
2633 1690 2917 1751 Manasse,
2950 1682 3134 1755 Esriel
3163 1681 3653 1755 :Aconcubinaque
3692 1684 3823 1754 ejus

410 1756 768 1835 f_ue_run_tque
800 1753 1063 1809 civitates
1102 1753 1162 1809 in
1204 1753 1477 1811 terminis
1525 1771 1728 1811 eorum
1779 1756 1849 1811 de
1904 1756 2054 1812 lribu
2092 1769 2137 1835 Β
2168 1758 2313 1829 Syra
2344 1755 2824 1835 peperitMachir
2853 1760 3075 1835 patrem
3101 1753 3341 1835 Galaad.

410 1827 711 1898 Ephraim.

485 1900 890 1967 Dederuntque
919 1912 1055 1966 ergo
1086 1895 1173 1969 eis
1193 1897 1451 1954 urbesad
1476 1898 2063 1969 confugiendum,8i-

406 1970 574 2027 ehem
606 1986 740 2025 cum
774 1968 1131 2041 suburbanis
1162 1970 1285 2025 suis
1317 1969 1375 2024 in
1408 1974 1606 2026 monte
1656 1968 1951 2041 prraim,
2003 1975 2061 2027 ct

407 2044 590 2099 Gazer
607 2057 739 2114 eum
772 2040 1129 2114 suburbanis
1161 2041 1613 2114 suis,Jec.naam
1648 2040 1878 2114 quoque
1926 2059 2060 2099 cum

407 2113 769 2172 suburbanis
800 2112 952 2180 suis,
982 2117 1039 2167 et
1065 2113 1355 2168 Bethoron
1387 2112 1681 2180 similiter,
1735 2112 1959 2169 necnon
2004 2120 2063 2172 et

416 2186 603 2243 Helon
633 2200 767 2240 eum
801 2184 1159 2240 suburbanis
1189 2184 1334 2250 suis,
1352 2190 1408 2240 et
1436 2185 1790 2241 Gethromou
1816 2186 1873 2241 in
1898 2202 2058 2245 eum-

411 2259 545 2313 dem
586 2257 847 2311 modum.

482 2335 653 2385 Porro
683 2343 753 2383 ex
781 2325 1025 2381 dimidia
1045 2325 1199 2381 tribu
1232 2331 1521 2396 Manasse,
1556 2332 1711 2383 Aner
1739 2330 1797 2383 et
1846 2326 2061 2381 subur-

410 2401 564 2456 bana
590 2400 741 2469 ejus,
764 2397 1000 2452 Baalam
1032 2401 1089 2452 et
1118 2398 1457 2469 suburbana
1516 2398 1644 2469 ejus
1676 2415 1689 2454 :
1746 2398 1799 2454 bi
1857 2396 2063 2454 videli-

410 2477 519 2535 cet,
555 2468 657 2542 qui
689 2468 760 2524 de
777 2469 1125 2542 cognatione
1143 2468 1399 2542 filiorum
1423 2468 1598 2526 Caatb
1634 2469 1842 2542 reliqui
1873 2472 2059 2542 erant.

408 2540 798 2598 Filiis'autem
824 2540 1093 2613 Gersom,
1138 2541 1596 2613 rdeicognatione
1643 2540 1901 2597 dimidia:
1958 2540 2063 2596 tri-

408 2617 521 2671 bus
549 2620 839 2681 Manasse,
874 2611 1100 2668 Ganlon
1132 2612 1188 2667 in
1224 2611 1413 2685 Bas'an
1446 2618 1503 2669 et
1533 2614 1878 2670 suburbana
1907 2614 2062 2685 ejus,

413 2692 470 2743 et
508 2684 780 2741 Astaroth
814 2699 944 2739 cum
979 2684 1337 2740 suburbanis
1370 2686 1515 2741 suis.

488 2763 562 2812 De
594 2757 751 2812 tribu
776 2754 1059 2821 lssacbar,
1090 2757 1271 2811 Cedes
1302 2760 1359 2811 et
1404 2757 1748 2812 suburbana
1804 2756 1956 2826 ejus,
2006 2760 2065 2810 et

413 2828 701 2911 Debereth
735 2844 866 2911 cum
902 2827 1262 2911 suburbanis
1290 2826 1436 2896 suis,
1469 2829 1975 2911 liampthquoque
2006 2832 2065 2883 et

411 2900 755 2959 suburbana
787 2900 937 2969 ejus,
967 2903 1021 2953 et
1046 2901 1227 2955 Anem
1256 2916 1385 2954 cum
1419 2900 1777 2956 suburbanis
1808 2900 1953 2955 suis.

488 2973 570 3028 De
599 2972 755 3027 tribu
792 2987 925 3025 vero
958 2972 1140 3026 Aser:
1176 2971 1357 3027 Masal
1382 2987 1514 3026 cum
1542 2970 1901 3028 suburbanis
1916 2969 2062 3038 suis,

416 3048 471 3102 et
500 3044 706 3100 Abdon
739 3040 1035 3111 similiter,
1070 3042 1257 3098 llucac
1318 3059 1551 3114 quoque
1609 3049 1667 3101 et
1721 3044 2065 3099 suburbana

417 3118 568 3188 ejus,
602 3120 660 3171 et
688 3115 1011 3188 Boobcum
1044 3114 1403 3188 suburbanis
1436 3116 1578 3171 suis.

484 3189 660 3243 Porro
693 3186 763 3242 de
776 3185 930 3241 tribu
954 3184 1265 3255 Nephthali
1287 3185 1469 3242 Cedes
1494 3188 1550 3241 in
1583 3185 1820 3242 Galilaea
1840 3190 1898 3242 et
1919 3185 2061 3241 sub-

418 3262 644 3316 urbana
674 3258 826 3329 ejus,
860 3261 1087 3312 Hamon
1119 3273 1250 3313 eum
1284 3258 1644 3314 suburbanis
1675 3259 1821 3325 suis,
1853 3263 1911 3314 et
1959 3260 2066 3314 Ca-

421 3330 697 3388 riatbaim
729 3334 786 3384 et
814 3330 1157 3384 suburbana
1187 3331 1335 3399 ejus.

490 3400 654 3456 Filiis
681 3406 878 3454 autem
910 3401 1119 3455 Merari
1153 3400 1443 3456 residuis:
1478 3402 1548 3455 de
1577 3401 1733 3455 tribu
1784 3399 2065 3466 Zabulon,

416 3474 745 3530 Remmono
777 3478 836 3525 et
866 3472 1210 3527 suburbana
1239 3472 1389 3541 eius,
1420 3477 1473 3527 et
1495 3472 1729 3528 Thabor
1757 3487 1891 3527 cum
1925 3474 2065 3527 sub-

418 3542 665 3601 urbanis
695 3542 841 3598 suis.

484 3620 672 3670 Trans
700 3612 1013 3669 Jordanem
1028 3629 1262 3683 quoque
1293 3629 1362 3667 ex
1392 3614 1635 3668 adverso
1665 3614 1897 3669 Jericho
1936 3630 2069 3669 con-

414 3692 506 3745 tra
534 3686 801 3743 ordinem
833 3685 1129 3753 Jcrdanis,
1162 3685 1233 3739 de
1285 3684 1435 3739 tribu
1498 3686 1719 3753 Ruben,
1773 3690 1951 3740 Bosor
2008 3687 2065 3740 in

417 3756 738 3816 solitudine
769 3773 903 3812 cum
935 3755 1293 3811 suburbanis
1310 3756 1458 3825 suis,
1479 3758 1827 3812 etJasacum
1849 3758 2062 3813 subur-

415 3831 586 3887 banis
618 3830 768 3893 suis,
799 3830 1079 3901 Cademot
1110 3834 1431 3901 quoqueet
1462 3829 1805 3885 suburbana
1835 3832 1987 3901 ejus,
2012 3834 2069 3886 et

416 3903 677 3975 Miphaat
709 3916 844 3975 cum
876 3900 1238 3975 suburbanis
1270 3899 1414 3975 suis.

484 3970 722 4029 Necnon
756 3972 827 4027 de
858 3970 1167 4038 triquad,
1194 3970 1741 4027 RamothinGalaad
1778 3975 1836 4027 et
1857 3973 2069 4029 subur-

416 4046 571 4101 bana
602 4046 752 4115 ejus,
785 4050 844 4099 et
868 4044 1123 4115 Manaim
1146 4059 1283 4115 cum
1313 4044 1672 4099 suburbanis
1699 4044 1822 4100 suis
1847 4061 1861 4113 ;
1887 4046 1987 4101 sed
2013 4048 2071 4100 et

415 4118 607 4173 Esbon
636 4114 769 4171 cum
802 4114 1160 4171 suburbanis
1197 4114 1345 4181 suis,
1371 4119 1429 4170 et
1457 4116 1619 4170 Jezer
1666 4132 1800 4170 cum
1861 4118 2071 4173 subur-

419 4191 592 4245 banis
623 4187 771 4243 suis.

488 4261 641 4329 (Cap.
668 4258 817 4326 VII.)
852 4257 1029 4313 Porro
1063 4256 1165 4311 ﬁlii
1200 4256 1505 4312 Issaehar:
1541 4256 1748 4327 Thola,
1781 4262 1840 4314 et
1881 4258 2068 4328 Pbua,

417 4333 623 4396 Jasub,
654 4336 712 4385 ct
740 4331 1031 4395 Simeron,
1065 4332 1337 4400 quatuor.

490 4402 619 4459 Filii
650 4400 838 4457 Thola
866 4418 878 4455 :
912 4400 1009 4455 Ozi
1043 4406 1096 4455 et
1128 4400 1405 4471 Baphaia,
1429 4404 1487 4455 et
1518 4400 1712 4467 Jeriel,
1744 4404 1803 4457 et
1855 4401 2067 4469 Jemai,

420 4475 782 4570 et-{ebsemut
796 4470 1138 4570 Eamne],
1172 4470 1461 4544 principes
1484 4488 1585 4543 per
1613 4473 1820 4529 domos
1851 4489 2067 4546 cogna—
2102 4504 2146 4570 Β

420 4547 653 4601 tionum
682 4560 946 4601 suarum.

488 4622 570 4673 De
601 4617 783 4687 stirpe
813 4615 998 4671 Thola
1018 4614 1123 4671 viri
1157 4613 1462 4687 fortissimi
1495 4615 1787 4670 numerati
1819 4620 1959 4672 sunt
2007 4617 2068 4673 in

414 4688 629 4744 diebus
659 4685 865 4752 David,
897 4687 1102 4758 viginti
1136 4686 1251 4741 duo
1275 4685 1462 4740 millia
1492 4687 1771 4742 sexcenti.

490 4760 619 4814 Filii
652 4760 783 4814 Ozi:
816 4756 1097 4825 Jezraira,
1130 4759 1201 4813 de
1233 4774 1348 4828 quo
1384 4759 1503 4812 nati
1545 4762 1685 4814 sunt
1716 4756 1988 4829 Michael,
2013 4765 2071 4815 et

414 4831 661 4898 Obadia,
695 4835 756 4902 et
777 4829 924 4898 Joel,
958 4830 1210 4902 etJesia,
1236 4828 1724 4902 quinqueomnes
1751 4828 2065 4902 principes.

412 4906 679 4974 Cumque
712 4901 797 4957 eis
829 4900 1224 4974 perfamilias
1245 4906 1311 4974 et
1331 4900 1578 4974 populos
1601 4900 1767 4968 suos,
1822 4900 2066 4974 accincti

418 4976 489 5031 ad
528 4972 954 5042 pr'azlium,’viri
1010 4972 1339 5039 fortissimi,
1398 4973 1637 5042 triginta
1685 4990 1785 5029 sex
1843 4973 2066 5029 millia:

418 5044 639 5102 multas
670 5045 827 5101 enim
869 5044 1205 5099 habuerunt
1231 5061 1461 5114 uxores,
1486 5049 1544 5100 et
1574 5044 1745 5101 ﬁlice.

488 5119 720 5174 Fratres
750 5132 983 5189 quoque
1009 5133 1211 5189 eorum
1248 5133 1347 5189 per
1376 5134 1609 5172 omnem
1660 5117 2068 5189 cognationem

412 5191 703 5260 lssacbar,
731 5187 1135 5244 robustissimi
1166 5187 1265 5260 ad
1320 5187 1755 5259 pugnandum;
1773 5189 2071 5260 octoginta

417 5267 641 5333 septem
680 5260 859 5316 :nillia
885 5259 1175 5333 numerati
1219 5264 1376 5333 sunt.

487 5329 614 5388 Filii
648 5333 952 5403 Benjamin
987 5350 1000 5389 :
1035 5331 1169 5387 Bale
1200 5336 1257 5386 et
1287 5330 1634 5403 Bocbor,get
1683 5329 1895 5403 .ladiel,
1928 5334 2066 5403 tres.

492 5405 615 5460 Filii
648 5401 781 5460 Bale
808 5422 820 5459 :
853 5406 1070 5469 Esbon,
1093 5410 1151 5459 et
1180 5403 1300 5473 Ozi,
1333 5408 1391 5459 et
1412 5401 1587 5469 Oziel,
1610 5406 1667 5459 et
1686 5402 1991 5471 Jerimoth,
2015 5405 2073 5457 et

414 5476 573 5558 (irai,
610 5476 872 5558 quinque
892 5475 1152 5558 principe
1186 5474 1567 5545 familiarum,
1599 5479 1655 5532 et
1684 5476 1756 5532 ad
1798 5492 2068 5549 pugnan-

415 5549 557 5604 dum
592 5547 1015 5605 robustissimi.

486 5674 505 5707 ‘
533 5675 620 5727 Ita
650 5673 919 5729 Martian.
954 5688 983 5727 e
1016 5671 1140 5727 suis
1163 5669 1487 5735 codicibus,
1513 5675 1781 5727 etGrseeo
1821 5673 2068 5729 Alexan-

417 5742 587 5797 drino
612 5743 955 5813 rescripsit:
1016 5758 1271 5813 cumque
1303 5742 1359 5796 in
1408 5744 1648 5799 Hebraeo
1704 5749 1933 5801 tantum
1993 5747 2069 5802 sit

423 5813 594 5891 ἣνέθῖ
624 5830 993 5899 suspiscatur
1023 5829 1258 5886 ﬁnalem
1290 5841 1312 5899 τ
1359 5830 1613 5887 litteram
1648 5831 1857 5890 exinde
1917 5832 2070 5891 exci-

2240 1824 2463 1886 Machi'r
2492 1833 2686 1884 autem
2720 1824 2942 1899 accepit
2968 1842 3175 1883 uxores
3206 1827 3343 1899 ﬁliis
3374 1825 3501 1879 suis
3528 1824 3822 1899 Apphiam

2167 1905 2225 1958 et
2254 1902 2485 1972 Sephan
2514 1918 2526 1954 :
2560 1904 2617 1955 et
2647 1897 3143 1972 habuit'sororem
3166 1897 3415 1972 nomine
3448 1897 3698 1952 Maacha
3725 1914 3739 1949 :

2237 1968 2460 2029 Nomen
2492 1977 2688 2027 autem
2721 1970 2988 2041 secundi,
3022 1968 3339 2041 Salphaad,
3372 1973 3638 2040 nataeque
3681 1971 3824 2023 sunt

2167 2043 2457 2101 Salphaad
2488 2042 2642 2100 ﬁliae.

2239 2062 2521 2189 323231;;
2525 2062 2805 2189 flﬁaacha
2828 2130 2971 2169 uxor
2995 2112 3215 2169 Machir
3246 2110 3454 2182 ﬁlium,
3478 2110 3826 2181 vocavitque

2170 2187 2377 2244 nomen
2408 2189 2537 2258 ejus
2567 2187 2779 2242 Phares
2805 2202 2819 2240 :

2242 2260 2415 2315 Porro
2436 2252 2657 2314 'nnmen
2692 2255 2888 2312 fratris
2930 2256 3082 2327 ejus,
3134 2254 3343 2311 Seres:
3378 2258 3436 2310 et
3491 2252 3601 2309 ﬁlii
3658 2253 3823 2325 ejus-

2169 2330 2336 2390 Ulam
2369 2336 2425 2385 et
2455 2330 2665 2385 Reeen.

2242 2402 2420 2458 Filius
2451 2407 2643 2458 autem
2678 2398 2869 2465 Ulam,
2903 2398 3118 2454 Badan.

2244 2474 2307 2529 lli
2341 2478 2480 2529 sunt
2511 2471 2617 2528 filii
2648 2472 2887 2535 Galaad,
2920 2470 3023 2525 ﬁlii
3053 2467 3296 2537 Macbir,
3325 2466 3427 2522 ﬁlii
3457 2473 3756 2523 Manasse.

2238 2547 2329 2600 Son
2346 2562 2412 2601 or
2441 2551 2638 2600 autem
2672 2545 2799 2614 ejus
2823 2542 3039 2614 Regina
3060 2539 3490 2613 peperitvirum
3514 2541 3829 2607 decorum,

2169 2621 2228 2671 et
2259 2618 2519 2683 Abiezer,
2549 2621 2605 2671 et
2632 2614 2837 2670 Moola.

2170 2689 2348 2743 Erant
2400 2681 2591 2744 autem
2645 2686 2749 2741 ﬁlii
2805 2684 3060 2752 Bemida,
3110 2682 3287 2749 Ahin,
3327 2685 3385 2738 et
3442 2681 3717 2751 Sechem,
3774 2688 3831 2738 et

2172 2759 2301 2815 Lcci
2339 2764 2395 2815 et
2425 2765 2664 2815 Antam.

2242 2830 2370 2887 Filii
2402 2836 2596 2886 autem
2632 2827 2949 2902 Ephraim:
2974 2826 3246 2902 Sythula,
3269 2824 3450 2902 Bare_d
3485 2823 3645 2902 ﬁlius
3671 2825 3824 2902 ejus,

2168 2902 2392 2958 Thaath
2425 2903 2584 2958 filius
2614 2896 2765 2972 ejus,
2799 2899 2978 2972 Elada
3008 2896 3613 2972 ﬁliusejusjuThaath
3664 2896 3825 2972 filius

2168 2976 2318 3059 ejus,
2353 2974 2533 3057 hujus
2564 2967 2722 3029 filius
2751 2967 2966 3035 Zabad,
3000 2975 3058 3025 et
3090 2967 3269 3039 hujus
3302 2968 3461 3024 ﬁlius
3482 2967 3757 3038 Suthule,
3772 2972 3829 3022 et

2168 3046 2349 3102 holus
2381 3045 2539 3101 ﬁlius
2570 3046 2718 3100 Ezer
2750 3049 2807 3098 et
2840 3042 2977 3098 Elad
3010 3058 3023 3096 :

2215 3058 2349 3111 ujus
2381 3058 2539 3101 nllus
2570 3058 2718 3100 uzer
2750 3058 2807 3098 et
2840 3058 2977 3098 uiae
3010 3058 3023 3096 :

2092 3136 2135 3204 ρ
2244 3117 2607 3204 φίιοὶξίεδιιυῑιῐ¹
2628 3121 2823 3204 autem
2855 3132 2954 3204 eos
2978 3111 3615 3204 viri__GftbAindi_g‘e_naAe,

2172 3190 2308 3261 quia
2363 3188 2802 3259 descenderant,
2889 3191 2956 3242 ut
3012 3184 3356 3239 invaderent
3412 3182 3831 3255 possessiones

2171 3277 2418 3388 θοὶυυῐξῖι
2448 3330 2627 3401 igitur
2659 3328 2933 3402 prraim
2958 3330 3125 3400 pater
3153 3341 3355 3402 eorum
3378 3324 3586 3380 multis
3615 3324 3830 3380 diebus

2173 3410 2231 3461 et
2260 3397 2543 3459 venerunt
2572 3397 2782 3458 fratres
2808 3397 3054 3470 ejus,'ut
3085 3397 3529 3455 consolarentur
3559 3412 3722 3452 eum.

2248 3477 2796 3558 ingressusqueest
2813 3472 2885 3528 ad
2918 3486 3352 3558 uxorem-suam
3391 3485 3403 3521 :
3439 3485 3567 3552 quis
3616 3482 3833 3558 conce-

2176 3547 2283 3620 pit,
2317 3540 2373 3602 ἐι
2402 3540 2627 3617 peperit
2648 3544 2865 3620 filium,
2890 3549 2946 3599 et
2970 3541 3192 3620 vocavit
3224 3556 3434 3620 nomen
3467 3541 3599 3620 ejus
3640 3540 3827 3603 Beria,

2174 3616 2241 3675 eo
2274 3616 2426 3687 quod
2461 3616 2517 3673 in
2552 3617 2719 3673 malis
2750 3618 2963 3672 domus
2993 3617 3123 3682 ejus
3151 3618 3317 3687 ortus
3347 3616 3503 3687 esset
3536 3628 3551 3687 ξ

2244 3682 2374 3746 Filii
2407 3696 2601 3745 autem
2634 3690 2763 3760 ejus
2794 3689 2958 3752 Sara,
2991 3703 3121 3757 qua:
3152 3682 3479 3760 aedificavit
3536 3682 3829 3737 Bethoron

2175 3761 2510 3817 inferiorem
2546 3765 2604 3816 et
2635 3757 3017 3831 superiorem,
3050 3763 3108 3812 et
3138 3757 3448 3831 Qzensara.

2248 3839 2425 3890 Porro
2459 3831 2618 3888 ﬁlius
2648 3824 2776 3899 ejus
2811 3824 3034 3903 Rapha,
3066 3832 3123 3884 et
3153 3827 3404 3903 Reseph,
3426 3830 3484 3903 et
3523 3824 3829 3903 Thala-da

2176 3922 2291 3977 quo
2327 3909 2617 3977 natusest
2657 3896 2916 3977 Thaan,’
2939 3896 3039 3974 qui
3086 3896 3611 3977 genuit_:Laadan:_
3652 3896 3831 3966 hujus

2174 3969 2411 4056 quoque
2442 3976 2596 4056 filius
2637 3974 2917 4056 Ammiud
2957 3969 3180 4056 'genniiit
3237 3969 3515 4056 El_izama,
3578 3969 3652 4023 de
3712 3984 3828 4040 quo

2175 4042 2341 4105 ortus
2370 4053 2461 4103 est
2505 4048 2658 4113 Nun,
2692 4046 2794 4117 qui
2826 4042 3035 4101 habuit
3068 4042 3255 4117 filium
3287 4042 3486 4117 insue.

2246 4119 2547 4176 Possessio
2605 4109 2806 4173 autem
2886 4132 3087 4172 eorum
3114 4120 3171 4170 et
3218 4112 3526 4179 habitatio,
3587 4109 3831 4166 Beth-Bl

2176 4208 2307 4247 eum
2344 4192 2579 4247 ﬁliabus
2611 4189 2737 4244 suis
2765 4197 2964 4243 contra
2994 4188 3276 4243 orientem
3308 4185 3526 4252 Noran,
3561 4199 3629 4237 ac
3673 4183 3829 4239 occi-

2175 4263 2468 4319 dentalem
2497 4261 2728 4336 plagam
2761 4261 2960 4336 Gazer,
2989 4263 3046 4316 et
3077 4258 3222 4336 ﬁliae
3237 4258 3386 4327 ejus,
3416 4255 3833 4336 Sichemquo-

2177 4351 2291 4408 que
2321 4351 2454 4391 cum
2489 4326 2723 4389 filiabus
2754 4331 2900 4399 suis,
2936 4326 3123 4402 usque
3153 4329 3227 4385 ad
3258 4326 3379 4384 Aza
3403 4343 3539 4383 cum
3594 4326 3833 4381 ﬁliabus

2175 4423 2326 4462 91113.

2201 4424 2425 4535 adgnata
2456 4475 2608 4547 filios
2639 4488 2873 4547 quoque
2929 4479 3219 4547 Manasse,
3252 4470 3619 4547 Be‘thsanﬂet
3680 4469 3831 4547 ﬁlias

2176 4550 2326 4621 ejus,
2357 4546 2634 4621 Thanach
2655 4540 2726 4603 ἐι
2756 4540 2905 4601 ﬁlias
2935 4543 3373 4616 ejus,Mageddo
3400 4549 3457 4598 et
3487 4540 3642 4597 ﬁlias
3665 4543 3832 4613 ejus:

2181 4620 2293 4678 Dor
2323 4626 2379 4676 et
2408 4620 2560 4674 ﬁlius
2587 4620 2755 4688 ejus:

2249 4696 2311 4748 In
2343 4693 2437 4747 his
2469 4683 2881 4746 habitaverunt
2914 4686 3017 4741 ﬁlii
3048 4685 3291 4757 Josepb,
3326 4683 3428 4739 ﬁlii
3460 4684 3689 4757 Israel:

2249 4764 2375 4821 Filii
2411 4770 2590 4818 Aser:
2624 4762 2857 4825 Jemna,
2889 4763 2945 4815 et
2974 4756 3261 4825 Jesua,’et
3296 4757 3482 4823 Jesui,
3531 4764 3587 4811 et
3644 4756 3830 4819 Baria,

2175 4839 2233 4893 et
2254 4837 2400 4892 Sara
2429 4851 2593 4890 soror
2622 4848 2845 4889 eorum.

2248 4906 2379 4963 Filii
2410 4911 2607 4961 autem
2640 4904 2846 4960 Baria:
2880 4901 3090 4967 Heber,
3122 4903 3178 4955 et
3208 4898 3513 4955 Melchiel:
3564 4898 3696 4971 ipse
3741 4901 3833 4954 est

2178 4983 2342 5052 pater
2370 4976 2658 5033 Bersaith.

2248 5050 2435 5105 Heber
2455 5053 2651 5103 autem
2685 5045 2890 5118 genuit
2910 5043 3161 5116 Jephlat,
3192 5046 3249 5097 et
3278 5046 3500 5111 Somer,
3523 5041 3831 5112 et,0tbam,

2176 5126 2234 5179 et
2265 5123 2414 5177 Susa
2446 5135 2699 5176 sororem
2729 5133 2953 5173 eorum.

2246 5194 2372 5249 Filii
2406 5190 2682 5263 Jephlat:
2718 5187 2998 5255 Phosecb,
3034 5190 3089 5242 et
3146 5182 3447 5252 Cbamaal,
3491 5189 3549 5240 et
3603 5185 3787 5241 Asotb
3819 5200 3833 5238 :

2176 5266 2235 5321 hi
2269 5264 2647 5335 ﬁliiJephlat.

2250 5340 2430 5407 Porrp
2463 5327 2839 5390 ﬁliiSomer:
2872 5329 3004 5397 Abi,
3067 5331 3124 5385 et
3174 5327 3394 5400 Roaga,
3451 5332 3509 5383 et
3559 5327 3737 5398 Juba,
3787 5330 3840 5382 et

2175 5410 2375 5535 “Filii
2407 5480 2602 5533 autem
2634 5475 2834 5531 Helem
2869 5472 3068 5529 fratris
3090 5470 3219 5542 ejus
3254 5470 3497 5542 :Supha
3529 5475 3591 5527 et
3608 5471 3838 5535 Jemna,

2176 5555 2233 5608 et
2264 5550 2468 5619 Selles,
2495 5554 2553 5605 et
2582 5547 2769 5605 Amal.

2176 5692 2354 5749 disse.
2413 5690 2609 5746 Nihilo
2670 5686 2864 5743 secius
2910 5690 3167 5757 Graecus,
3199 5700 3388 5757 quem
3426 5684 3556 5757 ipse
3617 5686 3838 5753 laudat,

2175 5769 2395 5832 textus,
2430 5780 2544 5819 non
2575 5760 2891 5832 Almathan,
2923 5757 3024 5832 sed
3048 5754 3328 5827 Ε’λμεθὲμ
3375 5754 3543 5829 legit.
3592 5758 3836 5830 Vulgata

2176 5830 2409 5911 quoque
2440 5834 2585 5894 satis
2618 5834 2764 5891 bene
2796 5830 3036 5887 Almath.
