4090 6192
368 215 506 271 1415

513 339 631 394 oris
667 338 814 409 ejus.

368 413 577 469 Semen
616 408 793 466 Israel
826 408 975 464 servi
1008 408 1175 478 ejus:

443 483 547 540 lilii
577 483 755 537 Jacob
788 481 955 536 electi
990 480 1136 550 ejus,

375 557 502 629 Ipse
535 554 820 629 Dominus
844 551 1007 629 Deus
1030 555 1245 629 noster
1278 569 1290 607 :

444 627 501 680 in
535 626 806 679 universa
836 628 991 677 terra
1019 623 1242 694 judicia
1272 624 1421 695 ejus.

373 695 781 768 Recordamini
813 697 871 749 in
906 696 1332 768 sempiternum
1372 695 1523 768 pacti
1560 696 1686 767 ejus
1721 713 1734 753 :

443 767 963 841 sermonis,iquem
998 767 1273 841 praecepit
1303 767 1557 823 in’mille
1588 769 2020 841 generationes.

370 842 549 906 Quem
583 839 807 912 pepigit
831 855 971 912 cum
1006 838 1304 912 Abraham
1340 855 1353 894 :

440 917 497 967 et
521 909 1040 983 jura—mentiillius
1074 927 1208 983 cum
1244 910 1422 967 Isaac.

369 989 437 1040 Et
465 980 771 1055 constituit
806 980 949 1036 illud
984 982 1166 1038 Jacob
1197 982 1643 1055 inqpraeceptum
1677 999 1690 1038 :

445 1061 501 1111 et
532 1054 708 1111 Israel
740 1054 797 1109 in
833 1058 1063 1125 pactum
1097 1054 1546 1125 sempiternum.

369 1128 580 1185 Dicens
614 1142 627 1180 ε
661 1126 791 1182 Tibi
827 1126 975 1180 dabo
1008 1130 1223 1180 terram
1257 1126 1559 1197 Chanaan,

444 1198 772 1255 funiculum
809 1197 1416 1253 haereditatisvestrze.

372 1276 517 1329 Cum
547 1274 746 1327 essent
774 1270 946 1340 pauci
984 1285 1247 1333 numero,

446 1342 615 1399 Parvi
645 1346 701 1397 et
732 1340 919 1396 coloni
949 1341 1096 1412 ejus.

374 1416 444 1471 Et
474 1414 840 1469 transierunt
870 1413 940 1468 de
976 1411 1145 1483 gente
1178 1411 1237 1465 in
1270 1414 1527 1483 gentem,

446 1492 503 1542 et
532 1486 602 1565 de
634 1500 814 1565 regno
847 1485 919 1538 ad
952 1482 1555 1565 p’opulum_alter.um_.,

372 1558 500 1613 Non
528 1553 754 1611 dimisit
782 1553 1138 1626 quemquam
1171 1553 1519 1611 calumniari
1553 1571 1674 1625 eos,

446 1631 542 1685 sed
577 1627 872 1699 increpuit
903 1644 1003 1699 pro
1035 1627 1119 1682 eis
1151 1641 1337 1698 reges.

373 1700 563 1758 Nolite
594 1698 832 1771 tangere
865 1698 1118 1771 christos
1150 1714 1310 1771 meos
1345 1714 1358 1753 :

447 1778 504 1827 et
529 1772 586 1825 in
623 1768 923 1842 prophetis
956 1770 1100 1825 meis
1133 1768 1312 1824 nolite
1345 1768 1677 1842 malignari.

374 1847 616 1904 Cantate
647 1843 895 1898 Domino
927 1842 1120 1897 omnis
1151 1846 1342 1897 terra:

449 1915 796 1971 annuntiate
826 1930 894 1968 ex
924 1913 1015 1968 die
1046 1914 1101 1968 in
1137 1912 1291 1968 diem
1332 1910 1591 1985 salutare
1621 1912 1771 1985 ejus.

378 1988 622 2044 Narrate
655 1988 713 2041 in
746 1985 1021 2057 gentibus
1052 1984 1458 2057 gloriamejus
1493 2000 1505 2040 :

448 2064 507 2115 in
541 2055 771 2113 cunctis
803 2056 1035 2129 populis
1057 2055 1358 2129 mirabilia
1388 2056 1536 2129 ejus.

375 2132 523 2196 Quia
553 2125 819 2201 magnus
836 2125 1143 2198 Dominus,
1175 2133 1233 2182 et
1264 2125 1582 2201 laudabilis
1615 2125 1794 2183 nimis
1829 2142 1843 2183 :

449 2208 505 2257 et
535 2200 835 2257 horribilis
867 2216 1045 2271 super
1075 2216 1279 2254 omnes
1310 2200 1468 2271 deos.

380 2274 596 2330 Omnes
624 2273 777 2327 enim
815 2271 894 2324 dii
928 2270 1278 2343 populorum
1313 2270 1488 2325 idola.

381 2345 665 2400 Dominus
693 2347 885 2399 autem
919 2341 1093 2398 cmlos
1128 2341 1279 2397 fecit.

382 2415 682 2474 Confessio
713 2419 769 2469 et
802 2413 1231 2486 magnificentia
1258 2428 1459 2486 coram
1487 2426 1552 2467 eo
1583 2428 1596 2468 :

458 2487 736 2544 fortitudo
768 2491 825 2541 et
855 2482 1135 2557 gaudium
1168 2485 1227 2540 in
1258 2482 1383 2557 loco
1414 2484 1563 2554 ejus,

382 2560 596 2616 Atferte
624 2554 896 2624 Domine,
931 2556 1169 2613 familiai
1199 2554 1572 2628 populorum,

453 2631 652 2686 afferte
687 2628 931 2684 Domino
966 2626 1216 2700 gloriam
1249 2626 1306 2700 et
1325 2626 1668 2700 imperium.

378 2704 517 2761 Date
548 2701 798 2757 Domino
831 2698 1076 2769 gloriam
1112 2698 1336 2755 nomini
1369 2698 1519 2769 ejus,

453 2776 639 2831 levate
671 2769 1046 2842 sacrificium,
1081 2776 1138 2826 et
1186 2772 1378 2827 venite
1409 2770 1466 2825 in
1500 2770 1816 2841 conspectu
1848 2769 1977 2842 ejus
2008 2783 2023 2825 :

454 2852 512 2903 et
538 2846 773 2901 adorate
799 2843 1115 2898 Dominum
1146 2842 1206 2897 in
1239 2843 1443 2897 decore
1474 2845 1698 2897 sancto.

386 2920 831 2977 Commoveatur
861 2932 893 2969 a
921 2915 1063 2971 facie
1092 2916 1221 2986 ejus
1250 2913 1443 2986 omnis
1477 2918 1628 2986 terra
1657 2927 1671 2969 :

458 2992 585 3061 ipse
615 2988 769 3044 enim
800 2987 1067 3061 fundavit
1098 2984 1291 3061 orbem
1327 2984 1709 3041 immobilem.

397 3057 681 3120 Lar—tentur
710 3057 859 3129 cceli,
892 3062 947 3114 et
979 3057 1229 3114 exsultet
1261 3061 1415 3129 terra
1448 3074 1460 3110 :

460 3138 516 3189 et
547 3133 745 3187 dicant
774 3126 1227 3199 in'nationibus,
1263 3128 1543 3184 Dominus
1573 3126 1853 3199 regnavit.

392 3207 580 3262 Tonet
612 3218 791 3271 mare,
824 3206 880 3256 et
910 3201 1211 3274 plenitudo
1242 3202 1371 3272 eius
1402 3215 1415 3255 :

464 3275 757 3332 exsultent
788 3270 930 3345 agri,
959 3277 1015 3327 et
1042 3274 1240 3345 omnia
1271 3270 1396 3343 quae
1429 3270 1488 3325 in
1521 3270 1610 3345 eis
1636 3278 1792 3345 sunt.

392 3350 559 3404 Tunc
587 3342 914 3403 laudabunt
942 3345 1103 3416 ligna
1134 3342 1319 3400 saltus
1351 3359 1545 3399 coram
1578 3342 1827 3399 Domino
1861 3359 1875 3399 :

464 3419 603 3490 quia
630 3416 1071 3490 venitjudicare
1099 3420 1339 3490 terram.

394 3484 764 3547 Conﬁtemini
794 3484 1063 3556 Domino,
1098 3488 1375 3558 quoniam
1410 3484 1599 3558 bonus
1627 3500 1640 3539 :

464 3559 838 3633 quoniamiin
866 3556 1145 3633 aeternum
1178 3556 1577 3633 misericordia
1606 3557 1756 3633 ejus.

392 3634 462 3689 Et
484 3628 667 3688 dicite
700 3649 712 3686 ε
747 3629 917 3685 Salva
948 3647 1074 3695 nos,
1108 3630 1260 3685 Deus
1291 3628 1545 3684 salvator
1574 3631 1794 3694 noster,

465 3710 521 3759 et
548 3717 839 3775 congrege
868 3718 996 3772 nos,
1024 3708 1080 3775 et
1108 3717 1246 3775 erue
1276 3701 1346 3756 de
1375 3698 1697 3772 gentibus:

394 3776 465 3832 Ut
495 3774 882 3832 confiteamur
911 3774 1131 3829 nomini
1164 3779 1368 3829 sancto
1400 3776 1521 3838 tuo,

463 3853 522 3904 et
550 3845 905 3903 exsultemus
938 3846 995 3900 in
1029 3844 1388 3901 carminibus
1421 3843 1558 3898 tuis.

392 3920 739 3977 Benedictus
774 3916 1047 3972 Dominus
1086 3918 1240 3974 Deus
1271 3912 1450 3972 Israel
1481 3914 1554 3969 ab
1585 3916 1799 3969 aeterno
1844 3928 2032 3985 usque

535 3992 591 4045 in
620 4001 901 4045 mlernum
937 4006 950 4045 :

463 4069 515 4117 el
549 4062 704 4117 dicat
735 4060 926 4115 omnis
958 4058 1211 4131 populus
1247 4075 1260 4114 :

392 4134 598 4199 Amen,
633 4138 689 4188 et
717 4124 1002 4203 hymnum
1036 4124 1095 4203 [A
1111 4129 1151 4186 ι.
1186 4124 1759 4203 hymnusJ_Dominn.

393 4196 713 4276 Dereliquit
739 4196 934 4274 itaque
965 4196 1057 4276 ibi
1077 4196 1271 4259 coram
1303 4196 1705 4276 arcaffcederis
1725 4196 1982 4264 Domini,

390 4277 581 4348 Asaph
603 4270 672 4331 'et
701 4270 907 4330 fratres
958 4274 1107 4348 ejus,
1142 4277 1205 4328 ut
1257 4272 1660 4348 ministrarent
1691 4270 1749 4324 in
1783 4285 2032 4348 conspe-

533 4353 631 4404 ctu
675 4364 821 4401 arcas
864 4341 1103 4419 jugiter,
1135 4361 1237 4417 per
1282 4342 1551 4415 singulos
1598 4341 1745 4409 dies,
1778 4346 1836 4397 et
1880 4341 2035 4398 vices

569 4436 731 4485 suas,

1405 218 1465 270 Β.
1508 217 1912 273 HlERONYMI
1950 220 2203 273 DIVINA
2241 216 2734 281 BIBLIOTHECA.

2045 343 2101 413 Α
2130 338 2380 416 Do_mino
2415 354 2427 393 :
2463 338 2747 403 Quoniam
2770 339 2849 416 in
2872 341 3156 416 aeternum
3191 340 3600 399 misericordia
3630 346 3779 416 ejus.

3642 219 3773 274 1416

2203 412 2389 467 Eman
2422 428 2657 487 quoque
2678 417 2737 468 et
2768 411 3031 487 Idithum
3062 418 3342 487 canentes
3374 416 3539 482 tuba,
3562 420 3622 471 et
3652 411 3783 487 qua-

2131 483 2348 560 tientes
2385 481 2673 560 cymbala,
2703 487 2762 539 et
2803 485 3003 540 omnia
3043 486 3408 542 musicorum
3437 481 3685 560 organa,
3712 489 3779 543 ad

2131 555 2460 610 canendum
2494 554 2610 610 Deo
2645 572 2658 610 :

2205 626 2382 699 Filios
2416 631 2611 680 autem
2670 624 2906 681 Idithun
2941 626 3078 683 fecit
3109 642 3238 684 esse
3270 629 3581 699 portarios.

2204 698 2607 772 Reversusque
2629 700 2937 772 estomnis
2959 700 3215 772 populus
3236 698 3294 756 in
3321 702 3562 757 domum
3586 719 3779 772 suam,

2132 774 2188 824 et
2217 769 2419 832 David,
2455 768 2525 825 ut
2551 768 2917 825 benediceret
2947 768 3123 826 etiam
3155 773 3356 828 domui
3388 790 3527 830 sua.

2206 840 2361 911 (Cap.
2394 839 2593 911 XVII.)
2614 845 2758 896 Cum
2782 846 2982 897 autem
3009 842 3301 900 habitaret
3323 846 3501 901 David
3526 846 3584 901 in
3610 847 3782 904 domo

2133 928 2262 986 sua,
2299 912 2446 967 dixit
2477 912 2545 986 ad
2577 912 2805 986 Nathan
2827 912 3184 986 prophetam
3216 931 3230 971 :

2204 984 2348 1039 Ecce
2380 1000 2485 1046 ego
2518 984 2790 1040 habilabo
2821 984 2879 1040 in
2915 984 3089 1041 domo
3122 986 3391 1044 cedrina:
3420 1004 3555 1045 arca
3585 994 3781 1046 autem

2133 1055 2368 1110 foederis
2398 1055 2629 1110 Domini
2663 1057 2775 1111 sub
2808 1055 3065 1114 pellibus
3093 1063 3203 1114 est.

2203 1127 2272 1181 Et
2304 1128 2395 1203 ait
2432 1127 2660 1203 Nathau
2695 1129 2765 1182 ad
2808 1127 2985 1203 David
3024 1145 3036 1183 :
3070 1128 3271 1185 omnia
3319 1147 3447 1203 quas
3496 1132 3556 1186 in
3610 1133 3783 1188 corde

2131 1202 2233 1253 tuo
2266 1202 2427 1266 sunt,
2461 1199 2550 1253 fac
2582 1215 2594 1253 :
2628 1198 2782 1255 Deus
2810 1201 2965 1255 enim
2998 1203 3189 1257 tecum
3222 1206 3332 1257 est.

2133 1268 2389 1395 diigitgm
2419 1275 2586 1326 nocte
2618 1269 2719 1327 illa
2749 1271 2939 1329 factus
2968 1276 3060 1328 est
3079 1288 3272 1330 sermo
3293 1273 3393 1330 Dei
3422 1274 3493 1329 ad
3525 1273 3783 1345 Nathan,

2178 1357 2335 1396 iccns
2365 1356 2378 1394 ἶ

2200 1411 2380 1478 Vade,
2430 1414 2489 1468 et
2534 1412 2775 1485 loquere
2805 1414 2985 1471 David
3035 1431 3201 1472 servo
3252 1432 3381 1472 meo
3415 1434 3428 1472 :
3462 1416 3593 1473 Haec
3641 1417 3787 1473 dicit

2132 1483 2419 1539 Dominus
2449 1501 2462 1539 ε

2184 1499 2419 1540 ominus
2449 1501 2462 1539 ζ

2133 1554 2327 1680 dulitin
2387 1554 2707 1613 azdificabis
2753 1559 2816 1612 tu
2869 1557 3017 1613 mihi
3077 1559 3321 1616 domum
3382 1559 3455 1615 ad
3514 1558 3789 1616 habitan-

2176 1642 2298 1681 um.

2207 1697 2406 1788 Neque
2436 1696 2595 1788 enim
2628 1698 2817 1754 mansi
2843 1698 2908 1788 in
2947 1700 3141 1788 domo,
3173 1718 3242 1757 ex
3273 1717 3339 1758 eo
3371 1706 3635 1788 tempore
3667 1717 3785 1773 quo

2131 1767 2536 1846 eduxi'Israel,
2573 1786 2760 1846 usque
2788 1772 2860 1827 ad
2887 1772 3041 1846 hanc
3071 1767 3226 1829 diem
3255 1791 3269 1829 ε
3306 1775 3408 1830 sed
3440 1767 3527 1830 fui
3554 1767 3791 1846 semper

2133 1847 2371 1896 mutans
2427 1839 2554 1897 loca
2602 1839 2984 1912 tabernaculi,
3016 1852 3075 1901 et
3121 1846 3181 1901 in
3230 1846 3484 1902 tentorio
3534 1839 3787 1902 manens

2132 1928 2265 1968 cum
2294 1912 2454 1968 omni
2487 1912 2685 1968 Israel.

2201 1983 2480 2058 Nunquid
2510 1983 2738 2040 locutus
2761 2002 2895 2041 sum
2919 1985 3129 2043 saltem
3154 1988 3257 2043 uni
3283 1987 3552 2058 judicum
3584 1987 3786 2053 Israel,

2132 2056 2765 2132 quibus’przeceperam
2800 2062 3206 2132 utpascerent
3240 2056 3525 2132 populum
3563 2076 3784 2128 meum,

2132 2135 2190 2183 et
2218 2128 2333 2253 diiii
2370 2143 2384 2182 :
2418 2128 2607 2192 Quare
2637 2144 2753 2185 non
2785 2128 3118 2189 aediﬁcastis
3149 2128 3297 2188 mihi
3320 2128 3572 2188 domum
3602 2132 3788 2187 cedri—

2132 2215 2266 2253 nam

2132 2215 2266 2255 nam

2174 2269 2368 2352 .Iflunc
2397 2269 2598 2352 itaque
2644 2271 2729 2352 sic
2778 2272 3039 2352 loqueris
3070 2275 3781 2352 ad_servum_meum__Da-

2132 2342 2225 2397 vid
2259 2358 2273 2398 :
2310 2341 2440 2418 Heio
2469 2342 2610 2418 dicit
2644 2341 2928 2401 Dominus
2972 2346 3333 2402 exercituum
3367 2363 3379 2400 :
3412 2347 3531 2418 Ego
3561 2346 3675 2401 tuli
3707 2351 3787 2413 te,

2134 2430 2269 2468 cum
2300 2414 2369 2490 _i_n
2409 2414 2645 2490 pascuis
2671 2419 3023 2490 Asequereris
3069 2434 3326 2490 gregem,
3360 2423 3425 2473 ut
3454 2414 3618 2474 Esses
3668 2418 3789 2472 dux

2136 2484 2336 2558 populi
2365 2484 2479 2558 mei
2512 2485 2688 2542 Israel
2724 2503 2736 2541 :

2208 2556 2273 2611 Et
2306 2556 2388 2611 fui
2420 2561 2612 2630 tecum
2657 2574 3010 2629 quocunque
3053 2560 3356 2630 perrexisti
3391 2577 3405 2616 :
3437 2564 3493 2617 et
3522 2558 3786 2616 interfeci

2135 2644 2341 2684 omnes
2392 2627 2839 2704 mimicus—tuos
2872 2627 3069 2686 ceram
3118 2635 3197 2700 te,
3248 2633 3477 2704 fecique
3520 2632 3628 2687 tibi
3685 2647 3788 2687 no-

2137 2717 2271 2755 men
2313 2699 2483 2770 quasi
2538 2701 2715 2757 unius
2766 2717 3141 2774 magnorum,
3173 2699 3273 2777 qui
3323 2699 3700 2760 celebrantur
3728 2704 3787 2758 in

2134 2777 2310 2828 terra.

2208 2843 2275 2918 Et
2306 2840 2443 2918 dedi
2472 2840 2675 2918 iocum
2720 2843 2933 2918 popuio
2965 2860 3094 2901 meo
3143 2844 3320 2902 Israel
3354 2862 3368 2901 :
3399 2844 3786 2918 plantabitur,

2138 2919 2195 2971 et
2224 2912 2515 2968 habitabit
2545 2914 2604 2969 in
2635 2930 2724 2982 eo,
2751 2912 2815 2970 et
2838 2914 2994 2971 ultra
3026 2933 3141 2972 non
3172 2912 3637 2974 commovebitur
3667 2934 3681 2973 :

2213 2986 2329 3042 Nec
2360 2985 2468 3060 filii
2497 2985 2830 3060 iniquitatis
2872 2994 3126 3060 atterent
3163 3006 3284 3060 eos,
3318 2990 3472 3045 sicut
3503 3006 3537 3044 a
3571 2990 3791 3060 princi-

2145 3057 2259 3134 pio,
2292 3073 2358 3134 ex
2412 3056 2897 3134 diebushquibus
2934 3059 3067 3114 dedi
3120 3056 3355 3134 judices
3410 3056 3627 3134 populo
3661 3076 3793 3117 meo

2143 3127 2343 3197 Israel,
2377 3139 2433 3182 et
2462 3127 2767 3183 humiliavi
2802 3127 3593 3189 universos'inimicos'tu'os.

2212 3199 2510 3283 Ann-optio
2554 3217 2690 3283 ergo
2740 3201 2868 3270 tibi,
2901 3203 3055 3274 quod
3105 3204 3502 3260 aedificaturus
3554 3204 3638 3260 sit
3685 3203 3791 3259 do-

2141 3287 2303 3328 mum
2335 3271 2437 3327 tibi
2469 3271 2757 3328 Dominus
2790 3288 2803 3326 :

2212 3348 2480 3417 Cumque
2503 3342 2835 3417 impleveris
2865 3344 2990 3401 dies
3022 3352 3174 3413 tuos,
3198 3350 3262 3402 ut
3288 3347 3467 3402 vadas
3492 3346 3567 3402 ad
3593 3350 3791 3417 patres

2140 3418 2295 3490 tuos,
2327 3415 2624 3490 suscitabo
2663 3432 2869 3490 semen
2902 3421 3069 3473 tuum
3099 3423 3230 3490 post
3259 3423 3333 3486 te,
3367 3419 3524 3490 quod
3576 3415 3688 3474 erit
3717 3419 3789 3473 de

2143 3486 2280 3561 filiis
2312 3484 2541 3561 tuis,_et
2567 3486 2865 3561 stabiliam
2896 3484 3142 3561 regnum
3176 3484 3326 3561 ejus.

2213 3560 2345 3629 Ipse
2375 3557 2685 3631 aedificabit
2725 3558 2870 3615 mihi
2916 3557 3177 3631 domum,
3203 3557 3263 3617 et
3292 3560 3543 3617 firmabo
3573 3560 3786 3617 solium

2140 3630 2271 3700 ejus
2304 3644 2491 3699 usque
2520 3629 2579 3684 in
2611 3638 2914 3687 aeternum.

2212 3702 2328 3781 Ego
2359 3716 2455 3781 ero
2485 3701 2627 3781 eiin
2660 3706 2904 3772 patrem,
2930 3708 2987 3759 et
3015 3703 3142 3775 ipse
3166 3704 3273 3781 erit
3297 3702 3448 3781 mihi
3476 3704 3534 3760 in
3570 3704 3788 3781 filium;

2140 3777 2198 3828 et
2229 3773 2688 3830 misericordiam
2723 3791 2911 3830 meam
2954 3773 3067 3832 non
3102 3777 3364 3832 auferam
3395 3777 3469 3832 ab
3499 3792 3593 3842 eo,
3637 3776 3793 3832 sicut

2142 3843 2359 3900 abstuli
2391 3842 2463 3897 ab
2496 3859 2562 3900 eo
2594 3845 2694 3916 qui
2730 3850 2865 3902 ante
2893 3850 2949 3902 te
2978 3848 3108 3903 fuit.

2213 3916 2280 3971 Et
2308 3919 2562 3990 statuam
2595 3933 2729 3990 eum
2763 3918 2823 3973 in
2855 3918 3028 3975 domo
3065 3934 3214 3983 mea,
3245 3920 3303 3974 et
3328 3917 3387 3973 in
3421 3933 3602 3990 regno
3634 3934 3789 3986 meo,

2142 4003 2331 4061 usque
2380 3988 2437 4041 in
2482 3988 2916 4061 sempiternum
2953 4006 2966 4045 :
3000 3995 3057 4046 et
3085 3990 3336 4046 thronus
3367 3988 3514 4061 ξε]αέ
3554 3990 3669 4046 erit
3698 3990 3793 4044 fir-

2142 4058 2449 4141 missimus
2479 4058 2537 4114 in
2563 4058 2935 4141 perpetuum.

2210 4130 2386 4185 Juxta
2403 4130 2616 4204 _omnia
2645 4130 2821 4204 verba
2866 4132 3008 4204 haec,
3040 4132 3285 4203 etjuxta
3330 4131 3673 4188 universam
3704 4131 3792 4186 vi-

2142 4202 2367 4257 sionem
2399 4202 2597 4270 istam,
2630 4204 2716 4259 sic
2742 4202 2972 4260 locutus
2995 4202 3091 4259 est
3120 4202 3352 4261 Natban
3385 4204 3457 4259 ad
3489 4204 3698 4259 David.

2211 4277 2474 4345 Cumque
2515 4274 2769 4332 venisset
2820 4292 2920 4332 rex
2964 4274 3167 4343 David,
3202 4282 3259 4331 et
3288 4276 3547 4332 sedisset
3592 4290 3790 4331 coram

2143 4344 2410 4414 Domino,
2444 4344 2590 4401 dixit
2622 4362 2635 4402 :

2214 4416 2355 4480 Quis
2385 4434 2487 4487 ego
2509 4417 2942 4490 sum,Domine
2960 4417 3137 4486 Deus,
3161 4422 3219 4474 et
3239 4434 3367 4490 quae
3389 4418 3607 4474 domus
3640 4435 3791 4487 mea,

461 4467 1027 4551 Porre—Qbededom,
1050 4491 1107 4543 et
1133 4487 1340 4559 fratres
1370 4487 1498 4557 ejus
1530 4484 1829 4557 sexaginta
1859 4487 2029 4559 octo:
2065 4467 2109 4532 D
2145 4467 2729 4559 ut‘prtss'tcare‘s—mi’h—i
2743 4467 2953 4545 talia"?

462 4563 529 4617 Et
558 4562 889 4618 Obededom
941 4560 1126 4615 filium
1170 4558 1426 4627 Idithun,
1473 4563 1529 4614 et
1558 4556 1687 4614 Asa'
1723 4556 2030 4613 constituit

525 4633 832 4703 janitores.

460 4699 643 4760 Sa'doc
674 4708 868 4758 autem
919 4702 1301 4767 sacerdotem,
1334 4704 1391 4756 et
1423 4701 1634 4756 fratres
1665 4699 1796 4771 ejus
1837 4712 2031 4771 sacer:

390 4777 577 4843 dotes,
609 4791 802 4831 coram
835 4773 1209 4831 tabernaculo
1245 4771 1469 4829 Domini
1512 4772 1570 4827 in
1602 4769 1848 4842 excelso,
1875 4769 2029 4843 quod

389 4853 516 4905 erat
540 4848 601 4903 in
632 4848 865 4903 Gabaon
901 4862 914 4899 :

463 4921 533 4975 Ut
562 4920 805 4975 offerent
836 4916 1172 4972 holocausta
1222 4915 1470 4972 Domino
1502 4927 1679 4984 super
1707 4912 1889 4969 altare
1921 4911 2031 4969 ho-

385 4990 794 5047 locautomatis
830 4988 1071 5059 jugiter,
1107 5005 1279 5044 mane
1311 4995 1362 5044 et
1389 5000 1646 5059 vespere,
1690 4985 1862 5056 juxta
1906 5001 2030 5040 om-

388 5064 487 5119 nia
516 5081 643 5135 qus:
675 5056 917 5135 scripta'
938 5065 1077 5117 sunt
1108 5061 1163 5115 in
1195 5060 1322 5132 lege
1367 5056 1621 5125 Domini,
1655 5072 1833 5127 quam
1885 5073 2031 5130 prm-

388 5136 535 5206 cepit
570 5134 791 5191 Israeli.
1228 5201 1305 5206 ___
1341 5200 1354 5206 _
1580 5203 1587 5206 _
1690 5198 1727 5206 ,,
1836 5136 1841 5137 ί

462 5198 527 5262 Et
558 5212 687 5280 post
718 5220 852 5261 eum
898 5205 1104 5269 Eman,
1137 5200 1509 5280 et_Id_ithum,
1539 5203 1598 5280 e_t
1626 5198 1883 5280 reliquos
1904 5199 2030 5280 _ele-

387 5284 509 5335 ctos
540 5271 1023 5349 unumquemque
1051 5272 1336 5330 vocabulo
1369 5289 1474 5330 suo
1519 5273 1589 5327 ad
1634 5271 2029 5328 confitendum

461 5422 614 5478 *Hic
646 5419 909 5491 psalmus
958 5420 1046 5473 est
1092 5432 1221 5491 xqu
1270 5416 1329 5491 i_n
1374 5413 1653 5491 Psalterio
1694 5413 1865 5491 juxta
1915 5413 2030 5470 He-

386 5487 1049 5568 braeumfPassimvei-o
1070 5489 1252 5568 _e_t_iam
1286 5487 1401 5568 iste
1420 5487 1492 5540 ab
1523 5487 1795 5568 superius
1818 5502 2032 5568 excusa

384 5568 513 5637 ejus
542 5560 1022 5637 interpretatione
1069 5560 1522 5637 Hieronymiana
1566 5557 1885 5637 dis_cordat._
1917 5558 2028 5637 Se_d

384 5628 438 5695 ei
473 5628 748 5693 Hebraau's
781 5634 1091 5704 utriusque
1146 5628 1501 5688 libri'textus
1546 5630 1754 5699 variat,
1787 5628 1885 5701 qui
1918 5628 2028 5685 cri-

388 5709 485 5766 tici
519 5708 647 5763 loca
676 5707 1006 5762 observant.

462 5780 483 5816 ²
513 5776 894 5849 Manuscripti
942 5775 1188 5848 aliquot,
1236 5774 1403 5831 Amen
1457 5781 1508 5830 et
1557 5772 1793 5845 hymnus
1837 5790 1872 5829 a
1922 5773 2029 5830 Do-

2208 4560 2316 4614 Sed
2350 4565 2426 4632 et!
2451 4560 2559 4615 hoc
2611 4576 2819 4632 parum
2860 4561 3051 4616 visum
3082 4565 3172 4616 est
3201 4560 3259 4615 in
3293 4565 3612 4632 conspectu
3664 4565 3789 4626 tuo,

2140 4630 2385 4704 ideoque
2414 4630 2646 4688 locutus
2693 4648 2757 4688 es
2805 4648 2984 4704 super
3022 4633 3263 4688 domum
3297 4630 3458 4688 servi
3490 4632 3577 4687 tui
3610 4632 3788 4687 etiam

2139 4701 2199 4758 in
2235 4703 2519 4760 futurum.

2209 4775 2500 4847 Etifecisti
2530 4790 2619 4831 me
2650 4772 3029 4847 spectabilem
3062 4791 3240 4847 super
3261 4790 3467 4831 omnes
3498 4773 3793 4841 homines,

2141 4844 2384 4902 Domine
2416 4847 2594 4903 Deus.

2211 4917 2358 4980 Quid
2392 4918 2545 4974 ultra
2575 4917 2786 4974 addere
2818 4921 3011 4990 potest
3040 4916 3245 4983 David,
3266 4933 3411 4990 cum
3444 4916 3527 4990 ita
3566 4914 3791 4988 gloriﬁ-

2141 4990 2362 5061 caveris
2394 5007 2627 5045 servum
2659 4988 2852 5059 tuum',
2883 4989 3308 5061 eticognoveris
3340 5005 3473 5043 eum
3495 4988 3525 5041 ‘I

2213 5060 2478 5133 Domine,
2516 5066 2749 5133 propter
2782 5060 3067 5133 famulum
3097 5067 3265 5117 tuum
3290 5061 3461 5132 juxta
3490 5076 3593 5114 cor
3622 5064 3793 5113 tuum

2140 5130 2325 5204 fecisti
2359 5130 2593 5187 omnem
2622 5130 3151 5204 'magnificentiam
3179 5130 3351 5199 hanc,
3384 5138 3445 5186 et
3490 5135 3635 5185 nota
3666 5144 3795 5185 esse

2138 5203 2375 5287 voiuisti
2412 5204 2682 5260 universa
2720 5202 3031 5287 magnaiia.

2210 5276 2473 5347 Domine,
2504 5293 2621 5332 non
2661 5279 2750 5332 est
2796 5271 3009 5332 similis
3059 5275 3175 5343 tui;
3226 5279 3283 5330 et
3329 5290 3447 5330 non
3496 5276 3591 5329 est
3640 5271 3795 5328 alius

2138 5433 2309 5472 τηῑηο.

2140 5490 2411 5544 Conferat
2438 5488 2619 5544 lector
2648 5489 2948 5544 studiosus
2979 5488 3275 5556 psalmum
3309 5487 3489 5556 hujus
3514 5485 3625 5541 loci
3659 5501 3787 5541 cum

2136 5562 2342 5617 eodem
2389 5560 2648 5625 Cantica,
2682 5561 2835 5631 quod
2885 5559 2944 5615 in
2986 5559 3270 5615 Psalterio
3321 5563 3675 5631 numeratur
3701 5573 3785 5619 σν.

2139 5637 2197 5687 et
2226 5632 2435 5704 deinde
2465 5648 2598 5687 cum
2621 5630 2750 5689 xcvi
2777 5632 3033 5704 inveniet
3062 5632 3316 5704 profecto
3339 5630 3789 5704 multadiversa

2138 5708 2257 5833 irim
2300 5704 2359 5759 in
2408 5703 2687 5773 Hebraeis,
2720 5720 2897 5776 quam
2948 5703 3005 5758 in
3054 5701 3279 5759 Latinis
3326 5701 3781 5775 exemplaribus.

2199 5792 2327 5832 ΛΒΤ.

2199 5792 2327 5832 ΛΒΤ.
