4090 6192
427 187 568 244 1419

1464 189 1526 242 8.
1563 187 1973 245 HIBRONYMI
2008 186 2263 245 DIVINA
2299 185 2796 243 BIBLIOTHRCA.

3693 185 3814 246 1420

423 313 734 386 noluitque
787 311 939 367 ultra
968 310 1134 382 Syria
1165 309 1436 366 auxiliurr
1481 313 1734 384 prabere
1765 312 1903 368 ﬁliis
1933 314 2065 368 Am-
2098 315 2152 382 Α
2253 309 2384 366 Haec
2414 310 2556 386 dicit
2585 310 2872 386 Dominus
2903 307 3309 386 :.'_I‘rium‘tibi
3348 311 3646 386 optionem
3707 315 3771 371 do
3798 332 3812 373 :

355 399 358 402 ’
426 402 588 441 mon.

501 460 657 529 (Cap.
691 454 834 525 XX.)
869 457 1104 508 Factum
1138 459 1453 529 est_autem
1511 461 1641 527 post
1689 456 1828 529 anni
1887 456 2074 512 circu-

429 525 576 594 lum,
609 544 676 580 eo
708 534 989 598 tempore,
1024 541 1138 598 quo
1171 525 1360 581 solent
1391 525 1556 597 reges
1586 529 1654 582 ad
1690 526 1842 582 bella
1873 543 2074 598 proce-

429 601 587 666 dere,
615 597 990 668 congregavit
1019 597 1165 652 Joab
1196 598 1449 654 exercitu
1463 604 1603 664 m,et
1632 600 1810 654 robur
1835 597 2074 668 militiae,

425 677 482 726 et
511 669 1000 742 vastavitterram
1033 668 1288 724 ﬁliorum
1349 673 1615 740 Ammon,
1676 671 2074 742 perrexitque,

425 749 484 797 et
513 741 745 796 obsedit
774 739 974 794 Rabba
1009 755 1021 792 :

493 812 879 884 PorroDavid
915 810 1186 866 manebat
1216 811 1274 866 in
1303 811 1895 884 Jerusalem,quando
1925 812 2072 868 Joab

423 882 716 955 percussit
739 883 962 948 Rabba,
997 888 1054 936 et
1086 884 1376 938 destruxit
1405 901 1554 940 eam.

490 955 651 1009 Tulit
681 960 877 1009 autem
909 955 1084 1008 David
1117 970 1392 1010 coronam
1438 955 1721 1010 Melchom
1771 957 1844 1010 de
1883 954 2075 1026 capite

420 1027 570 1098 ejus,
603 1031 661 1081 et
685 1025 904 1082 invenit
935 1027 994 1080 in
1045 1041 1112 1080 ea
1154 1027 1278 1080 auri
1313 1028 1500 1098 pondo
1522 1027 1828 1097 talentum,
1852 1030 1910 1080 et
1942 1025 2074 1098 pre-

419 1097 775 1170 tiosissimas
832 1111 1116 1170 gemmas,
1144 1097 1398 1170 fecitque
1429 1099 1536 1154 sibi
1593 1099 1728 1154 inde
1759 1097 2027 1153 diadema
2057 1113 2069 1154 :

423 1168 736 1224 manubias
759 1184 993 1239 quoque
1027 1169 1186 1223 urbis
1220 1168 1505 1240 plurimas
1535 1170 1674 1225 tulit
1707 1187 1720 1225 :

495 1240 784 1311 Populum
816 1247 1038 1311 autem,
1072 1240 1171 1310 qui
1204 1239 1326 1296 erat
1359 1242 1415 1295 in
1447 1241 1749 1311 ea,eduxit
1780 1259 1795 1310 ;
1833 1245 1890 1294 et
1939 1239 2074 1295 fecit

421 1310 602 1382 super
624 1328 722 1367 eos
755 1310 1026 1380 tribules,
1061 1317 1117 1366 et
1151 1313 1371 1379 trahas,
1415 1318 1472 1367 et
1520 1310 1744 1368 ferrata
1798 1317 2073 1382 carpenta

417 1382 700 1449 transire;
729 1384 810 1437 ita
841 1388 906 1438 ut
935 1382 1396 1452 dissecarentur,
1426 1392 1481 1438 et
1511 1390 1951 1439 eontererentur
1985 1399 1998 1437 :

489 1455 582 1510 Sic
615 1453 750 1509 fecit
769 1454 950 1508 David
983 1455 1213 1509 cunctis
1245 1455 1490 1511 urbibus
1522 1455 1772 1511 ﬁliorum
1796 1457 2069 1521 Ammon,

418 1530 476 1582 et
508 1541 776 1580 reversus
807 1530 894 1598 est
919 1540 1053 1579 cum
1081 1527 1238 1580 omni
1265 1526 1478 1598 populo
1495 1543 1598 1582 suo
1629 1527 1687 1581 in
1719 1525 2070 1582 Jerusalem.

488 1598 624 1652 Post
654 1598 773 1651 haec
807 1597 1017 1651 initum
1049 1603 1140 1652 est
1171 1597 1388 1653 bellum
1425 1600 1479 1652 in
1528 1600 1708 1654 Gazer
1755 1598 2064 1652 adversum

415 1668 818 1724 Philisthteos:
845 1668 903 1722 in
937 1684 1051 1739 quo
1084 1671 1374 1739 percussit
1392 1670 1716 1725 Sobbochai
1746 1668 2066 1734 Usathites,

419 1741 634 1812 Saphai
669 1741 738 1795 de
769 1754 980 1812 genere
1012 1739 1320 1812 Blephaim,
1350 1747 1407 1796 et
1436 1740 1770 1796 humiliavit
1799 1757 1919 1796 eos.

487 1809 662 1866 Aliud
695 1809 930 1882 quoque
952 1809 1172 1884 bellum
1192 1819 1420 1884 gestum
1456 1819 1544 1868 est
1563 1813 1838 1868 adversus
1860 1810 2067 1884 Philis-

413 1881 620 1948 thaeos,
653 1884 711 1936 in
751 1881 865 1952 quo
895 1881 1554 1954 percussit'Adeodatus
1609 1884 1766 1938 ﬁlius
1815 1883 2011 1940 Saltus
2044 1886 2061 1918 ί

414 1954 701 2026 Leemiles
750 1954 986 2008 tratrem
1045 1953 1274 2026 Goliath
1333 1956 1596 2026 Getthaei,
1655 1957 1826 2024 cujus
1883 1955 2062 2010 hastae

411 2025 638 2096 lignum
672 2030 799 2096 erat
829 2025 998 2095 quasi
1033 2025 1385 2082 liciatorium
1417 2025 1764 2083 texentium.

487 2097 594 2152 Sed
630 2102 688 2168 et
711 2095 868 2168 aliud
901 2095 1118 2152 bellum
1164 2099 1378 2153 accidit
1407 2098 1465 2152 in
1495 2098 1666 2164 Geth,
1700 2098 1757 2152 in
1807 2114 1922 2168 quo
1957 2097 2066 2152 fuit

417 2168 594 2241 homo
628 2167 1030 2241 longissimus,
1065 2185 1238 2224 senos
1270 2170 1492 2241 habens
1542 2169 1777 2241 digitos,
1824 2167 1895 2224 ’id
1952 2174 2064 2230 est.

417 2239 595 2313 simul
627 2237 828 2309 viginti
854 2243 1107 2309 quatuor
1138 2257 1152 2309 ;
1184 2240 1285 2311 qui
1316 2247 1369 2295 et
1400 2240 1526 2313 ipse
1559 2237 1847 2312 déRapha
1877 2241 2065 2295 fuerat

415 2312 600 2382 stirpe
633 2314 969 2382 generatus.

492 2380 592 2437 Hic
620 2380 1054 2452 blasphemavit
1085 2380 1262 2438 Israel
1285 2399 1297 2437 :
1319 2386 1375 2437 et
1405 2383 1694 2452 percussit
1724 2397 1859 2438 eum
1889 2381 2065 2438 Jona-

414 2452 556 2508 than
589 2451 748 2506 ﬁlius
780 2451 994 2507 Samaa
1024 2453 1217 2508 fratris
1253 2451 1451 2510 David.

401 2521 404 2525 ’
482 2524 547 2578 Hi
584 2522 865 2597 snnttilii
899 2523 1100 2594 Rapba
1131 2526 1188 2579 in
1234 2524 1403 2593 Geth,
1464 2527 1562 2597 qui
1619 2525 1952 2582 ceciderunt
2001 2524 2060 2580 in

408 2612 585 2652 manu
613 2594 792 2667 David
818 2600 1188 2667 etservorum
1219 2598 1370 2667 ejus,

479 2668 640 2739 [ϐαρ.
671 2664 836 2739 ΧΧΙΫ.]
867 2664 1469 2739 Οοηευιειοθχὶίθυῐθῐιι
1501 2669 1677 2723 Satan
1739 2671 1945 2724 contra
1975 2670 2060 2723 Is-

411 2737 661 2793 raelitet.
691 2738 957 2792 incitavit
988 2741 1185 2805 David,
1219 2746 1283 2794 ut
1314 2747 1652 2795 numeraret
1682 2740 1879 2794 Israel.

483 2809 750 2880 Dixitque
789 2808 967 2863 David
989 2810 1059 2863 ad
1091 2811 1258 2876 Joab,
1293 2816 1349 2865 et
1379 2812 1446 2864 ad
1483 2810 1776 2882 principes
1799 2809 2008 2936 lpopuli
2043 2825 2057 2866 :

483 2899 512 2936 ε.
546 2885 604 2935 et
637 2885 942 2934 numerate
971 2880 1146 2936 Israel
1179 2899 1213 2935 a
1246 2883 1528 2936 Bersabee
1578 2899 1764 2936 useue
1849 2899 1921 2936 an
1958 2898 1971 2936 :
2004 2886 2057 2936 et

411 2882 512 2946 Ite,
546 2885 604 2935 et
637 2885 942 2953 numerate
971 2880 1146 2936 Israel
1179 2899 1213 2935 a
1246 2880 1528 2937 Bersabee
1578 2880 1764 2953 usque
1799 2880 1921 2936 Dan
1958 2898 1971 2936 :
2004 2886 2061 2937 et

411 2953 612 3008 afferte
645 2951 788 3006 mihi
823 2969 1134 3006 numerum
1169 2959 1232 3007 ut
1254 2955 1458 3009 sciam.

484 3023 922 3096 Responditque
945 3023 1091 3078 Joab
1127 3041 1138 3077 :
1178 3031 1400 3095 Augeat
1437 3025 1715 3080 Dominus
1775 3024 2055 3096 populum

413 3111 589 3150 suum
618 3094 980 3162 centuplum,
1011 3111 1186 3164 quam
1217 3094 1356 3150 sunt
1390 3113 1402 3149 :
1439 3113 1650 3161 nonne,
1712 3094 1946 3150 domine
1977 3095 2056 3149 mi

410 3183 531 3232 rex,
567 3181 773 3220 omnes
795 3167 944 3220 servi
978 3167 1064 3220 tui
1097 3169 1267 3222 sunt?
1301 3184 1478 3238 quare
1511 3168 1619 3223 hoc
1648 3167 1858 3236 quaerit
1879 3167 2062 3238 domi-

412 3255 525 3310 nus
559 3253 746 3310 meus,
780 3238 932 3307 quod
960 3238 1020 3310 in
1055 3237 1353 3308 peccatum
1389 3245 1690 3310 repetetur
1721 3237 1953 3293 Israel?

478 3309 591 3382 Sed
627 3324 819 3382 sermo
853 3307 1020 3382 regis
1042 3311 1230 3382 magis
1284 3307 1585 3380 praevaluit
1615 3327 1634 3366 :
1665 3324 2058 3382 egressusque

409 3385 501 3434 est
530 3380 676 3433 Joab
713 3395 725 3432 :
759 3384 814 3432 et
845 3379 1112 3434 cireuivit
1133 3379 1470 3436 universum
1505 3379 1725 3449 Israel}
1774 3385 1832 3436 et
1864 3397 2057 3436 rever-

414 3466 518 3504 sus
550 3455 639 3503 est
665 3449 992 3504 Jerusalem
1032 3467 1045 3502 :

482 3520 768 3593 Deditque
799 3520 971 3575 David
1004 3535 1314 3576 numerum
1337 3538 1717 3593 eorum,quos
1748 3522 2058 3578 circumie-

414 3596 525 3656 rat,
556 3596 613 3646 et
641 3592 911 3646 inventus
942 3597 1027 3646 est
1059 3593 1253 3648 omnis
1286 3593 1462 3648 Israel
1501 3592 1783 3649 numerus
1833 3611 1845 3647 :
1896 3593 2058 3650 mille

407 3663 596 3790 anillia
624 3670 681 3717 et
707 3667 942 3718 centum
978 3662 1163 3717 millia
1209 3664 1466 3719 virorum
1508 3665 1881 3720 educentium
1929 3665 2057 3736 gla-

452 3751 570 3789 ium
603 3749 615 3788 :

452 3749 615 3789 tum:

409 3879 431 3934 1
472 3806 560 3932 tDe
589 3805 740 3860 Iuda
770 3809 964 3860 autem
996 3809 1255 3862 trecenta
1285 3816 1305 3848 ι
1335 3807 1707 3880 septuaginta
1729 3806 1916 3864 millia
1936 3808 2057 3864 bel-

437 3895 467 3932 a
498 3893 666 3932 orum
697 3893 708 3930 :

437 3882 666 3932 atorum
697 3893 708 3930 :

477 3952 621 4021 Nam
656 3947 784 4021 Levi
815 3952 872 4003 et
904 3948 1207 4018 Benjamin
1244 3966 1358 4004 non
1401 3950 1731 4005 numeravit
1763 3966 1776 4004 :
1809 3967 1874 4006 eo
1900 3950 2056 4021 quod

410 4021 561 4082 Joab
592 4020 812 4092 invitus
841 4025 1255 4089 exsequeretur
1281 4022 1430 4092 regis
1469 4022 1805 4092 imperium.

486 4091 1006 4164 Displicuitaulem
1042 4097 1152 4146 Deo
1184 4093 1336 4163 quod
1363 4091 1602 4162 jussum
1635 4098 1795 4160 erat;
1837 4097 1894 4148 et
1923 4109 2057 4164 per-

409 4164 599 4220 cussit
630 4161 828 4217 Israel.

484 4235 750 4305 Dixitque
779 4233 958 4288 David
992 4236 1062 4288 ad
1095 4233 1278 4288 Deum
1316 4251 1328 4288 :
1364 4235 1597 4290 Peccavi
1631 4234 1808 4290 nimis
1853 4238 1918 4289 ut
1946 4235 2056 4291 hoc

406 4307 671 4362 facerem
700 4321 713 4359 :
743 4305 982 4377 obsecro
1015 4306 1180 4360 aufer
1208 4306 1579 4376 iniquitatem
1614 4308 1764 4362 servi
1795 4307 2057 4377 tui,quia

401 4378 752 4450 insipienter
781 4376 893 4446 egi.

473 4419 910 4504 ἓῖἱόἔὶιῐὶιέἓέἰ
943 4447 1221 4520 Dominus
1252 4449 1322 4504 ad
1355 4449 1476 4504 Gud
1509 4419 1817 4505 Videntem
1848 4449 2052 4520 David,
2083 4424 2130 4488 D

398 4521 676 4577 dicens”:
712 4519 887 4584 Vade,
922 4524 979 4574 et
1013 4519 1254 4592 loquere
1286 4522 1358 4576 ad
1391 4520 1592 4592 David,
1626 4527 1684 4578 et
1714 4523 1806 4577 dic
1840 4521 1890 4577 ei
1925 4538 1937 4577 :

475 4661 1134 4736 ‘Canon_Memmianus
1179 4661 1287 4718 hoc
1345 4665 1535 4736 modo,
1573 4663 1716 4736 legit
1770 4663 1828 4718 in
1889 4680 2054 4720 sacro

401 4733 931 4806 contextu,habens
952 4732 1021 4806 in_
1042 4732 1220 4806 latere
1251 4735 1562 4806 marginali
1587 4732 1881 4791 variantes
1909 4736 2054 4792 istas

401 4806 702 4868 lectiones,
733 4802 881 4874 alibi
907 4803 1270 4874 Bethlemites,
1311 4802 1454 4861 alibi
1507 4807 1824 4862 llelemites.
1881 4807 2055 4863 Notat

398 4895 535 4934 vero
568 4876 753 4932 falsus
789 4872 1172 4950 Hieronymus
1201 4872 1266 4932 in
1291 4882 1500 4950 quaest.
1544 4879 1843 4950 Hebraicis
1875 4879 2053 4950 hujus

399 4950 534 5018 loci,
569 4947 867 5021 quomodo
901 4963 1132 5021 comma
1160 4947 1418 5018 prasens
1444 4949 1503 5004 in
1536 4949 1773 5005 Hebraeo
1799 4947 2048 5021 legatur.

404 5043 432 5073 ‹‹
465 5025 526 5078 In
562 5019 678 5092 quo
712 5019 1386 5092 percussit‘Adeodatus.
1420 5024 1482 5076 In
1537 5021 1776 5077 Hebraeo
1833 5019 2046 5092 inquit,

401 5089 974 5148 scribiturEleanam
1010 5089 1164 5146 ﬁlius
1195 5091 1318 5146 Jair
1345 5093 1628 5148 Leemites
1675 5093 1871 5148 frater.
1905 5089 2048 5161 Jair,

397 5164 668 5236 vigilans,
721 5163 777 5216 in
810 5165 1031 5236 Regum
1065 5163 1346 5236 scribitur
1389 5170 1512 5219 Hur
1543 5165 1700 5236 ﬁlius
1724 5165 1858 5220 Jare
1891 5168 2046 5236 quod

397 5233 817 5308 interpretatur
837 5233 1024 5308 saltus
1057 5250 1069 5288 :
1105 5233 1163 5287 in
1198 5234 1420 5306 Regum
1469 5235 1749 5291 scribitur
1780 5233 2045 5292 Betlhee-

399 5304 592 5363 mites.
630 5307 686 5360 iu
739 5304 1246 5375 Paralipamenon,
1287 5304 1581 5362 Leemites
1639 5308 1828 5374 frater,
1873 5329 1896 5360 υ
1932 5314 2041 5366 etc.

393 5379 537 5435 Vide
566 5376 854 5433 Samuelis
889 5375 933 5430 II
957 5392 1084 5446 cap.
1117 5393 1234 5442 xxx,
1266 5395 1392 5433 vers
1423 5380 1508 5433 19.
1566 5379 1836 5434 Advertat
1865 5380 2046 5436 lector

392 5451 655 5506 diversas
689 5465 816 5503 esse
852 5446 1132 5502 lectiones
1166 5449 1262 5516 Qu.
1324 5449 1722 5504 chraicarum
1776 5451 1834 5506 in
1896 5469 2038 5508 mss.

395 5539 462 5578 ac
493 5523 551 5578 in
575 5517 975 5604 'edi‘tis‘lib‘ris,
1011 5519 1080 5600 de
1112 5521 1432 5604 quibus,_si
1476 5523 1593 5576 vita
1619 5539 1813 5579 comes
1847 5524 2041 5593 fuerit,

390 5593 642 5667 propriis
665 5591 808 5646 locis
841 5591 1056 5645 dicturi
1091 5606 1319 5648 sumus.
1355 5594 1543 5652 MART.
2028 5591 2036 5593 “

461 5666 482 5702 ²
514 5670 683 5721 Hunc
715 5678 1024 5738 numerum
1061 5663 1313 5738 retinent
1352 5663 1708 5738 exemplaria
1766 5667 2038 5725 Cononis.

389 5750 455 5793 ac
485 5751 630 5794 mss.
663 5750 870 5794 omnes
903 5732 1088 5794 Latini
1142 5735 1392 5807 codices,
1452 5732 1602 5814 quos
1647 5737 2036 5814 inspeximus,

2186 399 2367 437 unum
2401 383 2556 453 quod
2585 381 2864 446 volueris,
2897 379 3047 453 elige
3077 386 3135 438 et
3163 379 3404 438 faciam'
3424 383 3552 439 tibi.

2251 457 2514 524 Cumque
2542 453 2799 524 venisset
2830 453 2950 508 Gad
2985 454 3056 508 ad
3108 453 3314 524 David,
3375 454 3523 511 dixit
3577 455 3631 512 ei
3659 472 3675 512 :
3703 457 3815 515 Hec

2180 525 2326 580 dixit
2353 523 2635 580 Dominus
2670 541 2682 578 :
2712 523 2870 596 Elige
2894 527 3047 596 quod
3082 525 3334 581 volueris
3368 541 3382 581 :

2251 600 2365 651 Aut
2385 597 2577 652 tribus
2600 595 2771 652 annis
2795 595 3009 652 famem
3034 615 3046 652 :
3072 600 3174 651 aut
3194 598 3385 654 tribus
3417 599 3720 656 mensibus
3742 601 3816 656 {u-

2179 683 2317 751 gere
2344 674 2398 723 te
2430 668 2628 751 hostes
2657 673 2813 751 tuos,
2844 667 3214 751 et‘gladium‘
3244 684 3448 751 eorum
3489 688 3814 751 _non_ppsse

2180 738 2422 795 evadere
2460 757 2473 794 :
2507 744 2609 794 aut
2656 739 2850 812 tribus
2897 738 3106 812 diebus
3162 738 3425 812 gladium
3485 738 3735 812 Domini,
3764 750 3815 801 et

2182 815 2426 892 mortem
2460 812 2565 892 (fil.
2620 810 3017 892 pestilentiam
3049 813 3093 872 ³)
3150 810 3372 892 versari
3426 810 3729 892 interra,
3766 821 3818 872 et

2181 881 2706 1008 pagellumDomini
2768 882 3097 939 interﬁcere
3149 883 3207 938 in
3267 884 3557 941 universis
3611 881 3816 943 finibus

2208 969 2338 1008 srae
2397 969 2410 1008 :

2208 969 2360 1010 81‘861
2397 969 2410 1008 Ξ

2251 1025 2417 1081 Nunc
2447 1025 2625 1096 igitur
2657 1023 2787 1080 vide
2819 1024 2958 1096 quid
2994 1025 3381 1098 respondeam
3430 1026 3504 1095 ei,
3537 1028 3638 1100 qui
3670 1029 3820 1087 misit

2179 1111 2292 1151 me.

2250 1170 2319 1222 Et
2345 1165 2491 1221 dixit
2519 1165 2702 1244 David
2734 1167 2808 1244 a_d
2841 1165 2961 1244 Gad
2992 1191 3006 1234 ;
3037 1167 3115 1222 Ex
3145 1167 3305 1244 omni
3329 1172 3493 1244 parte
3524 1185 3618 1244 me
3646 1186 3820 1244 angu-

2179 1238 2302 1292 stiae
2336 1242 2652 1309 premunt:
2687 1239 2786 1294 sed
2819 1239 3031 1293 melius
3091 1240 3237 1295 mihi
3284 1238 3392 1306 est,
3455 1238 3821 1300 incidam'in

2179 1325 2397 1386 manus
2426 1309 2821 1386 Domini,q_uia
2851 1309 3050 1386 multa;
3076 1316 3216 1366 sunt
3245 1311 3655 1369 miserationes
3679 1314 3823 1386 ejus,

2179 1397 2354 1452 quam
2385 1381 2442 1435 in
2477 1397 2686 1436 manus
2717 1381 3046 1437 hominum.

2246 1453 2400 1525 Misit
2431 1469 2568 1525 ergo
2605 1453 2888 1525 Dominus
2949 1452 3346 1525 pestilentiam
3404 1453 3462 1510 in
3520 1454 3692 1511 Israel
3725 1472 3739 1510 :
3771 1462 3824 1513 et

2179 1523 2516 1596 ceciderunt
2541 1524 2612 1579 de
2644 1523 2823 1579 Israel
2849 1523 3229 1596 septuaginta
3260 1524 3448 1583 millia
3476 1527 3754 1583 virorum.

2245 1595 2408 1720 illisit
2437 1611 2670 1666 quoque
2692 1595 2966 1668 angelum
2996 1596 3056 1651 in
3079 1595 3438 1671 Jerusalem,
3473 1602 3540 1652 ut
3568 1603 3823 1671 percute-

2295 1681 2423 1720 eam
2459 1681 2472 1719 :

2179 1681 2266 1720 [⁵Θί
2295 1681 2423 1722 eam
2459 1681 2472 1719 ἶ

2247 1737 2506 1806 Cumque
2535 1737 3106 1811 percutere_tur,vidit
3134 1737 3444 1811 Dominus,
3467 1744 3524 1795 et
3551 1741 3826 1798 misertus

2172 1813 2263 1865 est
2295 1825 2475 1880 super
2507 1808 2920 1880 magnitudine
2949 1809 3089 1864 mali
3124 1825 3137 1864 :

2245 1880 2314 1934 Et
2341 1879 2646 1951 imperavit
2689 1879 2919 1951 angelo,
2977 1881 3080 1952 qui
3129 1881 3500 1953 percutiebat
3530 1900 3544 1939 :
3579 1884 3827 1952 Sufﬁcit,

2164 1952 2292 2022 jam
2316 1955 2502 2007 cesset
2532 1967 2742 2022 manus
2771 1958 2892 2008 tua.

2245 2027 2420 2095 Porro
2447 2021 2691 2095 angelus
2737 2023 2973 2079 Domini
3021 2022 3219 2080 stabat
3258 2023 3430 2095 juxta
3476 2041 3674 2083 aream
3721 2027 3828 2084 0r-

2178 2110 2294 2148 nan
2324 2095 2344 2127 δ
2372 2093 2645 2150 Jebusiei.

2246 2166 2582 2236 Levansque
2614 2164 2789 2220 David
2821 2165 3021 2221 oculos
3051 2182 3216 2230 suos,
3246 2165 3392 2221 vidit
3417 2167 3690 2236 angelum
3707 2174 3826 2227 Do-

2174 2237 2320 2291 mini
2369 2241 2565 2312 stante
2616 2236 2770 2312 inter
2800 2245 3007 2312 terram
3039 2242 3099 2292 et
3147 2236 3381 2307 coelum,
3440 2245 3500 2295 et
3550 2242 3825 2312 evagina-

2171 2313 2298 2432 tulm
2332 2308 2594 2379 gladium
2619 2308 2676 2362 in
2714 2325 2891 2364 manu
2923 2309 3151 2379 ejus,et
3173 2325 3406 2366 versum
3433 2316 3640 2367 contra
3657 2308 3824 2369 Ieru-

2173 2397 2239 2432 sa
2265 2395 2393 2432 em:

2173 2395 2393 2434 salem:

2244 2449 2313 2524 Et
2351 2450 2711 2524 ceciderunt,
2770 2453 2886 2524 tam
2918 2448 3074 2524 ‘ipse
3135 2467 3315 2522 quam
3367 2453 3622 2524 majores
3682 2459 3824 2511 natu

2169 2521 2365 2577 vestiti
2397 2520 2624 2591 ciliciis,
2656 2521 2885 2592 pronini
2915 2520 2974 2576 in
2999 2520 3235 2578 terram.

2242 2592 2516 2668 Dixitque
2545 2592 2728 2647 David
2759 2594 2829 2648 ad
2860 2598 3038 2648 Deum
3059 2611 3088 2668 _:
3128 2593 3333 2668 Nonne
3379 2610 3493 2668 ego;
3523 2611 3685 2662 sum,
3732 2599 3830 2668 qui

2159 2665 2316 2734 jussi
2365 2672 2430 2747 ut
2451 2669 2866 2748 numeraretur
2895 2664 3148 2748 populus
3167 2666 3194 2719 ?
3223 2664 3499 2748 Ego_,‘q'ui
3549 2664 3828 2748 peccavi;

2171 2753 2298 2807 ego,
2333 2735 2435 2806 qui
2468 2734 2688 2790 malum
2732 2735 2839 2790 feci
2874 2734 3034 2790 :iiste
3082 2753 3220 2807 grex
3251 2734 3390 2808 quid
3412 2734 3829 2795 com—meruit?

2174 2807 2412 2862 Domine
2471 2806 2627 2862 Deus
2659 2822 2843 2872 meus,
2874 2810 3160 2878 vertatur,
3186 2809 3451 2875 obsecro,
3476 2825 3696 2866 manus
3729 2817 3828 2866 tua

2169 2879 2228 2932 in
2261 2895 2352 2932 me
2375 2883 2431 2932 et
2463 2878 2520 2932 iu
2581 2878 2823 2952 domum
2883 2879 3066 2948 patris
3120 2881 3232 2934 mei
3269 2897 3282 2935 :
3317 2879 3570 2952 populus
3629 2888 3828 2938 autem

2169 2955 2306 3004 tuus
2337 2965 2452 3021 non
2487 2949 2864 3021 percutiatur.

2238 3018 2710 3092 Angelus'autem
2735 3018 2963 3076 Domini
2997 3022 3268 3092 praecepit
3297 3021 3440 3088 Gad,
3490 3029 3558 3080 ut
3606 3023 3833 3080 diceret

2087 3055 2129 3121 Ε
2238 3055 2494 3092 ηιιδυιυυ
2517 3055 2710 3076 αυιῠυι
2735 3055 2963 3076 uuusuu
2997 3055 3051 3091 μι
3066 3055 3268 3092 ωυῠμιι
3297 3055 3440 3088 υαυ,
3492 3055 3558 3080 us
3606 3055 3831 3080 usuct‘cs

2169 3093 2347 3166 David
2379 3097 2443 3146 ut
2469 3094 2832 3166 ascenderet,
2863 3096 3306 3166 exstrueretque
3343 3095 3525 3151 altare
3576 3095 3831 3152 Domino

2169 3167 2282 3217 Deo
2317 3163 2375 3217 in
2403 3179 2537 3218 area
2565 3168 2761 3218 Ornan
2791 3163 3068 3218 Jebusaei.

2237 3235 2673 3309 Ascenditergo
2704 3234 2882 3290 David
2906 3234 3076 3309 juxta
3107 3251 3441 3309 sermonem
3472 3235 3616 3306 Gad,
3650 3253 3830 3309 quem

2171 3303 2407 3360 locutus
2438 3306 2487 3360 ei
2521 3303 2711 3361 fuerat
2740 3322 2809 3361 ex
2839 3303 3076 3361 nomine
3103 3306 3354 3362 Domini.

2241 3380 2420 3432 Porro
2453 3376 2668 3432 Ornam
2702 3393 2847 3452 cum,
2868 3377 3226 3452 suspexisse,
3247 3383 3304 3434 et
3328 3377 3555 3452 vidisse
3579 3383 3599 3433 t
3628 3395 3826 3452 ange-

2169 3445 2317 3514 lum,
2350 3453 2716 3520 quatuorque
2745 3447 2848 3503 ﬁlii
2881 3445 3009 3520 ejus
3041 3465 3172 3503 cum
3223 3465 3311 3519 eo,
3373 3445 3825 3508 absconderint

2167 3535 2233 3573 se
2265 3534 2277 3572 :
2309 3519 2449 3591 nam
2483 3536 2549 3575 eo
2574 3525 2838 3591 tempore
2864 3519 3088 3575 terebat
3111 3520 3169 3574 in
3203 3537 3338 3576 area
3367 3522 3656 3578 triticum.

2239 3590 2424 3666 Igitur
2452 3607 2580 3646 cum
2651 3590 3091 3666 veniret_Da_vid
3137 3591 3208 3666 ad
3255 3592 3477 3666 ornan,
3524 3595 3837 3666 conspexit

2167 3675 2300 3734 eum
2327 3661 2618 3734 O_rnan,et
2648 3662 2933 3734 processit
2963 3663 3015 3718 ei
3037 3663 3267 3718 obviam
3300 3663 3372 3718 de
3401 3679 3564 3733 area,
3595 3671 3657 3720 et
3679 3661 3828 3722 ado-

2175 3732 2323 3805 ravit
2349 3732 2510 3789 illum
2545 3732 2764 3805 pronus
2793 3733 2851 3788 in
2884 3739 3122 3805 terram.

2235 3803 2509 3877 Dixitque
2538 3803 2588 3860 ei
2622 3805 2797 3877 David
2837 3804 2968 3877 :‘Da
3001 3805 3145 3877 mibi
3172 3804 3383 3877 locum
3416 3821 3567 3860 areas
3610 3810 3732 3863 tuae
3763 3813 3831 3865 ut

2167 3874 2470 3932 aedifﬁce'm
2496 3876 2563 3948 in
2579 3893 2646 3932 ea
2667 3876 2848 3932 altare
2861 3875 3105 3948 Domino
3132 3893 3144 3929 :
3170 3875 3250 3931 ita
3271 3881 3336 3931 ut
3359 3881 3654 3948 quantum
3678 3880 3834 3936 valet

2167 3949 2413 4020 argenti,
2447 3947 2721 4019 accipias,
2750 3952 2806 4002 et
2835 3952 3021 4020 cesset
3053 3947 3233 4020 plaga
3254 3947 3550 4020 a‘pOpulo.

2243 4018 2392 4074 Dixit
2411 4017 2606 4074 autem
2635 4023 2829 4075 Ornan
2863 4020 2934 4074 ad
2965 4017 3185 4074 David':
3207 4017 3474 4088 Tolle,'et
3506 4019 3688 4076 faciat
3711 4021 3823 4077 do-

2167 4087 2692 4162 minusmeusprex
2722 4091 3116 4162 quodcunque
3173 4095 3231 4162 et
3287 4087 3476 4162 placet
3531 4109 3549 4162 :7
3598 4093 3705 4146 sed
3766 4100 3827 4148 et

2166 4159 2340 4234 boves
2371 4161 2444 4217 do
2473 4161 2536 4234 in
2569 4159 3094 4234 holocaustum,'et
3123 4159 3376 4234 tribules
3426 4161 3484 4216 in
3538 4161 3730 4234 ligna,
3760 4169 3825 4220 et

2166 4231 2432 4305 triticum
2466 4233 2523 4287 in
2547 4232 2906 4305 sacriﬁcium
2943 4250 2958 4289 :
2989 4230 3194 4288 omnia
3222 4230 3410 4288 libens
3433 4230 3736 4305 praebebo.

2239 4303 2508 4374 Dixitque
2532 4303 2581 4359 ei
2617 4322 2714 4360 rex
2746 4304 2926 4360 David
2959 4322 2972 4360 :
3009 4305 3394 4376 Nequaquam
3436 4303 3527 4360 ita
3567 4304 3692 4372 ﬁet,
3725 4308 3832 4362 sed

2165 4381 2468 4447 argentum
2501 4375 2651 4432 dabo
2681 4380 2973 4447 quantum
3013 4375 3247 4447 valet}
3279 4391 3471 4446 neque
3501 4377 3660 4432 enim
3709 4378 3827 4434 tibi

2163 4446 2392 4502 auferre
2413 4447 2616 4517 debeo,
2665 4446 2722 4504 et
2774 4447 2860 4503 sic
2907 4448 3113 4505 offerre
3169 4446 3416 4503 Domino
3477 4447 3834 4506 holocausta

2167 4519 2442 4585 gratuita.

2165 4667 2316 4742 Editi
2345 4669 2547 4742 legunl
2561 4671 2729 4742 juxta
2759 4671 3089 4739 Hebraeum,
3121 4670 3535 4742 quadringenta
3588 4675 3832 4742 septua-

2162 4741 2324 4809 ginta
2353 4741 2576 4799 millia.
2597 4742 2788 4799 Arabs
2818 4759 2948 4799 vero
2978 4741 3237 4814 intepres
3280 4742 3606 4798 auctiorem
3649 4741 3836 4799 habet

2164 4828 2500 4886 numerum,
2563 4830 2791 4886 nempe,
2836 4814 3138 4886 quingenta
3196 4815 3550 4885 septuaginta
3606 4816 3832 4886 millia.

2162 4882 2569 4958 Dissonantias
2611 4882 2993 4958 huiusmodi;
3026 4902 3155 4958 qua:
3186 4882 3494 4958 occurunt
3540 4887 3602 4940 in
3658 4885 3836 4942 libris

2162 4954 2384 5028 Regum
2411 4954 3344 5028 ac,Parali‘pomenonﬁouciliare
3374 4955 3590 5012 nititur
3621 4963 3839 5014 auctor

2156 5027 2365 5152 augeat.
2400 5027 2825 5096 Hebraicarinn,
2861 5031 3028 5100 cujus
3052 5029 3181 5100 jam
3211 5043 3365 5100 saepe
3404 5028 3832 5087 meminimus.

2215 5115 2344 5152 ΛΒΤ.

2215 5115 2344 5153 ART.

2228 5171 2248 5204 ³
2281 5169 2433 5254 Elditi
2463 5168 2694 5254 legunt_
2715 5171 3110 5254 pestilentiam.
3145 5169 3400 5254 Verbum
3434 5171 3830 5254 .Hebraicn’m

2155 5251 2266 5366 Ἶὶὲ
2295 5241 2476 5365 (hlieber,
2510 5241 2631 5298 sive
2660 5241 2826 5299 dever
2854 5247 2912 5299 et
2940 5252 3196 5309 mortem,
3225 5246 3282 5298 et
3325 5246 3540 5314 pestem
3588 5242 3834 5316 signiﬁ-

2155 5327 2217 5366 ca
2253 5356 2264 5366 .
2354 5329 2481 5366 nar.

2153 5327 2264 5366 Clit.
2298 5327 2481 5367 MART.

2224 5385 2245 5419 ⁴
2273 5384 2664 5440 Memmianus
2695 5385 2891 5441 Canon
2927 5383 3213 5456 scriptum
3247 5383 3340 5440 bis
3384 5383 3569 5440 habet
3596 5384 3666 5441 in
3698 5402 3831 5441 eor-

2153 5470 2291 5526 pore
2321 5457 2560 5525 Areuna,
2595 5456 2653 5512 in
2689 5456 2954 5526 margine
2985 5456 3192 5513 Ornan.
3229 5456 3413 5514 Man'r.

2222 5556 2290 5567 —
2323 5527 2552 5599 Videsis
2583 5543 2711 5599 quas
2762 5529 2833 5584 ad
2885 5531 2932 5585 II
2984 5526 3244 5584 Samuel.
3298 5528 3409 5599 sub
3471 5527 3660 5584 ﬁnem
3719 5527 3832 5584 hoc

2151 5597 2534 5727 gsntnomine,
2593 5597 2748 5674 quod
2808 5599 2890 5657 ibi
2937 5599 3161 5658 Arcana
3219 5597 3460 5670 dicitur,
3523 5600 3830 5658 adnotata

2151 5684 2309 5728 sunt.
