4090 6192
460 287 602 345 1423

1502 290 1562 343 Β.
1604 290 2008 348 ΗῙΕΒΟΝΥΜῙ
2046 291 2302 346 DIVINA
2337 287 2831 346 BIBLIOTHECA.

3721 288 3853 345 1424

527 414 702 496 Juxta
732 415 1013 484 praecepta
1029 427 1277 496 “quoque
1313 411 1487 496 David
1512 411 1855 496 novissima,
1889 428 2106 496 suppuf
2132 419 2188 486 Α
2288 411 2780 496 Yigesimaprima
2806 408 3039 496 Jacbin,

457 487 682 542 tabitur
712 501 994 539 numerus
1027 485 1280 539 ﬁliorum
1316 484 1448 538 Levi
1484 503 1515 539 a
1555 485 1760 557 viginti
1821 484 2019 542 annis,
2048 489 2106 541 et

457 574 656 614 SUDI‘R.

527 575 799 683 Eiaerunt
830 626 941 680 sub
975 643 1153 682 manu
1189 627 1439 683 ﬁliorum
1465 629 1650 684 Aaron
1671 628 1729 684 in
1755 628 1976 684 cultum
2003 629 2100 683 do-

456 715 587 756 mus
619 699 873 766 Domini,
906 701 961 752 in
995 699 1324 768 vestibulis,
1355 704 1413 754 et
1443 699 1502 754 in
1535 701 1780 768 exedris,
1813 705 1870 756 et
1892 701 1949 754 in
1981 699 2106 755 loco

458 769 912 842 puriﬁcationis,
945 775 1002 825 et
1051 772 1109 824 in
1171 771 1527 838 sanctuario,
1585 777 1640 828 et
1698 774 1756 826 in
1816 772 2108 827 universis

459 841 739 914 operibus
769 841 1076 896 ministerii
1109 842 1312 914 templi
1350 843 1597 898 Domini.

534 913 876 986 Sacerdotes
908 919 1123 986 autem,
1157 913 1333 984 super
1364 931 1542 986 panes
1574 913 2006 986 propositionis,
2054 917 2112 968 et

463 985 535 1040 ad
570 983 773 1058 simila:
806 985 1184 1058 sacriﬁcium,
1225 991 1281 1040 et
1311 983 1380 1040 ad
1413 983 1619 1057 legan'a
1651 983 1871 1058 azyma,
1905 996 1963 1040 et
1983 1001 2112 1040 sar-

463 1056 743 1128 taginem,
778 1064 830 1110 et
862 1057 930 1110 ad
965 1057 1279 1111 ferventem
1303 1056 1559 1112 similam
1585 1061 1626 1126 ¹,
1661 1056 1924 1128 εῐευροι*
1941 1073 2112 1112 omne

441 1155 444 1157 λ
463 1128 615 1199 pend
628 1145 695 1183 us
727 1132 901 1198 atque
934 1144 1292 1184 mensuram.

537 1200 744 1254 Levita:
776 1215 930 1269 vero,
966 1203 1029 1253 ut
1059 1206 1215 1254 stent
1256 1216 1427 1256 mane
1475 1201 1546 1254 ad
1602 1199 1998 1255 conﬁtendum
2055 1201 2113 1254 et

464 1272 791 1326 canendum
822 1270 1106 1342 Domino:
1141 1271 1529 1342 similiterque
1551 1272 1621 1326 ad
1642 1287 1966 1342 vesperam,
1991 1275 2111 1325 tam

463 1342 523 1396 in
558 1342 854 1414 oblatione
885 1341 1359 1414 holocaustorum
1398 1341 1643 1398 Domini.
1679 1341 1856 1414 quam
1890 1344 1950 1397 in
1981 1343 2115 1397 sab-

466 1414 617 1468 batis
640 1418 696 1468 et
726 1413 1013 1480 kalendis,
1047 1420 1103 1468 et
1133 1414 1608 1469 solemnitatibus
1655 1413 1917 1484 reliquis,
1943 1415 2114 1484 juxta

466 1501 777 1540 numerum
810 1489 866 1557 et
896 1486 1270 1542 caeremonias
1289 1486 1750 1557 uniuscujusque
1771 1485 2116 1556 rei,jugiter

465 1573 663 1611 coram
701 1556 963 1610 Domino.

535 1629 605 1683 Et
633 1627 969 1682 custodiant
999 1627 1430 1683 observationes
1463 1627 1822 1683 tabernaculi
1857 1627 2113 1692 foederis,

463 1703 521 1754 et
578 1699 756 1753 ritum
816 1699 1178 1767 sanctuarii,
1227 1707 1284 1755 et
1340 1700 1802 1755 observationem
1859 1699 2112 1753 ﬁliorum

2289 481 2802 557 Vigesimasecuda
2831 481 3063 557 Gamul,

2285 553 2758 629 Vigesimatertia
2791 553 3047 629 Dalaiau,

2286 625 2582 699 Vigesima
2611 629 2822 698 quarta
2853 625 3142 699 Maazian.

2288 695 2386 754 se
2415 701 2569 754 vices
2598 695 2798 755 eorum
2855 697 3181 769 secundum
3232 695 3560 769 ministeria
3615 713 3744 769 sua,
3796 702 3854 753 ut

2217 771 2626 838 ingrediantur
2655 771 2896 825 domum
2931 768 3177 833 Domini,
3209 772 3265 822 et
3286 768 3455 838 juxta
3485 768 3666 824 ritum
3689 768 3852 826 suum

2219 840 2328 898 sub
2362 859 2539 898 manu
2573 844 2762 896 Aaron
2789 840 2973 910 patris
3001 855 3201 896 eorum
3229 855 3242 895 :
3268 841 3424 894 sicut
3452 842 3727 913 praecepit
3754 841 3854 898 Do-

2221 914 2419 968 minus
2449 919 2606 970 Deus
2638 913 2836 980 Israel,

2292 989 2462 1040 Porro
2487 985 2742 1040 ﬁliorum
2773 982 2920 1054 Levi,
2953 981 3055 1052 qui
3085 980 3295 1054 reliqui
3328 982 3579 1054 fuerant,
3631 983 3705 1039 de
3731 983 3856 1040 ﬁliis

2219 1059 2457 1120 Amram
2491 1060 2615 1111 erat
2639 1053 2946 1119 Subael,et
2974 1054 3045 1108 de
3061 1053 3197 1108 ﬁliis
3210 1053 3686 1120 Subael,Jedeia.

2291 1129 2362 1182 de
2390 1128 2527 1183 ﬁliis
2559 1141 2790 1200 quoque
2823 1125 3052 1200 Roobiae
3077 1125 3348 1200 princeps
3377 1127 3590 1200 Jesias.

2221 1270 2251 1326 J
2291 1200 2471 1326 [sanari
2502 1195 2636 1255 vero
2669 1195 2824 1254 ﬁlius
2869 1195 3185 1264 Salemotb,
3242 1195 3518 1268 ﬁliusque
3571 1195 3854 1254 Salemoth

2259 1288 2326 1326 aa
2420 1288 2432 1326 :

2259 1276 2392 1326 aath
2420 1288 2432 1326 :

2295 1342 2595 1414 [Piliusque
2625 1342 2754 1414 ejus
2783 1339 3003 1408 Jeriau,
3035 1339 3300 1396 Amarias
3330 1341 3650 1410 secundus,
3689 1339 3859 1397 Jaziel

2223 1413 2455 1480 tertius,
2485 1413 2762 1469 Jecmaan
2798 1415 3060 1480 quartus.

2297 1485 2478 1540 Filius
2505 1485 2680 1551 Oziel,
2713 1481 2900 1538 Micha
2927 1500 2940 1537 :
2974 1482 3132 1538 ﬁlius
3157 1481 3369 1549 Micha,
3391 1482 3604 1538 Samir.

2294 1559 2493 1611 Frater
2520 1556 2733 1624 Micha,
2764 1555 2960 1611 Jesia:
2993 1554 3272 1625 ﬁliusque
3311 1553 3481 1611 Jesia
3537 1555 3860 1611 Zacharias.

2296 1627 2425 1682 Filii
2456 1627 2685 1698 Merari,
2717 1625 2890 1683 Mooli
2919 1630 2977 1680 et
3006 1625 3179 1681 Musi.

2297 1698 2477 1753 Filius
2507 1699 2706 1764 Oziau,
2729 1699 2945 1754 Benno.

471 1778 661 1848 Aaron
684 1771 951 1848 _iratrum
985 1787 1252 1840 suorum,
1312 1777 1378 1826 ut
1435 1772 1772 1827 ministrent
1822 1770 1882 1825 in
1941 1770 2114 1825 domo
2145 1783 2193 1848 Β
2265 1770 2482 1848 _F_iti_us_
2505 1786 2735 1842 quoque
2763 1768 2992 1836 Merari,
3025 1767 3204 1823 Oziau
3236 1772 3293 1824 et
3321 1769 3492 1825 Soem
3524 1771 3586 1824 et
3643 1768 3865 1825 Zachur

469 1841 718 1896 Domini.

541 1914 696 1985 (Cap.
729 1913 952 1986 XXIV.)
985 1913 1157 1968 Porro
1197 1913 1336 1969 ﬁliis
1392 1915 1577 1970 Aaron
1634 1913 1721 1968 hae
1777 1911 2121 1985 partitiones

470 1990 684 2040 erant:

544 2055 671 2110 Filii
706 2059 894 2111 Aaron
928 2071 940 2111 :
974 2056 1198 2125 Nadab,
1232 2060 1289 2111 et
1317 2056 1488 2128 Abiu,
1521 2061 1578 2113 et
1603 2055 1855 2125 Eleazar,
1890 2059 1948 2110 et
1971 2053 2122 2110 Itha-

473 2144 619 2183 mar.

544 2197 757 2254 Mortui
789 2201 929 2252 sunt
960 2205 1152 2253 autem
1185 2199 1386 2253 Nadab
1418 2204 1474 2255 et
1504 2199 1652 2254 Abiu
1709 2203 1842 2254 ante
1899 2200 2124 2269 patrem

472 2287 649 2324 suum
695 2270 919 2339 absque
968 2269 1188 2338 liberis,
1240 2271 1684 2341 sacerdotioque
1741 2271 1977 2325 functus
2035 2274 2124 2324 est

468 2341 725 2407 Eleazar,
758 2346 814 2395 et
842 2341 1120 2395 Ithamar.

543 2413 612 2466 Et
641 2411 840 2466 divisit
869 2427 965 2466 eos
994 2411 1198 2477 David,
1232 2411 1287 2466 id
1323 2415 1430 2479 est,
1465 2413 1654 2467 Sadoc
1685 2412 1755 2467 de
1788 2411 1925 2467 ﬁliis
1956 2410 2123 2466 Elea-

469 2500 588 2550 zar,
623 2488 678 2538 et
724 2482 1066 2537 Abimelech
1125 2483 1195 2537 de
1255 2483 1393 2538 ﬁliis
1456 2484 1738 2552 Ithamar,
1798 2485 2121 2539 secundum

470 2556 626 2610 vices
657 2571 796 2610 suas
818 2559 874 2608 et
907 2554 1327 2621 ministerium,

547 2626 883 2698 Inventique
906 2629 1047 2680 sunt
1073 2625 1258 2698 multo
1278 2625 1475 2697 plures
1499 2625 1601 2680 ﬁlii
1625 2625 1860 2682 Eleazar
1883 2627 1938 2681 in
1969 2624 2127 2698 prin-

481 2697 712 2768 cipibus
743 2696 905 2761 viris,
937 2713 1114 2768 quam
1143 2696 1247 2768 ﬁlii
1285 2696 1559 2752 Ithamar.

547 2767 757 2824 Divisit
787 2767 979 2822 autem
1013 2767 1117 2837 eis,
1151 2767 1259 2823 hoc
1289 2773 1398 2833 est,
1449 2768 1588 2824 ﬁliis
1644 2769 1898 2840 Eleazar,
1957 2767 2124 2840 prin-

476 2839 768 2920 cipes_per
798 2840 1050 2894 familias
1083 2840 1330 2895 sedecim
1367 2857 1380 2893 :
1412 2845 1468 2895 et
1516 2839 1651 2896 ﬁliis
1713 2839 1971 2896 Ithamar
2027 2855 2129 2911 per

477 2911 730 2966 familias
769 2914 825 2966 et
854 2911 1057 2966 domos
1081 2927 1218 2966 suas
1246 2916 1394 2966 octo.

503 2927 730 2967 amittas
769 2927 825 2966 ει
854 2927 1057 2966 GOH’IOS
1081 2927 1218 2966 suas
1246 2927 1394 2966 οοιο.

547 2984 723 3037 Porro
754 2982 955 3037 divisit
988 2986 1270 3054 utrasque
1301 2983 1452 3037 inter
1477 2999 1539 3037 se
1568 2982 1819 3037 familias
1838 2981 2126 3054 sortibus:

475 3059 644 3110 erant
673 3053 827 3109 enim
863 3054 1158 3125 principes
1177 3052 1613 3125 sanctuarii,ret
1652 3055 1946 3125 principes
2005 3052 2126 3121 Dei,

474 3132 593 3181 tam
626 3128 694 3180 de
728 3124 876 3179 ﬁliis
896 3125 1147 3194 Eleazar,
1181 3141 1356 3196 quam
1390 3125 1462 3179 de
1494 3124 1628 3178 ﬁliis
1654 3124 1942 3180 Ithamar.

547 3196 979 3267 Descripsitque
1001 3213 1099 3252 eos
1125 3194 1386 3252 Semeles
1412 3195 1565 3250 ﬁlius
1590 3197 1911 3252 Nathanael
1930 3194 2122 3251 scriba

475 3269 726 3335 Levites,
755 3284 950 3340 coram
987 3284 1120 3340 rege
1151 3273 1207 3323 et
1239 3267 1625 3340 principibus,
1658 3273 1713 3323 et
1754 3267 2126 3340 Sadocrhﬂsa-

475 3285 726 3335 LeVILBS,
755 3285 950 3322 coram
987 3285 1120 3392 rege
1151 3285 1207 3323 et
1239 3285 1625 3340 principibus,
1658 3285 1713 3323 et
1754 3285 1981 3322 banocn
2033 3285 2126 3322 sa-

473 3340 724 3407 cerdote,
761 3344 816 3394 et
846 3338 1051 3393 Ahime
1079 3340 1182 3394 ech
1225 3339 1344 3392 ﬁlio
1400 3338 1700 3405 Abiathar,
1763 3339 2130 3410 principibus

475 3426 716 3480 quoque
748 3409 1106 3464 familiarum
1129 3410 1591 3464 'sacerdutalium
1624 3417 1680 3464 et
1716 3409 2126 3465 Leviticarum:

475 3497 659 3535 unam
695 3483 961 3548 domum,
994 3498 1126 3551 quae
1157 3480 1380 3536 caeteris
1412 3485 1677 3551 praeerat,
1738 3481 2010 3536 Eleazar:
2072 3485 2132 3536 et

478 3552 720 3607 alteram
751 3552 1018 3619 domum,
1049 3568 1174 3624 quae
1197 3553 1306 3608 sub
1330 3567 1392 3607 se
1415 3551 1668 3607 habebat
1691 3556 1949 3620 caeteros,
1975 3551 2128 3608 Itha-

481 3640 629 3678 ῙΪΠΙΓ.

552 3693 736 3750 Exivit
769 3697 963 3766 autem
992 3711 1118 3750 sors
1144 3695 1333 3766 prima
1371 3694 1618 3766 Jojarib,

553 3767 821 3821 Secunda
849 3765 1083 3832 Jedeizs,

549 3837 744 3892 Tertia
774 3837 995 3904 Harim,

551 3911 768 3974 Quarta
789 3910 1036 3974 Seorim,

547 3980 757 4045 Quinta
796 3980 1059 4045 Melchia,

545 4056 716 4106 Sexta
746 4052 1021 4119 Maiman,

543 4124 804 4193 Septima
835 4129 1040 4192 Accos,

543 4195 757 4250 Octava
787 4194 951 4259 Abin,

543 4270 708 4320 Nona
737 4266 932 4334 Jesue,

544 4337 778 4392 Decima
809 4335 1114 4400 Sechenia,

542 4408 864 4463 Undecima
895 4407 1134 4472 Eliasib,

547 4480 899 4534 Duodecimn
929 4478 1138 4543 Jacim,

544 4551 968 4606 Tertiadccima
999 4549 1245 4620 Hoppha

543 4621 988 4687 Quartadccima
1017 4621 1247 4690 Ishaah,

543 4693 986 4758 Quintadecima
1017 4693 1206 4763 Belga,

539 4764 944 4819 Sextadecima
968 4765 1222 4833 Emmer,

522 4835 1035 4907 ‘Septimadecima
1065 4835 1213 4907 Egzir,

536 4905 978 4962 Octavadecima
1015 4905 1262 4977 Aphscs,

533 4979 931 5034 Nonadecima
956 4977 1256 5043 Phetheia,

531 5050 831 5124 Vigesima
860 5050 1098 5118 Jezecel,

533 5267 861 5324 ‘Hebraans
918 5249 1184 5326 muniam
1243 5262 1767 5334 velammurbaketh,
1828 5265 1982 5337 quod
2037 5267 2111 5322 ad

459 5341 787 5395 torrendum
805 5339 1221 5410 interpretatur
1237 5337 1420 5410 falsus
1442 5337 2105 5410 Hieronymus,idicens:

462 5411 672 5475 «Quod
699 5412 755 5483 in
791 5407 1769 5483 quibusdamdcodicibushabetur,
1793 5409 1872 5464 ad
1897 5410 2109 5480 ferven-

456 5487 565 5538 tem
594 5478 866 5546 similam,
899 5486 956 5538 et
976 5481 1035 5536 in
1060 5480 1414 5552 quihusdam
1440 5478 1509 5534 ad
1528 5483 1828 5552 ferventem
1847 5478 2107 5552 tantum-

457 5555 654 5620 modo,
689 5569 850 5609 error
881 5557 988 5609 est.
1025 5551 1086 5608 In
1120 5552 1360 5607 Hebraeo
1397 5568 1508 5606 non
1571 5551 1823 5606 habetur
1883 5551 1938 5605 in
1997 5552 2106 5608 hoe

453 5623 580 5680 loco
611 5625 821 5693 simila,
855 5625 990 5696 quia
1021 5623 1210 5678 simila
1243 5623 1565 5696 paulojam
1609 5622 1880 5696 superius
1911 5624 2107 5696 nomi-

455 5702 629 5750 nata:
692 5699 790 5751 sed
855 5693 921 5751 ad
986 5693 1373 5762 torrendum,
1425 5693 1484 5747 in
1550 5695 1783 5748 Hebraeo
1846 5695 2102 5764 ponitur,

455 5771 520 5838 nt
542 5768 858 5838 subaudias
872 5766 1068 5838 spicas.
1090 5767 1360 5822 Primitiae
1383 5764 1536 5821 enim
1554 5765 1847 5838 spicarum
1867 5769 2104 5838 quando

457 5836 1312 5910 deferebantur,terrebantur,
1343 5842 1398 5895 et
1418 5853 1599 5911 grana
1621 5836 2098 5896 comedebautur.

2224 1845 2283 1896 et
2312 1841 2506 1898 Hebri.

2226 1913 2469 2039 l.bPorro
2527 1912 2698 1970 Mooli
2751 1911 2906 1969 ﬁlius
2961 1911 3232 1980 Eleazar,
3291 1912 3392 1983 qui
3448 1928 3568 1968 non
3623 1911 3873 1968 habebat

2253 2001 2265 2039 ι
2313 2001 2462 2039 eros.

2253 2001 2462 2041 lDBI‘OS.

2297 2056 2483 2112 Filius
2513 2069 2648 2110 vero
2679 2054 2794 2120 Cis,
2825 2052 3133 2111 Jerameel.

2297 2127 2428 2183 Filii
2449 2126 2622 2194 Musi,
2656 2125 2848 2196 Mooli,
2883 2126 3028 2181 Eder
3055 2129 3114 2182 et
3138 2123 3452 2182 Jerimoth.

2298 2199 2400 2254 Isti
2433 2198 2536 2254 ﬁlii
2572 2201 2698 2253 Levi
2730 2199 3050 2253 secundum
3078 2198 3286 2254 domos
3325 2196 3690 2254 familiarum
3743 2215 3878 2255 sua-

2227 2287 2381 2326 rum.

2299 2339 2771 2422 Miseruntqueﬁei
2794 2339 2905 2422 ipsi
2921 2343 3109 2396 sortes
3130 2345 3334 2422 contra
3348 2339 3725 2422 fratr-essum
3738 2341 3882 2422 ﬁlios

2227 2414 2436 2483 Aaron,
2470 2428 2664 2467 coram
2695 2412 2875 2483 David
2907 2427 3060 2483 rege,
3093 2417 3151 2468 et
3181 2412 3388 2480 Sadoe,
3426 2417 3485 2468 et
3542 2413 3883 2469 Ahimelech

2228 2489 2286 2541 et
2319 2481 2685 2556 principibus
2715 2481 3074 2538 familiarum
3107 2483 3564 2556 sacerdotalium
3593 2488 3653 2539 et
3672 2485 3882 2541 Leviti-

2229 2555 2456 2638 carum,
2493 2559 2618 2638 tam.
2642 2556 2914 2638 majores,
2949 2571 3126 2625 quam
3158 2555 3435 2612 minores.
3483 2555 3708 2611 Omnes
3765 2573 3886 2612 sors

2228 2628 2533 2698 aequaliter
2563 2627 2878 2708 dividebat,
3069 2696 3082 2708 0
3427 2697 3438 2708 ι

2267 2700 2454 2780 ..[ϐαρ.
2488 2697 3141 2780 XXV.]lgitu.r_Dav_1d.
3184 2701 3245 2780 et
3273 2701 3674 2780 .magi‘stratps
3732 2714 3887 2780 (εχει-τ

2230 2769 2873 2851 gitussegregaverunt
2903 2769 2962 2851 in
2996 2769 3814 2851 ministeriumﬁliosAsaph,
3834 2773 3889 2851 et

2231 2844 2437 2913 Emau,
2465 2846 2524 2913 et
2554 2840 2789 2895 Idithun
2818 2859 2831 2899 :
2865 2840 2963 2913 qui
2996 2840 3417 2913 prophetareut
3446 2841 3502 2895 in
3536 2841 3812 2907 citharis,
3832 2845 3886 2897 et

2232 2911 2550 2984 psalteriis,
2570 2917 2640 2984 et
2663 2912 2970 2984 cymbalis,
3005 2911 3330 2984 secundum
3359 2928 3680 2968 numerum
3710 2929 3886 2969 suum

2233 2983 2500 3041 dedicato
2531 2983 2644 3038 sibi
2677 2983 2870 3038 ofﬁcio
2901 2983 3259 3039 servientes:

2305 3055 2385 3111 De
2419 3054 2553 3109 ﬁliis
2581 3054 2775 3124 Asaph
2805 3070 2818 3108 :
2851 3054 3098 3124 Zachur,
3129 3059 3184 3110 et
3212 3052 3452 3125 Joseph,
3482 3057 3543 3125 et
3571 3053 3890 3122 Nathania,

2234 3131 2292 3183 et
2321 3127 2579 3200 Asarela,
2613 3126 2718 3180 ﬁlii
2748 3125 2982 3198 Asaph:
3018 3127 3129 3182 sub
3161 3124 3564 3196 manu’Asaph
3591 3144 3606 3182 :
3643 3129 3892 3200 prephe-

2233 3199 2412 3255 tantis
2433 3197 2606 3268 juxta
2634 3213 2849 3269 regem.

2307 3265 2481 3326 Porro
2554 3265 2832 3324 lditbbn:
2893 3265 2997 3323 ﬁlii
3056 3266 3292 3323 Iditbun
3376 3267 3681 3337 Godolias,
3741 3269 3892 3338 Sari,

2232 3341 2476 3407 Jeseias,
2508 3344 2566 3395 et
2595 3340 2862 3407 Asabias,
2897 3344 2951 3394 et
2982 3339 3360 3404 Matbathias,
3392 3355 3493 3394 sex
3534 3340 3651 3395 sub
3712 3357 3892 3396 manu

2234 3413 2417 3484 patris
2449 3411 2539 3466 sui
2573 3411 2834 3484 Idithun,
2866 3411 2967 3482 qui
2999 3411 3223 3484 cithara
3273 3411 3672 3482 prephetahat
3721 3427 3898 3484 super

2235 3483 2580 3539 conﬁtentes
2602 3487 2659 3538 et
2687 3483 2995 3538 laudantes
3031 3483 3360 3538 Dominum.

2305 3555 2486 3610 Eman
2521 3570 2753 3625 quoque
2784 3569 2796 3608 :
2834 3553 2937 3607 ﬁlii
2966 3557 3173 3625 Eman,
3231 3552 3501 3625 Boicciau,
3560 3551 3896 3625 Mathaniu,

2235 3625 2410 3693 Oziel,
2445 3624 2683 3694 Subuel,
2705 3629 2763 3680 et
2791 3624 3099 3692 Jerimoth,
3131 3624 3413 3691 Ananiae,
3464 3624 3680 3682 Anani.
3740 3625 3899 3681 Ehe-

2234 3699 2355 3766 tba,
2387 3696 2716 3764 Geddelthi,
2749 3699 2805 3751 et
2855 3696 3334 3762 Bomemthiezer,
3393 3699 3452 3751 et
3510 3695 3894 3763 Jesbaeassa,

2237 3767 2526 3834 Mellothi,
2557 3767 2763 3823 Othir:
2798 3767 3042 3822 Maziotb
3071 3784 3084 3822 :

2305 3839 2523 3895 Omnes
2549 3838 2647 3894 isti
2680 3837 2782 3893 ﬁlii
2807 3840 2989 3894 Eman
3018 3837 3285 3894 Videntis
3307 3835 3553 3909 regisin
3595 3838 3898 3893 sermoni-

2233 3911 2346 3967 bus
2382 3912 2498 3976 Dei,
2535 3917 2598 3966 ut
2625 3909 2905 3966 exaltaret
2932 3925 3154 3965 cornu:
3187 3907 3466 3980 deditque
3509 3909 3668 3965 Deus
3711 3911 3902 3965 Eman

2234 3983 2388 4054 ﬁlios
2421 3983 2843 4054 quaterdecim,
2877 3985 2934 4038 et
2962 3981 3114 4054 ﬁlias
3142 3985 3284 4054 tres.

2304 4051 2571 4109 Universi
2603 4055 2712 4108 sub
2745 4069 2922 4112 manu
2959 4052 3140 4124 patris
3171 4051 3263 4108 sui
3296 4051 3367 4124 ad
3417 4051 3790 4124 cantandum
3836 4051 3898 4108 in

2231 4128 2450 4196 templo
2482 4124 2713 4180 Domini
2745 4122 3046 4180 distributi
3103 4131 3319 4196 erant,
3351 4122 3419 4196 in
3471 4123 3794 4196 cymbalis,
3819 4128 3901 4196 et

2231 4193 2548 4266 psal'teriis,
2584 4201 2642 4250 et
2673 4195 2912 4252 citharis
2944 4196 3002 4250 in
3035 4194 3363 4250 ministeria
3388 4193 3607 4266 domus
3655 4194 3898 4250 Domini

2223 4268 2412 4394 ὲυῐέξὶαῃ
2451 4282 2693 4342 regem:
2744 4267 2940 4338 Asaph
2999 4267 3306 4337 videlicet,
3361 4269 3420 4320 et
3476 4265 3724 4322 ldithun
3760 4309 3778 4335 ,
3844 4271 3900 4321 et

2281 4356 2436 4394 man.

2303 4410 2433 4465 Fuit
2463 4412 2657 4465 autem
2690 4425 2973 4466 numerus
3004 4424 3205 4464 eorum
3241 4423 3372 4464 cum
3423 4407 3716 4465 fratribus
3747 4408 3903 4478 uis,

2155 4514 2204 4579 Β
2237 4481 3043 4579 ΕΗΞΛθ-τιιέςίεξῖῑξξέαἱιξξῗυω
3066 4479 3324 4548 Domini,
3349 4479 3547 4535 cuncti
3593 4481 3900 4546 doctores.

2236 4552 2469 4608 ducenti
2493 4552 2789 4624 octoginta
2821 4557 2968 4609 octo.

2298 4622 2702 4695 Miseruntque
2729 4628 2912 4680 sortes
2943 4640 3046 4695 per
3071 4622 3230 4680 vices
3261 4637 3422 4695 suas,
3451 4637 3525 4677 ex
3554 4638 3727 4694 aquo
3771 4627 3897 4679 tam

2223 4697 2413 4765 major
2442 4693 2623 4767 quani
2642 4695 2855 4761 minor,
2901 4693 3109 4767 doctus
3164 4693 3405 4767 pariter,
3463 4698 3527 4749 et
3562 4693 3896 4767 indoctus.

2291 4763 2657 4840 Egressaque
2687 4772 2776 4823 est
2804 4784 2931 4823 sors
2964 4763 3420 4840 prima’Joseph,
3470 4764 3578 4836 qui
3641 4769 3773 4822 erat
3824 4767 3894 4821 de

2219 4839 2558 4992 fsggfunda
2587 4909 2861 4982 Godoliae,
2894 4909 3008 4982 ipsi
3040 4911 3098 4965 et
3126 4907 3288 4980 ﬁliis,
3320 4911 3378 4964 et
3409 4907 3711 4966 fratribus
3761 4910 3895 4980 ejus

2221 4982 2759 5122 duiggri‘iamiachur,
2793 5052 2928 5109 ﬁliis
2961 5056 3016 5109 et
3046 5051 3326 5108 fratribus
3357 5051 3488 5122 ejus
3541 5052 3894 5109 duodecim.

2217 5269 2378 5336 Quod
2409 5268 2736 5343 genuscibi
2768 5267 2940 5343 vulgo
2970 5283 3220 5343 graneas
3238 5268 3530 5343 vocant.)
3559 5267 3894 5343 subjungit

2219 5338 2453 5415 quoque
2482 5342 2683 5398 statim
2707 5358 2741 5415 :_
2762 5364 2782 5391 ι
2812 5338 3264 5412 Ιῐῑφίδιιεᾶδῐῑι
3294 5338 3603 5415 codicibus
3635 5338 3896 5415 habetur

2216 5409 2384 5486 s‘upe}
2408 5430 2565 5469 omne
2590 5413 2810 5486 pondus
2839 5416 2897 5486 et
2919 5409 3233 5486 mensuram
3266 5427 3290 5486 :_
3306 5409 3407 5466 sed
3431 5409 3494 5464 in
3541 5411 3806 5468 Hebrao
3833 5410 3892 5464 in

2219 5482 2324 5542 hoc
2345 5485 2469 5541 loco
2498 5482 2706 5556 pondus
2735 5501 2852 5539 non
2885 5483 3158 5550 habetur,
3193 5482 3603 5556 sedlriensurq
3657 5489 3892 5556 tantum

2216 5557 2451 5628 gemina
2480 5551 2828 5611 nominatim
2864 5555 3075 5626 posita,
3102 5577 3124 5607 ι
3160 5558 3268 5609 etc.
3302 5551 3432 5628 Haec
3461 5553 3716 5628 quidem
3753 5553 3889 5628 ille:

2217 5623 2322 5683 nos
2351 5645 2488 5685 vero
2522 5627 2695 5682 ﬁdem
2729 5623 2995 5682 omnium
3019 5643 3161 5682 mss.
3184 5623 3692 5695 exemplariorum
3719 5623 3892 5695 sequi

2216 5701 2560 5827 satiusMesse
2593 5698 2890 5765 duximus,
2923 5714 3101 5771 quam
3157 5697 3294 5752 huic
3339 5695 3622 5769 scriptori
3687 5697 3896 5752 adhe-

2216 5788 2359 5827 rcre.
2399 5803 2413 5827 ι
2457 5787 2566 5827 ΛΒΤ

2215 5788 2359 5829 PCI‘O.
2399 5787 2566 5828 MART
