2045 3096
211 143 281 173 1427

729 148 758 175 Β.
780 147 984 175 EIERONYMI
1003 147 1129 175 DIVINA
1148 146 1398 174 BIBLIOTHECA.

1847 142 1908 172 “28

246 208 480 246 Nouummense
502 216 589 242 nono,
621 208 740 246 Abiezer
764 210 971 238 Anathothites
1000 210 1035 238 de
1052 211 1079 244 Α
1128 209 1262 246 Cumque
1277 206 1454 237 surrexisset
1469 215 1529 246 rex,
1546 209 1575 236 et
1589 207 1730 246 stetisset,
1746 206 1798 246 ait:
1815 207 1909 246 Audite

213 244 283 309 giliis
297 244 415 273 Jemini:
430 246 459 272 et
472 243 504 272 in
518 246 618 272 turma
634 245 698 281 ejus
713 245 817 281 viginti
834 249 962 282 quatuor
972 246 1037 274 mil-

227 289 266 309 ta.

227 289 266 309 ta.

252 314 401 359 Decimus,
417 323 519 359 mense
534 316 779 359 decimohltlarai,
810 319 838 345 et
865 318 929 359 ipse
953 318 1041 359 Nato:

218 350 369 388 phathites
384 351 529 390 deustirpe
544 352 636 380 Zarai:
653 355 682 380 et
698 353 727 380 in
743 350 842 381 turma
857 350 922 388 ej'us
937 354 1041 390 viginti

219 387 347 424 quatuor
358 387 469 424 millia.

256 422 446 459 Undecimus,
463 431 562 451 menso
582 424 751 459 undecimo,
779 424 903 453 Banaias
932 425 1043 453 Phara-

220 457 349 487 thonites
362 459 482 496 deuﬁliis
497 459 647 495 prraim:
666 462 694 487 et
708 457 849 488 in'turma
863 461 928 496 ejus
938 460 1043 496 viginti

223 496 350 531 quatuor
364 494 469 531 millia.

258 530 466 565 Duodecimus,
483 538 584 558 mense
601 531 785 564 duodecimo,
801 531 904 559 Holdai
929 532 1044 559 Netho-

225 566 364 603 phatites,
388 566 423 594 de
449 566 543 603 stirpe
569 566 722 595 Gothoniel
740 575 746 594 :
763 569 791 595 et
810 567 839 595 in
855 570 953 595 turma
980 568 1045 603 ejus

223 601 327 637 viginti
343 605 470 637 quatuor
484 601 587 630 millia.

281 645 347 665 orro
363 638 503 665 tribubus
517 641 661 673 praeerant
678 638 782 673 Israel,
799 639 969 673 Rubenitis,
988 639 1048 667 dux

222 673 333 701 Eliezer
347 672 427 701 ﬁlius
441 672 540 701 Zechri
559 682 565 700 :

260 709 441 751 Simeonitis,
456 710 515 751 dux
529 709 684 751 Saphatias
713 709 792 751 ﬁlius
811 710 950 739 Maacha:

262 744 382 777 Levitis,
396 745 520 773 Asabias
535 744 613 773 ﬁlius
630 745 748 774 Camuel
768 754 774 773 :

260 780 422 814 Aaronitis,
437 781 546 809 Sadoc:

261 816 350 850 Juda,
364 815 427 844 Eliu
442 816 528 844 frater
539 817 628 844 David
646 825 652 843 ε

263 852 408 887 Issachar,
424 852 508 879 Aniri
523 852 602 880 ﬁlius
619 852 762 880 Michael:

262 887 455 923 Zabulonitis,
471 887 627 916 Jesimaias
642 888 722 916 ﬁlius
738 888 837 915 Abdiaa
855 897 862 916 :

264 922 497 959 Nepthalitibus,
513 923 659 952 Jerimoth
674 923 754 952 ﬁlius
769 924 862 952 Ozriel
875 932 882 953 :

267 959 347 986 Filiis
357 959 508 995 Ephraim,
524 960 596 987 Osee
612 959 691 987 ﬁlius
707 960 811 988 Ozazin
828 968 835 987 :

263 994 398 1023 Dimidiae
412 995 503 1023 tribui
519 995 727 1030 Manasse,Joel
743 995 822 1023 ﬁlius
836 995 971 1023 Phadaize
985 1003 996 1026 ;

228 1067 247 1094 Ζ
264 1031 302 1093 Eli;
313 1031 442 1071 dimidiae
451 1031 543 1059 tribui
557 1032 692 1059 Manasse
704 1031 731 1059 in
744 1032 963 1067 Galaad,.laddo
971 1031 1049 1059 ﬁlius

250 1075 282 1094 ac
306 1075 373 1094 arua
391 1074 398 1093 :

250 1074 373 1094 80118le
391 1074 398 1093 ἒ

265 1102 418 1137 Benjamin
432 1104 542 1137 autem,
558 1101 646 1130 Jasiel
663 1102 741 1130 ﬁlius
756 1102 862 1130 Abner.

264 1138 325 1165 Bon
341 1146 417 1172 vero,
434 1138 524 1165 Ezriel
542 1137 620 1165 ﬁlius
632 1138 749 1165 Jeroam
768 1146 774 1166 :

265 1173 300 1201 Hi
317 1173 464 1208 principes
481 1173 607 1201 ﬁliorum
624 1173 724 1201 Israel.

264 1208 362 1245 Noluit
372 1212 470 1236 autem
490 1209 580 1236 David
592 1216 746 1237 numerare
757 1217 806 1237 eos
818 1218 832 1237 a
843 1208 946 1245 viginti
964 1209 1051 1237 annis

230 1244 364 1282 inferius:
382 1245 451 1282 quia
467 1244 580 1282 dixerat
593 1245 757 1282 Dominus,
789 1247 820 1272 ut
842 1244 1052 1282 multiplicaret

229 1280 326 1317 Israel
336 1280 421 1317 quasi
434 1280 534 1317 stellas
548 1280 624 1308 ccsli.

266 1316 434 1352 Joab’ﬁlius
449 1316 554 1343 Servis:
567 1318 694 1352 coeperat
710 1324 875 1349 numerare,
904 1325 957 1344 nec
970 1324 1051 1344 com-

233 1351 323 1387 plevit
338 1360 345 1379 :
363 1351 432 1387 quia
446 1360 535 1387 super
550 1351 662 1379 hoc’ira
691 1352 815 1380 irruerat
834 1352 862 1379 in
892 1352 978 1380 lsrael
1001 1361 1007 1378 :
1024 1353 1053 1379 et

233 1387 342 1424 idcirco
357 1395 500 1424 numerus
514 1396 616 1416 eorum
632 1388 681 1424 qui
699 1388 814 1415 fuerant
829 1388 975 1422 recensiti,
994 1395 1051 1415 non

234 1425 280 1451 est
294 1423 404 1451 relatus
419 1423 449 1450 in
465 1423 556 1451 fastos
573 1423 649 1459 regis
664 1423 766 1451 David.

271 1461 364 1495 Super
377 1459 533 1487 thesauros
547 1458 644 1487 autem
662 1459 739 1495 regis
756 1459 810 1486 fuit
825 1459 948 1495 Azmoth
974 1458 1053 1486 ﬁlius

234 1494 330 1522 Adiel.
345 1494 397 1522 His
412 1497 510 1522 autem
525 1494 684 1529 thesauris,
697 1494 747 1530 qui
762 1497 846 1523 erant
864 1494 894 1522 in
919 1494 1052 1529 urbibus,

234 1533 265 1595 δι
276 1530 306 1572 in
319 1530 400 1564 vicis,
410 1533 438 1558 et
446 1530 476 1558 in
484 1531 626 1564 turribus,
637 1531 810 1567 praesidebat
819 1530 966 1559 Jonathan
974 1530 1053 1558 ﬁlius

259 1574 320 1593 ztaa.

259 1574 320 1593 ΖΙΕ.

273 1588 359 1637 aperi
372 1603 470 1629 autem
487 1602 607 1636 rustico,
622 1604 650 1630 et
664 1602 799 1637 agricolis
816 1602 865 1637 qui
882 1601 1055 1630 exercebant
1071 1588 1092 1620 Ο

235 1639 359 1672 terram,
390 1640 513 1672 praeerat
527 1638 590 1665 Ezri
607 1637 687 1665 ﬁlius
703 1638 812 1665 Chelub
827 1647 832 1665 :

273 1673 492 1709 Yinearumque
509 1673 682 1707 cultoribus,
698 1674 826 1700 Semeias
850 1673 1034 1701 Ramathites
1048 1681 1056 1701 :

238 1708 319 1744 cellis
334 1710 432 1735 autem
448 1708 568 1736 vinariis
582 1709 688 1736 Zabdia
705 1709 879 1744 Saphonites
895 1710 914 1736 ¹.

274 1743 346 1780 Nam
363 1751 452 1780 super
466 1744 572 1772 oliveta
585 1747 614 1772 et
629 1745 723 1779 ﬁccta,
734 1753 797 1780 quae
809 1747 892 1772 erant
903 1745 932 1772 in
942 1752 1059 1780 campe-

242 1779 364 1811 stribus,
380 1779 506 1807 Balanan
520 1780 669 1808 Gaderites
686 1788 692 1807 :

277 1815 372 1851 Super
386 1815 542 1851 apothecas
555 1818 653 1844 autem
668 1815 734 1851 olei,
750 1815 829 1843 Joas.

278 1853 368 1879 Porro
381 1852 533 1883 armentis,
547 1860 610 1887 quae
624 1852 820 1887 pascebantur
835 1852 863 1878 in
874 1853 976 1886 Saron,
987 1859 1059 1887 pras-

239 1887 353 1923 positus
368 1887 423 1914 fuit
438 1887 531 1915 Setrai
548 1887 697 1915 Saronites
715 1896 721 1915 :

275 1923 309 1950 Et
324 1930 413 1958 super
427 1923 514 1951 boves
531 1923 559 1950 in
575 1923 713 1956 vallibus,
738 1922 849 1958 Saphat
866 1922 945 1950 ﬁlius
969 1921 1034 1950 Adii
1050 1929 1058 1949 :

274 1959 369 1994 Super
383 1959 511 1987 camelos
526 1967 594 1987 vero
610 1959 675 1987 Ubii
693 1958 856 1986 lsmaelites
873 1966 880 1985 :

272 1995 309 2022 Et
325 2002 414 2030 super
428 1995 537 2027 asinos,
553 1994 654 2022 Jadias
671 1994 888 2022 Meronathites.

271 2030 365 2072 Super
374 2038 443 2072 oves
457 2038 575 2072 quoque
589 2030 804 2072 JanisAgareus
814 2029 1057 2072 (41._Agarenus).

271 2065 414 2102 anihi,
431 2065 576 2102 principes
592 2065 855 2102 substantiaarregis
870 2065 968 2102 David.

270 2100 415 2129 Jonathan
431 2099 535 2130 autem'
546 2104 669 2137 patruus
685 2101 786 2135 David,
808 2099 1005 2134 consiliarius,
1016 2099 1060 2127 vir

236 2137 366 2172 prudens
382 2139 410 2165 et
424 2137 570 2165 litteratus
586 2146 592 2165 :

258 2172 336 2212 .Ipse
351 2175 380 2200 et
394 2173 467 2201 Jaiel
483 2173 561 2201 ﬁlius
576 2172 737 2201 Achamoni
752 2173 836 2200 erant
852 2180 918 2199 cum
930 2170 1001 2199 ﬁliis
1013 2179 1058 2199 re-

236 2215 282 2243 gis
298 2217 304 2236 :

269 2243 428 2280 Ahitophel
457 2244 546 2272 etiam
576 2243 763 2272 consiliarius
790 2242 878 2279 regis,
900 2245 928 2271 et
943 2241 1052 2270 Chusai

233 2279 383 2308 Arachites
394 2280 506 2308 amicus
521 2281 609 2316 regis.

271 2317 340 2344 Post
354 2315 509 2351 Ahitophel
533 2314 588 2344 tu'it
615 2315 719 2344 Joiada
746 2315 825 2343 ﬁlius
852 2314 996 2349 Bananize,
1027 2315 1056 2341 et

235 2350 388 2378 Abiathar.

282 2359 388 2379 Ῑδῐῡᾶΐ.

270 2387 409 2423 Princeps
424 2389 522 2415 autem
540 2387 684 2415 exercitus
700 2386 778 2423 regis
794 2388 855 2414 erat
869 2385 954 2423 Joab.

269 2422 348 2459 (Cap.
364 2423 503 2459 XXVIII.)
519 2424 693 2451 Convocavit
722 2421 812 2458 igitur
839 2421 1058 2459 Davidhomnes

234 2456 382 2493 principes
398 2456 498 2493 Israel,
515 2459 604 2487 duces
619 2456 762 2490 tribuum,
775 2460 803 2486 et
815 2456 986 2494 praepositos
995 2459 1057 2484 tur-

234 2501 362 2528 marum,
378 2495 429 2530 qui
446 2494 656 2522 ministrabant
667 2495 738 2530 regi,
749 2494 885 2530 tribunos
902 2500 1019 2528 quoque
1030 2493 1058 2519 et

235 2529 432 2566 centuriones,
448 2533 476 2558 et
492 2530 542 2565 qui
559 2529 887 2566 praeerant’substantiae
902 2531 930 2556 et
942 2535 1057 2566 possesf

234 2564 367 2604 siornibrus
383 2564 471 2601 regis,
490 2564 626 2604 ﬁliosque
650 2574 720 2594 suos
749 2574 815 2593 cum
845 2564 999 2604 eunuchis,
1015 2565 1057 2604 “et

254 2603 379 2664 otentps,
409 2604 438 2630 et
466 2602 687 2630 robustissimos
717 2609 833 2637 quoque
865 2601 895 2628 in
929 2601 1056 2627 exercitu

254 2645 338 2664 erusa
350 2645 408 2664 em.

251 2645 408 2665 erusalem.

268 2710 277 2726 ¹
294 2708 342 2736 Sic
358 2707 466 2743 Regius
483 2710 572 2743 atque
586 2707 771 2736 Colbertinus
782 2706 948 2735 Aniciensis
959 2706 1056 2742 prima

234 2752 335 2771 manu:
353 2743 401 2771 alii
418 2752 485 2771 cum
507 2743 594 2771 editis
625 2743 726 2779 legunt
754 2743 870 2771 Zabdias
898 2743 1054 2779 Aphonites,

232 2780 311 2814 quod
341 2787 438 2807 errore
467 2778 800 2807 librariorum’ﬁuxisse
827 2779 943 2806 videtur
971 2778 1055 2814 quis

233 2813 360 2843 litteram
390 2814 524 2843 ultimam
552 2815 668 2843 Zabdias
694 2823 760 2843 cum
789 2814 872 2842 initio
902 2813 1054 2850 sequentis

234 2850 380 2886 Aphoniles
395 2851 532 2886 copulare
547 2851 702 2879 debebant.
732 2851 761 2878 In
780 2851 895 2877 Hebraeo
912 2849 1052 2886 hodierno

236 2885 376 2921 scriptum
392 2885 438 2913 est
451 2891 556 2916 ti:st
575 2892 639 2917 tu";
654 2886 739 2914 Zabdi
768 2886 916 2921 Assiphmi,
944 2885 1052 2921 quibus

235 2920 302 2947 dam
319 2920 562 2959 litteris-mutatis
576 2924 605 2951 et
619 2922 782 2959 permixtis.
795 2920 888 2951 MART.

1095 253 1151 281 me,
1169 243 1274 273 fratres
1290 245 1357 279 mei,
1374 247 1403 272 et
1419 244 1546 280 populus
1558 252 1652 281 meus.
1665 243 1793 280 Cogitavi
1803 246 1836 281 ut
1849 243 1909 281 aedi-

1095 279 1213 309 ﬁcarem
1230 282 1362 316 domum,
1378 281 1408 308 in
1419 279 1482 316 ’qu’a
1497 280 1695 316 requiesceret
1708 279 1777 307 arca
1801 279 1910 307 foederis

1096 317 1222 349 Domini,
1238 321 1266 345 et
1281 315 1441 344 scabellum
1456 315 1565 352 pedum
1582 316 1631 343 Dei
1642 315 1745 344 nostri:
1759 317 1787 344 et
1798 316 1834 343 ad
1847 315 1910 343 aedi-

1096 353 1256 393 ﬁcandum,
1267 352 1373 393 omnia
1389 353 1560 393 praeparavi.

1134 391 1208 416 Deus
1225 391 1321 416 autem
1340 386 1413 415 dixit
1428 386 1511 415 mihi:
1526 388 1584 415 Non
1610 386 1768 415 mdiﬁcabis
1799 386 1912 415 domum

1098 425 1208 452 nomini
1227 433 1300 458 meo,
1319 432 1351 451 eo
1367 424 1444 459 quod
1461 424 1504 452 sis
1520 426 1563 452 vir
1573 422 1695 451 bellator
1706 425 1734 450 et
1748 422 1913 458 sanguinem

1099 460 1219 488 fuderis.

1133 496 1187 524 Sed
1205 495 1292 531 elegit
1307 495 1449 523 Dominus
1466 495 1542 522 Deus
1559 493 1646 522 Israel
1663 502 1710 521 me
1734 493 1914 531 deiuniversa

1097 532 1185 559 domo
1203 529 1295 567 patris
1313 531 1378 566 mei,
1392 533 1547 567 utressem
1576 538 1625 567 rex
1641 537 1743 567 super
1763 529 1861 567 >Israel
1886 530 1913 557 in

1100 565 1322 603 sempiternum;
1340 567 1375 594 de
1389 566 1465 603 Jiudra
1479 566 1557 603 enim
1575 565 1661 601 elegit
1676 565 1834 603 principes:

1135 600 1224 630 Porro
1241 603 1276 630 de
1291 603 1378 630 domo
1393 602 1480 636 Juda,
1497 600 1723 637 domum’patris
1740 600 1796 629 mei
1814 609 1822 628 :
1838 603 1865 628 et
1882 600 1913 628 de

1100 639 1168 667 ﬁliis
1184 638 1276 674 patris
1291 638 1358 673 mei,
1373 637 1482 674 placuit
1497 638 1522 665 ei
1552 641 1582 665 ut
1606 636 1653 664 me
1680 636 1799 672 eligeret
1825 644 1917 672 regem

1101 684 1133 704 su
1139 673 1193 709 per
1205 676 1344 701 cunctum
1363 673 1462 701 lsrael.

1132 707 1187 738 Sed
1203 712 1231 737 et
1247 710 1282 737 de
1297 709 1367 737 ﬁliis
1384 710 1458 737 meis
1474 708 1563 744 (ﬁlios
1574 708 1738 744 enimrmihi
1751 707 1863 735 multos
1873 707 1918 734 de-

1101 744 1144 773 dit
1159 745 1315 781 Dominus)
1331 744 1418 780 elegit
1432 743 1619 781 Saliornonem
1635 743 1748 781 ﬁlium_
1760 751 1870 781 meum,
1891 745 1919 770 ut

1105 782 1223 809 sederet
1236 781 1265 808 in
1284 778 1389 808 throno
1404 780 1486 815 regni
1501 780 1620 808 Domini
1636 787 1727 815 super
1739 778 1838 815 Israel,

1138 816 1274 852 Dixitque
1290 816 1376 843 mihi:
1397 814 1535 844 Salomon
1564 816 1643 852 ﬁlius
1670 814 1742 843 tuus
1768 814 1921 852 aediﬁcabit

1104 849 1350 887 domum-meam,
1366 855 1395 880 et
1419 851 1493 879 atria
1509 860 1583 879 mea:
1615 851 1713 887 ipsum
1742 851 1822 878 enim
1850 849 1920 885 elegi

1104 888 1175 916 mihi
1190 888 1219 915 in
1237 888 1341 921 ﬁlium,
1358 890 1387 915 et
1402 896 1454 923 ego
1469 895 1519 915 ero
1533 887 1558 915 ei
1574 888 1602 914 in
1619 889 1742 923 patrem.

1141 925 1175 951 Et
1189 924 1313 951 ﬁrmabo
1330 920 1453 959 regnum
1469 923 1533 958 ejus
1550 920 1645 958 usque
1659 922 1692 950 in
1718 924 1875 959 aeternum,
1900 920 1924 948 si

1106 960 1301 1022 plegsegveravit
1315 957 1410 987 facére
1426 957 1571 995 praecepta
1585 957 1661 994 mea,
1674 961 1704 985 et
1715 957 1841 993 judicia,
1853 957 1925 984 sicut

1106 1003 1120 1022 e
1167 1004 1182 1022 ο
1207 1003 1240 1022 ie.

1105 995 1132 1023 et
1145 995 1240 1022 hodie.

1143 1031 1226 1058 Nunc
1241 1038 1309 1066 ergo
1324 1039 1422 1058 coram
1439 1030 1575 1058 universo
1590 1031 1665 1057 coetu
1677 1028 1779 1066 Israel,
1791 1028 1924 1056 audiente

1107 1067 1231 1094 Domino
1248 1064 1303 1094 Déo
1320 1069 1430 1099 nostro,
1445 1066 1592 1093 custodite
1607 1068 1635 1093 et
1650 1064 1810 1101 perquirite
1825 1066 1927 1091 cuncta

1108 1103 1248 1130 mandata
1263 1102 1378 1130 Domini
1397 1102 1444 1129 llei
1461 1102 1565 1129 nostri:
1583 1104 1616 1129 ut
1630 1099 1807 1136 possidentis
1818 1102 1925 1127 terram

1108 1139 1227 1171 bonam,
1244 1140 1272 1165 et
1288 1137 1462 1173 relinquatis
1477 1145 1541 1165 eam
1555 1137 1624 1164 ﬁliis
1649 1136 1754 1164 vestris
1783 1140 1850 1171 post
1878 1143 1925 1163 vos

1109 1182 1204 1208 usque
1219 1174 1248 1201 in
1264 1173 1486 1208 sempiternum.

1144 1206 1185 1237 Tu
1203 1212 1311 1242 autem,
1327 1206 1463 1236 Salomon
1479 1208 1521 1236 ﬁli
1538 1207 1589 1243 mi,
1614 1209 1686 1236 scito
1718 1210 1807 1235 Deum
1834 1206 1926 1243 patris

1109 1245 1164 1286 tui,
1181 1248 1209 1273 et
1225 1241 1331 1273 servito
1346 1245 1371 1273 ei
1388 1245 1474 1273 corde
1490 1241 1616 1281 perfecto
1632 1246 1660 1271 et
1681 1243 1781 1271 animo
1795 1241 1930 1270 volunta-

1110 1289 1163 1309 l‘lO.

1146 1316 1249 1344 Omnia
1266 1316 1343 1344 enim
1353 1316 1439 1344 corda
1452 1317 1601 1343 scrutatur
1610 1315 1764 1347 Dominus,
1777 1315 1806 1341 et
1818 1313 1931 1341 univer-

1111 1360 1158 1380 sas
1175 1352 1317 1379 mentium
1334 1352 1525 1388 cogitationes
1540 1351 1688 1388 intelligit.

1146 1388 1175 1415 Si
1205 1387 1355 1423 quaesieris
1368 1385 1446 1421 sum,
1476 1385 1671 1415 inveniesfsi
1698 1388 1798 1414 autem
1825 1385 1930 1413 ἀει-θη·

1111 1423 1211 1459 queris
1223 1431 1301 1458 eum,
1319 1424 1450 1459 projiciel
1463 1425 1491 1451 te
1507 1423 1536 1450 in
1553 1425 1705 1459 aeternum.

1147 1459 1230 1486 Nunc
1246 1467 1312 1494 ergo
1320 1458 1398 1495 ’quia
1413 1459 1504 1495 elegit
1514 1462 1543 1486 te
1557 1458 1700 1486 Dominus
1715 1460 1749 1485 ut
1771 1459 1932 1488 aediﬁcares

1113 1495 1230 1535 domum
1248 1494 1349 1535 sancta
1355 1495 1428 1535 a_rii,‘
1436 1494 1776 1535 (_:o’_ni'_ortare_etperﬁce1
1851 1530 1857 1535 _
1885 1528 1903 1535 ‘-

1149 1530 1231 1558 Dedit
1247 1533 1344 1558 autem
1362 1530 1449 1558 David
1462 1530 1610 1558 Salomoni
1623 1529 1682 1558 ﬁlio
1694 1538 1749 1557 suo
1759 1529 1933 1565 descriptio~

1112 1574 1177 1594 nem
1194 1567 1335 1602 porticus,
1350 1569 1379 1594 et
1397 1566 1508 1601 templi,
1524 1568 1553 1594 et
1572 1566 1758 1594 cellariorum
1784 1569 1811 1594 et
1837 1573 1937 1593 uena.

1108 1601 1179 1666 puli,
1196 1601 1225 1629 et
1241 1602 1442 1630 cubiculorum
1459 1602 1489 1630 in
1505 1602 1612 1638 adytis,
1628 1603 1657 1629 et
1671 1602 1776 1630 domus
1790 1602 1936 1638 propitia-

1122 1646 1207 1666 Ionis.

1122 1646 1207 1666 101118.

1144 1673 1262 1701 Necnon
1277 1675 1305 1700 et
1320 1673 1450 1701 omnium
1469 1681 1533 1709 quas
1548 1672 1719 1709 cogitaverit
1733 1673 1893 1703 atriorum,
1908 1674 1937 1700 et

1109 1710 1281 1737 exedrarum
1299 1717 1350 1744 per
1365 1708 1521 1736 circuitum
1538 1708 1569 1736 in
1585 1708 1741 1737 thesauros
1758 1710 1870 1737 domus
1881 1709 1936 1736 Do-

1111 1745 1195 1777 mini,
1211 1747 1240 1773 et
1255 1744 1284 1772 in
1296 1745 1449 1773 thesauros
1465 1748 1645 1772 sanctorum.

1146 1780 1387 1816 Divisionumque
1415 1780 1650 1814 sacerdotalium,
1667 1781 1694 1808 et
1723 1780 1938 1814 Leviticarum,

1111 1817 1140 1844 in
1154 1817 1252 1844 omnia
1263 1817 1474 1851 opera'domus
1489 1816 1617 1851 Domini,
1632 1818 1660 1844 et
1675 1816 1705 1843 in
1717 1816 1858 1844 universa
1867 1823 1938 1843 vasa

1112 1851 1266 1880 ministerii
1282 1852 1383 1887 templi
1399 1852 1527 1880 Domini.

1148 1891 1259 1915 Aurum
1276 1888 1304 1914 in
1321 1886 1448 1923 pondere
1462 1896 1512 1923 per
1527 1886 1645 1923 singula
1668 1895 1737 1915 vasa
1765 1886 1938 1915 ministerii.

1110 1925 1232 1987 grgen'tti
1248 1932 1365 1986 quoque
1380 1924 1495 1960 pondus
1516 1931 1569 1959 pro
1597 1931 1735 1951 vasorum
1753 1925 1782 1951 et
1811 1930 1939 1959 operum

1133 1968 1217 1987 iversi
1234 1968 1249 1986 a
1265 1968 1288 1986 e.

1133 1960 1288 1987 iversitate.

1147 1995 1201 2023 Sed
1218 1997 1246 2022 et
1261 1995 1296 2022 ad
1313 1994 1487 2022 candelabra
1515 2002 1614 2027 aurea,
1630 1996 1659 2022 et
1667 1994 1703 2021 ad
1723 1993 1881 2021 lucernam
1894 2001 1945 2020 eo-

1111 2039 1175 2058 rum
1188 2039 1292 2059 aurum
1303 2039 1354 2066 pro
1366 2038 1505 2059 mensura
1514 2030 1748 2066 uniuscujusque
1764 2029 1941 2057 candelabri

1110 2069 1138 2094 et
1153 2066 1349 2094 lucernarum.

1147 2102 1288 2130 Similiter
1302 2102 1372 2130 etin
1401 2101 1585 2130 candelzibris
1600 2100 1758 2136 argenteis.
1774 2103 1802 2127 et
1833 2100 1863 2127 in
1896 2100 1944 2127 lu-

1111 2138 1206 2165 cernis
1220 2146 1333 2171 eorum,
1354 2146 1405 2173 pro
1435 2137 1602 2165 diversitate
1631 2144 1787 2171 mensurae,
1820 2136 1942 2172 pondus

1111 2174 1224 2210 argenti
1242 2174 1340 2201 tradit.

1145 2207 1258 2237 Aurum
1269 2217 1385 2245 quoque
1396 2209 1477 2237 dedit
1487 2208 1518 2236 in
1530 2215 1648 2245 mensas
1658 2207 1877 2244 propositionis
1891 2215 1944 2245 pro

1109 2243 1286 2273 diversitate‘
1304 2243 1473 2273 mensarum
1491 2252 1498 2272 ι
1515 2243 1706 2272 similiter’et
1733 2246 1896 2279 argentum
1914 2243 1944 2270 in

1110 2280 1183 2309 alias
1198 2288 1316 2317 mensas
1329 2283 1495 2317 argenteas.

1147 2317 1191 2345 Ad
1208 2314 1511 2352 fuscinulas'quoque,
1523 2317 1551 2352 et
1562 2314 1685 2351 phialas,
1698 2315 1728 2352 et
1738 2314 1901 2352 thuribula
1910 2322 1945 2341 ex

1112 2360 1184 2380 auro
1200 2350 1403 2388 purissimo,et
1417 2350 1569 2388 leunculos
1584 2358 1688 2388 aureos
1704 2350 1784 2388 {,pro
1795 2351 1946 2388 qualitate

1111 2385 1257 2451 {Densum
1274 2389 1389 2424 pondus
1401 2387 1550 2415 distribuit
1559 2386 1588 2414 in
1600 2385 1772 2414 leunculum
1780 2389 1808 2413 et
1820 2386 1948 2414 leuucu-

1125 2432 1185 2451 um.

1125 2432 1185 2451 um.

1149 2459 1290 2487 Similiter
1302 2461 1331 2487 et
1343 2459 1372 2486 in
1384 2458 1483 2487 leones
1495 2459 1650 2494 argenteos
1660 2456 1813 2485 diversum
1827 2457 1948 2494 argenti

1112 2496 1227 2531 pondus
1240 2495 1396 2531 separavit.

1147 2531 1235 2558 Altari
1251 2528 1361 2565 autem,
1377 2530 1406 2557 in
1423 2537 1481 2565 quo
1497 2529 1631 2557 adolatur
1645 2528 1819 2565 incensum,
1837 2536 1947 2556 aurum

1132 2563 1410 2605 uArissimumde'dit:
1428 2563 1502 2605 utea
1513 2565 1578 2605 ipso
1589 2565 1671 2605 ﬁeret
1682 2563 1856 2605 similitudo
1871 2572 1946 2605 qur

1132 2602 1200 2638 rigas
1217 2601 1382 2638 cherubim,
1397 2599 1619 2638 extendentium
1635 2599 1709 2634 alas,
1722 2602 1753 2627 et
1776 2599 1947 2628 vetantium

1110 2636 1208 2666 arcam
1226 2637 1344 2666 fmderis
1360 2636 1490 2665 Domini.

1144 2710 1155 2726 ²
1172 2709 1288 2744 Legitur
1301 2716 1369 2736 vero
1384 2707 1413 2736 in
1431 2707 1572 2744 Hebraico
1588 2706 1748 2744 exemplari
1765 2711 1853 2744 1139:,
1866 2705 1948 2742 quod

1110 2743 1219 2772 nomen
1232 2744 1396 2772 Chaldaica:
1414 2744 1511 2779 potius
1529 2743 1662 2778 originis.
1691 2751 1782 2778 quam
1801 2743 1947 2779 Hebrtq.

1109 2781 1157 2821 ubi
1172 2781 1249 2821 apud
1266 2780 1385 2821 Esdram
1403 2776 1448 2821 bis
1463 2776 1590 2807 occurrit
1605 2779 1662 2821 c‘.”2
1677 2776 1708 2805 et
1720 2776 1946 2821 S_abipso:1_ll-

1107 2819 1173 2850 gato
1190 2814 1348 2850 interprete
1364 2815 1393 2842 in
1411 2815 1549 2844 Crulerrm
1564 2814 1696 2842 vertitur.
1718 2816 1756 2841 At
1771 2814 1856 2841 enim
1874 2814 1947 2840 Hie-

1108 2849 1248 2888 ronymus
1264 2849 1424 2888 levirnnius
1441 2850 1577 2888 litterulm
1592 2855 1602 2873 η
1618 2850 1647 2888 in
1661 2854 1755 2888 tcum
1783 2849 1941 2888 solam--

1106 2885 1260 2923 gnitudine
1276 2887 1425 2920 diﬁ‘erunt,
1442 2886 1616 2920 mutatione,
1632 2885 1702 2922 legit
1716 2891 1794 2920 νε),
1812 2888 1842 2913 et
1858 2886 1941 2911 Inv-'-

1105 2924 1180 2952 culos
1194 2923 1412 2959 interpretatur.

1875 3025 1883 3039 ρ
