4090 6192
324 186 464 246 1433

1754 187 2002 244 VERBA
2038 190 2343 248 DIBRUH.

3590 190 3730 253 1434

324 314 503 401 siclos
522 314 968 391 quinquagenos
993 311 1971 388 appenderent:cmnaculaquoque
2000 313 2055 383 Α
2086 314 2149 401 in
2210 316 2444 401 regione
2474 317 2774 401 "Jordanis
2802 315 2984 401 Afudi‘t
3024 334 3113 401 .ea
3169 334 3269 377 rex
3326 318 3388 377 in
3456 319 3731 394 argillosa

325 388 465 444 texit
497 388 659 444 auro.

401 461 553 516 Fecit
581 461 759 517 etiam
795 460 854 515 in
886 460 1058 516 domo
1083 458 1277 513 Sancti
1306 461 1641 512 sanctorum
1669 456 1971 513 cherubim

324 533 494 602 duos,
528 548 702 604 opere
734 532 1019 588 statuario
1047 548 1059 586 :
1088 535 1145 585 et
1181 530 1321 585 texit
1349 546 1447 584 eos
1479 545 1639 585 auro.

391 620 510 676 Alae
544 620 847 677 cherubim
878 619 1081 690 viginti
1118 618 1330 673 cubitis
1363 618 1821 672 extendebantur
1846 634 1859 673 :
1889 618 1972 673 ila

319 696 386 747 ut
419 710 535 747 una
565 693 659 747 ala
717 694 960 747 haberet
1008 690 1234 746 cubitos
1289 690 1569 760 quinque,
1604 695 1661 743 et
1708 695 1973 759 tangeret

361 764 601 819 arietem
654 766 903 819 domus:
938 768 995 818 et
1047 762 1229 817 altera
1278 761 1540 832 quinque
1589 760 1814 815 eubitos
1865 762 1967 817 ha-

361 780 601 819 arierem
654 780 903 819 domus:
938 780 995 818 et
1047 780 1229 817 altera
1278 780 1520 832 quulqm

318 780 486 899 gens,
518 835 668 891 alam
704 839 975 907 tangeret
1004 834 1245 889 alterius
1279 833 1520 887 cherub.

390 923 669 979 Similiter
698 923 922 979 cherub
976 922 1217 978 alterius
1265 920 1354 975 ala
1405 920 1664 992 quinque
1716 920 1969 976 habebat

316 996 571 1062 cubitos,
605 1000 663 1050 et
706 996 982 1067 tangebat
1008 995 1308 1067 parietem
1338 1010 1351 1048 :
1384 999 1442 1046 et
1471 992 1563 1067 ala
1602 992 1737 1067 ejus
1786 992 1970 1067 altera

318 1067 584 1138 quinque
614 1064 943 1124 cubitotum
972 1064 1122 1123 alam
1179 1065 1396 1121 cherub
1449 1064 1691 1118 alterius
1737 1065 1965 1119 contin-

360 1140 515 1193 ebaL

360 1154 515 1193 eoae

320 1154 709 1288 gilgiturslis
782 1209 1093 1288 utriusque
1124 1206 1723 1288 cherubimexpansze
1778 1212 1964 1288 erant,

317 1284 375 1335 et
406 1278 870 1337 extendebantur
926 1278 1025 1351 per
1054 1280 1282 1335 cubitos
1338 1278 1563 1350 viginti,
1598 1278 1709 1349 ipsi
1769 1283 1963 1334 autem

317 1354 558 1424 stabant
587 1352 793 1409 erectis
829 1353 1072 1424 pedibus
1095 1356 1150 1408 et
1172 1351 1347 1407 facies
1369 1366 1568 1405 eorum
1594 1365 1770 1403 versae
1801 1356 1967 1406 erant

316 1423 389 1478 ad
421 1424 762 1480 exteriorem
796 1423 1056 1481 domum.

393 1495 548 1550 Fecit
600 1512 833 1567 quoque
890 1496 1083 1551 velum
1152 1510 1221 1567 ex
1286 1491 1621 1567 hyacintho,
1682 1508 1963 1565 purpura,

316 1582 511 1634 cocco,
544 1571 602 1639 et
617 1565 805 1639 'bysso
830 1584 847 1639 :7
869 1571 925 1623 et
956 1565 1230 1639 intextuit
1258 1565 1309 1639 ei
1345 1565 1666 1639 cherubim.

386 1640 533 1693 Ante
566 1636 717 1694 fores
778 1638 954 1694 etiam
1015 1636 1218 1708 templi
1259 1638 1417 1708 durs
1475 1636 1800 1708 columnas,
1830 1652 1960 1707 quae

312 1680 954 1781 ιτῖἐῖὶῖῖείὲἰνᾷυῑῖἀῖἱέ
1255 1680 1959 1781 habebant-ldis:
1996 1691 2041 1756 Β

436 1797 564 1836 orre
595 1779 787 1853 cap—ita
820 1779 1023 1837 earum
1059 1780 1317 1853 quinque
1348 1779 1702 1853 cubitorum.

388 1851 624 1908 Necnon
654 1850 707 1909 et
737 1854 905 1923 quasi
937 1850 1238 1908 catenulas
1269 1851 1326 1905 in
1361 1850 1618 1919 oraculo,
1659 1856 1716 1923 et
1764 1867 1967 1921 super-

316 1923 517 1997 posuit
584 1940 682 1980 eas
730 1922 1019 1997 capitibus
1066 1922 1514 1997 columnarum:
1568 1922 1970 1997 malogranata

319 1994 499 2068 etiam
530 1993 941 2068 centum,'quze
975 1994 1261 2052 catenulis
1292 1993 1663 2068 interposuit.

386 2065 553 2137 Ipsas
569 2064 799 2139 quoque
819 2064 1124 2123 columnas
1148 2066 1343 2139 posuit
1360 2066 1418 2139 in
1441 2064 1725 2122 vestibulo
1740 2064 1963 2137 templi,

312 2152 495 2210 unam
523 2155 555 2192 a
589 2137 829 2210 dextris,
861 2144 918 2195 et
952 2137 1194 2194 alteram
1227 2155 1259 2192 a
1292 2137 1550 2210 sinistris
1575 2153 1588 2192 :
1613 2154 1741 2193 eam
1774 2157 1900 2210 quae
1934 2154 1967 2193 a

310 2207 530 2265 dextris
561 2216 704 2277 erat,
730 2207 1163 2279 vocavitJahin,
1189 2213 1245 2265 et
1275 2226 1401 2280 quae
1431 2210 1500 2264 ad
1535 2208 1760 2278 laevam,
1790 2207 1963 2266 Booz.

383 2280 537 2352 [ϐαρ.
572 2281 690 2354 I_V.]
727 2282 882 2338 Fecit
912 2280 1353 2354 quoquealtare
1383 2296 1608 2354 meeum
1630 2282 1837 2353 viginti
1860 2299 1963 2337 cu-

310 2350 572 2426 bitorum
602 2350 1008 2426 longitudinis,
1031 2350 1089 2410 et
1117 2352 1319 2426 viginti
1338 2353 1673 2426 cubitorum
1696 2350 1965 2410 latitudi-

312 2422 427 2491 nis,
460 2428 517 2479 et
544 2422 743 2481 decem
775 2422 1113 2481 cubitorum
1144 2422 1497 2485 altitudinis.

385 2495 745 2568 Mareietiam
779 2496 947 2552 fusile
996 2500 1194 2553 decem
1227 2495 1439 2568 cubitis
1472 2513 1524 2568 Aa
1573 2493 1727 2551 labio
1775 2513 1965 2568 usque

315 2566 403 2639 ad
440 2566 695 2639 flabium,
749 2570 1109 2639 rotundum,
1145 2584 1248 2639 per
1305 2566 1653 2639 circuitum:
1707 2566 1963 2638 quinque

312 2637 547 2712 cubitos
578 2639 830 2695 habebat
881 2637 1235 2704 altitudinis,
1269 2643 1325 2712 et
1375 2638 1673 2694 funiculus
1720 2637 1964 2712 triginta

312 2709 645 2783 cubitorum
678 2711 975 2767 ambiebat
1003 2726 1209 2783 gyrum
1243 2711 1390 2781 ejus.

380 2781 719 2838 Similitudo
766 2781 1226 2854 quoque—boum
1281 2785 1405 2837 erat
1451 2781 1655 2837 subter
1695 2782 1862 2851 illud,
1900 2788 1956 2839 et

308 2851 513 2926 decem
542 2854 758 2910 cubitis
783 2851 1049 2926 quedam
1082 2854 1444 2926 extrinsecus
1468 2855 1772 2926 caelatura},
1792 2856 1959 2925 quasi

311 2922 546 2979 duobus
577 2922 844 2981 versibus
878 2925 1071 2981 alvum
1105 2925 1283 2981 maris
1337 2922 1960 2984 circumibant'B‘oves

304 2999 505 3051 autem
537 3002 704 3053 erant
735 2995 937 3053 fusiles
962 3014 976 3053 :

380 3066 449 3121 Et
469 3068 663 3140 ipsum
693 3086 852 3125 mare
875 3085 1055 3141 super
1079 3066 1386 3141 duodecim
1412 3068 1585 3124 boves
1614 3068 1954 3140 impositum
1990 3060 2032 3126 C

304 3142 457 3224 aiat,
486 3139 736 3224 quorum
784 3146 900 3224 tres
940 3139 1343 3224 ‘reSpiciebant
1398 3141 1467 3194 ad
1516 3139 1873 3224 aquiIOnein,
1907 3148 1963 3201 et

304 3207 407 3287 aiii
444 3207 559 3268 tres
590 3213 660 3287 ad
695 3207 1094 3287 occidentem}
1128 3227 1297 3287 porro
1328 3215 1445 3266 tres
1484 3207 1586 3265 alii
1629 3207 1957 3287 meridiem,

302 3283 363 3336 et
389 3286 506 3337 tres
536 3283 635 3354 qui
668 3283 877 3355 reliqui
914 3289 1099 3351 erant,
1131 3283 1441 3355 orientem,
1475 3299 1635 3337 mare
1680 3283 1958 3342 habentes

305 3353 745 3427 superpositum
777 3353 1149 3427 {posteriora
1181 3357 1374 3411 autem
1424 3353 1600 3410 boum
1651 3364 1819 3413 erant
1869 3358 1958 3414 in-

304 3424 598 3481 trinsecus
630 3428 740 3482 sub
774 3424 940 3482 mari.

375 3499 567 3571 Po_rr_o_
584 3499 825 3571 vastitas
859 3498 986 3569 ejus
1008 3498 1261 3571 habebat
1292 3513 1627 3571 mensuram
1656 3498 1869 3571 palmi,
1904 3506 1960 3558 et

299 3572 426 3643 erat
454 3568 675 3643 labium
710 3568 871 3625 illius
892 3568 1067 3643 quasi
1087 3569 1307 3643 labium
1332 3569 1552 3643 calicis,
1584 3568 1685 3625 vel
1716 3568 1956 3642 repandi

300 3636 411 3714 1ili_i
438 3655 451 3693 :
486 3639 871 3714 capiebatque
902 3636 1188 3714 mensurae
1222 3642 1334 3697 tria
1364 3636 1553 3696 millia
1585 3636 1882 3699 metretas.

375 3711 793 3786 Ij‘ecitquoque'
826 3713 1081 3768 conchas
1113 3714 1313 3786 decem
1341 3731 1352 3768 :
1380 3718 1435 3768 et
1467 3714 1662 3786 posuit
1694 3715 1955 3786 quinque

304 3798 340 3836 a
368 3782 613 3857 dextris,
650 3782 713 3839 et
734 3786 995 3857 quinque
1026 3802 1060 3840 a
1090 3784 1369 3857 sinistris,
1395 3782 1752 3857 utg'lavarent
1782 3785 1839 3841 in
1859 3782 1955 3844 eis

300 3856 501 3909 omnia
529 3871 654 3926 quae
688 3855 1184 3912 in‘holo’caustum
1219 3855 1471 3911 oblaturi
1499 3861 1700 3912 erant:

370 3930 548 3981 Porro
578 3926 635 3982 in
670 3927 816 3982 mari
848 3930 1181 3984 sacerdotes
1212 3927 1579 3983 lavabantur.

366 3998 523 4052 Fecit
552 4002 745 4055 autem
779 4004 836 4054 et
866 4000 1217 4056 candelabra
1248 4017 1423 4055 aurea
1472 4000 1695 4067 decem,
1740 4016 1947 4056 secun-

302 4068 444 4123 dum
467 4070 731 4142 speciem
765 4072 1075 4142 quajussa
1106 4076 1263 4127 erant
1288 4072 1409 4126 fieri
1438 4086 1449 4123 :
1477 4074 1533 4126 et
1567 4071 1763 4142 posuit
1794 4090 1858 4127 ea
1889 4072 1948 4128 in

296 4140 539 4211 templo,
572 4140 833 4214 quinque
868 4140 1172 4211 a'dextris,
1204 4149 1260 4198 et
1291 4140 1615 4215 quinque'a
1646 4144 1945 4201 sinistris:

370 4228 605 4303 Necnon
634 4235 693 4286 et
726 4248 959 4287 mensas
983 4232 1180 4288 decem
1206 4250 1218 4288 :
1250 4232 1558 4303 posuitque
1580 4249 1678 4287 eas
1709 4233 1766 4287 in
1796 4238 1948 4289 tem-

304 4300 430 4375 plo,
459 4301 720 4375 quinque
752 4320 786 4358 a
813 4304 1053 4372 dextris,
1085 4308 1143 4360 et
1171 4300 1431 4375 quinque
1462 4300 1497 4359 a
1525 4304 1821 4362 sinistris:

373 4371 603 4447 Bhialas
625 4371 864 4447 quoque
895 4392 1100 4433 aureas
1130 4371 1385 4431 centum.

368 4444 528 4499 Fecit
584 4430 785 4501 etiam.
817 4430 1482 4515 atriumwsacerdotum,
1516 4450 1574 4502 et
1643 4446 1944 4504 basilicam
1980 4430 2024 4494 D

294 4515 576 4587 grandem
606 4534 619 4571 :
654 4522 710 4572 et
740 4517 891 4573 ostia
922 4519 981 4574 in
1014 4519 1279 4588 basilica,
1311 4536 1437 4589 quae
1473 4518 1612 4573 texit
1641 4535 1772 4575 ere.

365 4590 544 4643 Porro
575 4591 961 4660 mareposuit
990 4590 1050 4646 in
1084 4590 1265 4647 latere
1295 4590 1495 4646 dextro
1527 4595 1729 4646 contra
1760 4590 1941 4646 orien-

292 4662 414 4714 tem
445 4660 518 4715 ad
550 4658 873 4715 meridiem.

368 4730 523 4785 Fecit
552 4736 746 4805 autem
779 4732 980 4805 Hiram
1011 4731 1248 4801 lebetes,
1270 4736 1329 4788 et
1359 4748 1648 4805 creagras,
1682 4736 1745 4805 et
1772 4732 1939 4804 phia-

298 4799 388 4857 las
413 4818 427 4856 :
451 4806 508 4857 et
537 4802 851 4871 complevit
877 4820 1053 4860 omne
1074 4799 1402 4878 opus'regis
1430 4799 1693 4860 in'domo
1726 4799 1825 4860 Dei
1851 4821 1863 4859 :

364 4890 484 4965 IIoc
510 4895 619 4959 est,
643 4890 949 4965 columnas
976 4893 1146 4965 duas,
1174 4898 1230 4949 et
1258 4893 1545 4965 epistylia,
1568 4898 1625 4949 et
1646 4893 1857 4965 capita,
1882 4899 1936 4951 et

292 4963 463 5087 quafi
481 4964 761 5088 lquaedam
782 4964 1083 5033 retiacula,
1103 4981 1230 5037 quae
1258 4963 1450 5037 capita
1470 4963 1732 5038 tegerent
1759 4983 1937 5039 super

292 5049 412 5088 BDIS
443 5052 477 5088 v
504 5050 578 5088 ia.

288 5049 578 5105 epistylia.

361 5106 779 5179 Malogranata
807 5122 1041 5178 quoque
1094 5108 1504 5179 quadraginta,
1550 5112 1607 5163 et
1654 5109 1933 5165 retiacula

286 5176 425 5237 duo.
460 5176 541 5249 ita
570 5181 635 5231 ut
664 5178 787 5232 bini
818 5176 1054 5235 ordines
1088 5176 1626 5249 malogranatorum
1680 5180 1929 5249 singulis

287 5248 591 5323 retiaculis
610 5250 1023 5320 jungerentur,
1046 5268 1169 5322 qua:
1186 5248 1553 5323 protegerent
1578 5248 1843 5323 epistylia
1875 5257 1928 5309 et

284 5320 477 5376 caoita
508 5319 938 5376 columnarum.

280 5462 318 5517 b
357 5392 528 5518 Bizses
558 5392 734 5448 etiam
769 5393 920 5463 fecit,
955 5397 1011 5448 et
1048 5394 1317 5461 conchas,
1352 5409 1500 5465 quas
1549 5396 1926 5467 superposuit

326 5479 405 5518 as:
455 5481 543 5518 us.

326 5479 543 5519 8810113.

357 5536 754 5608 Mareiunum,
789 5537 962 5591 boves
994 5553 1223 5608 quoque
1254 5537 1559 5592 duodecim
1610 5540 1720 5593 sub
1756 5539 1920 5593 mari.

356 5606 423 5679 Et
474 5606 719 5679 lebetas,
752 5612 809 5662 et
837 5606 1217 5677 creagras,tet
1246 5608 1495 5679 phialas.
1527 5610 1735 5665 Omnia
1786 5628 1925 5666 vasa

280 5677 417 5734 fecit
445 5677 741 5752 Salomoni
764 5679 959 5734 Hiram
988 5685 1149 5752 pater
1166 5677 1292 5750 eius
1323 5681 1380 5735 in
1416 5682 1585 5737 domo
1605 5681 1836 5738 Domini
1856 5699 1924 5738 ex

277 5764 386 5808 me
417 5750 830 5807 mundissimo.

2084 392 2261 454 terra,
2292 390 2442 446 inter
2473 391 2685 447 Sochot
2713 396 2771 447 et
2800 390 3138 450 Sarezlatha.

2155 462 2291 536 Erat
2324 467 2521 517 autem
2557 463 2875 519 multitudo
2924 480 3197 519 vasorum
3254 464 3729 536 innumerabilis,

2081 532 2158 587 ita
2190 538 2255 587 ut
2276 533 2645 605 ignoraretur
2677 536 2907 605 pondus
2938 536 3086 591 aeris.

2155 606 2423 676 Fecitque
2454 606 2727 661 Salomon
2768 607 2925 662 omni
2958 624 3093 662 vasa
3142 609 3353 663 domus
3384 608 3507 677 Dei,
3541 612 3597 664 et
3645 606 3731 663 al-

2078 680 2200 752 tare
2224 694 2488 752 aureum,
2522 683 2578 734 et
2600 695 2858 746 mensas,
2891 684 2947 734 et
2970 696 3144 751 super
3169 696 3267 736 eas
3298 696 3484 750 panes
3503 697 3717 752 propo-

2080 748 2355 805 sitionis:

2150 820 2513 876 Caudelabra
2536 837 2767 893 quoque
2792 839 2924 877 cum
2943 821 3199 877 lucernis
3216 822 3360 889 suis,
3383 827 3446 877 ut
3466 821 3730 877 lacerent

2080 899 2211 965 ante
2240 892 2541 965 oraculum
2569 892 2742 963 juxta
2780 895 2980 959 ritum,
3013 911 3079 949 ex
3111 910 3253 949 auro
3280 894 3636 965 purissimo:

2153 964 2219 1018 Et
2251 964 2838 1037 florentiarquasdam,
2861 970 2917 1021 et
2950 964 3241 1034 lucernas,
3266 964 3321 1020 et
3343 966 3590 1037 forcipes
3621 982 3726 1021 au-

2076 1051 2206 1090 reos
2236 1053 2248 1089 :
2282 1035 2481 1091 omnia
2510 1036 2580 1090 de
2612 1053 2753 1092 auro
2787 1037 3179 1093 mundissimo
3213 1040 3366 1092 facta
3397 1035 3554 1092 sunt-

2146 1106 2644 1181 Thymiamateria
2676 1124 2932 1180 quoque,
2952 1115 3010 1181 et
3042 1108 3364 1180 thuribula,
3388 1113 3445 1164 et
3475 1108 3723 1181 phialas,

2077 1182 2135 1233 et
2168 1178 2525 1247 mortariola,
2559 1195 2624 1234 ex
2659 1178 3174 1249 auro'purissimo.

2148 1250 2217 1305 Et
2246 1252 2396 1306 ostia
2423 1249 2646 1305 caelavit
2676 1251 2877 1323 templi
2911 1252 3230 1317 interioris,
3264 1250 3320 1306 id
3353 1255 3464 1321 est,
3489 1250 3547 1305 in
3579 1255 3723 1306 San-

2076 1327 2168 1395 cte
2196 1327 2532 1395 sanctorum
2558 1339 2571 1395 ξ
2602 1326 2660 1377 et
2688 1324 2838 1379 ostia
2869 1323 3073 1395 templi
3100 1324 3425 1379 forinsecus
3455 1340 3653 1378 aurea.

2148 1394 2355 1467 Sicque
2385 1393 2739 1467 completum
2774 1398 2863 1450 est
2893 1393 3063 1451 omne
3085 1412 3253 1467 opus,
3280 1396 3433 1466 quod
3470 1395 3606 1451 fecit
3630 1399 3722 1449 Sa-

2074 1463 2277 1521 lomon
2304 1466 2363 1520 in
2397 1463 2568 1523 domo
2602 1466 2855 1522 Domini.

2147 1537 2302 1609 [Cap.
2336 1536 2429 1607 V.]
2463 1537 2663 1592 Intulit
2691 1538 2873 1609 igitur
2900 1537 3172 1593 Salomon
3218 1537 3416 1592 omnia
3458 1554 3584 1609 qua:
3615 1554 3722 1592 vos

2072 1614 2233 1681 verat
2286 1609 2460 1663 David
2511 1614 2674 1681 pater
2720 1626 2884 1676 suus,
2913 1614 3243 1680 argentum,
3292 1615 3349 1665 et
3396 1626 3631 1677 aurum,
3664 1614 3722 1665 et

2075 1680 2347 1737 universa
2375 1697 2511 1736 vasa
2542 1682 2601 1735 in
2635 1680 2929 1737 thesauris
2959 1684 3170 1736 domus
3199 1681 3321 1736 Dei.

2143 1752 2278 1807 Post
2322 1768 2449 1822 quae
2499 1754 2871 1824 congregavit
2920 1753 3173 1823 majores
3232 1757 3375 1807 natu
3429 1751 3628 1824 Israel,
3663 1756 3722 1808 et

2073 1828 2318 1895 cunctos
2371 1823 2662 1895 principes
2703 1824 2985 1893 tribuum,
3017 1829 3074 1880 et
3121 1824 3312 1895 capita
3357 1823 3719 1879 familiarum

2073 1894 2144 1950 de
2173 1895 2310 1949 filiis
2344 1894 2518 1950 Israel
2552 1896 2612 1952 in
2642 1896 2992 1963 Jerusalem,
3024 1900 3086 1950 ut
3119 1894 3476 1951 adducerent
3525 1912 3718 1951 arcam

2072 1966 2305 2039 foederis
2336 1967 2567 2021 Domini
2602 1969 2671 2022 de
2703 1967 2936 2022 civitate
2964 1967 3171 2032 David,
3203 1984 3331 2039 quae
3362 1971 3452 2022 est
3481 1966 3643 2039 Sion.

2139 2036 2440 2111 Venerunt
2462 2039 2644 2111 igitur
2668 2040 2743 2111 ad
2764 2054 2957 2111 regem
2982 2056 3188 2095 omnes
3210 2036 3316 2093 viri
3341 2038 3520 2095 Israel
3544 2038 3603 2093 in
3627 2038 3719 2094 die

2070 2108 2317 2181 solemni
2350 2108 2571 2166 mensis
2603 2108 2859 2181 septimi:

2142 2180 2406 2252 Cumque
2436 2180 2732 2237 venissent
2761 2182 2955 2237 cuncti
2988 2180 3285 2253 seniorum
3314 2180 3491 2236 Israel
3524 2186 3723 2253 porta-

2069 2258 2280 2308 verunt
2311 2253 2515 2307 Levita:
2548 2270 2766 2322 arcam,
2787 2259 2845 2309 et
2870 2252 3199 2309 intulerunt
3228 2269 3383 2324 eam,
3406 2258 3464 2308 et
3487 2252 3721 2310 omnem

2070 2330 2274 2396 paratu
2286 2341 2407 2380 ram
2430 2325 2818 2381 tabernaculi.

2140 2396 2316 2451 Porro
2346 2414 2485 2452 vasa
2505 2397 2845 2462 sanctuarii,
2865 2412 2993 2467 qua)
3026 2401 3193 2451 erant
3216 2397 3275 2451 in
3324 2395 3725 2466 tabernaculo,

2069 2473 2453 2538 portaverant
2483 2470 2816 2525 sacerdotes
2848 2484 2981 2524 cum
3022 2468 3259 2525 Levitis.

2140 2540 2253 2594 Rex
2288 2544 2484 2595 autem
2516 2541 2803 2605 Salomon,
2838 2545 2896 2595 et
2927 2539 3235 2595 universus
3287 2543 3470 2594 cmtus
3520 2539 3723 2607 Israel,

2067 2614 2121 2682 et
2146 2626 2353 2666 omnes
2373 2612 2476 2682 qui
2500 2612 2733 2666 fuerant
2753 2612 3087 2682 congregati
3108 2616 3242 2682 ante
3263 2627 3481 2678 arcam,
3510 2610 3723 2665 immo-

2068 2681 2270 2737 labant
2300 2681 2533 2749 arietes,
2559 2687 2615 2738 et
2645 2683 2819 2738 boves
2847 2681 3071 2752 absque
3103 2681 3220 2737 ullo
3255 2697 3534 2737 numero:
3560 2687 3725 2738 tanta

2067 2752 2222 2808 enim
2257 2756 2380 2808 erat
2412 2752 2724 2809 multitudo
2756 2754 3148 2809 victimarum.

2139 2829 2201 2879 Et
2232 2824 2561 2881 intulerunt
2593 2827 2922 2881 sacerdotes
2953 2841 3148 2879 arcam
3200 2824 3436 2880 foederis
3488 2824 3721 2879 Domini

2066 2895 2126 2950 in
2188 2895 2380 2951 locum
2440 2913 2638 2964 suum,
2686 2898 2740 2952 id
2776 2905 2860 2953 est
2916 2897 2986 2950 ad
3042 2895 3345 2951 oraculum
3379 2895 3606 2966 templi,
3659 2896 3719 2950 in

2065 2972 2278 3023 Sancta
2326 2974 2666 3023 sanctorum
2714 2969 2919 3024 subter
2968 2966 3091 3023 alas
3138 2967 3479 3023 cherubim:
3526 2966 3604 3021 ita
3658 2972 3722 3022 ut

2072 3038 2377 3095 cherubim
2410 3042 2804 3112 expenderent
2849 3038 2972 3094 alas
3022 3056 3160 3095 suas
3193 3056 3371 3111 super
3416 3038 3610 3093 locum
3659 3038 3719 3093 in

2071 3126 2187 3181 quo
2219 3114 2407 3182 posita
2436 3117 2561 3168 erat
2592 3129 2746 3183 arca,
2778 3116 2836 3168 et
2857 3112 3047 3183 ipsam
3079 3127 3275 3167 arcam
3300 3114 3561 3181 tegerent
3583 3126 3716 3166 cum

2067 3183 2333 3254 vectibus
2364 3185 2513 3254 eius.

2139 3253 2405 3309 Vectium
2452 3259 2675 3321 autem,
2722 3254 2938 3325 quibus
2992 3254 3336 3325 portabatur
3378 3269 3531 3317 arca,
3578 3254 3720 3324 quia

2070 3325 2376 3395 paululum
2429 3326 2725 3396 longiores
2773 3329 2961 3392 erant,
3007 3326 3200 3397 capita
3248 3325 3536 3397 parebant
3582 3330 3718 3380 ante

2068 3396 2372 3453 oraculum
2402 3415 2415 3453 :
2451 3400 2499 3454 si
2530 3414 2665 3454 vero
2696 3398 2832 3468 quis
2866 3396 3171 3468 paululum
3197 3396 3408 3453 fuisset
3427 3397 3715 3453 extrinse-

2066 3484 2193 3536 cus,
2225 3486 2325 3526 eos
2353 3470 2550 3526 videre
2581 3486 2693 3525 non
2729 3473 2974 3540 poterat.

2138 3541 2500 3614 Euititaque
2530 3541 2778 3614 arcaibi
2813 3557 2996 3614 usque
3026 3540 3086 3594 in
3136 3543 3482 3614 praesentem
3514 3540 3711 3614 diem:

2136 3612 2421 3684 Nihilque
2452 3619 2576 3669 erat
2630 3612 2791 3668 aliud
2836 3613 2893 3667 in
2943 3629 3099 3679 arca,
3137 3612 3252 3668 nisi
3298 3613 3424 3684 duas
3473 3612 3707 3677 tabulae,

2064 3699 2211 3756 quas
2243 3683 2519 3756 posuerat
2538 3686 2727 3739 Moses
2750 3684 2808 3738 in
2840 3685 3054 3747 Horeb,
3082 3684 3314 3754 quando
3337 3683 3522 3756 Legem
3554 3684 3715 3739 dedit

2066 3754 2513 3834 Doluinusﬁliis
2545 3756 2721 3810 Israel
2753 3755 3189 3834 egredientibus
3221 3770 3290 3808 ex
3317 3754 3581 3834 (Egypto.

2133 3826 2398 3897 Egressis
2421 3831 2613 3881 autem
2639 3825 3044 3897 sacerdotibus
3073 3826 3143 3879 de
3175 3825 3510 3897 sanctuario
3535 3841 3549 3879 :
3583 3840 3711 3897 om-

2061 3914 2164 3952 nes
2186 3895 2369 3952 'enim
2419 3898 2773 3964 sacerdotes,
2806 3897 2905 3968 qui
2940 3896 3018 3951 ibi
3069 3900 3378 3967 potuerant
3426 3895 3702 3962 inveniri,

2057 3968 2407 4025 sanctificati
2439 3974 2579 4024 sunt
2606 3984 2619 4022 :

2128 4040 2242 4096 Nec
2272 4042 2465 4097 adhuc
2498 4042 2554 4095 in
2588 4039 2687 4095 illo
2736 4044 2996 4111 tempore
3026 4038 3200 4105 vices,
3234 4042 3293 4093 et
3340 4037 3709 4093 ministerio~

2058 4127 2188 4169 rum
2220 4113 2360 4168 ordo
2393 4113 2545 4168 inter
2573 4127 2672 4167 eos
2703 4112 2925 4166 divisus
2957 4115 3103 4167 erat.

2128 4185 2273 4239 Tam
2305 4184 2510 4239 Levites
2544 4198 2721 4255 quam
2754 4189 3045 4249 cantores,
3078 4182 3136 4236 id
3192 4185 3300 4255 est,
3333 4185 3392 4255 et
3441 4181 3569 4255 qui
3594 4180 3705 4236 sub

2056 4254 2254 4326 Asaph
2287 4261 2473 4321 erant,
2502 4252 2678 4325 et'qui
2710 4255 2820 4309 sub
2852 4255 3057 4322 Eman,
3083 4254 3269 4326 etqui
3298 4253 3407 4308 sub
3443 4252 3705 4326 Idithun,

2053 4323 2261 4391 filii,'et
2292 4327 2498 4383 fratres
2528 4323 2755 4393 eorum,
2782 4326 2975 4381 vestiti
3008 4324 3284 4396 byssinis,
3319 4323 3625 4395 cymbalis,
3650 4328 3708 4379 et

2056 4397 2351 4469 psalteriis
2408 4403 2466 4454 et
2522 4398 2762 4454 citharis
2820 4396 3281 4469 concrepabant,
3336 4400 3567 4469 stantes
3632 4396 3705 4449 ad

2056 4466 2399 4525 orientalem
2434 4469 2665 4541 plagam
2696 4469 2923 4535 altaris,
2956 4473 3014 4541 et
3039 4466 3185 4523 cum
3236 4468 3319 4522 eis
3366 4466 3703 4522 sacerdotes

2054 4546 2287 4597 centum
2320 4540 2524 4612 viginti
2540 4540 2834 4597 ’canentes
2864 4540 3048 4612 tubis.

2126 4613 2311 4685 Igitur
2341 4611 2566 4668 cunctis
2599 4612 2836 4685 pariter,
2870 4616 2927 4685 et
2958 4611 3137 4685 tubis,
3172 4614 3229 4665 et
3256 4626 3418 4685 voce.
3450 4613 3509 4665 et
3537 4626 3703 4682 cym-

2051 4682 2222 4755 balis,
2246 4690 2304 4739 et
2331 4682 2664 4755 organis,et
2688 4683 2900 4739 diversi
2924 4683 3154 4755 generis
3180 4682 3540 4755 musicorum
3566 4698 3705 4737 con-

2049 4752 2484 4821 cinentibusfet
2514 4771 2714 4811 vocem
2747 4756 2805 4810 in
2839 4752 3096 4810 sublime
3126 4752 3490 4824 tollentibus,
3528 4754 3699 4825 longe

2048 4828 2277 4882 sonitus
2306 4828 2693 4895 audiebatur;

2120 4899 2204 4954 Ila
2235 4903 2299 4953 ut
2327 4916 2460 4955 eum
2493 4900 2809 4955 Dominum
2843 4897 3082 4953 laudare
3113 4897 3427 4969 coepissent
3458 4904 3511 4952 et
3541 4897 3697 4969 dice-

2046 4986 2143 5025 re:
2168 4970 2541 5027 Confitemini
2579 4969 2819 5027 Domino
2851 4970 3133 5041 quoniam
3179 4970 3392 5041 bonus,
3416 4968 3695 5039 quoniam

2044 5041 2101 5095 in
2133 5048 2418 5097 aeternum
2453 5040 3052 5111 miscricordia’ejus,
3085 5040 3431 5112 impleretur
3480 5041 3695 5112 domus

2042 5112 2141 5168 Dei
2176 5115 2352 5183 nube,
2383 5130 2490 5169 nec
2542 5117 2781 5185 possent
2833 5110 3377 5177 sacerdotes'stare,
3408 5114 3464 5166 et
3520 5110 3694 5165 mini-

2042 5190 2228 5257 strare
2261 5190 2498 5257 propter
2527 5186 2858 5257 caliginem.

2110 5252 2513 5328 Compleverat
2540 5252 2694 5312 enim
2729 5256 2915 5326 gloria
2945 5255 3175 5328 Domini
3210 5255 3450 5328 domum
3486 5252 3608 5328 Dei.

2110 5323 2273 5398 [Capi
2298 5329 2416 5399 VL]
2451 5330 2615 5383 Tunc
2662 5323 2933 5383 Salomon
2965 5328 3085 5383 ait:
3120 5325 3405 5383 Dominus
3455 5323 3684 5399 pollici-

2037 5395 2133 5454 tus
2164 5395 2251 5455 est
2282 5404 2347 5454 ut
2378 5395 2665 5456 habitaret
2706 5400 2763 5455 in
2818 5399 3103 5469 caligine:
3137 5413 3242 5467 ego
3292 5395 3491 5469 autem
3540 5395 3685 5451 redi-

2037 5471 2203 5526 ﬁcavi
2226 5472 2467 5527 domum
2500 5472 2722 5528 nomini
2756 5472 2905 5542 ejus,
2931 5467 2994 5525 ut
3025 5470 3319 5524 habitaret
3349 5468 3428 5523 ibi
3462 5467 3519 5523 in
3548 5485 3678 5540 per-

2076 5548 2297 5598 etuum.

2076 5558 2297 5598 etuum.

2035 5558 2069 5614 Ρ
2107 5615 2175 5668 Et
2204 5616 2488 5669 convertit
2520 5633 2615 5670 rex
2646 5614 2847 5669 faciem
2883 5630 3071 5679 suam,
3103 5616 3161 5666 ct
3200 5611 3495 5667 benedixit
3546 5610 3677 5665 uni-

2032 5701 2211 5740 versae
2244 5685 2609 5742 multitudini
2644 5686 2841 5752 Israel,
2872 5702 3004 5739 nam
3039 5684 3230 5740 omnis
3261 5682 3435 5739 turba
3483 5683 3677 5739 stabat

2033 5756 2275 5827 intenta,
2310 5761 2366 5814 et
2395 5757 2475 5815 ait
2502 5774 2516 5815 :
