4090 6192
371 234 510 295 1435

1407 243 1468 298 Β.
1514 244 1918 302 IIIEBONYMI
1955 247 2210 304 DIVINA
2245 245 2739 301 BIBLIOTHECA.

3633 241 3777 299 1436

442 363 799 442 Benedictus
814 361 1103 442 Dominus
1130 368 1285 423 Deus
1309 368 1508 435 Israel,
1535 368 1633 442 qui
1661 370 1815 441 quod
1848 369 2009 427 locu-
2041 375 2093 440 Α
2124 373 2260 442 cata
2289 368 2508 441 populi,
2540 374 2597 425 et
2625 368 2920 441 deprecati
2952 374 3007 425 te
3040 367 3257 425 fuerint
3286 367 3346 425 in
3378 365 3505 425 loco
3545 366 3685 442 isto,
3720 373 3775 426 et

374 439 474 493 tus
505 441 593 513 est
623 436 801 493 David
838 438 985 513 patri
1021 453 1373 513 meo,_opere
1404 436 1735 513 complevit,
1770 444 2006 500 dicens:

446 514 489 587 ᾼ
523 509 634 577 die,
666 509 981 587 quaeduxi
1018 509 1297 587 populum
1330 509 1629 587 meum-de
1660 519 1817 570 terra
1845 516 2014 587 zEgy-

378 581 483 652 pti,
510 596 620 658 non
654 581 799 651 elegi
830 582 1120 658 civitatem
1154 582 1224 637 de
1254 585 1479 658 cunctis
1511 585 1782 658 tribubus
1814 581 2013 658 Israel,

375 658 442 707 ut
471 652 853 707 aediﬁcaretur
881 652 940 706 in
974 668 1041 707 ea
1070 654 1282 708 domus
1311 656 1534 711 nomini
1561 673 1727 713 meo:

443 722 641 796 Neque
671 723 815 795 elegi
849 740 1206 796 quemquam
1258 725 1440 782 alium
1494 728 1709 795 virum,
1749 732 1811 784 ut
1862 733 2018 785 esset

376 794 490 849 dux
524 795 583 848 in
612 794 823 865 populo
858 812 984 851 meo
1016 794 1232 864 Israel;

442 866 551 943 Sed
584 865 731 943 elsgi
760 867 1110 943 Jerusalem,
1143 872 1209 943 _ut
1250 869 1327 924 sit
1359 886 1569 925 nomen
1604 887 1799 926 meum
1834 872 1890 927 in
1925 889 2013 943 ea,

375 940 432 1016 et
460 936 606 1008 elegi
640 938 821 1016 David
856 944 944 1016 ut_
971 939 1386 995 constituerem
1435 958 1566 998 eam
1611 960 1787 1015 super
1832 936 2016 1016 popu;

382 1007 506 1063 lum
540 1007 735 1063 meum
771 1009 986 1065 Israel:

449 1082 711 1155 Dumque
738 1081 947 1155 fuisset
977 1081 1294 1155 voluntatis
1326 1083 1502 1139 David
1558 1085 1743 1155 patris
1786 1085 1919 1151 mei,
1956 1090 2019 1140 ut

374 1151 687 1226 gdiﬁcaret
716 1154 955 1226 domum
992 1154 1211 1226 nomini
1250 1155 1475 1209 Domini
1507 1151 1605 1211 Dei
1644 1156 1841 1226 Israel,
1871 1158 2018 1212 dixit

378 1223 665 1278 Dominus
694 1225 765 1278 ad
799 1241 934 1279 eum
965 1242 977 1279 :
1012 1225 1159 1289 Quia
1188 1225 1309 1280 haec
1342 1227 1447 1280 fuit
1495 1232 1765 1283 voluntas
1798 1223 1917 1295 tua,
1953 1233 2017 1284 ut

380 1296 699 1370 aedilicares
729 1296 1226 1370 domuminomini
1261 1313 1405 1361 meo,
1440 1299 1585 1353 bene
1617 1300 1852 1370 quidem
1887 1301 2019 1356 feci-

383 1366 849 1440 stivoluntatem
894 1367 1107 1423 habere
1156 1368 1601 1440 hujuscemodi:
1635 1366 1737 1425 sed
1789 1388 1901 1426 non
1953 1376 2015 1428 tu

382 1437 697 1514 mdilicabis
729 1439 1001 1514 domum:
1033 1437 1426 1514 verum'lilius
1455 1446 1592 1514 tuus
1624 1442 1724 1513 qui
1757 1443 2017 1514 egredie-

379 1514 475 1565 tur
504 1510 574 1564 de
605 1510 824 1565 lumbis
856 1511 996 1580 tuis,
1030 1511 1154 1583 ipse
1185 1512 1499 1568 aedilicabit
1530 1510 1771 1569 domum
1794 1510 2017 1570 nomini

382 1596 534 1636 meo.

451 1652 771 1729 complevit
800 1669 936 1725 ergo
962 1653 1241 1710 Dominus
1263 1671 1590 1729 sermonem
1608 1673 1817 1729 suum,
1842 1673 2017 1729 quem

382 1723 610 1802 locutus
631 1723 935 1802 fuerat:_et
959 1741 1063 1797 ego
1096 1728 1321 1802 surrexi
1352 1744 1455 1802 pro
1478 1728 1659 1802 David
1690 1723 2021 1802 patre'meo,
2055 1737 2103 1802 Β

382 1794 593 1868 etsedi
617 1812 795 1868 super
824 1794 1105 1852 thronum
1129 1798 1327 1866 Israel,
1352 1794 1505 1854 sicut
1536 1794 1765 1855 locutus
1797 1805 1886 1855 est
1917 1794 2024 1855 Do;

384 1866 619 1994 minuls:
653 1866 709 1923 et
739 1868 1017 1923 aedificavi
1066 1871 1306 1925 domum
1360 1872 1585 1925 nomini
1637 1871 1870 1927 Domini
1921 1871 2023 1926 Dei

416 1955 543 1994 srae
576 1978 589 1993 .

416 1955 562 1994 Sl‘ﬂel
576 1978 589 1993 .

454 2011 523 2065 Et
554 2010 720 2086 posui
752 2009 820 2086 in_
844 2027 911 2086 ea
936 2028 1156 2086 arcam,
1188 2013 1246 2086 in
1279 2029 1395 2085 qua
1424 2017 1513 2086 est
1556 2018 1793 2086 pactum
1826 2013 2022 2069 Domi-

383 2082 467 2150 ni,
501 2082 656 2154 quod
694 2082 913 2154 pepigit
941 2100 1071 2138 cum
1107 2084 1241 2139 filiis
1270 2082 1471 2140 Israel.

451 2153 624 2208 Stetit
652 2153 788 2225 ergo
820 2170 1013 2209 coram
1048 2154 1212 2210 altari
1244 2157 1473 2212 Domini
1506 2174 1575 2211 ex
1616 2158 1858 2212 adverso
1889 2156 2025 2211 uni-

382 2239 559 2278 versas
593 2224 990 2280 multitudinis
1019 2226 1218 2293 Israel,
1242 2233 1299 2282 et
1328 2229 1589 2283 extendit
1618 2245 1830 2283 manus
1860 2244 2022 2284 suas.

458 2295 761 2365 Siquidem
793 2296 1302 2370 feceratSalomon
1338 2299 1527 2354 basim
1561 2315 1802 2365 amcam,
1836 2304 1893 2354 et
1922 2316 2025 2370 po-

395 2371 599 2442 suerat
628 2381 756 2442 eam
790 2366 1063 2442 inmedio
1090 2369 1365 2442 basilica),
1397 2370 1710 2442 habentem
1761 2366 2025 2442 quinque

389 2437 622 2492 cubitos
651 2437 1001 2513 latitudinis,
1033 2440 1381 2513 etiquinque
1413 2442 1640 2498 cubitos
1672 2437 2024 2509 latitudinis,

389 2512 446 2563 et
474 2512 592 2564 tres
623 2508 850 2565 cubitos
881 2508 1232 2567 altitudinis.

456 2580 741 2657 Stetitque
771 2597 949 2653 super
976 2599 1108 2657 eam
1131 2601 1157 2657 εξ
1178 2583 1536 2657 etdeinceps
1565 2583 1730 2657 ﬂexis
1777 2584 2027 2657 genibus

387 2655 592 2728 contra
624 2653 959 2728 universam
992 2655 1431 2728 multitudinem
1469 2653 1675 2727 Israel,
1706 2661 1762 2712 et
1782 2653 2027 2728 'palmis

389 2722 447 2776 in
484 2723 697 2779 coelum
724 2723 927 2780 levatis
956 2726 1038 2780 ait
1064 2743 1077 2781 :

456 2796 697 2851 Domine
733 2801 889 2852 Deus
928 2796 1130 2865 Israel,
1154 2815 1267 2852 non
1313 2802 1403 2854 est
1444 2798 1658 2854 similis
1684 2799 1769 2854 tui
1798 2799 2028 2854 Deusin

389 2865 533 2941 caelo
563 2871 620 2922 et
649 2868 705 2921 in
729 2871 919 2923 terra:
944 2868 1044 2940 qui
1075 2870 1333 2925 custodis
1358 2876 1593 2941 pactum
1626 2875 1683 2925 et
1707 2870 2032 2926 misericor-

391 2937 546 2993 diam
579 2955 713 3013 cum
762 2937 1133 3006 servis—tuis,
1162 2941 1262 3013 qui
1313 2937 1619 2996 ambulant
1656 2958 1852 2998 coram
1885 2946 1940 2997 te
1973 2943 2030 2996 in

382 3012 505 3063 toto
536 3010 707 3065 corde
736 3027 844 3066 suo
872 3028 884 3065 :

461 3080 570 3144 Qui
602 3082 935 3156 praestitisti
956 3098 1121 3138 servo
1149 3087 1251 3156 tuo
1282 3084 1461 3139 David
1496 3085 1643 3156 patri
1694 3101 1822 3140 meo
1875 3101 2029 3155 quaa-

388 3152 620 3224 cunque
649 3152 890 3226 locutus
914 3154 1107 3210 fueras
1137 3155 1189 3210 ei
1216 3172 1229 3209 :
1261 3162 1318 3210 et
1349 3172 1475 3225 quae
1497 3152 1620 3210 'ore
1652 3152 2028 3226 promiseras,

386 3239 560 3299 opere
590 3224 915 3299 complesti,
950 3225 1191 3299 sicutet
1219 3224 1476 3299 praesens
1521 3224 1752 3299 tempus
1801 3228 2029 3299 prohat.

461 3296 628 3369 Nunc
657 3312 813 3368 ergo,
841 3296 1086 3352 Domine
1116 3296 1271 3352 Deus
1303 3298 1503 3365 Israel,
1534 3296 1711 3369 imple
1737 3296 1897 3353 servo
1929 3304 2032 3355 tuo

391 3367 705 3440 patrimgeo
737 3367 936 3423 ’David
984 3385 1345 3440 quaecunque
1392 3367 1634 3425 locutus
1673 3386 1757 3432 es,
1790 3372 2028 3426 dicens:

385 3438 511 3513 Non
540 3437 771 3513 deficiet
801 3455 873 3513 ex_
900 3442 964 3513 te.
983 3440 1073 3493 vir
1102 3437 1296 3495 coram
1326 3457 1443 3513 me,
1477 3440 1579 3513 qui
1600 3512 1603 3513 ν
1626 3442 1831 3513 sedeat
1854 3458 2034 3513 super

388 3509 667 3564 thronum
702 3509 878 3565 Israel
907 3526 920 3565 :
948 3508 1032 3564 ita
1058 3514 1254 3566 tamen
1290 3511 1336 3566 si
1383 3508 1766 3566 custodierint
1811 3508 2034 3567 filii—tui

385 3580 512 3653 vias
543 3596 703 3653 suas,
727 3583 784 3636 et
814 3580 1247 3637 ambulaverint
1269 3581 1327 3636 in
1358 3580 1485 3653 lege
1514 3598 1665 3650 mea,
1689 3584 1844 3640 sicut
1880 3587 1939 3638 et
1967 3588 2028 3639 tu

385 3650 700 3708 ambulasti
732 3668 928 3707 coram
963 3668 1075 3707 me.

459 3723 527 3777 Et
577 3740 755 3790 nunc,
793 3723 1033 3779 Domine
1090 3728 1241 3780 Deus
1291 3724 1495 3790 Israel,
1526 3726 1789 3781 firmetur
1837 3741 2032 3782 sermo

392 3798 553 3860 tuus,
588 3810 761 3866 quem
799 3794 1026 3852 locutus
1056 3812 1117 3851 es
1148 3812 1313 3851 servo
1340 3801 1441 3852 tuo
1473 3797 1678 3853 David.

460 3867 684 3936 Ergone
714 3866 988 3923 credibile
1017 3873 1107 3922 est
1137 3872 1200 3922 ut
1230 3868 1455 3924 habitet
1482 3868 1636 3924 Deus
1668 3885 1800 3923 cum
1842 3867 2031 3924 homi-

387 3936 565 3992 nibus
594 3954 774 4009 super
817 3938 1083 3994 terram?
1112 3940 1168 3994 Si
1216 3938 1426 3994 caelum
1474 3944 1531 3995 et
1578 3940 1706 3995 cmli
1754 3939 2031 3995 caelorum

387 4014 594 4134 ngnrte
625 4009 886 4136 capiunt,
918 4014 1140 4081 quanto
1181 4011 1371 4083 magis
1421 4012 1633 4067 domus
1686 4012 1820 4078 ista,
1853 4026 2031 4083 quam

387 4097 431 4135 aa
479 4097 663 4135 iicaw

387 4097 663 4135 ωαιηοανι

456 4153 562 4206 Sed
601 4152 668 4207 ad
702 4152 810 4207 hoc
841 4156 1064 4208 tantum
1099 4153 1252 4207 facta
1282 4157 1389 4222 est,
1425 4157 1490 4208 ut
1516 4154 1795 4224 respicias
1816 4153 2031 4208 oratio-

385 4224 697 4278 nemservi
728 4224 841 4295 tui,
869 4229 925 4278 et
953 4224 1416 4280 obsecrationem
1448 4226 1576 4295 ejus
1608 4225 1849 4283 Domine
1883 4230 2033 4279 Deus

388 4311 590 4350 meus:
624 4300 683 4350 et
712 4294 1164 4367 audiaspreces,
1198 4313 1345 4367 quas
1375 4294 1568 4352 tundit
1599 4295 1856 4352 famulus
1892 4302 2032 4351 tuus

388 4382 585 4438 coram
606 4372 683 4433 te,
700 4371 765 4421 ut
786 4366 1013 4438 aperias
1032 4366 1233 4422 oculos
1247 4374 1378 4424 tuos
1392 4384 1568 4437 super
1590 4368 1829 4423 domum
1854 4368 2029 4423 istam

390 4437 610 4535 diebu‘s.
628 4442 686 4493 et
718 4438 1010 4535 noctibus,
1040 4455 1215 4510 super
1244 4439 1437 4535 lpcum
1470 4440 1535 4535 in
1572 4457 1683 4509 quo
1722 4438 2030 4535 pollicitus
2061 4471 2109 4535 Β

389 4525 452 4563 es
508 4513 573 4563 ut
598 4509 982 4579 invocaretur,
1018 4509 1231 4566 nomen
1262 4517 1455 4573 tuum,
1484 4516 1536 4565 et
1569 4511 1875 4566 exaudires
1904 4527 2032 4565 ora-

390 4579 632 4649 tionem,
667 4596 843 4651 quam
876 4598 1079 4637 servus
1110 4586 1250 4636 tuus
1281 4589 1408 4638 orat
1436 4582 1497 4637 in
1529 4599 1632 4638 eo:
1666 4587 1724 4638 et
1751 4582 2032 4638 exaudias

391 4666 592 4725 preces
622 4653 827 4708 famuli
856 4653 943 4708 tui
974 4654 1260 4725 etipopuli
1290 4654 1375 4709 tui
1406 4653 1603 4710 Israel.

462 4722 805 4794 Quicunque
834 4722 1083 4779 oraverit
1103 4722 1160 4779 in
1192 4724 1318 4780 loco
1350 4726 1483 4788 isto,
1514 4725 1722 4780 exaudi
1754 4725 1825 4780 de
1863 4723 2034 4779 habi-

391 4793 588 4868 tacula
618 4793 739 4859 tuo,
771 4795 832 4868 id
862 4800 950 4851 est
979 4796 1050 4850 de
1081 4795 1263 4859 ccelis,
1297 4802 1354 4852 et
1384 4798 1719 4868 propitiare.

455 4866 512 4920 Si
543 4866 864 4936 peccaverit
910 4868 1208 4939 quispiam
1252 4869 1311 4924 in
1362 4866 1695 4939 proximum
1747 4870 2036 4939 suum,7et

374 4937 579 5007 jurare
606 4942 808 4994 contra
837 4937 971 4993 eum
1006 4937 1244 5009 paratus
1287 4937 1531 5009 venerit,
1564 4953 1739 5009 seque
1789 4937 2030 4993 maledi-

381 5012 474 5063 cto
518 5009 935 5065 constrinxerit
980 5027 1171 5065 coram
1223 5011 1389 5065 altari
1447 5012 1507 5067 in
1559 5012 1733 5066 domo
1783 5010 1933 5065 ista:
1968 5014 2030 5064 tu

384 5080 591 5136 audies
622 5082 692 5136 de
723 5081 887 5151 coelo,
920 5086 977 5137 et
1024 5082 1199 5137 facies
1222 5082 1514 5152 judicium
1563 5098 1862 5138 servorum
1898 5086 2028 5137 tuo-

385 5167 555 5206 rum:
590 5152 670 5208 ita
711 5157 775 5209 ut
822 5153 1032 5208 reddas
1080 5153 1281 5223 iniquo
1329 5154 1482 5210 viam
1536 5170 1703 5209 suam
1750 5155 1809 5208 in
1859 5156 2035 5223 caput

384 5223 710 5295 proprium,
744 5229 801 5280 et
852 5223 1123 5280 ulcicaris
1170 5225 1417 5295 iustum,
1452 5227 1780 5281 retribuens
1828 5224 1879 5279 ei
1938 5240 2032 5280 se-

389 5296 647 5351 cundum
672 5295 966 5366 justitiam
991 5312 1179 5352 suam.

464 5366 521 5421 Si
552 5365 865 5438 superatus
899 5366 1074 5423 fuerit
1094 5367 1346 5440 populus
1375 5370 1517 5423 tuus
1547 5367 1724 5440 Israel
1746 5365 2032 5423 abinimi-

380 5437 467 5511 cis
498 5437 849 5511 (peccabunt
878 5440 1034 5495 enim
1070 5437 1221 5511 tibi),
1253 5446 1311 5496 et
1341 5438 1604 5495 conversi
1636 5439 1858 5507 egerint
1910 5455 2029 5511 pcn-

377 5510 705 5577 nitentiam,
732 5516 788 5565 et
817 5509 1248 5567 obsecraverint
1277 5527 1490 5567 nomen
1523 5515 1786 5576 tuum,et
1807 5509 2030 5565 fuerint

379 5580 676 5647 deprecati
707 5582 766 5637 in
799 5581 924 5638 loco
948 5582 1085 5645 isto,
1116 5589 1177 5638 tu
1228 5583 1437 5639 exaudi
1476 5584 1548 5638 de
1596 5582 1761 5649 coelo,
1793 5588 1852 5637 et
1898 5597 2032 5652 pro-

386 5651 596 5721 pitiare
631 5662 855 5722 peccato
889 5654 1090 5725 populi
1126 5655 1209 5711 tui
1254 5654 1455 5715 Israel.
1488 5660 1546 5710 et
1594 5655 1771 5708 reduc
1818 5651 1918 5709 eos
1971 5652 2031 5707 in

390 5727 621 5799 ter_r_am
643 5741 819 5795 quam
852 5726 1064 5799 dedisti
1097 5727 1181 5783 eis
1208 5730 1265 5783 et
1297 5727 1567 5799 patribus
1590 5741 1814 5781 eorum.

465 5792 543 5859 Si,
575 5792 773 5851 clauso
800 5796 963 5869 cmlo,
997 5797 1192 5869 pluvia
1222 5792 1337 5855 non
1370 5798 1598 5855 ﬂuxerit
1632 5802 1865 5869 propter
1896 5812 2028 5868 pec-

2125 439 2382 497 confessi
2411 442 2645 513 nomine
2689 439 2808 509 tuo,
2844 447 2901 497 et
2948 442 3210 497 conversi
3259 457 3294 513 a
3337 439 3593 513 peccatis
3623 442 3774 510 suis,

2124 530 2256 569 cum
2312 530 2410 569 eos
2462 511 2757 579 alllixeris,
2808 513 3019 568 exaudi
3069 514 3139 568 de
3187 511 3353 577 cmlo,
3398 514 3669 579 Domine,
3719 520 3775 569 et

2125 584 2358 640 dimitte
2390 590 2628 656 peccata
2657 584 2842 640 servis
2871 585 2989 640 tuis
3018 589 3074 640 et
3107 583 3305 656 populi
3352 584 3457 656 tui
3486 584 3689 652 lsrael,
3721 590 3778 641 et

2125 658 2265 712 doce
2296 655 2403 728 eos
2420 656 2575 711 viam
2610 657 2845 723 honam,
2881 673 2984 728 per
3012 655 3195 726 quam
3236 655 3642 727 ingrediantur
3672 673 3687 710 :
3719 665 3778 712 et

2124 730 2209 800 da
2227 727 2483 799 pluviam
2514 727 2895 800 terrae,quam’
2919 727 3133 783 dedisti
3166 728 3382 799 populo
3415 731 3514 782 tuo
3544 728 3615 783 ad
3640 744 3773 798 pos-

2127 799 2468 856 sidendum.

2200 872 2400 927 Fames
2434 870 2485 926 si
2514 874 2640 925 orta
2672 870 2843 925 fuerit
2871 868 2931 923 in
2984 874 3159 939 terra,
3209 873 3263 924 et
3312 868 3666 941 pestilentia,
3699 888 3774 924 ae-

2124 958 2290 1014 rugo,
2331 950 2387 997 et
2434 958 2688 1014 aurugo,
2739 941 3070 1014 etlocusta,
3128 945 3187 997 et
3217 941 3498 1008 bruchus,
3553 946 3616 1014 et
3669 942 3770 996 ho-

2126 1012 2268 1083 ste—s,
2300 1014 2542 1068 vastatis
2574 1012 2932 1085 regionibus,
2968 1017 3165 1083 portas
3204 1014 3543 1085 obsederint
3566 1012 3769 1085 civita-

2123 1085 2222 1155 tis,
2254 1085 2564 1156 omnisque
2596 1084 2767 1156 plaga
2796 1094 2846 1139 et
2879 1085 3193 1140 infirmitas
3215 1084 3533 1154 presserit:
3566 1084 3615 1138 si
3641 1086 3779 1155 quis

2126 1158 2196 1238 de
2228 1155 2440 1238 pepulo
2472 1164 2576 1238 tuo
2598 1155 2783 1238 Israel
2816 1156 2990 1210 fuerit
3020 1157 3387 1238 deprecatus,
3402 1172 3778 1238 _cognoscens

2126 1227 2360 1299 plagam
2391 1232 2447 1283 et
2479 1227 2884 1283 inﬁrmitatem
2918 1232 3174 1292 suam,et
3192 1227 3531 1299 expanderit
3563 1243 3779 1299 manus

2127 1298 2266 1355 suas
2299 1299 2357 1354 in
2392 1299 2565 1354 domo
2598 1299 2726 1365 hac,
2759 1304 2819 1353 tu
2855 1299 3061 1354 exaudi
3096 1299 3167 1353 de
3211 1298 3377 1365 coelo,
3429 1299 3499 1353 de
3531 1298 3781 1354 sublimi

2125 1371 2347 1428 scilicet
2377 1369 2712 1426 habitacula
2743 1375 2863 1438 tuo,
2895 1375 2952 1424 et
2981 1369 3320 1442 propitiare,
3346 1374 3405 1425 et
3436 1370 3611 1425 redde
3644 1372 3777 1442 uni-

2125 1443 2339 1514 cuique
2371 1445 2695 1497 secunduin
2728 1442 2852 1497 vias
2883 1458 3042 1510 suas,
3094 1441 3242 1513 quas
3292 1442 3447 1497 nosti
3495 1457 3633 1496 eum
3668 1441 3781 1496 ha-

2126 1513 2264 1571 bere
2295 1513 2351 1568 in
2387 1513 2557 1569 corde
2587 1530 2695 1569 suo
2728 1528 2742 1566 ι

2197 1586 2283 1641 Tu
2316 1586 2473 1640 enim
2510 1585 2672 1640 solus
2704 1582 2861 1639 nosti
2892 1583 3065 1639 corda
3097 1583 3351 1639 filiorum
3383 1582 3716 1640 hominum.

2198 1660 2273 1712 Ut
2299 1656 2544 1712 timeant
2590 1662 2665 1724 te,
2695 1659 2752 1711 et
2796 1654 3100 1711 ambulent
3146 1655 3205 1709 in
3254 1656 3331 1710 vii
3386 1656 3504 1711 tuis
3546 1654 3778 1711 cunctis

2133 1728 2339 1799 diebus
2367 1728 2584 1799 quibus
2614 1728 3045 1799 vivuntsuper
3090 1726 3298 1782 faciem
3347 1729 3541 1795 terrae,
3588 1743 3772 1799 quam

2133 1798 2347 1856 dedisti
2379 1797 2644 1871 patribus
2675 1797 2912 1855 nostris.

2203 1868 2515 1926 Externum
2545 1886 2800 1941 quoque,
2846 1870 2947 1941 qui
2997 1870 3249 1941 nonest
3286 1869 3358 1923 de
3408 1868 3622 1941 populo
3674 1873 3777 1923 tuo

2132 1942 2331 2008 Israel,
2366 1941 2416 1996 si
2446 1939 2766 1997 venerit—de
2797 1939 2950 1996 terra
2996 1939 3339 2011 longinqua,
3388 1939 3625 2011 propter
3670 1957 3780 1995 no-

2134 2030 2268 2069 men
2294 2018 2466 2069 tuum
2500 2029 2800 2085 magnum,
2833 2017 2889 2068 et
2928 2017 3165 2084 prepter
3212 2028 3453 2066 manum
3488 2019 3651 2067 tuam
3686 2027 3778 2085 ro-

2134 2086 2393 2152 bustam,
2428 2089 2484 2140 et
2514 2083 2819 2140 brachium
2852 2083 3387 2151 tuumextentum,
3427 2088 3485 2137 et
3526 2083 3784 2138 oraverit

2134 2157 2191 2212 in
2227 2156 2351 2212 loco
2384 2156 2517 2224 isto,
2552 2165 2609 2211 lu
2642 2155 2919 2211 exaudies
2948 2156 3017 2210 de
3060 2153 3203 2210 cmlo
3236 2154 3579 2209 ﬁrmissimo
3608 2153 3780 2208 habi-

2132 2228 2328 2284 taculo
2360 2231 2480 2293 tuo,
2515 2232 2570 2282 et
2603 2228 2777 2283 facies
2807 2232 3149 2298 cuncta,pro
3182 2226 3398 2296 quibus
3428 2224 3787 2298 invocaverit

2133 2304 2192 2356 te
2220 2299 2319 2354 ille
2351 2299 2697 2371 peregrinus
2723 2314 2745 2371 7:
2779 2303 2842 2352 ut
2873 2296 3313 2371 sciant'omnes
3357 2296 3558 2371 populi
3609 2302 3786 2371 terrae

2135 2368 2565 2427 nomen'tuum.
2601 2376 2660 2425 et
2692 2370 2936 2425 timeant
2962 2374 3017 2424 te
3049 2370 3202 2424 sicut
3234 2368 3486 2440 populus
3514 2374 3658 2423 tuus
3700 2368 3784 2422 Is-

2136 2442 2278 2510 rael,
2307 2446 2363 2497 et
2393 2446 2750 2511 cognoscant
2788 2440 2929 2511 quia
2962 2457 3175 2496 nomen
3224 2444 3396 2495 tuum
3444 2440 3784 2495 invocatum

2135 2518 2224 2569 est
2251 2530 2429 2584 super
2458 2511 2699 2569 domum
2733 2513 2904 2582 hanc,
2937 2528 3116 2584 quam
3148 2511 3447 2584 azdiﬁcavi.

2205 2585 2263 2640 Si
2289 2582 2561 2655 egressus
2585 2584 2756 2639 fuerit
2779 2582 3031 2655 populus
3059 2590 3198 2638 tuus
3220 2583 3290 2638 ad
3323 2582 3544 2639 bellum
3576 2586 3786 2655 contra

2136 2653 2500 2713 adversarios
2532 2673 2672 2712 suos
2703 2653 2806 2728 per
2834 2653 2987 2728 viam
3022 2656 3077 2710 in
3112 2672 3228 2726 qua
3248 2653 3785 2728 miseriseos,ado-

2138 2729 2355 2783 rabunt
2384 2732 2440 2781 te
2470 2733 2675 2783 contra
2704 2726 2882 2794 viam,
2930 2727 2990 2782 in
3049 2742 3168 2797 qua
3224 2726 3429 2783 civitas
3485 2726 3610 2780 haec
3672 2728 3785 2797 est,

2138 2816 2317 2872 quam
2349 2797 2615 2872 elcgisti,»
2643 2803 2700 2853 et
2735 2793 2972 2872 domus,
3021 2793 3201 2869 quam
3244 2796 3522 2852 aediﬁcavi
3557 2793 3789 2872 nomini

2137 2869 2239 2927 tuo
2274 2886 2286 2927 :
2320 2873 2385 2925 tu
2410 2869 2686 2942 eXaudies
2715 2870 2785 2925 de
2815 2869 2958 2926 caelo
3005 2885 3205 2942 preces
3254 2885 3478 2939 eorum,
3527 2874 3586 2924 et
3616 2869 3789 2923 obse-

2140 2942 2485 3007 orationem,
2518 2946 2574 2996 et
2606 2941 2926 2996 ulciscaris.

2213 3014 2271 3069 Si
2310 3018 2507 3068 autem
2542 3013 2906 3084 peccaverint
2930 3011 3033 3067 tibi
3060 3014 3274 3084 (neque
3300 3010 3457 3066 enim
3489 3014 3589 3084 est
3608 3009 3793 3084 homo

2143 3084 2242 3151 qui
2275 3100 2390 3156 non
2426 3080 2643 3156 peccet)
2676 3088 2733 3156 et
2762 3084 2947 3139 iratus
2995 3080 3318 3156 lueris‘eis,
3362 3088 3419 3137 et
3464 3080 3792 3156 tradideris

2143 3152 2443 3224 hostibus,
2469 3158 2525 3209 et
2554 3152 2813 3225 captivos
2856 3171 2955 3211 eos
3004 3154 3278 3209 duxerint
3308 3155 3366 3208 in
3408 3158 3622 3209 terram
3660 3152 3792 3225 lon-

2140 3228 2451 3299 ginquam,
2480 3226 2570 3299 vel
2601 3231 2754 3282 certe
2785 3243 2911 3298 quae
2936 3226 3109 3297 juxta
3147 3229 3257 3299 est,
3287 3229 3368 3299 et
3404 3224 3671 3299 conversi
3706 3224 3791 3277 in~

2140 3295 2313 3355 corde
2344 3314 2473 3361 suo,
2499 3298 2557 3353 in
2590 3302 2765 3365 terra,
2784 3295 2853 3352 ad
2882 3295 3058 3370 quam
3092 3295 3495 3370 captividucti
3529 3296 3789 3370 fuerant,

2141 3371 2366 3441 egerint
2399 3366 3199 3441 pmnilentiam,etdepreca£i
3233 3377 3283 3441 te
3303 3367 3521 3441 fuerint
3549 3366 3606 3421 in
3632 3371 3795 3441 terra

2141 3437 2496 3513 captivitatis
2527 3457 2668 3508 suae,
2704 3441 2964 3496 dicentes
2983 3437 3009 3494 ἐ
3044 3437 3646 3513 Peccavimus,inique
3666 3437 3793 3513 egi—

2144 3509 2298 3579 mus,
2332 3512 2551 3581 injuste
2582 3514 2876 3583 gessimus
2910 3529 2921 3566 :
2955 3517 3012 3567 et
3042 3511 3255 3567 reversi
3298 3512 3517 3583 fuerint
3545 3510 3613 3564 ad
3650 3513 3707 3563 te
3730 3509 3790 3563 in

2143 3589 2262 3639 toto
2295 3585 2463 3639 corde
2494 3581 2622 3651 suo,
2655 3588 2713 3637 et
2742 3583 2802 3638 in
2832 3588 2954 3638 tota
2984 3583 3182 3638 anima
3227 3599 3357 3648 sua,
3411 3581 3471 3635 in
3502 3589 3657 3635 terra
3689 3596 3787 3635 ca-

2142 3654 2426 3728 ptivitatis
2459 3671 2598 3722 suae,
2631 3655 2701 3709 ad
2737 3672 2914 3727 quam
2946 3655 3108 3709 ducti
3157 3657 3348 3728 su_nt,_
3371 3653 3707 3728 adorabunt
3735 3656 3791 3707 te

2142 3724 2342 3782 contra
2372 3726 2528 3780 viam
2564 3731 2728 3780 terra
2755 3724 2902 3791 suis,
2933 3742 3105 3792 quam
3139 3724 3351 3781 dedisti
3385 3724 3652 3795 patribus
3685 3738 3789 3777 eo-

2142 3815 2273 3854 rum
2296 3802 2362 3870 _et
2393 3797 2579 3870 urbis,
2612 3814 2790 3868 quam
2822 3797 3073 3870 elegisti,
3106 3800 3162 3852 et
3189 3797 3400 3853 domus
3432 3812 3611 3866 quam
3644 3795 3792 3849 mdi-

2141 3868 2310 3925 ﬁcavi
2342 3869 2563 3924 nomini
2596 3874 2695 3923 tuo
2731 3886 2744 3924 :

2212 3942 2295 3995 'l‘u
2330 3940 2606 4005 exaudies
2638 3940 2709 3994 de
2753 3939 2916 4006 caelo,
2950 3939 3061 3995 hoc
3091 3943 3180 3993 est
3229 3940 3301 3994 de
3357 3937 3527 3993 ﬁrmo
3562 3937 3793 3993 habita-

2143 4011 2275 4068 culo
2304 4015 2426 4077 tuo,
2453 4027 2652 4082 preces
2684 4028 2909 4076 eorum,
2940 4016 2997 4067 et
3046 4011 3226 4066 iacias
3268 4010 3591 4082 judicium,
3618 4012 3679 4064 et
3709 4007 3792 4063 di-

2144 4084 2348 4141 mittas
2377 4081 2589 4153 populo
2622 4087 2744 4147 tuo,
2777 4081 3047 4154 quamvis
3078 4081 3366 4153 peccatori
3402 4098 3415 4135 :

2210 4159 2287 4207 Tu
2322 4148 2567 4209 es'enim
2599 4158 2752 4209 Deus
2786 4148 2951 4209 meus
2985 4171 2997 4209 :
3033 4148 3392 4225 aperiantur,
3412 4148 3790 4225 quaeso,oculi

2141 4226 2251 4292 tui,
2285 4230 2342 4280 et
2371 4242 2541 4281 aures
2570 4230 2685 4281 tuae
2715 4226 2953 4282 intenta;
2996 4224 3117 4281 sint
3162 4224 3234 4279 ad
3283 4224 3609 4280 orationem
3660 4238 3791 4293 qua:

2144 4298 2211 4352 lit
2240 4297 2298 4351 in
2342 4297 2463 4353 loco
2492 4297 2627 4351 isto.

2214 4368 2380 4423 Nunc
2409 4367 2590 4441 igitur
2614 4367 3202 4441 consurge,Domine
3233 4367 3406 4433 Deus,
3436 4365 3496 4418 in
3529 4364 3795 4435 requiem

2141 4443 2330 4505 tuam,
2364 4443 2424 4494 tu
2448 4440 2514 4495 et
2544 4455 2679 4493 arca
2710 4440 3075 4495 fortitudinis
3105 4443 3217 4493 tuae
3253 4454 3266 4491 :

2212 4511 2555 4566 Sacerdotes
2590 4510 2693 4575 lui,
2742 4510 2989 4566 Domine
3038 4510 3215 4575 Deus,
3266 4509 3595 4563 induantur
3630 4506 3797 4562 salu-

2141 4587 2285 4648 tem,
2316 4586 2373 4636 et
2402 4582 2589 4637 sancti
2620 4582 2706 4637 tui
2739 4582 3004 4638 lastentur
3031 4582 3089 4636 in
3122 4579 3314 4636 bonis.

2218 4652 2456 4709 Domine
2487 4654 2663 4721 Deus,
2704 4669 2776 4708 ne
2820 4652 3098 4709 averteris
3154 4652 3361 4707 faciem
3411 4649 3622 4705 christi
3658 4649 3743 4705 tui
3777 4664 3792 4702 :

2142 4731 2442 4780 memento
2474 4724 3010 4780 misericordiarum
3043 4724 3224 4779 David
3260 4721 3411 4778 servi
3442 4721 3553 4775 tui.

2212 4796 2367 4867 [Cap.
2400 4795 2549 4866 νη]
2579 4795 2838 4867 Cumque
2860 4795 3214 4867 complesset
3232 4793 3505 4867 Salomon
3534 4791 3794 4867 fundens

2184 4863 2363 4933 reces,
2396 4863 2886 4939 ignisdescendit
2913 4863 3186 4931 de’cwlo,
3234 4871 3293 4921 et
3351 4863 3800 4939 devoravitho-

2184 4884 2363 4933 reces,
2396 4884 2551 4939 ignis
2582 4884 2886 4923 aescendit
2913 4884 2985 4923 ne
3020 4884 3186 4931 00310,
3234 4884 3293 4921 et.
3351 4884 3657 4919 nevoravu
3698 4884 3800 4918 no-

2141 4884 2407 5066 Eocausta
2436 4943 2493 4994 et
2520 4938 2791 4995 victimas
2825 4956 2837 4994 :
2872 4944 2930 4996 et
2962 4940 3241 5010 majestas
3263 4935 3495 4993 Domini
3528 4934 3802 5006 implevit

2188 5026 2412 5065 omum.

2188 5026 2412 5065 omum.

2213 5081 2328 5136 Nec
2360 5084 2628 5153 poterant
2658 5083 2989 5138 sacerdotes
3020 5079 3249 5153 ingredi
3276 5076 3563 5153 templum
3594 5076 3796 5153 Domi-

2142 5152 2227 5280 nDi,
2256 5169 2322 5236 e9
2355 5148 2505 5236 quod
2538 5152 2843 5224 implesset
2893 5148 3172 5224 majestas
3211 5148 3450 5208 Domini
3498 5148 3795 5220 templum

2193 5241 2397 5279 omini.

2193 5241 2397 5279 omini.

2211 5297 2318 5350 Sed
2352 5299 2408 5351 et
2437 5311 2645 5351 omnes
2694 5295 2801 5351 ﬁlii
2827 5295 3005 5352 Israel
3027 5295 3305 5352 videbant
3334 5292 3794 5349 descendentem

2142 5367 2362 5444 igoem,
2395 5371 2454 5422 et
2482 5368 2729 5444 gloriam
2763 5367 2994 5444 Domini
3025 5382 3205 5438 super
3231 5366 3471 5420 domum
3505 5378 3522 5444 ξ

2216 5442 2281 5492 Et
2310 5442 2650 5510 corruentes
2672 5440 2837 5510 proni
2860 5440 2920 5496 in
2938 5443 3151 5493 terram
3181 5452 3359 5510 super
3390 5440 3793 5510 pavimentum

2142 5513 2405 5587 stratum
2426 5509 2640 5587 lapide,
2673 5506 3065 5587 adoraverunt
3088 5514 3153 5587 _et
3183 5506 3578 5587 laudaverunt
3608 5506 3800 5587 Domi.

2144 5597 2287 5637 nam
2321 5581 2658 5654 ;_Quoniam
2683 5583 2897 5650 bonus,
2919 5582 3203 5654 quoniam
3227 5582 3286 5636 in
3317 5583 3603 5635 aeternum
3628 5581 3798 5632 mise-

2143 5652 2639 5729 ric_ordiaejus._
2825 5723 2838 5729 _
2940 5652 2954 5654 ⁷
3067 5723 3080 5729 _
3212 5723 3223 5729 _
3400 5720 3474 5729 ,,
3588 5724 3598 5729 _

2214 5725 2333 5779 Rex
2366 5720 2649 5798 autem,et
2679 5723 2875 5798 omnis
2905 5723 3183 5798 populus,
3208 5720 3607 5781 immolabant
3632 5720 3796 5775 victi-

2143 5813 2269 5852 mas
2299 5813 2495 5854 coram
2526 5796 2796 5854 Domino.
