4090 6192
312 255 454 318 1437

1746 264 1990 322 VERBA
2026 263 2331 321 DIERUM.

3580 256 3720 317 H38

387 382 662 469 Mactavit
684 381 979 469 igiturrex
1001 379 1271 442 Salomon
1285 383 1530 470 hostias,
1566 384 1742 445 boum
1762 387 1811 444 vi
1862 387 1967 444 inti
1997 397 2052 465 Α
2081 386 2434 455 inferiorem,
2468 383 2731 443 civitates
2762 386 3025 443 muratae
3072 381 3356 442 habentes
3411 388 3633 458 portas,
3666 388 3722 443 et

387 477 435 516 ιο
460 457 669 517 millia.
695 462 947 513 arietum
981 462 1217 513 centum
1236 458 1443 517 viatnti
1474 459 1659 516 millia
1688 478 1699 515 :
1724 467 1781 517 et
1812 405 1968 517 gcdi-
2080 466 2273 517 vectes
2305 465 2361 515 et
2392 474 2553 515 seras
2588 476 2598 513 :

314 460 435 516 duo
460 457 669 524 millia,
695 457 947 530 arietum
981 462 1217 513 centum
1236 458 1443 530 viginti
1474 459 1659 516 millia
1688 478 1699 515 :
1724 467 1781 517 et

312 532 469 615 cavit
500 531 743 615 domum
776 528 877 615 Dei
913 545 1044 615 rex,
1066 534 1121 615 e‘t
1154 528 1465 615 universqu
1497 532 1769 615 populus.

387 601 735 659 Sacerdotes
768 604 967 655 autem
1002 601 1235 656 stabant
1266 602 1325 656 in
1359 601 1727 660 officiis—suis
1753 621 1765 658 :
1793 608 1848 658 et
1871 608 1970 658 Le-

311 674 447 731 vites
479 672 801 745 iniorganis
831 673 1162 745 carminum
1187 673 1443 739 Domini,
1470 692 1593 744 quas
1628 677 1761 731 fecit
1790 676 1967 730 David

314 764 418 803 rex
442 745 513 801 ad
540 743 903 799 laudandum
927 743 1241 799 Dominum
1262 762 1273 799 :
1292 746 1572 811 Quoniam
1601 746 1658 800 in
1687 752 1967 802 aeternum

314 816 725 875 misericordia
746 816 895 886 ejus,
920 814 1172 887 hymnos
1196 816 1375 873 David
1406 822 1683 874 canentes
1716 835 1818 891 per
1842 836 1969 875 ma-

314 906 432 945 nus
461 904 625 944 81188.

388 966 569 1015 Porro
602 957 936 1031 sacerdotes
975 958 1267 1014 canebant
1299 960 1457 1014 tubis
1506 965 1641 1015 ante
1671 977 1792 1031 eos,
1827 977 1969 1016 cun-

318 1036 571 1102 etusque
605 1029 781 1085 Israel
814 1030 1030 1084 stabat.

393 1100 801 1160 Sanctificavit
821 1116 1055 1172 quoque
1074 1100 1349 1156 Salomon
1380 1103 1639 1157 medium
1672 1103 1801 1157 atrii
1838 1108 1973 1160 ante

321 1174 617 1246 templum
650 1173 885 1246 Domini
916 1172 1211 1246 obtulerat
1242 1173 1397 1228 enim
1432 1175 1510 1228 ibi
1545 1175 1889 1231 holocausta
1920 1181 1975 1231 et

322 1244 530 1319 adipes
567 1244 977 1317 pacificorum;
1011 1244 1346 1319 quiaaltare
1369 1248 1787 1318 zeneum,quod
1824 1247 1975 1319 tece-

321 1316 588 1444 ragdnon
623 1320 849 1389 poterat
880 1316 1172 1372 sustinere
1211 1316 1556 1372 holocausta
1586 1316 1974 1373 et‘sacrilicia

323 1407 355 1444 e
417 1407 450 1444 a
495 1404 643 1444 mes.

323 1396 383 1447 et
417 1396 643 1460 adipes.

397 1456 557 1517 Fecit
586 1474 724 1533 ergo
756 1458 1027 1513 Salomon
1052 1456 1486 1533 solemnitatem
1512 1460 1569 1514 in
1593 1459 1972 1533 temporeillo

324 1536 554 1605 septem
586 1528 1131 1605 diebustet‘omnis
1180 1529 1367 1605 I_srael_
1401 1546 1534 1585 cum
1588 1548 1677 1601 eo,
1719 1528 1974 1587 ecclesia

324 1600 547 1730 iungi;
574 1601 767 1728 valde,
798 1602 870 1657 ab
902 1600 1147 1655 introitu
1180 1601 1390 1657 Emath
1428 1619 1615 1675 usque
1646 1600 1717 1659 ad
1744 1608 1973 1659 torren-

355 1693 451 1730 em
553 1691 664 1730 evo
695 1690 735 1727 ι.

326 1682 451 1732 tem
482 1678 735 1747 Egypti.

395 1742 666 1817 Fecitque
697 1743 789 1799 die
819 1747 1019 1817 octavo
1044 1742 1370 1817 collectam.
1412 1760 1478 1799 eo
1510 1747 1663 1817 quod
1698 1746 1971 1803 dedicas-

323 1824 414 1875 set
444 1815 623 1875 altare
652 1820 873 1887 septem
898 1815 1201 1882 diebus,et
1222 1815 1655 1872 solemnitatem
1680 1817 1969 1874 celebras-

325 1896 422 1970 set_
447 1890 655 1970 diebus
682 1892 931 1970 septem.

400 1961 586 2033 Igitur
615 1957 801 2033 inAdie
834 1957 1113 2033 vicesimo
1151 1958 1319 2033 tertio
1352 1960 1574 2033 mensis
1605 1960 1842 2032 septimi
1886 1960 1969 2015 di-

328 2029 494 2089 misit
525 2029 773 2105 populos
805 2030 875 2085 ad
895 2029 1290 2105 tabernacula
1318 2045 1442 2096 sua,
1488 2029 1754 2105 laetantes
1794 2036 1971 2105 atque

326 2101 1050 2177 gaudentessuperbono
1078 2101 1233 2177 quod
1267 2102 1481 2177 fecerat
1532 2104 1812 2159 Dominus
1862 2101 1972 2159 Da-

327 2172 472 2242 vidi,
507 2180 561 2232 et
590 2172 911 2246 Salomoni,
941 2177 999 2246 et
1031 2172 1226 2246 Israeli
1261 2173 1473 2246 populo
1506 2191 1633 2230 suo.

401 2246 840 2319 Complevitque
869 2243 1143 2319 Salomon
1177 2243 1416 2319 domum
1459 2246 1715 2319 Domini,
1764 2250 1821 2302 et
1870 2246 1971 2300 do-

331 2335 497 2375 mum
531 2316 705 2388 regis,
739 2321 795 2371 et
824 2316 1024 2388 omnia
1082 2332 1208 2387 quae
1270 2316 1645 2388 disposuerat
1692 2317 1749 2371 in
1800 2319 1973 2373 corde

330 2407 461 2458 suo,
496 2394 559 2445 ut
589 2386 805 2445 faceret
832 2386 889 2441 in
923 2386 1383 2459 domo’Domini,
1438 2394 1493 2444 et
1545 2388 1602 2443 in
1635 2390 1807 2444 domo
1841 2406 1971 2460 sua,

330 2467 391 2519 et
424 2465 805 2533 prosperatus
835 2463 943 2514 est.

401 2530 692 2616 Apparuit
718 2534 908 2586 autem
933 2530 1292 2616 lei'Dominus
1316 2533 1503 2616 nocte,
1532 2534 1589 2585 et
1618 2532 1734 2616 ait}
1763 2530 1973 2616 audivi

330 2600 657 2661 orationem
677 2607 866 2675 tuam,
893 2601 1109 2675 etelegi
1137 2602 1329 2658 locum
1370 2600 1550 2657 istum
1580 2602 1723 2658 mihi
1776 2603 1834 2658 in
1868 2604 1971 2657 do-

336 2694 501 2734 mum
535 2674 833 2732 sacrificii.

412 2748 472 2805 Si
505 2746 774 2803 clausero
816 2743 1051 2814 cmlum,
1106 2742 1407 2815 etpluvia
1457 2762 1572 2799 non
1622 2744 1873 2809 ﬂuxerit,
1919 2748 1976 2801 et

343 2820 697 2877 mandavero
740 2821 797 2873 et
826 2832 1154 2888 praecepero
1186 2814 1449 2888 locustae,
1481 2822 1546 2870 ut
1599 2816 1832 2872 devoret
1863 2826 1977 2871 ter-

332 2908 483 2960 ram,
514 2896 571 2946 et
601 2890 814 2945 misero
830 2886 1237 2960 pestilentiam
1264 2887 1321 2941 in
1356 2889 1635 2958 populum
1671 2904 1864 2943 meum
1890 2905 1916 2960 7:

404 2958 730 3019 COnversus
761 2958 957 3015 autem
990 2958 1241 3031 populus
1275 2975 1462 3027 meus,
1507 2976 1683 3031 super
1715 2976 1861 3031 quos
1884 2959 1975 3013 in-

335 3039 606 3090 vocatum
638 3036 728 3088 est
759 3047 968 3087 nomen
1004 3047 1221 3096 meum,
1256 3031 1601 3101 deprecatus
1634 3048 1725 3086 me
1779 3031 1974 3098 fuerit,

338 3112 397 3163 et
427 3104 769 3189 exquisierit
800 3103 1004 3187 faciem
1034 3119 1247 3173 meum,
1273 3107 1330 3157 et
1359 3102 1543 3173 egerit
1573 3103 1973 3174 pmnitentiam
2010 3135 2053 3202 Ο

337 3196 372 3234 a
401 3174 665 3233 viis'suis
698 3174 970 3246 pessimis
1004 3190 1016 3227 :

409 3250 475 3304 Et
506 3264 611 3320 ego
642 3243 950 3302 exaudiam
984 3246 1055 3320 de
1086 3243 1251 3309 ccelo,
1298 3250 1353 3299 et
1383 3243 1671 3315 propitius
1716 3261 1813 3300 ero
1848 3260 1981 3315 pec-

338 3320 485 3378 catis
514 3317 740 3384 eorum,
772 3323 829 3372 et
860 3317 1078 3374 sanabo
1112 3320 1329 3371 terram
1361 3331 1590 3384 eorum,

2080 466 2273 517 vectes
2305 465 2361 515 et
2392 474 2553 515 seras
2588 476 2598 513 :

2147 531 2384 587 Balaatb
2418 531 2593 585 etiam
2619 534 2675 587 et
2702 546 2902 585 omnes
2932 528 3106 584 urbes
3149 527 3542 599 ﬁrmissimas,
3593 546 3720 601 quas

2077 605 2314 660 fuerunt
2337 602 2689 671 Salomonis,
2715 605 3074 671 cunctosque
3092 601 3265 655 urbes
3280 602 3722 670 quadrigarum,

2076 682 2133 731 et
2166 677 2339 731 urbes
2366 674 2632 745 equitum
2670 690 2681 728 :
2717 673 2916 728 omnia
2948 689 3074 745 quae
3106 672 3290 745 voluit
3318 672 3718 745 Salomonat-

2078 764 2191 820 que
2222 743 2536 820 disposuit,
2570 745 2875 801 aedificavit
2906 746 2963 820 in
2994 743 3341 820 Jerusalem,
3374 750 3431 799 et
3459 743 3516 797 in
3552 744 3722 799 Liba-

2077 814 2172 887 uo,
2207 823 2263 874 et
2294 814 2352 872 in
2380 814 2653 872 universa
2683 821 2839 871 terra
2868 814 3174 887 potestatis
3202 831 3339 870 sum.

2149 892 2396 945 Omnem
2430 889 2737 956 populum,
2770 888 2867 956 qui
2902 886 3211 941 derelictus
3240 888 3423 941 fuerat
3476 886 3548 941 de
3588 886 3724 941 Het-

2078 962 2268 1031 tbazis,
2300 958 2678 1028 Amorrhaeis,
2712 963 2767 1014 et
2794 958 3129 1031 Pherezszis,
3159 958 3719 1031 etEvzeisLetJehu-

2080 1034 2229 1102 eaeis,
2255 1028 2365 1104 'qui
2399 1049 2511 1088 non
2545 1037 2708 1087 erant
2738 1031 2807 1086 de
2840 1029 3024 1101 stirpe
3050 1028 3231 1104 Israel
3268 1046 3281 1084 :
3315 1031 3386 1084 de
3434 1029 3598 1104 filiis“
3626 1046 3719 1104 eoo

2078 1100 2233 1171 rum,
2264 1100 2320 1159 et
2350 1104 2419 1158 de
2441 1104 2873 1175 posteris,quos
2900 1100 3015 1175 non
3047 1100 3463 1175 interfecerant
3498 1100 3600 1154 filii
3637 1101 3722 1175 ls-

2079 1171 2624 1304 zrael,hsubjugavit
2652 1171 2923 1228 Salomon
2960 1173 3017 1227 in
3052 1171 3417 1236 tributarios,
3449 1188 3637 1243 usque
3661 1172 3719 1227 in

2126 1264 2233 1303 lem
2308 1264 2439 1302 anc.

2126 1264 2233 1303 lem
2266 1264 2439 1302 nano.

2150 1320 2326 1375 Porro
2352 1320 2425 1373 de
2446 1317 2583 1371 filiis
2609 1314 2785 1371 Israel
2820 1331 2933 1370 non
2960 1315 3176 1387 posuit,
3197 1320 3260 1387 ut
3290 1315 3575 1370 servirent
3596 1331 3728 1385 ope-

2078 1392 2245 1447 ribus
2276 1390 2451 1460 regis;
2475 1388 2587 1460 ipsi
2614 1388 2770 1442 enim
2799 1385 3086 1460 erant‘viri
3116 1385 3446 1455 bellatores,
3468 1391 3527 1441 et
3548 1388 3727 1442 duces

2081 1462 2279 1536 primi,
2313 1458 2371 1517 et
2399 1458 2694 1536 principes
2743 1458 3164 1536 quadrigarum
3196 1464 3253 1513 et
3283 1459 3547 1536 equitum
3575 1460 3725 1536 ejus.

2150 1535 2368 1589 Omnes
2386 1529 2579 1587 autem
2596 1529 2896 1602 principes
2916 1530 3206 1602 exercitus,
3226 1531 3380 1601 regis
3399 1529 3728 1602 Salomonis

2086 1606 2332 1732 fuerunt
2353 1601 3077 1673 ducenti'quinquaginta,
3113 1601 3213 1673 qui
3246 1601 3593 1657 erudiebant
3624 1618 3730 1674 po-

2086 1695 2158 1732 nu
2192 1694 2309 1732 um.

2123 1694 2309 1733 ulum.

2082 1695 2361 1805 Ρυέῗιῐῖξίω
2378 1762 2509 1802 vero
2529 1744 2851 1799 Pharaonis
2871 1742 3172 1798 transtulit
3193 1743 3263 1798 de
3290 1743 3728 1813 civitateDavid,

2083 1822 2141 1876 in
2175 1821 2419 1876 domum
2453 1832 2630 1888 quam
2662 1815 3045 1888 mdiﬁeaverat
3076 1816 3148 1888 ei.
3182 1815 3337 1870 Dixit
3356 1816 3548 1870 enim:

2151 1892 2277 1948 Non
2310 1886 2598 1946 habitabit
2629 1903 2776 1942 uxor
2808 1903 2936 1942 mea
2969 1886 3027 1941 in
3060 1887 3234 1941 domo
3266 1888 3439 1942 David
3461 1888 3614 1958 regis
3647 1888 3730 1941 Is-

2082 1964 2201 2020 rael
2235 1980 2300 2018 eo
2350 1960 2506 2034 quod
2564 1958 2933 2034 sanctiﬁcata
2990 1958 3068 2013 sit
3102 1976 3114 2013 :
3150 1957 3287 2029 quia
3344 1957 3613 2031 ingressa
3642 1962 3731 2014 est

2082 2052 2211 2092 eam
2246 2030 2401 2095 arca,
2437 2030 2693 2087 Domini.

2154 2109 2320 2163 Tunc
2350 2102 2564 2160 obtulit
2593 2101 2874 2157 Salomon
2906 2100 3250 2156 holocausta
3289 2101 3521 2157 Domini
3552 2117 3731 2172 super

2083 2178 2267 2234 altare
2303 2174 2561 2245 Domini,
2583 2174 2734 2245 quod
2767 2177 3130 2229 exstruxerat
3150 2178 3285 2228 ante
3318 2172 3631 2245 porticum,
3664 2177 3731 2227 ut

2123 2267 2187 2306 er
2215 2247 2481 2319 singulos
2511 2244 2636 2319 dies
2657 2244 2963 2319 oﬁ‘erretur
2992 2244 3059 2319 in
3081 2260 3150 2299 ea
3172 2244 3342 2319 juxta
3371 2250 3727 2319 praeceptum

2144 2322 2231 2378 osi
2262 2314 2622 2375 in'Sabhatis
2652 2321 2709 2371 et
2740 2315 2797 2369 in
2828 2314 3118 2382 kalendis,
3144 2323 3201 2370 et
3222 2316 3280 2369 in
3304 2314 3469 2371 festis
3502 2314 3729 2385 diebus,

2081 2397 2173 2450 ter
2203 2410 2305 2466 per
2327 2404 2585 2466 annum,
2606 2388 2813 2466 iduest,
2839 2388 2898 2442 in
2939 2385 3310 2466 solemnitate
3344 2388 3729 2466 .Azymorum,

2084 2472 2143 2521 et
2174 2457 2232 2520 in
2260 2460 2628 2519 solemnitate
2654 2458 3194 2526 Hebdomadarum,
3235 2463 3294 2513 et
3342 2460 3399 2514 in
3442 2457 3729 2514 solemni-

2081 2542 2200 2593 tate
2244 2532 2804 2591 Tabernaeulorum.

2154 2611 2221 2661 Et
2277 2602 2583 2661 constituit
2638 2603 2806 2671 juxta
2857 2600 3305 2671 dispositionem
3336 2600 3516 2656 David
3544 2600 3729 2672 patris

2083 2680 2173 2735 sui
2207 2676 2400 2733 ofﬁcia
2431 2673 2803 2729 sacerdotum
2826 2671 2886 2725 in
2920 2672 3263 2726 ministeriis
3296 2672 3420 2726 suis
3456 2689 3469 2726 :

2156 2748 2479 2806 Et-Levitas
2504 2746 2563 2800 in
2596 2744 2801 2800 ordine
2831 2759 2959 2807 suo,
2994 2747 3059 2797 ut
3102 2742 3410 2797 laudarent
3461 2746 3519 2798 et
3558 2742 3732 2797 mini-

2083 2826 2334 2879 strarent
2372 2832 2569 2874 coram
2598 2814 3024 2883 sacerdotibus,
3076 2815 3248 2884 juxta
3294 2814 3474 2870 ritum
3527 2812 3732 2869 unius-

2086 2890 2521 2963 cujusqueqdiei
2552 2903 2567 2944 :

2167 2955 2240 3021 Et
2280 2955 2566 3034 janitores
2597 2958 2656 3034 in
2687 2955 3367 3034 divisionibus‘suisper
3414 2958 3641 3034 portam
3672 2961 3731 3012 et

2086 3026 2320 3109 portam
2357 3051 2371 3089 :
2404 3031 2487 3109 sic
2518 3029 3057 3109 enimpraeceperat
3083 3026 3471 3109 David’homo
3505 3028 3623 3109 Dei:

2160 3108 2277 3162 Nec
2307 3099 2722 3175 praetergressi
2764 3105 2905 3175 sunt
2958 3099 3029 3154 de
3078 3099 3373 3175 mandatis
3406 3099 3580 3170 regis,
3608 3102 3729 3153 tam

2091 3170 2424 3235 sacerdotes
2454 3170 2633 3245 qu'am
2670 3173 2895 3245 Levites,
2926 3187 2996 3226 ex
3024 3170 3300 3227 omnibus
3345 3187 3474 3242 quae
3519 3186 3732 3241 praece-

2093 3254 2277 3323 perat,
2308 3252 2366 3303 et
2395 3249 2456 3323 in
2472 3243 2768 3301 custodiis
2801 3243 3232 3323 thesaurorum.

2163 3312 2377 3377 omnes
2405 3318 2704 3388 impensas
2721 3319 3070 3388 praeparatas
3103 3312 3312 3388 habuit
3340 3312 3641 3388 Salomon,
3668 3328 3737 3366 ex

410 3390 572 3447 Oculi
603 3405 838 3516 guoque
891 3387 1003 3443 mei
1060 3391 1233 3473 erunt
1290 3388 1497 3470 aperti,
1530 3383 1593 3469 et.
1632 3403 1804 3441 aures
1841 3402 1986 3442 mea
2093 3408 2159 3447 eo
2191 3392 2284 3447 die
2306 3407 2422 3461 quo
2452 3383 2979 3444 fundavit'domum
3004 3384 3257 3451 Domini,
3278 3401 3464 3456 usque
3492 3383 3552 3439 in
3580 3383 3738 3438 diem

410 3468 539 3516 ecta:
568 3480 599 3516 a
671 3466 995 3516 orationem
1024 3474 1175 3516 eius.
1207 3474 1307 3516 um
1340 3476 1398 3512 ιη
1435 3460 1557 3515 loco
1580 3462 1692 3514 isto
1710 3459 1982 3514 oraverit.
2096 3480 2212 3516 auo
2246 3460 2489 3516 perfecit
2516 3475 2668 3515 eam.

338 3468 539 3520 erecta:
568 3480 599 3517 a

413 3533 570 3606 Elegi
600 3532 864 3606 enim,_et
886 3529 1238 3606 sanctiﬁcavi
1270 3530 1460 3585 locum
1493 3530 1672 3586 istum
1704 3529 1987 3585 utsitno-

339 3622 476 3662 men
511 3601 707 3660 meum
760 3604 841 3657 ibi
900 3604 959 3657 in
1018 3601 1467 3674 sempiternum,
1499 3608 1557 3657 et
1603 3605 1985 3674 permaneant

339 3676 493 3735 oculi
528 3678 662 3741 mei,
696 3679 752 3730 et
773 3692 872 3730 cor
902 3690 1099 3728 meum
1130 3673 1210 3727 ibi
1241 3673 1470 3728 cunctis
1502 3673 1730 3729 diebus.

411 3750 499 3804 Tu
519 3763 769 3820 quoque
801 3747 847 3801 si
882 3745 1274 3801 ambulaveris
1305 3762 1501 3820 coram
1534 3762 1647 3820 me,
1682 3746 1979 3799 sicutam-

332 3817 567 3876 bulavit'
590 3817 764 3874 David
820 3822 983 3889 pater
1039 3821 1197 3881 tuus,
1232 3822 1296 3889 et!
1333 3817 1537 3871 feceris
1578 3818 1980 3889 juxtaomnia

331 3909 460 3965 quae
515 3890 762 3973 praecepi
820 3886 924 3944 tibi
961 3905 973 3943 :
1006 3892 1063 3943 et
1112 3887 1371 3958 iustitiae
1432 3886 1597 3942 meas
1634 3886 1978 3959 judiciaque

323 3979 649 4019 servaveris
683 3979 696 4017 ε

396 4033 705 4091 Suscitabo
760 4030 1042 4086 thronum
1105 4030 1269 4101 regni
1323 4030 1429 4093 tui,
1464 4029 1618 4085 sicut
1678 4028 1977 4101 pollicitus

327 4123 461 4161 sum
503 4105 682 4160 David
717 4102 865 4173 patri
911 4107 1033 4170 tuo,
1084 4101 1284 4173 dicens
1319 4118 1332 4155 :
1367 4102 1491 4155 Non
1552 4101 1850 4156 auferetur
1904 4101 1975 4155 de

325 4178 512 4259 stirpe
539 4182 638 4259 tua
668 4172 775 4241 vir,
810 4173 1021 4259 quiasit
1046 4172 1324 4259 princeps
1356 4173 1648 4259 inlsrael.

397 4242 457 4305 Si
479 4251 676 4304 autem
704 4242 890 4301 aversi
916 4244 1163 4310 fueritis,
1186 4250 1242 4299 et
1261 4242 1974 4315 ’dereliqueritisjustitias

325 4336 509 4385 meas,
544 4324 601 4375 et
632 4321 1260 4390 praecepta_mea,_quae
1293 4314 1569 4390 preposui
1602 4314 1975 4390 vobi_s,etab-

323 4396 530 4448 euntes
561 4386 880 4447 servieritis
910 4388 1024 4443 diis
1068 4386 1298 4454 alienis,
1330 4386 1415 4441 et’
1442 4386 1821 4442 adoraveritis
1852 4401 1972 4454 eos,

324 4463 570 4519 evellam
605 4477 704 4516 vos
735 4460 806 4514 de
836 4463 991 4513 terra
1027 4474 1176 4528 mea,
1205 4474 1381 4528 quam
1415 4458 1547 4513 dedi
1580 4458 1746 4513 vobis
1780 4474 1793 4511 :

397 4534 464 4589 Et
496 4535 739 4589 domum
773 4530 944 4597 hanc,
983 4546 1159 4601 quam
1186 4530 1544 4585 sanctilicavi
1572 4528 1793 4584 nomini
1820 4544 1972 4601 meo,

324 4606 631 4679 projiciam
648 4621 680 4658 a
700 4603 844 4679 facie
869 4599 1097 4679 mea—,et
1127 4602 1354 4679 tradam
1380 4617 1507 4655 eam
1530 4600 1589 4655 in
1614 4599 1975 4672 parabolam,

324 4672 385 4734 ct
414 4672 472 4732 i'n
504 4674 838 4745 exemplum
872 4673 1101 4745 cunctis
1131 4672 1383 4745 populis.

397 4749 464 4804 Et
496 4741 708 4803 domus
740 4746 854 4802 ista
883 4745 994 4799 erit
1023 4743 1081 4797 in
1105 4741 1479 4815 proverbium
1502 4741 1976 4815 universistran-

327 4820 661 4887 seuntihus,
695 4822 751 4872 et
782 4816 976 4871 dicent
1018 4812 1362 4887 stupentes:
1390 4816 1575 4887 Quare
1608 4814 1741 4869 fecit
1780 4812 1978 4868 Domi-

327 4909 439 4947 nus
472 4891 557 4947 sic
591 4886 754 4945 terrea
788 4886 923 4942 huic
954 4890 1011 4941 et
1041 4886 1240 4941 domui
1274 4886 1411 4941 huic
1439 4886 1467 4940 ‘I

395 4961 1007 5035 Respondebuntque:
1035 4958 1179 5022 Quia
1197 4958 1643 5035 dereliquerunt
1660 4956 1977 5035 Dominum

322 5028 778 5105 Deum-patrum
812 5028 1076 5105 suorum,
1112 5030 1214 5105 qui
1240 5028 1439 5105 eduxit
1469 5044 1566 5084 eos
1599 5029 1669 5105 de
1698 5032 1851 5105 terra
1881 5028 1978 5081 ᾸΞ-

322 5105 509 5179 gypti,
541 5100 599 5161 et
628 5102 1158 5179 apprehenderunt
1183 5102 1322 5157 deos
1346 5100 1589 5166 alienos,
1622 5104 1679 5155 et
1706 5100 1982 5155 adorave-

322 5176 464 5233 runt
494 5192 620 5243 eos,
657 5180 829 5245 atque
860 5176 1169 5228 coluerunt
1203 5188 1216 5226 :

399 5240 622 5304 Idcirco
653 5240 1151 5315 veneruutsuper
1176 5259 1276 5299 eos
1308 5243 1578 5315 universa
1626 5242 1749 5315 haec
1799 5240 1979 5307 mala,

397 5320 557 5393 [Cap.
591 5318 769 5393 Ylll.]
794 5314 1083 5393 _E_xp_letis
1110 5320 1304 5393 autem
1355 5314 1570 5393 viginti
1593 5314 1785 5393 annis,
1820 5316 1977 5384 post-

330 5386 510 5463 quam
528 5386 834 5463 aedificavit
852 5386 1128 5463 Sdlomon
1149 5386 1721 5463 domumDominiet
1740 5387 1977 5463 domum

324 5455 496 5519 s'uam
533 5480 547 5518 :
583 5461 868 5524 civitates,
900 5475 1047 5530 quos
1075 5459 1314 5513 dederat
1344 5457 1541 5513 Hiram
1574 5455 1977 5530 Salomoni,te-

328 5534 616 5600 diﬁcavit,
650 5538 708 5587 et
738 5528 1003 5587 habitare
1033 5528 1113 5584 ibi
1149 5530 1281 5584 fecit
1314 5529 1465 5584 filios
1492 5528 1692 5583 Israel.

404 5606 566 5663 Abiit
598 5620 832 5675 quoque
856 5602 1124 5675 inAEmat
1153 5602 1333 5675 Seba,
1366 5605 1422 5655 et
1453 5600 1886 5675 obtinuit__eam.

395 5680 463 5735 Et
494 5669 801 5732 adificavit
851 5672 1163 5729 Palmiram
1195 5673 1253 5726 in
1289 5674 1541 5739 deserto,
1573 5676 1629 5727 et
1660 5671 1804 5725 alias
1837 5669 1976 5723 civi-

331 5754 485 5806 tates
516 5746 951 5804 munitissimus
982 5744 1288 5800 aedificavit
1317 5744 1374 5797 in
1407 5744 1639 5799 Emath.

396 5821 809 5891 Exstruxitque
836 5816 1131 5874 Bethoron
1172 5816 1655 5889 superioremﬁet
1687 5812 1975 5871 Bethoron

671 3459 995 3538 orationem
1024 3460 1175 3538 ejus,
1207 3459 1307 3538 qui
1340 3460 1398 3512 in
1435 3460 1692 3538 locoisto
1710 3459 1982 3538 oraverit.

2096 3480 2212 3536 quo
2246 3460 2489 3536 perfecit
2516 3475 2668 3536 e_am.

2165 3525 2327 3591 Tu'nc
2356 3533 2502 3588 abiit
2530 3530 2803 3587 Salomon
2839 3527 2897 3583 in
2934 3526 3313 3599 Asiongaber,
3348 3531 3405 3583 et
3454 3527 3510 3582 in
3542 3525 3736 3582 Ailath

2094 3606 2165 3662 ad
2200 3622 2361 3661 oram
2395 3603 2575 3659 maris
2606 3600 2811 3665 Rubri,
2843 3617 2969 3670 qua:
3003 3604 3091 3655 est
3121 3605 3273 3655 terra
3302 3600 3506 3654 Edom.

2164 3676 2325 3732 Misit
2355 3679 2549 3729 autem
2581 3674 2633 3728 ei
2662 3677 2884 3727 Huram
2919 3688 3021 3743 per
3043 3688 3253 3743 manus
3276 3684 3575 3743 servorum
3604 3685 3735 3724 suo-

2091 3764 2222 3803 rum
2246 3750 2509 3814 naves,et
2533 3748 2744 3814 nautas
2767 3741 2981 3814 gnaros
3006 3742 3205 3814 maris,
3228 3744 3285 3795 et
3307 3741 3579 3814 abierunt
3599 3755 3733 3794 cum

2090 3819 2272 3873 servis
2304 3810 2633 3872 Salomonis
2678 3812 2735 3866 in
2766 3812 2966 3883 Opbir,
2998 3811 3378 3883 tuleruntque
3409 3810 3554 3883 inde
3591 3827 3737 3881 qua-

2087 3889 2398 3961 dringenta
2429 3879 2857 3961 quinquaginta
2889 3882 3111 3938 talenta
3142 3879 3299 3953 auri,
3324 3886 3380 3937 et
3410 3879 3737 3937 attulerunt

2087 3962 2155 4016 ad
2194 3958 2387 4032 regem
2410 3958 2806 4032 Salomonem.

2156 4022 2310 4103 [ϐαῇ.
2347 4030 2471 4103 IX.]
2503 4028 2723 4103 Regina
2744 4039 2981 4103 quoque
2998 4024 3168 4103 Saba,
3195 4040 3327 4103 cum
3346 4024 3609 4103 audisset
3649 4022 3727 4103 fa-

2087 4095 2625 4166 mam'Salouionis',
2666 4095 2825 4152 venit
2857 4095 2920 4151 ut
2967 4100 3220 4150 tentaret
3268 4111 3395 4150 eum
3449 4095 3507 4149 in
3541 4095 3732 4165 aenig-

2086 4176 2369 4239 matibus,
2392 4174 2449 4227 in
2480 4171 2830 4234 Jerusalem,
2872 4183 3006 4222 cum
3041 4166 3266 4235 magnis
3288 4167 3520 4239 opibus,
3550 4171 3607 4221 et
3635 4182 3730 4221 ca-

2086 4245 2256 4301 melis
2278 4237 2377 4315 qui
2404 4243 2715 4316 portabant
2732 4244 3014 4304 aromata,
3037 4243 3093 4294 et
3116 4239 3236 4294 auri
3262 4237 3541 4309 plurium,
3565 4252 3731 4308 gem-

2085 4314 2326 4389 masque
2353 4314 2659 4389 pretiosas.

2155 4378 2422 4458 Cumque
2463 4385 2718 4458 venisset
2766 4383 2836 4437 ad
2888 4380 3262 4458 Salomonen,
3311 4378 3506 4434 locuta
3553 4383 3644 4435 est
3675 4378 3728 4434 ei

2086 4477 2122 4532 q
2142 4454 2651 4532 uascunqueerant
2678 4455 2737 4532 i_n
2770 4454 2943 4508 corde
2965 4468 3093 4532 suo.

2157 4531 2222 4586 Et
2253 4522 2520 4600 exposuit
2539 4528 2587 4582 ei
2621 4525 2888 4600 Salomon
2912 4522 3111 4600 omnia
3140 4538 3265 4594 quae
3286 4524 3736 4600 proposuerat:

2088 4618 2192 4657 nec
2226 4593 2549 4672 quidquam
2577 4597 2866 4672 fuit,q_u_od
2885 4596 2936 4650 ei
2969 4610 3082 4672 non
3110 4593 3481 4672 perspicuum
3509 4593 3728 4672 fecerit.

2156 4664 2315 4737 Quod
2354 4664 2668 4742 postquam
2702 4664 2867 4736 vidit,
2910 4664 3257 4742 sapientiam
3292 4664 3529 4742 scilicet
3576 4664 3736 4720 Salo-

2089 4736 2279 4799 monis
2312 4736 2369 4799 et
2398 4736 2633 4797 domum
2698 4755 2873 4811 quam
2926 4736 3326 4811 aediﬁcaverat,
3381 4751 3485 4790 nec
3536 4753 3648 4790 non
3674 4751 3735 4811 e-

2088 4816 2310 4872 cibaria
2341 4830 2553 4869 mensae
2582 4806 2731 4883 ejus;
2754 4814 2819 4883 et
2849 4806 3182 4883 habitacula
3208 4823 3534 4872 servorum,
3558 4812 3613 4861 et
3643 4806 3731 4883 of-_

2088 4887 2222 4942 ficia
2252 4878 2661 4941 ministrorum
2714 4882 2867 4951 ejus,
2899 4884 2957 4934 et
2987 4880 3342 4951 vestimenta
3372 4892 3571 4933 eorum
3605 4878 3734 4951 pint

2088 4975 2293 5014 cernas
2325 4973 2561 5029 quoque
2590 4960 2646 5010 et
2673 4948 2863 5029 vestes
2892 4968 3117 5029 eorum,
3150 4950 3418 5029 victimas
3444 4964 3590 5029 quas
3624 4948 3733 5001 im-

2090 5022 2433 5085 molabat-in
2463 5022 2641 5082 domo
2700 5022 2926 5079 Domini
2960 5038 2973 5077 :
3005 5039 3119 5077 non
3168 5026 3293 5077 erat
3324 5037 3442 5092 prae
3494 5024 3732 5091 stupore

2089 5100 2243 5156 ultra
2273 5101 2330 5155 in
2362 5116 2429 5155 ea
2460 5097 2725 5169 spiritus.

2159 5172 2429 5242 Dixitque
2462 5159 2532 5225 ad
2566 5184 2762 5243 regem
2798 5165 3033 5243 :_Verus
3065 5179 3258 5243 sermo
3300 5177 3474 5243 quem
3525 5159 3734 5243 audie-

2090 5260 2213 5297 ram
2250 5243 2306 5297 in
2338 5232 2493 5297 terra
2525 5232 2752 5295 mea'de
2782 5236 3101 5292 virtutibus
3131 5238 3185 5289 et
3218 5232 3505 5303 sapientia
3534 5238 3655 5286 tua.

2163 5314 2283 5369 Non
2315 5314 2622 5369 credebam
2675 5308 3074 5374 narrantibus,
3118 5306 3299 5360 donec
3358 5304 3485 5374 ipsa
3534 5303 3728 5358 venis-

2090 5402 2235 5453 sem,
2269 5390 2326 5439 et
2356 5384 2637 5439 vidissent
2668 5381 2817 5437 oculi
2851 5378 2988 5453 mei,
3010 5383 3079 5453 et
3108 5390 3466 5453 pronassem,
3501 5374 3591 5429 vix
3611 5390 3728 5453 me-

2090 5446 2364 5512 dietatem
2403 5455 2846 5527 sapientimituze
2881 5449 3022 5527 mihi
3058 5446 3237 5503 fuisse
3267 5451 3562 5502 narratam
3598 5462 3610 5499 :
3648 5446 3731 5500 vi-

2090 5529 2219 5583 cisti
2254 5521 2817 5582 famam'virtutibus
2846 5521 2985 5576 tuis.

2162 5600 2318 5654 Beati
2351 5598 2457 5653 viri
2490 5598 2595 5665 tui,
2628 5601 2683 5650 et
2714 5593 2867 5650 beati
2900 5590 3047 5646 servi
3067 5588 3151 5643 tul
3187 5588 3290 5665 ibi
3325 5588 3732 5665 quiassistunt

2090 5686 2283 5726 coram
2320 5676 2372 5725 te
2400 5671 2459 5725 in
2494 5660 2652 5725 omni
2685 5674 2961 5737 tempore,
3007 5666 3063 5717 et
3092 5660 3341 5715 audiunt
3378 5660 3732 5734 sapientiam

2097 5747 2565 5871 tu‘giixtLDominus
2598 5814 2747 5865 Deus
2783 5810 2921 5863 tuus
2952 5802 3318 5874 benedictus,
3350 5804 3448 5877 qui
3479 5803 3659 5861 voluit
3680 5808 3735 5861 te
