4090 6192
321 162 466 221 1439

1376 177 1434 231 8.
1479 177 1884 234 HlERONYMI
1921 180 2180 236 DIVINA
2215 179 2708 237 BIBLIOTHECA.

3599 180 3730 237 me

321 290 595 378 ordinare
625 309 804 368 super
829 295 1110 353 thronum
1141 312 1340 366 suum,
1373 314 1568 372 regem
1597 301 1831 358 Domini
1863 301 1966 364 Dei
1995 303 2049 372 Α
2117 302 2397 378 _Reliqua
2430 309 2622 361 autem
2656 303 3248 378 operumSalomonis
3263 305 3524 377 priorum
3557 310 3727 378 etno-

321 365 429 420 tui.

393 435 542 500 Quia
571 435 763 509 diligit
793 439 947 496 Deus
978 440 1178 506 Israel,
1211 448 1264 496 et
1293 441 1417 498 vult
1443 460 1673 501 servare
1724 462 1858 501 eum
1906 446 1966 502 in

325 509 878 590 aeternum-idcirco
920 512 1217 590 posuitte
1257 529 1434 586 super
1481 532 1612 571 eum
1652 533 1871 590 regem,
1905 524 1970 575 ut

323 580 756 654 fac_ias__judicia
783 580 958 653 atque
980 583 1304 654 justitiam.

393 652 563 732 Dedit
594 657 790 732 autem
823 652 944 732 regi
965 652 1212 732 centum
1244 657 1456 728 viginti.
1482 656 1699 732 talenta
1732 661 1881 732 auri,
1913 665 1971 718 et

285 767 290 774 .
325 727 585 778 aromata
618 723 804 780 multa
833 723 1032 794 nimis,
1066 733 1123 782 et
1158 723 1424 800 gemmas
1457 723 1915 801 pretiosissimis
1950 749 1964 790 :

393 810 526 893 Non
553 811 790 893 fuerunt
820 820 1082 893 aromata
1105 816 1254 893 talia
1284 822 1348 873 ut
1378 818 1496 876 hanc
1531 837 1656 893 quae
1688 821 1849 878 dedit
1879 840 1967 879 re-

322 883 462 955 gina
492 883 646 940 Saba
676 886 792 955 regi
825 886 1174 944 Salomonis.

393 954 503 1009 Sed
537 959 595 1010 et
625 954 776 1012 servi
807 962 1028 1013 Huram
1052 976 1183 1016 eum
1207 961 1390 1016 servis
1411 961 1740 1020 Salomonis
1757 965 1966 1022 attule-

323 1030 469 1108 runt.
491 1041 700 1108 aurum
734 1029 804 1084 de
827 1030 1107 1108 Qphir,_et
1144 1031 1306 1108 ligna
1350 1033 1583 1108 thyina,
1613 1040 1672 1090 et
1702 1051 1968 1108 gemmas

322 1096 784 1169 pretiosissimas
807 1117 820 1154 :
843 1096 915 1156 de
935 1102 1150 1172 quibus
1173 1096 1311 1160 fEcit
1334 1096 1527 1174 rex',de
1549 1096 1970 1180 l'ignis’scilicet

320 1168 567 1233 thyinis,
599 1171 816 1233 gradus
844 1172 902 1227 in
936 1175 1110 1229 domo
1126 1175 1380 1233 Domini.
1403 1181 1460 1232 et
1492 1177 1551 1233 in
1584 1181 1758 1233 domo
1785 1181 1966 1233 regia.

323 1186 567 1252 tnyims,
599 1186 816 1241 gradus
844 1190 902 1227 ιη
936 1186 1110 1229 nemo
1126 1186 1380 1243 Domini,
1403 1186 1460 1232 et
1492 1186 1551 1233 in
1584 1186 1758 1235 domo
1785 1186 1966 1253 regia,

323 1241 580 1297 citharas
611 1258 864 1316 quoque,
890 1250 946 1300 et
977 1245 1252 1316 psalteria
1281 1249 1624 1304 cantoribus
1652 1267 1666 1305 :

391 1317 709 1390 rjunquam
739 1315 863 1390 visa
895 1315 1033 1372 sunt
1061 1316 1118 1390 in
1150 1321 1310 1390 terra
1335 1319 1488 1374 Juda
1516 1320 1679 1390 ligna
1711 1320 1870 1378 talia.

397 1383 517 1439 Rex
546 1383 753 1462 autem,
775 1386 1048 1443 Salomon
1081 1389 1242 1462 dedit
1277 1391 1494 1462 reginaa
1551 1383 1702 1447 Saba
1755 1397 1968 1450 cuncta

323 1457 657 1537 quse‘voluit
686 1461 766 1537 _et
812 1475 942 1528 qua:
998 1457 1556 1532 postulavitfmulto
1588 1463 1758 1535 plura
1786 1482 1963 1537 quam

323 1525 604 1584 attulerat
633 1529 703 1583 ad
738 1525 870 1585 eum
899 1547 913 1586 :

393 1601 526 1680 Qua)
559 1616 807 1669 reversa,
836 1601 981 1658 abiit
1020 1603 1079 1659 in
1114 1606 1324 1660 terram
1373 1621 1542 1661 suam
1592 1623 1728 1663 cum
1779 1609 1964 1666 servis

321 1686 470 1726 81118.

391 1745 534 1817 Erat
561 1746 754 1799 autem
789 1746 1020 1817 pondus
1052 1746 1202 1815 auri,
1236 1748 1392 1817 quod
1423 1748 1774 1806 efferebatur
1801 1751 1963 1808 Salo-

322 1814 480 1893 moni
514 1814 821 1893 perannos
847 1817 1133 1889 singulos,
1158 1814 1429 1874 sexcenta
1445 1823 1749 1893 sexaginta
1768 1829 1962 1880 sexta-

322 1882 482 1941 lenta
502 1882 630 1964 auri
650 1902 664 1943 :
685 1893 926 1960 excepta
944 1882 1010 1946 εδ.
1039 1882 1272 1964 summa
1293 1906 1466 1964 quam
1493 1882 1670 1964 legati
1701 1894 1964 1952 diversa-

321 1971 453 2011 rum
475 1957 763 2029 gentium,
783 1957 843 2016 et
861 1961 1253 2033 negotiatores
1273 1957 1477 2018 afferre
1512 1957 1959 2033 consueverant,

320 2043 641 2110 omnesque
663 2047 829 2110 reges
870 2032 1119 2100 Arabiae,
1151 2036 1208 2088 et
1237 2037 1482 2110 satrapae
1513 2039 1827 2110 terrarum,
1861 2032 1963 2110 qui

318 2101 767 2172 comportabant
795 2121 1004 2160 aurum
1037 2109 1094 2162 et
1121 2101 1431 2176 argentum
1463 2105 1781 2166 Salomoni.

387 2190 547 2244 Fecit
574 2189 756 2262 igitur
785 2208 885 2247 rex
916 2192 1190 2249 Salomon
1224 2193 1510 2250 ducentas
1531 2194 1735 2252 hastas
1756 2214 1964 2255 aureas

319 2261 390 2339 d_e
421 2277 659 2339 summa
687 2267 1093 2339 sexcentorum
1146 2280 1482 2335 aureorum,
1533 2267 1633 2339 qui
1682 2269 1740 2324 in
1774 2269 1963 2325 hastis

315 2331 571 2405 singulis
599 2335 1094 2405 expendebantur.

386 2403 929 2477 Trecenta—quoque
950 2414 1116 2463 scuta
1137 2421 1315 2462 aurea
1337 2410 1730 2466 trecentorum
1762 2427 1961 2468 aureo-

317 2489 472 2542 rum,
507 2475 727 2551 quibus
753 2475 1099 2551 tegebantur
1123 2483 1290 2533 scuta
1320 2479 1589 2551 singula;

387 2547 704 2620 Posuitque
743 2547 942 2606 ea’rex
970 2549 1029 2606 in
1062 2547 1621 2624 armentario'quod
1663 2557 1787 2610 erat
1817 2571 1960 2611 con-

316 2616 498 2673 situm
532 2616 790 2676 nemore.

385 2689 558 2768 Fecit
573 2707 808 2768 quoque
837 2709 936 2748 rex
951 2691 1167 2768 solium
1198 2692 1522 2768 eburneum
1537 2697 1845 2768 grande,et
1869 2712 1961 2753 ve-

315 2761 478 2816 stivit
501 2761 810 2840 illudrauro
830 2761 1958 2840 mundissimoﬁexquegradus,quibus

317 2833 750 2910 ascendebatur
773 2837 845 2910 ad
877 2835 1110 2910 solium,
1162 2842 1220 2892 et
1252 2833 1569 2910 scabelluvm
1609 2833 1874 2910 aureum,
1903 2845 1961 2896 et

314 2903 615 2960 brachiola
645 2907 761 2962 duo
794 2903 1169 2970 altrinsecus,
1215 2913 1272 2964 et
1312 2909 1460 2964 duos
1490 2910 1687 2967 leones
1731 2903 1958 2968 stantes

305 2975 476 3045 juxta
497 2977 832 3034 braehiola:
867 2981 968 3034 sed
1002 2983 1059 3034 et
1105 2977 1251 3036 alios
1300 2980 1608 3037 duodecim
1649 2981 1954 3040 leunculos

313 3050 538 3125 stantes
552 3065 757 3125 super
776 3065 876 3106 sex
899 3052 1126 3125 gradus
1155 3068 1224 3106 ex
1255 3056 1502 3125 utraque
1533 3058 1700 3125 parte
1728 3070 1741 3109 :

386 3119 512 3197 ljon
544 3119 658 3197 fuit
683 3123 799 3177 tale
828 3119 1046 3178 solium
1079 3122 1140 3177 in
1171 3119 1465 3197 universis
1493 3119 1708 3197 regnis.

385 3189 597 3269 Omnia
627 3195 1304 3269 quoque_vasa_c_onvivii
1353 3196 1504 3263 regis
1551 3189 1719 3269 Erant
1748 3213 1957 3269 aurea,

311 3263 370 3316 et
399 3279 540 3318 vasa
562 3263 781 3321 domus
805 3264 994 3322 saltus
1043 3266 1242 3322 Libani
1271 3283 1340 3322 ex
1371 3283 1513 3324 auro
1543 3267 1886 3341 purissimo,

311 3352 702 3477 tatinigenium
735 3355 895 3411 enim
932 3353 992 3410 in
1025 3354 1236 3410 diebus
1268 3354 1387 3412 illis
1414 3373 1518 3429 pro
1565 3356 1751 3413 nihilo
1783 3375 1959 3430 repu-

483 3440 570 3477 ur.

339 3438 570 3478 abatur.

382 3493 691 3564 Siquidem
726 3512 900 3552 naves
924 3495 1085 3568 regis
1117 3495 1281 3552 ibant
1305 3497 1364 3552 in
1395 3497 1636 3554 Tharsis
1660 3515 1795 3554 cum
1830 3517 1955 3556 ser-

309 3563 398 3620 vis
429 3563 675 3635 Huram,
708 3568 889 3623 semel
920 3567 981 3622 in
998 3563 1194 3624 'annis
1237 3568 1447 3634 tribus,
1510 3573 1568 3625 et
1623 3570 1963 3626 deferebant

309 3635 448 3692 inde
496 3654 704 3693 aurum
737 3642 794 3695 et
834 3643 1166 3712 argentum,
1214 3644 1271 3696 et
1317 3641 1483 3709 ebur,
1526 3645 1584 3696 et
1630 3642 1856 3714 simias,
1904 3647 1962 3699 et

310 3724 510 3780 pavos.

378 3779 791 3856 Magniﬁcatus
818 3786 937 3856 est
991 3781 1196 3856 igitur
1229 3782 1502 3840 Salomon
1546 3799 1722 3856 super
1753 3801 1961 3842 omnes

309 3867 476 3927 reges
507 3857 675 3909 terrae
713 3854 935 3910 divitiis
967 3854 1036 3910 et’
1052 3854 1259 3927 gloria.

382 3923 720 3996 Omnesque
753 3942 919 3996 reges
965 3923 1256 3982 terrarum
1299 3926 1711 3983 desiderabant
1763 3928 1960 3984 videre

310 3995 521 4072 faciem
553 3995 905 4072 salomonis,
961 4002 1029 4072 ut
1073 3999 1346 4072 audirent
1385 3997 1733 4069 sapientiam
1779 4016 1959 4072 quam

310 4067 553 4141 dederat
583 4068 735 4124 Deus
768 4070 826 4125 in
859 4071 1032 4126 corde
1061 4070 1211 4141 ejus.

383 4139 454 4194 Et
483 4139 824 4197 deferebant
870 4142 920 4196 ei
972 4139 1240 4207 munera,
1271 4157 1410 4196 vasa
1440 4145 1736 4212 argentea,
1771 4149 1823 4196 el
1854 4158 1962 4196 au-

309 4226 430 4284 rea,
462 4215 519 4266 et
549 4217 760 4280 vestes,
806 4217 863 4268 et
891 4229 1075 4282 arma,
1110 4217 1166 4269 et
1196 4217 1478 4282 aromata,
1510 4229 1714 4284 equos,
1745 4217 1800 4268 et
1830 4229 1961 4269 mu-

309 4281 424 4355 los,
455 4299 557 4355 per
587 4283 855 4355 singulos
895 4281 1100 4340 annos.

383 4354 600 4410 Habuit
628 4354 862 4426 quoque
877 4356 1154 4412 Salomon
1174 4355 1560 4425 quadraginta
1583 4355 1764 4411 millia
1780 4371 1958 4427 equo-

312 4442 442 4498 rum
479 4426 536 4498 in
562 4427 836 4496 stabulis,
878 4432 935 4483 et
986 4443 1266 4483 curruum
1309 4429 1693 4498 equitumque
1735 4426 1954 4483 duOde-

311 4496 425 4552 cim
459 4497 1111 4572 millia,eonstituitque
1131 4514 1230 4554 eos
1264 4498 1324 4572 in
1362 4496 1616 4554 urbibus
1645 4499 1951 4572 quadriga-

311 4583 466 4636 rum,
500 4572 556 4624 et
585 4571 684 4626 ubi
711 4575 836 4627 erat
863 4587 962 4627 rex
991 4569 1050 4626 in
1081 4569 1434 4627 Jerusalem.

380 4657 652 4732 Exereuit
679 4661 858 4732 etiam
894 4663 1256 4732 potestatem,
1276 4676 1454 4730 super
1482 4665 1724 4732 cunctos
1768 4675 1956 4732 reges,

312 4745 348 4784 a
377 4728 622 4785 ﬂumine
651 4728 942 4802 Euphrate
975 4748 1161 4804 usque
1193 4730 1263 4804 ad
1305 4728 1522 4788 terram
1570 4728 1958 4788 Philisthino-

311 4815 465 4874 rum,
499 4805 557 4857 et
587 4818 776 4874 usque
797 4805 866 4859 ad
902 4803 1183 4874 terminos
1202 4803 1453 4874 z‘Egypti.

380 4873 746 4945 Tantamque
777 4875 1004 4946 copiam
1055 4873 1572 4946 praebuit’argenti
1622 4874 1680 4929 in
1727 4875 1958 4931 Jerusa-

305 4941 424 5018 lem
456 4945 628 5018 quasi
650 4941 924 5018 lapidum
953 4963 967 5013 ;
1001 4941 1392 5002 et'cedrorum
1415 4941 1650 5002 tantam
1685 4947 1959 5002 multitu-

311 5015 698 5144 dintembvelut
723 5015 1118 5087 sycomorum,
1153 5034 1282 5089 quas
1312 5017 1639 5090 gignuntur
1687 5019 1746 5074 in
1795 5035 1959 5075 cam-

311 5103 412 5144 Des
447 5107 489 5143 r1
542 5107 629 5144 us.

351 5089 629 5145 estribus.

308 5103 836 5234 gezii‘dliilesebantur
877 5164 1078 5217 autem
1125 5158 1178 5217 ei
1209 5157 1346 5232 equi
1381 5160 1452 5218 de
1480 5161 1746 5234 Egypto,
1779 5177 1954 5217 cunc-

305 5230 502 5304 tisque
532 5233 894 5305 regionibus.

381 5373 622 5448 {Biblia
654 5375 920 5448 quaedam
965 5375 1258 5448 impressa
1289 5373 1460 5448 annis
1512 5376 1670 5443 1478,
1717 5377 1851 5432 1489
1899 5383 1959 5436 et

305 5445 628 5528 15.21,}um
667 5445 800 5528 3111a
833 5445 1071 5528 secutis
1121 5447 1506 5528 temporibus,
1540 5452 1596 5503 et
1628 5449 1953 5528 praesertim

307 5517 630 5592 Nivelliaua
663 5519 904 5592 Parisiis
932 5520 1090 5592 1575,
1124 5517 1379 5592 denique
1422 5522 1480 5574 et
1532 5517 1675 5592 mss.
1712 5522 1954 5592 quidam

307 5589 743 5664 codices,_teste
775 5591 835 5645 P.
861 5590 1140 5655 Calmeto,
1182 5591 1552 5664 subjungunt
1596 5591 1689 5647 hic
1731 5589 1956 5664 ‘perico-

309 5675 441 5729 pem
473 5676 503 5714 e
526 5660 598 5716 ΙΙΙ
627 5661 892 5733 Ριθεηιιω
921 5678 1046 5732 cap.
1081 5677 1182 5728 xu,
1212 5662 1303 5729 20,
1336 5660 1656 5718 derivatam
1688 5681 1702 5720 :
1733 5660 1956 5723 Factum

307 5734 386 5784 est
417 5736 604 5787 autem
631 5732 759 5788 cum
787 5732 1035 5790 audisset
1062 5734 1245 5790 omnis
1293 5735 1462 5791 Israel
1512 5734 1652 5805 quod
1706 5752 1955 5795 reversus

2053 449 2172 513 tae,
2205 453 2261 503 et
2289 447 2347 502 in
2381 447 2546 504 libris
2578 454 2621 502 A

2076 374 2481 441 vissimorum,
2503 374 2722 503 scripta
2753 381 2897 432 sunt
2918 377 2974 431 in
2997 377 3191 434 verbis
3207 374 3440 434 Nathan
3484 377 3737 450 prophe-

2077 451 2172 503 tae.
2205 453 2261 503 et
2289 447 2347 502 in
2381 447 2546 503 libris
2578 454 2621 502 A
2674 449 2740 503 ise
2798 449 3084 503 Silonitis.
3117 449 3180 503 in
3220 449 3446 503 visione
3489 465 3728 503 auoaue

2674 449 2740 504 ite
2798 449 3084 521 Silonitis,
3117 449 3180 504 in
3220 449 3446 521 visione
3489 449 3728 521 quoque

2076 519 2265 575 Jaddo
2299 519 2586 586 Videntis,
2620 524 2822 575 contra
2851 519 3161 576 Jeroboam
3190 520 3377 576 {ilium
3411 519 3616 576 Nabat.

2151 591 2431 666 Regnavit
2462 590 2995 666 autem‘Salomon
3052 593 3112 666 in
3168 591 3496 648 Jerusalem
3550 609 3735 666 super

2078 661 2312 718 omnem
2335 661 2519 735 Israel
2545 663 2934 735 quadraginta
2968 663 3163 719 annis.

2148 733 2721 808 Dormivilnque’cum,
2752 733 3031 808 patribus
3058 735 3237 808 suis,
3270 737 3327 792 et
3371 733 3735 806 sepelierunt

2076 819 2212 932 enim
2246 807 2316 890 in.
2335 806 2564 862 civitate
2592 806 2810 862 David:
2839 806 3210 878 reguavitque
3234 823 3337 878 pro
3359 823 3426 862 eo
3456 807 3722 863 Roboem

2095 894 2110 931 ι
2144 893 2233 932 ius
2265 893 2416 932 eius.

2095 893 2233 932 mus
2265 893 2416 933 eius.

2148 893 2436 1021 igagiuff]
2508 949 2805 1006 Profectus
2856 952 2948 1005 est
3003 954 3206 1021 autem
3247 947 3502 1004 Roboam
3546 948 3604 1004 in
3637 950 3728 1006 Si-

2077 1018 2246 1075 chem
2284 1035 2297 1076 :
2330 1018 2470 1075 illuc
2513 1021 2670 1077 enim
2729 1025 2980 1076 cunctus
3030 1019 3212 1077 Israel
3251 1026 3622 1089 convenerat,
3660 1028 3727 1078 ut

2077 1091 2500 1165 constituerent
2527 1108 2672 1165 eum
2693 1109 2911 1165 regem.

2147 1164 2309 1235 Quod
2361 1180 2494 1218 cum
2542 1161 2803 1220 audisset
2841 1161 3346 1235 Jeroboamiilius
3375 1161 3588 1235 Nabat,
3620 1163 3725 1235 qui

2075 1234 2287 1309 eratin
2316 1238 2562 1308 IEgypto
2593 1237 2846 1307 (fugerat
2874 1235 3092 1309 quippe
3120 1234 3256 1290 illuc
3285 1237 3423 1290 ante
3453 1233 3724 1292 Salomo-

2075 1305 2253 1377 nem),
2296 1305 2499 1362 statim
2525 1305 2792 1364 reversus
2822 1305 2931 1364 est.
2981 1305 2999 1309 ⁷
3022 1305 3039 1308 ’

2146 1375 2627 1450 Voeaveruntque
2648 1395 2806 1444 eum,
2826 1385 2883 1434 et
2899 1376 3060 1432 venit
3077 1393 3208 1432 cum
3231 1374 3504 1433 universo
3523 1375 3725 1444 Israel,

2073 1455 2129 1505 et
2158 1447 2335 1504 locuti
2367 1455 2508 1506 sunt
2533 1447 2819 1521 Boboam,
2849 1450 3108 1505 dicentes
3141 1465 3154 1504 :

2145 1523 2317 1576 Pater
2345 1524 2484 1577 tuus
2503 1518 2824 1578 durissimo
2844 1522 2991 1594 jugo
3014 1537 3120 1576 nos
3143 1519 3379 1594 pressit,
3405 1523 3469 1574 tu
3499 1518 3724 1594 leviora

2074 1591 2301 1666 impera
2331 1597 2492 1664 patre
2523 1598 2652 1666 tuo,
2678 1593 2778 1666 qui
2811 1590 2980 1666 nobis
3011 1590 3247 1666 gravem
3276 1590 3563 1663 imposuit
3591 1607 3717 1666 ser-

1997 1671 2042 1736 Β
2072 1661 2347 1738 vitutem,
2373 1669 2432 1721 et
2458 1661 2761 1738 paululum
2794 1665 2866 1721 de
2913 1661 3087 1720 onere
3117 1661 3380 1734 subleva,
3409 1668 3472 1718 ut
3498 1663 3726 1719 servia-

2073 1751 2205 1791 mus
2234 1735 2362 1790 tibi.

2144 1807 2253 1870 Qui
2278 1806 2358 1862 ait
2391 1824 2405 1862 :
2439 1811 2578 1863 Post
2611 1810 2730 1865 tres
2759 1807 2886 1863 dies
2914 1804 3271 1862 revertimini
3303 1804 3376 1860 ad
3425 1820 3538 1861 me.

2143 1879 2407 1952 cumque
2449 1879 2671 1952 abisset
2712 1878 2986 1952 populus,
3049 1876 3181 1933 iniit
3209 1876 3524 1952 consilium
3577 1891 3717 1933 cum

2072 1947 2332 2015 senibus,
2365 1950 2464 2021 qui
2494 1947 3012 2008 steterant'coram
3046 1949 3376 2021 patregejus
3405 1947 3720 2021 Salomone

2072 2021 2213 2076 dum
2247 2019 2439 2077 adhuc
2468 2021 2718 2090 viveret,’
2739 2022 2937 2078 dicens
2972 2037 2984 2077 :
3017 2019 3167 2086 Quid
3201 2019 3354 2076 datis
3375 2019 3627 2088 consilii,
3654 2023 3722 2074 ut

2072 2094 2464 2166 respondeam
2491 2091 2746 2166 populo?

2143 2161 2249 2227 Qui
2300 2161 2586 2221 dixeru'nt‘
2619 2165 2668 2222 ei
2705 2183 2718 2222 :
2751 2165 2807 2219 Si
2852 2162 3143 2235 placueris
3189 2163 3402 2235 populo
3445 2161 3604 2232 huic,
3656 2166 3716 2235 et

2070 2235 2309 2292 lenieris
2339 2253 2436 2294 eos
2467 2236 2654 2294 verbis
2682 2233 3092 2302 clementibus,
3124 2233 3378 2291 servient
3406 2235 3519 2290 tibi
3549 2233 3713 2290 omni

2069 2310 2354 2364 tempore.

2141 2325 2188 2362 m
2235 2325 2354 2364 ore.

2141 2325 2345 2435 Αῗίιιθ
2374 2377 2615 2451 reliquit
2637 2378 2941 2435 consilium
2974 2393 3210 2444 senum,
3232 2381 3445 2451 etcum
3473 2376 3716 2448 juveni-

2070 2449 2182 2506 bus
2212 2455 2459 2523 tractare
2490 2448 2816 2523 c—oepittqui
2848 2467 2981 2506 cum
3013 2466 3078 2506 eo
3108 2448 3319 2504 nutriti
3368 2448 3628 2519 fuerant,
3661 2451 3723 2503 et

2069 2527 2238 2578 erant
2269 2522 2326 2578 in
2361 2521 2644 2580 comitatu
2677 2521 2856 2579 illius.

2141 2592 2411 2667 Dixitque
2443 2595 2515 2667 ad
2561 2611 2658 2650 eos
2687 2611 2700 2650 :
2731 2593 2879 2658 Quid
2910 2591 3084 2667 vobis
3128 2590 3404 2667 videtur?
3428 2589 3537 2667 _vel
3579 2606 3721 2667 res-

2068 2661 2498 2748 ponderequid
2533 2667 2725 2748 debeo
2745 2664 2960 2748 populo
2984 2663 3161 2748 huic,
3191 2663 3290 2745 qui
3325 2661 3476 2748 dixit
3517 2661 3667 2748 mini
3703 2678 3719 2716 :

2067 2734 2542 2809 Sublevajugum
2575 2738 2728 2809 quod
2747 2734 3039 2809 imposuit
3068 2734 3241 2790 nobis
3271 2738 3434 2805 pater
3461 2734 3647 2809 tuus?

2136 2755 2312 2793 :nteva
2331 2755 2542 2809 Jugum
2615 2755 2728 2794 una
2755 2755 3039 2808 imposuit
3068 2755 3241 2790 DODIS
3271 2755 3434 2805 pater
3461 2755 3600 2789 ιυυε
3624 2755 3645 2788 τ

2136 2810 2210 2880 At
2234 2755 2791 2880 illirespongerunt
2823 2808 3179 2878 utjuvenes,
3233 2813 3292 2862 et
3339 2804 3546 2861 nutriti
3573 2821 3715 2860 cum

2067 2895 2134 2935 eo
2167 2879 2226 2952 in
2258 2879 2507 2952 deliciis,
2540 2885 2720 2952 atque,
2746 2881 3065 2952 dixerunt:

2137 2951 2229 3007 Sic
2260 2950 2518 3024 loqueris
2550 2949 2787 3024 populo,
2833 2951 2934 3022 qui
2983 2949 3131 3004 dixit
3169 2949 3290 3024 tibi
3324 2964 3338 3003 :
3372 2951 3538 3024 Pater
3567 2952 3715 3003 tuus

1983 3041 2027 3109 ο
2068 3019 2645 3109 aggravavitjugum
2676 3019 2968 3092 nostrum,
2999 3025 3060 3078 tu
3092 3019 3356 3089 subleva,
3387 3023 3444 3076 et
3478 3020 3564 3075 sic
3592 3036 3715 3075 res-

2102 3095 2348 3151 ondebis
2376 3095 2450 3150 ei.

2061 3111 2348 3166 ponuems
2376 3111 2450 3150 ει.

2131 3166 2410 3249 Minimus
2441 3166 2662 3249 digitus
2695 3163 3242 3249 meusgross‘iorest
3271 3161 3491 3219 lumbis
3525 3162 3714 3249 patris

2063 3237 2200 3294 mei.
2233 3242 2402 3317 Pater
2431 3235 2599 3317 mcus
2631 3235 2915 3311 imposuit
2964 3236 3129 3292 vobis
3167 3235 3382 3317 jugum
3427 3239 3718 3317 gravehet

2063 3325 2169 3381 ego
2207 3311 2409 3387 majus
2443 3310 2673 3383 pondus
2719 3307 3012 3387 apponam
3043 3323 3056 3362 :
3091 3313 3256 3378 pater
3285 3307 3719 3387 meusucecidit

2060 3377 2176 3454 vos
2196 3377 2460 3452 flagellis,
2493 3398 2599 3454 ego
2629 3377 3010 3438 vero-cadam
3041 3377 3143 3454 ves
3173 3377 3602 3454 scorpionibus.

2135 3448 2301 3535 Venit
2329 3448 2466 3535 ergo
2488 3448 2928 3535 .Jeroboamget
2972 3449 3282 3535 universus
3311 3448 3605 3531 :pOpulus,
3641 3448 3716 3503 ad

2064 3524 2327 3582 Roboam
2359 3524 2449 3582 die
2483 3525 2675 3592 tertio,
2709 3525 2862 3582 sicut
2893 3526 3246 3596 praeceperat
3273 3524 3378 3577 eis.

2137 3596 2578 3668 Responditque
2608 3589 2707 3652 rex
2736 3589 2910 3668 dura;
2939 3589 3215 3668 derelicto
3243 3590 3489 3668 consilio
3515 3589 3715 3668 senio-

2063 3684 2194 3740 rum
2230 3662 2629 3740 {locutu-sque
2676 3667 2978 3740 estjuxta
3011 3667 3297 3740 juvenum
3328 3662 3711 3740 voluntatem.

2061 3739 2230 3817 Paler
2261 3756 2426 3817 mens
2457 3735 2631 3817 grave
2661 3735 3129 3817 vobisimposuit
3150 3736 3391 3817 jugum,
3412 3735 3567 3817 quod
3591 3748 3710 3817 ego

2062 3812 2300 3883 gravius
2361 3805 2571 3869 faciam
2605 3829 2618 3866 :
2653 3814 2816 3883 pater
2849 3805 3021 3883 meus
3059 3805 3272 3883 cecidit
3300 3823 3401 3862 vos
3437 3805 3711 3878 ﬂagellis,

2062 3879 2174 3959 Ego
2193 3899 2326 3938 vero
2354 3883 2574 3959 caedam
2603 3879 2703 3959 vos
2733 3879 3264 3959 scorpionionibus.
3376 3951 3386 3959 _
3502 3947 3516 3959 ο

2134 3955 2201 4032 Et
2226 3953 2659 4032 n_on_acquievil
2690 3951 2901 4032 populi
2923 3951 3192 4024 precibus
3226 3967 3240 4007 :
3273 3951 3396 4032 erat
3423 3951 3580 4003 enim
3612 3964 3713 4032 yo-

2060 4025 2307 4082 luntatis
2337 4018 2478 4092 Dei,’
2502 4031 2567 4081 ut
2593 4018 2983 4097 compleretur
3013 4037 3206 4097 sermo
3237 4020 3391 4097 ejus,
3421 4018 3709 4097 quemla-

2063 4102 2243 4169 cutus,
2263 4090 2456 4153 fuerat
2481 4114 2586 4169 per
2614 4090 2858 4153 manum
2879 4094 3040 4151 Ahiae
3069 4090 3335 4149 Silonitis
3367 4090 3713 4148 ad’Jerobo-

2063 4185 2156 4224 am
2191 4168 2379 4224 filium
2409 4168 2617 4224 Nabat.

2132 4240 2390 4312 Populus
2420 4249 2613 4296 autem
2645 4239 2981 4305 universus,
3012 4252 3147 4308 rege
3176 4233 3420 4290 duriora
3450 4233 3708 4301 dicente,

2064 4311 2150 4367 sic
2181 4311 2410 4368 locutus
2439 4316 2530 4368 est
2549 4311 2619 4367 ad
2653 4327 2784 4368 eum
2823 4327 2837 4367 :

1985 4401 2034 4466 D
2070 4383 2259 4466 “.No'n
2293 4384 2582 4466 estﬁnobis‘
2607 4400 2753 4466 pars
2775 4383 2833 4438 in
2855 4379 3067 4466 David,
3100 4393 3296 4466 neque
3317 4375 3632 4466 hereditas

2063 4453 2184 4510 ﬁlio
2219 4455 2353 4520 Isai,
2385 4448 2689 4511 Revertere
2739 4454 2799 4509 in
2851 4448 3233 4507 tabernacula
3280 4453 3384 4504 tua
3414 4448 3615 4517 Israel,
3650 4453 3712 4503 tu

2059 4530 2256 4582 autem
2290 4543 2462 4598 pasce
2492 4527 2730 4598 domum
2761 4529 2923 4598 tuam
2961 4522 3156 4598 David.

2132 4601 2199 4652 Et
2227 4592 2371 4654 abiit
2401 4597 2578 4654 Israel
2604 4599 2660 4652 in
2694 4592 3076 4653 tabernacula
3101 4607 3228 4648 sua.

2131 4673 2318 4740 Super
2347 4669 2499 4724 ﬁlios
2530 4673 2724 4725 autem
2759 4665 2958 4740 Israel,
2999 4663 3095 4734 qui
3137 4660 3489 4718 habitabant
3535 4661 3594 4716 in
3628 4662 3710 4717 ci-

2061 4738 2343 4814 vitatibus
2370 4741 2541 4808 Juda,
2567 4739 2836 4814 regnavit
2859 4738 3142 4814 Boboam.
3272 4805 3282 4814 .
3545 4806 3556 4814 Δ
3604 4807 3614 4814 Α
3663 4804 3675 4814 ,

2133 4811 2407 4884 Misitque
2439 4805 2535 4869 rex
2566 4805 2822 4868 Roboam
2853 4809 3136 4884 Adu_r_a_m_,
3186 4805 3286 4884 qui
3320 4805 3710 4884 praerattri-

2061 4883 2243 4952 bulis,
2275 4875 2334 4941 et
2363 4883 2772 4956 lapidaverunt
2800 4897 2935 4937 eum
2966 4879 3073 4934 ﬁlii
3103 4875 3395 4943 Israel,'et
3437 4881 3712 4932 mortuus

2062 4959 2309 5083 eatDono
2342 5043 2439 5083 rex
2470 5025 2731 5082 Roboam
2769 5038 3008 5080 currum
3050 5017 3348 5078 festinavit
3371 5019 3715 5092 ascendere,

2061 5101 2119 5154 et
2150 5099 2300 5170 fugit
2323 5098 2382 5154 in
2413 5096 2764 5170 Jerusalem.

2133 5162 2513 5242 Recessitque
2547 5169 2724 5226 Israel
2755 5184 2789 5224 a
2820 5167 2993 5223 domo
3014 5164 3219 5235 David,
3239 5179 3429 5236 usque
3457 5163 3530 5219 ad
3555 5162 3712 5218 diem

2058 5239 2276 5298 hanc‘.

2057 5389 2196 5439 esset
2242 5383 2548 5450 Jeroboam,
2599 5384 2872 5439 miserunt
2922 5385 2975 5437 et
3015 5387 3348 5435 vocaverunt
3394 5394 3522 5434 eum
3578 5394 3711 5435 con-

2056 5464 2281 5532 gregato
2308 5458 2468 5532 coetu,
2501 5459 2551 5512 et
2581 5455 2983 5511 constituerunt
3014 5466 3353 5532 eumfcgpm
3379 5465 3549 5532 super
3587 5467 3710 5532 orn;

2059 5521 2183 5582 non}
2214 5528 2406 5592 Israel,
2437 5521 2539 5583 nec
2561 5535 2774 5584 secutus
2821 5533 2898 5582 est
2943 5521 3192 5594 quisquis
3241 5521 3466 5577 domum
3504 5523 3707 5588 David,

2095 5603 2262 5655 racter
2289 5601 2516 5655 domum
2543 5598 2684 5654 Iuda
2711 5597 2906 5654 solam.
2941 5593 3088 5667 Quae,
3114 5598 3172 5667 et
3204 5594 3466 5667 Lyranus
3497 5593 3557 5649 in
3595 5612 3708 5667 suo

2095 5615 2262 5655 razrer
2289 5615 2516 5655 domum
2543 5615 2684 5654 mea
2711 5615 2906 5654 somn.
2941 5615 3077 5661 uuae
3114 5615 3172 5649 et
3204 5615 3466 5667 Lyranus
3497 5615 3557 5649 in
3595 5615 3702 5650 suo

2057 5615 2201 5741 regit
2224 5669 2540 5740 exemplari
2574 5687 2588 5726 :
2624 5668 2863 5727 tametsi
2896 5664 3214 5739 originales
3254 5669 3450 5723 textus
3479 5682 3548 5723 ea
3576 5665 3702 5738 pla-

2057 5758 2130 5798 ne
2155 5741 2446 5814 ignorent.
