4090 6192
408 189 548 246 1443

1447 189 1506 244 8.
1547 184 1953 247 HIERONYMI
1991 185 2246 244 DIVINA
2283 180 2778 243 BIBLIOTHECA.

3676 186 3817 245 1444

403 312 506 373 ﬁlii
540 316 757 373 Belial:
792 320 848 372 et
879 315 1308 388 praevaluerunt
1339 318 1544 371 contra
1573 315 1828 372 Roboam
1871 315 2059 372 ﬁlium
2089 319 2142 386 Α
2244 311 2398 388 Diait
2428 315 2624 368 autem
2657 311 2822 388 Juda
2851 327 2866 388 ς
2920 308 3303 388 IEdiﬁcemus
3327 309 3599 388 civitates
3655 312 3822 386 istas,

400 389 734 446 Salomonis
769 404 781 441 :

473 465 650 516 Porro
681 459 936 533 Roboam
970 461 1094 533 erat
1124 457 1309 526 rudis,
1343 462 1400 515 et
1451 459 1624 515 corde
1674 459 1903 533 pavido,
1951 474 2058 516 nec

401 533 594 604 potuit
641 531 911 586 resistere
941 530 1045 604 eis.

474 603 638 685 Nunc
669 618 804 685 ergo
837 618 940 657 vos
961 601 1170 685 dicitis.
1191 601 1346 685 quod
1392 602 1665 685 resistere
1688 602 1934 685 possitis
1957 617 2055 685 ‘re-

395 689 510 755 gno
544 672 796 755 Domini,
828 673 980 744 quod
1014 672 1589 755 possidetperﬁlios
1621 672 1818 755 David,
1879 674 2057 755 babe-

395 743 592 816 tisque
615 743 897 816 grandem
934 743 1132 816 populi
1151 743 1620 812 multitudinem,
1642 749 1817 816 atque
1841 745 2055 802 vitulos

395 815 639 883 aureos,
661 832 809 887 quos
843 815 977 870 fecit
1008 815 1172 871 vobis
1202 816 1512 872 Jereboam
1548 818 1604 872 in
1641 815 1802 872 deos.

467 888 534 943 Et
559 889 814 959 ejecistis
846 889 1180 943 sacerdotes
1209 889 1465 959 Domini,
1495 888 1646 944 ﬁlios
1693 892 1903 958 Aaron,
1963 891 2055 943 at-

390 975 504 1030 que
538 957 801 1014 Levites:
838 970 887 1013 et
925 959 1147 1014 fecistis
1179 957 1350 1014 vobis
1375 957 1708 1015 eaeerdotes
1741 957 1896 1015 sicut
1925 975 2053 1014 om-

392 1046 497 1085 nes
531 1031 726 1102 populi
760 1036 1093 1086 terrarum:
1131 1030 1468 1102 quicunque
1527 1030 1768 1097 venerit,
1829 1035 1886 1086 et
1941 1031 2052 1086 ini-

390 1102 625 1157 tiaverit
656 1119 895 1158 manum
929 1119 1098 1157 suam
1134 1103 1188 1155 in
1239 1106 1428 1168 tauro,
1490 1102 1549 1158 in
1616 1103 1824 1170 bobus,
1876 1105 1934 1157 et
1991 1102 2051 1158 in

394 1173 685 1299 (arietibus
718 1179 968 1246 septem,
1005 1174 1069 1227 ﬁt
1101 1173 1376 1228 sacerdos
1410 1190 1613 1229 eorum
1646 1173 1747 1246 qui
1782 1189 1894 1228 non
1911 1178 2053 1229 sunt

437 1262 501 1299 ιι.

437 1262 501 1299 ll.

462 1315 673 1398 Ifloster
703 1320 898 1372 autem
934 1315 1221 1371 Dominus
1249 1319 1395 1372 Deus
1427 1321 1515 1373 est
1538 1333 1708 1388 quem
1733 1333 1846 1373 non
1873 1315 2050 1372 relin-

433 1403 663 1442 Ulmus:

433 1404 663 1442 ulmus:

392 1404 428 1460 q
461 1460 923 1530 Sacerdotesque
951 1457 1290 1515 ministrant
1309 1459 1557 1515 Domino
1579 1459 1651 1514 de
1671 1458 1806 1514 ﬁliis
1831 1464 2044 1529 Aaron,

391 1535 447 1586 et
482 1530 685 1585 Levites
721 1536 868 1585 sunt
901 1531 960 1585 in
992 1531 1197 1585 ordine
1231 1546 1338 1586 suo
1370 1545 1384 1584 :
1788 1565 1792 1572 -

459 1601 809 1657 Holocausta
843 1617 1075 1674 quoque
1105 1603 1358 1657 offerunt
1386 1601 1631 1657 Domino
1655 1617 1757 1673 per
1779 1601 2047 1674 singulos

385 1674 512 1729 dies
545 1690 718 1728 mane
775 1676 831 1728 et
863 1672 1118 1744 vespere,
1181 1678 1237 1729 et
1294 1674 1618 1742 thymiama
1660 1672 1837 1746 ’juxta
1887 1672 2046 1746 'legis

388 1751 677 1817 praecepta
736 1746 1088 1807 confectum,
1145 1749 1201 1800 et
1259 1744 1684 1817 proponuntur
1745 1760 1925 1817 panes
1983 1744 2042 1799 in

389 1833 596 1872 mensa
628 1817 1064 1883 mundissima;

462 1889 678 1959 Estque
711 1889 862 1959 apud
899 1904 1004 1943 nos
1037 1887 1453 1943 candelabrum
1480 1903 1746 1953 aureum,
1769 1890 1826 1942 et
1854 1885 2042 1944 lucer-

393 1975 478 2015 nae
508 1961 660 2030 ejus,
696 1965 768 2032 aut
799 1960 1194 2015 accendantur
1225 1975 1460 2032 semper
1489 1959 1559 2013 ad
1592 1974 1931 2032 vesperam:

456 2029 573 2087 Nos
607 2031 825 2103 quippe
881 2031 1257 2103 custodimus
1313 2029 1598 2103 praecepta
1657 2029 1888 2086 Domini
1939 2029 2041 2086 Dei

389 2103 598 2169 nostri,
627 2101 804 2174 quem
835 2119 938 2174 vos
973 2101 1319 2174 reliquistis;

458 2173 693 2246 Ergoin
725 2173 980 2246 exercitu
1003 2173 1202 2229 nostro
1245 2175 1360 2246 dux
1408 2173 1563 2228 Deus
1594 2176 1701 2238 est,
1736 2175 1792 2227 et
1847 2186 2039 2228 sacer-

388 2246 556 2301 dotes
577 2245 727 2316 ejus,
761 2246 859 2317 qui
893 2245 1174 2316 clangunt
1203 2245 1388 2316 tubis,
1419 2248 1475 2300 et
1506 2247 1782 2299 resonant
1837 2248 2040 2300 contra

398 2332 538 2371 VOS:

452 2385 581 2441 Filii
636 2385 837 2452 Israel,
899 2385 1078 2441 nolite
1128 2401 1391 2458 pugnare
1463 2389 1675 2458 contra
1712 2385 2037 2458 Dominum

389 2458 576 2516 Deum
610 2462 842 2529 patrum
880 2457 1237 2525 vestrorum,
1265 2457 1402 2528 quia
1432 2473 1547 2512 non
1592 2457 1755 2512 vobis
1785 2458 2036 2529 expedit.

395 2600 407 2612 .
462 2526 745 2656 Daiec'illo
779 2526 1080 2601 loquente,
1128 2526 1437 2585 Jeroboam
1487 2532 1641 2585 retro
1691 2526 2039 2584 moliebatur

395 2617 506 2656 InSl
555 2617 661 2656 ias.

390 2617 661 2656 lDSlOlaS.

459 2672 726 2744 Cumque
758 2687 825 2726 ex
855 2671 1098 2744 adverso
1130 2669 1392 2744 hostium
1433 2675 1632 2739 staret,
1665 2671 2033 2743 ignorantem

381 2744 596 2800 Judam
631 2741 739 2799 suo
771 2741 1068 2798 ambiebat
1097 2743 1374 2798 exercitu.

463 2814 922 2886 Respiciensque
963 2814 1150 2869 Judas
1178 2815 1325 2886 vidit
1357 2815 1580 2886 instare
1629 2811 1847 2886 bellum
1879 2818 1937 2868 et
1965 2829 2034 2869 ex

386 2885 632 2942 adverso
663 2890 719 2942 et
745 2891 872 2958 post
907 2890 1156 2958 tergum,
1189 2891 1247 2941 et
1267 2885 1542 2940 clamavit
1571 2886 1642 2939 ad
1680 2885 1988 2941 Dominum
2015 2901 2029 2940 :

383 2975 449 3013 ac
475 2957 810 3014 sacerdotes
841 2957 999 3028 tubis
1031 2972 1247 3028 canere
1270 2959 1588 3028 coeperunt.

456 3029 790 3100 Omnesque
820 3027 927 3082 viri
955 3026 1108 3083 Juda
1131 3026 1427 3083 vociferati
1461 3032 1636 3083 sunt:
1670 3029 1727 3083 et
1751 3043 1880 3082 ecce
1910 3026 2030 3082 illis

383 3099 796 3166 clamantibus,
832 3099 1140 3169 perterruit
1169 3100 1322 3154 Deus
1341 3100 1676 3167 Jeroboam,
1709 3101 1767 3153 et
1797 3115 2030 3154 omnem

388 3171 589 3240 Israel,
623 3172 719 3242 qui
753 3172 961 3242 stabat
978 3186 1046 3242 ex
1080 3172 1322 3226 adverso
1351 3169 1490 3225 Abia
1519 3175 1576 3225 et
1602 3171 1772 3225 Juda.

462 3239 876 3315 Fugeruntque
909 3239 1013 3296 ﬁlii
1045 3241 1222 3298 Israel
1251 3242 1491 3309 Judam,
1533 3245 1590 3296 et
1642 3240 1881 3296 tradidit
1935 3257 2034 3296 eos

387 3314 640 3370 Deus’in
675 3331 850 3368 manu
883 3329 1105 3368 eorum.

457 3385 918 3455 Percussitergo
949 3401 1048 3439 eos
1082 3384 1245 3448 Abia,
1278 3387 1334 3438 et
1365 3381 1617 3454 populus
1659 3383 1810 3455 ejus,
1861 3383 2034 3455 plaga

391 3470 612 3526 magna
644 3471 661 3526 :7
692 3461 747 3510 et
775 3453 1123 3526 corruerunt
1153 3453 1457 3510 vulnerati
1497 3471 1566 3508 ex
1625 3453 1799 3508 Israel
1859 3453 2030 3526 quin-

384 3525 557 3598 genta
588 3525 772 3598 millia
801 3525 1080 3589 virorum,
1114 3527 1373 3598 fortium.

459 3596 884 3680 IIumili‘atique
921 3594 1468 3680 sunttlllii‘lsr‘aeli‘n
1502 3600 1765 3680 tempore
1797 3593 1918 3680 ill‘o,
1978 3599 2036 3652 et

387 3667 901 3725 vehementissime
931 3668 1239 3723 confortati
1273 3667 1374 3722 ﬁlii
1406 3667 1580 3735 Juda,
1615 3683 1680 3722 eo
1712 3668 1866 3738 quod
1901 3683 2032 3739 spe-

385 3745 620 3797 rassent
644 3739 701 3794 in
738 3740 980 3794 Domino
1018 3740 1126 3795 Deo
1153 3742 1384 3811 patrum
1418 3754 1682 3811 suorum.

457 3816 810 3868 Persecutus
841 3816 932 3867 est
961 3809 1166 3867 autem‘
1187 3810 1332 3865 Abia
1353 3810 1669 3881 fugientem
1702 3809 2032 3876 Jeroboam,

387 3886 443 3938 et
476 3884 630 3955 cepit
659 3883 924 3955 civitates
955 3883 1105 3953 ejus,
1138 3881 1420 3955 _Beth-_El,
1452 3885 1509 3936 et
1565 3881 1714 3936 ﬁlias
1771 3881 2038 3955 ejus_,__et

383 3951 597 4010 Jesana
629 3971 762 4010 cum
789 3951 1028 4010 ﬁliabus
1060 3952 1207 4022 suis,
1242 3952 1472 4025 prron
1505 3968 1741 4025 quoque
1769 3951 1826 4007 et
1885 3951 2034 4007 ﬁlias

389 4042 521 4083 8108
564 4043 578 4083 Ζ

416 4042 578 4153 αιῐίἶεθέ
602 4094 789 4152 valuit
829 4094 983 4151 ultra
1031 4093 1301 4151 resistere
1343 4095 1655 4150 Jeroboam
1713 4094 1772 4149 in
1831 4093 2038 4150 diebus

384 4167 532 4226 Abia
561 4185 574 4224 :
609 4184 782 4240 quem
817 4167 1109 4240 percussit
1165 4165 1470 4240 Dominus,
1525 4171 1581 4221 et
1626 4169 1894 4240 mortuus
1924 4171 2033 4221 est.

459 4237 645 4312 Igitur
673 4237 836 4312 Abia,
864 4239 1190 4312 confortato
1222 4238 1463 4312 imperio
1497 4254 1625 4312 suo,
1649 4237 1873 4312 accepit
1901 4254 2039 4312 uxo-

387 4309 1008 4384 res'quatuordecim;
1044 4310 1485 4382 procreavitque
1517 4309 1717 4382 viginti
1761 4309 1908 4365 duos
1967 4309 2035 4364 ﬁ-

386 4381 611 4450 lios,'et
641 4381 893 4437 sedecim
931 4381 1100 4437 ﬁlias.

460 4453 706 4525 Reliqua
763 4459 958 4509 autem
992 4452 1530 4525 sermonumAbia,
1583 4451 1945 4525 viarumque
1989 4458 2044 4508 et

385 4521 627 4597 operum
659 4525 807 4594 ejus,
841 4525 1063 4597 scripta
1094 4529 1234 4580 sunt
1264 4523 1714 4596 diligentissime
1771 4521 1852 4578 in'
1888 4521 2038 4579 libro

387 4595 890 4668 prophetmiAiddo.

457 4665 629 4751 (Cap,
663 4667 837 4751 ΧΨ.)
871 4666 1155 4751 Dormivit
1183 4666 1728 4751 autem-Abiacum
1770 4665 2041 4738 patribus

388 4721 538 4808 suis,
567 4721 624 4792 et
652 4721 1008 4808 sepelierunt
1029 4753 1164 4793 eum
1198 4737 1502 4794 incivitate
1542 4738 1722 4794 David
1758 4753 1772 4793 :

460 4809 856 4882 Regnavitque
885 4812 992 4865 Asa
1024 4809 1333 4882 ﬁliusiejus
1367 4827 1468 4881 pro
1499 4826 1586 4875 eo,
1611 4809 1667 4864 in
1703 4810 1873 4881 cujus
1921 4808 2042 4864 die-

386 4880 499 4936 bus
533 4880 757 4952 quievit
780 4888 934 4937 terra
967 4881 1139 4936 annis
1169 4880 1391 4936 decem.

461 4953 833 5009 Fecitautem
869 4955 978 5008 Asa
1007 4953 1162 5024 quod
1189 4952 1407 5024 bonum
1442 4951 1810 5024 etaplacitum
1839 4955 1963 5007 erat
1983 4951 2042 5024 in

385 5032 701 5096 conspectu
733 5025 834 5080 Dei
867 5025 982 5096 sui,
1020 5023 1076 5079 et
1123 5023 1412 5096 subvertit
1466 5023 1675 5079 altaria
1731 5023 2043 5096 peregrimi

385 5096 696 5222 cultu3,tet
725 5095 972 5164 excelsa,
1007 5099 1064 5150 et
1115 5095 1399 5166 confregit
1455 5101 1704 5164 statuas,
1735 5095 2045 5166 ’lucosque

385 5183 546 5222 succi
595 5185 610 5222 ι
646 5211 656 5222 .

384 5167 656 5223 succidit.

456 5245 537 5294 Ae
571 5239 846 5311 praecepit
870 5238 1050 5311 Judaei
1071 5240 1134 5291 ut
1163 5242 1448 5311 quzsreret
1506 5237 1824 5311 Dominum
1857 5237 2042 5294 Deum

386 5308 620 5438 gairum
645 5308 910 5380 suorum,
941 5314 997 5366 et
1029 5310 1242 5364 faceret
1271 5308 1545 5382 legem,et
1567 5310 1840 5366 universa
1877 5325 2046 5365 man-

428 5400 460 5438 a
491 5397 557 5438 a:

428 5387 557 5439 aia:

459 5456 527 5509 Et
558 5453 804 5511 abstulit
834 5451 1144 5510 decunctis
1177 5451 1766 5524 urbibusJuda,aras,
1790 5456 1848 5509 et
1887 5451 2046 5522 fana,

383 5529 442 5581 et
465 5525 727 5599 regnavit
759 5527 816 5582 in
851 5542 1010 5599 pace.

455 5593 782 5671 {Ediﬁcavit
812 5593 1044 5671 quoque
1075 5595 1248 5652 urbes
1277 5594 1546 5671 munitas
1569 5596 1626 5652 in
1657 5596 1848 5671 ‘Juda,
1905 5593 2048 5668 quia

379 5667 620 5740 quietus
651 5674 797 5738 erat,
828 5665 900 5743 et
915 5665 1082 5743 nulla
1105 5667 1470 5743 temporibus
1497 5669 1626 5743 ejus
1657 5667 1808 5728 bella
1836 5665 2051 5728 surre-

376 5737 606 5815 ierant,
637 5737 840 5818 pacem
869 5739 1116 5801 Domino
1145 5737 1449 5817 largiente.

2070 4419 2118 4484 D

2171 388 2228 458 et
2256 384 2541 458 vellemus
2574 383 2777 458 muris,
2810 387 2868 458 et
2899 383 3245 458 roboremus
3289 384 3579 452 turribus,
3613 390 3670 458 et
3700 383 3828 458 por-

2165 457 2265 521 tis,
2298 462 2354 510 et
2385 455 2554 521 seris,
2578 455 2758 510 donec
2792 471 2824 508 a
2855 453 3025 510 bellis
3053 455 3254 526 quieta
3283 460 3422 510 sunt
3477 453 3722 523 omnia;
3757 474 3825 514 eo

2169 529 2324 600 quod
2366 526 3093 600 quaesierimusDominum
3118 527 3303 581 Deum
3331 533 3564 598 patrum
3599 534 3824 586 nostro-

2167 597 2328 665 rum,
2361 597 2418 654 et
2449 598 2672 653 dederit
2699 597 2868 653 nobis
2899 613 3100 670 pacem
3133 614 3235 670 per
3263 597 3498 670 gyrum.

2240 669 2698 742 {Ediﬁcaverunt
2735 669 2934 742 igitur,
2997 674 3054 725 et
3101 669 3334 726 nullum
3367 671 3429 726 in
3461 672 3821 728 exstruendo

2165 740 2650 813 impedimentum
2677 740 2804 795 fuit.

2234 810 2456 885 Habuit
2484 817 2680 868 autem
2713 817 2831 885 Aea
2862 810 2922 885 i_n
2973 811 3227 867 exercitu
3288 829 3397 885 suo
3457 815 3822 885 portantium

2161 889 2328 957 scuta
2359 888 2416 939 et
2444 883 2642 940 hastas
2680 884 2750 957 de
2777 882 2932 939 Juda
2962 888 3220 940 trecenta
3252 882 3476 957 millia;
3494 886 3565 941 de
3614 886 3825 957 Benja-

2162 954 2284 1010 min
2315 971 2451 1010 vero
2510 955 2903 1010 scutariorum
2933 959 2990 1010 et
3047 955 3500 1027 sagittariorum
3568 954 3825 1014 ducenta

2161 1028 2458 1099 octoginta
2499 1027 2704 1096 millia,
2736 1043 2942 1082 omnes
2974 1027 3072 1081 isti
3102 1027 3210 1082 viri
3235 1027 3565 1083 fortissimi.

2231 1098 2515 1170 Egressus
2547 1104 2636 1154 est
2683 1103 2899 1171 autem
2942 1102 3142 1153 contra
3199 1114 3298 1154 eos
3337 1099 3493 1171 __Zala
3543 1098 3818 1171 Bthiops

2159 1169 2299 1225 cum
2327 1171 2582 1225 exercitu
2614 1185 2742 1236 suo,
2776 1169 2969 1224 decies
2999 1175 3202 1224 contra
3253 1169 3454 1236 millia,
3513 1175 3574 1226 et
3626 1169 3818 1226 curri-

2158 1240 2271 1296 bus
2298 1240 2572 1297 trecentis
2607 1257 2620 1295 :
2654 1243 2712 1295 et
2738 1241 2898 1296 venit
2927 1257 3113 1312 usque
3141 1241 3384 1297 Μαι-εδει.

2231 1312 2406 1386 Porro
2439 1317 2555 1386 Asa
2582 1313 2835 1386 perrexit
2863 1311 3092 1386 obviam
3125 1313 3199 1382 ei,
3231 1318 3290 1369 et
3317 1311 3600 1386 instruxit
3629 1313 3816 1372 aciem

2156 1384 2228 1438 ad
2251 1384 2481 1456 bellum
2513 1383 2754 1456 in'valle
2783 1383 3059 1456 Sepbata,
3093 1399 3219 1455 quae
3255 1388 3345 1440 est
3362 1385 3534 1456 juxta
3565 1390 3819 1455 Mai-ess,

2156 1459 2216 1510 et
2233 1455 2535 1526 invocavit
2567 1455 2883 1510 Dominum
2915 1455 3120 1526 Deum,
3163 1461 3220 1510 et
3249 1457 3366 1511 ait:

2229 1525 2494 1599 Domine,
2516 1531 2754 1599 nonest
2784 1527 2936 1599 apud
2967 1532 3024 1599 te
3055 1526 3176 1599 ulla
3193 1525 3493 1594 distantia,
3515 1531 3718 1583 utrum
3752 1527 3816 1584 in

2156 1598 2372 1671 paucis
2394 1596 2713 1665 auxiliaris,
2748 1596 2912 1671 an’in
2942 1597 3214 1671 pluribus
3249 1615 3262 1653 :
3297 1599 3511 1669 adjuva
3536 1615 3668 1666 nos,
3699 1599 3816 1656 Do-

2157 1669 2315 1724 mine
2343 1669 2496 1726 Deus
2527 1673 2762 1725 noster:
2797 1669 2858 1724 in
2888 1669 3154 1737 te'enim,
3194 1675 3252 1726 et
3307 1671 3367 1725 in
3427 1673 3524 1726 tuo
3575 1671 3815 1727 nomine

2153 1738 2440 1797 habentes
2473 1739 2773 1808 ﬁduciam,
2799 1742 3070 1797 venimus
3101 1746 3303 1797 contra
3333 1742 3488 1797 hanc
3537 1741 3817 1799 multitu-

2151 1811 2371 1868 dinem.
2410 1811 2671 1885 Domine,
2703 1813 2858 1868 Deus
2888 1817 3086 1869 noster
3113 1817 3176 1869 tu
3208 1829 3293 1879 es,
3334 1829 3450 1869 non
3499 1813 3816 1885 praevaleat

2150 1889 2346 1938 contra
2378 1888 2435 1939 te
2465 1883 2662 1940 homo.

2217 1957 2516 2028 Exterruﬁit
2546 1956 2745 2026 itaque
2800 1953 3087 2028 Dominus
3118 1954 3417 2028 EthiOpes
3450 1971 3647 2011 coram
3695 1960 3816 2012 Aea

2147 2029 2204 2081 et
2223 2026 2414 2083 Juda:
2451 2027 2843 2098 fugeruntque
2874 2026 3194 2098 Ethiopes.
3228 2027 3298 2082 Et
3319 2026 3694 2098 persecutus
3715 2034 3812 2084 est

2148 2113 2247 2154 eos
2277 2100 2414 2166 Asa,
2451 2096 2794 2170 et'pOpulu's
2824 2097 2924 2168 qui
2952 2096 3088 2153 cum
3121 2115 3210 2166 eo,
3243 2096 3389 2163 erat,
3423 2114 3612 2169 usque
3636 2098 3811 2155 Gera-

2146 2183 2230 2233 ra.
2263 2174 2320 2225 et
2352 2168 2596 2225 ruerunt
2618 2168 2939 2240 'IEthiopes
2958 2185 3148 2240 usque
3181 2170 3251 2225 ad
3299 2168 3812 2237 internecionem,

2146 2241 2308 2366 quia,
2340 2239 2586 2297 Domino
2618 2239 2891 2308 credente,
2931 2239 3162 2297 contriti
3223 2247 3382 2310 sunt,
3428 2247 3485 2297 et
3541 2243 3802 2300 exercitu

2147 2311 2164 2365 i
2194 2311 2308 2366 lius
2341 2312 2662 2366 nrazliante.

2147 2311 2308 2384 illius
2341 2312 2662 2384 praeliante.

2213 2381 2497 2440 Tulérunt
2516 2400 2652 2456 ergo
2683 2381 2872 2456 spolia
2901 2382 3110 2456 multa,
3134 2388 3191 2439 et
3228 2391 3653 2456 percusserunt
3711 2386 3800 2441 ci-

2142 2454 2353 2511 vitates
2385 2454 2606 2511 omnes
2621 2454 2728 2527 per
2751 2454 3587 2530 circuitumGeraraa;grandis
3619 2458 3807 2529 quip-

2144 2542 2215 2598 pe
2245 2533 2488 2601 cunctos
2512 2524 2702 2601 terror
2751 2524 3045 2581 invaserat
3069 2532 3159 2582 :et
3178 2524 3552 2601 diripuerunt
3593 2524 3806 2598 urbes,

2143 2597 2200 2653 et
2231 2597 2478 2654 multam
2512 2598 2764 2671 pradam
2788 2603 3259 2671 asportaverunt.

2211 2671 2320 2744 Sed
2351 2675 2408 2744 et
2433 2669 2632 2744 caulas
2662 2669 2858 2744 ovium
2878 2669 3279 2744 destruentes,
3309 2669 3573 2744 tulerunt
3620 2687 3805 2744 peco-

2143 2757 2275 2795 rum
2307 2741 2595 2796 inﬁnitam
2619 2739 3085 2808 multitudinem,
3108 2747 3166 2797 et
3195 2743 3579 2799 camelorum:
3608 2739 3812 2799 rever-

2142 2813 2312 2884 sique
2365 2817 2505 2868 sunt
2534 2811 2885 2884 Jerusalem.

2213 2882 2822 2967 (Cali:.XY,).Azarias
2849 2889 3044 2967 autem
3087 2882 3254 2966 .ﬁlius
3307 2883 3490 2954 Obed,
3522 2886 3679 2967 facto
3739 2884 3806 2967 in

2142 2970 2205 3026 se
2235 2954 2448 3026 spiritu
2482 2954 2602 3020 Dei,
2635 2971 2908 3024 egressus
2938 2962 3027 3010 est
3084 2955 3142 3011 in
3197 2971 3504 3011 occursum
3557 2964 3704 3020 Asa,
3749 2963 3815 3012 et

2143 3025 2287 3081 dixit
2317 3027 2368 3082 ei
2394 3045 2406 3083 :
2439 3026 2650 3082 Audite
2681 3042 2785 3098 me
2805 3032 2938 3096 Asa,
2971 3029 3029 3082 et
3057 3027 3248 3083 omnis
3267 3027 3440 3095 Juda,
3470 3033 3530 3083 et
3584 3028 3811 3098 Benja-

2146 3098 2267 3152 min
2303 3115 2316 3152 :
2350 3098 2634 3170 Dominus
2661 3097 2988 3170 vobiscum,
3022 3098 3163 3170 quia
3193 3098 3390 3154 fuistis
3447 3114 3582 3154 cum
3607 3097 3720 3155 eo.’
3744 3099 3814 3155 Si

2143 3168 2982 3244 quaesieritiseum,invenietis
3016 3168 3111 3224 :‘si
3144 3177 3340 3226 autem
3365 3169 3813 3244 dereliqueritis

2143 3241 2302 3312 eum,
2334 3241 2705 3312 derelinquat
2731 3257 2854 3297 vos.

2212 3310 2800 3384 Transibuntfautem
2835 3310 3007 3368 multi
3037 3311 3165 3368 dies
3214 3311 3274 3368 in
3335 3313 3515 3368 Israel
3574 3312 3814 3384 absque

2142 3383 2438 3510 Deqvcro,
2461 3388 2520 3440 et
2549 3383 2772 3456 absque
2816 3383 3119 3440 sacerdote
3175 3385 3434 3453 doctore,
3466 3389 3525 3441 et
3571 3383 3813 3456 absque

2168 3471 2238 3510 es
2281 3498 2294 3510 .

2168 3469 2294 3510 026.

2209 3525 2477 3598 Cumque
2507 3525 2724 3582 reversi
2756 3525 2974 3580 fuerint
3005 3525 3061 3580 in
3090 3526 3360 3597 angustia
3401 3542 3512 3582 sua
3577 3526 3651 3581 ad
3692 3527 3808 3582 Do-

2143 3597 2370 3653 minum
2405 3598 2586 3654 Deum
2623 3596 2821 3652 Israel:
2855 3601 2911 3652 et
2940 3597 3281 3669 quaesierint
3310 3614 3469 3669 eum,
3503 3598 3811 3670 reperient

2144 3684 2304 3725 eum.

2213 3741 2277 3796 ln
2308 3746 2570 3813 tempore
2601 3741 2700 3798 illo
2739 3755 2852 3795 non
2884 3737 2996 3813 erit
3020 3756 3130 3813 pax
3157 3739 3476 3813 egredienti
3511 3745 3569 3796 et
3599 3740 3808 3813 ingre-

2144 3810 2346 3876 dienti,
2381 3810 2481 3866 sed
2515 3817 2767 3870 terrores
2836 3810 3104 3883 undique
3163 3812 3221 3866 in
3255 3811 3508 3883 cunctis
3567 3810 3810 3866 habita-

2143 3883 2369 3938 toribus
2425 3887 2770 3940 terrarum:
2834 3881 3329 3956 pugnabitenim
3389 3898 3536 3956 gens
3593 3886 3810 3956 contra

2144 3959 2484 4026 gentem,et
2522 3956 2726 4012 civitas
2790 3953 2994 4010 contra
3043 3953 3354 4026 civitatem,
3394 3953 3547 4026 "quia
3603 3954 3810 4010 Domi-

2147 4024 2259 4097 nus
2282 4027 2662 4083 conturbabit
2693 4042 2790 4083 eos
2821 4026 2880 4080 in
2913 4024 3076 4097 omni
3107 4025 3400 4097 angustia.

2217 4096 2330 4152 Vos
2362 4112 2499 4169 ergo
2532 4095 2965 4169 confortamini,
2998 4099 3055 4152 et
3084 4095 3211 4153 non“
3233 4095 3638 4169 dissolvantur
3675 4114 3807 4155 ma-

2145 4184 2259 4223 nus
2289 4168 2528 4225 vestrm:
2564 4171 2674 4226 erit
2705 4168 2857 4226 enim
2890 4181 3113 4223 merces
3144 4168 3303 4240 operi
3332 4173 3546 4240 vestro.

2219 4241 2381 4304 Quod
2413 4257 2546 4296 cum
2577 4242 2842 4298 audisset
2874 4243 3007 4305 Asa,
3046 4239 3224 4296 verba
3265 4239 3486 4296 scilicet
3543 4244 3600 4296 et
3668 4256 3807 4311 pro-

2145 4310 2408 4436 phetiam
2438 4311 2594 4368 Obed
2628 4312 2945 4396 prophetae,
2977 4311 3337 4367 confortatus
3381 4315 3496 4396 est,
3515 4316 3573 4367 et
3595 4310 3809 4394 abstu-

2172 4387 2218 4436 1t
2247 4381 2406 4436 idola
2434 4384 2505 4436 de
2535 4401 2695 4436 omni
2733 4389 2892 4436 terra
2912 4381 3084 4436 Juda.
3117 4388 3176 4436 et
3228 4383 3300 4436 de
3348 4385 3689 4436 Beniamin.
3747 4388 3809 4436 et

2172 4382 2218 4436 it
2247 4381 2406 4438 idola
2434 4384 2505 4440 de
2535 4381 2695 4441 omni
2733 4381 2892 4439 terra
2912 4381 3084 4452 Juda,
3117 4388 3176 4438 et
3228 4383 3300 4438 de
3348 4383 3689 4453 Benjamin,
3747 4388 3810 4439 et

2149 4471 2218 4510 ex
2248 4454 2516 4526 urbibus,
2545 4472 2692 4526 quas
2721 4458 2974 4526 ceperat,
3008 4453 3532 4526 montisEphraim,
3562 4459 3623 4509 et
3649 4455 3811 4510 dedi-

2149 4526 2301 4609 cavit
2331 4525 2514 4584 altare
2543 4525 2776 4584 Domini
2795 4525 2963 4598 quod
2995 4529 3120 4581 erat
3161 4525 3298 4581 ante
3349 4526 3642 4598 porticum
3691 4531 3809 4583 Do-

2151 4613 2321 4654 ωιηι.

2222 4668 2736 4741 Congregavitque
2756 4668 3114 4741 universum
3128 4667 3345 4724 Judam
3378 4672 3438 4741 et
3457 4667 3808 4741 Beniamin,

2150 4743 2207 4797 et
2238 4738 2491 4795 advenas
2523 4738 2654 4812 cum
2690 4739 2776 4796 eis
2806 4740 2879 4812 de
2908 4738 3205 4812 prraim,
3235 4745 3292 4796 et
3322 4741 3394 4795 de
3420 4738 3722 4812 Manasse,
3752 4745 3811 4796 et

2153 4814 2224 4868 de
2255 4811 2486 4884 Simeon
2515 4828 2528 4868 :
2564 4811 2763 4884 plures
2791 4810 2969 4866 enim'
2996 4810 3068 4884 ad
3125 4827 3268 4884 eum
3291 4810 3714 4884 confugerant
3737 4829 3808 4868 ex

2153 4827 2224 4868 ae
2255 4827 2528 4868 bimeon:
2564 4827 2763 4884 plures
2791 4827 2949 4866 enim
2996 4827 3068 4865 ac
3125 4827 3260 4866 eum
3291 4827 3691 4938 contugerant
3737 4829 3808 4868 ex

2153 4882 2355 4950 Israel,
2386 4883 2654 4940 videntes
2685 4884 2839 4956 quod
2903 4881 3187 4938 Dominus
3238 4882 3395 4940 Deus
3449 4884 3466 4937 i
3501 4884 3618 4940 lius
3651 4889 3812 4940 esset

2153 4971 2286 5011 cum
2319 4969 2405 5010 θο.

2224 5030 2486 5097 Cumque
2515 5024 2816 5082 venissent
2843 5023 2902 5079 in
2929 5024 3250 5081 Jerusalem
3289 5039 3495 5082 mense
3524 5027 3726 5090 tertio,
3755 5032 3811 5083 et

2153 5114 2308 5154 anno
2339 5097 2778 5168 quintodecimo
2809 5097 2972 5168 regni
3017 5097 3153 5168 Asa,
3187 5097 3652 5154 immolaverunt
3701 5098 3812 5155 Do-

2154 5169 2315 5225 mino
2348 5171 2408 5223 in
2441 5169 2534 5223 die
2565 5168 2688 5237 illa,
2721 5169 2792 5224 de
2831 5168 3130 5241 manubiis
3161 5172 3219 5224 et
3247 5171 3440 5240 prada
3489 5186 3677 5241 quam
3709 5170 3810 5226 ad-

2155 5242 2462 5367 duizlerant,
2514 5240 2688 5296 boves
2737 5239 3142 5312 septingentos
3197 5239 3259 5296 et
3310 5239 3523 5296 arietes
3580 5246 3808 5314 septem

2155 5329 2234 5367 m1
2287 5329 2358 5366 ia.

2155 5329 2358 5369 millia.

2226 5385 2296 5440 Et
2324 5381 2562 5438 intravit
2593 5398 2660 5438 ex
2718 5398 2878 5438 more
2939 5382 3009 5436 ad
3044 5383 3543 5440 corroborandum
3597 5385 3806 5449 foedus,

2154 5459 2222 5512 ut
2251 5453 2926 5528 quaererentDominum
2955 5457 3135 5510 Deum
3168 5459 3404 5527 patrum
3448 5472 3704 5512 suorum
3749 5456 3806 5510 in

2153 5525 2284 5584 toto
2303 5525 2476 5582 corde
2504 5529 2561 5581 et
2591 5525 2649 5580 in
2681 5529 2807 5582 tota
2834 5527 3032 5583 anima
3061 5525 3190 5582 sua:

2223 5598 2281 5654 Si
2314 5598 2448 5670 quis
2477 5599 2699 5670 autem,
2729 5597 2940 5670 inquit,
2973 5596 3432 5670 nonqumierit
3489 5598 3808 5670 Dominum

2156 5667 2348 5730 Deum'
2367 5667 2565 5744 Israel,
2599 5667 2885 5744 moriatur
2913 5687 2948 5728 a
2975 5667 3224 5744 minimo
3273 5684 3462 5744 usque
3493 5673 3564 5730 ad
3630 5668 3809 5731 maxi-

2154 5758 2340 5819 mum,
2373 5757 2408 5801 a
2432 5740 2558 5800 viro
2596 5756 2785 5818 usque
2809 5741 2883 5804 ad
2914 5740 3243 5803 mulierem.
