4090 6192
295 152 438 213 1445

1727 153 1974 213 VERBA
2009 153 2317 212 DIERUM.

3569 162 3704 219 1446

362 281 834 363 Iuraveruntque
863 275 1109 363 Demino
1139 293 1525 363 vocc_magna
1553 276 1611 335 in
1636 279 1854 350 jubilo,
1886 282 1944 335 et
1972 285 2026 351 Α
2059 277 2178 335 suit
2207 277 2453 363 initerra
2479 275 2654 363 Ju‘da,
2687 279 2742 361 et
2771 276 2829 333 in
2861 277 3198 336 civitatibus
3228 277 3527 355 prraim,
3558 301 3703 357 quas

290 352 352 408 in
387 353 660 424 clangore
688 352 866 420 tuba,
892 356 950 406 et
978 352 1038 406 in
1062 351 1259 406 sonitu
1292 351 1702 424 buccinarum,
1738 368 1943 424 omnes

255 426 273 444 ⁸
293 426 394 496 qui
429 423 594 478 erant
624 423 681 476 in
703 424 857 478 Juda
886 440 1019 478 cum
1053 423 1448 479 exsecratione
1477 425 1568 478 :in
1600 423 1758 496 omni
1787 423 1944 478 enim

295 495 470 552 corde
553 511 659 550 suo
737 495 1107 565 juraverunt,
1179 501 1235 550 et
1313 497 1372 551 in
1452 500 1574 551 tota
1649 495 1946 550 voluntate

303 566 669 639 quaesierunt
721 583 878 639 eum,
924 574 981 621 et
1035 568 1419 639 invenerunt:
1450 567 1840 639 praestititque
1862 565 1946 620 eis

303 637 590 697 Dominus
622 637 884 708 requiem
918 654 1020 709 per
1048 637 1378 693 circuitum.

369 710 482 782 Sed
515 717 572 782 et
603 709 842 782 Maacba
875 708 1122 782 matrem
1153 712 1268 782 Asa
1299 709 1450 782 regis
1481 725 1550 765 ex
1580 713 1832 782 augusto
1855 708 1951 763 de-

337 780 496 837 osuit
515 781 780 852 imperio,
805 796 870 836 eo
893 779 1048 852 quod
1074 780 1308 837 fecisset
1327 779 1390 836 iii
1414 781 1540 836 luco
1562 779 1948 852 simulacrum

337 798 496 837 osuit
515 798 780 852 imperio,
805 798 870 836 eo
893 798 1048 852 quoa
1074 798 1308 837 iecisset
1327 799 1385 836 in
1414 798 1540 836 luco
1562 798 1948 837 simulacrum

295 798 529 924 griapi:
564 853 715 924 quod
748 869 922 907 omne
960 851 1256 922 contrivit,
1289 859 1344 908 et
1375 853 1435 907 in
1459 853 1674 909 frustra
1704 851 1948 907 commi-

296 923 491 981 nucns
522 923 853 978 combussit
887 923 940 977 in
975 927 1230 980 torrente
1259 924 1507 980 Cedron.

369 993 609 1051 Excelsa
669 1000 864 1050 autem
918 994 1197 1050 derelicta
1254 997 1482 1051 suntin
1518 993 1736 1052 Israel:
1795 997 1951 1048 atta-

296 1084 431 1124 men
467 1082 566 1122 cor
596 1071 712 1122 Asa
750 1071 876 1122 erat
917 1067 1237 1138 perfectum
1280 1068 1510 1123 cunctis
1540 1067 1765 1138 diebus
1797 1067 1945 1138 ejus.

373 1140 570 1210 anue
614 1154 742 1210 quae
773 1135 1008 1210 voverat
1056 1144 1221 1208 pater
1249 1155 1418 1206 suus,
1467 1143 1526 1193 et
1557 1139 1702 1210 ipse,
1752 1135 1952 1191 intulit

300 1210 365 1266 in
397 1208 646 1265 domum
676 1208 929 1278 Domini,
962 1215 1274 1280 argentum
1307 1216 1364 1266 et
1384 1208 1618 1277 aurum,
1642 1223 1952 1265 vasorum-

302 1297 422 1354 que
453 1279 745 1354 diversam
779 1279 1266 1354 suppellectilem.

376 1352 602 1408 Bellum
633 1367 766 1410 vero
798 1348 913 1424 non
940 1352 1048 1407 fuit
1077 1369 1262 1424 usque
1288 1353 1361 1408 ad
1389 1351 1754 1408 tricesimum
1787 1348 1954 1422 quin-

301 1429 432 1480 tum
468 1439 689 1478 annum
723 1423 884 1493 regni
911 1428 1044 1478 Asa.

375 1495 531 1566 [ϐαρ.
565 1495 742 1556 XVI.)
771 1491 937 1549 [iuno
971 1499 1168 1550 autem
1212 1494 1511 1550 tricesimo
1566 1499 1728 1549 sexto
1788 1491 1952 1563 regni

301 1568 453 1636 ejus,
485 1566 750 1622 ascendit
781 1567 962 1621 Baasa
985 1583 1082 1622 rex
1115 1567 1294 1622 Israel
1330 1567 1386 1621 in
1428 1567 1668 1630 Judam,
1699 1569 1757 1621 et
1787 1579 1954 1620 muro

303 1638 720 1726 circun‘da‘bat
740 1640 947 1726 Dama,
989 1643 1054 1692 nt
1079 1637 1284 1694 nullus
1310 1646 1513 1710 posset
1535 1636 1876 1708 tuteegredi
1897 1640 1954 1690 et
1989 1662 2032 1726 Β

303 1711 536 1782 ingredi
563 1710 638 1782 de
669 1724 846 1780 regno
878 1715 1014 1764 Asa.

376 1777 626 1837 Protulit
671 1777 808 1852 ergo
839 1782 954 1836 Asa
992 1784 1322 1852 argentum
1353 1783 1412 1836 et
1471 1795 1682 1852 aurum
1715 1777 1787 1833 de
1824 1777 1951 1852 the-

303 1852 502 1908 sauris
530 1848 764 1908 domus'
778 1851 1026 1921 Domini,
1050 1848 1109 1907 et
1137 1853 1208 1907 de
1239 1852 1533 1908 thesauris
1557 1851 1732 1923 regis,
1766 1848 1956 1923 _mi_sit-

301 1941 421 1996 que
451 1924 524 1979 ad
556 1923 824 1996 Benadad
857 1939 1052 1995 regem
1082 1923 1282 1993 Syriae,
1315 1923 1414 1994 qui
1438 1921 1741 1978 habitabat
1762 1921 1819 1976 in
1843 1921 1955 1976 Da-

305 1994 535 2060 masco,
567 1994 766 2050 dicens
797 2011 810 2050 :

379 2067 591 2122 Foedus
615 2068 769 2121 inter
798 2081 891 2120 me
921 2069 978 2120 et
1011 2069 1066 2120 te
1095 2069 1208 2134 est,
1236 2071 1400 2136 pater
1435 2080 1668 2136 quoque
1699 2080 1866 2120 meus
1897 2065 1956 2118 et

301 2143 472 2211 pater
517 2143 657 2211 tuus
705 2137 961 2192 habuere
1011 2137 1425 2192 concordiam:
1479 2153 1657 2208 quam
1711 2137 1782 2211 ob
1813 2150 1953 2211 _rem

300 2207 443 2266 inisi
494 2209 597 2265 tibi
657 2214 963 2281 argentum
1020 2213 1077 2263 et
1133 2225 1366 2274 aurum,
1401 2212 1479 2281 ut,
1508 2212 1679 2281 rupto
1719 2207 1954 2274 findere,

301 2281 462 2354 quod
501 2281 684 2354 babes
713 2277 872 2348 cum,
907 2280 1090 2336 Baasa
1121 2296 1255 2352 rege
1310 2277 1507 2348 Israel,
1543 2277 1728 2336 facias
1756 2295 1894 2333 eum
1923 2293 1958 2332 a

304 2353 402 2409 me
435 2353 719 2408 recedere.

375 2427 501 2488 Quo
533 2427 852 2495 comperto,
874 2421 1153 2495 ,Benadad
1207 2422 1368 2495 misit
1413 2421 1709 2495 principes
1739 2418 1954 2495 exemi-_-

303 2503 475 2551 tuum
529 2493 771 2551 suorum
818 2494 886 2548 ad
925 2494 1104 2549 urbes
1137 2493 1358 2561 Israel;
1395 2493 1491 2563 qui
1537 2493 1958 2564 percusserunt

297 2570 452 2624 Δίου
512 2571 570 2622 et
635 2567 777 2621 Dan.
840 2569 896 2620 et
931 2565 1281 2632 Abelmaim,
1311 2570 1370 2621 et
1427 2563 1728 2620 universas
1782 2563 1956 2618 urbes

303 2636 622 2710 Nephtbali
652 2641 937 2710 muratae.

375 2707 540 2774 Quod
589 2725 722 2764 cum
781 2707 1046 2763 audisset
1078 2709 1280 2776 Baasa,
1312 2709 1488 2765 desiit
1527 2708 1814 2764 aedificare
1845 2708 1955 2761 Ra-

299 2799 426 2846 ma,
459 2786 515 2836 et
549 2780 862 2836 intermisit
894 2795 1045 2850 opus
1078 2795 1277 2833 suum.

373 2853 548 2909 Porro
579 2853 694 2907 Asa
719 2869 814 2907 rex
837 2851 1163 2920 assumpsit
1185 2850 1519 2907 universum
1539 2851 1776 2917 Judam,
1800 2853 1856 2905 et
1872 2853 1960 2908 tu-

299 2923 501 2980 lerunt
530 2922 756 2994 lapides
787 2924 857 2977 de
886 2922 1091 2987 Rama,
1116 2926 1182 2994 _et
1221 2921 1382 2993 ligna
1410 2940 1539 2994 quae
1579 2922 1954 2981 zediﬁcationi

2057 354 2437 475 ceperatoAsa
2469 353 2635 431 pater
2663 351 2813 420 ejus.

2125 427 2164 475 E
2234 421 2340 474 fuit
2390 423 2668 475 Dominus
2699 437 2813 475 cun

2125 420 2340 495 Elifuit
2390 422 2668 495 Deminus
2699 437 2831 495 cum
2860 421 3168 494 Josapbat,
3210 422 3350 495 quia
3380 424 3706 485 ambulavit

2053 493 2112 568 in
2143 491 2255 568 viis
2289 493 2672 568 Davidipatgis
2702 493 2795 548 sui
2827 491 3069 568 primis:
3095 501 3151 549 et
3181 491 3295 551 non
3323 500 3339 532 ³
3373 500 3704 568 speravitin

2055 563 2436 643 Baaﬁl_im_,._eed
2480 563 2536 643 in
2594 565 2705 620 Deo
2728 563 2920 643 patris
2950 565 3066 632 sui,
3099 571 3156 622 et
3185 563 3436 643 perrexit
3465 571 3525 626 in
3560 590 3704 643 prae-

2055 635 2545 708 ceptis_illius,eet
2575 653 2690 691 non
2715 636 2887 706 juxta
2918 642 3155 708 peccata
3185 639 3384 695 Israel.

2123 706 2621 786 confirmavitque
2658 706 2940 786 Dominus
2971 711 3309 786 regnumin
3343 728 3520 786 manu
3553 714 3705 786 ejus,

2056 782 2114 835 et
2147 778 2327 857 dedit
2356 779 2555 857 omnis
2581 778 3015 857 Ju_da__munera
3040 778 3360 857 Josaphat:
3425 778 3707 857 factaeque

2057 854 2202 906 sunt
2229 849 2280 904 ei
2315 849 2578 904 inﬁnitie
2609 849 2850 925 divitias,
2883 859 2938 906 et
2970 852 3156 925 multa
3179 849 3383 925 gloria.

2126 925 2388 1000 Cuinque
2417 921 2793 1000 sumpsisset
2813 938 2924 1000 _cor
2951 924 3090 1000 ejus
3120 921 3428 1000 audaciam
3463 932 3704 1000 propter

2056 993 2179 1048 vias
2199 991 2454 1057 Domini,
2478 991 2654 1048 etiam
2677 991 2903 1048 excelsa
2923 991 3162 1051 et'lucos
3185 998 3253 1051 de
3268 997 3423 1053 Juda
3441 991 3706 1056 abstulit.

2127 1067 2320 1141 Tertio
2355 1069 2563 1141 autem
2609 1081 2769 1141 anno
2794 1066 2959 1141 regni
2990 1067 3301 1141 suiLmisit
3323 1069 3394 1124 de
3428 1071 3712 1141 principi-

2137 1090 2320 1120 ust'uu
2355 1090 2552 1119 uuwui
2609 1090 2760 1119 uuuu
2795 1090 2959 1138 rugat
2990 1090 3102 1134 SUI,
3141 1090 3301 1123 (nisu.
3323 1090 3394 1124 06
3428 1090 3612 1141 prino]
3664 1090 3711 1126 ι-

2059 1137 2172 1192 bus
2202 1135 2327 1208 suis
2373 1134 2680 1208 Benail,iet
2709 1136 2978 1202 Obdiam,
3023 1143 3080 1193 et
3107 1139 3476 1208 Zachariam,
3509 1147 3564 1196 et
3595 1090 3711 1200 θει-

2057 1206 2320 1335 ἒὶιιέηαθὶ,
2378 1211 2436 1262 et
2485 1206 2808 1277 Micbzeam,
2845 1214 2908 1264 ut
2939 1210 3216 1266 docerent
3259 1211 3321 1266 in
3371 1206 3711 1272 civitatibus

2099 1297 2128 1335 u
2180 1295 2250 1334 a:

2099 1295 2250 1335 008.2

2133 1351 2199 1424 Et
2230 1365 2364 1424 eum
2397 1348 2483 1424 eis
2514 1349 2762 1424 Levitas,
2815 1349 3126 1419 Semeiam,
3158 1357 3216 1409 et
3245 1353 3616 1424 Natbaniam,
3655 1361 3714 1414 et

2062 1421 2400 1494 Zabadiam,
2434 1421 2603 1476 Asael
2635 1438 2866 1494 quoque
2897 1426 2956 1477 et
2997 1424 3416 1494 Semiramotb,
3450 1432 3507 1482 et
3533 1421 3711 1485 Jona-

2062 1495 2228 1564 than,
2259 1493 2572 1567 Adoniam,
2600 1493 2991 1567 ethIfhobiani,
3021 1500 3079 1550 et
3109 1493 3573 1567 Tbobadoniam,
3607 1501 3713 1557 Le-

2063 1569 2239 1630 vitas,
2273 1568 2330 1618 et
2360 1580 2492 1619 cum
2525 1565 2610 1619 eis
2644 1564 2893 1619 Elisama
2923 1570 2980 1621 et
3007 1567 3208 1622 Joram
3242 1564 3598 1626 sacerdotes.

2141 1637 2546 1714 Decebantque
2578 1636 2635 1714 in
2668 1635 2836 1704 Juda,
2871 1637 3154 1694 habentes
3178 1639 3389 1714 librum
3415 1640 3567 1714 legis
3601 1645 3708 1700 Do-

2065 1707 2232 1786 mini,
2269 1714 2342 1786 .et
2370 1707 2762 1786 circumibant
2809 1714 3053 1765 cunctas
3108 1711 3282 1766 urbes
3312 1707 3507 1784 Juda:
3534 1721 3708 1786 atque

2063 1779 2410 1835 erudiebant
2441 1777 2748 1850 populum.

2137 1852 2336 1921 Itaque
2367 1852 2555 1905 factus
2584 1859 2668 1905 est
2703 1867 2881 1921 pavor
2916 1852 3142 1906 Domini
3169 1869 3348 1926 super
3385 1855 3585 1911 omnia
3615 1873 3707 1912 re-

2063 1939 2179 1996 gna
2206 1928 2512 1996 terrarum,
2557 1939 2682 1992 qua:
2705 1927 2873 1996 erant
2915 1940 3014 1996 per
3035 1941 3243 1996 gyrum
3269 1925 3442 1995 Juda,
3476 1944 3580 1984 nec
3602 1945 3708 1985 au-

2063 1992 2280 2050 debant
2308 1992 2526 2065 bellare
2559 1997 2759 2065 contra
2787 1992 3090 2065 Josapbat:

2134 2065 2245 2120 Sed
2279 2069 2336 2138 et
2380 2063 2699 2138 _Pbilistbaei
2729 2063 3015 2136 Josapbat
3048 2083 3294 2122 munera
3341 2069 3702 2138 deferebant,

2063 2142 2121 2193 et
2150 2135 2395 2215 vectigal
2428 2137 2674 2215 argenti,
2706 2135 2922 2215 Arabes
2952 2155 3186 2215 quoque
3216 2140 3585 2215 adducebant
3605 2135 3706 2215 pe;

2065 2224 2220 2274 cora,
2254 2207 2503 2282 arietum
2527 2214 2750 2279 septem
2777 2207 3405 2282 millia'septingentos,
3437 2219 3495 2268 et
3515 2207 3708 2271 hirco-

2066 2295 2197 2336 rum
2231 2279 2496 2334 totidem.

2134 2351 2327 2429 Crevit
2349 2365 2484 2421 ergo
2519 2348 2826 2429 Josapbat,
2853 2354 2911 2406 et
2942 2350 3353 2429 magnificatus
3383 2359 3472 2409 est
3518 2372 3708 2429 usque

2064 2421 2125 2477 in
2158 2420 2441 2477 sublime}
2479 2420 2985 2492 atqueaaditicavit
3015 2420 3074 2477 in
3107 2423 3259 2479 Juda
3287 2425 3494 2482 domos
3524 2420 3711 2484 adin-

2066 2497 2194 2549 star
2227 2493 2501 2571 turrium,
2527 2493 2828 2571 urbesque
2861 2501 3142 2550 muratas.
3213 2495 3282 2550 Et
3314 2498 3496 2554 multa
3532 2516 3710 2571 opera

2071 2563 2295 2637 paravit
2329 2565 2386 2618 in
2411 2564 2660 2637 urbibus
2681 2563 2852 2619 Juda.

2135 2634 2257 2690 Viri
2289 2652 2520 2706 quoque
2554 2633 2882 2700 bellatores,
2915 2639 2971 2688 et
3002 2636 3227 2692 robusti
3260 2643 3428 2693 erant
3459 2639 3514 2694 in
3545 2643 3710 2696 Jeru-

2065 2706 2270 2784 salem,
2305 2723 2555 2784 quorum
2591 2707 2699 2760 iste
2729 2715 2819 2763 est
2852 2723 3132 2762 numerus
3155 2725 3259 2780 per
3288 2711 3494 2766 domos
3535 2716 3709 2784 atque

2067 2779 2322 2834 familias
2353 2777 2744 2849 singulorum.

2140 2851 2202 2906 ln
2235 2850 2383 2905 Juda
2414 2849 2708 2921 principes
2740 2849 3050 2914 exercitus,
3084 2849 3275 2906 Ednas
3305 2852 3442 2919 dux,
3475 2857 3533 2909 et
3571 2871 3706 2911 cum

2069 2939 2136 2978 eo
2169 2921 2716 2976 robustissimorum
2752 2926 3006 2976 trecenta
3040 2921 3243 2977 millia.

348 2992 732 3087 reparaverat
765 2995 969 3059 Baasa,
1017 2992 1445 3065 aedificavitque
1469 3011 1539 3050 ex
1567 2995 1647 3050 eis
1673 2995 1872 3051 Gabaa
1899 3001 1957 3053 et
1985 3020 2028 3087 ο
2069 2993 2288 3087 “Ro—si
2304 2992 2747 3087 bAunmcz‘J'e‘banan
2782 2993 3072 3064 princeps,
3106 2999 3161 3048 et
3191 3011 3324 3049 cum
3358 3011 3424 3051 eo
3457 2997 3713 3054 ducenta

370 3066 572 3122 as’nba.

378 3085 730 3206 lipaizinporc
758 3133 856 3208 illo
889 3135 1048 3208 venit
1079 3133 1264 3208 Anani
1298 3136 1582 3208 prapbeta
1611 3137 1682 3192 ad
1716 3142 1833 3192 Asa
1862 3155 1954 3195 re-

299 3226 438 3282 gem
468 3205 640 3274 Juda,
683 3211 739 3260 et
795 3206 949 3282 dixit
975 3205 1026 3260 ei
1055 3221 1068 3260 :
1102 3206 1247 3282 Quia
1279 3205 1534 3262 habuisti
1568 3210 1844 3282 ﬁduciam
1894 3211 1954 3266 in

298 3278 438 3353 rege
468 3282 665 3352 Syriae,
698 3283 755 3353 et
787 3294 901 3332 non
935 3278 995 3353 in
1027 3278 1274 3353 Domino
1297 3284 1412 3333 Deo
1431 3284 1552 3349 tuo,
1579 3280 1795 3337 idcirco
1817 3297 1953 3338 eva-

300 3347 596 3424 sifSyf-iae
628 3347 780 3424 regis
810 3349 1096 3424 exercitus
1117 3349 1198 3424 _de
1229 3365 1405 3405 manu
1428 3347 1560 3424 _tua’.

379 3420 584 3494 Nonne
630 3420 930 3494 Ethiopes
961 3425 1017 3476 et
1066 3420 1283 3494 Libyes
1324 3422 1507 3478 multo
1539 3421 1738 3494 plures
1784 3428 1956 3480 erant

303 3493 702 3568 quadrigiset
731 3492 1004 3568 aquibus,
1037 3496 1095 3546 et
1117 3491 1498 3568 multitudine
1529 3491 1734 3550 nimia:
1781 3512 1952 3566 quos,

302 3563 439 3622 cum
471 3563 716 3620 Domino
747 3563 1118 3631 credidisses,
1149 3564 1390 3618 tradidit
1420 3566 1478 3620 in
1515 3583 1691 3622 manu
1718 3563 1867 3623 tua?

379 3636 544 3694 Oculi
569 3633 724 3689 enim
748 3633 1468 3706 Dominicontemplantur
1490 3638 1824 3694 universam
1847 3645 1956 3694 ter-

303 3726 458 3777 ram,
490 3706 836 3782 etipraebent
867 3704 1272 3762 fortitudinem
1306 3707 1399 3763 his
1429 3710 1531 3780 qui
1565 3711 1737 3766 corde
1769 3712 1954 3782 perte-

306 3787 406 3837 cto
437 3781 684 3835 credunt
715 3779 772 3831 in
803 3792 956 3832 eum.

379 3851 569 3907 Stulte
612 3847 790 3920 igitur
819 3848 1113 3924 egisti,_et
1157 3852 1395 3921 propter
1423 3849 1533 3907 hoc
1572 3869 1641 3908 ex
1685 3851 1958 3924 praesenti

303 3927 572 3994 tempore
606 3918 814 3975 contra
846 3918 900 3975 te
930 3918 1083 3994 bella
1113 3918 1494 3994 consurgent.

381 3991 688 4064 Iratusque
745 3993 862 4046 Asa
917 3993 1199 4047 adversus
1228 3991 1559 4063 Videntem,
1607 3994 1793 4064 jussit
1824 4010 1957 4051 eum

308 4066 465 4122 mitti
498 4065 554 4119 in
585 4079 863 4118 nervum:

387 4135 567 4191 Valde
587 4133 801 4205 quippe
831 4149 1009 4204 super
1039 4132 1152 4206 hoc
1182 4134 1370 4191 fuerat
1399 4135 1780 4206 indignatus:

383 4209 454 4290 fit
483 4204 773 4290 interiecit
802 4205 872 4290 de
905 4204 1117 4286 populo
1140 4205 1493 4290 in‘tempore
1519 4204 1620 4263 illo
1649 4209 1959 4290 plurimos.

385 4279 574 4350 Opera
597 4283 792 4333 autem
824 4279 1151 4351 A_sa_prima
1170 4284 1224 4332 et
1247 4279 1565 4351 novissima
1587 4282 1806 4351 scripta
1823 4286 1964 4336 sunt

311 4350 372 4406 in
410 4348 560 4405 libro
617 4364 819 4420 regum
852 4348 1006 4403 Juda
1043 4353 1100 4403 et
1121 4348 1322 4412 Israel.

386 4422 706 4492 IEgrotavit
734 4420 909 4475 etiam
943 4425 1062 4492 Asa
1089 4421 1571 4492 annotrieesimo
1614 4439 1768 4478 nono
1799 4421 1963 4492 regni

310 4493 430 4559 sui,
460 4491 663 4549 dolore
696 4493 912 4563 pedum
937 4491 1478 4561 vehementissimo,
1503 4497 1561 4548 et
1591 4510 1694 4549 nec
1717 4494 1776 4549 in
1800 4491 1966 4550 inlir-

314 4565 520 4620 mitate
549 4580 657 4620 sua
687 4563 956 4636 quaesivit
987 4563 1320 4632 Dominum,
1346 4565 1446 4620 sed
1481 4564 1749 4636 magisin
1783 4564 1966 4622 medi-

312 4651 519 4691 corum
553 4640 676 4690 arte
704 4635 962 4690 confisus
994 4638 1104 4690 est.

387 4705 790 4778 Dormivitque
819 4723 952 4761 cum
987 4704 1254 4777 patribus
1286 4705 1411 4762 suis
1443 4722 1457 4761 :
1490 4711 1547 4762 et
1577 4711 1846 4764 mortuus
1876 4710 1966 4764 est

314 4795 472 4834 anno
511 4778 961 4849 quadragesimo
995 4779 1182 4848 primo
1215 4779 1377 4849 regni
1409 4779 1518 4833 sui.

389 4851 455 4905 Et
485 4848 843 4921 sepelierunt
872 4866 1004 4904 eum
1034 4851 1090 4903 in
1114 4848 1384 4919 sepulCro
1409 4866 1535 4920 suo,
1557 4851 1711 4921 quod
1743 4851 1967 4907 foderat

314 4921 431 4993 sibi
463 4923 518 4976 in
552 4919 784 4977 civitate
816 4919 1031 4993 David;
1067 4919 1670 4993 posueruntqueeum
1694 4939 1870 4993 super
1892 4921 1969 4978 le-

315 4992 543 5064 ctulum
579 4991 1024 5062 suum,plenum
1051 4991 1493 5064 aromatibus’et
1524 4991 1972 5064 unguentisme-

316 5063 590 5132 retrici‘is,
623 5080 754 5135 quae
784 5069 947 5118 erant
970 5063 1496 5135 pigmentariorum
1529 5063 1654 5119 arte
1683 5068 1967 5134 confecta,

317 5141 377 5192 et
408 5134 860 5191 combusserunt
899 5151 1078 5204 super
1105 5151 1171 5190 eo
1203 5134 1519 5191 ambitione
1550 5137 1752 5193 nimia.

395 5206 548 5277 [Cap.
582 5207 777 5277 XVII.]
809 5206 1091 5279 Regnavit
1121 5207 1628 5279 autemAJosapbat
1661 5208 1818 5264 filius
1842 5208 1971 5279 ejus

319 5276 427 5349 pro
457 5276 544 5346 eo,
582 5284 638 5333 et
670 5276 919 5333 invaluit
942 5282 1144 5349 contra
1177 5276 1370 5333 Israel.

390 5349 822 5421 Constituitque
837 5348 1089 5421 militum
1110 5365 1385 5421 numeros
1401 5348 1458 5403 in
1482 5349 1708 5404 cunctis
1728 5348 1972 5421 urbibus

317 5419 494 5492 Juda,
527 5437 650 5492 quae
673 5419 840 5476 erant
867 5419 1090 5476 vallata:
1113 5419 1315 5476 muris.
1349 5421 1739 5493 Praesidiaquc
1769 5420 1972 5492 dispo-

2065 3065 2361 3136 octoginta
2393 3062 2592 3118 millia.

2135 3135 2272 3190 Post
2299 3135 2478 3190 istum
2513 3151 2746 3207 quoque
2777 3135 3047 3190 Amasias
3081 3135 3236 3192 {ilius
3255 3137 3478 3206 Zechri,
3501 3155 3713 3196 conse-

2064 3215 2261 3335 eratlus
2296 3207 2558 3276 Domino,
2590 3211 2647 3262 et
2678 3223 2812 3263 cum
2844 3223 2909 3263 eo
2942 3207 3196 3263 ducenta
3242 3209 3428 3266 millia
3458 3211 3711 3268 virorum

2089 3296 2154 3334 or
2184 3293 2328 3332 ium.

2089 3279 2328 3334 brtium.

2134 3350 2301 3406 Hunc
2331 3349 2690 3424 sequebatur
2716 3348 2993 3405 robustus
3027 3350 3097 3424 ad
3133 3351 3332 3422 praelia
3380 3353 3604 3424 Eliada,
3659 3360 3719 3413 et

2065 3439 2198 3549 dum
2241 3439 2307 3477 eo
2340 3421 2666 3477 tenentium
2699 3438 2899 3477 arcum
2929 3428 2987 3477 et
3016 3421 3284 3493 clypeum
3301 3425 3552 3483 ducenta
3582 3421 3715 3484 mil-

2091 3510 2164 3549 ia.

2091 3510 2164 3549 18.

2137 3565 2272 3620 Post
2328 3563 2507 3619 istum
2542 3563 2717 3618 etiam
2747 3563 3026 3630 Jozabad,
3085 3568 3141 3620 et
3189 3581 3323 3621 cum
3355 3582 3422 3623 eo
3479 3574 3714 3628 centum

2065 3636 2364 3708 octoginta
2397 3634 2580 3690 millia
2607 3635 3008 3708 expeditorum
3045 3636 3322 3692 militum.

2141 3708 2203 3761 lli
2237 3723 2442 3762 omnes
2483 3711 2650 3780 erant
2680 3707 2758 3780 ad
2785 3722 3024 3780 manum
3060 3709 3236 3780 regis,
3273 3709 3528 3780 exceptis
3561 3709 3694 3766 aliis

2066 3795 2215 3905 queis
2266 3776 2622 3849 posueratin
2674 3777 2921 3832 urbibus
2969 3756 3304 3834 muraotis,et
3334 3779 3391 3834 in
3414 3756 3717 3837 runiversd

2112 3867 2147 3905 u
2195 3866 2247 3904 a.

2112 3866 2247 3905 uua.

2137 3920 2295 3993 [ϐαρ.
2328 3918 2557 4043 XVIII?
2591 3917 2722 4000 Ruit
2751 3917 3170 4001 ergoiosapbat
3199 3920 3358 3976 dives
3380 3924 3436 3976 et
3459 3921 3718 3995 inclytus

2137 3993 2343 4043 ullum.
2379 3995 2434 4043 et
2463 3991 2748 4043 afinitate
2777 3995 3129 4043 coniunctus
3162 3995 3250 4043 est
3283 3992 3464 4043 Ahab.

2070 3991 2343 4056 multum,
2379 3995 2434 4045 et
2463 3991 2748 4044 affinitate
2777 3991 3129 4059 conjunctus
3162 3995 3250 4045 est
3283 3992 3464 4048 Ahab.

2140 4062 2571 4132 Descenditque
2621 4065 2754 4132 post
2780 4078 2964 4116 annos
2995 4062 3064 4116 ad
3099 4078 3234 4117 eum
3279 4063 3337 4118 in
3367 4064 3714 4120 Samariam.

2144 4135 2227 4189 Ad
2258 4134 2429 4202 cujus
2453 4134 2766 4188 adventum
2795 4133 3072 4187 mactavit
3096 4133 3263 4188 Ahab
3295 4134 3506 4191 arietes
3529 4142 3586 4191 et
3615 4137 3718 4192 bo-

2071 4223 2170 4264 ves
2198 4204 2509 4278 plurimos,
2540 4209 2598 4258 et
2631 4203 2976 4278 populoqui
3011 4211 3250 4278 venerat
3279 4223 3406 4261 cum
3442 4223 3507 4262 eo
3537 4224 3550 4262 :
3586 4224 3720 4278 per-

2073 4275 2379 4346 suasitque
2411 4275 2516 4338 illi,
2553 4275 2988 4331 ut’ascenderet
3022 4277 3077 4329 in
3114 4275 3362 4333 Ramoth
3395 4275 3638 4333 Galaad.

2143 4348 2414 4418 Dixitque
2434 4347 2598 4402 Abab
2620 4364 2716 4402 rex
2736 4346 2914 4401 Israel
2937 4347 3005 4402 ad
3024 4347 3310 4420 Josaphat
3333 4365 3525 4422 regem
3545 4350 3721 4406 Juda:

1997 4391 2040 4457 D
2075 4420 2212 4478 Veni
2248 4435 2474 4475 mecum
2509 4419 2566 4473 in
2602 4417 2876 4474 Raimoth
2926 4417 3162 4473 Galaad.

2120 4420 2212 4476 eni
2248 4417 2474 4475 mecum
2509 4419 2566 4473 in
2602 4417 2876 4474 Raimoth
2926 4417 3162 4473 Galaad.

2144 4490 2250 4548 Cui
2299 4489 2397 4545 ille
2445 4490 2787 4566 respondit;
2841 4489 2910 4545 Ut
2942 4505 3068 4560 ego,
3099 4495 3165 4566 et
3188 4494 3289 4544 tu:
3324 4489 3480 4546 sicut
3527 4509 3724 4566 popu-

2073 4564 2362 4689 lusbttﬁis,
2412 4561 2497 4617 sic
2525 4559 2583 4617 et
2613 4559 2864 4633 pepulns
2899 4559 3065 4616 meus
3101 4577 3116 4616 :
3153 4565 3466 4634 tecumque
3496 4559 3724 4622 erimus

2073 4653 2127 4689 in
2213 4649 2240 4688 e
2291 4650 2345 4689 c.

2069 4653 2127 4691 ιη
2170 4649 2345 4689 ΒΘΙΙΟ.

2143 4705 2420 4780 Dixitque
2474 4701 2760 4780 Josapbat
2818 4703 2887 4757 ad
2923 4719 3116 4775 regem
3175 4703 3403 4780 Israel:
3447 4705 3720 4780 Consule,

2073 4775 2343 4840 obsecro,
2375 4775 2903 4846 impraesentiarum
2938 4791 3267 4832 sermonem
3306 4778 3558 4834 Domini.

2143 4845 2664 4920 Congregavitque‘
2680 4861 2775 4920 rex
2799 4845 2971 4920 Israel
3001 4846 3418 4920 propbetarum
3441 4848 3725 4920 quadrin-

2117 4916 2493 4984 entos'viros,
2526 4916 2582 4974 et
2610 4916 2754 4972 dixit
2784 4919 2853 4970 ad
2887 4916 3384 4974 eoslzIn'Ramotb
3409 4916 3626 4975 Galaad
3649 4921 3724 4975 ad

2118 4991 2415 5047 ellandum
2450 4990 2533 5044 ire
2563 4989 2867 5053 debemus,
2895 5005 2968 5044 an
3002 4991 3301 5059 quiescere
3331 4992 3358 5045 ‘f

2149 5067 2223 5116 At
2251 5061 2358 5145 illi,
2388 5061 2669 5130 Ascende,
2700 5059 3001 5132 inquiunt,
3030 5066 3088 5118 et
3117 5063 3306 5118 tradet
3333 5066 3478 5117 Deus
3511 5061 3568 5116 in
3603 5078 3727 5118 ma-

2079 5152 2158 5190 nu
2192 5150 2365 5190 P8218.

2151 5150 2421 5276 Diigtlgue
2448 5201 2764 5276 Josapbat:
2797 5201 3096 5275 Numquid
3118 5221 3230 5260 non
3256 5208 3344 5260 est
3365 5203 3460 5259 hic
3483 5203 3728 5276 prophe-

2079 5281 2168 5334 tes
2200 5273 2448 5338 Domini,
2483 5279 2546 5347 ut
2576 5273 2781 5347 abillo
2813 5273 2990 5347 etiam
3023 5277 3434 5347 requiramus?

2151 5350 2219 5404 Et
2249 5349 2329 5404 ait
2360 5362 2457 5401 rex
2487 5345 2665 5400 Israel
2689 5347 2759 5401 ad
2791 5346 3074 5417 Josaphat
3097 5345 3240 5402 {Est
3260 5347 3348 5401 vir
3372 5362 3526 5401 unus
3557 5363 3589 5400 a
3612 5363 3727 5418 quo

2080 5436 2360 5492 possumu
2385 5433 2678 5489 squaerere
2708 5417 2933 5472 Domini
2966 5419 3348 5486 voluntatem,
3379 5419 3478 5474 sed
3503 5433 3610 5491 ego
3631 5417 3728 5475 Odi

395 5637 414 5676 ί
451 5633 736 5708 Dicuntur
763 5637 985 5692 veteres
1031 5634 1268 5708 quidam
1313 5633 1503 5692 Latini
1551 5635 1780 5692 codices
1830 5633 2043 5696 addere
2087 5636 2138 5695 et
2183 5631 2518 5704 novissimis,
2553 5629 2655 5707 qui
2684 5630 2914 5690 videtur
2956 5634 3152 5690 tamen
3184 5630 3512 5692 scribarum
3544 5647 3730 5705 error,

321 5707 398 5770 ob
427 5707 895 5784 subsequentum
925 5707 1156 5777 vocum,
1183 5714 1396 5778 etnon,
1426 5722 1764 5767 occursum.
