4090 6192
333 240 359 301 1
369 241 474 300 457

1742 251 1988 306 VERBA
2022 252 2326 309 DIERUM.

3594 261 3734 319 1458

326 374 555 456 portam
577 367 788 456 Angu‘li
806 377 864 456 et
885 386 1066 456 super
1085 375 1311 456 portam
1331 371 1535 440 Vallis,
1560 377 1619 430 et
1637 373 1893 448 reliquas
1916 376 1975 432 in
2007 380 2060 444 Α
2091 380 2328 456 centum
2367 377 2586 436 talenta
2599 380 2851 456 argenti,
2863 381 3124 456 etdecem
3143 379 3330 440 millia
3358 399 3525 442 coros
3538 387 3742 456 tritici,

323 441 531 499 eodem
563 442 719 498 muri
741 441 943 509 latere,
962 441 1346 515 'firniavitque
1375 462 1494 502 eas.

395 515 695 570 Exstruxit
710 515 886 570 etiam
901 519 1092 570 turres
1115 517 1172 571 in
1193 517 1531 585 solitudine,
1547 521 1603 573 et
1620 518 1763 574 fodit
1776 518 1974 574 cister-

324 602 434 660 nas
464 585 773 660 plurimas,
799 601 864 641 eo
895 589 1049 658 quod
1084 587 1327 660 haberet
1359 590 1546 644 multa
1578 605 1804 660 pecora,
1853 595 1973 645 tam

324 657 848 729 inicampestribus
879 657 1054 729 quam
1087 659 1146 714 in
1179 661 1360 715 eremi
1388 657 1659 716 vastitate
1685 677 1698 716 :

393 727 610 800 Vincas
640 745 872 800 quoque
894 727 1100 786 babuit
1119 735 1177 786 et
1205 731 1484 788 vinitores
1531 733 1587 787 in
1648 732 1972 800 montibus,

321 799 471 927 Sttin
502 799 804 856 Carmelo’:
835 805 959 856 erat
990 803 1206 874 quippe
1235 803 1410 859 homo
1449 803 1820 876 agriculturae
1874 805 1974 859 de-

369 888 384 926 ι
419 888 508 926 us.

369 871 508 926 itus.

393 943 531 1028 Fuit
555 946 750 1028 autem
782 943 1070 1028 exercitus
1099 943 1447 1028 bellatorum
1483 945 1634 1028 ejus,
1656 945 1754 1028 qui
1781 963 1970 1028 procc-

318 1013 543 1090 debant
569 1015 639 1069 ad
665 1013 882 1090 praelia,
903 1015 1013 1070 sub
1032 1017 1372 1090 manuAJeiel
1419 1013 1633 1090 scriba,
1660 1013 1970 1090 Masiaeque

318 1085 601 1168 doctoris,
623 1092 680 1141 et
702 1086 812 1142 sub
838 1103 1014 1142 manu
1038 1087 1300 1160 Ananiaa,
1333 1087 1434 1159 qui
1456 1093 1581 1144 erat
1600 1089 1671 1144 de
1718 1085 1968 1146 ducibus

317 1172 499 1213 r8218.

439 1227 705 1302 mnisgue
729 1245 1008 1285 numerus
1033 1230 1367 1302 principum
1387 1247 1488 1302 per
1512 1230 1768 1288 familias
1814 1234 1967 1290 viro-

313 1316 450 1355 rum
483 1299 716 1355 fortium
741 1302 992 1356 duorum
1022 1299 1271 1357 millium
1305 1299 1731 1359 seicentorum.

386 1371 458 1427 Et
488 1372 599 1427 sub
631 1372 716 1427 eis
747 1373 1057 1428 universus
1081 1373 1369 1429 exercitus
1393 1377 1436 1440 ί,
1482 1379 1878 1432 trecentorum
1910 1382 1967 1434 et

316 1447 546 1520 septem
576 1442 832 1520 millium
859 1444 1316 1520 quingentorum
1342 1463 1356 1501 :
1383 1444 1484 1520 qui
1515 1451 1682 1520 erant
1714 1448 1837 1520 apti
1891 1451 1962 1504 ad

316 1459 546 1568 septem
579 1459 832 1498 miluum
859 1459 1356 1516 quingentorum:
1383 1461 1484 1516 qui
1515 1459 1682 1502 erant
1719 1459 1837 1520 apti
1891 1459 1961 1504 ad

315 1513 494 1586 bela,
535 1518 591 1570 et
620 1532 724 1586 pro
753 1531 889 1586 rege
917 1521 1118 1572 contra
1165 1517 1528 1573 adversarios
1584 1519 1961 1576 dimicabant.

389 1585 740 1658 Prmparavit
769 1585 1000 1658 quoque
1031 1588 1115 1643 eis
1146 1588 1336 1658 Ozias,
1362 1588 1421 1643 id
1475 1593 1582 1657 est,
1625 1595 1836 1645 cuncto
1867 1608 1960 1646 ex-

313 1656 547 1727 ercitui,
579 1656 834 1731 clypeos,
867 1656 924 1715 et
952 1658 1177 1728 hastas,
1223 1663 1280 1715 et
1321 1656 1574 1731 galeas,
1618 1667 1676 1717 et
1730 1661 1960 1730 loricas,

313 1744 608 1802 arcusque
637 1738 694 1802 et
723 1730 1035 1802 fundasuad
1056 1730 1366 1800 jaciendos
1387 1730 1631 1802 lapides.

387 1804 452 1855 Et
482 1799 617 1874 fecit
647 1801 704 1856 in
733 1799 1069 1874 Jerusalem
1106 1803 1334 1874 diversi
1356 1799 1586 1874 generis
1636 1805 1961 1874 machinas,

311 1871 554 1946 quas_in
589 1873 852 1946 turribus
883 1872 1208 1941 collocavit,
1243 1879 1301 1930 et
1323 1871 1385 1928 in
1403 1873 1637 1946 angulis
1660 1871 1964 1933 murorum

313 1943 702 2021 utmitterent
718 1944 974 2021 sagittas
996 1948 1052 2021 et
1073 1962 1212 2000 saxa
1239 1943 1518 2021 grandia?
1545 1961 1966 2021 egressumque

316 2018 408 2069 est
438 2031 648 2088 nomen
679 2014 820 2086 ejus'
852 2014 1074 2088 procul,
1132 2033 1198 2072 eo
1220 2014 1410 2088 fquod
1471 2014 1888 2075 auxiliaretur-
1912 2021 1963 2077 ei

309 2086 615 2156 Dominus,
647 2091 704 2142 et
733 2086 1169 2143 eorroborasset
1197 2086 1381 2143 illum.

381 2157 492 2232 Sed
525 2174 658 2214 cum
678 2159 982 2214 roboratus
1002 2163 1180 2232 esset,
1203 2159 1490 2215 elevatum
1515 2164 1605 2216 est
1635 2176 1734 2216 cor
1753 2162 1884 2232 ejus
1902 2163 1959 2219 in

307 2227 614 2302 interitum
645 2246 843 2297 suum,
876 2235 933 2285 et
958 2231 1213 2302 neglexit
1226 2232 1536 2287 Dominum
1555 2231 1730 2287 Deum
1747 2227 1956 2289 suum:

383 2301 808 2372 Ingressusque
835 2301 1122 2372 templum
1184 2302 1435 2370 Domini,
1491 2302 1724 2360 adolere
1778 2305 1962 2362 voluit

309 2370 620 2456 incensum
652 2370 831 2456 super
859 2370 1046 2429 altare
1080 2373 1502 2456 thymiamatis.

378 2443 706 2516 Statimque
732 2443 1040 2516 ingressus
1073 2443 1202 2516 post
1231 2462 1366 2502 eum
1397 2445 1631 2501 Azarias
1661 2448 1955 2516 sacerdos,

302 2518 363 2588 c_t
393 2531 529 2588 cum
564 2531 633 2588 eo
660 2517 994 2572 sacerdotes
1024 2517 1257 2572 Domini
1287 2516 1599 2588 octoginta,
1625 2517 1731 2572 viri
1755 2519 1958 2575 fortis-

300 2585 465 2671 simi,
501 2587 1012 2671 restiteruntnregi,
1036 2592 1219 2671 atque
1249 2585 1555 2671 dixeruut:

372 2660 500 2713 Non
535 2662 624 2715 est
650 2659 737 2714 tui
775 2658 972 2726 ofﬁcii,
1033 2658 1190 2726 Ozia,
1243 2664 1308 2716 ut
1360 2659 1594 2715 adoleas
1645 2658 1954 2717 incensum

296 2726 566 2801 Domino,
599 2731 697 2786 sed
733 2731 1124 2795 sacerdotum,
1159 2731 1268 2786 hoc
1289 2736 1398 2799 est,
1433 2731 1686 2787 filiorum
1739 2733 1950 2801 Aaron,

298 2799 404 2871 qui
430 2802 753 2858 consecrati
787 2806 926 2858 sunt
957 2802 1026 2857 ad
1056 2802 1470 2872 hujuscemodi
1517 2803 1910 2859 ministerium
1937 2799 1949 2861 ξ

295 2873 573 2944 egredere
603 2874 673 2930 de
702 2873 1056 2944 sanctuario,
1088 2890 1159 2930 ne
1189 2875 1614 2944 contempseris
1638 2899 1653 2942 ;
1676 2875 1814 2943 quia
1835 2893 1950 2932 non

297 2943 672 3016 reputabitur
700 2945 806 3000 tibi
838 2946 896 3000 in
927 2943 1175 3016 gloriam
1209 2946 1317 3000 hoc
1348 2962 1381 3000 a
1410 2943 1654 3001 Domino
1686 2946 1822 3001 Deo.

403 3020 680 3088 ratusque
706 3020 794 3072 est
824 3015 1011 3082 Ozias,
1039 3022 1091 3072 et
1127 3024 1335 3088 tenens
1359 3017 1418 3071 in
1453 3033 1631 3072 manu
1673 3017 1949 3073 thuribu-

1995 1751 2042 1816 B

2090 465 2156 528 ac
2187 450 2429 528 totidem
2461 467 2628 507 coros
2652 450 2906 528 Hordei:
2940 453 3060 510 hac
3101 456 3167 528 ei
3211 455 3586 528 praebuerunt
3634 450 3739 516 filii

2086 525 2364 585 Ammon,
2396 521 2456 576 in
2480 539 2632 578 anno
2666 525 2921 581 secundo
2952 531 3008 581 et
3039 521 3228 582 tertio:

2154 593 2694 666 Corroboratusque
2724 601 2811 670 est
2837 597 3132 667 Joalbam,
3166 614 3230 654 eo
3256 598 3408 670 quod
3434 598 3738 660 direxisset

2085 664 2206 718 vias
2239 681 2378 719 suas
2410 664 2615 721 coram
2644 668 2884 724 Domino
2917 671 3031 724 Deo
3064 664 3192 725 suo.

2155 734 2400 815 Reliqua
2431 742 2624 793 autem
2657 755 2994 815 sermonum
3025 740 3308 815 Joatbam
3324 744 3380 815 et
3401 757 3604 815 omnes
3626 760 3732 815 pu—

2127 823 2208 861 nm
2232 809 2696 886 ejus,_et_opera,
2731 811 2948 882 scripta
3000 817 3142 868 sunt
3202 813 3256 866 in
3296 813 3444 867 libro
3505 809 3728 886 Regum

2109 878 2257 933 srael
2289 883 2343 933 et
2372 878 2547 935 Judal

2152 948 2370 1034 Viginti
2401 951 2662 1034 quinque
2692 969 2981 1034 annorum
3005 959 3133 1034 erat
3151 969 3284 1034 cum
3327 969 3570 1034 regnare
3607 975 3724 1014 coa-

2081 1021 2284 1096 pis_set,
2311 1025 2367 1096 et
2396 1021 2648 1096 sedecim
2675 1025 2844 1096 annis
2875 1026 3140 1096 regnavit
3160 1026 3218 1079 in
3250 1021 3597 1082 Jerusalem.

2152 1092 2549 1170 Dormivitque
2570 1095 2838 1170 {oatham
2874 1092 3009 1170 cu'm
3034 1097 3300 1168 patribus
3323 1099 3469 1170 suis,
3496 1105 3551 1154 et
3570 1117 3726 1170 sepe-

2079 1161 2296 1246 Iierunt
2315 1161 2529 1220 eum'in
2555 1166 2783 1222 civitate
2805 1169 3014 1237 David,
3034 1161 3092 1224 et
3114 1168 3372 1240 regnavit
3391 1161 3548 1225 Abaz
3568 1161 3726 1228 ﬁlius

2075 1251 2204 1304 ejus
2237 1251 2338 1304 pro
2369 1253 2454 1291 eo.

2148 1251 2607 1380 Ezagoxggvm.)
2640 1308 2851 1380 Viginti
2884 1326 3172 1366 annorum
3216 1315 3342 1366 erat
3390 1311 3541 1367 Abaz
3587 1330 3722 1370 cum

2075 1392 2318 1502 regnpre
2347 1379 2654 1450 coepisset:
2689 1379 2745 1436 et
2771 1382 3021 1437 sedecim
3050 1382 3224 1437 annis
3257 1383 3522 1454 regnavit
3551 1385 3609 1440 in
3628 1389 3723 1441 Je-

2075 1465 2211 1502 rusa
2239 1465 2330 1502 em
2365 1468 2378 1502 :

2075 1465 2330 1504 rusalem
2365 1468 2378 1505 2

2143 1524 2268 1596 Non
2296 1521 2436 1596 fecit
2467 1526 2684 1596 rectum
2709 1524 2766 1596 in
2789 1528 3104 1596 conspectu
3127 1525 3358 1580 Domini
3378 1525 3721 1583 sicutDavid

2074 1595 2239 1662 pater
2259 1592 2386 1662 ejus
2412 1609 2424 1647 :
2446 1595 2546 1648 sed
2564 1595 2896 1666 ambulavit
2914 1592 2972 1650 in
2988 1596 3098 1652 viis
3120 1613 3319 1666 regum
3340 1597 3538 1663 Israel,
3564 1599 3725 1655 insu-

2072 1679 2175 1734 per
2204 1667 2262 1718 et
2291 1668 2520 1719 statuas
2548 1665 2698 1720 fudit
2731 1667 2968 1722 Baalim.

2145 1733 2269 1805 Ipse
2288 1736 2514 1806 est,qui
2547 1737 2799 1792 adolevit
2836 1737 3141 1794 incensum
3191 1739 3252 1794 in
3296 1739 3447 1795 valle
3495 1742 3717 1797 Benen-

2073 1821 2232 1881 nom,
2265 1811 2322 1861 et
2353 1808 2620 1881 lustravit
2652 1808 2804 1881 filios
2852 1826 2991 1865 suos
3031 1811 3090 1865 in
3136 1810 3288 1881 igne,
3325 1811 3499 1880 juxta
3537 1813 3718 1868 ritum

2069 1877 2328 2003 gentium
2351 1895 2497 1950 quas
2515 1879 2802 1936 interfecit
2817 1882 3098 1937 Dominus
3118 1877 3184 1936 in
3193 1877 3443 1938 adventu
3467 1883 3716 1941 filiorum

2097 1964 2224 2003 srae
2254 1988 2266 2000 .

2097 1964 2266 2003 srael.

2139 2019 2516 2094 sacriﬁcabat
2545 2037 2801 2094 quoque,
2834 2027 2889 2079 et
2905 2023 3227 2094 thymiama
3250 2025 3636 2082 succendebat
3655 2026 3715 2082 in

2067 2091 2416 2167 exeelsis,_et
2445 2093 2501 2146 in
2523 2091 2793 2167 collibus,
2824 2100 2882 2150 et
2901 2091 3014 2150 sub
3041 2095 3201 2150 omni
3223 2094 3381 2167 ligno
3412 2097 3710 2154 frondoso.

2139 2163 2520 2237 Tradiditque
2540 2180 2675 2219 eum
2695 2165 2980 2221 Dominus
3009 2171 3158 2222 Deus
3180 2163 3309 2237 ejus
3331 2167 3390 2222 in
3418 2183 3596 2224 manu
3618 2185 3716 2225 re-

2064 2232 2154 2305 gis
2178 2232 2524 2319 ξγςὶῖῡηᾴυἰ⁸
2546 2237 2836 2319 percussit
2857 2232 3429 2319 eum‘,_magn:am_que
3459 2240 3713 2310 praedam

2065 2305 2320 2381 cepit’de
2349 2306 2478 2374 ejus
2509 2306 2894 2381 imperio,uet_
2931 2305 3166 2381 adduxit
3205 2310 3262 2364 in
3309 2305 3663 2367 Damascum
3695 2331 3710 2381 ;

2177 2323 2219 2360 ιι
2249 2323 2320 2361 ae
2349 2323 2478 2374 ejus
2509 2323 2776 2378 imperio,
2827 2323 2885 2363 et
2931 2323 3166 2364 adduxit
3205 2326 3262 2364 in
3309 2323 3663 2367 Damascum
3695 2331 3710 2381 ;

2134 2323 2406 2454 Klanibus
2435 2394 2676 2454 quoque
2691 2379 2844 2454 regis
2875 2379 3054 2436 Israel
3089 2381 3339 2436 traditus
3366 2387 3476 2452 est,
3505 2387 3564 2438 et
3585 2399 3714 2454 per-

2062 2447 2726 2530 oussusplagagrandi.

2133 2518 2718 2591 OcciditquePbacee,
2733 2521 3199 2591 ﬁliusRomeliaa,
3217 2524 3286 2579 de
3298 2523 3330 2580 J
3339 2525 3454 2580 uda
3473 2527 3707 2581 centum

2059 2590 2267 2662 viginti
2300 2590 2486 2646 millia
2514 2592 2573 2646 in
2596 2593 2689 2647 die
2719 2609 2858 2661 uno,
2889 2611 3093 2650 omnes
3123 2595 3278 2650 viros
3301 2595 3614 2652 bellatores
3642 2613 3708 2653 eo

2060 2663 2209 2738 qugd
2229 2662 2620 2738 _reliquissent
2643 2665 2964 2738 Dominum,
2979 2667 3158 2738 Deum
3182 2669 3414 2738 patrum
3438 2683 3704 2723 suorum.

2131 2734 2342 2809 Eodem
2374 2739 2633 2809 tempore
2689 2735 2904 2809 occidit
2949 2734 3200 2809 Zecbrif
3227 2737 3333 2809 vir
3372 2742 3581 2809 potens
3636 2755 3707 2795 ex

2061 2805 2354 2880 Ephraim,
2379 2805 2659 2880 Magsiam
2694 2806 2883 2863 filium
2916 2808 3092 2880 regis,
3125 2812 3183 2864 et
3213 2805 3468 2880 Ezricam
3493 2809 3704 2866 ducem

2057 2876 2270 2952 domus
2301 2877 2451 2946 ejus,
2472 2877 2747 2952 Eleanam
2777 2876 3433 2952 quoquégsecunduma
3464 2896 3616 2952 rege.

2127 2895 2270 2932 imus
2301 2895 2451 2946 ejus,
2473 2895 2747 2933 arcanam
2777 2895 2892 2949 quo
2941 2895 3011 2935 ue
3043 2895 3365 2935 secundum
3399 2896 3433 2934 a
3464 2896 3616 2952 rege.

2127 2947 2533 3019 Ceperuntque
2565 2948 2666 3003 ﬁlii
2695 2950 2871 3006 Israel
2898 2895 2974 3004 Ἀθ
3005 2949 3284 3006 fratribus
3302 2948 3426 3007 suis
3458 2951 3708 3008 ducenta

2056 3018 2239 3074 millia
2262 3018 2598 3093 mulierum,
2625 3037 2959 3092 puerorum,
2983 3029 3035 3077 et
3062 3021 3412 3093 puellarum,
3435 3027 3491 3078 et
3511 3024 3706 3078 inﬁni-

298 3085 788 3175 lemutadoleret
809 3088 1139 3175 incensum,
1161 3087 1502 3175 minabatur
1523 3089 1946 3171 sacerdotibus.
1981 3107 2023 3175 ο
2060 3093 2180 3175 tam
2214 3092 2508 3175 pradam;
2539 3085 3306 3175 pertuleruntqueﬁamnin
3348 3085 3703 3175 Samariam.

375 3157 706 3230 Statimque
738 3163 865 3215 orta
895 3165 983 3215 est
1017 3161 1176 3230 lepra
1205 3161 1262 3214 in
1323 3160 1511 3215 fronte
1567 3161 1694 3229 ejus
1752 3177 1946 3218 coram

301 3230 707 3303 sacerdotibus
732 3230 792 3286 in
823 3231 996 3287 domo
1029 3231 1255 3288 Domini
1281 3247 1460 3303 super
1487 3230 1669 3287 altare
1698 3231 1949 3301 thymia-

298 3300 498 3356 matis.

370 3372 638 3444 Cumque
669 3373 1020 3444 respexisset
1074 3389 1209 3428 eum
1261 3373 1501 3428 Azarias
1559 3373 1832 3444 pontifex,
1891 3381 1946 3430 et

295 3458 500 3517 omnes
525 3443 734 3517 reliqui
761 3443 1116 3517 sacerdotes:
1137 3445 1404 3500 viderunt
1428 3443 1650 3517 lepram
1671 3445 1732 3500 in
1758 3446 1944 3502 fronte

293 3515 534 3588 ejus,uet
567 3515 841 3588 festinato
863 3515 1212 3588 expulerunt
1242 3532 1398 3588 eum.

367 3586 478 3660 Sed
493 3590 550 3641 et
570 3586 696 3660 ipse
719 3586 1080 3660 perterritus.
1105 3587 1449 3660 acceleravit
1470 3587 1686 3658 egredi,
1702 3602 1768 3644 eo
1790 3590 1941 3660 quod

292 3657 582 3729 sensisset
603 3657 759 3713 illico
790 3658 1021 3729 plagam
1052 3659 1310 3714 Domini.

365 3728 498 3802 Fuit
526 3729 705 3800 igitur
747 3728 914 3802 Ozias
940 3747 1069 3802 rex,
1106 3731 1372 3802 Ieprosus
1425 3745 1613 3801 usque
1662 3731 1734 3785 ad
1774 3731 1941 3802 diem

293 3799 502 3883 mortis
536 3799 678 3883 suae,
711 3804 768 3856 et
815 3801 1102 3883 habitavit
1128 3799 1185 3857 in
1219 3803 1409 3883 domo.
1436 3799 1704 3883 separata
1732 3801 1941 3883 plenus

291 3869 476 3944 lep_ra,
509 3871 791 3944 obiquam
822 3875 1042 3944 ejectus
1065 3873 1256 3928 fuerat
1285 3874 1356 3944 de
1378 3869 1552 3926 dom'o
1581 3869 1834 3927 Domini.

367 3941 542 4015 Porro
570 3941 1033 4000 Joatbamvtllius
1061 3945 1191 4015 ejus
1221 3943 1368 4000 rexit
1396 3945 1638 3999 domum
1669 3944 1845 4015 regis,
1887 3949 1944 4000 et

288 4012 595 4086 judicabat
624 4015 906 4086 populum
937 4012 1124 4072 terrai.

363 4084 832 4157 Reliqua—autem
866 4103 1204 4143 sermonum
1238 4087 1384 4143 Ozia
1417 4084 1680 4157 priorum
1725 4089 1781 4140 et
1833 4103 1942 4142 no-

291 4154 671 4229 viesimorum
703 4157 941 4228 scripsit
971 4158 1154 4214 Isaias
1185 4157 1343 4229 filius
1385 4154 1582 4229 A'mos,
1634 4158 1940 4229 prepheta,

361 4226 763 4302 Dormivitque
791 4226 958 4285 Ozias
981 4245 1113 4302 cum
1142 4228 1408 4302 patribus
1425 4228 1575 4294 suis,
1624 4226 1681 4284 et
1698 4226 1940 4302 sepeliee

291 4301 432 4354 runt
458 4315 594 4373 eum
627 4298 685 4355 in
715 4316 856 4372 agro
881 4298 1168 4373 regalium
1200 4298 1724 4373 sepulcrorumLeo
1767 4298 1940 4373 'quod

290 4373 450 4426 esset
494 4370 802 4443 leprosus:
838 4370 1218 4445 regnavitque
1267 4370 1544 4428 ‘Joatbam
1603 4371 1762 4429 ﬁlius
1804 4370 1941 4443 'ejus

336 4459 399 4498 1'0
429 4457 515 4498 EO.

292 4458 519 4587 111.3033:
552 4513 801 4586 XXVII.)
832 4514 1047 4587 Viginti
1070 4514 1325 4585 quinque
1348 4529 1635 4587 annorum
1659 4518 1784 4587 erat
1802 4514 1940 4570 Joa-

290 4583 453 4659 tbam
477 4601 609 4659 c_um
633 4583 877 4659 regnare
899 4583 1186 4659 coepisset,
1206 4590 1264 4641 et
1280 4585 1531 4641 sedecim
1554 4585 1724 4640 annis
1747 4602 1945 4658 regna-

288 4655 374 4710 vit
407 4657 463 4710 in
493 4655 818 4712 Jerusalem
852 4675 866 4712 :

360 4727 582 4783 Nomen
615 4728 817 4783 matris
843 4729 972 4798 ejus
1001 4727 1213 4782 Jerusa
1241 4725 1359 4782 lilia
1383 4728 1591 4782 Sadoc.

360 4798 634 4870 Fecitque
664 4800 818 4870 quod
852 4797 1074 4870 rectum
1106 4803 1228 4854 erat
1259 4814 1454 4854 coram
1486 4797 1748 4862 Domino,
1771 4797 1942 4868 juxta

287 4868 488 4924 omnia
517 4868 642 4942 quae
677 4868 890 4926 fecerat
920 4869 1084 4942 Ozias
1117 4874 1282 4942 pater
1307 4886 1472 4942 suus,
1505 4873 1741 4942 excepto
1783 4870 1939 4940 quod

289 4956 402 5013 non
435 4940 863 5013 est’ingressus
885 4940 1166 5012 templum
1190 4940 1445 5006 Domini,
1469 4945 1526 4995 et
1547 4940 1738 4995 adhuc
1761 4957 1941 5012 popu-

287 5011 383 5067 lus
414 5011 812 5083 delinquebat.

363 5083 493 5155 Ipse
522 5081 832 5139 mdiﬁcavit
862 5087 1088 5155 portam
1120 5083 1331 5138 domus
1367 5081 1595 5155 Domini
1626 5081 1937 5149 excelsam,

289 5153 435 5226 et_i_n
468 5170 636 5210 muro
658 5155 839 5226 Opbel
865 5153 1060 5210 multo
1093 5154 1437 5226 construxit.

360 5223 545 5298 _U_rbes
576 5223 810 5298 quoque
840 5225 1148 5281 aedificavit
1177 5226 1238 5280 in
1261 5224 1563 5280 montibus
1591 5225 1768 5292 Juda,
1801 5229 1856 5280 et
1877 5225 1936 5280 in

287 5295 544 5352 saltibus
573 5295 814 5354 castella
845 5303 900 5352 et
922 5302 1132 5352 turres.

361 5370 490 5437 Ipse
513 5370 787 5439 pugnavit
819 5373 1022 5424 contra
1044 5383 1234 5439 regem
1268 5366 1520 5422 filiorum
1554 5375 1826 5434 Ammon,
1863 5371 1938 5439 et

286 5437 563 5504 viciteos,
583 5441 988 5511 dederuntque
1007 5439 1056 5494 ei
1083 5438 1185 5493 lilii
1209 5441 1455 5494 Ammon
1482 5439 1538 5492 in
1565 5437 1936 5510 temporeillo

359 5650 496 5706 'Sie
526 5651 668 5725 legit
723 5653 918 5708 Canon
954 5651 1342 5708 Memmianus
1384 5650 1445 5708 in
1493 5666 1768 5722 corpore:
1831 5669 1934 5724 pro

284 5725 548 5780 trecentis
574 5740 711 5779 vero
741 5725 801 5779 in
836 5728 1097 5790 margine
1143 5725 1422 5778 sexcentos
1481 5727 1662 5789 notat,
1723 5729 1780 5778 et
1833 5741 1934 5793 pro

281 5800 486 5866 septem
513 5796 785 5868 millibus,
820 5794 1138 5854 vuimillia.
1164 5797 1297 5862 Quae
1328 5793 1933 5863 varianteslectiones,

2133 3162 2210 3236 Ea
2242 3162 2591 3236 tempestate
2622 3169 2744 3219 erat
2773 3163 2851 3236 ibi
2884 3162 3169 3236 propheta
3197 3163 3448 3234 Domini,
3468 3166 3706 3223 nomine

2056 3231 2236 3305 Oded,
2271 3231 2666 3305 qui'egressus
2689 3231 2917 3291 obviam
2940 3231 3219 3292 exercitui
3238 3231 3492 3292 venienti
3513 3237 3572 3292 in
3595 3243 3698 3293 Sa-

2055 3304 2325 3374 mariam,
2357 3304 2504 3360 diniit
2529 3305 2614 3361 eis
2639 3323 2652 3361 :

2125 3375 2471 3449 Ecceiratus
2494 3377 2780 3449 Dominus
2799 3384 2955 3434 Deus
2968 3381 3197 3449 patrum
3217 3382 3537 3435 vestrorum
3565 3395 3700 3435 eon-

2053 3449 2144 3501 tra
2171 3447 2359 3503 Juda:
2394 3448 2638 3504 tradidit
2668 3464 2766 3504 eos
2798 3450 2856 3504 in
2891 3447 3166 3505 manibus
3198 3451 3428 3517 vestris,
3462 3455 3519 3506 et
3543 3451 3698 3506 occi-

2052 3517 2223 3594 distis
2253 3535 2352 3575 eos
2383 3519 2676 3594 atrociter,
2708 3521 2792 3577 ita
2849 3527 2914 3577 ut
2951 3522 3023 3577 ad
3081 3519 3290 3577 coelum
3341 3524 3700 3594 pertingeret

2053 3593 2240 3646 vestra
2268 3591 2603 3646 crudelitas.

2121 3665 2367 3733 Insuper
2389 3662 2538 3717 filios
2555 3663 2708 3718 Juda
2729 3663 3124 3718 etJerusalem
3138 3662 3314 3717 vultis
3331 3663 3496 3718 vobis
3517 3665 3698 3733 subji-

2050 3746 2179 3787 cere
2211 3732 2268 3786 in
2297 3749 2494 3787 servos
2526 3738 2581 3788 et
2612 3733 2854 3788 ancillas
2879 3751 2891 3787 :
2915 3735 3068 3804 quod
3122 3749 3491 3803 nequaquam
3547 3732 3697 3790 facto

2050 3817 2195 3872 opus
2225 3807 2351 3858 est:
2387 3805 2675 3874 peccastis
2706 3805 2861 3859 enim
2893 3820 3070 3875 super
3111 3805 3221 3859 hoc
3279 3805 3524 3860 Domino
3586 3810 3698 3860 Deo

2047 3876 2261 3928 vestro.

2118 3945 2225 3998 Sed
2259 3945 2456 4018 audite
2479 3945 2789 4018 consilium
2813 3961 3028 4018 meum.
3057 3949 3112 4000 et
3135 3945 3394 4018 reducite
3416 3945 3701 4018 captivos,

2049 4031 2196 4090 quos
2227 4016 2559 4090 adduxistis
2589 4018 2663 4090 de
2695 4017 2973 4090 fratribus
3003 4015 3234 4085 vestris,
3271 4017 3409 4088 quia
3451 4015 3699 4090 magnus

2048 4087 2212 4142 furor
2242 4087 2472 4142 Domini
2501 4087 2772 4143 imminet
2799 4088 2985 4144 vobis.

2119 4159 2421 4231 Steterunt
2480 4159 2850 4231 itaqueﬂviri
2888 4160 2959 4214 de
3012 4158 3382 4231 principibus
3441 4160 3696 4214 filiorum

2050 4229 2346 4300 Ephraim,
2377 4229 2612 4285 Azarias
2646 4230 2799 4286 filius
2820 4229 3112 4299 Johanan,
3173 4231 3481 4285 Baracbias
3538 4231 3696 4286 ﬁlius

2048 4301 2769 4368 Mosollamoth,Ezechias
2793 4301 2948 4358 filius
2969 4301 3210 4367 Selium,
3227 4306 3283 4356 et
3303 4306 3519 4356 Amasa
3542 4302 3700 4358 filius

2049 4373 2233 4442 Adali,
2255 4377 2458 4428 contra
2483 4388 2581 4429 eos
2613 4373 2708 4444 qui
2741 4374 3052 4429 veniebant
3082 4373 3150 4429 de
3183 4372 3402 4444 praelio,
3435 4378 3491 4428 et
3537 4373 3696 4428 dixe-

1970 4459 2016 4524 D
2050 4448 2190 4524 runt
2219 4445 2303 4524 eis
2327 4460 2340 4499 :

2124 4515 2248 4570 Non
2281 4515 2664 4571 introducetis
2696 4514 2810 4570 huc
2832 4515 3114 4586 captivos,
3144 4530 3216 4569 ne
3249 4530 3557 4585 peccemus
3591 4521 3701 4571 Do-

2053 4587 2235 4641 mino.
2269 4587 2454 4650 Quare
2476 4586 2652 4641 vultis
2675 4587 2928 4657 adjicere
2951 4603 3130 4657 super
3144 4591 3378 4656 peccata
3400 4593 3621 4653 nostra,
3646 4593 3699 4644 ct

2052 4663 2247 4712 vetera
2278 4658 2581 4712 cumulare
2612 4657 2826 4729 delicta
2847 4657 2875 4711 ?
2902 4659 3119 4726 grande
3151 4658 3366 4729 quippe
3397 4664 3700 4729 peccatum

2052 4732 2159 4790 est,
2192 4734 2250 4783 et
2280 4729 2366 4782 ira
2393 4730 2607 4784 furoris
2635 4728 2866 4784 Domini
2899 4729 3172 4783 imminet
3200 4728 3378 4790 super
3398 4728 3610 4786 Israel.

2123 4799 2603 4870 Dimiseruntque
2632 4800 2737 4854 viri
2772 4799 3082 4854 bellatores
3141 4799 3418 4870 praedam,
3453 4807 3508 4856 et
3567 4802 3699 4857 uni-

2050 4887 2217 4944 versa
2247 4888 2374 4944 quae
2407 4875 2700 4942 ceperant,
2754 4887 2950 4926 coram
3008 4871 3376 4944 principibus
3436 4879 3493 4928 et
3541 4871 3702 4927 omni

2051 4941 2447 4997 multitudine.

2121 5014 2535 5084 Steteruntque
2565 5012 2670 5067 viri
2713 5028 2860 5082 quos
2892 5029 3072 5085 supra
3113 5013 3592 5079 memoravimus,
3646 5016 3702 5067 ct

2049 5085 2555 5154 apprehendentes
2586 5084 2864 5156 captivos,
2897 5084 3218 5156 omnesque
3250 5085 3348 5155 qui
3373 5085 3514 5138 nudi
3537 5096 3704 5140 erant

2047 5156 2373 5237 vestierunt
2404 5157 2473 5210 de
2504 5155 2729 5237 spoliis.

2118 5227 2382 5298 Cumque
2414 5225 2736 5282 vestissent
2765 5231 2947 5292 eos,et
2977 5225 3426 5298 calceassenl,et
3462 5225 3698 5281 refecis-

2048 5303 2180 5352 sent
2207 5297 2334 5352 cibo
2369 5315 2434 5353 ac
2468 5303 2631 5369 potu,
2658 5299 3079 5369 unxissentque
3103 5303 3334 5367 propter
3353 5297 3704 5369 lab_orem,et

2048 5367 2572 5425 adhibuissent‘eis
2603 5387 2806 5423 curam
2845 5387 2856 5422 :
2892 5367 3227 5439 quicunque
3257 5367 3557 5424 ambulare
3582 5385 3698 5424 non

2049 5445 2336 5511 poterant,
2370 5446 2426 5496 et
2455 5446 2624 5496 erant
2656 5440 2946 5495 imbecillo
2979 5457 3240 5512 corpore,
3294 5439 3703 5510 imposuerunt

2045 5669 2267 5709 errores
2307 5658 2446 5709 sunt
2501 5653 2966 5725 antiquariorum
3028 5670 3128 5709 seu
3190 5657 3446 5709 veterum
3507 5656 3696 5709 exscri

2047 5730 2278 5797 ptorum
2315 5728 2675 5783 Latinorum.
2710 5725 2888 5779 MART.
