  <div class='ocr_page' id='page_1' title='image "/cluster/home/n/w/nwhite01/storage/ocr_20150623/28/hvd.32044052824265/801.png"; bbox 0 0 4090 6192; ppageno 0'>
   <div class='ocr_carea' id='block_1_1' title="bbox 437 221 577 281">
    <p class='ocr_par' dir='ltr' id='par_1_1' title="bbox 437 221 577 281">
     <span class='ocr_line' id='line_1_1' title="bbox 437 221 577 281; baseline -0.014 0"><span class='ocrx_word' id='word_1_1' title='bbox 437 221 577 281; x_wconf 67' lang='grc'><strong>1459</strong></span> 
     </span>
    </p>
   </div>
   <div class='ocr_carea' id='block_1_2' title="bbox 1470 195 2811 281">
    <p class='ocr_par' dir='ltr' id='par_1_2' title="bbox 1470 195 2811 281">
     <span class='ocr_line' id='line_1_2' title="bbox 1470 195 2811 281; baseline 0.003 -5"><span class='ocrx_word' id='word_1_2' title='bbox 1470 221 1528 278; x_wconf 89' lang='grc'><strong>6.</strong></span> <span class='ocrx_word' id='word_1_3' title='bbox 1570 222 1973 279; x_wconf 76' lang='grc' dir='ltr'><strong>ΗΙΕΒΟΝΥΜΙ</strong></span> <span class='ocrx_word' id='word_1_4' title='bbox 2013 195 2268 280; x_wconf 77' lang='lat' dir='ltr'><strong>DIVINA</strong></span> <span class='ocrx_word' id='word_1_5' title='bbox 2315 224 2811 281; x_wconf 65' lang='lat' dir='ltr'><strong>sxsmornnca.</strong></span> 
     </span>
    </p>
   </div>
   <div class='ocr_carea' id='block_1_3' title="bbox 3666 225 3766 286">
    <p class='ocr_par' dir='ltr' id='par_1_3' title="bbox 3666 225 3766 286">
     <span class='ocr_line' id='line_1_3' title="bbox 3666 225 3766 286; baseline 0.04 -4"><span class='ocrx_word' id='word_1_6' title='bbox 3666 225 3766 286; x_wconf 62' lang='lat' dir='ltr'><strong>litt)</strong></span> 
     </span>
    </p>
   </div>
   <div class='ocr_carea' id='block_1_4' title="bbox 436 346 3778 424">
    <p class='ocr_par' dir='ltr' id='par_1_4' title="bbox 436 346 3778 424">
     <span class='ocr_line' id='line_1_4' title="bbox 436 346 3778 424; baseline 0 -14"><span class='ocrx_word' id='word_1_7' title='bbox 436 346 1862 424; x_wconf 78' lang='lat' dir='ltr'><strong>eosjumentis,etadduxeruntJericbocivitatem</strong></span> <span class='ocrx_word' id='word_1_8' title='bbox 1877 348 2096 424; x_wconf 89' lang='lat' dir='ltr'><strong>palma-</strong></span> <span class='ocrx_word' id='word_1_9' title='bbox 2124 351 2179 419; x_wconf 75' lang='grc' dir='ltr'><strong>Α</strong></span> <span class='ocrx_word' id='word_1_10' title='bbox 2209 353 2266 405; x_wconf 89' lang='lat' dir='ltr'><strong>et</strong></span> <span class='ocrx_word' id='word_1_11' title='bbox 2294 349 2428 406; x_wconf 72' lang='lat' dir='ltr'><strong>tilia:</strong></span> <span class='ocrx_word' id='word_1_12' title='bbox 2467 355 2730 424; x_wconf 68' lang='lat' dir='ltr'><strong>nostrm,_</strong></span> <span class='ocrx_word' id='word_1_13' title='bbox 2755 354 2813 406; x_wconf 91' lang='lat' dir='ltr'><strong>et</strong></span> <span class='ocrx_word' id='word_1_14' title='bbox 2859 351 3141 423; x_wconf 88' lang='lat' dir='ltr'><strong>conjuges</strong></span> <span class='ocrx_word' id='word_1_15' title='bbox 3197 349 3431 424; x_wconf 74' lang='lat' dir='ltr'><strong>captiva:</strong></span> <span class='ocrx_word' id='word_1_16' title='bbox 3474 350 3636 407; x_wconf 71' lang='lat' dir='ltr'><strong>ducta</strong></span> <span class='ocrx_word' id='word_1_17' title='bbox 3662 360 3778 423; x_wconf 85' lang='lat' dir='ltr'><strong>sunt,</strong></span> 
     </span>
    </p>
   </div>
   <div class='ocr_carea' id='block_1_5' title="bbox 438 419 2091 492">
    <p class='ocr_par' dir='ltr' id='par_1_5' title="bbox 438 419 2091 492">
     <span class='ocr_line' id='line_1_5' title="bbox 438 419 2091 492; baseline -0.003 -11"><span class='ocrx_word' id='word_1_18' title='bbox 438 419 572 482; x_wconf 79' lang='lat' dir='ltr'><strong>rum</strong></span> <span class='ocrx_word' id='word_1_19' title='bbox 596 423 668 479; x_wconf 89' lang='lat' dir='ltr'><strong>ad</strong></span> <span class='ocrx_word' id='word_1_20' title='bbox 695 423 903 478; x_wconf 77' lang='lat' dir='ltr'><strong>fratres</strong></span> <span class='ocrx_word' id='word_1_21' title='bbox 943 437 1169 491; x_wconf 89' lang='lat' dir='ltr'><strong>eorum,</strong></span> <span class='ocrx_word' id='word_1_22' title='bbox 1211 419 1443 492; x_wconf 83' lang='lat' dir='ltr'><strong>ipsique</strong></span> <span class='ocrx_word' id='word_1_23' title='bbox 1475 419 1687 476; x_wconf 85' lang='lat' dir='ltr'><strong>reversi</strong></span> <span class='ocrx_word' id='word_1_24' title='bbox 1725 419 2091 476; x_wconf 31' lang='lat' dir='ltr'><strong>sunt’Sama-</strong></span> 
     </span>
    </p>
   </div>
   <div class='ocr_carea' id='block_1_6' title="bbox 444 511 620 552">
    <p class='ocr_par' dir='ltr' id='par_1_6' title="bbox 444 511 620 552">
     <span class='ocr_line' id='line_1_6' title="bbox 444 511 620 552; baseline -0.017 0"><span class='ocrx_word' id='word_1_25' title='bbox 444 511 620 552; x_wconf 76' lang='lat' dir='ltr'><strong>riam.</strong></span> 
     </span>
    </p>
   </div>
   <div class='ocr_carea' id='block_1_7' title="bbox 511 562 2096 637">
    <p class='ocr_par' dir='ltr' id='par_1_7' title="bbox 511 562 2096 637">
     <span class='ocr_line' id='line_1_7' title="bbox 511 562 2096 637; baseline -0.003 -17"><span class='ocrx_word' id='word_1_26' title='bbox 511 571 792 637; x_wconf 81' lang='lat' dir='ltr'><strong>Tempore</strong></span> <span class='ocrx_word' id='word_1_27' title='bbox 808 563 908 619; x_wconf 91' lang='lat' dir='ltr'><strong>illo</strong></span> <span class='ocrx_word' id='word_1_28' title='bbox 924 562 1082 637; x_wconf 88' lang='lat' dir='ltr'><strong>misit</strong></span> <span class='ocrx_word' id='word_1_29' title='bbox 1097 579 1196 618; x_wconf 88' lang='lat' dir='ltr'><strong>rex</strong></span> <span class='ocrx_word' id='word_1_30' title='bbox 1209 562 1365 619; x_wconf 81' lang='lat' dir='ltr'><strong>Ahas</strong></span> <span class='ocrx_word' id='word_1_31' title='bbox 1379 562 1450 618; x_wconf 90' lang='lat' dir='ltr'><strong>ad</strong></span> <span class='ocrx_word' id='word_1_32' title='bbox 1468 578 1662 635; x_wconf 83' lang='lat' dir='ltr'><strong>regem</strong></span> <span class='ocrx_word' id='word_1_33' title='bbox 1694 562 2096 635; x_wconf 81' lang='lat' dir='ltr'><strong>Assyriorum,</strong></span> 
     </span>
    </p>
   </div>
   <div class='ocr_carea' id='block_1_8' title="bbox 444 633 1093 708">
    <p class='ocr_par' dir='ltr' id='par_1_8' title="bbox 444 633 1093 708">
     <span class='ocr_line' id='line_1_8' title="bbox 444 633 1093 708; baseline -0.012 -12"><span class='ocrx_word' id='word_1_34' title='bbox 444 633 733 696; x_wconf 75' lang='lat' dir='ltr'><strong>auxilium</strong></span> <span class='ocrx_word' id='word_1_35' title='bbox 765 633 1093 708; x_wconf 84' lang='lat' dir='ltr'><strong>postulans.</strong></span> 
     </span>
    </p>
   </div>
   <div class='ocr_carea' id='block_1_9' title="bbox 516 705 2100 778">
    <p class='ocr_par' dir='ltr' id='par_1_9' title="bbox 516 705 2100 778">
     <span class='ocr_line' id='line_1_9' title="bbox 516 705 2100 778; baseline -0.002 -15"><span class='ocrx_word' id='word_1_36' title='bbox 516 705 936 778; x_wconf 79' lang='lat' dir='ltr'><strong>Veneruntque</strong></span> <span class='ocrx_word' id='word_1_37' title='bbox 968 705 1228 778; x_wconf 63' lang='lat' dir='ltr'><strong>Idumaei,</strong></span> <span class='ocrx_word' id='word_1_38' title='bbox 1261 709 1316 761; x_wconf 90' lang='lat' dir='ltr'><strong>et</strong></span> <span class='ocrx_word' id='word_1_39' title='bbox 1348 709 1767 777; x_wconf 85' lang='lat' dir='ltr'><strong>percusserunt</strong></span> <span class='ocrx_word' id='word_1_40' title='bbox 1789 705 2008 761; x_wconf 91' lang='lat' dir='ltr'><strong>multos</strong></span> <span class='ocrx_word' id='word_1_41' title='bbox 2031 721 2100 760; x_wconf 80' lang='lat' dir='ltr'><strong>ex</strong></span> 
     </span>
    </p>
   </div>
   <div class='ocr_carea' id='block_1_10' title="bbox 441 777 1633 851">
    <p class='ocr_par' dir='ltr' id='par_1_10' title="bbox 441 777 1633 851">
     <span class='ocr_line' id='line_1_10' title="bbox 441 777 1633 851; baseline -0.003 -14"><span class='ocrx_word' id='word_1_42' title='bbox 441 780 637 851; x_wconf 66' lang='lat' dir='ltr'><strong>Juda,</strong></span> <span class='ocrx_word' id='word_1_43' title='bbox 653 783 710 836; x_wconf 87' lang='lat' dir='ltr'><strong>et</strong></span> <span class='ocrx_word' id='word_1_44' title='bbox 731 777 1021 851; x_wconf 84' lang='lat' dir='ltr'><strong>ceperunt</strong></span> <span class='ocrx_word' id='word_1_45' title='bbox 1052 777 1307 851; x_wconf 73' lang='lat' dir='ltr'><strong>praedam</strong></span> <span class='ocrx_word' id='word_1_46' title='bbox 1333 793 1633 851; x_wconf 86' lang='lat' dir='ltr'><strong>magnam.</strong></span> 
     </span>
    </p>
   </div>
   <div class='ocr_carea' id='block_1_11' title="bbox 515 849 2096 922">
    <p class='ocr_par' dir='ltr' id='par_1_11' title="bbox 515 849 2096 922">
     <span class='ocr_line' id='line_1_11' title="bbox 515 849 2096 922; baseline -0.003 -16"><span class='ocrx_word' id='word_1_47' title='bbox 515 849 852 906; x_wconf 85' lang='lat' dir='ltr'><strong>Philisthim</strong></span> <span class='ocrx_word' id='word_1_48' title='bbox 885 849 1344 922; x_wconf 15' lang='lat' dir='ltr'><strong>quoqueidiﬂ‘usi</strong></span> <span class='ocrx_word' id='word_1_49' title='bbox 1377 853 1516 903; x_wconf 87' lang='lat' dir='ltr'><strong>sunt</strong></span> <span class='ocrx_word' id='word_1_50' title='bbox 1545 865 1647 919; x_wconf 90' lang='lat' dir='ltr'><strong>per</strong></span> <span class='ocrx_word' id='word_1_51' title='bbox 1667 849 1842 922; x_wconf 83' lang='lat' dir='ltr'><strong>urbes</strong></span> <span class='ocrx_word' id='word_1_52' title='bbox 1865 863 2096 922; x_wconf 67' lang='lat' dir='ltr'><strong>campe-</strong></span> 
     </span>
    </p>
   </div>
   <div class='ocr_carea' id='block_1_12' title="bbox 445 919 2096 991">
    <p class='ocr_par' dir='ltr' id='par_1_12' title="bbox 445 919 2096 991">
     <span class='ocr_line' id='line_1_12' title="bbox 445 919 2096 991; baseline -0.004 -12"><span class='ocrx_word' id='word_1_53' title='bbox 445 927 616 979; x_wconf 89' lang='lat' dir='ltr'><strong>stres.</strong></span> <span class='ocrx_word' id='word_1_54' title='bbox 631 927 687 976; x_wconf 90' lang='lat' dir='ltr'><strong>et</strong></span> <span class='ocrx_word' id='word_1_55' title='bbox 701 923 772 978; x_wconf 90' lang='lat' dir='ltr'><strong>ad</strong></span> <span class='ocrx_word' id='word_1_56' title='bbox 791 919 1092 977; x_wconf 72' lang='lat' dir='ltr'><strong>meridiem</strong></span> <span class='ocrx_word' id='word_1_57' title='bbox 1111 921 1294 976; x_wconf 86' lang='lat' dir='ltr'><strong>Juda:</strong></span> <span class='ocrx_word' id='word_1_58' title='bbox 1311 919 2096 991; x_wconf 85' lang='lat' dir='ltr'><strong>ceperuntqueBeth-Sames</strong></span> 
     </span>
    </p>
   </div>
   <div class='ocr_carea' id='block_1_13' title="bbox 443 991 2092 1063">
    <p class='ocr_par' dir='ltr' id='par_1_13' title="bbox 443 991 2092 1063">
     <span class='ocr_line' id='line_1_13' title="bbox 443 991 2092 1063; baseline -0.004 -12"><span class='ocrx_word' id='word_1_59' title='bbox 443 999 502 1051; x_wconf 90' lang='lat' dir='ltr'><strong>et</strong></span> <span class='ocrx_word' id='word_1_60' title='bbox 521 993 745 1058; x_wconf 85' lang='lat' dir='ltr'><strong>Aialon,</strong></span> <span class='ocrx_word' id='word_1_61' title='bbox 768 999 824 1050; x_wconf 93' lang='lat' dir='ltr'><strong>et</strong></span> <span class='ocrx_word' id='word_1_62' title='bbox 844 993 1157 1060; x_wconf 88' lang='lat' dir='ltr'><strong>Gaderoth,</strong></span> <span class='ocrx_word' id='word_1_63' title='bbox 1183 992 1370 1047; x_wconf 90' lang='lat' dir='ltr'><strong>Socbo</strong></span> <span class='ocrx_word' id='word_1_64' title='bbox 1393 1007 1648 1063; x_wconf 89' lang='lat' dir='ltr'><strong>quoque,</strong></span> <span class='ocrx_word' id='word_1_65' title='bbox 1666 995 1722 1046; x_wconf 89' lang='lat' dir='ltr'><strong>et</strong></span> <span class='ocrx_word' id='word_1_66' title='bbox 1760 991 2092 1063; x_wconf 89' lang='lat' dir='ltr'><strong>Thamnan,</strong></span> 
     </span>
    </p>
   </div>
   <div class='ocr_carea' id='block_1_14' title="bbox 441 1062 2092 1135">
    <p class='ocr_par' dir='ltr' id='par_1_14' title="bbox 441 1062 2092 1135">
     <span class='ocr_line' id='line_1_14' title="bbox 441 1062 2092 1135; baseline -0.004 -13"><span class='ocrx_word' id='word_1_67' title='bbox 441 1069 499 1122; x_wconf 87' lang='lat' dir='ltr'><strong>et</strong></span> <span class='ocrx_word' id='word_1_68' title='bbox 517 1067 752 1135; x_wconf 88' lang='lat' dir='ltr'><strong>Gamzo,</strong></span> <span class='ocrx_word' id='word_1_69' title='bbox 780 1082 914 1120; x_wconf 91' lang='lat' dir='ltr'><strong>cum</strong></span> <span class='ocrx_word' id='word_1_70' title='bbox 944 1064 1154 1119; x_wconf 86' lang='lat' dir='ltr'><strong>viculis</strong></span> <span class='ocrx_word' id='word_1_71' title='bbox 1177 1063 1322 1132; x_wconf 84' lang='lat' dir='ltr'><strong>suis,</strong></span> <span class='ocrx_word' id='word_1_72' title='bbox 1346 1062 1845 1120; x_wconf 28' lang='lat' dir='ltr'><strong>et’habitaverunt</strong></span> <span class='ocrx_word' id='word_1_73' title='bbox 1887 1062 1944 1118; x_wconf 92' lang='lat' dir='ltr'><strong>in</strong></span> <span class='ocrx_word' id='word_1_74' title='bbox 1985 1062 2092 1117; x_wconf 90' lang='lat' dir='ltr'><strong>eis.</strong></span> 
     </span>
    </p>
   </div>
   <div class='ocr_carea' id='block_1_15' title="bbox 511 1149 2097 1223">
    <p class='ocr_par' dir='ltr' id='par_1_15' title="bbox 511 1149 2097 1223">
     <span class='ocr_line' id='line_1_15' title="bbox 511 1149 2097 1223; baseline -0.002 -14"><span class='ocrx_word' id='word_1_75' title='bbox 511 1153 937 1210; x_wconf 78' lang='lat' dir='ltr'><strong>Humiliaverat</strong></span> <span class='ocrx_word' id='word_1_76' title='bbox 965 1152 1119 1208; x_wconf 89' lang='lat' dir='ltr'><strong>enim</strong></span> <span class='ocrx_word' id='word_1_77' title='bbox 1145 1151 1432 1208; x_wconf 85' lang='lat' dir='ltr'><strong>Dominus</strong></span> <span class='ocrx_word' id='word_1_78' title='bbox 1453 1151 1665 1207; x_wconf 89' lang='lat' dir='ltr'><strong>Judam</strong></span> <span class='ocrx_word' id='word_1_79' title='bbox 1688 1155 1924 1223; x_wconf 80' lang='lat' dir='ltr'><strong>propter</strong></span> <span class='ocrx_word' id='word_1_80' title='bbox 1939 1149 2097 1206; x_wconf 85' lang='lat' dir='ltr'><strong>Ahaz</strong></span> 
     </span>
    </p>
   </div>
   <div class='ocr_carea' id='block_1_16' title="bbox 441 1223 2097 1299">
    <p class='ocr_par' dir='ltr' id='par_1_16' title="bbox 441 1223 2097 1299">
     <span class='ocr_line' id='line_1_16' title="bbox 441 1223 2097 1299; baseline -0.003 -17"><span class='ocrx_word' id='word_1_81' title='bbox 441 1241 637 1299; x_wconf 85' lang='lat' dir='ltr'><strong>regem</strong></span> <span class='ocrx_word' id='word_1_82' title='bbox 668 1226 842 1299; x_wconf 75' lang='lat' dir='ltr'><strong>Jada,</strong></span> <span class='ocrx_word' id='word_1_83' title='bbox 878 1241 943 1299; x_wconf 90' lang='lat' dir='ltr'><strong>eo</strong></span> <span class='ocrx_word' id='word_1_84' title='bbox 975 1224 1122 1299; x_wconf 67' lang='lat' dir='ltr'><strong>quod</strong></span> <span class='ocrx_word' id='word_1_85' title='bbox 1158 1225 1440 1299; x_wconf 84' lang='lat' dir='ltr'><strong>nudasset</strong></span> <span class='ocrx_word' id='word_1_86' title='bbox 1461 1240 1594 1278; x_wconf 88' lang='lat' dir='ltr'><strong>eum</strong></span> <span class='ocrx_word' id='word_1_87' title='bbox 1617 1223 1852 1293; x_wconf 85' lang='lat' dir='ltr'><strong>auxilio,</strong></span> <span class='ocrx_word' id='word_1_88' title='bbox 1880 1227 1937 1278; x_wconf 88' lang='lat' dir='ltr'><strong>et</strong></span> <span class='ocrx_word' id='word_1_89' title='bbox 1957 1238 2097 1278; x_wconf 90' lang='lat' dir='ltr'><strong>con-</strong></span> 
     </span>
    </p>
   </div>
   <div class='ocr_carea' id='block_1_17' title="bbox 441 1296 1402 1368">
    <p class='ocr_par' dir='ltr' id='par_1_17' title="bbox 441 1296 1402 1368">
     <span class='ocr_line' id='line_1_17' title="bbox 441 1296 1402 1368; baseline -0.005 -14"><span class='ocrx_word' id='word_1_90' title='bbox 441 1296 696 1368; x_wconf 73' lang='lat' dir='ltr'><strong>temptui</strong></span> <span class='ocrx_word' id='word_1_91' title='bbox 725 1296 1035 1352; x_wconf 83' lang='lat' dir='ltr'><strong>habuisset</strong></span> <span class='ocrx_word' id='word_1_92' title='bbox 1065 1296 1402 1368; x_wconf 74' lang='lat' dir='ltr'><strong>Dominum.</strong></span> 
     </span>
    </p>
   </div>
   <div class='ocr_carea' id='block_1_18' title="bbox 513 1363 2095 1440">
    <p class='ocr_par' dir='ltr' id='par_1_18' title="bbox 513 1363 2095 1440">
     <span class='ocr_line' id='line_1_18' title="bbox 513 1363 2095 1440; baseline -0.004 -14"><span class='ocrx_word' id='word_1_93' title='bbox 513 1363 887 1440; x_wconf 75' lang='lat' dir='ltr'><strong>Adduxitque</strong></span> <span class='ocrx_word' id='word_1_94' title='bbox 918 1371 1118 1423; x_wconf 90' lang='lat' dir='ltr'><strong>contra</strong></span> <span class='ocrx_word' id='word_1_95' title='bbox 1157 1383 1289 1440; x_wconf 89' lang='lat' dir='ltr'><strong>eum</strong></span> <span class='ocrx_word' id='word_1_96' title='bbox 1336 1364 1638 1440; x_wconf 24' lang='lat' dir='ltr'><strong>AThelgath</strong></span> <span class='ocrx_word' id='word_1_97' title='bbox 1699 1363 2022 1440; x_wconf 75' lang='lat' dir='ltr'><strong>Phalnasar</strong></span> <span class='ocrx_word' id='word_1_98' title='bbox 2055 1368 2095 1440; x_wconf 58' lang='grc' dir='ltr'><strong>ξ,</strong></span> 
     </span>
    </p>
   </div>
   <div class='ocr_carea' id='block_1_19' title="bbox 439 1435 2099 1513">
    <p class='ocr_par' dir='ltr' id='par_1_19' title="bbox 439 1435 2099 1513">
     <span class='ocr_line' id='line_1_19' title="bbox 439 1435 2099 1513; baseline -0.003 -17"><span class='ocrx_word' id='word_1_99' title='bbox 439 1457 637 1513; x_wconf 82' lang='lat' dir='ltr'><strong>regem</strong></span> <span class='ocrx_word' id='word_1_100' title='bbox 663 1435 1058 1513; x_wconf 79' lang='lat' dir='ltr'><strong>Assyriorum,</strong></span> <span class='ocrx_word' id='word_1_101' title='bbox 1079 1439 1178 1510; x_wconf 87' lang='lat' dir='ltr'><strong>qui</strong></span> <span class='ocrx_word' id='word_1_102' title='bbox 1199 1443 1256 1493; x_wconf 90' lang='lat' dir='ltr'><strong>et</strong></span> <span class='ocrx_word' id='word_1_103' title='bbox 1289 1435 1648 1492; x_wconf 80' lang='lat' dir='ltr'><strong>afﬂixiteum</strong></span> <span class='ocrx_word' id='word_1_104' title='bbox 1668 1443 1744 1506; x_wconf 92' lang='lat' dir='ltr'><strong>et,</strong></span> <span class='ocrx_word' id='word_1_105' title='bbox 1770 1435 1930 1492; x_wconf 93' lang='lat' dir='ltr'><strong>nullo</strong></span> <span class='ocrx_word' id='word_1_106' title='bbox 1955 1437 2099 1492; x_wconf 76' lang='lat' dir='ltr'><strong>resi~</strong></span> 
     </span>
    </p>
   </div>
   <div class='ocr_carea' id='block_1_20' title="bbox 443 1512 962 1580">
    <p class='ocr_par' dir='ltr' id='par_1_20' title="bbox 443 1512 962 1580">
     <span class='ocr_line' id='line_1_20' title="bbox 443 1512 962 1580; baseline -0.01 -10"><span class='ocrx_word' id='word_1_107' title='bbox 443 1512 659 1580; x_wconf 71' lang='lat' dir='ltr'><strong>stante,</strong></span> <span class='ocrx_word' id='word_1_108' title='bbox 693 1512 962 1567; x_wconf 76' lang='lat' dir='ltr'><strong>vastavit.</strong></span> 
     </span>
    </p>
   </div>
   <div class='ocr_carea' id='block_1_21' title="bbox 513 1579 2099 1708">
    <p class='ocr_par' dir='ltr' id='par_1_21' title="bbox 513 1579 2099 1708">
     <span class='ocr_line' id='line_1_21' title="bbox 513 1579 2099 1708; baseline -0.003 -68"><span class='ocrx_word' id='word_1_109' title='bbox 513 1579 1344 1708; x_wconf 62' lang='lat' dir='ltr'><strong>IgiturAhaz.s(poliatadomo</strong></span> <span class='ocrx_word' id='word_1_110' title='bbox 1363 1579 1880 1646; x_wconf 80' lang='lat' dir='ltr'><strong>Domini,etdomo</strong></span> <span class='ocrx_word' id='word_1_111' title='bbox 1897 1595 2099 1652; x_wconf 88' lang='lat' dir='ltr'><strong>regum</strong></span> 
     </span>
     <span class='ocr_line' id='line_1_22' title="bbox 541 1651 2099 1708; baseline -0.002 0"><span class='ocrx_word' id='word_1_112' title='bbox 541 1654 897 1708; x_wconf 86' lang='lat' dir='ltr'><strong>nrincioum.</strong></span> <span class='ocrx_word' id='word_1_113' title='bbox 972 1653 1092 1708; x_wconf 89' lang='lat' dir='ltr'><strong>edit</strong></span> <span class='ocrx_word' id='word_1_114' title='bbox 1114 1651 1233 1708; x_wconf 72' lang='lat' dir='ltr'><strong>regi</strong></span> <span class='ocrx_word' id='word_1_115' title='bbox 1257 1651 1626 1708; x_wconf 86' lang='lat' dir='ltr'><strong>Assvriorum</strong></span> <span class='ocrx_word' id='word_1_116' title='bbox 1654 1667 1920 1708; x_wconf 89' lang='lat' dir='ltr'><strong>munera.</strong></span> <span class='ocrx_word' id='word_1_117' title='bbox 1949 1655 2099 1706; x_wconf 89' lang='lat' dir='ltr'><strong>etta-</strong></span> 
     </span>
    </p>
   </div>
   <div class='ocr_carea' id='block_1_22' title="bbox 443 1651 2100 1727">
    <p class='ocr_par' dir='ltr' id='par_1_22' title="bbox 443 1651 2100 1727">
     <span class='ocr_line' id='line_1_23' title="bbox 443 1651 2100 1727; baseline -0.004 -15"><span class='ocrx_word' id='word_1_118' title='bbox 443 1671 510 1712; x_wconf 89' lang='lat' dir='ltr'><strong>ac</strong></span> <span class='ocrx_word' id='word_1_119' title='bbox 541 1651 897 1727; x_wconf 76' lang='lat' dir='ltr'><strong>principum,</strong></span> <span class='ocrx_word' id='word_1_120' title='bbox 931 1651 1092 1727; x_wconf 81' lang='lat' dir='ltr'><strong>dedit</strong></span> <span class='ocrx_word' id='word_1_121' title='bbox 1114 1651 1233 1724; x_wconf 81' lang='lat' dir='ltr'><strong>regi</strong></span> <span class='ocrx_word' id='word_1_122' title='bbox 1257 1651 1626 1723; x_wconf 82' lang='lat' dir='ltr'><strong>Assyriorum</strong></span> <span class='ocrx_word' id='word_1_123' title='bbox 1654 1667 1920 1720; x_wconf 89' lang='lat' dir='ltr'><strong>munera,</strong></span> <span class='ocrx_word' id='word_1_124' title='bbox 1949 1655 2100 1706; x_wconf 90' lang='lat' dir='ltr'><strong>etta-</strong></span> 
     </span>
    </p>
   </div>
   <div class='ocr_carea' id='block_1_23' title="bbox 448 1723 1114 1808">
    <p class='ocr_par' dir='ltr' id='par_1_23' title="bbox 448 1723 1114 1808">
     <span class='ocr_line' id='line_1_24' title="bbox 448 1723 1114 1808; baseline -0.008 -25"><span class='ocrx_word' id='word_1_125' title='bbox 448 1723 583 1808; x_wconf 67' lang='grc' dir='ltr'><strong>ιηςῇ</strong></span> <span class='ocrx_word' id='word_1_126' title='bbox 618 1723 763 1781; x_wconf 83' lang='lat' dir='ltr'><strong>nihil</strong></span> <span class='ocrx_word' id='word_1_127' title='bbox 793 1724 845 1808; x_wconf 87' lang='lat' dir='ltr'><strong>ei</strong></span> <span class='ocrx_word' id='word_1_128' title='bbox 870 1723 1114 1808; x_wconf 79' lang='lat' dir='ltr'><strong>profuit.</strong></span> 
     </span>
    </p>
   </div>
   <div class='ocr_carea' id='block_1_24' title="bbox 516 1793 2097 1870">
    <p class='ocr_par' dir='ltr' id='par_1_24' title="bbox 516 1793 2097 1870">
     <span class='ocr_line' id='line_1_25' title="bbox 516 1793 2097 1870; baseline -0.004 -16"><span class='ocrx_word' id='word_1_129' title='bbox 516 1798 766 1870; x_wconf 86' lang='lat' dir='ltr'><strong>Insuper</strong></span> <span class='ocrx_word' id='word_1_130' title='bbox 795 1793 940 1852; x_wconf 86' lang='lat' dir='ltr'><strong>etin</strong></span> <span class='ocrx_word' id='word_1_131' title='bbox 974 1801 1235 1870; x_wconf 77' lang='lat' dir='ltr'><strong>tempore</strong></span> <span class='ocrx_word' id='word_1_132' title='bbox 1267 1793 1549 1866; x_wconf 71' lang='lat' dir='ltr'><strong>angustia:</strong></span> <span class='ocrx_word' id='word_1_133' title='bbox 1581 1811 1700 1849; x_wconf 69' lang='lat' dir='ltr'><strong>sua:</strong></span> <span class='ocrx_word' id='word_1_134' title='bbox 1721 1793 1899 1870; x_wconf 74' lang='lat' dir='ltr'><strong>auxit</strong></span> <span class='ocrx_word' id='word_1_135' title='bbox 1955 1810 2097 1849; x_wconf 88' lang='lat' dir='ltr'><strong>con-</strong></span> 
     </span>
    </p>
   </div>
   <div class='ocr_carea' id='block_1_25' title="bbox 442 1864 2096 1941">
    <p class='ocr_par' dir='ltr' id='par_1_25' title="bbox 442 1864 2096 1941">
     <span class='ocr_line' id='line_1_26' title="bbox 442 1864 2096 1941; baseline -0.004 -14"><span class='ocrx_word' id='word_1_136' title='bbox 442 1864 736 1941; x_wconf 74' lang='lat' dir='ltr'><strong>temptum</strong></span> <span class='ocrx_word' id='word_1_137' title='bbox 761 1870 820 1923; x_wconf 88' lang='lat' dir='ltr'><strong>in</strong></span> <span class='ocrx_word' id='word_1_138' title='bbox 847 1864 1338 1941; x_wconf 77' lang='lat' dir='ltr'><strong>Dominum,_ipse</strong></span> <span class='ocrx_word' id='word_1_139' title='bbox 1357 1864 1474 1938; x_wconf 84' lang='lat' dir='ltr'><strong>per</strong></span> <span class='ocrx_word' id='word_1_140' title='bbox 1503 1880 1565 1921; x_wconf 91' lang='lat' dir='ltr'><strong>se</strong></span> <span class='ocrx_word' id='word_1_141' title='bbox 1587 1865 1861 1941; x_wconf 78' lang='lat' dir='ltr'><strong>rex_Ahaz</strong></span> <span class='ocrx_word' id='word_1_142' title='bbox 1881 1864 2096 1941; x_wconf 50' lang='lat' dir='ltr'><strong>immog</strong></span> 
     </span>
    </p>
   </div>
   <div class='ocr_carea' id='block_1_26' title="bbox 442 1937 2100 2010">
    <p class='ocr_par' dir='ltr' id='par_1_26' title="bbox 442 1937 2100 2010">
     <span class='ocr_line' id='line_1_27' title="bbox 442 1937 2100 2010; baseline -0.001 -14"><span class='ocrx_word' id='word_1_143' title='bbox 442 1937 590 1998; x_wconf 73' lang='lat' dir='ltr'><strong>lavit</strong></span> <span class='ocrx_word' id='word_1_144' title='bbox 614 1941 725 1998; x_wconf 91' lang='lat' dir='ltr'><strong>diis</strong></span> <span class='ocrx_word' id='word_1_145' title='bbox 757 1939 1032 1995; x_wconf 84' lang='lat' dir='ltr'><strong>Damasci</strong></span> <span class='ocrx_word' id='word_1_146' title='bbox 1066 1937 1335 1994; x_wconf 84' lang='lat' dir='ltr'><strong>victimas</strong></span> <span class='ocrx_word' id='word_1_147' title='bbox 1368 1937 1816 2010; x_wconf 73' lang='lat' dir='ltr'><strong>percussoribus</strong></span> <span class='ocrx_word' id='word_1_148' title='bbox 1848 1937 1994 2004; x_wconf 83' lang='lat' dir='ltr'><strong>suis,</strong></span> <span class='ocrx_word' id='word_1_149' title='bbox 2041 1939 2100 1994; x_wconf 83' lang='lat' dir='ltr'><strong>et</strong></span> 
     </span>
    </p>
   </div>
   <div class='ocr_carea' id='block_1_27' title="bbox 448 2013 632 2069">
    <p class='ocr_par' dir='ltr' id='par_1_27' title="bbox 448 2013 632 2069">
     <span class='ocr_line' id='line_1_28' title="bbox 448 2013 632 2069; baseline -0.005 0"><span class='ocrx_word' id='word_1_150' title='bbox 448 2013 595 2069; x_wconf 81' lang='lat' dir='ltr'><strong>dixit</strong></span> <span class='ocrx_word' id='word_1_151' title='bbox 619 2029 632 2068; x_wconf 90' lang='lat'><strong>:</strong></span> 
     </span>
    </p>
   </div>
   <div class='ocr_carea' id='block_1_28' title="bbox 514 2079 2098 2162">
    <p class='ocr_par' dir='ltr' id='par_1_28' title="bbox 514 2079 2098 2162">
     <span class='ocr_line' id='line_1_29' title="bbox 514 2079 2098 2162; baseline -0.003 -23"><span class='ocrx_word' id='word_1_152' title='bbox 514 2082 1006 2162; x_wconf 41' lang='lat' dir='ltr'><strong>Diregum-Syrize</strong></span> <span class='ocrx_word' id='word_1_153' title='bbox 1029 2079 1387 2162; x_wconf 55' lang='lat' dir='ltr'><strong>auxiliantur</strong></span> <span class='ocrx_word' id='word_1_154' title='bbox 1407 2079 1514 2147; x_wconf 91' lang='lat' dir='ltr'><strong>eis,</strong></span> <span class='ocrx_word' id='word_1_155' title='bbox 1538 2096 1691 2162; x_wconf 76' lang='lat' dir='ltr'><strong>quos</strong></span> <span class='ocrx_word' id='word_1_156' title='bbox 1709 2095 1813 2162; x_wconf 86' lang='lat' dir='ltr'><strong>ego</strong></span> <span class='ocrx_word' id='word_1_157' title='bbox 1844 2079 2098 2162; x_wconf 73' lang='lat' dir='ltr'><strong>placabo</strong></span> 
     </span>
    </p>
   </div>
   <div class='ocr_carea' id='block_1_29' title="bbox 444 2150 2100 2225">
    <p class='ocr_par' dir='ltr' id='par_1_29' title="bbox 444 2150 2100 2225">
     <span class='ocr_line' id='line_1_30' title="bbox 444 2150 2100 2225; baseline -0.004 -14"><span class='ocrx_word' id='word_1_158' title='bbox 444 2150 741 2225; x_wconf 73' lang='lat' dir='ltr'><strong>hostiis,et</strong></span> <span class='ocrx_word' id='word_1_159' title='bbox 761 2150 1010 2210; x_wconf 75' lang='lat' dir='ltr'><strong>aderunt</strong></span> <span class='ocrx_word' id='word_1_160' title='bbox 1032 2152 1175 2225; x_wconf 86' lang='lat' dir='ltr'><strong>mihi</strong></span> <span class='ocrx_word' id='word_1_161' title='bbox 1197 2171 1211 2218; x_wconf 88' lang='lat'><strong>;</strong></span> <span class='ocrx_word' id='word_1_162' title='bbox 1237 2169 1370 2225; x_wconf 75' lang='lat' dir='ltr'><strong>eam</strong></span> <span class='ocrx_word' id='word_1_163' title='bbox 1395 2151 1732 2208; x_wconf 88' lang='lat' dir='ltr'><strong>econtrario</strong></span> <span class='ocrx_word' id='word_1_164' title='bbox 1749 2150 1858 2222; x_wconf 87' lang='lat' dir='ltr'><strong>ipsi</strong></span> <span class='ocrx_word' id='word_1_165' title='bbox 1884 2150 2100 2206; x_wconf 84' lang='lat' dir='ltr'><strong>fuerint</strong></span> 
     </span>
    </p>
   </div>
   <div class='ocr_carea' id='block_1_30' title="bbox 447 2223 1323 2282">
    <p class='ocr_par' dir='ltr' id='par_1_30' title="bbox 447 2223 1323 2282">
     <span class='ocr_line' id='line_1_31' title="bbox 447 2223 1323 2282; baseline -0.007 0"><span class='ocrx_word' id='word_1_166' title='bbox 447 2226 630 2282; x_wconf 65' lang='lat' dir='ltr'><strong>ruinis</strong></span> <span class='ocrx_word' id='word_1_167' title='bbox 664 2223 714 2281; x_wconf 84' lang='lat' dir='ltr'><strong>ei</strong></span> <span class='ocrx_word' id='word_1_168' title='bbox 745 2231 801 2282; x_wconf 92' lang='lat' dir='ltr'><strong>et</strong></span> <span class='ocrx_word' id='word_1_169' title='bbox 829 2227 1102 2280; x_wconf 89' lang='lat' dir='ltr'><strong>universo</strong></span> <span class='ocrx_word' id='word_1_170' title='bbox 1126 2223 1323 2279; x_wconf 88' lang='lat' dir='ltr'><strong>Israel.</strong></span> 
     </span>
    </p>
   </div>
   <div class='ocr_carea' id='block_1_31' title="bbox 512 2292 2100 2368">
    <p class='ocr_par' dir='ltr' id='par_1_31' title="bbox 512 2292 2100 2368">
     <span class='ocr_line' id='line_1_32' title="bbox 512 2292 2100 2368; baseline -0.004 -15"><span class='ocrx_word' id='word_1_171' title='bbox 512 2296 768 2368; x_wconf 91' lang='lat' dir='ltr'><strong>Direptis</strong></span> <span class='ocrx_word' id='word_1_172' title='bbox 800 2296 1004 2366; x_wconf 77' lang='lat' dir='ltr'><strong>itaque</strong></span> <span class='ocrx_word' id='word_1_173' title='bbox 1037 2295 1184 2350; x_wconf 80' lang='lat' dir='ltr'><strong>Ahaz</strong></span> <span class='ocrx_word' id='word_1_174' title='bbox 1205 2294 1492 2368; x_wconf 86' lang='lat' dir='ltr'><strong>omnibus</strong></span> <span class='ocrx_word' id='word_1_175' title='bbox 1522 2293 1920 2368; x_wconf 74' lang='lat' dir='ltr'><strong>vasisdomus</strong></span> <span class='ocrx_word' id='word_1_176' title='bbox 1973 2292 2100 2368; x_wconf 78' lang='lat' dir='ltr'><strong>Dei,</strong></span> 
     </span>
    </p>
   </div>
   <div class='ocr_carea' id='block_1_32' title="bbox 444 2363 2101 2440">
    <p class='ocr_par' dir='ltr' id='par_1_32' title="bbox 444 2363 2101 2440">
     <span class='ocr_line' id='line_1_33' title="bbox 444 2363 2101 2440; baseline -0.002 -16"><span class='ocrx_word' id='word_1_177' title='bbox 444 2363 1459 2440; x_wconf 80' lang='lat' dir='ltr'><strong>atqueconfractis,_clausitjanuas</strong></span> <span class='ocrx_word' id='word_1_178' title='bbox 1491 2363 1855 2440; x_wconf 75' lang='lat' dir='ltr'><strong>templi_Dei,</strong></span> <span class='ocrx_word' id='word_1_179' title='bbox 1887 2370 1943 2420; x_wconf 92' lang='lat' dir='ltr'><strong>et</strong></span> <span class='ocrx_word' id='word_1_180' title='bbox 1967 2365 2101 2420; x_wconf 87' lang='lat' dir='ltr'><strong>fecit</strong></span> 
     </span>
    </p>
   </div>
   <div class='ocr_carea' id='block_1_33' title="bbox 443 2435 1848 2508">
    <p class='ocr_par' dir='ltr' id='par_1_33' title="bbox 443 2435 1848 2508">
     <span class='ocr_line' id='line_1_34' title="bbox 443 2435 1848 2508; baseline -0.006 -10"><span class='ocrx_word' id='word_1_181' title='bbox 443 2435 558 2498; x_wconf 84' lang='lat' dir='ltr'><strong>sibi</strong></span> <span class='ocrx_word' id='word_1_182' title='bbox 587 2438 794 2494; x_wconf 87' lang='lat' dir='ltr'><strong>altaria</strong></span> <span class='ocrx_word' id='word_1_183' title='bbox 825 2438 886 2494; x_wconf 90' lang='lat' dir='ltr'><strong>in</strong></span> <span class='ocrx_word' id='word_1_184' title='bbox 921 2437 1210 2494; x_wconf 86' lang='lat' dir='ltr'><strong>universis</strong></span> <span class='ocrx_word' id='word_1_185' title='bbox 1239 2435 1473 2508; x_wconf 81' lang='lat' dir='ltr'><strong>angulis</strong></span> <span class='ocrx_word' id='word_1_186' title='bbox 1499 2435 1848 2491; x_wconf 87' lang='lat' dir='ltr'><strong>Jerusalem.</strong></span> 
     </span>
    </p>
   </div>
   <div class='ocr_carea' id='block_1_34' title="bbox 519 2523 2100 2598">
    <p class='ocr_par' dir='ltr' id='par_1_34' title="bbox 519 2523 2100 2598">
     <span class='ocr_line' id='line_1_35' title="bbox 519 2523 2100 2598; baseline -0.004 -12"><span class='ocrx_word' id='word_1_187' title='bbox 519 2530 584 2586; x_wconf 88' lang='lat' dir='ltr'><strong>In</strong></span> <span class='ocrx_word' id='word_1_188' title='bbox 617 2526 887 2584; x_wconf 89' lang='lat' dir='ltr'><strong>omnibus</strong></span> <span class='ocrx_word' id='word_1_189' title='bbox 914 2541 1145 2598; x_wconf 89' lang='lat' dir='ltr'><strong>quoque</strong></span> <span class='ocrx_word' id='word_1_190' title='bbox 1179 2525 1424 2598; x_wconf 85' lang='lat' dir='ltr'><strong>urbibus</strong></span> <span class='ocrx_word' id='word_1_191' title='bbox 1452 2523 1925 2598; x_wconf 12' lang='lat' dir='ltr'><strong>Judaiexstruxit</strong></span> <span class='ocrx_word' id='word_1_192' title='bbox 1968 2541 2100 2598; x_wconf 85' lang='lat' dir='ltr'><strong>aras</strong></span> 
     </span>
    </p>
   </div>
   <div class='ocr_carea' id='block_1_35' title="bbox 449 2596 2103 2669">
    <p class='ocr_par' dir='ltr' id='par_1_35' title="bbox 449 2596 2103 2669">
     <span class='ocr_line' id='line_1_36' title="bbox 449 2596 2103 2669; baseline -0.004 -12"><span class='ocrx_word' id='word_1_193' title='bbox 449 2601 520 2657; x_wconf 86' lang='lat' dir='ltr'><strong>ad</strong></span> <span class='ocrx_word' id='word_1_194' title='bbox 545 2599 818 2655; x_wconf 89' lang='lat' dir='ltr'><strong>eremand</strong></span> <span class='ocrx_word' id='word_1_195' title='bbox 831 2596 1104 2666; x_wconf 50' lang='lat' dir='ltr'><strong>um&#39;thu&#39;s,</strong></span> <span class='ocrx_word' id='word_1_196' title='bbox 1119 2601 1294 2668; x_wconf 89' lang='lat' dir='ltr'><strong>atque</strong></span> <span class='ocrx_word' id='word_1_197' title='bbox 1307 2598 1377 2652; x_wconf 89' lang='lat' dir='ltr'><strong>ad</strong></span> <span class='ocrx_word' id='word_1_198' title='bbox 1393 2597 1752 2651; x_wconf 84' lang='lat' dir='ltr'><strong>iracundiam</strong></span> <span class='ocrx_word' id='word_1_199' title='bbox 1771 2596 2103 2669; x_wconf 79' lang='lat' dir='ltr'><strong>provocavit</strong></span> 
     </span>
    </p>
   </div>
   <div class='ocr_carea' id='block_1_36' title="bbox 447 2671 1539 2741">
    <p class='ocr_par' dir='ltr' id='par_1_36' title="bbox 447 2671 1539 2741">
     <span class='ocr_line' id='line_1_37' title="bbox 447 2671 1539 2741; baseline -0.005 -13"><span class='ocrx_word' id='word_1_200' title='bbox 447 2671 765 2730; x_wconf 89' lang='lat' dir='ltr'><strong>Dominum</strong></span> <span class='ocrx_word' id='word_1_201' title='bbox 799 2675 977 2725; x_wconf 91' lang='lat' dir='ltr'><strong>Deum</strong></span> <span class='ocrx_word' id='word_1_202' title='bbox 1009 2675 1240 2741; x_wconf 85' lang='lat' dir='ltr'><strong>patrum</strong></span> <span class='ocrx_word' id='word_1_203' title='bbox 1275 2685 1539 2724; x_wconf 89' lang='lat' dir='ltr'><strong>suorum.</strong></span> 
     </span>
    </p>
   </div>
   <div class='ocr_carea' id='block_1_37' title="bbox 525 2738 2100 2814">
    <p class='ocr_par' dir='ltr' id='par_1_37' title="bbox 525 2738 2100 2814">
     <span class='ocr_line' id='line_1_38' title="bbox 525 2738 2100 2814; baseline -0.003 -16"><span class='ocrx_word' id='word_1_204' title='bbox 525 2741 771 2814; x_wconf 83' lang='lat' dir='ltr'><strong>Reliqua</strong></span> <span class='ocrx_word' id='word_1_205' title='bbox 791 2747 985 2798; x_wconf 90' lang='lat' dir='ltr'><strong>autem</strong></span> <span class='ocrx_word' id='word_1_206' title='bbox 1009 2738 1348 2814; x_wconf 76' lang='lat' dir='ltr'><strong>sermonum</strong></span> <span class='ocrx_word' id='word_1_207' title='bbox 1365 2743 1493 2811; x_wconf 89' lang='lat' dir='ltr'><strong>ejus</strong></span> <span class='ocrx_word' id='word_1_208' title='bbox 1511 2738 1841 2814; x_wconf 83' lang='lat' dir='ltr'><strong>etomnium</strong></span> <span class='ocrx_word' id='word_1_209' title='bbox 1857 2755 2100 2814; x_wconf 82' lang='lat' dir='ltr'><strong>operum</strong></span> 
     </span>
    </p>
   </div>
   <div class='ocr_carea' id='block_1_38' title="bbox 495 2810 2103 2883">
    <p class='ocr_par' dir='ltr' id='par_1_38' title="bbox 495 2810 2103 2883">
     <span class='ocr_line' id='line_1_39' title="bbox 495 2810 2103 2883; baseline -0.002 -13"><span class='ocrx_word' id='word_1_210' title='bbox 495 2810 719 2870; x_wconf 72' lang='lat' dir='ltr'><strong>riorufn</strong></span> <span class='ocrx_word' id='word_1_211' title='bbox 748 2819 770 2854; x_wconf 85' lang='grc'>³</span> <span class='ocrx_word' id='word_1_212' title='bbox 797 2819 851 2869; x_wconf 89' lang='lat' dir='ltr'><strong>et</strong></span> <span class='ocrx_word' id='word_1_213' title='bbox 913 2813 1365 2869; x_wconf 89' lang='lat' dir='ltr'><strong>novissimorum</strong></span> <span class='ocrx_word' id='word_1_214' title='bbox 1396 2810 1643 2883; x_wconf 81' lang='lat' dir='ltr'><strong>scripta</strong></span> <span class='ocrx_word' id='word_1_215' title='bbox 1673 2816 1810 2867; x_wconf 90' lang='lat' dir='ltr'><strong>sunt</strong></span> <span class='ocrx_word' id='word_1_216' title='bbox 1856 2810 1914 2865; x_wconf 83' lang='lat' dir='ltr'><strong>in</strong></span> <span class='ocrx_word' id='word_1_217' title='bbox 1954 2810 2103 2867; x_wconf 88' lang='lat' dir='ltr'><strong>libro</strong></span> 
     </span>
    </p>
   </div>
   <div class='ocr_carea' id='block_1_39' title="bbox 453 2831 1164 2942">
    <p class='ocr_par' dir='ltr' id='par_1_39' title="bbox 453 2831 1164 2942">
     <span class='ocr_line' id='line_1_40' title="bbox 495 2831 1164 2870; baseline -0.004 0"><span class='ocrx_word' id='word_1_218' title='bbox 495 2831 719 2870; x_wconf 81' lang='lat' dir='ltr'><strong>norum</strong></span> <span class='ocrx_word' id='word_1_219' title='bbox 748 2831 770 2854; x_wconf 77' lang='grc'>³</span> <span class='ocrx_word' id='word_1_220' title='bbox 797 2831 851 2869; x_wconf 82' lang='lat' dir='ltr'><strong>et</strong></span> <span class='ocrx_word' id='word_1_221' title='bbox 913 2831 1164 2869; x_wconf 81' lang='lat' dir='ltr'><strong>OOVISBII]</strong></span> 
     </span>
     <span class='ocr_line' id='line_1_41' title="bbox 453 2831 1164 2942; baseline -0.003 0"><span class='ocrx_word' id='word_1_222' title='bbox 453 2831 677 2942; x_wconf 57' lang='lat' dir='ltr'><strong>Regum</strong></span> <span class='ocrx_word' id='word_1_223' title='bbox 707 2885 860 2941; x_wconf 76' lang='lat' dir='ltr'><strong>Juda</strong></span> <span class='ocrx_word' id='word_1_224' title='bbox 887 2889 945 2940; x_wconf 86' lang='lat' dir='ltr'><strong>et</strong></span> <span class='ocrx_word' id='word_1_225' title='bbox 967 2884 1164 2940; x_wconf 90' lang='lat' dir='ltr'><strong>Israel.</strong></span> 
     </span>
    </p>
   </div>
   <div class='ocr_carea' id='block_1_40' title="bbox 582 2952 2103 3027">
    <p class='ocr_par' dir='ltr' id='par_1_40' title="bbox 582 2952 2103 3027">
     <span class='ocr_line' id='line_1_42' title="bbox 582 2952 2103 3027; baseline -0.001 -16"><span class='ocrx_word' id='word_1_226' title='bbox 582 2958 933 3027; x_wconf 89' lang='lat' dir='ltr'><strong>ormivitque</strong></span> <span class='ocrx_word' id='word_1_227' title='bbox 961 2955 1115 3011; x_wconf 87' lang='lat' dir='ltr'><strong>Abaz</strong></span> <span class='ocrx_word' id='word_1_228' title='bbox 1143 2971 1276 3010; x_wconf 89' lang='lat' dir='ltr'><strong>cum</strong></span> <span class='ocrx_word' id='word_1_229' title='bbox 1310 2954 1574 3027; x_wconf 78' lang='lat' dir='ltr'><strong>patribus</strong></span> <span class='ocrx_word' id='word_1_230' title='bbox 1596 2955 1742 3023; x_wconf 90' lang='lat' dir='ltr'><strong>suis,</strong></span> <span class='ocrx_word' id='word_1_231' title='bbox 1772 2958 1829 3008; x_wconf 90' lang='lat' dir='ltr'><strong>et</strong></span> <span class='ocrx_word' id='word_1_232' title='bbox 1850 2952 2103 3027; x_wconf 84' lang='lat' dir='ltr'><strong>sepelie-</strong></span> 
     </span>
    </p>
   </div>
   <div class='ocr_carea' id='block_1_41' title="bbox 457 3025 2105 3097">
    <p class='ocr_par' dir='ltr' id='par_1_41' title="bbox 457 3025 2105 3097">
     <span class='ocr_line' id='line_1_43' title="bbox 457 3025 2105 3097; baseline -0.002 -13"><span class='ocrx_word' id='word_1_233' title='bbox 457 3033 600 3084; x_wconf 89' lang='lat' dir='ltr'><strong>runt</strong></span> <span class='ocrx_word' id='word_1_234' title='bbox 627 3044 762 3084; x_wconf 89' lang='lat' dir='ltr'><strong>eum</strong></span> <span class='ocrx_word' id='word_1_235' title='bbox 794 3025 852 3082; x_wconf 86' lang='lat' dir='ltr'><strong>in</strong></span> <span class='ocrx_word' id='word_1_236' title='bbox 876 3027 1106 3083; x_wconf 89' lang='lat' dir='ltr'><strong>civitate</strong></span> <span class='ocrx_word' id='word_1_237' title='bbox 1125 3025 1448 3082; x_wconf 86' lang='lat' dir='ltr'><strong>Jerusalem</strong></span> <span class='ocrx_word' id='word_1_238' title='bbox 1471 3026 1528 3080; x_wconf 75' lang='grc' dir='ltr'><strong>δε</strong></span> <span class='ocrx_word' id='word_1_239' title='bbox 1559 3042 1746 3097; x_wconf 88' lang='lat' dir='ltr'><strong>neque</strong></span> <span class='ocrx_word' id='word_1_240' title='bbox 1768 3025 1924 3082; x_wconf 89' lang='lat' dir='ltr'><strong>enim</strong></span> <span class='ocrx_word' id='word_1_241' title='bbox 1945 3041 2105 3080; x_wconf 90' lang='lat' dir='ltr'><strong>rece-</strong></span> 
     </span>
    </p>
   </div>
   <div class='ocr_carea' id='block_1_42' title="bbox 457 3081 2180 3227">
    <p class='ocr_par' dir='ltr' id='par_1_42' title="bbox 457 3081 2180 3227">
     <span class='ocr_line' id='line_1_44' title="bbox 457 3081 2180 3227; baseline -0.003 -72"><span class='ocrx_word' id='word_1_242' title='bbox 457 3081 921 3227; x_wconf 48' lang='lat' dir='ltr'><strong>géidnie&#39;dmjn’</strong></span> <span class='ocrx_word' id='word_1_243' title='bbox 944 3081 1212 3182; x_wconf 82' lang='lat' dir='ltr'><strong>sepulcra</strong></span> <span class='ocrx_word' id='word_1_244' title='bbox 1241 3081 1440 3168; x_wconf 80' lang='lat' dir='ltr'><strong>regem</strong></span> <span class='ocrx_word' id='word_1_245' title='bbox 1475 3081 1670 3153; x_wconf 55' lang='lat' dir='ltr'><strong>Israel:</strong></span> <span class='ocrx_word' id='word_1_246' title='bbox 1704 3081 2106 3170; x_wconf 82' lang='lat' dir='ltr'><strong>Regnavitque</strong></span> <span class='ocrx_word' id='word_1_247' title='bbox 2136 3081 2180 3150; x_wconf 86' lang='lat' dir='ltr'>C</span> 
     </span>
     <span class='ocr_line' id='line_1_45' title="bbox 509 3169 1330 3227; baseline -0.005 0"><span class='ocrx_word' id='word_1_248' title='bbox 509 3170 739 3227; x_wconf 75' lang='lat' dir='ltr'><strong>zechias</strong></span> <span class='ocrx_word' id='word_1_249' title='bbox 765 3169 922 3225; x_wconf 75' lang='lat' dir='ltr'><strong>filius</strong></span> <span class='ocrx_word' id='word_1_250' title='bbox 951 3187 1080 3227; x_wconf 74' lang='lat' dir='ltr'><strong>eius</strong></span> <span class='ocrx_word' id='word_1_251' title='bbox 1110 3186 1213 3227; x_wconf 80' lang='lat' dir='ltr'><strong>pro</strong></span> <span class='ocrx_word' id='word_1_252' title='bbox 1244 3186 1330 3225; x_wconf 89' lang='lat' dir='ltr'><strong>eo.</strong></span> 
     </span>
    </p>
   </div>
   <div class='ocr_carea' id='block_1_43' title="bbox 509 3169 1330 3242">
    <p class='ocr_par' dir='ltr' id='par_1_43' title="bbox 509 3169 1330 3242">
     <span class='ocr_line' id='line_1_46' title="bbox 509 3169 1330 3242; baseline -0.004 -15"><span class='ocrx_word' id='word_1_253' title='bbox 509 3170 739 3227; x_wconf 88' lang='lat' dir='ltr'><strong>zechias</strong></span> <span class='ocrx_word' id='word_1_254' title='bbox 765 3169 922 3225; x_wconf 84' lang='lat' dir='ltr'><strong>filius</strong></span> <span class='ocrx_word' id='word_1_255' title='bbox 951 3169 1080 3242; x_wconf 82' lang='lat' dir='ltr'><strong>ejus</strong></span> <span class='ocrx_word' id='word_1_256' title='bbox 1110 3186 1213 3242; x_wconf 91' lang='lat' dir='ltr'><strong>pro</strong></span> <span class='ocrx_word' id='word_1_257' title='bbox 1244 3186 1330 3225; x_wconf 89' lang='lat' dir='ltr'><strong>eo.</strong></span> 
     </span>
    </p>
   </div>
   <div class='ocr_carea' id='block_1_44' title="bbox 529 3240 2104 3313">
    <p class='ocr_par' dir='ltr' id='par_1_44' title="bbox 529 3240 2104 3313">
     <span class='ocr_line' id='line_1_47' title="bbox 529 3240 2104 3313; baseline -0.003 -13"><span class='ocrx_word' id='word_1_258' title='bbox 529 3242 685 3312; x_wconf 67' lang='grc' dir='ltr'><strong>(σὴρ.</strong></span> <span class='ocrx_word' id='word_1_259' title='bbox 717 3241 950 3312; x_wconf 82' lang='lat' dir='ltr'><strong>XXIX.)</strong></span> <span class='ocrx_word' id='word_1_260' title='bbox 975 3240 1162 3313; x_wconf 85' lang='lat' dir='ltr'><strong>Igitur</strong></span> <span class='ocrx_word' id='word_1_261' title='bbox 1191 3240 1466 3296; x_wconf 88' lang='lat' dir='ltr'><strong>Ezechias</strong></span> <span class='ocrx_word' id='word_1_262' title='bbox 1493 3240 1946 3313; x_wconf 12' lang='lat' dir='ltr'><strong>regnarepcoepit,</strong></span> <span class='ocrx_word' id='word_1_263' title='bbox 1970 3256 2104 3295; x_wconf 89' lang='lat' dir='ltr'><strong>cum</strong></span> 
     </span>
    </p>
   </div>
   <div class='ocr_carea' id='block_1_45' title="bbox 455 3311 2106 3385">
    <p class='ocr_par' dir='ltr' id='par_1_45' title="bbox 455 3311 2106 3385">
     <span class='ocr_line' id='line_1_48' title="bbox 455 3311 2106 3385; baseline -0.001 -16"><span class='ocrx_word' id='word_1_264' title='bbox 455 3311 948 3385; x_wconf 89' lang='lat' dir='ltr'><strong>vigintiquinque</strong></span> <span class='ocrx_word' id='word_1_265' title='bbox 968 3311 1124 3385; x_wconf 80' lang='lat' dir='ltr'><strong>esset</strong></span> <span class='ocrx_word' id='word_1_266' title='bbox 1142 3329 1455 3385; x_wconf 82' lang='lat' dir='ltr'><strong>annorum,</strong></span> <span class='ocrx_word' id='word_1_267' title='bbox 1478 3316 1534 3366; x_wconf 93' lang='lat' dir='ltr'><strong>et</strong></span> <span class='ocrx_word' id='word_1_268' title='bbox 1553 3311 1756 3384; x_wconf 85' lang='lat' dir='ltr'><strong>viginti</strong></span> <span class='ocrx_word' id='word_1_269' title='bbox 1778 3311 1984 3368; x_wconf 86' lang='lat' dir='ltr'><strong>nevem</strong></span> <span class='ocrx_word' id='word_1_270' title='bbox 2003 3329 2106 3367; x_wconf 88' lang='lat' dir='ltr'><strong>au-</strong></span> 
     </span>
    </p>
   </div>
   <div class='ocr_carea' id='block_1_46' title="bbox 459 3384 1323 3455">
    <p class='ocr_par' dir='ltr' id='par_1_46' title="bbox 459 3384 1323 3455">
     <span class='ocr_line' id='line_1_49' title="bbox 459 3384 1323 3455; baseline -0.001 -15"><span class='ocrx_word' id='word_1_271' title='bbox 459 3384 554 3442; x_wconf 81' lang='lat' dir='ltr'><strong>nis</strong></span> <span class='ocrx_word' id='word_1_272' title='bbox 585 3385 841 3455; x_wconf 83' lang='lat' dir='ltr'><strong>regnavit</strong></span> <span class='ocrx_word' id='word_1_273' title='bbox 867 3384 928 3438; x_wconf 89' lang='lat' dir='ltr'><strong>in</strong></span> <span class='ocrx_word' id='word_1_274' title='bbox 947 3384 1282 3455; x_wconf 81' lang='lat' dir='ltr'><strong>Jerusalem</strong></span> <span class='ocrx_word' id='word_1_275' title='bbox 1311 3401 1323 3439; x_wconf 94' lang='lat'>:</span> 
     </span>
    </p>
   </div>
   <div class='ocr_carea' id='block_1_47' title="bbox 528 3453 1830 3526">
    <p class='ocr_par' dir='ltr' id='par_1_47' title="bbox 528 3453 1830 3526">
     <span class='ocr_line' id='line_1_50' title="bbox 528 3453 1830 3526; baseline 0 -17"><span class='ocrx_word' id='word_1_276' title='bbox 528 3453 753 3510; x_wconf 83' lang='lat' dir='ltr'><strong>Nomen</strong></span> <span class='ocrx_word' id='word_1_277' title='bbox 787 3454 992 3510; x_wconf 87' lang='lat' dir='ltr'><strong>matris</strong></span> <span class='ocrx_word' id='word_1_278' title='bbox 1024 3455 1154 3526; x_wconf 84' lang='lat' dir='ltr'><strong>ejus</strong></span> <span class='ocrx_word' id='word_1_279' title='bbox 1185 3455 1350 3526; x_wconf 74' lang='lat' dir='ltr'><strong>Abia,</strong></span> <span class='ocrx_word' id='word_1_280' title='bbox 1383 3453 1502 3509; x_wconf 80' lang='lat' dir='ltr'><strong>{ilia</strong></span> <span class='ocrx_word' id='word_1_281' title='bbox 1520 3453 1830 3526; x_wconf 65' lang='lat' dir='ltr'><strong>Zachariae.</strong></span> 
     </span>
    </p>
   </div>
   <div class='ocr_carea' id='block_1_48' title="bbox 530 3525 2108 3596">
    <p class='ocr_par' dir='ltr' id='par_1_48' title="bbox 530 3525 2108 3596">
     <span class='ocr_line' id='line_1_51' title="bbox 530 3525 2108 3596; baseline -0.001 -15"><span class='ocrx_word' id='word_1_282' title='bbox 530 3526 803 3596; x_wconf 87' lang='lat' dir='ltr'><strong>Fecitque</strong></span> <span class='ocrx_word' id='word_1_283' title='bbox 833 3525 1146 3596; x_wconf 9' lang='lat' dir='ltr'><strong>quodrerat</strong></span> <span class='ocrx_word' id='word_1_284' title='bbox 1178 3525 1452 3596; x_wconf 86' lang='lat' dir='ltr'><strong>placitum</strong></span> <span class='ocrx_word' id='word_1_285' title='bbox 1515 3525 1572 3579; x_wconf 90' lang='lat' dir='ltr'><strong>in</strong></span> <span class='ocrx_word' id='word_1_286' title='bbox 1632 3529 1949 3596; x_wconf 90' lang='lat' dir='ltr'><strong>conspectu</strong></span> <span class='ocrx_word' id='word_1_287' title='bbox 2001 3528 2108 3581; x_wconf 89' lang='lat' dir='ltr'><strong>Do-</strong></span> 
     </span>
    </p>
   </div>
   <div class='ocr_carea' id='block_1_49' title="bbox 459 3595 2034 3669">
    <p class='ocr_par' dir='ltr' id='par_1_49' title="bbox 459 3595 2034 3669">
     <span class='ocr_line' id='line_1_52' title="bbox 459 3595 2034 3669; baseline 0 -17"><span class='ocrx_word' id='word_1_288' title='bbox 459 3595 626 3664; x_wconf 89' lang='lat' dir='ltr'><strong>mini,</strong></span> <span class='ocrx_word' id='word_1_289' title='bbox 652 3597 825 3668; x_wconf 83' lang='lat' dir='ltr'><strong>juxta</strong></span> <span class='ocrx_word' id='word_1_290' title='bbox 850 3595 1048 3652; x_wconf 75' lang='lat' dir='ltr'><strong>Omnia</strong></span> <span class='ocrx_word' id='word_1_291' title='bbox 1077 3595 1203 3668; x_wconf 73' lang='lat' dir='ltr'><strong>qua:</strong></span> <span class='ocrx_word' id='word_1_292' title='bbox 1238 3597 1452 3651; x_wconf 82' lang='lat' dir='ltr'><strong>fecerat</strong></span> <span class='ocrx_word' id='word_1_293' title='bbox 1480 3596 1661 3651; x_wconf 90' lang='lat' dir='ltr'><strong>David</strong></span> <span class='ocrx_word' id='word_1_294' title='bbox 1694 3595 1856 3669; x_wconf 84' lang='lat' dir='ltr'><strong>pater</strong></span> <span class='ocrx_word' id='word_1_295' title='bbox 1884 3597 2034 3668; x_wconf 89' lang='lat' dir='ltr'><strong>ejus.</strong></span> 
     </span>
    </p>
   </div>
   <div class='ocr_carea' id='block_1_50' title="bbox 533 3684 2108 3758">
    <p class='ocr_par' dir='ltr' id='par_1_50' title="bbox 533 3684 2108 3758">
     <span class='ocr_line' id='line_1_53' title="bbox 533 3684 2108 3758; baseline 0 -18"><span class='ocrx_word' id='word_1_296' title='bbox 533 3687 665 3758; x_wconf 88' lang='lat' dir='ltr'><strong>Ipse</strong></span> <span class='ocrx_word' id='word_1_297' title='bbox 692 3687 801 3758; x_wconf 81' lang='grc' dir='ltr'><strong>(Αι.</strong></span> <span class='ocrx_word' id='word_1_298' title='bbox 830 3684 982 3758; x_wconf 92' lang='lat' dir='ltr'><strong>ipso)</strong></span> <span class='ocrx_word' id='word_1_299' title='bbox 1009 3702 1161 3741; x_wconf 93' lang='lat' dir='ltr'><strong>anno</strong></span> <span class='ocrx_word' id='word_1_300' title='bbox 1190 3690 1248 3758; x_wconf 79' lang='lat' dir='ltr'><strong>et</strong></span> <span class='ocrx_word' id='word_1_301' title='bbox 1295 3700 1498 3758; x_wconf 85' lang='lat' dir='ltr'><strong>mense</strong></span> <span class='ocrx_word' id='word_1_302' title='bbox 1556 3684 1744 3758; x_wconf 89' lang='lat' dir='ltr'><strong>primo</strong></span> <span class='ocrx_word' id='word_1_303' title='bbox 1794 3687 1954 3758; x_wconf 87' lang='lat' dir='ltr'><strong>regni</strong></span> <span class='ocrx_word' id='word_1_304' title='bbox 2013 3685 2108 3741; x_wconf 89' lang='lat' dir='ltr'><strong>sui</strong></span> 
     </span>
    </p>
   </div>
   <div class='ocr_carea' id='block_1_51' title="bbox 461 3756 2106 3830">
    <p class='ocr_par' dir='ltr' id='par_1_51' title="bbox 461 3756 2106 3830">
     <span class='ocr_line' id='line_1_54' title="bbox 461 3756 2106 3830; baseline -0.001 -16"><span class='ocrx_word' id='word_1_305' title='bbox 461 3756 914 3830; x_wconf 78' lang='lat' dir='ltr'><strong>aperuitvalvas</strong></span> <span class='ocrx_word' id='word_1_306' title='bbox 943 3757 1156 3830; x_wconf 84' lang='lat' dir='ltr'><strong>domus</strong></span> <span class='ocrx_word' id='word_1_307' title='bbox 1187 3756 1442 3822; x_wconf 89' lang='lat' dir='ltr'><strong>Domini,</strong></span> <span class='ocrx_word' id='word_1_308' title='bbox 1475 3759 1532 3811; x_wconf 91' lang='lat' dir='ltr'><strong>et</strong></span> <span class='ocrx_word' id='word_1_309' title='bbox 1569 3756 1933 3830; x_wconf 85' lang='lat' dir='ltr'><strong>instauravit</strong></span> <span class='ocrx_word' id='word_1_310' title='bbox 1987 3773 2106 3812; x_wconf 89' lang='lat' dir='ltr'><strong>eas.</strong></span> 
     </span>
    </p>
   </div>
   <div class='ocr_carea' id='block_1_52' title="bbox 528 3828 2108 3901">
    <p class='ocr_par' dir='ltr' id='par_1_52' title="bbox 528 3828 2108 3901">
     <span class='ocr_line' id='line_1_55' title="bbox 528 3828 2108 3901; baseline 0 -17"><span class='ocrx_word' id='word_1_311' title='bbox 528 3829 902 3900; x_wconf 83' lang='lat' dir='ltr'><strong>Adduxitque</strong></span> <span class='ocrx_word' id='word_1_312' title='bbox 919 3829 1251 3884; x_wconf 85' lang='lat' dir='ltr'><strong>sacerdotes</strong></span> <span class='ocrx_word' id='word_1_313' title='bbox 1265 3837 1438 3901; x_wconf 87' lang='lat' dir='ltr'><strong>atque</strong></span> <span class='ocrx_word' id='word_1_314' title='bbox 1451 3828 1697 3899; x_wconf 80' lang='lat' dir='ltr'><strong>Levites,</strong></span> <span class='ocrx_word' id='word_1_315' title='bbox 1711 3833 1766 3884; x_wconf 89' lang='lat' dir='ltr'><strong>et</strong></span> <span class='ocrx_word' id='word_1_316' title='bbox 1788 3835 2108 3901; x_wconf 83' lang='lat' dir='ltr'><strong>congrega-</strong></span> 
     </span>
    </p>
   </div>
   <div class='ocr_carea' id='block_1_53' title="bbox 458 3899 1431 3973">
    <p class='ocr_par' dir='ltr' id='par_1_53' title="bbox 458 3899 1431 3973">
     <span class='ocr_line' id='line_1_56' title="bbox 458 3899 1431 3973; baseline -0.004 -16"><span class='ocrx_word' id='word_1_317' title='bbox 458 3900 540 3957; x_wconf 89' lang='lat' dir='ltr'><strong>vit</strong></span> <span class='ocrx_word' id='word_1_318' title='bbox 569 3917 668 3956; x_wconf 90' lang='lat' dir='ltr'><strong>eos</strong></span> <span class='ocrx_word' id='word_1_319' title='bbox 696 3901 755 3955; x_wconf 92' lang='lat' dir='ltr'><strong>in</strong></span> <span class='ocrx_word' id='word_1_320' title='bbox 788 3899 1040 3973; x_wconf 89' lang='lat' dir='ltr'><strong>plateam</strong></span> <span class='ocrx_word' id='word_1_321' title='bbox 1069 3899 1431 3955; x_wconf 89' lang='lat' dir='ltr'><strong>orientalem.</strong></span> 
     </span>
    </p>
   </div>
   <div class='ocr_carea' id='block_1_54' title="bbox 533 3987 2108 4060">
    <p class='ocr_par' dir='ltr' id='par_1_54' title="bbox 533 3987 2108 4060">
     <span class='ocr_line' id='line_1_57' title="bbox 533 3987 2108 4060; baseline -0.001 -15"><span class='ocrx_word' id='word_1_322' title='bbox 533 3987 804 4060; x_wconf 80' lang='lat' dir='ltr'><strong>Dixitque</strong></span> <span class='ocrx_word' id='word_1_323' title='bbox 832 3988 904 4044; x_wconf 89' lang='lat' dir='ltr'><strong>ad</strong></span> <span class='ocrx_word' id='word_1_324' title='bbox 923 4004 1022 4045; x_wconf 91' lang='lat' dir='ltr'><strong>eos</strong></span> <span class='ocrx_word' id='word_1_325' title='bbox 1047 4005 1060 4042; x_wconf 93' lang='lat'><strong>:</strong></span> <span class='ocrx_word' id='word_1_326' title='bbox 1083 3988 1291 4043; x_wconf 87' lang='lat' dir='ltr'><strong>Audite</strong></span> <span class='ocrx_word' id='word_1_327' title='bbox 1314 3987 1677 4060; x_wconf 76' lang='lat' dir='ltr'><strong>me,Levitae,</strong></span> <span class='ocrx_word' id='word_1_328' title='bbox 1700 3993 1756 4043; x_wconf 91' lang='lat' dir='ltr'><strong>et</strong></span> <span class='ocrx_word' id='word_1_329' title='bbox 1776 3988 2108 4044; x_wconf 81' lang='lat' dir='ltr'><strong>sanctifica-</strong></span> 
     </span>
    </p>
   </div>
   <div class='ocr_carea' id='block_1_55' title="bbox 463 4059 2110 4131">
    <p class='ocr_par' dir='ltr' id='par_1_55' title="bbox 463 4059 2110 4131">
     <span class='ocr_line' id='line_1_58' title="bbox 463 4059 2110 4131; baseline -0.001 -15"><span class='ocrx_word' id='word_1_330' title='bbox 463 4060 631 4128; x_wconf 87' lang='lat' dir='ltr'><strong>mini,</strong></span> <span class='ocrx_word' id='word_1_331' title='bbox 665 4061 946 4115; x_wconf 83' lang='lat' dir='ltr'><strong>mundata</strong></span> <span class='ocrx_word' id='word_1_332' title='bbox 989 4060 1231 4114; x_wconf 90' lang='lat' dir='ltr'><strong>domum</strong></span> <span class='ocrx_word' id='word_1_333' title='bbox 1284 4059 1512 4114; x_wconf 90' lang='lat' dir='ltr'><strong>Domini</strong></span> <span class='ocrx_word' id='word_1_334' title='bbox 1570 4059 1671 4114; x_wconf 85' lang='lat' dir='ltr'><strong>Dci</strong></span> <span class='ocrx_word' id='word_1_335' title='bbox 1726 4064 1957 4131; x_wconf 84' lang='lat' dir='ltr'><strong>patrum</strong></span> <span class='ocrx_word' id='word_1_336' title='bbox 2009 4077 2110 4114; x_wconf 88' lang='lat' dir='ltr'><strong>ve-</strong></span> 
     </span>
    </p>
   </div>
   <div class='ocr_carea' id='block_1_56' title="bbox 462 4131 2107 4260">
    <p class='ocr_par' dir='ltr' id='par_1_56' title="bbox 462 4131 2107 4260">
     <span class='ocr_line' id='line_1_59' title="bbox 462 4131 2107 4260; baseline -0.001 -73"><span class='ocrx_word' id='word_1_337' title='bbox 462 4138 744 4260; x_wconf 43' lang='lat' dir='ltr'><strong>strorum,</strong></span> <span class='ocrx_word' id='word_1_338' title='bbox 777 4135 835 4187; x_wconf 93' lang='lat' dir='ltr'><strong>et</strong></span> <span class='ocrx_word' id='word_1_339' title='bbox 865 4131 1087 4186; x_wconf 78' lang='lat' dir='ltr'><strong>auferte</strong></span> <span class='ocrx_word' id='word_1_340' title='bbox 1112 4146 1346 4186; x_wconf 90' lang='lat' dir='ltr'><strong>omnem</strong></span> <span class='ocrx_word' id='word_1_341' title='bbox 1382 4131 1822 4186; x_wconf 89' lang='lat' dir='ltr'><strong>immunditiam</strong></span> <span class='ocrx_word' id='word_1_342' title='bbox 1855 4133 1926 4187; x_wconf 92' lang='lat' dir='ltr'><strong>de</strong></span> <span class='ocrx_word' id='word_1_343' title='bbox 1969 4149 2107 4186; x_wconf 86' lang='lat' dir='ltr'><strong>san-</strong></span> 
     </span>
     <span class='ocr_line' id='line_1_60' title="bbox 463 4217 708 4259; baseline 0.004 -1"><span class='ocrx_word' id='word_1_344' title='bbox 463 4220 490 4258; x_wconf 95' lang='lat' dir='ltr'><strong>c</strong></span> <span class='ocrx_word' id='word_1_345' title='bbox 525 4217 708 4259; x_wconf 75' lang='lat' dir='ltr'><strong>uario.</strong></span> 
     </span>
    </p>
   </div>
   <div class='ocr_carea' id='block_1_57' title="bbox 463 4217 708 4259">
    <p class='ocr_par' dir='ltr' id='par_1_57' title="bbox 463 4217 708 4259">
     <span class='ocr_line' id='line_1_61' title="bbox 463 4217 708 4259; baseline 0.004 -1"><span class='ocrx_word' id='word_1_346' title='bbox 463 4217 708 4259; x_wconf 79' lang='lat' dir='ltr'><strong>ctuarlo.</strong></span> 
     </span>
    </p>
   </div>
   <div class='ocr_carea' id='block_1_58' title="bbox 533 4273 2109 4356">
    <p class='ocr_par' dir='ltr' id='par_1_58' title="bbox 533 4273 2109 4356">
     <span class='ocr_line' id='line_1_62' title="bbox 533 4273 2109 4356; baseline 0.001 -28"><span class='ocrx_word' id='word_1_347' title='bbox 533 4276 922 4356; x_wconf 49' lang='lat' dir='ltr'><strong>Peccaver&#39;unt</strong></span> <span class='ocrx_word' id='word_1_348' title='bbox 951 4273 1384 4356; x_wconf 59' lang='lat' dir='ltr'><strong>patrespostri,</strong></span> <span class='ocrx_word' id='word_1_349' title='bbox 1414 4277 1472 4356; x_wconf 74' lang='lat' dir='ltr'><strong>et</strong></span> <span class='ocrx_word' id='word_1_350' title='bbox 1502 4273 1759 4356; x_wconf 78' lang='lat' dir='ltr'><strong>fecerunt</strong></span> <span class='ocrx_word' id='word_1_351' title='bbox 1791 4273 2010 4356; x_wconf 85' lang='lat' dir='ltr'><strong>malum</strong></span> <span class='ocrx_word' id='word_1_352' title='bbox 2052 4274 2109 4329; x_wconf 90' lang='lat' dir='ltr'><strong>in</strong></span> 
     </span>
    </p>
   </div>
   <div class='ocr_carea' id='block_1_59' title="bbox 459 4344 2107 4416">
    <p class='ocr_par' dir='ltr' id='par_1_59' title="bbox 459 4344 2107 4416">
     <span class='ocr_line' id='line_1_63' title="bbox 459 4344 2107 4416; baseline -0.001 -14"><span class='ocrx_word' id='word_1_353' title='bbox 459 4350 774 4416; x_wconf 86' lang='lat' dir='ltr'><strong>conspectu</strong></span> <span class='ocrx_word' id='word_1_354' title='bbox 811 4344 1037 4416; x_wconf 85' lang='lat' dir='ltr'><strong>Domini</strong></span> <span class='ocrx_word' id='word_1_355' title='bbox 1072 4344 1170 4399; x_wconf 92' lang='lat' dir='ltr'><strong>Dei</strong></span> <span class='ocrx_word' id='word_1_356' title='bbox 1196 4345 1402 4408; x_wconf 86' lang='lat' dir='ltr'><strong>nostri,</strong></span> <span class='ocrx_word' id='word_1_357' title='bbox 1435 4344 1907 4416; x_wconf 88' lang='lat' dir='ltr'><strong>derelinquentes</strong></span> <span class='ocrx_word' id='word_1_358' title='bbox 1932 4362 2064 4402; x_wconf 72' lang='lat' dir='ltr'><strong>eurn</strong></span> <span class='ocrx_word' id='word_1_359' title='bbox 2095 4362 2107 4400; x_wconf 94' lang='lat'><strong>:</strong></span> 
     </span>
    </p>
   </div>
   <div class='ocr_carea' id='block_1_60' title="bbox 460 4415 2186 4507">
    <p class='ocr_par' dir='ltr' id='par_1_60' title="bbox 460 4415 2186 4507">
     <span class='ocr_line' id='line_1_64' title="bbox 460 4415 2186 4507; baseline 0 -35"><span class='ocrx_word' id='word_1_360' title='bbox 460 4415 796 4507; x_wconf 45' lang='lat' dir='ltr'><strong>everterunt</strong></span> <span class='ocrx_word' id='word_1_361' title='bbox 824 4415 997 4472; x_wconf 81' lang='lat' dir='ltr'><strong>facies</strong></span> <span class='ocrx_word' id='word_1_362' title='bbox 1019 4433 1157 4471; x_wconf 87' lang='lat' dir='ltr'><strong>suas</strong></span> <span class='ocrx_word' id='word_1_363' title='bbox 1178 4433 1209 4469; x_wconf 91' lang='lat' dir='ltr'><strong>a</strong></span> <span class='ocrx_word' id='word_1_364' title='bbox 1238 4415 1614 4471; x_wconf 87' lang='lat' dir='ltr'><strong>tabernaculo</strong></span> <span class='ocrx_word' id='word_1_365' title='bbox 1637 4417 1868 4472; x_wconf 91' lang='lat' dir='ltr'><strong>Domini</strong></span> <span class='ocrx_word' id='word_1_366' title='bbox 1893 4421 1950 4472; x_wconf 92' lang='lat' dir='ltr'><strong>et</strong></span> <span class='ocrx_word' id='word_1_367' title='bbox 1972 4433 2113 4488; x_wconf 70' lang='lat' dir='ltr'><strong>prm-</strong></span> <span class='ocrx_word' id='word_1_368' title='bbox 2141 4441 2186 4507; x_wconf 73' lang='grc' dir='ltr'>Β</span> 
     </span>
    </p>
   </div>
   <div class='ocr_carea' id='block_1_61' title="bbox 466 4489 1014 4544">
    <p class='ocr_par' dir='ltr' id='par_1_61' title="bbox 466 4489 1014 4544">
     <span class='ocr_line' id='line_1_65' title="bbox 466 4489 1014 4544; baseline -0.002 0"><span class='ocrx_word' id='word_1_369' title='bbox 466 4489 720 4544; x_wconf 87' lang='lat' dir='ltr'><strong>buerunt</strong></span> <span class='ocrx_word' id='word_1_370' title='bbox 749 4489 1014 4544; x_wconf 90' lang='lat' dir='ltr'><strong>dorsum.</strong></span> 
     </span>
    </p>
   </div>
   <div class='ocr_carea' id='block_1_62' title="bbox 533 4558 2106 4630">
    <p class='ocr_par' dir='ltr' id='par_1_62' title="bbox 533 4558 2106 4630">
     <span class='ocr_line' id='line_1_66' title="bbox 533 4558 2106 4630; baseline 0 -16"><span class='ocrx_word' id='word_1_371' title='bbox 533 4559 881 4614; x_wconf 84' lang='lat' dir='ltr'><strong>Clauserunt</strong></span> <span class='ocrx_word' id='word_1_372' title='bbox 901 4559 1073 4624; x_wconf 87' lang='lat' dir='ltr'><strong>ostia,</strong></span> <span class='ocrx_word' id='word_1_373' title='bbox 1107 4574 1234 4630; x_wconf 69' lang='lat' dir='ltr'><strong>quin</strong></span> <span class='ocrx_word' id='word_1_374' title='bbox 1275 4566 1436 4612; x_wconf 88' lang='lat' dir='ltr'><strong>erant</strong></span> <span class='ocrx_word' id='word_1_375' title='bbox 1496 4558 1553 4613; x_wconf 91' lang='lat' dir='ltr'><strong>in</strong></span> <span class='ocrx_word' id='word_1_376' title='bbox 1611 4559 1860 4630; x_wconf 85' lang='lat' dir='ltr'><strong>porticu,</strong></span> <span class='ocrx_word' id='word_1_377' title='bbox 1913 4563 1970 4614; x_wconf 88' lang='lat' dir='ltr'><strong>et</strong></span> <span class='ocrx_word' id='word_1_378' title='bbox 2011 4575 2106 4615; x_wconf 85' lang='lat' dir='ltr'><strong>ex-</strong></span> 
     </span>
    </p>
   </div>
   <div class='ocr_carea' id='block_1_63' title="bbox 463 4629 2112 4701">
    <p class='ocr_par' dir='ltr' id='par_1_63' title="bbox 463 4629 2112 4701">
     <span class='ocr_line' id='line_1_67' title="bbox 463 4629 2112 4701; baseline -0.001 -14"><span class='ocrx_word' id='word_1_379' title='bbox 463 4631 792 4701; x_wconf 84' lang='lat' dir='ltr'><strong>stinxerunt</strong></span> <span class='ocrx_word' id='word_1_380' title='bbox 822 4631 1113 4694; x_wconf 90' lang='lat' dir='ltr'><strong>lucernas,</strong></span> <span class='ocrx_word' id='word_1_381' title='bbox 1139 4629 1568 4701; x_wconf 84' lang='lat' dir='ltr'><strong>incensumque</strong></span> <span class='ocrx_word' id='word_1_382' title='bbox 1599 4629 1714 4686; x_wconf 84' lang='lat' dir='ltr'><strong>non</strong></span> <span class='ocrx_word' id='word_1_383' title='bbox 1736 4629 2112 4686; x_wconf 87' lang='lat' dir='ltr'><strong>adoleverunt</strong></span> 
     </span>
    </p>
   </div>
   <div class='ocr_carea' id='block_1_64' title="bbox 464 4699 2111 4758">
    <p class='ocr_par' dir='ltr' id='par_1_64' title="bbox 464 4699 2111 4758">
     <span class='ocr_line' id='line_1_68' title="bbox 464 4699 2111 4758; baseline -0.001 0"><span class='ocrx_word' id='word_1_384' title='bbox 464 4705 521 4758; x_wconf 90' lang='lat' dir='ltr'><strong>et</strong></span> <span class='ocrx_word' id='word_1_385' title='bbox 553 4700 889 4758; x_wconf 85' lang='lat' dir='ltr'><strong>holocausta</strong></span> <span class='ocrx_word' id='word_1_386' title='bbox 929 4718 1042 4757; x_wconf 92' lang='lat' dir='ltr'><strong>non</strong></span> <span class='ocrx_word' id='word_1_387' title='bbox 1100 4699 1438 4756; x_wconf 84' lang='lat' dir='ltr'><strong>obtulerunt</strong></span> <span class='ocrx_word' id='word_1_388' title='bbox 1470 4699 1546 4756; x_wconf 52' lang='lat' dir='ltr'><strong>&#39;in</strong></span> <span class='ocrx_word' id='word_1_389' title='bbox 1602 4701 1939 4758; x_wconf 89' lang='lat' dir='ltr'><strong>sanctuario</strong></span> <span class='ocrx_word' id='word_1_390' title='bbox 1997 4707 2111 4758; x_wconf 90' lang='lat' dir='ltr'><strong>Deo</strong></span> 
     </span>
    </p>
   </div>
   <div class='ocr_carea' id='block_1_65' title="bbox 467 4772 2111 4915">
    <p class='ocr_par' dir='ltr' id='par_1_65' title="bbox 467 4772 2111 4915">
     <span class='ocr_line' id='line_1_69' title="bbox 467 4772 2111 4915; baseline -0.001 -15"><span class='ocrx_word' id='word_1_391' title='bbox 467 4772 875 4900; x_wconf 46' lang='lat' dir='ltr'><strong>“Egimus</strong></span> <span class='ocrx_word' id='word_1_392' title='bbox 906 4847 995 4899; x_wconf 88' lang='lat' dir='ltr'><strong>est</strong></span> <span class='ocrx_word' id='word_1_393' title='bbox 1025 4843 1222 4913; x_wconf 88' lang='lat' dir='ltr'><strong>itaque</strong></span> <span class='ocrx_word' id='word_1_394' title='bbox 1253 4843 1413 4898; x_wconf 82' lang='lat' dir='ltr'><strong>furor</strong></span> <span class='ocrx_word' id='word_1_395' title='bbox 1438 4842 1667 4898; x_wconf 89' lang='lat' dir='ltr'><strong>Domini</strong></span> <span class='ocrx_word' id='word_1_396' title='bbox 1697 4860 1876 4915; x_wconf 91' lang='lat' dir='ltr'><strong>super</strong></span> <span class='ocrx_word' id='word_1_397' title='bbox 1901 4843 2111 4899; x_wconf 90' lang='lat' dir='ltr'><strong>Judam</strong></span> 
     </span>
    </p>
   </div>
   <div class='ocr_carea' id='block_1_66' title="bbox 469 4914 2115 4984">
    <p class='ocr_par' dir='ltr' id='par_1_66' title="bbox 469 4914 2115 4984">
     <span class='ocr_line' id='line_1_70' title="bbox 469 4914 2115 4984; baseline -0.001 -13"><span class='ocrx_word' id='word_1_398' title='bbox 469 4919 528 4971; x_wconf 87' lang='lat' dir='ltr'><strong>et</strong></span> <span class='ocrx_word' id='word_1_399' title='bbox 556 4914 908 4983; x_wconf 89' lang='lat' dir='ltr'><strong>Jerusalem,</strong></span> <span class='ocrx_word' id='word_1_400' title='bbox 938 4915 1292 4984; x_wconf 86' lang='lat' dir='ltr'><strong>tradiditque</strong></span> <span class='ocrx_word' id='word_1_401' title='bbox 1321 4931 1419 4970; x_wconf 92' lang='lat' dir='ltr'><strong>eos</strong></span> <span class='ocrx_word' id='word_1_402' title='bbox 1448 4915 1508 4970; x_wconf 91' lang='lat' dir='ltr'><strong>in</strong></span> <span class='ocrx_word' id='word_1_403' title='bbox 1539 4914 2013 4984; x_wconf 88' lang='lat' dir='ltr'><strong>commotionem,</strong></span> <span class='ocrx_word' id='word_1_404' title='bbox 2059 4917 2115 4981; x_wconf 82' lang='lat' dir='ltr'><strong>et</strong></span> 
     </span>
    </p>
   </div>
   <div class='ocr_carea' id='block_1_67' title="bbox 469 4986 2116 5073">
    <p class='ocr_par' dir='ltr' id='par_1_67' title="bbox 469 4986 2116 5073">
     <span class='ocr_line' id='line_1_71' title="bbox 469 4986 2116 5073; baseline -0.001 -30"><span class='ocrx_word' id='word_1_405' title='bbox 469 4987 532 5043; x_wconf 90' lang='lat' dir='ltr'><strong>in</strong></span> <span class='ocrx_word' id='word_1_406' title='bbox 563 4987 886 5073; x_wconf 70' lang='lat' dir='ltr'><strong>interitum,</strong></span> <span class='ocrx_word' id='word_1_407' title='bbox 919 4992 974 5043; x_wconf 92' lang='lat' dir='ltr'><strong>et</strong></span> <span class='ocrx_word' id='word_1_408' title='bbox 1002 4986 1058 5041; x_wconf 89' lang='lat' dir='ltr'><strong>in</strong></span> <span class='ocrx_word' id='word_1_409' title='bbox 1077 4987 1340 5053; x_wconf 74' lang='lat' dir='ltr'><strong>sibilum,</strong></span> <span class='ocrx_word' id='word_1_410' title='bbox 1363 4986 1512 5042; x_wconf 85' lang='lat' dir='ltr'><strong>sicut</strong></span> <span class='ocrx_word' id='word_1_411' title='bbox 1537 4987 1647 5058; x_wconf 90' lang='lat' dir='ltr'><strong>ipsi</strong></span> <span class='ocrx_word' id='word_1_412' title='bbox 1673 4988 1910 5042; x_wconf 91' lang='lat' dir='ltr'><strong>cernitis</strong></span> <span class='ocrx_word' id='word_1_413' title='bbox 1932 4986 2116 5042; x_wconf 91' lang='lat' dir='ltr'><strong>oculis</strong></span> 
     </span>
    </p>
   </div>
   <div class='ocr_carea' id='block_1_68' title="bbox 472 5062 2116 5202">
    <p class='ocr_par' dir='ltr' id='par_1_68' title="bbox 472 5062 2116 5202">
     <span class='ocr_line' id='line_1_72' title="bbox 472 5062 2116 5202; baseline -0.002 -16"><span class='ocrx_word' id='word_1_414' title='bbox 472 5062 1034 5200; x_wconf 48' lang='lat' dir='ltr'><strong>veiﬂtEScorruerunt</strong></span> <span class='ocrx_word' id='word_1_415' title='bbox 1064 5133 1258 5201; x_wconf 87' lang='lat' dir='ltr'><strong>patres</strong></span> <span class='ocrx_word' id='word_1_416' title='bbox 1291 5129 1472 5184; x_wconf 89' lang='lat' dir='ltr'><strong>nostri</strong></span> <span class='ocrx_word' id='word_1_417' title='bbox 1504 5129 1737 5202; x_wconf 89' lang='lat' dir='ltr'><strong>gladiis,</strong></span> <span class='ocrx_word' id='word_1_418' title='bbox 1771 5129 1876 5185; x_wconf 81' lang='lat' dir='ltr'><strong>filii</strong></span> <span class='ocrx_word' id='word_1_419' title='bbox 1909 5128 2116 5195; x_wconf 83' lang='lat' dir='ltr'><strong>nostri,</strong></span> 
     </span>
    </p>
   </div>
   <div class='ocr_carea' id='block_1_69' title="bbox 548 5342 2122 5418">
    <p class='ocr_par' dir='ltr' id='par_1_69' title="bbox 548 5342 2122 5418">
     <span class='ocr_line' id='line_1_73' title="bbox 548 5342 2122 5418; baseline 0 -18"><span class='ocrx_word' id='word_1_420' title='bbox 548 5345 573 5418; x_wconf 77' lang='lat'><strong>‘_</strong></span> <span class='ocrx_word' id='word_1_421' title='bbox 598 5345 740 5402; x_wconf 90' lang='lat' dir='ltr'><strong>Mss.</strong></span> <span class='ocrx_word' id='word_1_422' title='bbox 771 5344 1327 5418; x_wconf 11' lang='lat' dir='ltr'><strong>Latinipconstanter</strong></span> <span class='ocrx_word' id='word_1_423' title='bbox 1355 5342 1560 5416; x_wconf 90' lang='lat' dir='ltr'><strong>legunt</strong></span> <span class='ocrx_word' id='word_1_424' title='bbox 1591 5343 1685 5418; x_wconf 70' lang='lat' dir='ltr'><strong>hic</strong></span> <span class='ocrx_word' id='word_1_425' title='bbox 1715 5360 1896 5418; x_wconf 83' lang='lat' dir='ltr'><strong>supra</strong></span> <span class='ocrx_word' id='word_1_426' title='bbox 1935 5345 2122 5418; x_wconf 61' lang='lat' dir='ltr'><strong>Iheg-</strong></span> 
     </span>
    </p>
   </div>
   <div class='ocr_carea' id='block_1_70' title="bbox 472 5415 2116 5488">
    <p class='ocr_par' dir='ltr' id='par_1_70' title="bbox 472 5415 2116 5488">
     <span class='ocr_line' id='line_1_74' title="bbox 472 5415 2116 5488; baseline 0.001 -15"><span class='ocrx_word' id='word_1_427' title='bbox 472 5416 591 5473; x_wconf 76' lang='grc' dir='ltr'><strong>ιαιῆ</strong></span> <span class='ocrx_word' id='word_1_428' title='bbox 621 5418 919 5488; x_wconf 79' lang='lat' dir='ltr'><strong>Phalasar.</strong></span> <span class='ocrx_word' id='word_1_429' title='bbox 954 5416 1024 5471; x_wconf 90' lang='lat' dir='ltr'><strong>de</strong></span> <span class='ocrx_word' id='word_1_430' title='bbox 1058 5432 1171 5488; x_wconf 85' lang='lat' dir='ltr'><strong>quo</strong></span> <span class='ocrx_word' id='word_1_431' title='bbox 1195 5415 1414 5469; x_wconf 86' lang='lat' dir='ltr'><strong>dictum</strong></span> <span class='ocrx_word' id='word_1_432' title='bbox 1434 5415 2116 5474; x_wconf 61' lang='lat' dir='ltr'><strong>estsul‘ficienter.MARr.</strong></span> 
     </span>
    </p>
   </div>
   <div class='ocr_carea' id='block_1_71' title="bbox 543 5487 1596 5544">
    <p class='ocr_par' dir='ltr' id='par_1_71' title="bbox 543 5487 1596 5544">
     <span class='ocr_line' id='line_1_75' title="bbox 543 5487 1596 5544; baseline -0.003 -1"><span class='ocrx_word' id='word_1_433' title='bbox 543 5489 566 5522; x_wconf 87' lang='grc'><strong>²</strong></span> <span class='ocrx_word' id='word_1_434' title='bbox 597 5489 786 5544; x_wconf 88' lang='lat' dir='ltr'><strong>Latini</strong></span> <span class='ocrx_word' id='word_1_435' title='bbox 815 5487 912 5543; x_wconf 85' lang='lat' dir='ltr'><strong>alii</strong></span> <span class='ocrx_word' id='word_1_436' title='bbox 939 5487 1068 5542; x_wconf 90' lang='lat' dir='ltr'><strong>libri</strong></span> <span class='ocrx_word' id='word_1_437' title='bbox 1100 5487 1327 5543; x_wconf 90' lang='lat' dir='ltr'><strong>addunt</strong></span> <span class='ocrx_word' id='word_1_438' title='bbox 1353 5502 1596 5540; x_wconf 79' lang='lat' dir='ltr'><strong>suorum.</strong></span> 
     </span>
    </p>
   </div>
   <div class='ocr_carea' id='block_1_72' title="bbox 542 5557 2119 5615">
    <p class='ocr_par' dir='ltr' id='par_1_72' title="bbox 542 5557 2119 5615">
     <span class='ocr_line' id='line_1_76' title="bbox 542 5557 2119 5615; baseline 0.001 -1"><span class='ocrx_word' id='word_1_439' title='bbox 542 5560 564 5594; x_wconf 88' lang='grc'><strong><em>³</em></strong></span> <span class='ocrx_word' id='word_1_440' title='bbox 595 5559 985 5614; x_wconf 81' lang='lat' dir='ltr'><strong>Memmianus</strong></span> <span class='ocrx_word' id='word_1_441' title='bbox 1015 5559 1208 5614; x_wconf 87' lang='lat' dir='ltr'><strong>Canon</strong></span> <span class='ocrx_word' id='word_1_442' title='bbox 1246 5557 1451 5612; x_wconf 88' lang='lat' dir='ltr'><strong>retinet</strong></span> <span class='ocrx_word' id='word_1_443' title='bbox 1483 5559 1586 5612; x_wconf 86' lang='lat' dir='ltr'><strong>hoc</strong></span> <span class='ocrx_word' id='word_1_444' title='bbox 1619 5557 1745 5612; x_wconf 93' lang='lat' dir='ltr'><strong>loco</strong></span> <span class='ocrx_word' id='word_1_445' title='bbox 1801 5559 2119 5615; x_wconf 89' lang='lat' dir='ltr'><strong>variantem</strong></span> 
     </span>
    </p>
   </div>
   <div class='ocr_carea' id='block_1_73' title="bbox 470 5628 2348 5697">
    <p class='ocr_par' dir='ltr' id='par_1_73' title="bbox 470 5628 2348 5697">
     <span class='ocr_line' id='line_1_77' title="bbox 470 5628 2348 5697; baseline 0.003 -12"><span class='ocrx_word' id='word_1_446' title='bbox 470 5629 976 5688; x_wconf 89' lang='lat' dir='ltr'><strong>lcctionem:nam</strong></span> <span class='ocrx_word' id='word_1_447' title='bbox 1012 5631 1069 5684; x_wconf 92' lang='lat' dir='ltr'><strong>in</strong></span> <span class='ocrx_word' id='word_1_448' title='bbox 1104 5635 1371 5684; x_wconf 81' lang='lat' dir='ltr'><strong>contextu</strong></span> <span class='ocrx_word' id='word_1_449' title='bbox 1404 5629 1484 5683; x_wconf 86' lang='lat' dir='ltr'><strong>ita</strong></span> <span class='ocrx_word' id='word_1_450' title='bbox 1542 5628 1735 5697; x_wconf 80' lang='lat' dir='ltr'><strong>habet,</strong></span> <span class='ocrx_word' id='word_1_451' title='bbox 1789 5631 1848 5682; x_wconf 82' lang='lat' dir='ltr'><strong>in</strong></span> <span class='ocrx_word' id='word_1_452' title='bbox 1901 5633 2128 5688; x_wconf 77' lang='lat' dir='ltr'><strong>civitate</strong></span> <span class='ocrx_word' id='word_1_453' title='bbox 2237 5628 2348 5690; x_wconf 40' lang='lat' dir='ltr'><strong>noun</strong></span> 
     </span>
    </p>
   </div>
   <div class='ocr_carea' id='block_1_74' title="bbox 472 5700 2122 5774">
    <p class='ocr_par' dir='ltr' id='par_1_74' title="bbox 472 5700 2122 5774">
     <span class='ocr_line' id='line_1_78' title="bbox 472 5700 2122 5774; baseline 0.002 -18"><span class='ocrx_word' id='word_1_454' title='bbox 472 5703 688 5774; x_wconf 64' lang='lat' dir='ltr'><strong>Dauid;</strong></span> <span class='ocrx_word' id='word_1_455' title='bbox 724 5703 822 5758; x_wconf 77' lang='lat' dir='ltr'><strong>sed</strong></span> <span class='ocrx_word' id='word_1_456' title='bbox 859 5719 962 5774; x_wconf 85' lang='lat' dir='ltr'><strong>pro</strong></span> <span class='ocrx_word' id='word_1_457' title='bbox 994 5702 1163 5758; x_wconf 81' lang='lat' dir='ltr'><strong>David</strong></span> <span class='ocrx_word' id='word_1_458' title='bbox 1197 5700 1445 5774; x_wconf 79' lang='lat' dir='ltr'><strong>netatin</strong></span> <span class='ocrx_word' id='word_1_459' title='bbox 1473 5701 1735 5774; x_wconf 73' lang='lat' dir='ltr'><strong>margine</strong></span> <span class='ocrx_word' id='word_1_460' title='bbox 1764 5701 2122 5760; x_wconf 72' lang='lat' dir='ltr'><strong>Hierusalem.</strong></span> 
     </span>
    </p>
   </div>
   <div class='ocr_carea' id='block_1_75' title="bbox 477 5770 2124 5848">
    <p class='ocr_par' dir='ltr' id='par_1_75' title="bbox 477 5770 2124 5848">
     <span class='ocr_line' id='line_1_79' title="bbox 477 5770 2124 5848; baseline 0.002 -20"><span class='ocrx_word' id='word_1_461' title='bbox 477 5770 626 5829; x_wconf 81' lang='lat' dir='ltr'><strong>LXX</strong></span> <span class='ocrx_word' id='word_1_462' title='bbox 653 5770 878 5846; x_wconf 69' lang='lat' dir='ltr'><strong>legunt,</strong></span> <span class='ocrx_word' id='word_1_463' title='bbox 909 5775 972 5832; x_wconf 83' lang='lat' dir='ltr'><strong>in</strong></span> <span class='ocrx_word' id='word_1_464' title='bbox 989 5773 1212 5832; x_wconf 73' lang='lat' dir='ltr'><strong>civitate</strong></span> <span class='ocrx_word' id='word_1_465' title='bbox 1237 5770 1432 5846; x_wconf 80' lang='lat' dir='ltr'><strong>David,</strong></span> <span class='ocrx_word' id='word_1_466' title='bbox 1454 5770 1832 5844; x_wconf 52' lang='lat' dir='ltr'><strong>quod‘verum</strong></span> <span class='ocrx_word' id='word_1_467' title='bbox 1856 5788 2124 5848; x_wconf 89' lang='lat' dir='ltr'><strong>compro-</strong></span> 
     </span>
    </p>
   </div>
   <div class='ocr_carea' id='block_1_76' title="bbox 2131 1715 2178 1781">
    <p class='ocr_par' dir='ltr' id='par_1_76' title="bbox 2131 1715 2178 1781">
     <span class='ocr_line' id='line_1_80' title="bbox 2131 1715 2178 1781; baseline 0 0"><span class='ocrx_word' id='word_1_468' title='bbox 2131 1715 2178 1781; x_wconf 89' lang='grc' dir='ltr'>Β</span> 
     </span>
    </p>
   </div>
   <div class='ocr_carea' id='block_1_77' title="bbox 2209 421 2831 492">
    <p class='ocr_par' dir='ltr' id='par_1_77' title="bbox 2209 421 2831 492">
     <span class='ocr_line' id='line_1_81' title="bbox 2209 421 2831 492; baseline 0.002 -17"><span class='ocrx_word' id='word_1_469' title='bbox 2209 426 2448 492; x_wconf 89' lang='lat' dir='ltr'><strong>propter</strong></span> <span class='ocrx_word' id='word_1_470' title='bbox 2477 423 2586 477; x_wconf 90' lang='lat' dir='ltr'><strong>hoc</strong></span> <span class='ocrx_word' id='word_1_471' title='bbox 2617 421 2831 478; x_wconf 84' lang='lat' dir='ltr'><strong>scelus.</strong></span> 
     </span>
    </p>
   </div>
   <div class='ocr_carea' id='block_1_78' title="bbox 2279 493 3782 565">
    <p class='ocr_par' dir='ltr' id='par_1_78' title="bbox 2279 493 3782 565">
     <span class='ocr_line' id='line_1_82' title="bbox 2279 493 3782 565; baseline 0.005 -18"><span class='ocrx_word' id='word_1_472' title='bbox 2279 493 2445 548; x_wconf 90' lang='lat' dir='ltr'><strong>Nunc</strong></span> <span class='ocrx_word' id='word_1_473' title='bbox 2475 510 2610 565; x_wconf 84' lang='lat' dir='ltr'><strong>ergo</strong></span> <span class='ocrx_word' id='word_1_474' title='bbox 2643 495 2830 564; x_wconf 90' lang='lat' dir='ltr'><strong>placet</strong></span> <span class='ocrx_word' id='word_1_475' title='bbox 2860 493 3007 548; x_wconf 89' lang='lat' dir='ltr'><strong>mihi</strong></span> <span class='ocrx_word' id='word_1_476' title='bbox 3038 497 3104 550; x_wconf 92' lang='lat' dir='ltr'><strong>ut</strong></span> <span class='ocrx_word' id='word_1_477' title='bbox 3149 494 3418 565; x_wconf 86' lang='lat' dir='ltr'><strong>ineamus</strong></span> <span class='ocrx_word' id='word_1_478' title='bbox 3471 493 3636 550; x_wconf 77' lang='lat' dir='ltr'><strong>fmdus</strong></span> <span class='ocrx_word' id='word_1_479' title='bbox 3683 512 3782 554; x_wconf 86' lang='lat' dir='ltr'><strong>cum</strong></span> 
     </span>
    </p>
   </div>
   <div class='ocr_carea' id='block_1_79' title="bbox 2209 564 3783 634">
    <p class='ocr_par' dir='ltr' id='par_1_79' title="bbox 2209 564 3783 634">
     <span class='ocr_line' id='line_1_83' title="bbox 2209 564 3783 634; baseline 0.003 -15"><span class='ocrx_word' id='word_1_480' title='bbox 2209 566 2454 621; x_wconf 89' lang='lat' dir='ltr'><strong>Domino</strong></span> <span class='ocrx_word' id='word_1_481' title='bbox 2486 564 2600 622; x_wconf 82' lang='lat' dir='ltr'><strong>Deo</strong></span> <span class='ocrx_word' id='word_1_482' title='bbox 2635 565 2832 634; x_wconf 88' lang='lat' dir='ltr'><strong>Israel,</strong></span> <span class='ocrx_word' id='word_1_483' title='bbox 2866 570 2924 621; x_wconf 90' lang='lat' dir='ltr'><strong>et</strong></span> <span class='ocrx_word' id='word_1_484' title='bbox 2953 569 3176 622; x_wconf 89' lang='lat' dir='ltr'><strong>avertet</strong></span> <span class='ocrx_word' id='word_1_485' title='bbox 3207 583 3242 620; x_wconf 91' lang='lat' dir='ltr'><strong>a</strong></span> <span class='ocrx_word' id='word_1_486' title='bbox 3271 564 3441 620; x_wconf 90' lang='lat' dir='ltr'><strong>nobis</strong></span> <span class='ocrx_word' id='word_1_487' title='bbox 3471 565 3686 622; x_wconf 88' lang='lat' dir='ltr'><strong>furorem</strong></span> <span class='ocrx_word' id='word_1_488' title='bbox 3712 569 3783 624; x_wconf 80' lang='lat' dir='ltr'><strong>ire</strong></span> 
     </span>
    </p>
   </div>
   <div class='ocr_carea' id='block_1_80' title="bbox 2209 653 2350 691">
    <p class='ocr_par' dir='ltr' id='par_1_80' title="bbox 2209 653 2350 691">
     <span class='ocr_line' id='line_1_84' title="bbox 2209 653 2350 691; baseline -0.007 0"><span class='ocrx_word' id='word_1_489' title='bbox 2209 653 2350 691; x_wconf 61' lang='grc'><strong>8118.</strong></span> 
     </span>
    </p>
   </div>
   <div class='ocr_carea' id='block_1_81' title="bbox 2279 706 3789 780">
    <p class='ocr_par' dir='ltr' id='par_1_81' title="bbox 2279 706 3789 780">
     <span class='ocr_line' id='line_1_85' title="bbox 2279 706 3789 780; baseline 0.003 -18"><span class='ocrx_word' id='word_1_490' title='bbox 2279 707 2408 762; x_wconf 80' lang='lat' dir='ltr'><strong>Filii</strong></span> <span class='ocrx_word' id='word_1_491' title='bbox 2441 709 2553 764; x_wconf 91' lang='lat' dir='ltr'><strong>mei</strong></span> <span class='ocrx_word' id='word_1_492' title='bbox 2576 709 2618 776; x_wconf 63' lang='grc' dir='ltr'>ι,</span> <span class='ocrx_word' id='word_1_493' title='bbox 2651 708 2831 764; x_wconf 90' lang='lat' dir='ltr'><strong>nolite</strong></span> <span class='ocrx_word' id='word_1_494' title='bbox 2863 707 3190 780; x_wconf 83' lang='lat' dir='ltr'><strong>negligere;</strong></span> <span class='ocrx_word' id='word_1_495' title='bbox 3223 724 3324 780; x_wconf 86' lang='lat' dir='ltr'><strong>vos</strong></span> <span class='ocrx_word' id='word_1_496' title='bbox 3355 706 3526 780; x_wconf 70' lang='lat' dir='ltr'><strong>elegit</strong></span> <span class='ocrx_word' id='word_1_497' title='bbox 3547 709 3789 778; x_wconf 79' lang='lat' dir='ltr'><strong>Dominus,</strong></span> 
     </span>
    </p>
   </div>
   <div class='ocr_carea' id='block_1_82' title="bbox 2208 778 3790 852">
    <p class='ocr_par' dir='ltr' id='par_1_82' title="bbox 2208 778 3790 852">
     <span class='ocr_line' id='line_1_86' title="bbox 2208 778 3790 852; baseline 0.003 -20"><span class='ocrx_word' id='word_1_498' title='bbox 2208 783 2275 832; x_wconf 89' lang='lat' dir='ltr'><strong>ut</strong></span> <span class='ocrx_word' id='word_1_499' title='bbox 2299 780 2468 834; x_wconf 90' lang='lat' dir='ltr'><strong>stetis</strong></span> <span class='ocrx_word' id='word_1_500' title='bbox 2481 796 2677 852; x_wconf 89' lang='lat' dir='ltr'><strong>coram</strong></span> <span class='ocrx_word' id='word_1_501' title='bbox 2693 797 2781 836; x_wconf 90' lang='lat' dir='ltr'><strong>eo.</strong></span> <span class='ocrx_word' id='word_1_502' title='bbox 2805 778 3658 852; x_wconf 82' lang='lat' dir='ltr'><strong>etministretisilli,colatisque</strong></span> <span class='ocrx_word' id='word_1_503' title='bbox 3671 797 3790 852; x_wconf 87' lang='lat' dir='ltr'><strong>eum,</strong></span> 
     </span>
    </p>
   </div>
   <div class='ocr_carea' id='block_1_83' title="bbox 2207 851 2952 906">
    <p class='ocr_par' dir='ltr' id='par_1_83' title="bbox 2207 851 2952 906">
     <span class='ocr_line' id='line_1_87' title="bbox 2207 851 2952 906; baseline 0.003 -3"><span class='ocrx_word' id='word_1_504' title='bbox 2207 857 2257 904; x_wconf 90' lang='lat' dir='ltr'><strong>el</strong></span> <span class='ocrx_word' id='word_1_505' title='bbox 2293 851 2603 906; x_wconf 72' lang='lat' dir='ltr'><strong>cremetis‘</strong></span> <span class='ocrx_word' id='word_1_506' title='bbox 2627 852 2952 906; x_wconf 80' lang='lat' dir='ltr'><strong>incensum.</strong></span> 
     </span>
    </p>
   </div>
   <div class='ocr_carea' id='block_1_84' title="bbox 2277 920 3790 994">
    <p class='ocr_par' dir='ltr' id='par_1_84' title="bbox 2277 920 3790 994">
     <span class='ocr_line' id='line_1_88' title="bbox 2277 920 3790 994; baseline 0.001 -17"><span class='ocrx_word' id='word_1_507' title='bbox 2277 922 2670 994; x_wconf 79' lang='lat' dir='ltr'><strong>surrexerunt</strong></span> <span class='ocrx_word' id='word_1_508' title='bbox 2700 938 2836 994; x_wconf 86' lang='lat' dir='ltr'><strong>ergo</strong></span> <span class='ocrx_word' id='word_1_509' title='bbox 2870 921 3078 994; x_wconf 64' lang='lat' dir='ltr'><strong>Levitis</strong></span> <span class='ocrx_word' id='word_1_510' title='bbox 3107 939 3120 977; x_wconf 90' lang='lat'><strong>:</strong></span> <span class='ocrx_word' id='word_1_511' title='bbox 3159 920 3356 994; x_wconf 83' lang='lat' dir='ltr'><strong>Maath</strong></span> <span class='ocrx_word' id='word_1_512' title='bbox 3412 920 3580 994; x_wconf 13' lang='lat' dir='ltr'><strong>ﬁlius,</strong></span> <span class='ocrx_word' id='word_1_513' title='bbox 3606 924 3790 979; x_wconf 78' lang='lat' dir='ltr'><strong>Amasai</strong></span> 
     </span>
    </p>
   </div>
   <div class='ocr_carea' id='block_1_85' title="bbox 2277 992 3792 1064">
    <p class='ocr_par' dir='ltr' id='par_1_85' title="bbox 2277 992 3792 1064">
     <span class='ocr_line' id='line_1_89' title="bbox 2277 992 3792 1064; baseline 0.001 -17"><span class='ocrx_word' id='word_1_514' title='bbox 2277 992 2390 1063; x_wconf 82' lang='lat' dir='ltr'><strong>(Al.</strong></span> <span class='ocrx_word' id='word_1_515' title='bbox 2414 994 2702 1064; x_wconf 72' lang='lat' dir='ltr'><strong>Amasiae),</strong></span> <span class='ocrx_word' id='word_1_516' title='bbox 2733 992 2792 1049; x_wconf 78' lang='lat' dir='ltr'><strong>ct</strong></span> <span class='ocrx_word' id='word_1_517' title='bbox 2818 992 2943 1050; x_wconf 86' lang='lat' dir='ltr'><strong>Joel</strong></span> <span class='ocrx_word' id='word_1_518' title='bbox 2976 992 3132 1048; x_wconf 81' lang='lat' dir='ltr'><strong>ﬁlius</strong></span> <span class='ocrx_word' id='word_1_519' title='bbox 3163 993 3376 1048; x_wconf 82' lang='lat' dir='ltr'><strong>Azariae</strong></span> <span class='ocrx_word' id='word_1_520' title='bbox 3399 993 3469 1048; x_wconf 89' lang='lat' dir='ltr'><strong>de</strong></span> <span class='ocrx_word' id='word_1_521' title='bbox 3493 992 3614 1048; x_wconf 83' lang='lat' dir='ltr'><strong>ﬁliis</strong></span> <span class='ocrx_word' id='word_1_522' title='bbox 3631 995 3792 1050; x_wconf 83' lang='lat' dir='ltr'><strong>Caatb:</strong></span> 
     </span>
    </p>
   </div>
   <div class='ocr_carea' id='block_1_86' title="bbox 2275 1081 3795 1153">
    <p class='ocr_par' dir='ltr' id='par_1_86' title="bbox 2275 1081 3795 1153">
     <span class='ocr_line' id='line_1_90' title="bbox 2275 1081 3795 1153; baseline 0 -17"><span class='ocrx_word' id='word_1_523' title='bbox 2275 1081 2452 1138; x_wconf 92' lang='lat' dir='ltr'><strong>Porro</strong></span> <span class='ocrx_word' id='word_1_524' title='bbox 2483 1084 2554 1138; x_wconf 92' lang='lat' dir='ltr'><strong>de</strong></span> <span class='ocrx_word' id='word_1_525' title='bbox 2587 1081 2725 1138; x_wconf 86' lang='lat' dir='ltr'><strong>{iliis</strong></span> <span class='ocrx_word' id='word_1_526' title='bbox 2756 1082 2984 1152; x_wconf 88' lang='lat' dir='ltr'><strong>Merari,</strong></span> <span class='ocrx_word' id='word_1_527' title='bbox 3016 1083 3111 1138; x_wconf 89' lang='lat' dir='ltr'><strong>Cis</strong></span> <span class='ocrx_word' id='word_1_528' title='bbox 3142 1081 3302 1137; x_wconf 85' lang='lat' dir='ltr'><strong>filius</strong></span> <span class='ocrx_word' id='word_1_529' title='bbox 3332 1081 3472 1153; x_wconf 79' lang='lat' dir='ltr'><strong>Abdi</strong></span> <span class='ocrx_word' id='word_1_530' title='bbox 3493 1081 3592 1149; x_wconf 77' lang='lat' dir='ltr'><strong>(Al.</strong></span> <span class='ocrx_word' id='word_1_531' title='bbox 3614 1083 3795 1153; x_wconf 68' lang='lat' dir='ltr'><strong>Abdai).</strong></span> 
     </span>
    </p>
   </div>
   <div class='ocr_carea' id='block_1_87' title="bbox 2206 1152 3449 1224">
    <p class='ocr_par' dir='ltr' id='par_1_87' title="bbox 2206 1152 3449 1224">
     <span class='ocr_line' id='line_1_91' title="bbox 2206 1152 3449 1224; baseline -0.002 -14"><span class='ocrx_word' id='word_1_532' title='bbox 2206 1159 2263 1223; x_wconf 74' lang='lat' dir='ltr'><strong>et</strong></span> <span class='ocrx_word' id='word_1_533' title='bbox 2287 1153 2522 1208; x_wconf 83' lang='lat' dir='ltr'><strong>Azarias</strong></span> <span class='ocrx_word' id='word_1_534' title='bbox 2556 1154 2713 1209; x_wconf 84' lang='lat' dir='ltr'><strong>ﬁlius</strong></span> <span class='ocrx_word' id='word_1_535' title='bbox 2742 1153 2981 1208; x_wconf 87' lang='lat' dir='ltr'><strong>Jaalelel</strong></span> <span class='ocrx_word' id='word_1_536' title='bbox 3015 1155 3121 1224; x_wconf 82' lang='lat' dir='ltr'><strong>(Al.</strong></span> <span class='ocrx_word' id='word_1_537' title='bbox 3151 1152 3449 1220; x_wconf 88' lang='lat' dir='ltr'><strong>Jalaleel).</strong></span> 
     </span>
    </p>
   </div>
   <div class='ocr_carea' id='block_1_88' title="bbox 2207 1225 3792 1351">
    <p class='ocr_par' dir='ltr' id='par_1_88' title="bbox 2207 1225 3792 1351">
     <span class='ocr_line' id='line_1_92' title="bbox 2207 1225 3792 1351; baseline 0 -71"><span class='ocrx_word' id='word_1_538' title='bbox 2207 1230 2356 1351; x_wconf 68' lang='lat' dir='ltr'><strong>flDe</strong></span> <span class='ocrx_word' id='word_1_539' title='bbox 2381 1225 2516 1351; x_wconf 62' lang='lat' dir='ltr'><strong>{illiis&#39;</strong></span> <span class='ocrx_word' id='word_1_540' title='bbox 2541 1231 2735 1281; x_wconf 87' lang='lat' dir='ltr'><strong>autem</strong></span> <span class='ocrx_word' id='word_1_541' title='bbox 2757 1225 2999 1295; x_wconf 89' lang='lat' dir='ltr'><strong>Gerson,</strong></span> <span class='ocrx_word' id='word_1_542' title='bbox 3017 1226 3160 1281; x_wconf 90' lang='lat' dir='ltr'><strong>Joaa</strong></span> <span class='ocrx_word' id='word_1_543' title='bbox 3176 1225 3334 1280; x_wconf 87' lang='lat' dir='ltr'><strong>ﬁlius</strong></span> <span class='ocrx_word' id='word_1_544' title='bbox 3349 1225 3594 1293; x_wconf 90' lang='lat' dir='ltr'><strong>Zemma,</strong></span> <span class='ocrx_word' id='word_1_545' title='bbox 3612 1227 3662 1280; x_wconf 87' lang='lat' dir='ltr'><strong>et</strong></span> <span class='ocrx_word' id='word_1_546' title='bbox 3675 1225 3792 1280; x_wconf 79' lang='lat' dir='ltr'><strong>Eden</strong></span> 
     </span>
     <span class='ocr_line' id='line_1_93' title="bbox 2229 1314 2562 1351; baseline 0.003 -1"><span class='ocrx_word' id='word_1_547' title='bbox 2229 1315 2243 1350; x_wconf 85' lang='lat'>1</span> <span class='ocrx_word' id='word_1_548' title='bbox 2275 1314 2366 1351; x_wconf 81' lang='lat' dir='ltr'><strong>IIIS</strong></span> <span class='ocrx_word' id='word_1_549' title='bbox 2435 1314 2562 1351; x_wconf 90' lang='lat' dir='ltr'><strong>oaa.</strong></span> 
     </span>
    </p>
   </div>
   <div class='ocr_carea' id='block_1_89' title="bbox 2229 1314 2562 1352">
    <p class='ocr_par' dir='ltr' id='par_1_89' title="bbox 2229 1314 2562 1352">
     <span class='ocr_line' id='line_1_94' title="bbox 2229 1314 2562 1352; baseline 0.006 -2"><span class='ocrx_word' id='word_1_550' title='bbox 2229 1314 2366 1351; x_wconf 84' lang='lat' dir='ltr'><strong>IIIUS</strong></span> <span class='ocrx_word' id='word_1_551' title='bbox 2397 1314 2562 1352; x_wconf 64' lang='grc'><strong>«1088.</strong></span> 
     </span>
    </p>
   </div>
   <div class='ocr_carea' id='block_1_90' title="bbox 2277 1366 3652 1439">
    <p class='ocr_par' dir='ltr' id='par_1_90' title="bbox 2277 1366 3652 1439">
     <span class='ocr_line' id='line_1_95' title="bbox 2277 1366 3652 1439; baseline -0.002 -16"><span class='ocrx_word' id='word_1_552' title='bbox 2277 1371 2350 1423; x_wconf 83' lang='lat' dir='ltr'><strong>At</strong></span> <span class='ocrx_word' id='word_1_553' title='bbox 2379 1384 2512 1424; x_wconf 90' lang='lat' dir='ltr'><strong>vero</strong></span> <span class='ocrx_word' id='word_1_554' title='bbox 2543 1369 2614 1424; x_wconf 86' lang='lat' dir='ltr'><strong>de</strong></span> <span class='ocrx_word' id='word_1_555' title='bbox 2646 1367 2781 1423; x_wconf 80' lang='lat' dir='ltr'><strong>{iliis</strong></span> <span class='ocrx_word' id='word_1_556' title='bbox 2814 1366 3149 1439; x_wconf 83' lang='lat' dir='ltr'><strong>Elisaphan,</strong></span> <span class='ocrx_word' id='word_1_557' title='bbox 3172 1366 3388 1435; x_wconf 90' lang='lat' dir='ltr'><strong>Samri,</strong></span> <span class='ocrx_word' id='word_1_558' title='bbox 3420 1371 3478 1421; x_wconf 91' lang='lat' dir='ltr'><strong>et</strong></span> <span class='ocrx_word' id='word_1_559' title='bbox 3501 1366 3652 1439; x_wconf 84' lang='lat' dir='ltr'><strong>Jaiel.</strong></span> 
     </span>
    </p>
   </div>
   <div class='ocr_carea' id='block_1_91' title="bbox 2280 1437 3798 1510">
    <p class='ocr_par' dir='ltr' id='par_1_91' title="bbox 2280 1437 3798 1510">
     <span class='ocr_line' id='line_1_96' title="bbox 2280 1437 3798 1510; baseline -0.003 -16"><span class='ocrx_word' id='word_1_560' title='bbox 2280 1439 2360 1494; x_wconf 93' lang='lat' dir='ltr'><strong>De</strong></span> <span class='ocrx_word' id='word_1_561' title='bbox 2391 1439 2529 1494; x_wconf 77' lang='lat' dir='ltr'><strong>tiliis</strong></span> <span class='ocrx_word' id='word_1_562' title='bbox 2559 1456 2793 1510; x_wconf 87' lang='lat' dir='ltr'><strong>quoque</strong></span> <span class='ocrx_word' id='word_1_563' title='bbox 2821 1437 3040 1510; x_wconf 54' lang='lat' dir='ltr'><strong>Asap&#39;h,</strong></span> <span class='ocrx_word' id='word_1_564' title='bbox 3074 1439 3384 1494; x_wconf 89' lang='lat' dir='ltr'><strong>Zacharias</strong></span> <span class='ocrx_word' id='word_1_565' title='bbox 3414 1443 3472 1493; x_wconf 90' lang='lat' dir='ltr'><strong>et</strong></span> <span class='ocrx_word' id='word_1_566' title='bbox 3491 1437 3798 1510; x_wconf 73' lang='lat' dir='ltr'><strong>Mathaaias:</strong></span> 
     </span>
    </p>
   </div>
   <div class='ocr_carea' id='block_1_92' title="bbox 2280 1509 3559 1580">
    <p class='ocr_par' dir='ltr' id='par_1_92' title="bbox 2280 1509 3559 1580">
     <span class='ocr_line' id='line_1_97' title="bbox 2280 1509 3559 1580; baseline -0.003 -14"><span class='ocrx_word' id='word_1_567' title='bbox 2280 1511 2517 1566; x_wconf 89' lang='lat' dir='ltr'><strong>Necnon</strong></span> <span class='ocrx_word' id='word_1_568' title='bbox 2549 1509 2618 1566; x_wconf 83' lang='lat' dir='ltr'><strong>de</strong></span> <span class='ocrx_word' id='word_1_569' title='bbox 2650 1509 2788 1566; x_wconf 79' lang='lat' dir='ltr'><strong>{iliis</strong></span> <span class='ocrx_word' id='word_1_570' title='bbox 2819 1509 3021 1580; x_wconf 82' lang='lat' dir='ltr'><strong>Eman,</strong></span> <span class='ocrx_word' id='word_1_571' title='bbox 3043 1510 3216 1578; x_wconf 89' lang='lat' dir='ltr'><strong>Jaiel,</strong></span> <span class='ocrx_word' id='word_1_572' title='bbox 3248 1514 3306 1564; x_wconf 90' lang='lat' dir='ltr'><strong>et</strong></span> <span class='ocrx_word' id='word_1_573' title='bbox 3332 1509 3559 1565; x_wconf 84' lang='lat' dir='ltr'><strong>Semei:</strong></span> 
     </span>
    </p>
   </div>
   <div class='ocr_carea' id='block_1_93' title="bbox 2281 1594 3625 1664">
    <p class='ocr_par' dir='ltr' id='par_1_93' title="bbox 2281 1594 3625 1664">
     <span class='ocr_line' id='line_1_98' title="bbox 2281 1594 3625 1664; baseline -0.001 -11"><span class='ocrx_word' id='word_1_574' title='bbox 2281 1599 2388 1653; x_wconf 88' lang='lat' dir='ltr'><strong>Sed</strong></span> <span class='ocrx_word' id='word_1_575' title='bbox 2424 1602 2484 1653; x_wconf 86' lang='lat' dir='ltr'><strong>et</strong></span> <span class='ocrx_word' id='word_1_576' title='bbox 2513 1599 2581 1653; x_wconf 90' lang='lat' dir='ltr'><strong>de</strong></span> <span class='ocrx_word' id='word_1_577' title='bbox 2615 1597 2751 1653; x_wconf 80' lang='lat' dir='ltr'><strong>[iliis</strong></span> <span class='ocrx_word' id='word_1_578' title='bbox 2783 1598 3044 1664; x_wconf 87' lang='lat' dir='ltr'><strong>Idithun,</strong></span> <span class='ocrx_word' id='word_1_579' title='bbox 3075 1597 3339 1654; x_wconf 85' lang='lat' dir='ltr'><strong>Semeias</strong></span> <span class='ocrx_word' id='word_1_580' title='bbox 3367 1601 3428 1653; x_wconf 88' lang='lat' dir='ltr'><strong>et</strong></span> <span class='ocrx_word' id='word_1_581' title='bbox 3459 1594 3625 1652; x_wconf 84' lang='lat' dir='ltr'><strong>Oziel.</strong></span> 
     </span>
    </p>
   </div>
   <div class='ocr_carea' id='block_1_94' title="bbox 2279 1666 3803 1742">
    <p class='ocr_par' dir='ltr' id='par_1_94' title="bbox 2279 1666 3803 1742">
     <span class='ocr_line' id='line_1_99' title="bbox 2279 1666 3803 1742; baseline -0.003 -16"><span class='ocrx_word' id='word_1_582' title='bbox 2279 1669 3148 1742; x_wconf 19' lang='lat' dir='ltr'><strong>Congregaveruntque,fratres</strong></span> <span class='ocrx_word' id='word_1_583' title='bbox 3207 1685 3367 1736; x_wconf 89' lang='lat' dir='ltr'><strong>suos,</strong></span> <span class='ocrx_word' id='word_1_584' title='bbox 3401 1673 3461 1724; x_wconf 89' lang='lat' dir='ltr'><strong>et</strong></span> <span class='ocrx_word' id='word_1_585' title='bbox 3515 1666 3803 1742; x_wconf 79' lang='lat' dir='ltr'><strong>sanctiﬁcati</strong></span> 
     </span>
    </p>
   </div>
   <div class='ocr_carea' id='block_1_95' title="bbox 2207 1738 3800 1812">
    <p class='ocr_par' dir='ltr' id='par_1_95' title="bbox 2207 1738 3800 1812">
     <span class='ocr_line' id='line_1_100' title="bbox 2207 1738 3800 1812; baseline -0.003 -16"><span class='ocrx_word' id='word_1_586' title='bbox 2207 1746 2368 1808; x_wconf 90' lang='lat' dir='ltr'><strong>sunt,</strong></span> <span class='ocrx_word' id='word_1_587' title='bbox 2399 1738 2455 1796; x_wconf 76' lang='lat' dir='ltr'><strong>et</strong></span> <span class='ocrx_word' id='word_1_588' title='bbox 2485 1738 2735 1812; x_wconf 75' lang='lat' dir='ltr'><strong>ingressi</strong></span> <span class='ocrx_word' id='word_1_589' title='bbox 2765 1738 2904 1796; x_wconf 87' lang='lat' dir='ltr'><strong>sunt</strong></span> <span class='ocrx_word' id='word_1_590' title='bbox 2923 1741 3088 1811; x_wconf 84' lang='lat' dir='ltr'><strong>juxta</strong></span> <span class='ocrx_word' id='word_1_591' title='bbox 3115 1742 3461 1796; x_wconf 78' lang='lat' dir='ltr'><strong>mandatum</strong></span> <span class='ocrx_word' id='word_1_592' title='bbox 3485 1741 3626 1812; x_wconf 86' lang='lat' dir='ltr'><strong>regis</strong></span> <span class='ocrx_word' id='word_1_593' title='bbox 3651 1738 3800 1793; x_wconf 73' lang='lat' dir='ltr'><strong>etim~</strong></span> 
     </span>
    </p>
   </div>
   <div class='ocr_carea' id='block_1_96' title="bbox 2207 1811 3570 1884">
    <p class='ocr_par' dir='ltr' id='par_1_96' title="bbox 2207 1811 3570 1884">
     <span class='ocr_line' id='line_1_101' title="bbox 2207 1811 3570 1884; baseline -0.003 -15"><span class='ocrx_word' id='word_1_594' title='bbox 2207 1813 2438 1884; x_wconf 86' lang='lat' dir='ltr'><strong>perium</strong></span> <span class='ocrx_word' id='word_1_595' title='bbox 2471 1811 2728 1881; x_wconf 90' lang='lat' dir='ltr'><strong>Domini,</strong></span> <span class='ocrx_word' id='word_1_596' title='bbox 2761 1817 2826 1868; x_wconf 92' lang='lat' dir='ltr'><strong>ut</strong></span> <span class='ocrx_word' id='word_1_597' title='bbox 2855 1812 3157 1884; x_wconf 88' lang='lat' dir='ltr'><strong>expiarent</strong></span> <span class='ocrx_word' id='word_1_598' title='bbox 3185 1813 3428 1868; x_wconf 90' lang='lat' dir='ltr'><strong>domum</strong></span> <span class='ocrx_word' id='word_1_599' title='bbox 3455 1811 3570 1866; x_wconf 89' lang='lat' dir='ltr'><strong>Dei.</strong></span> 
     </span>
    </p>
   </div>
   <div class='ocr_carea' id='block_1_97' title="bbox 2277 1884 3815 1974">
    <p class='ocr_par' dir='ltr' id='par_1_97' title="bbox 2277 1884 3815 1974">
     <span class='ocr_line' id='line_1_102' title="bbox 2277 1884 3815 1974; baseline -0.004 -17"><span class='ocrx_word' id='word_1_600' title='bbox 2277 1901 2620 1974; x_wconf 82' lang='lat' dir='ltr'><strong>Sacerdotes</strong></span> <span class='ocrx_word' id='word_1_601' title='bbox 2651 1917 2885 1974; x_wconf 83' lang='lat' dir='ltr'><strong>quoque</strong></span> <span class='ocrx_word' id='word_1_602' title='bbox 2917 1901 3170 1974; x_wconf 85' lang='lat' dir='ltr'><strong>ingressi</strong></span> <span class='ocrx_word' id='word_1_603' title='bbox 3201 1899 3489 1973; x_wconf 88' lang='lat' dir='ltr'><strong>templum</strong></span> <span class='ocrx_word' id='word_1_604' title='bbox 3515 1897 3720 1974; x_wconf 85' lang='lat' dir='ltr'><strong>Domini</strong></span> <span class='ocrx_word' id='word_1_605' title='bbox 3751 1884 3815 1974; x_wconf 59' lang='lat' dir='ltr'><strong>at</strong></span> 
     </span>
    </p>
   </div>
   <div class='ocr_carea' id='block_1_98' title="bbox 2208 1969 3810 2039">
    <p class='ocr_par' dir='ltr' id='par_1_98' title="bbox 2208 1969 3810 2039">
     <span class='ocr_line' id='line_1_103' title="bbox 2208 1969 3810 2039; baseline -0.004 -11"><span class='ocrx_word' id='word_1_606' title='bbox 2208 1973 2647 2029; x_wconf 82' lang='lat' dir='ltr'><strong>sanctificarent</strong></span> <span class='ocrx_word' id='word_1_607' title='bbox 2669 1969 2846 2039; x_wconf 85' lang='lat' dir='ltr'><strong>illud,</strong></span> <span class='ocrx_word' id='word_1_608' title='bbox 2877 1969 3212 2028; x_wconf 77' lang='lat' dir='ltr'><strong>extulerunt</strong></span> <span class='ocrx_word' id='word_1_609' title='bbox 3240 1969 3478 2028; x_wconf 81' lang='lat' dir='ltr'><strong>omnem</strong></span> <span class='ocrx_word' id='word_1_610' title='bbox 3533 1969 3810 2025; x_wconf 86' lang='lat' dir='ltr'><strong>immundi-</strong></span> 
     </span>
    </p>
   </div>
   <div class='ocr_carea' id='block_1_99' title="bbox 2207 2041 3812 2115">
    <p class='ocr_par' dir='ltr' id='par_1_99' title="bbox 2207 2041 3812 2115">
     <span class='ocr_line' id='line_1_104' title="bbox 2207 2041 3812 2115; baseline -0.003 -15"><span class='ocrx_word' id='word_1_611' title='bbox 2207 2045 2375 2108; x_wconf 82' lang='lat' dir='ltr'><strong>tiam,</strong></span> <span class='ocrx_word' id='word_1_612' title='bbox 2407 2061 2582 2114; x_wconf 88' lang='lat' dir='ltr'><strong>quam</strong></span> <span class='ocrx_word' id='word_1_613' title='bbox 2613 2044 2768 2100; x_wconf 89' lang='lat' dir='ltr'><strong>intro</strong></span> <span class='ocrx_word' id='word_1_614' title='bbox 2800 2049 3137 2115; x_wconf 90' lang='lat' dir='ltr'><strong>repererant</strong></span> <span class='ocrx_word' id='word_1_615' title='bbox 3184 2044 3244 2098; x_wconf 90' lang='lat' dir='ltr'><strong>in</strong></span> <span class='ocrx_word' id='word_1_616' title='bbox 3302 2041 3590 2099; x_wconf 84' lang='lat' dir='ltr'><strong>vestibulo</strong></span> <span class='ocrx_word' id='word_1_617' title='bbox 3641 2042 3812 2115; x_wconf 77' lang='lat' dir='ltr'><strong>domus</strong></span> 
     </span>
    </p>
   </div>
   <div class='ocr_carea' id='block_1_100' title="bbox 2208 2111 3812 2187">
    <p class='ocr_par' dir='ltr' id='par_1_100' title="bbox 2208 2111 3812 2187">
     <span class='ocr_line' id='line_1_105' title="bbox 2208 2111 3812 2187; baseline -0.004 -16"><span class='ocrx_word' id='word_1_618' title='bbox 2208 2111 2456 2181; x_wconf 86' lang='lat' dir='ltr'><strong>Domini,</strong></span> <span class='ocrx_word' id='word_1_619' title='bbox 2491 2133 2664 2187; x_wconf 89' lang='lat' dir='ltr'><strong>quam</strong></span> <span class='ocrx_word' id='word_1_620' title='bbox 2697 2111 2961 2171; x_wconf 80' lang='lat' dir='ltr'><strong>tulerunt</strong></span> <span class='ocrx_word' id='word_1_621' title='bbox 2985 2115 3218 2181; x_wconf 63' lang='lat' dir='ltr'><strong>Levitis,</strong></span> <span class='ocrx_word' id='word_1_622' title='bbox 3249 2118 3307 2170; x_wconf 91' lang='lat' dir='ltr'><strong>et</strong></span> <span class='ocrx_word' id='word_1_623' title='bbox 3335 2111 3812 2187; x_wconf 78' lang='lat' dir='ltr'><strong>asportaverualad</strong></span> 
     </span>
    </p>
   </div>
   <div class='ocr_carea' id='block_1_101' title="bbox 2207 2188 2993 2243">
    <p class='ocr_par' dir='ltr' id='par_1_101' title="bbox 2207 2188 2993 2243">
     <span class='ocr_line' id='line_1_106' title="bbox 2207 2188 2993 2243; baseline 0 -1"><span class='ocrx_word' id='word_1_624' title='bbox 2207 2192 2525 2242; x_wconf 89' lang='lat' dir='ltr'><strong>torrentem</strong></span> <span class='ocrx_word' id='word_1_625' title='bbox 2561 2188 2782 2243; x_wconf 82' lang='lat' dir='ltr'><strong>Cedron</strong></span> <span class='ocrx_word' id='word_1_626' title='bbox 2820 2189 2993 2243; x_wconf 86' lang='lat' dir='ltr'><strong>foras.</strong></span> 
     </span>
    </p>
   </div>
   <div class='ocr_carea' id='block_1_102' title="bbox 2278 2255 3816 2330">
    <p class='ocr_par' dir='ltr' id='par_1_102' title="bbox 2278 2255 3816 2330">
     <span class='ocr_line' id='line_1_107' title="bbox 2278 2255 3816 2330; baseline -0.003 -17"><span class='ocrx_word' id='word_1_627' title='bbox 2278 2263 2588 2330; x_wconf 78' lang='lat' dir='ltr'><strong>Cmperunt</strong></span> <span class='ocrx_word' id='word_1_628' title='bbox 2617 2263 2810 2314; x_wconf 90' lang='lat' dir='ltr'><strong>autem</strong></span> <span class='ocrx_word' id='word_1_629' title='bbox 2838 2257 3028 2330; x_wconf 90' lang='lat' dir='ltr'><strong>prima</strong></span> <span class='ocrx_word' id='word_1_630' title='bbox 3060 2258 3152 2330; x_wconf 88' lang='lat' dir='ltr'><strong>die</strong></span> <span class='ocrx_word' id='word_1_631' title='bbox 3197 2256 3420 2330; x_wconf 81' lang='lat' dir='ltr'><strong>mensis</strong></span> <span class='ocrx_word' id='word_1_632' title='bbox 3461 2255 3632 2330; x_wconf 81' lang='lat' dir='ltr'><strong>primi</strong></span> <span class='ocrx_word' id='word_1_633' title='bbox 3676 2269 3816 2330; x_wconf 38' lang='lat' dir='ltr'><strong>muns</strong></span> 
     </span>
    </p>
   </div>
   <div class='ocr_carea' id='block_1_103' title="bbox 2211 2326 3816 2400">
    <p class='ocr_par' dir='ltr' id='par_1_103' title="bbox 2211 2326 3816 2400">
     <span class='ocr_line' id='line_1_108' title="bbox 2211 2326 3816 2400; baseline -0.004 -15"><span class='ocrx_word' id='word_1_634' title='bbox 2211 2326 2458 2393; x_wconf 50' lang='lat' dir='ltr'><strong>darefet</strong></span> <span class='ocrx_word' id='word_1_635' title='bbox 2487 2331 2545 2385; x_wconf 91' lang='lat' dir='ltr'><strong>in</strong></span> <span class='ocrx_word' id='word_1_636' title='bbox 2578 2331 2671 2386; x_wconf 87' lang='lat' dir='ltr'><strong>die</strong></span> <span class='ocrx_word' id='word_1_637' title='bbox 2693 2326 2896 2385; x_wconf 76' lang='lat' dir='ltr'><strong>octavo</strong></span> <span class='ocrx_word' id='word_1_638' title='bbox 2914 2329 3182 2400; x_wconf 89' lang='lat' dir='ltr'><strong>ejusdem</strong></span> <span class='ocrx_word' id='word_1_639' title='bbox 3206 2327 3433 2384; x_wconf 90' lang='lat' dir='ltr'><strong>mensis</strong></span> <span class='ocrx_word' id='word_1_640' title='bbox 3456 2326 3687 2398; x_wconf 78' lang='lat' dir='ltr'><strong>ingressi</strong></span> <span class='ocrx_word' id='word_1_641' title='bbox 3706 2328 3816 2400; x_wconf 79' lang='lat' dir='ltr'><strong>sunt</strong></span> 
     </span>
    </p>
   </div>
   <div class='ocr_carea' id='block_1_104' title="bbox 2211 2395 3816 2473">
    <p class='ocr_par' dir='ltr' id='par_1_104' title="bbox 2211 2395 3816 2473">
     <span class='ocr_line' id='line_1_109' title="bbox 2211 2395 3816 2473; baseline -0.003 -17"><span class='ocrx_word' id='word_1_642' title='bbox 2211 2402 2499 2473; x_wconf 86' lang='lat' dir='ltr'><strong>porticum</strong></span> <span class='ocrx_word' id='word_1_643' title='bbox 2535 2401 2738 2473; x_wconf 82' lang='lat' dir='ltr'><strong>templi</strong></span> <span class='ocrx_word' id='word_1_644' title='bbox 2771 2395 3028 2458; x_wconf 77' lang='lat' dir='ltr'><strong>Domini.</strong></span> <span class='ocrx_word' id='word_1_645' title='bbox 3063 2395 3557 2473; x_wconf 64' lang='lat' dir='ltr'><strong>expiaveruntqus</strong></span> <span class='ocrx_word' id='word_1_646' title='bbox 3580 2395 3816 2473; x_wconf 75' lang='lat' dir='ltr'><strong>templum</strong></span> 
     </span>
    </p>
   </div>
   <div class='ocr_carea' id='block_1_105' title="bbox 2211 2468 3815 2541">
    <p class='ocr_par' dir='ltr' id='par_1_105' title="bbox 2211 2468 3815 2541">
     <span class='ocr_line' id='line_1_110' title="bbox 2211 2468 3815 2541; baseline -0.004 -13"><span class='ocrx_word' id='word_1_647' title='bbox 2211 2468 2418 2529; x_wconf 79' lang='lat' dir='ltr'><strong>diebus</strong></span> <span class='ocrx_word' id='word_1_648' title='bbox 2450 2468 2676 2538; x_wconf 56' lang='lat' dir='ltr'><strong>octo,et&#39;</strong></span> <span class='ocrx_word' id='word_1_649' title='bbox 2695 2475 2751 2527; x_wconf 91' lang='lat' dir='ltr'><strong>in</strong></span> <span class='ocrx_word' id='word_1_650' title='bbox 2785 2473 2877 2528; x_wconf 89' lang='lat' dir='ltr'><strong>die</strong></span> <span class='ocrx_word' id='word_1_651' title='bbox 2904 2476 3066 2528; x_wconf 90' lang='lat' dir='ltr'><strong>sexta</strong></span> <span class='ocrx_word' id='word_1_652' title='bbox 3091 2468 3322 2528; x_wconf 77' lang='lat' dir='ltr'><strong>decima</strong></span> <span class='ocrx_word' id='word_1_653' title='bbox 3353 2468 3574 2527; x_wconf 78' lang='lat' dir='ltr'><strong>mensis</strong></span> <span class='ocrx_word' id='word_1_654' title='bbox 3593 2468 3815 2541; x_wconf 74' lang='lat' dir='ltr'><strong>ejusdem</strong></span> 
     </span>
    </p>
   </div>
   <div class='ocr_carea' id='block_1_106' title="bbox 2212 2543 3164 2617">
    <p class='ocr_par' dir='ltr' id='par_1_106' title="bbox 2212 2543 3164 2617">
     <span class='ocr_line' id='line_1_111' title="bbox 2212 2543 3164 2617; baseline 0 -17"><span class='ocrx_word' id='word_1_655' title='bbox 2212 2545 2370 2617; x_wconf 90' lang='lat' dir='ltr'><strong>quod</strong></span> <span class='ocrx_word' id='word_1_656' title='bbox 2404 2549 2719 2616; x_wconf 75' lang='lat' dir='ltr'><strong>coeperant,</strong></span> <span class='ocrx_word' id='word_1_657' title='bbox 2753 2543 3164 2616; x_wconf 89' lang='lat' dir='ltr'><strong>impleverunt.</strong></span> 
     </span>
    </p>
   </div>
   <div class='ocr_carea' id='block_1_107' title="bbox 2283 2629 3818 2707">
    <p class='ocr_par' dir='ltr' id='par_1_107' title="bbox 2283 2629 3818 2707">
     <span class='ocr_line' id='line_1_112' title="bbox 2283 2629 3818 2707; baseline -0.004 -17"><span class='ocrx_word' id='word_1_658' title='bbox 2283 2634 2533 2707; x_wconf 81' lang='lat' dir='ltr'><strong>ingressi</strong></span> <span class='ocrx_word' id='word_1_659' title='bbox 2559 2650 2791 2707; x_wconf 91' lang='lat' dir='ltr'><strong>quoque</strong></span> <span class='ocrx_word' id='word_1_660' title='bbox 2811 2639 2948 2690; x_wconf 89' lang='lat' dir='ltr'><strong>sunt</strong></span> <span class='ocrx_word' id='word_1_661' title='bbox 2967 2635 3037 2690; x_wconf 90' lang='lat' dir='ltr'><strong>ad</strong></span> <span class='ocrx_word' id='word_1_662' title='bbox 3063 2632 3367 2689; x_wconf 84' lang='lat' dir='ltr'><strong>Ezechiam</strong></span> <span class='ocrx_word' id='word_1_663' title='bbox 3383 2648 3600 2706; x_wconf 86' lang='lat' dir='ltr'><strong>regem,</strong></span> <span class='ocrx_word' id='word_1_664' title='bbox 3622 2635 3674 2687; x_wconf 88' lang='lat' dir='ltr'><strong>et</strong></span> <span class='ocrx_word' id='word_1_665' title='bbox 3690 2629 3818 2685; x_wconf 85' lang='lat' dir='ltr'><strong>dixe-</strong></span> 
     </span>
    </p>
   </div>
   <div class='ocr_carea' id='block_1_108' title="bbox 2211 2705 2471 2762">
    <p class='ocr_par' dir='ltr' id='par_1_108' title="bbox 2211 2705 2471 2762">
     <span class='ocr_line' id='line_1_113' title="bbox 2211 2705 2471 2762; baseline -0.008 0"><span class='ocrx_word' id='word_1_666' title='bbox 2211 2705 2430 2762; x_wconf 35' lang='lat' dir='ltr'><strong>runt’ei</strong></span> <span class='ocrx_word' id='word_1_667' title='bbox 2459 2723 2471 2760; x_wconf 92' lang='lat'><strong>:</strong></span> 
     </span>
    </p>
   </div>
   <div class='ocr_carea' id='block_1_109' title="bbox 2284 2772 3823 2842">
    <p class='ocr_par' dir='ltr' id='par_1_109' title="bbox 2284 2772 3823 2842">
     <span class='ocr_line' id='line_1_114' title="bbox 2284 2772 3823 2842; baseline -0.003 -9"><span class='ocrx_word' id='word_1_668' title='bbox 2284 2777 2789 2833; x_wconf 82' lang='lat' dir='ltr'><strong>Sanctiﬁcavimus</strong></span> <span class='ocrx_word' id='word_1_669' title='bbox 2812 2793 3041 2833; x_wconf 89' lang='lat' dir='ltr'><strong>omnem</strong></span> <span class='ocrx_word' id='word_1_670' title='bbox 3068 2777 3308 2832; x_wconf 89' lang='lat' dir='ltr'><strong>domum</strong></span> <span class='ocrx_word' id='word_1_671' title='bbox 3330 2773 3587 2842; x_wconf 91' lang='lat' dir='ltr'><strong>Domini,</strong></span> <span class='ocrx_word' id='word_1_672' title='bbox 3609 2777 3661 2829; x_wconf 91' lang='lat' dir='ltr'><strong>et</strong></span> <span class='ocrx_word' id='word_1_673' title='bbox 3676 2772 3823 2828; x_wconf 86' lang='lat' dir='ltr'><strong>altare</strong></span> 
     </span>
    </p>
   </div>
   <div class='ocr_carea' id='block_1_110' title="bbox 2213 2848 3819 2921">
    <p class='ocr_par' dir='ltr' id='par_1_110' title="bbox 2213 2848 3819 2921">
     <span class='ocr_line' id='line_1_115' title="bbox 2213 2848 3819 2921; baseline -0.004 -17"><span class='ocrx_word' id='word_1_674' title='bbox 2213 2848 2564 2921; x_wconf 85' lang='lat' dir='ltr'><strong>holocausti,</strong></span> <span class='ocrx_word' id='word_1_675' title='bbox 2597 2850 3032 2921; x_wconf 78' lang='lat' dir='ltr'><strong>vasaqueejus,</strong></span> <span class='ocrx_word' id='word_1_676' title='bbox 3062 2864 3287 2921; x_wconf 86' lang='lat' dir='ltr'><strong>necnon</strong></span> <span class='ocrx_word' id='word_1_677' title='bbox 3317 2853 3373 2921; x_wconf 83' lang='lat' dir='ltr'><strong>et</strong></span> <span class='ocrx_word' id='word_1_678' title='bbox 3407 2861 3666 2902; x_wconf 87' lang='lat' dir='ltr'><strong>mensam</strong></span> <span class='ocrx_word' id='word_1_679' title='bbox 3715 2861 3819 2915; x_wconf 80' lang='lat' dir='ltr'><strong>pro-</strong></span> 
     </span>
    </p>
   </div>
   <div class='ocr_carea' id='block_1_111' title="bbox 2213 2919 3825 2992">
    <p class='ocr_par' dir='ltr' id='par_1_111' title="bbox 2213 2919 3825 2992">
     <span class='ocr_line' id='line_1_116' title="bbox 2213 2919 3825 2992; baseline -0.004 -16"><span class='ocrx_word' id='word_1_680' title='bbox 2213 2919 2522 2992; x_wconf 87' lang='lat' dir='ltr'><strong>positionis</strong></span> <span class='ocrx_word' id='word_1_681' title='bbox 2545 2936 2680 2992; x_wconf 88' lang='lat' dir='ltr'><strong>cum</strong></span> <span class='ocrx_word' id='word_1_682' title='bbox 2723 2919 2998 2992; x_wconf 74' lang='lat' dir='ltr'><strong>omnibus</strong></span> <span class='ocrx_word' id='word_1_683' title='bbox 3055 2919 3420 2992; x_wconf 28' lang='lat' dir='ltr'><strong>vasishsuis,</strong></span> <span class='ocrx_word' id='word_1_684' title='bbox 3479 2923 3825 2992; x_wconf 78' lang='lat' dir='ltr'><strong>cunctamque</strong></span> 
     </span>
    </p>
   </div>
   <div class='ocr_carea' id='block_1_112' title="bbox 2215 2986 3826 3064">
    <p class='ocr_par' dir='ltr' id='par_1_112' title="bbox 2215 2986 3826 3064">
     <span class='ocr_line' id='line_1_117' title="bbox 2215 2986 3826 3064; baseline -0.006 -16"><span class='ocrx_word' id='word_1_685' title='bbox 2215 2986 2422 3064; x_wconf 79' lang='lat' dir='ltr'><strong>templi</strong></span> <span class='ocrx_word' id='word_1_686' title='bbox 2452 2990 2899 3063; x_wconf 89' lang='lat' dir='ltr'><strong>supellectilem,</strong></span> <span class='ocrx_word' id='word_1_687' title='bbox 2930 3007 3105 3062; x_wconf 90' lang='lat' dir='ltr'><strong>quam</strong></span> <span class='ocrx_word' id='word_1_688' title='bbox 3139 2986 3434 3064; x_wconf 81' lang='lat' dir='ltr'><strong>polluerat</strong></span> <span class='ocrx_word' id='word_1_689' title='bbox 3462 3007 3560 3046; x_wconf 89' lang='lat' dir='ltr'><strong>rex</strong></span> <span class='ocrx_word' id='word_1_690' title='bbox 3596 2987 3733 3044; x_wconf 83' lang='lat' dir='ltr'><strong>Ahaz</strong></span> <span class='ocrx_word' id='word_1_691' title='bbox 3780 2986 3826 3039; x_wconf 88' lang='lat' dir='ltr'><strong>in</strong></span> 
     </span>
    </p>
   </div>
   <div class='ocr_carea' id='block_1_113' title="bbox 2217 3062 3827 3144">
    <p class='ocr_par' dir='ltr' id='par_1_113' title="bbox 2217 3062 3827 3144">
     <span class='ocr_line' id='line_1_118' title="bbox 2217 3062 3827 3144; baseline -0.004 -26"><span class='ocrx_word' id='word_1_692' title='bbox 2217 3062 2394 3144; x_wconf 69' lang='lat' dir='ltr'><strong>regno</strong></span> <span class='ocrx_word' id='word_1_693' title='bbox 2425 3062 2566 3144; x_wconf 63' lang='lat' dir='ltr'><strong>suo,</strong></span> <span class='ocrx_word' id='word_1_694' title='bbox 2590 3067 2901 3144; x_wconf 84' lang='lat' dir='ltr'><strong>postquam</strong></span> <span class='ocrx_word' id='word_1_695' title='bbox 2935 3062 3346 3144; x_wconf 47' lang='lat' dir='ltr'><strong>praevaricat&#39;us</strong></span> <span class='ocrx_word' id='word_1_696' title='bbox 3377 3065 3568 3144; x_wconf 72' lang='lat' dir='ltr'><strong>esl,_et</strong></span> <span class='ocrx_word' id='word_1_697' title='bbox 3595 3075 3713 3116; x_wconf 89' lang='lat' dir='ltr'><strong>ecce</strong></span> <span class='ocrx_word' id='word_1_698' title='bbox 3749 3073 3827 3112; x_wconf 82' lang='lat' dir='ltr'><strong>ex-</strong></span> 
     </span>
    </p>
   </div>
   <div class='ocr_carea' id='block_1_114' title="bbox 2215 3132 3531 3208">
    <p class='ocr_par' dir='ltr' id='par_1_114' title="bbox 2215 3132 3531 3208">
     <span class='ocr_line' id='line_1_119' title="bbox 2215 3132 3531 3208; baseline -0.002 -17"><span class='ocrx_word' id='word_1_699' title='bbox 2215 3132 2408 3208; x_wconf 72' lang='lat' dir='ltr'><strong>posita</strong></span> <span class='ocrx_word' id='word_1_700' title='bbox 2436 3139 2575 3190; x_wconf 92' lang='lat' dir='ltr'><strong>sunt</strong></span> <span class='ocrx_word' id='word_1_701' title='bbox 2594 3132 2802 3190; x_wconf 80' lang='lat' dir='ltr'><strong>omnia</strong></span> <span class='ocrx_word' id='word_1_702' title='bbox 2831 3132 3025 3190; x_wconf 79' lang='lat' dir='ltr'><strong>coram</strong></span> <span class='ocrx_word' id='word_1_703' title='bbox 3060 3133 3240 3190; x_wconf 88' lang='lat' dir='ltr'><strong>altare</strong></span> <span class='ocrx_word' id='word_1_704' title='bbox 3271 3132 3531 3189; x_wconf 88' lang='lat' dir='ltr'><strong>Domini.</strong></span> 
     </span>
    </p>
   </div>
   <div class='ocr_carea' id='block_1_115' title="bbox 2283 3219 3829 3294">
    <p class='ocr_par' dir='ltr' id='par_1_115' title="bbox 2283 3219 3829 3294">
     <span class='ocr_line' id='line_1_120' title="bbox 2283 3219 3829 3294; baseline -0.006 -14"><span class='ocrx_word' id='word_1_705' title='bbox 2283 3225 2778 3294; x_wconf 86' lang='lat' dir='ltr'><strong>Consurgensque</strong></span> <span class='ocrx_word' id='word_1_706' title='bbox 2824 3221 3091 3294; x_wconf 19' lang='lat' dir='ltr'><strong>diluculo,</strong></span> <span class='ocrx_word' id='word_1_707' title='bbox 3139 3222 3416 3278; x_wconf 85' lang='lat' dir='ltr'><strong>Ezechias</strong></span> <span class='ocrx_word' id='word_1_708' title='bbox 3469 3237 3588 3294; x_wconf 81' lang='lat' dir='ltr'><strong>rex,</strong></span> <span class='ocrx_word' id='word_1_709' title='bbox 3638 3219 3829 3294; x_wconf 79' lang='lat' dir='ltr'><strong>aduna-</strong></span> 
     </span>
    </p>
   </div>
   <div class='ocr_carea' id='block_1_116' title="bbox 2212 3291 3830 3378">
    <p class='ocr_par' dir='ltr' id='par_1_116' title="bbox 2212 3291 3830 3378">
     <span class='ocr_line' id='line_1_121' title="bbox 2212 3291 3830 3378; baseline -0.005 -28"><span class='ocrx_word' id='word_1_710' title='bbox 2212 3296 2296 3350; x_wconf 90' lang='lat' dir='ltr'><strong>vit</strong></span> <span class='ocrx_word' id='word_1_711' title='bbox 2323 3291 2541 3378; x_wconf 73' lang='lat' dir='ltr'><strong>omnes</strong></span> <span class='ocrx_word' id='word_1_712' title='bbox 2562 3291 2858 3366; x_wconf 81' lang='lat' dir='ltr'><strong>principes</strong></span> <span class='ocrx_word' id='word_1_713' title='bbox 2880 3293 3153 3360; x_wconf 86' lang='lat' dir='ltr'><strong>civitatis,</strong></span> <span class='ocrx_word' id='word_1_714' title='bbox 3185 3297 3242 3349; x_wconf 88' lang='lat' dir='ltr'><strong>et</strong></span> <span class='ocrx_word' id='word_1_715' title='bbox 3257 3293 3526 3349; x_wconf 89' lang='lat' dir='ltr'><strong>ascendit</strong></span> <span class='ocrx_word' id='word_1_716' title='bbox 3548 3291 3604 3347; x_wconf 90' lang='lat' dir='ltr'><strong>in</strong></span> <span class='ocrx_word' id='word_1_717' title='bbox 3625 3291 3830 3346; x_wconf 85' lang='lat' dir='ltr'><strong>domum</strong></span> 
     </span>
    </p>
   </div>
   <div class='ocr_carea' id='block_1_117' title="bbox 2214 3373 3831 3509">
    <p class='ocr_par' dir='ltr' id='par_1_117' title="bbox 2214 3373 3831 3509">
     <span class='ocr_line' id='line_1_122' title="bbox 2214 3373 3831 3509; baseline -0.006 -14"><span class='ocrx_word' id='word_1_718' title='bbox 2214 3373 2762 3509; x_wconf 54' lang='lat' dir='ltr'><strong>Doériiltltlilleruntque</strong></span> <span class='ocrx_word' id='word_1_719' title='bbox 2791 3435 2970 3492; x_wconf 89' lang='lat' dir='ltr'><strong>simul</strong></span> <span class='ocrx_word' id='word_1_720' title='bbox 3002 3440 3203 3509; x_wconf 82' lang='lat' dir='ltr'><strong>tauros</strong></span> <span class='ocrx_word' id='word_1_721' title='bbox 3233 3439 3487 3508; x_wconf 85' lang='lat' dir='ltr'><strong>septem,</strong></span> <span class='ocrx_word' id='word_1_722' title='bbox 3544 3433 3734 3490; x_wconf 85' lang='lat' dir='ltr'><strong>arietes</strong></span> <span class='ocrx_word' id='word_1_723' title='bbox 3758 3445 3831 3509; x_wconf 82' lang='lat' dir='ltr'><strong>ee-</strong></span> 
     </span>
    </p>
   </div>
   <div class='ocr_carea' id='block_1_118' title="bbox 2215 3506 3833 3582">
    <p class='ocr_par' dir='ltr' id='par_1_118' title="bbox 2215 3506 3833 3582">
     <span class='ocr_line' id='line_1_123' title="bbox 2215 3506 3833 3582; baseline -0.004 -19"><span class='ocrx_word' id='word_1_724' title='bbox 2215 3513 2397 3582; x_wconf 87' lang='lat' dir='ltr'><strong>ptem,</strong></span> <span class='ocrx_word' id='word_1_725' title='bbox 2429 3525 2616 3580; x_wconf 90' lang='lat' dir='ltr'><strong>agnos</strong></span> <span class='ocrx_word' id='word_1_726' title='bbox 2647 3506 2893 3579; x_wconf 78' lang='lat' dir='ltr'><strong>septem,</strong></span> <span class='ocrx_word' id='word_1_727' title='bbox 2922 3512 2981 3582; x_wconf 84' lang='lat' dir='ltr'><strong>et</strong></span> <span class='ocrx_word' id='word_1_728' title='bbox 3007 3506 3464 3582; x_wconf 83' lang='lat' dir='ltr'><strong>hircos_se_ptem</strong></span> <span class='ocrx_word' id='word_1_729' title='bbox 3485 3523 3593 3579; x_wconf 87' lang='lat' dir='ltr'><strong>pro</strong></span> <span class='ocrx_word' id='word_1_730' title='bbox 3615 3506 3833 3577; x_wconf 81' lang='lat' dir='ltr'><strong>peccato,</strong></span> 
     </span>
    </p>
   </div>
   <div class='ocr_carea' id='block_1_119' title="bbox 2215 3579 3373 3655">
    <p class='ocr_par' dir='ltr' id='par_1_119' title="bbox 2215 3579 3373 3655">
     <span class='ocr_line' id='line_1_124' title="bbox 2215 3579 3373 3655; baseline -0.003 -18"><span class='ocrx_word' id='word_1_731' title='bbox 2215 3579 2320 3655; x_wconf 77' lang='lat' dir='ltr'><strong>pro</strong></span> <span class='ocrx_word' id='word_1_732' title='bbox 2351 3579 2528 3653; x_wconf 80' lang='lat' dir='ltr'><strong>regno</strong></span> <span class='ocrx_word' id='word_1_733' title='bbox 2562 3597 2664 3652; x_wconf 90' lang='lat' dir='ltr'><strong>pro</strong></span> <span class='ocrx_word' id='word_1_734' title='bbox 2691 3579 3045 3646; x_wconf 83' lang='lat' dir='ltr'><strong>sanctuario,</strong></span> <span class='ocrx_word' id='word_1_735' title='bbox 3068 3596 3172 3652; x_wconf 91' lang='lat' dir='ltr'><strong>pro</strong></span> <span class='ocrx_word' id='word_1_736' title='bbox 3200 3579 3373 3636; x_wconf 83' lang='lat' dir='ltr'><strong>Juda.</strong></span> 
     </span>
    </p>
   </div>
   <div class='ocr_carea' id='block_1_120' title="bbox 2285 3665 3833 3739">
    <p class='ocr_par' dir='ltr' id='par_1_120' title="bbox 2285 3665 3833 3739">
     <span class='ocr_line' id='line_1_125' title="bbox 2285 3665 3833 3739; baseline -0.005 -14"><span class='ocrx_word' id='word_1_737' title='bbox 2285 3669 2559 3739; x_wconf 82' lang='lat' dir='ltr'><strong>Dixitque</strong></span> <span class='ocrx_word' id='word_1_738' title='bbox 2578 3667 2984 3724; x_wconf 88' lang='lat' dir='ltr'><strong>sacerdotibus</strong></span> <span class='ocrx_word' id='word_1_739' title='bbox 3015 3667 3153 3724; x_wconf 78' lang='lat' dir='ltr'><strong>filiis</strong></span> <span class='ocrx_word' id='word_1_740' title='bbox 3180 3669 3372 3724; x_wconf 82' lang='lat' dir='ltr'><strong>Aaron</strong></span> <span class='ocrx_word' id='word_1_741' title='bbox 3394 3671 3465 3722; x_wconf 90' lang='lat' dir='ltr'><strong>ut</strong></span> <span class='ocrx_word' id='word_1_742' title='bbox 3484 3665 3833 3724; x_wconf 63' lang='grc' dir='ltr'><strong>σπου-6111611·</strong></span> 
     </span>
    </p>
   </div>
   <div class='ocr_carea' id='block_1_121' title="bbox 2216 3739 2806 3815">
    <p class='ocr_par' dir='ltr' id='par_1_121' title="bbox 2216 3739 2806 3815">
     <span class='ocr_line' id='line_1_126' title="bbox 2216 3739 2806 3815; baseline -0.005 -18"><span class='ocrx_word' id='word_1_743' title='bbox 2216 3757 2338 3815; x_wconf 88' lang='lat' dir='ltr'><strong>pe_r_</strong></span> <span class='ocrx_word' id='word_1_744' title='bbox 2349 3739 2526 3796; x_wconf 89' lang='lat' dir='ltr'><strong>altare</strong></span> <span class='ocrx_word' id='word_1_745' title='bbox 2556 3739 2806 3815; x_wconf 81' lang='lat' dir='ltr'><strong>Domini.</strong></span> 
     </span>
    </p>
   </div>
   <div class='ocr_carea' id='block_1_122' title="bbox 2285 3811 3832 3883">
    <p class='ocr_par' dir='ltr' id='par_1_122' title="bbox 2285 3811 3832 3883">
     <span class='ocr_line' id='line_1_127' title="bbox 2285 3811 3832 3883; baseline -0.006 -15"><span class='ocrx_word' id='word_1_746' title='bbox 2285 3813 2686 3868; x_wconf 87' lang='lat' dir='ltr'><strong>Mactaverunt</strong></span> <span class='ocrx_word' id='word_1_747' title='bbox 2715 3811 3129 3883; x_wconf 89' lang='lat' dir='ltr'><strong>igitur_tauros</strong></span> <span class='ocrx_word' id='word_1_748' title='bbox 3157 3811 3636 3883; x_wconf 11' lang='lat' dir='ltr'><strong>etpsusceperunt</strong></span> <span class='ocrx_word' id='word_1_749' title='bbox 3674 3820 3832 3883; x_wconf 75' lang='lat' dir='ltr'><strong>sacer-</strong></span> 
     </span>
    </p>
   </div>
   <div class='ocr_carea' id='block_1_123' title="bbox 2217 3878 3836 3953">
    <p class='ocr_par' dir='ltr' id='par_1_123' title="bbox 2217 3878 3836 3953">
     <span class='ocr_line' id='line_1_128' title="bbox 2217 3878 3836 3953; baseline -0.006 -14"><span class='ocrx_word' id='word_1_750' title='bbox 2217 3884 2385 3939; x_wconf 90' lang='lat' dir='ltr'><strong>dotes</strong></span> <span class='ocrx_word' id='word_1_751' title='bbox 2411 3878 2778 3953; x_wconf 62' lang='lat' dir='ltr'><strong>sanguinem&#39;,</strong></span> <span class='ocrx_word' id='word_1_752' title='bbox 2812 3886 2872 3937; x_wconf 88' lang='lat' dir='ltr'><strong>et</strong></span> <span class='ocrx_word' id='word_1_753' title='bbox 2901 3880 3178 3953; x_wconf 87' lang='lat' dir='ltr'><strong>fuderunt</strong></span> <span class='ocrx_word' id='word_1_754' title='bbox 3205 3881 3372 3953; x_wconf 83' lang='lat' dir='ltr'><strong>illum</strong></span> <span class='ocrx_word' id='word_1_755' title='bbox 3418 3878 3601 3953; x_wconf 79' lang='lat' dir='ltr'><strong>super</strong></span> <span class='ocrx_word' id='word_1_756' title='bbox 3653 3878 3836 3953; x_wconf 80' lang='lat' dir='ltr'><strong>altare:</strong></span> 
     </span>
    </p>
   </div>
   <div class='ocr_carea' id='block_1_124' title="bbox 2286 3949 3837 4023">
    <p class='ocr_par' dir='ltr' id='par_1_124' title="bbox 2286 3949 3837 4023">
     <span class='ocr_line' id='line_1_129' title="bbox 2286 3949 3837 4023; baseline -0.006 -13"><span class='ocrx_word' id='word_1_757' title='bbox 2286 3949 2685 4010; x_wconf 74' lang='lat' dir='ltr'><strong>Mactaverunt</strong></span> <span class='ocrx_word' id='word_1_758' title='bbox 2721 3953 2900 4010; x_wconf 89' lang='lat' dir='ltr'><strong>etiam</strong></span> <span class='ocrx_word' id='word_1_759' title='bbox 2928 3952 3157 4021; x_wconf 88' lang='lat' dir='ltr'><strong>arietes,</strong></span> <span class='ocrx_word' id='word_1_760' title='bbox 3186 3958 3244 4008; x_wconf 90' lang='lat' dir='ltr'><strong>et</strong></span> <span class='ocrx_word' id='word_1_761' title='bbox 3264 3949 3837 4023; x_wconf 58' lang='lat' dir='ltr'><strong>illorum&#39;sanguinem</strong></span> 
     </span>
    </p>
   </div>
   <div class='ocr_carea' id='block_1_125' title="bbox 2218 4025 2958 4098">
    <p class='ocr_par' dir='ltr' id='par_1_125' title="bbox 2218 4025 2958 4098">
     <span class='ocr_line' id='line_1_130' title="bbox 2218 4025 2958 4098; baseline -0.005 -16"><span class='ocrx_word' id='word_1_762' title='bbox 2218 4043 2398 4098; x_wconf 90' lang='lat' dir='ltr'><strong>super</strong></span> <span class='ocrx_word' id='word_1_763' title='bbox 2426 4025 2610 4080; x_wconf 89' lang='lat' dir='ltr'><strong>altare</strong></span> <span class='ocrx_word' id='word_1_764' title='bbox 2643 4027 2958 4092; x_wconf 85' lang='lat' dir='ltr'><strong>fuderunt;</strong></span> 
     </span>
    </p>
   </div>
   <div class='ocr_carea' id='block_1_126' title="bbox 2290 4109 3841 4195">
    <p class='ocr_par' dir='ltr' id='par_1_126' title="bbox 2290 4109 3841 4195">
     <span class='ocr_line' id='line_1_131' title="bbox 2290 4109 3841 4195; baseline -0.005 -26"><span class='ocrx_word' id='word_1_765' title='bbox 2290 4117 2372 4170; x_wconf 88' lang='lat' dir='ltr'><strong>Im</strong></span> <span class='ocrx_word' id='word_1_766' title='bbox 2385 4113 2862 4195; x_wconf 80' lang='lat' dir='ltr'><strong>molaveruntque</strong></span> <span class='ocrx_word' id='word_1_767' title='bbox 2887 4130 3092 4186; x_wconf 88' lang='lat' dir='ltr'><strong>agnos,</strong></span> <span class='ocrx_word' id='word_1_768' title='bbox 3115 4117 3172 4168; x_wconf 88' lang='lat' dir='ltr'><strong>et</strong></span> <span class='ocrx_word' id='word_1_769' title='bbox 3193 4113 3477 4168; x_wconf 87' lang='lat' dir='ltr'><strong>fuderunt</strong></span> <span class='ocrx_word' id='word_1_770' title='bbox 3497 4128 3674 4185; x_wconf 89' lang='lat' dir='ltr'><strong>super</strong></span> <span class='ocrx_word' id='word_1_771' title='bbox 3690 4109 3841 4166; x_wconf 85' lang='lat' dir='ltr'><strong>altare</strong></span> 
     </span>
    </p>
   </div>
   <div class='ocr_carea' id='block_1_127' title="bbox 2219 4201 2588 4257">
    <p class='ocr_par' dir='ltr' id='par_1_127' title="bbox 2219 4201 2588 4257">
     <span class='ocr_line' id='line_1_132' title="bbox 2219 4201 2588 4257; baseline -0.008 -15"><span class='ocrx_word' id='word_1_772' title='bbox 2219 4201 2588 4257; x_wconf 72' lang='lat' dir='ltr'><strong>sanguinem.</strong></span> 
     </span>
    </p>
   </div>
   <div class='ocr_carea' id='block_1_128' title="bbox 2289 4255 3846 4328">
    <p class='ocr_par' dir='ltr' id='par_1_128' title="bbox 2289 4255 3846 4328">
     <span class='ocr_line' id='line_1_133' title="bbox 2289 4255 3846 4328; baseline -0.005 -16"><span class='ocrx_word' id='word_1_773' title='bbox 2289 4255 2830 4328; x_wconf 79' lang='lat' dir='ltr'><strong>Applicueruntque</strong></span> <span class='ocrx_word' id='word_1_774' title='bbox 2863 4255 3057 4328; x_wconf 87' lang='lat' dir='ltr'><strong>hircos</strong></span> <span class='ocrx_word' id='word_1_775' title='bbox 3082 4271 3194 4328; x_wconf 88' lang='lat' dir='ltr'><strong>pro</strong></span> <span class='ocrx_word' id='word_1_776' title='bbox 3226 4258 3490 4326; x_wconf 88' lang='lat' dir='ltr'><strong>peccato,</strong></span> <span class='ocrx_word' id='word_1_777' title='bbox 3521 4270 3708 4311; x_wconf 86' lang='lat' dir='ltr'><strong>coram</strong></span> <span class='ocrx_word' id='word_1_778' title='bbox 3735 4265 3846 4321; x_wconf 78' lang='lat' dir='ltr'><strong>rege</strong></span> 
     </span>
    </p>
   </div>
   <div class='ocr_carea' id='block_1_129' title="bbox 2219 4326 3844 4399">
    <p class='ocr_par' dir='ltr' id='par_1_129' title="bbox 2219 4326 3844 4399">
     <span class='ocr_line' id='line_1_134' title="bbox 2219 4326 3844 4399; baseline -0.006 -15"><span class='ocrx_word' id='word_1_779' title='bbox 2219 4333 2275 4384; x_wconf 91' lang='lat' dir='ltr'><strong>et</strong></span> <span class='ocrx_word' id='word_1_780' title='bbox 2305 4326 2581 4384; x_wconf 85' lang='lat' dir='ltr'><strong>universa</strong></span> <span class='ocrx_word' id='word_1_781' title='bbox 2613 4326 3017 4396; x_wconf 85' lang='lat' dir='ltr'><strong>multitudine,</strong></span> <span class='ocrx_word' id='word_1_782' title='bbox 3043 4397 3052 4399; x_wconf 97' lang='lat'><em>_</em></span> <span class='ocrx_word' id='word_1_783' title='bbox 3076 4326 3608 4399; x_wconf 76' lang='lat' dir='ltr'><strong>imposueruntque</strong></span> <span class='ocrx_word' id='word_1_784' title='bbox 3664 4336 3844 4399; x_wconf 80' lang='lat' dir='ltr'><strong>manus</strong></span> 
     </span>
    </p>
   </div>
   <div class='ocr_carea' id='block_1_130' title="bbox 2220 4397 3845 4472">
    <p class='ocr_par' dir='ltr' id='par_1_130' title="bbox 2220 4397 3845 4472">
     <span class='ocr_line' id='line_1_135' title="bbox 2220 4397 3845 4472; baseline -0.004 -18"><span class='ocrx_word' id='word_1_785' title='bbox 2220 4416 2359 4455; x_wconf 86' lang='lat' dir='ltr'><strong>suas</strong></span> <span class='ocrx_word' id='word_1_786' title='bbox 2393 4416 2569 4472; x_wconf 83' lang='lat' dir='ltr'><strong>super</strong></span> <span class='ocrx_word' id='word_1_787' title='bbox 2598 4415 2732 4455; x_wconf 90' lang='lat' dir='ltr'><strong>eos:</strong></span> <span class='ocrx_word' id='word_1_788' title='bbox 2766 4402 2823 4454; x_wconf 87' lang='lat' dir='ltr'><strong>et</strong></span> <span class='ocrx_word' id='word_1_789' title='bbox 2854 4397 3307 4472; x_wconf 79' lang='lat' dir='ltr'><strong>immolaverunt</strong></span> <span class='ocrx_word' id='word_1_790' title='bbox 3350 4397 3488 4456; x_wconf 92' lang='lat' dir='ltr'><strong>illos</strong></span> <span class='ocrx_word' id='word_1_791' title='bbox 3519 4397 3845 4472; x_wconf 67' lang='lat' dir='ltr'><strong>Sacerdotes,</strong></span> 
     </span>
    </p>
   </div>
   <div class='ocr_carea' id='block_1_131' title="bbox 2219 4469 3847 4542">
    <p class='ocr_par' dir='ltr' id='par_1_131' title="bbox 2219 4469 3847 4542">
     <span class='ocr_line' id='line_1_136' title="bbox 2219 4469 3847 4542; baseline -0.005 -15"><span class='ocrx_word' id='word_1_792' title='bbox 2219 4475 2277 4526; x_wconf 89' lang='lat' dir='ltr'><strong>et</strong></span> <span class='ocrx_word' id='word_1_793' title='bbox 2302 4469 2683 4542; x_wconf 78' lang='lat' dir='ltr'><strong>asperserunt</strong></span> <span class='ocrx_word' id='word_1_794' title='bbox 2712 4471 3057 4542; x_wconf 80' lang='lat' dir='ltr'><strong>sanguinem</strong></span> <span class='ocrx_word' id='word_1_795' title='bbox 3091 4485 3294 4526; x_wconf 88' lang='lat' dir='ltr'><strong>eorum</strong></span> <span class='ocrx_word' id='word_1_796' title='bbox 3326 4485 3528 4527; x_wconf 89' lang='lat' dir='ltr'><strong>coram</strong></span> <span class='ocrx_word' id='word_1_797' title='bbox 3562 4469 3734 4526; x_wconf 89' lang='lat' dir='ltr'><strong>altare</strong></span> <span class='ocrx_word' id='word_1_798' title='bbox 3763 4479 3847 4537; x_wconf 84' lang='lat' dir='ltr'><strong>pro</strong></span> 
     </span>
    </p>
   </div>
   <div class='ocr_carea' id='block_1_132' title="bbox 2219 4540 3044 4615">
    <p class='ocr_par' dir='ltr' id='par_1_132' title="bbox 2219 4540 3044 4615">
     <span class='ocr_line' id='line_1_137' title="bbox 2219 4540 3044 4615; baseline -0.001 -19"><span class='ocrx_word' id='word_1_799' title='bbox 2219 4540 2452 4615; x_wconf 79' lang='lat' dir='ltr'><strong>piaculo</strong></span> <span class='ocrx_word' id='word_1_800' title='bbox 2484 4541 2741 4615; x_wconf 85' lang='lat' dir='ltr'><strong>universi</strong></span> <span class='ocrx_word' id='word_1_801' title='bbox 2774 4540 3044 4615; x_wconf 86' lang='lat' dir='ltr'><strong>Isr_aelis_:</strong></span> 
     </span>
    </p>
   </div>
   <div class='ocr_carea' id='block_1_133' title="bbox 2291 4606 3849 4684">
    <p class='ocr_par' dir='ltr' id='par_1_133' title="bbox 2291 4606 3849 4684">
     <span class='ocr_line' id='line_1_138' title="bbox 2291 4606 3849 4684; baseline -0.004 -16"><span class='ocrx_word' id='word_1_802' title='bbox 2291 4619 2400 4668; x_wconf 90' lang='lat' dir='ltr'><strong>Pro</strong></span> <span class='ocrx_word' id='word_1_803' title='bbox 2431 4614 2591 4669; x_wconf 89' lang='lat' dir='ltr'><strong>omni</strong></span> <span class='ocrx_word' id='word_1_804' title='bbox 2615 4614 2832 4684; x_wconf 92' lang='lat' dir='ltr'><strong>quippe</strong></span> <span class='ocrx_word' id='word_1_805' title='bbox 2859 4613 3032 4668; x_wconf 87' lang='lat' dir='ltr'><strong>Israel</strong></span> <span class='ocrx_word' id='word_1_806' title='bbox 3066 4615 3419 4684; x_wconf 68' lang='lat' dir='ltr'><strong>preceperat</strong></span> <span class='ocrx_word' id='word_1_807' title='bbox 3449 4627 3555 4668; x_wconf 88' lang='lat' dir='ltr'><strong>rex</strong></span> <span class='ocrx_word' id='word_1_808' title='bbox 3598 4615 3662 4668; x_wconf 86' lang='lat' dir='ltr'><strong>ut</strong></span> <span class='ocrx_word' id='word_1_809' title='bbox 3708 4606 3849 4664; x_wconf 83' lang='lat' dir='ltr'><strong>holo-</strong></span> 
     </span>
    </p>
   </div>
   <div class='ocr_carea' id='block_1_134' title="bbox 2219 4684 3211 4756">
    <p class='ocr_par' dir='ltr' id='par_1_134' title="bbox 2219 4684 3211 4756">
     <span class='ocr_line' id='line_1_139' title="bbox 2219 4684 3211 4756; baseline -0.001 -15"><span class='ocrx_word' id='word_1_810' title='bbox 2219 4689 2491 4741; x_wconf 88' lang='lat' dir='ltr'><strong>caustum</strong></span> <span class='ocrx_word' id='word_1_811' title='bbox 2523 4684 2708 4751; x_wconf 86' lang='lat' dir='ltr'><strong>fieret,</strong></span> <span class='ocrx_word' id='word_1_812' title='bbox 2737 4689 2794 4740; x_wconf 91' lang='lat' dir='ltr'><strong>et</strong></span> <span class='ocrx_word' id='word_1_813' title='bbox 2825 4701 2928 4756; x_wconf 89' lang='lat' dir='ltr'><strong>pro</strong></span> <span class='ocrx_word' id='word_1_814' title='bbox 2955 4688 3211 4756; x_wconf 88' lang='lat' dir='ltr'><strong>peccato.</strong></span> 
     </span>
    </p>
   </div>
   <div class='ocr_carea' id='block_1_135' title="bbox 2291 4767 3847 4842">
    <p class='ocr_par' dir='ltr' id='par_1_135' title="bbox 2291 4767 3847 4842">
     <span class='ocr_line' id='line_1_140' title="bbox 2291 4767 3847 4842; baseline -0.005 -14"><span class='ocrx_word' id='word_1_815' title='bbox 2291 4771 2607 4828; x_wconf 87' lang='lat' dir='ltr'><strong>Constituit</strong></span> <span class='ocrx_word' id='word_1_816' title='bbox 2635 4768 3233 4842; x_wconf 12' lang='lat' dir='ltr'><strong>quoquewLevitasin</strong></span> <span class='ocrx_word' id='word_1_817' title='bbox 3263 4769 3436 4842; x_wconf 83' lang='lat' dir='ltr'><strong>domo</strong></span> <span class='ocrx_word' id='word_1_818' title='bbox 3475 4767 3704 4842; x_wconf 86' lang='lat' dir='ltr'><strong>Domini</strong></span> <span class='ocrx_word' id='word_1_819' title='bbox 3738 4779 3847 4842; x_wconf 77' lang='lat' dir='ltr'><strong>eum</strong></span> 
     </span>
    </p>
   </div>
   <div class='ocr_carea' id='block_1_136' title="bbox 2222 4838 3849 4916">
    <p class='ocr_par' dir='ltr' id='par_1_136' title="bbox 2222 4838 3849 4916">
     <span class='ocr_line' id='line_1_141' title="bbox 2222 4838 3849 4916; baseline -0.006 -17"><span class='ocrx_word' id='word_1_820' title='bbox 2222 4841 2528 4916; x_wconf 84' lang='lat' dir='ltr'><strong>cymbalis,</strong></span> <span class='ocrx_word' id='word_1_821' title='bbox 2558 4838 2963 4916; x_wconf 28' lang='lat' dir='ltr'><strong>et_psal_&#39;teriis‘,</strong></span> <span class='ocrx_word' id='word_1_822' title='bbox 2989 4849 3043 4916; x_wconf 73' lang='lat' dir='ltr'><strong>et</strong></span> <span class='ocrx_word' id='word_1_823' title='bbox 3069 4839 3338 4916; x_wconf 74' lang='lat' dir='ltr'><strong>citharis,</strong></span> <span class='ocrx_word' id='word_1_824' title='bbox 3371 4841 3702 4916; x_wconf 81' lang='lat' dir='ltr'><strong>secundum</strong></span> <span class='ocrx_word' id='word_1_825' title='bbox 3734 4838 3849 4916; x_wconf 12' lang='lat' dir='ltr'><strong>fdis-</strong></span> 
     </span>
    </p>
   </div>
   <div class='ocr_carea' id='block_1_137' title="bbox 2224 4907 3846 4987">
    <p class='ocr_par' dir='ltr' id='par_1_137' title="bbox 2224 4907 3846 4987">
     <span class='ocr_line' id='line_1_142' title="bbox 2224 4907 3846 4987; baseline -0.006 -17"><span class='ocrx_word' id='word_1_826' title='bbox 2224 4907 2573 4987; x_wconf 72' lang='lat' dir='ltr'><strong>positionem</strong></span> <span class='ocrx_word' id='word_1_827' title='bbox 2607 4907 2808 4980; x_wconf 55' lang='lat' dir='ltr'><strong>D&#39;avid,</strong></span> <span class='ocrx_word' id='word_1_828' title='bbox 2839 4917 2898 4968; x_wconf 87' lang='lat' dir='ltr'><strong>et</strong></span> <span class='ocrx_word' id='word_1_829' title='bbox 2918 4911 3038 4969; x_wconf 87' lang='lat' dir='ltr'><strong>Gad</strong></span> <span class='ocrx_word' id='word_1_830' title='bbox 3069 4911 3335 4968; x_wconf 89' lang='lat' dir='ltr'><strong>Videntis</strong></span> <span class='ocrx_word' id='word_1_831' title='bbox 3366 4912 3549 4984; x_wconf 86' lang='lat' dir='ltr'><strong>regis,</strong></span> <span class='ocrx_word' id='word_1_832' title='bbox 3573 4916 3629 4966; x_wconf 88' lang='lat' dir='ltr'><strong>et</strong></span> <span class='ocrx_word' id='word_1_833' title='bbox 3649 4907 3846 4967; x_wconf 81' lang='lat' dir='ltr'><strong>Nathan</strong></span> 
     </span>
    </p>
   </div>
   <div class='ocr_carea' id='block_1_138' title="bbox 2224 4985 3849 5182">
    <p class='ocr_par' dir='ltr' id='par_1_138' title="bbox 2224 4985 3849 5182">
     <span class='ocr_line' id='line_1_143' title="bbox 2224 4985 3849 5182; baseline -0.005 -70"><span class='ocrx_word' id='word_1_834' title='bbox 2224 4985 2599 5182; x_wconf 51' lang='grc' dir='ltr'><strong>Ρνὲξίἓῖἑὲθῷ</strong></span> <span class='ocrx_word' id='word_1_835' title='bbox 2635 5055 2862 5111; x_wconf 91' lang='lat' dir='ltr'><strong>Domini</strong></span> <span class='ocrx_word' id='word_1_836' title='bbox 2920 5058 3276 5128; x_wconf 76' lang='lat' dir='ltr'><strong>praeceptum</strong></span> <span class='ocrx_word' id='word_1_837' title='bbox 3320 5053 3429 5110; x_wconf 86' lang='lat' dir='ltr'><strong>fuit</strong></span> <span class='ocrx_word' id='word_1_838' title='bbox 3484 5071 3592 5127; x_wconf 90' lang='lat' dir='ltr'><strong>per</strong></span> <span class='ocrx_word' id='word_1_839' title='bbox 3641 5063 3849 5108; x_wconf 88' lang='lat' dir='ltr'><strong>manum</strong></span> 
     </span>
     <span class='ocr_line' id='line_1_144' title="bbox 2228 5127 2831 5182; baseline 0 0"><span class='ocrx_word' id='word_1_840' title='bbox 2228 5143 2372 5182; x_wconf 86' lang='lat' dir='ltr'><strong>uron</strong></span> <span class='ocrx_word' id='word_1_841' title='bbox 2422 5132 2648 5182; x_wconf 90' lang='lat' dir='ltr'><strong>etarum</strong></span> <span class='ocrx_word' id='word_1_842' title='bbox 2680 5127 2831 5182; x_wconf 88' lang='lat' dir='ltr'><strong>eius.</strong></span> 
     </span>
    </p>
   </div>
   <div class='ocr_carea' id='block_1_139' title="bbox 2228 5127 2831 5200">
    <p class='ocr_par' dir='ltr' id='par_1_139' title="bbox 2228 5127 2831 5200">
     <span class='ocr_line' id='line_1_145' title="bbox 2228 5127 2831 5200; baseline -0.002 -18"><span class='ocrx_word' id='word_1_843' title='bbox 2228 5127 2648 5200; x_wconf 90' lang='lat' dir='ltr'><strong>prophetarum</strong></span> <span class='ocrx_word' id='word_1_844' title='bbox 2680 5127 2831 5196; x_wconf 90' lang='lat' dir='ltr'><strong>ejus.</strong></span> 
     </span>
    </p>
   </div>
   <div class='ocr_carea' id='block_1_140' title="bbox 2231 5344 3852 5418">
    <p class='ocr_par' dir='ltr' id='par_1_140' title="bbox 2231 5344 3852 5418">
     <span class='ocr_line' id='line_1_146' title="bbox 2231 5344 3852 5418; baseline 0.001 -14"><span class='ocrx_word' id='word_1_845' title='bbox 2231 5351 2405 5405; x_wconf 90' lang='lat' dir='ltr'><strong>batur</strong></span> <span class='ocrx_word' id='word_1_846' title='bbox 2435 5366 2466 5403; x_wconf 91' lang='lat' dir='ltr'><strong>e</strong></span> <span class='ocrx_word' id='word_1_847' title='bbox 2493 5363 2641 5404; x_wconf 87' lang='lat' dir='ltr'><strong>vers.</strong></span> <span class='ocrx_word' id='word_1_848' title='bbox 2673 5349 2745 5402; x_wconf 86' lang='lat'><strong>20</strong></span> <span class='ocrx_word' id='word_1_849' title='bbox 2773 5363 2900 5418; x_wconf 85' lang='lat' dir='ltr'><strong>cap.</strong></span> <span class='ocrx_word' id='word_1_850' title='bbox 2931 5363 3026 5402; x_wconf 68' lang='lat' dir='ltr'><strong>xv:</strong></span> <span class='ocrx_word' id='word_1_851' title='bbox 3057 5344 3161 5402; x_wconf 91' lang='lat' dir='ltr'><strong>lib.</strong></span> <span class='ocrx_word' id='word_1_852' title='bbox 3197 5345 3270 5402; x_wconf 86' lang='lat' dir='ltr'><strong>IV</strong></span> <span class='ocrx_word' id='word_1_853' title='bbox 3300 5345 3552 5418; x_wconf 77' lang='lat' dir='ltr'><strong>Regum.</strong></span> <span class='ocrx_word' id='word_1_854' title='bbox 3591 5345 3852 5406; x_wconf 60' lang='lat' dir='ltr'><strong>Hebraeus.</strong></span> 
     </span>
    </p>
   </div>
   <div class='ocr_carea' id='block_1_141' title="bbox 2229 5417 3852 5556">
    <p class='ocr_par' dir='ltr' id='par_1_141' title="bbox 2229 5417 3852 5556">
     <span class='ocr_line' id='line_1_147' title="bbox 2229 5417 3722 5492; baseline -0.004 -15"><span class='ocrx_word' id='word_1_855' title='bbox 2229 5421 2569 5492; x_wconf 75' lang='lat' dir='ltr'><strong>sepelierunt</strong></span> <span class='ocrx_word' id='word_1_856' title='bbox 2597 5435 2726 5474; x_wconf 85' lang='lat' dir='ltr'><strong>eum</strong></span> <span class='ocrx_word' id='word_1_857' title='bbox 2759 5421 2818 5473; x_wconf 82' lang='lat' dir='ltr'><strong>in</strong></span> <span class='ocrx_word' id='word_1_858' title='bbox 2848 5417 3141 5474; x_wconf 66' lang='lat' dir='ltr'><strong>civitatein</strong></span> <span class='ocrx_word' id='word_1_859' title='bbox 3169 5417 3498 5474; x_wconf 70' lang='lat' dir='ltr'><strong>Jerusalem.</strong></span> <span class='ocrx_word' id='word_1_860' title='bbox 3537 5418 3722 5474; x_wconf 66' lang='lat' dir='ltr'><strong>Mam.</strong></span> 
     </span>
     <span class='ocr_line' id='line_1_148' title="bbox 2302 5489 3852 5556; baseline -0.006 -10"><span class='ocrx_word' id='word_1_861' title='bbox 2302 5494 2324 5526; x_wconf 80' lang='grc'><strong>⁴</strong></span> <span class='ocrx_word' id='word_1_862' title='bbox 2354 5497 2415 5546; x_wconf 88' lang='lat' dir='ltr'><strong>In</strong></span> <span class='ocrx_word' id='word_1_863' title='bbox 2450 5507 2592 5546; x_wconf 90' lang='lat' dir='ltr'><strong>mss.</strong></span> <span class='ocrx_word' id='word_1_864' title='bbox 2627 5490 2951 5547; x_wconf 89' lang='lat' dir='ltr'><strong>codicibus.</strong></span> <span class='ocrx_word' id='word_1_865' title='bbox 2984 5489 3093 5556; x_wconf 84' lang='lat' dir='ltr'><strong>filii</strong></span> <span class='ocrx_word' id='word_1_866' title='bbox 3118 5489 3219 5543; x_wconf 87' lang='lat' dir='ltr'><strong>mi.</strong></span> <span class='ocrx_word' id='word_1_867' title='bbox 3252 5489 3852 5556; x_wconf 83' lang='lat' dir='ltr'><strong>Consequenteretiam</strong></span> 
     </span>
    </p>
   </div>
   <div class='ocr_carea' id='block_1_142' title="bbox 2234 5507 3856 5634">
    <p class='ocr_par' dir='ltr' id='par_1_142' title="bbox 2234 5507 3856 5634">
     <span class='ocr_line' id='line_1_149' title="bbox 2302 5507 3852 5560; baseline -0.006 -14"><span class='ocrx_word' id='word_1_868' title='bbox 2302 5507 2324 5526; x_wconf 74' lang='grc' dir='ltr'><strong>ο</strong></span> <span class='ocrx_word' id='word_1_869' title='bbox 2354 5507 2415 5546; x_wconf 84' lang='grc'><strong>111</strong></span> <span class='ocrx_word' id='word_1_870' title='bbox 2450 5507 2592 5546; x_wconf 90' lang='lat' dir='ltr'><strong>mss.</strong></span> <span class='ocrx_word' id='word_1_871' title='bbox 2627 5507 2951 5547; x_wconf 70' lang='lat' dir='ltr'><strong>comcruus.</strong></span> <span class='ocrx_word' id='word_1_872' title='bbox 2984 5507 3091 5556; x_wconf 78' lang='lat' dir='ltr'><strong>nm</strong></span> <span class='ocrx_word' id='word_1_873' title='bbox 3118 5507 3219 5543; x_wconf 77' lang='lat' dir='ltr'><strong>mi.</strong></span> <span class='ocrx_word' id='word_1_874' title='bbox 3252 5507 3852 5560; x_wconf 63' lang='lat' dir='ltr'><strong>consequentercuam</strong></span> 
     </span>
     <span class='ocr_line' id='line_1_150' title="bbox 2234 5557 3856 5634; baseline -0.006 -15"><span class='ocrx_word' id='word_1_875' title='bbox 2234 5564 2436 5634; x_wconf 88' lang='lat' dir='ltr'><strong>legunt</strong></span> <span class='ocrx_word' id='word_1_876' title='bbox 2461 5563 2643 5634; x_wconf 88' lang='lat' dir='ltr'><strong>iidem</strong></span> <span class='ocrx_word' id='word_1_877' title='bbox 2679 5578 2822 5634; x_wconf 90' lang='lat' dir='ltr'><strong>mss.</strong></span> <span class='ocrx_word' id='word_1_878' title='bbox 2855 5561 3301 5634; x_wconf 58' lang='lat' dir='ltr'><strong>ﬁliusAmasiaje,</strong></span> <span class='ocrx_word' id='word_1_879' title='bbox 3331 5564 3417 5634; x_wconf 83' lang='lat' dir='ltr'><strong>_et</strong></span> <span class='ocrx_word' id='word_1_880' title='bbox 3476 5561 3633 5628; x_wconf 76' lang='lat' dir='ltr'><strong>ﬁlius</strong></span> <span class='ocrx_word' id='word_1_881' title='bbox 3687 5557 3856 5622; x_wconf 80' lang='lat' dir='ltr'><strong>Abdui,</strong></span> 
     </span>
    </p>
   </div>
   <div class='ocr_carea' id='block_1_143' title="bbox 2381 5631 3519 5704">
    <p class='ocr_par' dir='ltr' id='par_1_143' title="bbox 2381 5631 3519 5704">
     <span class='ocr_line' id='line_1_151' title="bbox 2381 5631 3519 5704; baseline -0.004 -16"><span class='ocrx_word' id='word_1_882' title='bbox 2381 5633 2532 5704; x_wconf 79' lang='lat' dir='ltr'><strong>ﬁlius</strong></span> <span class='ocrx_word' id='word_1_883' title='bbox 2554 5632 2805 5700; x_wconf 79' lang='lat' dir='ltr'><strong>Amasai,</strong></span> <span class='ocrx_word' id='word_1_884' title='bbox 2836 5638 2937 5686; x_wconf 87' lang='lat' dir='ltr'><strong>aut</strong></span> <span class='ocrx_word' id='word_1_885' title='bbox 2958 5632 3110 5704; x_wconf 73' lang='lat' dir='ltr'><strong>ﬁlius</strong></span> <span class='ocrx_word' id='word_1_886' title='bbox 3139 5631 3295 5686; x_wconf 79' lang='lat' dir='ltr'><strong>Abdi.</strong></span> <span class='ocrx_word' id='word_1_887' title='bbox 3329 5631 3519 5687; x_wconf 75' lang='lat' dir='ltr'><strong>MART.</strong></span> 
     </span>
    </p>
   </div>
   <div class='ocr_carea' id='block_1_144' title="bbox 2305 5702 3469 5776">
    <p class='ocr_par' dir='ltr' id='par_1_144' title="bbox 2305 5702 3469 5776">
     <span class='ocr_line' id='line_1_152' title="bbox 2305 5702 3469 5776; baseline -0.005 -17"><span class='ocrx_word' id='word_1_888' title='bbox 2305 5706 2326 5740; x_wconf 78' lang='grc'>⁸</span> <span class='ocrx_word' id='word_1_889' title='bbox 2356 5702 2531 5761; x_wconf 89' lang='lat' dir='ltr'><strong>lidcm</strong></span> <span class='ocrx_word' id='word_1_890' title='bbox 2569 5704 2662 5760; x_wconf 87' lang='lat' dir='ltr'><strong>hic</strong></span> <span class='ocrx_word' id='word_1_891' title='bbox 2692 5705 2745 5758; x_wconf 83' lang='lat' dir='ltr'><strong>ei</strong></span> <span class='ocrx_word' id='word_1_892' title='bbox 2767 5702 3469 5776; x_wconf 87' lang='lat' dir='ltr'><strong>pronomenintcrserunt.</strong></span> 
     </span>
    </p>
   </div>
  </div>
