4090 6192
313 239 457 301 1461

1729 244 1974 301 VERBA
2008 243 2316 303 DIBRUM.

3590 243 3732 304 1462

386 369 808 440 Steteruntque
851 365 1061 424 Levites
1093 370 1362 424 tenentes
1411 384 1627 440 organa
1675 368 1880 438 David,
1912 372 1971 424 et
1999 368 2055 435 Α
2085 367 2266 424 vestri
2298 372 2354 425 et
2385 368 2490 425 filii
2535 367 2838 427 habebunt
2869 367 3336 426 misericordiam
3385 383 3583 426 coram
3627 372 3735 429 do-

312 440 651 500 sacerdotes
683 439 880 495 tubas.

309 515 454 642 ὠξι
467 511 676 639 ejussit
704 509 979 568 Ezechias
1001 514 1066 566 ut
1094 509 1377 568 offerrent
1406 511 1753 568 holocausta
1798 528 1974 584 super

436 602 463 640 r
533 601 548 640 :

397 599 498 640 are
533 601 548 640 ἒ

385 659 650 726 Cumque
673 655 1022 726 offerrentur
1044 652 1411 723 holocausta,
1435 660 1740 726 coeperunt
1766 653 1972 710 laudes

311 742 523 784 canere
555 725 827 791 Domino,
854 729 910 782 et
961 725 1232 798 clangere
1262 727 1447 798 tubis,
1481 725 1653 796 atque
1685 727 1744 781 in
1778 726 1964 782 diver-

312 801 397 856 sis
427 798 684 869 organis,
719 815 848 870 quas
899 797 1077 852 David
1109 797 1210 853 rex
1261 797 1440 853 Israel
1470 799 1486 832 ί
1521 801 1971 869 ρι’ωρθιεεινετει,

308 885 663 941 concrepare
679 911 692 924 .

383 939 559 998 Omni
601 945 801 997 autem
850 939 1024 994 turba
1072 940 1376 1007 adorante,
1408 944 1681 996 cantores
1711 944 1768 996 et
1795 941 1836 996 ii
1867 940 1969 1007 qui

308 1015 592 1070 tenebant
621 1013 820 1079 tubas,
841 1019 1006 1067 erant
1035 1010 1094 1066 in
1127 1010 1320 1068 officio
1351 1029 1483 1082 suo,
1506 1013 1689 1068 donec
1721 1010 1968 1083 comple.

309 1091 474 1143 retur
501 1084 937 1140 holocaustum.

383 1158 650 1228 (‘umque
681 1155 844 1228 ﬁnita
875 1157 1033 1210 esset
1077 1153 1320 1220 oblatio,
1351 1153 1692 1228 incurvatus
1724 1158 1813 1210 est
1843 1171 1964 1226 rex,

311 1235 372 1285 et
402 1227 741 1300 omnesiqui
772 1230 937 1300 erant
968 1241 1101 1300 cum
1133 1243 1222 1296 eo,
1254 1237 1308 1280 et
1337 1227 1748 1300 adoravcrunt.

382 1297 783 1380 Prmcepitque
829 1297 1107 1380 _Ezechias
1157 1302 1214 1352 et
1263 1297 1565 1380 principes
1590 1297 1847 1380 Levitis,
1876 1300 1962 1380 ut,

305 1367 624 1427 laudarent
679 1367 991 1426 Dominum
1024 1367 1400 1424 sermonibus
1429 1369 1633 1435 David,
1665 1373 1722 1424 et
1765 1367 1962 1439 Asaph

303 1443 576 1499 Videntis
608 1459 622 1497 :
660 1441 762 1512 qui
791 1440 1185 1496 laudaverunt
1226 1455 1358 1496 eum
1406 1457 1622 1512 magna
1652 1439 1875 1508 latitia,
1907 1444 1965 1495 et

304 1519 546 1571 curvato
577 1529 732 1584 genu
765 1514 1178 1568 adoraverunt.

380 1581 657 1643 Ezechias
704 1589 902 1640 autem
953 1584 1127 1638 etiam
1182 1583 1305 1638 haec
1353 1582 1627 1638 addidit:
1665 1581 1962 1654 Implestis

307 1674 524 1715 manus
572 1660 798 1712 vestras
847 1655 1114 1721 Domino,
1149 1654 1427 1718 accedite,
1459 1657 1516 1709 et
1546 1653 1769 1710 offerte
1792 1653 1960 1708 victi-

308 1747 463 1795 mas,
496 1732 555 1785 et
580 1727 788 1784 laudes
817 1727 878 1782 in
909 1727 1084 1782 domo
1114 1725 1370 1782 Domini.

381 1800 611 1857 Obtulit
637 1815 772 1870 ergo
806 1799 1077 1854 universa
1115 1797 1428 1870 multitudo
1459 1796 1706 1864 hostias,
1739 1799 1796 1852 et
1827 1795 1957 1851 lau-

307 1874 436 1938 des,
468 1877 527 1928 et
558 1869 925 1935 holocausta,
957 1872 1154 1925 mente
1183 1869 1410 1924 devota.

378 1937 559 2000 Porro
581 1959 865 1998 numerus
887 1941 1388 2006 holocaustorum,
1411 1955 1540 2012 qua:
1561 1938 1774 1995 obtulit
1803 1937 1954 1993 mul-

308 2016 526 2083 titudo,
550 2015 642 2070 hic
675 2015 805 2081 fuit,
827 2019 1028 2070 tauros
1049 2012 1444 2085 septuaginta,
1462 2011 1674 2066 arietes
1697 2014 1952 2079 centum,

305 2103 494 2162 agnos
524 2087 829 2162 ducentos.

378 2159 1016 2227 Sanctificaveruntque
1049 2155 1292 2211 Domino
1329 2155 1504 2210 boves
1535 2155 1862 2218 sexcentos,
1896 2155 1956 2207 et

304 2248 442 2288 oves
472 2230 588 2286 tria
618 2229 822 2286 millia.

375 2303 724 2360 Sacerdotes
752 2317 884 2358 vero
925 2297 1096 2370 pauci
1125 2301 1293 2354 erant
1322 2313 1428 2370 nec
1477 2297 1750 2370 poterant
1781 2293 1953 2370 suffi-

303 2391 434 2431 cere
475 2378 538 2429 ut
587 2373 767 2445 pelles
819 2365 1296 2445 holocaustorum
1341 2365 1716 2445 detraherent
1749 2381 1764 2422 :
1799 2365 1955 2445 unde

304 2451 366 2504 et
397 2436 604 2501 Levitai
632 2445 844 2501 fratres
873 2459 1074 2500 eorum
1110 2442 1464 2511 adjuverunt
1485 2439 1813 2511 eos,gdonec
1844 2436 1954 2492 im-

303 2518 566 2592 pleretur
594 2533 766 2592 opus,
797 2520 853 2572 et
877 2509 1392 2592 sanctificarentur
1429 2509 1727 2592 antistites
1760 2524 1774 2564 :

381 2588 593 2645 Levita;
621 2583 840 2661 quippe
871 2585 1119 2643 faciliori
1154 2585 1270 2640 ritu
1301 2583 1745 2639 sanctificantur
1773 2594 1951 2650 quam

307 2661 664 2718 sacerdotes.

382 2729 1177 2804 Fuerunt__ergo_bolocausta
1207 2725 1484 2804 plurima,
1517 2725 1720 2804 adipes
1753 2721 1955 2804 paciﬁ-

309 2819 514 2859 corum
547 2808 605 2858 et
630 2793 917 2858 libavmina
963 2793 1437 2855 holocaustorum
1473 2812 1487 2852 :
1521 2801 1578 2852 et
1623 2793 1954 2866 completus

307 2879 401 2931 est
430 2875 621 2930 cultus
649 2875 862 2929 domus
898 2871 1146 2928 Domini.

385 2947 755 3014 Laetatusque
800 2949 890 3002 est
928 2942 1220 3005 Ezechias,
1253 2944 1309 2995 et
1339 2937 1554 3014 omnis
1578 2936 1853 3014 populus,
1885 2952 1952 2992 eo

309 3020 464 3088 quod
515 3010 1174 3088 ministeriumiDomini
1226 3015 1378 3067 esset
1427 3010 1745 3082 expletum.
1781 3013 1951 3064 Dere-

309 3085 484 3170 156.1136
515 3088 873 3170 semesae?
905 3087 1028 3170 ﬁeri
1057 3085 1469 3170 Pla°“°£‘“'..
1524 3169 1529 3170 ,
1598 3152 1658 3170 ί,
1978 3102 2022 3170 c

381 3152 761 3229 (Cap.'XXX.)
789 3158 948 3215 Misit
987 3152 1223 3229 quoque
1268 3153 1544 3229 Ezechias
1591 3152 1948 3229 ad_omnem

308 3223 491 3313 Israel'
517 3237 574 3288 et
601 3223 856 3313 Judam‘:
881 3223 1236 3313 scripsitque
1259 3224 1545 3313 epistolas
1569 3224 1660 3313 ad‘
1674 3223 1952 3305 Ephraim

312 3307 371 3360 et
401 3303 732 3370 Manassen,
782 3305 846 3357 ut
895 3294 1160 3355 venirent
1206 3294 1566 3370 ad’domum
1619 3294 1950 3370 Dor_nini_in

309 3374 663 3437 Jerusalem,
695 3363 754 3429 et
785 3375 1040 3428 facerent
1069 3371 1256 3426 Phase
1285 3366 1531 3424 Domino
1560 3371 1677 3422 Deo
1709 3363 1908 3422 Israel.

385 3447 535 3502 Inito
568 3436 706 3517 ergo
737 3443 984 3517 consilio
1037 3441 1187 3517 regis
1231 3445 1288 3496 et
1333 3439 1781 3517 principum,_et
1827 3436 1959 3517 uni:

311 3517 465 3573 versi
522 3509 707 3573 castus
761 3509 1126 3580 Jerusalem,
1153 3509 1532 3568 decreverunt
1585 3514 1650 3564 ut
1707 3509 1966 3566 facerent

318 3588 506 3644 Phase
537 3604 740 3644 mense
770 3587 1054 3644 secundo.

392 3661 520 3716 Non
550 3660 708 3716 enim
740 3660 1053 3730 potuerant
1085 3657 1272 3730 facere
1303 3654 1362 3710 in
1393 3657 1805 3730 tempore‘suo,
1830 3652 1970 3723 quia

321 3731 678 3798 sacerdotes,
711 3723 811 3801 q'ui
857 3735 1094 3801 possent
1122 3726 1424 3801 sufficere,
1459 3723 1803 3801 sa’nctificati
1853 3739 1971 3801 non

327 3803 582 3931 Suerant,
614 3793 674 3858 et
704 3793 954 3874 populus
984 3799 1243 3855 nondum
1276 3800 1664 3868 congregatus
1695 3795 1883 3850 fuerat
1912 3793 1973 3848 in

368 3891 541 3931 erusa
568 3891 681 3930 em.

368 3891 656 3931 erusatem
669 3916 681 3929 .

403 3946 746 4017 Placuitque
777 3959 972 4000 sermo
1002 3942 1122 4017 regi
1152 3944 1209 3996 et
1237 3938 1397 4017 omni
1431 3936 1823 4017 multitudini.

402 4018 474 4074 Et
503 4005 887 4073 decreverunt
932 4019 998 4070 ut
1037 4005 1340 4069 mitterent
1385 4009 1624 4065 nuntios
1655 4009 1713 4062 in
1745 4005 1978 4062 univer-

332 4105 469 4146 sum
500 4089 700 4157 Israel,
724 4088 795 4144 de
824 4085 1109 4142 Bersabee
1137 4099 1326 4157 usque
1352 4087 1499 4157 Dan,
1517 4085 1589 4157 ut
1613 4079 1903 4157 venirent,
1926 4081 1984 4132 et

336 4161 594 4217 facerent
623 4149 812 4216 Phase
859 4158 1109 4214 Domino
1139 4149 1255 4211 Deo
1306 4153 1484 4210 Israel
1514 4152 1573 4207 in
1605 4149 1930 4207 Jerusalem
1965 4164 1980 4203 :

336 4232 512 4288 multi
543 4233 701 4288 enim
747 4247 862 4286 non
897 4231 1154 4285 fecerant
1204 4227 1358 4282 sicut
1405 4225 1530 4295 lege
1577 4221 1982 4295 praescriptum
2092 4240 2099 4244 '

336 4309 447 4360 est.

409 4375 904 4449 Perrexeruntque
934 4385 1204 4449 cursores
1247 4383 1383 4449 cum
1435 4364 1801 4449 epistolis'ex
1831 4363 1986 4449 regis

336 4447 605 4517 imperio,
630 4449 688 4501 et
719 4434 1227 4517 principumejus,
1249 4439 1315 4517 in
1347 4434 1986 4517 universumnlsrael'et

335 4507 774 4587 Judamfjuxta
804 4515 885 4582 id,
914 4507 1086 4587 quod
1106 4507 1207 4587 rex
1232 4513 1521 4587 jusserat,
1555 4507 1938 4587 praedicantes
1971 4523 1985 4561 :

414 4589 540 4644 Filii
565 4579 776 4655 Israel,
799 4579 1152 4642 revertimini
1178 4583 1248 4639 ad
1276 4579 1580 4637 Dominum
1603 4585 1788 4655 Deum
1810 4579 1990 4655 Abra-

342 4661 502 4725 ham,
525 4664 582 4716 et
614 4650 790 4723 Isaac,
815 4663 871 4714 et
902 4655 1079 4712 Israel
1107 4671 1120 4711 :
1145 4660 1204 4710 et
1226 4656 1550 4725 revertetur
1579 4651 1650 4706 ad
1684 4650 1988 4721 reliquias,

341 4749 472 4804 qua}
490 4723 840 4804 effugerunt
860 4744 1100 4784 manum
1134 4726 1290 4796 regis
1321 4723 1716 4804 fassyriprum.

413 4802 604 4858 Nolite
623 4793 760 4858 fieri
795 4801 951 4856 sicut
994 4803 1188 4870 patres
1203 4793 1396 4851 —vestri
1426 4793 1483 4850 et
1514 4794 1746 4861 fratres,
1769 4793 1870 4870 qui
1905 4807 1991 4846 re-

339 4877 646 4930 cesserunt
681 4890 715 4930 a
744 4863 1130 4928 Domino-Deo
1173 4872 1408 4939 patrum
1452 4881 1720 4939 suorum,
1745 4863 1845 4937 qui
1878 4870 1992 4917 tra-

342 4946 495 5002 didit
525 4961 623 5000 eos
655 4945 713 5000 in
745 4943 1072 5008 interitum,
1105 4937 1317 5010 ut‘ipsi
1350 4937 1612 4994 cernitis.

415 5016 603 5072 Nolite
661 5017 938 5072 indurare
990 5007 1244 5079 cervices
1301 5014 1557 5075 vestras,
1589 5007 1743 5063 sicut
1799 5009 1995 5079 patres

343 5089 520 5144 vestri
556 5105 570 5144 :
604 5088 820 5144 tradite
870 5101 1084 5141 manus
1132 5081 1401 5148 Domino,
1432 5085 1491 5136 et
1518 5079 1710 5134 venite
1750 5079 1818 5132 ad
1861 5094 1994 5132 san-

345 5159 640 5216 ctuarium
671 5161 822 5228 ejus,
856 5158 1012 5229 quod
1044 5152 1434 5211 sanctificavit
1463 5152 1524 5229 in
1554 5156 1839 5229 mtcrnum
1872 5164 1887 5203 :

421 5230 650 5287 Servite
683 5225 926 5286 Domino
957 5228 1337 5299 Deopatrum
1366 5228 1721 5291 vestrorum,
1749 5225 1806 5276 et
1834 5237 1997 5276 aver-

353 5307 510 5359 tetur
537 5319 571 5358 a
600 5302 766 5358 vobis
796 5301 883 5356 ira
913 5297 1130 5355 furoris
1160 5297 1305 5366 ejus.

418 5374 476 5430 Si
501 5373 656 5430 enim
678 5389 780 5430 vos
813 5371 1029 5428 reversi
1053 5363 1284 5425 fueritis
1311 5367 1383 5422 ad
1408 5365 1724 5421 Dominum
1750 5381 1763 5420 :
1789 5363 1999 5419 fratres

422 5519 437 5551 ¹
475 5517 751 5572 Hebraeus
783 5517 960 5585 atque
991 5513 1122 5585 ipse,
1145 5511 1600 5585 Graecustextus
1625 5509 1860 5585 tantum
1893 5505 2000 5585 ha-

349 5588 506 5654 bent,
540 5587 762 5654 Organa
794 5578 962 5641 Da'vid
1006 5578 1153 5652 regis
1195 5579 1445 5647 Ivaelis,
1479 5579 1672 5633 verbis
1704 5578 2000 5654 quaestib-

352 5650 700 5730 sequ'unt'ur,
732 5650 1525 5730 prmparavefafconcrepare,
1567 5650 1998 5730 praetermissis,

353 5733 415 5786 In
437 5721 941 5802 'pluribu's'aut'em
977 5744 1119 5784 mss.
1146 5721 1517 5781 Martianzeus
1546 5730 1832 5794 repereral
1862 5721 2003 5792 legit

354 5817 458 5875 pro
493 5811 934 5877 praeparaverat.

2022 4473 2068 4538 D
2097 4458 2234 4538 9.???

2087 439 2266 496 minis
2305 441 2455 508 suis,
2489 442 2589 513 qui
2639 439 2772 497 illos
2803 441 3097 497 duxerunt
3142 441 3422 512 captivos,
3454 445 3513 498 et
3543 457 3738 500 rever-

2085 517 2282 567 tentur
2313 513 2373 567 in
2405 517 2622 569 terram
2659 513 2807 568 hanc
2839 529 2852 567 :

2155 583 2294 640 Pius
2325 584 2481 640 enim
2513 589 2570 640 et
2600 584 2857 640 clemens
2887 587 2978 640 est
3019 583 3302 638 Dominus
3334 583 3488 639 Deus
3518 588 3733 653 vester,

2084 660 2142 710 et
2173 672 2285 710 non
2319 660 2541 711 avertet
2568 656 2779 712 faciem
2812 671 2979 712 suam
3013 673 3043 710 a
3074 655 3262 721 vobis,
3294 655 3344 710 si
3373 655 3589 711 reversi
3618 659 3737 712 fue-

2083 727 2212 783 ritis
2242 727 2313 781 ad
2346 743 2502 783 eum.

2081 868 2095 881 _
2152 798 2649 881 Igitur-cursores
2678 798 3032 881 pergebant.
3063 795 3448 881 velociteu'de
3497 798 3730 856 civitate

2079 868 2140 924 in
2172 868 2490 934 civitatem,
2527 886 2630 940 per
2673 868 2890 925 terram
2937 868 3208 938 Ephraim
3241 873 3299 924 et
3327 869 3597 928 Manasse
3629 887 3728 926 us-

2079 958 2192 1070 gllll:
2216 940 2603 1068 :gsZabulon,
2639 940 2756 996 illis
2797 939 3182 996 irridentibus
3213 944 3271 995 et
3299 941 3730 998 subsannanti-

2118 1030 2186 1067 ΠΕ
2216 1029 2335 1068 608.

2146 1086 2416 1139 Attamen
2449 1083 2688 1154 quidam
2716 1083 2821 1137 viri
2855 1097 2923 1138 ex
2954 1088 3117 1154 Aser,
3139 1086 3197 1138 et
3217 1083 3507 1150 Manasse,
3531 1087 3588 1138 et
3618 1085 3722 1140 Za-

2076 1155 2276 1222 bulon,
2301 1153 2745 1226 acqui’escentes
2789 1153 3035 1210 consilio
3065 1158 3351 1226 venerunt
3379 1154 3720 1226 Jerusalem.

2147 1229 2206 1282 In
2237 1225 2401 1282 Juda
2420 1242 2556 1282 vero
2604 1227 2755 1281 facta
2784 1230 2874 1281 est
2903 1241 3114 1280 manus
3160 1225 3416 1296 Domini,
3442 1231 3508 1281 ut
3557 1227 3723 1283 daret

2073 1299 2157 1380 eis
2186 1315 2287 1380 cor
2318 1314 2501 1380 unum
2531 1315 2545 1354 :
2581 1297 2952 1380 ut_facerent,
2976 1297 3150 1380 juxta
3179 1305 3538 1370 praeceptum
3571 1299 3725 1370 regis

2074 1375 2132 1427 et
2163 1370 2524 1440 principum,
2557 1368 2800 1425 verbum
2833 1368 3086 1424 Domini.

2144 1438 2613 1514 Congregittique
2635 1444 2776 1496 sunt
2797 1440 2854 1495 iu
2876 1438 3200 1496 Jerusalem
3223 1438 3427 1511 populi
3449 1439 3642 1514 multi,
3660 1445 3727 1496 ut

2072 1511 2330 1570 facerent
2349 1511 2782 1568 salemnitatem
2810 1527 3174 1582 azymorum,
3198 1527 3402 1567 mense
3424 1513 3722 1580 secundoj;

2142 1589 2210 1640 Et
2241 1588 2548 1655 surgentes
2587 1581 3007 1639 destruxerunt
3054 1581 3261 1655 altaria
3291 1599 3419 1654 quas
3467 1589 3634 1655 erant
3665 1584 3726 1640 in

2069 1653 2426 1724 Jerusalem,
2457 1661 2636 1727 atque
2684 1655 2975 1727 universa,
3013 1655 3070 1708 in
3102 1653 3323 1724 quibus
3356 1653 3548 1727 idolis
3580 1657 3724 1711 ado-

1985 1736 2034 1802 B
2067 1729 2299 1784 lebatur
2354 1726 2708 1802 incensum,
2757 1726 3185 1794 subvertentes,
3240 1726 3617 1797 projecerunt
3660 1727 3721 1782 in

2067 1805 2390 1858 torrentem
2423 1799 2668 1854 Cedron.

2138 1870 2594 1928 Immolaverunt
2645 1877 2838 1925 autem
2871 1868 3061 1924 Phase
3091 1872 3301 1939 quarta
3348 1868 3577 1925 decima
3624 1869 3720 1926 die

2064 1943 2288 2000 mensis
2318 1941 2583 1998 secundi.

2135 2015 2478 2071 Sacerdotes
2510 2027 2743 2084 quoque
2788 2015 2963 2082 atque
2992 2010 3196 2084 Levites
3227 2012 3465 2084 tandem
3497 2011 3716 2084 sancti-

2065 2088 2222 2143 ﬁcati
2251 2081 2594 2142 obtulerunt
2624 2081 2968 2138 holocausta
2997 2081 3056 2137 in
3089 2083 3261 2138 domo
3292 2083 3524 2139 Domini
3558 2099 3572 2138 :

2135 2160 2553 2226 Steteruntque
2582 2155 2641 2210 in
2673 2155 2878 2210 ordine
2907 2171 3036 2222 suo,
3060 2154 3232 2224 juxta
3258 2153 3708 2225 dispositionem

2064 2235 2123 2286 et
2154 2230 2340 2301 legem
2373 2228 2524 2301 Mosi
2549 2226 2808 2301 hominis
2841 2226 2937 2280 Dei
2963 2227 3333 2301 :_sacerdotes
3363 2242 3498 2301 vero
3528 2226 3712 2301 susci-

2065 2297 2307 2374 piebant
2332 2299 2754 2374 effundendum
2788 2297 3234 2374 sanguinemde
3265 2297 3536 2374 manibus
3559 2297 3713 2374 Levi-

2062 2367 2282 2436 tarum,
2317 2387 2383 2426 eo
2415 2371 2567 2440 quod
2593 2369 2779 2424 multa
2800 2367 2975 2423 turba
2995 2369 3358 2440 sanctificata
3379 2385 3494 2424 non
3515 2371 3671 2440 esset
3698 2384 3711 2422 :

2063 2452 2120 2501 et
2153 2443 2370 2500 idcirco
2404 2439 2610 2498 Levites
2643 2441 3020 2496 immolarent
3068 2440 3254 2495 Phase
3299 2439 3392 2495 his
3443 2439 3546 2510 qui
3594 2456 3710 2495 non

2064 2517 2407 2573 occurerant
2436 2511 2792 2569 sanctificari
2826 2511 3089 2566 Domino.

2135 2588 2347 2657 Magna
2361 2586 2702 2657 etiampars
2726 2583 2926 2655 populi
2945 2583 3014 2638 de
3032 2581 3332 2657 Ephraim,
3347 2585 3404 2636 et
3421 2580 3713 2657 Manasse,

2063 2664 2120 2716 et
2142 2653 2430 2724 Issachar,
2445 2660 2502 2712 et
2523 2653 2948 2724 labulon,_quzs
2970 2653 3335 2709 sanctificata
3361 2668 3476 2708 non
3500 2654 3712 2718 fuerat,

2063 2729 2318 2788 comedit
2348 2727 2554 2795 Phase,
2587 2741 2698 2782 non
2724 2727 2893 2794 juxta
2920 2726 3075 2795 quod
3108 2725 3394 2794 scriptum
3427 2728 3519 2795 est
3551 2739 3566 2779 :

2134 2805 2202 2858 Et
2230 2801 2416 2856 oravit
2444 2793 2548 2869 pro
2577 2798 2662 2852 eis
2692 2793 2989 2869 Ezechias,
3012 2793 3258 2869 dicens:
3290 2794 3575 2869 Dominus
3605 2793 3709 2869 bo-

2063 2865 2621 2950 nusqpﬁropitiabituﬁr
2652 2868 2900 2950 cunctis,
2933 2867 3031 2938 qui
3063 2868 3122 2922 in
3155 2871 3276 2923 toto
3309 2867 3481 2950 corde
3511 2865 3710 2950 requi-

2061 2942 2546 3002 runt—Dominum
2579 2942 2756 2996 Deum
2792 2943 3024 3011 patrum
3054 2955 3294 2995 suorum
3321 2943 3418 2994 :et
3445 2954 3561 2993 non
3594 2942 3706 2993 im-

2061 3015 2292 3092 putabit
2319 3015 2405 3070 eis
2435 3013 2587 3092 quod
2617 3013 2817 3092 minus
2848 3011 3199 3092 sanctificati
3231 3015 3391 3092 sunt.

2131 3091 2310 3155 Quem
2363 3082 2661 3140 exaudivit
2709 3082 3008 3152 Dominus,
3039 3087 3098 3138 et
3144 3082 3412 3154 placatus
3459 3085 3549 3137 est
3596 3096 3697 3151 po-

2059 3159 2220 3235 pulo.

2132 3231 2534 3295 Feceruntque
2564 3225 2667 3280 filii
2720 3225 2920 3290 Israel,
2955 3225 3051 3295 qui
3085 3223 3304 3280 inventi
3353 3228 3488 3280 sunt
3520 3223 3578 3277 in
3609 3221 3710 3277 Je-

2061 3302 2347 3364 rusalem,
2379 3295 2815 3353 solemnitatem
2860 3312 3199 3368 azymorum
3240 3295 3711 3368 septemgdiebus

2065 3377 2126 3504 idu
2159 3371 2356 3428 laetitia
2378 3385 2613 3441 magna,
2639 3366 2952 3424 laudantes
2973 3367 3284 3424 Dominum
3311 3366 3416 3440 per
3444 3366 3712 3438 singulos

2112 3461 2198 3501 iss
2233 3461 2246 3498 ε

2112 3461 2198 3501 168
2233 3461 2246 3498 ἒ

2145 3514 2352 3572 Levita:
2405 3527 2638 3583 quoque
2666 3515 2723 3566 et
2755 3511 3108 3577 sacerdotes,
3141 3526 3246 3581 per
3291 3511 3573 3583 organa’,
3597 3527 3721 3581 qua:

2077 3605 2183 3646 suo
2214 3584 2406 3642 ofﬁcio
2443 3583 2866 3654 congruebant.

2151 3661 2221 3715 Et
2242 3657 2472 3713 locutus
2488 3652 2583 3710 est
2597 3654 2872 3710 Ezechias
2885 3654 2954 3708 ad
2982 3652 3356 3708 coromnium
3373 3653 3700 3707 Levitarum
3714 3692 3727 3717 ,

2081 3729 2498 3804 quihabebant
2521 3725 3212 3804 intellige-ntiambonam
3242 3724 3690 3804 superbomino
3716 3740 3728 3778 :

2153 3802 2223 3856 Et
2253 3797 2640 3854 comederunt
2672 3793 2893 3866 septem
2936 3795 3147 3849 diebus
3175 3793 3584 3866 solemnitatis,
3620 3793 3728 3866 im_-

2086 3870 2375 3927 molantes
2405 3867 2675 3922 victimas
2697 3863 3097 3937 pacificorum,
3125 3869 3181 3920 et
3212 3864 3520 3920 laudantes
3545 3863 3732 3919 Domi-

2089 3959 2230 3999 num
2261 3945 2440 3995 Deum
2474 3943 2706 4009 patrum
2737 3952 3003 4009 suorum.

2157 4005 2500 4082 Placuitque
2531 4009 2815 4082 universas
2850 4007 3243 4082 multitudini,
3273 4010 3340 4082 ut
3370 4005 3734 4061 celebrarent

2090 4085 2261 4141 etiam
2311 4078 2458 4138 alios
2507 4081 2631 4137 dies
2689 4085 2909 4152 septem
2944 4096 2957 4135 :
2991 4079 3144 4152 quod
3179 4082 3236 4134 et
3273 4078 3537 4133 fecerunt
3592 4092 3726 4132 cum

2091 4154 2314 4224 ingenti
2347 4152 2582 4224 gaudio.

2211 4219 2438 4282 zechias
2468 4225 2624 4279 enim
2666 4238 2764 4278 rex
2809 4223 2963 4276 Juda
2996 4221 3320 4291 praebuerat
3365 4219 3732 4275 multitudini

2094 4297 2254 4356 mille
2285 4303 2508 4362 tauros,
2539 4300 2595 4351 et
2623 4300 2845 4364 septem
2879 4292 3067 4348 millia
3096 4292 3291 4348 ovium
3326 4305 3341 4345 :

2167 4369 2467 4439 Principes
2497 4360 2959 4439 verod'ederunt
2979 4365 3196 4439 populo
3236 4368 3440 4439 tauros
3474 4360 3743 4439 milletet

2263 4431 2462 4496 decem
2511 4438 2698 4494 millia
2731 4456 2743 4493 :
2777 4431 3140 4492 sanctificata
3181 4450 3320 4506 ergo
3359 4437 3448 4488 est
3477 4431 3744 4488 sacerdo-

2099 4520 2224 4570 tum
2260 4511 2516 4570 nlurima
2551 4509 2886 4565 multitudo.

2170 4588 2238 4637 Et
2262 4575 2554 4637 hilaritate
2586 4581 2821 4651 perfusa
2865 4577 3057 4633 omnis
3090 4577 3264 4651 turba
3292 4575 3466 4651 Juda,
3495 4583 3612 4630 tam
3647 4591 3742 4651 sa-

2099 4656 2401 4711 cerdotum
2429 4659 2488 4707 et
2507 4647 2837 4722 Levitarum,
2859 4666 3033 4722 quam
3065 4648 3348 4722 universas
3383 4647 3741 4722 frequentiae,

2101 4743 2227 4798 qum
2271 4729 2511 4798 venerat
2557 4740 2624 4798 ex
2673 4721 2847 4798 Israel
2933 4720 3358 4798 proselytorum
3393 4733 3624 4790 quoque
3672 4719 3743 4772 de

2101 4791 2256 4854 terra
2288 4795 2485 4862 Israel,
2515 4799 2573 4849 ct
2604 4791 3001 4848 habitantium
3035 4792 3092 4845 in
3127 4791 3302 4846 Juda.

2174 4859 2595 4938 Factaque—est
2637 4864 2879 4938 grandis
2922 4862 3230 4938 celebritas
3261 4862 3340 4938 in
3393 4859 3742 4938 Jerusalem,

2104 4939 2297 5009 qualis
2327 4930 2599 4994 a'diebus
2625 4930 2969 5009 Salomonis
2997 4933 3106 4990 filii
3137 4933 3314 4989 David
3367 4932 3518 5002 regis
3568 4930 3746 4986 Israel

2105 5007 2162 5066 in
2193 5028 2260 5065 ea
2291 5011 2434 5065 urbe
2466 5025 2581 5063 non
2615 5007 2825 5062 fuerat.

2177 5083 2567 5137 Surrexerunt
2597 5084 2790 5135 autem
2840 5078 3171 5132 sacerdotes
3198 5079 3375 5146 atque
3413 5071 3617 5128 Levitis
3648 5071 3748 5127 be-

2107 5154 2443 5208 nedicentes
2467 5150 2680 5222 populo
2705 5157 2797 5222 :et
2828 5148 3098 5222 exaudita
3119 5152 3207 5202 est
3227 5162 3334 5200 vox
3362 5159 3602 5222 eorum;
3629 5159 3753 5214 per-

2107 5226 2382 5295 venitque
2413 5214 2598 5295 oratio
2630 5223 2689 5295 in
2721 5219 3122 5295 habitaculum
3143 5225 3425 5295 sanctum
3459 5214 3608 5295 caeli.

2179 5285 2332 5366 (Cap.
2367 5293 2899 5376 XXXI.)_Cumque
2922 5291 3052 5376 hinc
3076 5289 3327 5376 fuissent
3355 5288 3464 5376 rite
3493 5285 3758 5376 celebra:

2109 5359 2193 5436 ta,
2222 5359 2498 5438 egressus
2527 5369 2618 5421 est
2655 5359 2850 5421 omnis
2879 5362 3079 5428 Israel,
3112 5359 3212 5431 qui
3262 5359 3534 5414 inventus
3566 5359 3758 5412 fuerat

2181 5511 2202 5544 ²
2234 5511 2298 5565 In
2337 5509 2576 5564 Hebraeo
2623 5511 2732 5573 est,
2768 5506 2827 5560 in
2877 5505 3127 5573 organis,
3161 5515 3287 5571 seu,
3337 5503 3481 5556 vasis
3524 5501 3759 5570 fortitu-

2110 5600 2259 5652 dinis
2313 5597 2537 5652 Domini
2570 5613 2582 5651 :
2627 5580 2792 5653 ΓυΠῆ
2831 5605 2899 5654 11’
2938 5577 3064 5652 ’ὕει
3097 5607 3110 5646 :
3145 5589 3406 5645 strictius
3456 5589 3646 5644 adhuc
3694 5587 3753 5642 in

2112 5670 2307 5724 Graeco
2340 5666 2389 5741 ἐν
2425 5666 2677 5741 ὀργάνοις
2708 5663 3017 5741 τῷμιίνξρέερ.
3051 5662 3296 5717 Videtur
3338 5667 3534 5716 autem
3584 5660 3757 5716 aliter

2114 5741 2170 5795 in
2205 5758 2310 5796 suo
2340 5735 2552 5811 legisse
2584 5736 2892 5808 exemplari
2930 5735 3337 5805 Hieronymus.
