4090 6192
446 217 586 275 1463

1484 220 1542 274 8.
1583 217 1992 275 HIERONYMI
2029 215 2283 270 DIVINA
2320 213 2818 270 BIBLIOTHRCA.

3670 229 3767 289 tm

443 347 505 404 in
537 347 787 430 urbibus
825 348 998 430 Juda,
1031 351 1087 403 et
1116 347 1417 430 fregerunt
1461 349 1805 430 simulacra,
1820 345 2098 430 Asuccide-
2125 341 2180 412 Α
2281 342 2438 430 Fecit
2474 357 2610 430 ergo
2661 343 2938 430 Ezechias
2986 345 3260 430 universa
3307 364 3431 422 quas
3474 354 3779 430 mximum“;

449 426 706 492 runtque
735 420 919 486 lucos,
944 419 1373 492 demoliti—sunt
1401 421 1647 489 excelsa,
1670 425 1728 476 et
1757 419 1966 476 altaria
1997 419 2099 474 de-

446 491 795 548 strux’erunt
826 509 939 546 non
981 491 1175 547 solum
1207 494 1278 548 de
1311 494 1581 548 universo
1611 493 1768 548 Juda
1797 497 1855 548 et
1885 492 2096 561 Benja-

445 566 594 632 min,
619 565 720 619 sed
754 567 810 617 et
840 563 910 618 de
947 562 1221 635 Ephraim
1247 581 1480 637 quoque
1512 570 1568 620 et
1596 570 1888 630 Manasse,
1914 565 2097 618 donec

443 637 682 708 penitus
714 638 1038 708 everterent
1067 651 1082 690 :

514 705 870 776 Reversique
900 710 1041 761 sunt
1071 723 1274 762 omnes
1307 706 1408 761 filii
1444 705 1621 762 Israel
1670 707 1729 762 in
1772 705 2096 778 possessio-

439 793 546 834 nes
577 782 636 833 et
663 778 934 832 civitates
974 795 1135 833 suas.

512 849 791 904 Ezechias
823 854 1019 904 autem
1067 849 1376 905 constituit
1426 854 1659 904 turmas
1707 847 2098 904 sacerdotales

441 923 499 976 et
527 920 793 976 leviticae
827 937 929 992 per
959 921 1278 976 divisiones
1323 937 1483 985 suas,
1519 935 2004 992 unumquemque
2036 918 2097 973 in

445 992 638 1065 officio
697 992 950 1065 proprio,
1012 998 1132 1065 tam
1183 993 1559 1065 sacerdotum,
1604 992 1872 1065 videlicet
1921 1007 2098 1065 quam

449 1061 821 1128 Levitarum,_
839 1065 909 1118 ad
945 1063 1284 1119 holocausta
1313 1068 1370 1119 et
1401 1064 1666 1134 paciﬁca,
1699 1068 1763 1118 ut
1797 1061 2096 1118 ministra-

450 1139 581 1192 rent
609 1140 665 1190 et
707 1135 1144 1206 confiterentur,
1178 1140 1568 1207 canerentque
1621 1136 1681 1190 in
1736 1135 1920 1207 portis
1969 1151 2100 1190 cas-

448 1210 675 1262 trorum
710 1207 964 1263 Domini.

523 1283 666 1332 Pars
697 1282 891 1334 autem
945 1278 1098 1349 regis
1129 1283 1274 1343 erat,
1308 1285 1368 1332 ut
1395 1279 1465 1332 de
1496 1277 1732 1349 propria
1780 1277 1910 1347 ejus
1957 1277 2098 1332 sub-

451 1349 672 1405 stantia
717 1350 1026 1406 otferretur
1072 1349 1504 1420 holocaustum,
1549 1365 1719 1404 mane
1764 1364 1999 1420 semper
2043 1351 2101 1420 et

451 1436 714 1492 vespere,
746 1421 1016 1476 Sabbatis
1056 1436 1290 1492 quoque
1321 1425 1379 1475 et
1409 1419 1786 1492 kalendis,iet
1816 1419 2099 1492 solemni-

453 1491 678 1574 tatibus
711 1491 957 1574 cis-toris,
991 1491 1145 1547 sicut
1184 1491 1673 1574 scriptumest‘in
1703 1491 1828 1574 lege
1860 1491 2026 1574 Mosi.

528 1563 804 1636 Praecepit
855 1563 1034 1618 etiam
1087 1562 1320 1634 populor
1349 1562 1742 1636 habitantium
1766 1562 1836 1636 in
1864 1564 2101 1636 Jerusa-

453 1633 591 1701 lem,
627 1640 691 1690 ut
720 1633 930 1690 darent
957 1633 1176 1706 partes
1202 1634 1607 1706 sacerdotibus
1652 1639 1709 1690 et
1763 1635 1996 1702 Levitis,
2030 1637 2097 1689 ut

453 1711 698 1778 possent
719 1721 924 1763 vacare
954 1705 1064 1777 legi
1099 1705 1348 1778 Domini.

522 1779 683 1844 Quod
707 1794 842 1834 cum
870 1775 1299 1848 percrebuisset
1318 1777 1377 1831 in
1404 1777 1649 1848 auribus
1672 1775 2094 1848 multitudinis,

453 1848 759 1920 plurimas
793 1847 1055 1920 obtulere
1085 1848 1376 1920 primitias
1407 1847 1514 1903 ﬁlii
1566 1848 1741 1904 Israel
1792 1847 2094 1916 frumenti,

448 1919 594 1990 Vini,
626 1925 684 1976 et
714 1919 850 1988 olei,
883 1919 1378 1992 mellis’quoque,
1411 1926 1468 1975 et
1518 1920 1808 1984 omnium,
1842 1936 1974 1990 quas
2001 1920 2095 1991 gi-

449 1992 574 2063 gnit
604 1992 848 2058 humus,
884 1991 1149 2048 decimas
1169 1991 1530 2048 obtulerunt.

521 2064 631 2118 Sed
665 2069 721 2119 et
751 2063 855 2118 ﬁlii
887 2063 1063 2118 Israel
1097 2068 1156 2118 et
1193 2065 1364 2128 Juda,
1396 2063 1497 2134 qui
1529 2061 1877 2118 habitabant
1903 2061 1961 2116 in
1995 2077 2094 2116 ur-

446 2134 624 2190 bibus
665 2135 840 2200 Juda,
873 2135 1217 2190 obtulerunt
1263 2133 1524 2190 decimas
1577 2134 1754 2189 boum
1787 2137 1845 2188 et
1875 2133 2093 2203 ovium,

450 2206 826 2278 decimasque
856 2210 1220 2278 sanctorum,
1247 2222 1375 2276 quas
1396 2209 1669 2278 voverant
1703 2203 1946 2260 Domino
1983 2209 2093 2260 Deo

448 2293 599 2401 stilo;
656 2277 829 2348 atque
877 2277 1150 2332 universa
1195 2280 1515 2348 portantes,
1552 2277 1812 2331 fecerunt
1859 2292 2093 2332 acervos

448 2364 482 2401 ι)
513 2365 757 2401 urimos.

513 2365 757 2404 urimos.

490 2364 757 2404 Iurimos.

445 2364 482 2420 Ρ
514 2423 710 2475 Mense
739 2417 910 2474 tertio
953 2421 1256 2490 coeperunt
1299 2433 1634 2490 acervorum
1657 2418 1855 2488 jacere
1887 2418 2094 2474 funda-

444 2496 667 2557 menta,
701 2495 758 2546 et
787 2505 990 2562 mense
1018 2487 1268 2562 septimo
1299 2487 1742 2562 compleverunt
1769 2505 1888 2562 eos.

515 2562 776 2633 Cumque
804 2561 1058 2632 ingressi
1088 2560 1360 2617 'fuissent
1406 2560 1682 2616 Ezechias
1711 2564 1767 2616 et
1799 2561 2093 2633 principes

444 2634 596 2704 ejus,
641 2632 914 2689 viderunt
955 2649 1224 2704 acervos,
1273 2637 1330 2688 et
1377 2633 1799 2688 benedixerunt
1847 2632 2092 2689 Domino

448 2703 516 2761 ac
547 2704 762 2776 populo
797 2703 994 2760 Israel.

521 2774 1020 2847 Interrogavitque
1067 2774 1342 2831 Ezechias
1392 2775 1726 2830 sacerdotes
1755 2778 1813 2831 et
1843 2775 2092 2848 Levites,

439 2865 544 2904 cur
563 2848 644 2903 ita
666 2849 931 2919 jacerent
961 2849 1168 2919 acervi.

516 2917 842 2991 Respondit
872 2918 955 2973 illi
987 2918 1226 2974 Azarias
1252 2918 1521 2974 sacerdos
1548 2917 1776 2990 primus
1807 2918 1878 2973 de
1908 2919 2092 2991 stirpe

446 2991 653 3059 Sadoc,
687 2991 889 3046 dicens
925 3007 938 3045 :

2212 415 2376 470 omni
2404 415 2559 470 Juda
2592 432 2604 469 :
2642 422 3038 489 operatusque
3067 424 3158 476 est
3202 415 3414 478 bonum
3446 430 3499 480 et
3526 415 3716 487 rectum
3737 415 3781 489 et

2203 503 2437 561 verum,
2468 503 2664 561 coram
2689 489 2937 546 Domino
2959 495 3073 546 Deo
3099 509 3229 559 suo,
3248 494 3307 548 in
3330 497 3584 555 universa
3600 503 3784 561 cultura

2207 558 2524 638 ministerii
2558 559 2770 616 domus
2794 561 3055 638 Domini,
3080 558 3250 634 juxta
3280 564 3458 638 legem
3481 575 3533 625 et
3560 558 3784 631 cercius:

2204 630 2357 699 nias,
2390 630 2590 704 volens
2644 633 2940 704 requirere
2978 630 3162 691 Deum
3194 630 3368 694 suum
3414 639 3469 694 in
3519 647 3623 700 toto
3647 630 3784 704 corde

2203 717 2359 776 suo}
2395 701 2672 776 fecitque,
2704 701 2762 776 et
2788 712 3166 776 prosperatus
3194 713 3301 763 est.

2273 772 2425 844 (Cap.
2459 772 2718 850 XXXII.)
2749 772 2884 850 Post
2905 772 3047 850 qua:
3089 784 3147 834 et
3192 778 3584 850 hujuscemodi
3607 789 3780 844 verita-

2202 845 2531 930 tem,'ve.nit
2560 845 2960 930 Sennach‘erib
2991 865 3088 930 rex
3119 845 3510 930 Assyriorum,
3530 857 3785 930 etingrea-

2203 933 2308 972 sus
2343 915 2374 969 J
2386 916 2585 987 udam,
2616 918 2848 974 obsedit
2895 919 3161 978 civitates
3207 915 3784 992 munitas,'volen‘s’eas

2203 1002 2428 1044 οαοθτθ.

2315 1005 2428 1041 ere.

2275 1005 2447 1140 δηθὰ.
2498 1074 2632 1140 cum
2691 1060 2940 1140 vidisset
2975 1063 3303 1140 Ezechias,
3351 1068 3566 1125 venisse
3609 1071 3788 1129 scilicet

2201 1128 2622 1207 gennacberib,
2643 1135 2712 1207 _et
2741 1135 2931 1188 totum
2975 1133 3110 1207 belli
3156 1128 3439 1207 impetum
3471 1142 3604 1196 verti
3628 1128 3790 1201 contra

2201 1200 2546 1286 leuantem,
2576 1201 2722 1286 inito
2755 1219 2887 1286 cum
2921 1200 3552 1286 principibusconsilio
3576 1200 3786 1286 virisque

2204 1274 2564 1358 fortissimis,
2615 1278 2682 1358 ut
2737 1274 3128 1332 obturarentf
3179 1279 3371 1351 capita
3425 1283 3677 1352 fontium,
3712 1274 3788 1358 qui

2204 1350 2372 1400 erant
2402 1350 2560 1399 extra
2593 1345 2798 1401 urbem
2833 1363 2848 1402 :

2277 1414 2484 1500 Et‘hoc
2512 1416 3156 1500 omniumdecernente
3186 1424 3495 1500 sententia,
3525 1442 3791 1500 congrega-

2203 1486 2287 1543 vit
2318 1485 2631 1558 plurimam
2682 1487 3138 1558 multitudinem,
3168 1497 3226 1547 et
3253 1485 3657 1554 obturaverunt
3679 1485 3792 1555 criu-

2205 1562 2331 1684 gtos
2375 1557 2588 1683 ttontes,
2619 1563 2676 1614 et
2706 1559 2892 1616 rivum
2941 1561 3043 1633 qui
3075 1563 3293 1620 ﬂuebat
3321 1565 3382 1620 in
3416 1569 3596 1625 medio
3638 1575 3793 1640 terra,

2247 1645 2373 1684 icen
2403 1645 2466 1684 es
2498 1646 2512 1683 :

2247 1645 2466 1685 ιοθηιϐε
2498 1646 2512 1683 ξ

2126 1707 2174 1772 Β
2276 1701 2357 1758 Ne
2386 1701 2621 1784 veniant
2650 1718 2817 1784 reges
2847 1705 3243 1776 Assyriorum,
3266 1711 3327 1764 et
3347 1708 3631 1766 inveniant
3653 1726 3795 1784 aqua-

2206 1788 2335 1828 rum
2373 1772 2818 1829 abundantiam.

2273 1844 2597 1926 Editicavit
2635 1861 2887 1926 quoque,
2919 1863 3097 1926 agens
3118 1847 3434 1926 industrie,
3456 1868 3674 1926 omnem
3701 1869 3800 1910 mu-

2205 1931 2356 1982 rum,
2391 1916 2490 1986 qui
2524 1917 2710 1990 fuerat
2739 1916 3083 1990 dissipatus,
3116 1925 3174 1975 et
3210 1916 3498 1978 exstruxit
3525 1928 3698 1980 turres
3719 1926 3796 1980 de-

2203 2003 2400 2058 super,
2434 1991 2492 2058 et
2523 1987 2846 2044 forinsecus
2875 1987 3127 2046 alterum
3159 2008 3400 2049 murum
3434 2013 3448 2050 :
3481 1996 3800 2052 instauravit-

2204 2057 2318 2140 que
2343 2057 2512 2140 Mello
2542 2059 2600 2114 in
2635 2059 2863 2140 civitate
2895 2061 3092 2129 David,
3123 2069 3182 2120 et
3209 2064 3350 2121 fecit
3379 2065 3624 2123 universi
3649 2082 3796 2140 gene-

2204 2130 2674 2204 ris_armaturam
2704 2135 2764 2186 et
2792 2131 3027 2204 clypeos
3060 2150 3074 2189 :

2273 2200 2708 2283 Constituitque
2739 2200 3036 2283 principes
3068 2204 3421 2283 bellatorum
3453 2208 3512 2264 in
3562 2208 3796 2283 exercitu,

2203 2276 2260 2327 et
2288 2275 2645 2351 convocavit
2675 2275 2978 2351 universos
3007 2275 3068 2331 in
3100 2278 3291 2351 platea
3345 2284 3522 2351 portae
3567 2281 3798 2351 civitatis,

2203 2359 2271 2400 ac
2301 2343 2537 2399 locutus
2565 2349 2654 2400 est
2683 2345 2756 2400 ad
2789 2362 2891 2402 cor
2918 2343 3122 2403 eorum
3153 2343 3366 2406 dicens
3391 2367 3407 2405 :

2276 2414 2754 2490 Viriliter_agite,
2788 2421 2865 2472 et-
2893 2419 3298 2476 confortamini
3333 2437 3350 2478 :
3393 2421 3568 2478 nolite
3611 2422 3803 2490 timere,

2203 2502 2308 2562 nec
2338 2487 2599 2562 paveatis
2621 2487 2814 2560 regem
2836 2491 3238 2562 Assyriorum,
3261 2497 3320 2550 et
3339 2493 3660 2550 universam
3683 2487 3802 2549 mal;

2203 2503 2308 2569 nec
2322 2503 2599 2612 (paveaus
2621 2503 2814 2560 regem
2836 2503 3096 2562 ABByHOI

2201 2562 2326 2642 τηρ,
2361 2558 2530 2642 inem,
2563 2575 2690 2642 quae
2721 2564 2813 2642 est
2840 2577 2975 2617 cum
3007 2579 3096 2642 eo.

2204 2629 2456 2755 ἰηέιίυηο
2483 2629 2641 2686 enim
2686 2631 2884 2704 plures
2931 2635 3240 2691 nobiscum
3293 2639 3459 2705 sunt,
3489 2652 3654 2708 quam
3697 2651 3804 2692 cum

2201 2717 2322 2756 ιιιο.

2269 2775 2415 2854 pum
2433 2771 2550 2854 illo
2591 2773 3018 2854 estSbrachium
3060 2793 3363 2854 cerasum,
3397 2779 3687 2836 nobiscum
3715 2783 3804 2834 Do-

2203 2845 2402 2922 minus
2433 2845 2587 2900 Deus
2631 2845 2851 2922 noster,
2884 2848 2984 2919 qui
3028 2845 3355 2906 auxiliator,
3372 2859 3460 2907 est
3490 2855 3694 2915 noster,
3720 2866 3807 2922 pu-

2200 2920 2460 2986 gnatque
2490 2932 2594 2986 pro
2620 2916 2812 2974 nobis.

2273 2986 2882 3063 Confortatusqueest
2914 2989 3166 3062 populus
3209 2991 3620 3063 hujuscemodi
3648 2991 3809 3049 verbis

511 3063 592 3118 Ex
611 3057 726 3144 quo
745 3061 1254 3144 cmperunt‘ofi‘erri
1277 3059 1546 3132 primitiae
1566 3059 1626 3115 in
1643 3059 1814 3116 domo
1834 3060 2089 3144 Domini,
2123 3076 2166 3144 ρ
2205 3057 2459 3144 Ezechiae
2494 3059 2649 3144 regis
2669 3057 2850 3117 lluda.

439 3131 850 3201 comedimus;
873 3137 931 3188 et
969 3131 1226 3205 saturati
1274 3131 1504 3205 sumus,
1547 3137 2087 3205 Aremanseruntque

439 3205 715 3278 plurima,
741 3222 806 3260 eo
830 3204 983 3277 quod
1008 3203 1368 3278 benedixerit
1396 3203 1678 3278 Dominus
1701 3203 1918 3278 populo
1941 3203 2082 3260 suo:

439 3275 823 3348 reliquiarum
849 3275 1061 3348 autem
1083 3275 1250 3348 capia
1279 3278 1368 3330 est
1393 3275 1528 3344 ista,
1555 3291 1733 3345 quam
1766 3275 1976 3348 cernis.

509 3347 795 3420 Praacepit
825 3348 1005 3420 igitur
1033 3347 1329 3413 Ezechias,
1364 3350 1428 3400 ut
1458 3352 1850 3418 praepararent
1879 3347 2088 3404 horrea

439 3419 499 3473 in
533 3417 722 3474 domo'
742 3417 996 3474 Domini.

509 3490 673 3553 Quod
706 3505 839 3544 cum
894 3488 1188 3556 fecissent,
1223 3485 1549 3542 intulerunt
1602 3491 1718 3544 tam
1770 3489 2085 3560 primitias,

437 3576 616 3632 quam
647 3561 926 3629 decimas,
960 3563 1016 3614 et
1047 3573 1429 3632 quaecunque
1461 3563 1758 3632 voverant,
1794 3559 2042 3615 fideliter
2071 3559 2083 3616 ἐ

511 3631 642 3686 Fuit
685 3634 884 3686 autem
917 3630 1224 3702 praefectus
1254 3645 1457 3702 eorum
1485 3631 1817 3686 Cbonenias
1869 3631 2087 3700 Levita,

437 3708 494 3759 et
523 3702 713 3758 Semei
750 3701 933 3758 frater
958 3702 1106 3771 ejus,
1141 3701 1458 3756 secundus.

509 3779 647 3830 Post
676 3791 848 3844 quem
889 3772 1060 3842 Jaiel,
1094 3776 1152 3828 et
1196 3773 1451 3837 Azarias,
1484 3776 1540 3827 et
1570 3772 1776 3841 Naath,
1808 3777 1864 3828 et
1890 3775 2085 3843 Asael,

439 3851 495 3902 et
525 3845 815 3902 Jerimoth
852 3861 864 3899 :

507 3917 755 3973 Jazabad
782 3931 1033 3988 quoque,
1057 3913 1300 3988 etEliel,
1319 3919 1375 3970 et
1394 3914 1778 3988 Jesmachius,
1794 3919 1848 3971 et
1869 3917 2088 3984 Maath,

440 3994 496 4042 et
539 3985 814 4056 Banaias,
842 3985 1133 4057 praepositi
1185 3986 1298 4041 sub
1349 3985 1622 4040 manibus
1671 3986 2000 4054 Cbonenias,
2034 3993 2090 4044 et

439 4060 633 4114 Semei
683 4058 882 4114 fratris
929 4058 1080 4130 ejus,
1127 4074 1197 4112 ex
1245 4057 1491 4130 imperio
1542 4057 1796 4112 Ezechize
1830 4060 2004 4130 regis
2034 4063 2092 4115 et

347 4131 352 4134 ’
437 4131 654 4186 Azarizn
687 4129 983 4202 pontiﬁcis
1017 4129 1226 4183 domus
1270 4130 1364 4184 Dei
1399 4129 1469 4183 ad
1505 4145 1648 4198 quos
1679 4129 1878 4184 omnia
1910 4131 2088 4201 perti-

441 4202 811 4329 “(imitere
845 4269 1004 4326 filius
1031 4271 1244 4326 Jemua
1295 4270 1519 4326 Levites
1561 4274 1618 4326 et
1639 4271 1864 4341 janitor
1894 4271 2086 4327 orien-

439 4344 583 4427 talis
610 4348 810 4427 portae,
846 4343 1349 4427 priapositu‘suerat
1379 4343 1454 4427 iis
1484 4358 1610 4413 qua:
1642 4346 1850 4427 sponte
1872 4344 2087 4427 .olf'ere-

450 4413 669 4471 bantur
703 4413 1381 4486 Domino,primitiisque
1407 4419 1464 4469 et
1485 4415 1843 4470 consecratis
1869 4413 1928 4468 in
1951 4419 2088 4472 San-

445 4493 544 4542 cta
573 4490 931 4542 sanctorum.

513 4558 583 4611 Et
613 4559 722 4613 sub
764 4574 904 4612 cura
947 4557 1074 4625 ejus
1123 4555 1302 4622 Eden,
1333 4560 1390 4611 et
1440 4555 1768 4626 Benjamin,
1797 4556 1994 4622 Jesue,
2027 4559 2084 4612 et

440 4629 723 4696 Semeias,
759 4627 1018 4682 Amarias
1052 4643 1289 4698 quoque
1325 4631 1382 4682 et
1420 4626 1758 4692 Secbenias,
1788 4627 1847 4682 in
1875 4627 2080 4683 civita-

437 4701 598 4754 tibus
629 4700 1022 4764 sacerdotum,
1056 4702 1120 4753 ut
1165 4697 1412 4753 fideliter
1439 4698 1861 4753 distribuerant
1891 4701 2086 4754 fratri-

437 4771 548 4826 bus
580 4771 704 4825 suis
757 4775 972 4840 partes,
1009 4769 1334 4825 minoribus
1366 4774 1540 4840 atque
1587 4769 1950 4840 majoribus:
1984 4788 2082 4826 ex-

434 4842 620 4913 ceptis
645 4841 906 4897 maribus
930 4841 1002 4896 ab
1027 4841 1198 4896 annis
1220 4841 1409 4913 tribus
1432 4845 1490 4896 et
1514 4857 1710 4913 supra,
1735 4842 2083 4912 cunctisque

435 4911 533 4984 qui
569 4913 1044 4994 ingrediebantur
1090 4911 1404 4994 templum
1431 4911 1759 4994 Domini,et
1791 4911 2079 4994 quidquid

435 4983 540 5056 per
568 4983 836 5056 singulos
877 4984 1000 5040 dies
1049 4983 1413 5056 conducebat
1437 4983 1495 5038 in
1532 4983 1880 5051 ministerio,
1904 4989 2080 5054 atque

432 5055 940 5112 Observationibus
961 5056 1130 5121 juxta
1151 5055 1467 5110 divisiones
1491 5071 1649 5120 suas,
1677 5056 2079 5112 sacerdotibus

432 5144 536 5199 per
567 5128 842 5191 familias,
877 5133 933 5184 et
974 5126 1186 5181 Levitis
1217 5143 1250 5180 a
1279 5127 1558 5199 vicesimo
1600 5143 1755 5180 anno
1786 5130 1843 5181 et
1873 5144 2076 5199 supra,

433 5197 535 5268 per
564 5199 798 5254 ordines
825 5202 882 5253 et
909 5203 1138 5252 turmas
1181 5213 1342 5268 suas,
1377 5197 1777 5268 universasque
1810 5197 2076 5252 multitu-

431 5267 577 5336 dini,
613 5275 730 5325 tam
765 5269 1046 5325 uxoribus
1079 5284 1252 5338 quam
1307 5267 1506 5323 liberis
1537 5267 1732 5323 eorum
1768 5269 2077 5339 utriusque

434 5358 628 5408 sexus,
662 5341 916 5396 fideliter
962 5339 1098 5408 cibi,
1131 5340 1200 5395 de
1233 5339 1323 5395 his
1373 5355 1502 5411 quae
1546 5340 1910 5396 sanctificata
1955 5341 2076 5397 fue-

431 5418 600 5485 rant,
617 5413 1046 5485 praebebantur.

499 5482 700 5541 Sed'et
732 5483 986 5538 filiorum
1017 5483 1207 5536 Aaron
1259 5497 1371 5552 per
1409 5496 1581 5552 agros
1629 5488 1685 5552 et
1733 5482 2076 5539 suburbana

429 5556 663 5612 urbium
695 5554 1085 5624 singularum,
1108 5551 1375 5626 dispesiti
1400 5551 1562 5606 erant
1591 5551 1719 5626 viri,
1745 5553 1844 5625 qui
1877 5559 2074 5626 partes

427 5622 847 5683 distribuerent
889 5625 1159 5680 universo
1204 5622 1364 5678 sexui
1417 5622 1847 5680 masculino—de
1877 5622 2072 5682 sacer-

426 5699 664 5753 dotibus
695 5703 752 5752 et
785 5697 1020 5752 Levitis.

2115 4454 2164 4519 D

2273 3129 2406 3212 Quae
2466 3129 2776 3212 postquam
2835 3135 3000 3203 gesta
3045 3138 3206 3212 sunt,
3239 3135 3411 3212 misit
3457 3134 3809 3212 Sennacherib

2197 3214 2296 3255 rex
2327 3203 2698 3280 Assyriorum
2733 3219 2932 3280 servos
2973 3205 3481 3280 suos_Jerusalem
3510 3207 3808 3280 ,(ipseejnim

2195 3288 2327 3350 cum
2361 3277 2631 3330 universo
2653 3274 2927 3350 _ex_ercitu
2976 3275 3288 3350 obsidebat
3341 3274 3576 3350 Lachis)
3603 3278 3677 3350 ad
3696 3278 3808 3334 Eze-

2195 3342 2389 3423 chiam
2421 3361 2613 3423 regem
2643 3345 2819 3416 Juda,
2842 3349 2900 3402 et
2922 3346 2994 3401 ad
3018 3363 3255 3405 omnem
3280 3342 3570 3423 populum
3592 3349 3684 3422 qui
3708 3353 3808 3405 erat

2195 3415 2253 3469 in
2287 3415 2450 3482 urbe,
2484 3417 2684 3472 dicens
2713 3433 2726 3472 :

2270 3486 2592 3563 Haec_dicit
2643 3486 3039 3563 Sennacherib
3074 3505 3208 3563 _rex
3264 3492 3638 3563 Assyriorum
3693 3507 3705 3547 :
3753 3490 3804 3546 In

2194 3573 2306 3684 imo
2330 3558 2620 3684 pubentes
2670 3559 2939 3614 fiduciam
2991 3561 3206 3618 sedetis
3253 3558 3486 3621 obsessi
3517 3563 3576 3620 in
3603 3567 3808 3619 Jerusa-

2218 3645 2307 3684 em

2218 3645 2307 3684 em

2265 3699 2418 3756 Num
2468 3699 2742 3773 Ezechias
2781 3699 3011 3773 decipit
3049 3719 3173 3773 vos,
3205 3709 3270 3760 ut
3315 3705 3518 3761 tradat
3565 3703 3720 3760 morti
3760 3702 3807 3757 in

2197 3771 2356 3845 fame
2373 3775 2437 3845 et
2466 3771 2525 3826 in
2556 3771 2671 3839 siti,
2708 3771 3008 3845 afﬁrmans
3038 3771 3194 3845 quod
3242 3777 3528 3833 Dominus
3560 3777 3702 3833 Deus
3725 3790 3806 3829 vo-

2197 3849 2316 3920 ster
2345 3842 2563 3920 liberet
2580 3860 2680 3899 vos
2710 3844 2782 3920 de
2803 3860 2987 3920 manu
3029 3842 3189 3920 regis,
3213 3847 3630 3920 Assyriorum?

2268 3915 2566 3991 Numquid
2599 3932 2720 3991 non
2738 3915 2852 3991 iste
2882 3919 2971 3971 est
2991 3915 3265 3991 Ezechias
3297 3915 3401 3991 q'ui
3433 3918 3713 3976 destruxit
3737 3931 3811 3970 ex-

2198 3985 2353 4062 celsa
2383 3985 2544 4062 illius
2585 3991 2643 4041 et
2673 3985 2898 4062 altaria,
2930 3992 2988 4062 e_t
3018 3989 3290 4062 praecepit
3315 3985 3493 4046 'Juda
3521 3995 3579 4047 et
3605 3991 3810 4062 Jerusa-

2197 4056 2333 4121 lem,
2386 4058 2585 4112 dicens
2622 4075 2634 4112 :
2667 4061 2876 4113 Coram
2925 4056 3097 4113 altari.
3147 4056 3263 4117 uno
3315 4063 3663 4126 adorabitis,
3689 4058 3811 4115 etin

2198 4129 2328 4201 ipso
2358 4129 2718 4201 comburetis
2750 4130 3058 4185 incensum
3079 4131 3108 4186 ?

2267 4199 2690 4276 An_ignoratis
2738 4216 2866 4271 quae
2910 4202 3324 4276 e_go__fecerim,
3356 4207 3418 4259 et
3477 4208 3667 4276 patres
3719 4197 3813 4256 mei

2199 4270 2425 4326 cunctis
2458 4270 3009 4342 terrarumpopulis
3026 4272 3054 4325 ‘I

2268 4342 2567 4413 Numquid
2613 4341 3038 4416 praevaluerunt
3079 4342 3167 4416 dii
3217 4345 3514 4416 gentium,
3547 4343 3813 4402 omnium-

2198 4429 2310 4484 que
2340 4418 2646 4540 tIerrarum,
2677 4413 2928 4470 liberare
2975 4413 3272 4486 regionem
3321 4413 3507 4474 suam
3541 4418 3612 4474 de
3658 4430 3814 4472 manu

2198 4501 2327 4540 mea

2197 4501 2327 4540 mea

2265 4556 2408 4633 Quis
2438 4559 2534 4633 est
2557 4555 2626 4610 de
2656 4554 2944 4633 universis
2992 4555 3106 4633 diis
3150 4557 3416 4633 gentium
3452 4575 3602 4633 quas
3645 4559 3810 4633 vasta-

2191 4631 2640 4702 verunt_patres
2684 4626 3247 4702 mei,quipotue__rit
3296 4626 3508 4702 eruere
3558 4629 3812 4702 papulum

2193 4715 2370 4754 suum
2402 4700 2472 4754 de
2503 4715 2680 4754 manu
2728 4715 2873 4764 mea,
2910 4701 2976 4752 ut
3022 4699 3212 4768 possit
3237 4700 3419 4758 etiam
3451 4699 3608 4759 Deus
3635 4699 3817 4756 'vester

2192 4787 2395 4826 eruere
2423 4787 2526 4826 vos
2558 4771 2629 4825 de
2660 4769 2770 4826 hac
2804 4786 2982 4824 manu
3004 4769 3032 4824 ‘I
3092 4776 3116 4788 ‘

2263 4842 2389 4897 Non
2421 4857 2521 4897 vos
2570 4856 2706 4912 ergo
2739 4841 2992 4912 decipiat
3019 4840 3316 4912 Ezechias,
3350 4859 3464 4901 nec
3511 4861 3658 4900 vana
3702 4857 3814 4912 per-

2191 4913 2467 4968 suasione
2499 4912 2760 4980 doludat,
2785 4927 2973 4982 neque
2995 4912 3246 4968 credatis
3267 4913 3340 4969 ei.
3363 4915 3421 4969 Si
3448 4916 3607 4972 enim
3641 4914 3815 4970 nullus

2232 4984 2380 5060 otuit
2409 4986 2554 5039 deus
2598 4988 2939 5060 cunctarum
2986 4982 3250 5060 gentium
3298 4989 3476 5056 atque
3527 5001 3814 5060 regnorum

2190 5001 2380 5110 patuit
2409 5001 2554 5039 neus
2598 5001 2939 5039 cunctarum
2986 5001 3250 5052 genuum
3298 5001 3476 5056 atque
3527 5001 3814 5060 regnorum

2213 5055 2436 5112 iberare
2467 5055 2746 5127 populum
2770 5069 2946 5111 suum
2977 5055 3050 5110 de
3081 5071 3259 5110 manu
3293 5073 3446 5122 mea,
3476 5063 3537 5113 et
3563 5061 3632 5114 de
3661 5071 3814 5113 manu

2190 5133 2422 5199 patrum
2476 5143 2764 5192 meorum,
2810 5129 3237 5199 consequenter
3283 5144 3389 5184 nec
3439 5128 3601 5186 Deus
3645 5132 3816 5186 vester

2188 5197 2399 5270 poterit
2428 5215 2630 5270 eruere
2657 5215 2761 5270 vos
2791 5197 2871 5270 de
2896 5213 3073 5270 manu
3107 5213 3255 5254 mea.

2256 5269 2366 5342 Sed
2400 5274 2455 5324 et
2485 5268 2601 5324 alia
2644 5268 2830 5325 multa
2858 5267 3036 5324 locuti
3069 5269 3408 5342 s_untAservi
3457 5271 3614 5342 ejus,
3635 5276 3814 5327 contra

2186 5339 2502 5412 Dominum
2538 5346 2740 5406 Deum,
2764 5343 2821 5396 et
2849 5343 3049 5412 contra
3079 5339 3381 5396 Ezechiam
3416 5339 3654 5399 servum
3685 5343 3811 5412 ejus.

2187 5411 2470 5486 Epistolas
2519 5429 2752 5486 quoque
2790 5410 3039 5486 scripsit
3072 5414 3295 5486 plenas
3348 5410 3726 5486 blasphemiae
3765 5413 3812 5464 in

2185 5481 2500 5540 Dominum
2538 5481 2737 5540 Deum
2785 5481 2985 5549 Israel,
3029 5481 3102 5537 et’
3133 5481 3363 5540 locutus
3412 5481 3510 5542 est
3557 5487 3813 5541 adversus

2183 5571 2318 5610 eum
2355 5571 2368 5609 ἒ

2255 5627 2418 5682 Sicut
2446 5626 2525 5681 dii
2558 5625 2824 5698 gentium
2857 5628 3198 5698 caeterarum
3247 5643 3358 5682 non
3411 5624 3812 5698 potueruntli-

2182 5697 2386 5755 berare
2415 5697 2699 5771 populum
2746 5713 2922 5754 suum
2954 5697 3025 5752 de
3055 5712 3234 5753 manu
3269 5714 3398 5754 mea
3415 5697 3446 5755 7:
3479 5701 3568 5757 sic
3597 5706 3653 5757 et
3680 5704 3813 5758 Deus

500 5794 514 5827 ¹
548 5792 770 5851 Vitiose
802 5793 989 5852 Latini
1020 5791 1264 5866 quidam
1297 5791 1574 5866 impressi
1603 5790 1739 5851 libri
1775 5794 2198 5855 obumbrarent.
