4090 6192
475 281 612 340 1471

1535 286 1591 338 S.
1635 283 2043 340 HIERONYMI
2081 283 2338 340 DIVINA
2373 283 2866 340 BIBLIOTHECA.

3711 291 3812 350 1472

475 409 721 488 erubuit
743 407 948 488 faciem
977 405 1244 466 Jeremie
1275 405 1592 482 prophetae,
1624 406 1920 482 loquentis
1955 409 2026 466 ad
2059 425 2122 466 se
2149 410 2203 479 Α
2306 408 2702 488 Universaque
2729 427 2869 488 vasa
2912 410 3122 488 domus
3175 408 3430 488 Domini,
3483 415 3589 488 tam
3640 417 3814 488 majora

478 499 548 538 ex
577 498 673 538 ore
702 480 956 537 Domini.

555 556 601 608 A
626 570 757 624 rege
789 567 1019 623 quoque
1050 551 1592 624 Nabuchodonosor
1620 553 1880 624 recessit,
1899 552 2000 624 qui
2023 551 2124 608 ad-

471 623 768 695 juraverat
800 639 934 678 eum
969 638 1070 693 per
1100 623 1307 691 Deum,

549 701 604 750 et
633 695 932 750 induravit
959 696 1236 751 cervicem
1273 711 1440 750 suam
1474 699 1529 750 et
1553 711 1672 765 cor,
1705 699 1904 750 utnon
1937 710 2124 750 rever-

477 771 698 823 teretur
727 767 798 821 ad
832 766 1142 821 Dominum
1173 773 1356 823 Deum
1394 766 1590 822 Israel.

548 839 659 894 Sed
694 844 750 910 et
771 838 1026 910 universi
1051 838 1344 909 principes
1365 839 1756 910 sacerdotum,
1775 841 1830 892 et
1855 837 2126 910 populus,

474 909 832 981 praevaricati
851 914 989 964 sunt
1011 908 1392 981 iniquejuxta
1413 909 1718 964 universas
1739 908 2128 964 abominatio-

477 927 832 981 praavaricau
851 927 989 964 sum
1011 927 1392 1034 iniqueJuxta
1413 927 1718 964 universas
1739 927 2126 964 abominatio-

477 997 581 1037 nes
611 980 895 1052 gentium,
930 985 986 1036 et
1015 981 1109 1052 pol
1141 985 1351 1037 uerunt
1380 981 1620 1036 domum
1661 981 1915 1049 Domini,
1947 997 2126 1052 quam

476 1051 938 1108 sanctiﬁcaverat
971 1051 1082 1107 sibi
1115 1052 1174 1107 in
1199 1051 1546 1108 Jerusalem.

549 1124 1023 1180 Mittebatautem
1044 1124 1327 1179 Dominus
1359 1124 1512 1178 Deus
1538 1125 1767 1194 patrum
1787 1138 2030 1178 suorum
2055 1123 2126 1179 ad

476 1193 609 1250 illos
641 1212 744 1266 per
775 1211 1016 1250 manum
1050 1195 1386 1252 nuntiorum
1421 1193 1664 1250 suorum
1689 1195 1760 1249 de
1791 1202 1956 1250 nocte
1986 1211 2127 1250 con-

476 1283 748 1338 surgens,
779 1272 836 1338 et
867 1267 1127 1338 quotidie
1158 1283 1558 1332 commonens,
1591 1282 1656 1322 eo
1689 1267 1842 1337 quod
1867 1269 2130 1338 parceret

477 1337 706 1410 populo,
723 1341 779 1410 et
808 1337 1145 1394 habitaculo
1179 1355 1305 1394 suo.

550 1413 623 1463 At
652 1408 736 1464 illi
769 1411 1217 1470 subsannabant
1250 1408 1488 1464 nuntios
1524 1408 1640 1478 Dei,
1665 1413 1720 1464 et
1742 1408 2126 1480 parvipende-

550 1426 623 1463 At
652 1426 736 1464 ιιιι
769 1426 1217 1470 sunsannanant
1250 1426 1488 1464 nuntios
1524 1426 1640 1478 uel,
1665 1426 1720 1464 et
1783 1426 2126 1480 arvxpenue-

475 1479 617 1536 bant
638 1496 938 1536 sermones
957 1483 1108 1551 ejus,
1131 1481 1574 1550 illudebantque
1597 1426 1919 1550 prophetis,
1943 1481 2128 1536 donec

474 1553 816 1624 ascenderet
838 1553 998 1624 furor
1030 1554 1253 1608 Domini
1288 1553 1346 1606 in
1379 1551 1660 1624 populum
1693 1553 1842 1624 eius,
1884 1556 1942 1608 et
1975 1555 2132 1608 esset

477 1622 640 1679 nulla
665 1623 907 1679 curatio.

549 1694 797 1750 Adduxit
813 1694 967 1750 enim
993 1711 1172 1766 super
1195 1711 1290 1750 eos
1313 1692 2016 1766 regemChaldaaorumﬁt
2038 1693 2126 1766 in-

477 1767 967 1836 terfecitjuvenes
981 1764 1182 1822 eorum
1203 1766 1396 1837 gladio
1409 1765 1467 1820 iu
1487 1765 1660 1820 domo
1675 1767 1994 1837 sanctuarii
2010 1764 2124 1820 sui.

547 1837 673 1892 Non
705 1842 796 1893 est
827 1838 1104 1894 misertus
1137 1836 1547 1903 adolescentis,
1573 1841 1629 1891 et
1657 1836 1923 1909 virginis,
1954 1841 2012 1909 et
2033 1852 2126 1909 se-

479 1908 592 1976 nis,
624 1924 732 1982 nec
762 1909 1038 1980 decrepiti
1067 1909 1326 1982 quidem,
1358 1909 1460 1964 sed
1514 1924 1718 1964 omnes
1752 1907 2012 1963 tradidit
2067 1907 2125 1964 in

479 1980 752 2035 manibus
783 1983 928 2052 ejus.

2157 1801 2205 1866 B

2235 498 2411 561 quam
2434 483 2683 561 minora,
2705 486 2763 561 et
2777 484 3088 561 theseuros
3110 482 3314 555 templi
3341 488 3420 550 ,et
3441 485 3604 557 regis,
3621 492 3672 542 et
3690 482 3818 561 prin-

2234 553 2454 626 cipum,
2489 553 2792 626 transtulit
2824 554 2881 609 in
2915 553 3291 626 Babylonem.

2309 625 2698 702 Incend_erunt
2719 625 2925 702 hostes
2946 625 3186 702 domum
3207 625 3330 702 Dei,
3351 626 3819 702 dextruxeruntque

2236 712 2475 774 murum
2505 695 2853 774 Jerusalem,
2873 699 3179 774 universas
3200 701 3392 774 turres
3403 695 3820 774 combusseru'nt,

2235 773 2292 824 et
2321 767 2607 839 quidquid
2639 768 2960 839 pretiosum
2993 769 3203 835 fuerat,
3236 768 3496 824 demoliti
3526 778 3668 826 sunt.

2233 839 2290 894 Si
2324 837 2456 914 quis
2486 837 3352 914 evaseratugladium,eductus
3409 841 3467 896 in
3525 841 3822 914 Babylonem

2235 910 2469 968 servivit
2499 910 2618 982 regi
2649 915 2707 965 et
2736 911 2872 983 [iliis
2903 913 3054 981 ejus,
3087 911 3272 966 donec
3300 911 3606 983 imperaret
3624 910 3708 969 rex
3723 915 3824 970 Per-

2234 998 2453 1047 sarum,
2487 986 2549 1036 ut
2573 981 2966 1052 Compleretur
2995 998 3188 1038 sermo
3217 981 3448 1038 Domini
3477 1000 3544 1040 ex
3569 1000 3659 1040 ore
3696 986 3824 1042 Jers-

2236 1053 2388 1122 miaz,
2421 1056 2478 1108 et
2507 1053 2828 1108 celebraret
2852 1058 3006 1109 terra
3035 1053 3279 1109 sabbata
3309 1069 3455 1110 sua:

2305 1123 2540 1199 Cunctis
2569 1123 2727 1179 enim
2759 1125 2970 1199 diebus
2997 1124 3372 1199 desolationis
3399 1124 3520 1198 egit
3545 1127 3826 1199 sabbatum,

2237 1211 2423 1266 usque
2454 1197 2592 1250 dum
2624 1194 3463 1268 complerenturseptuaginta
3490 1197 3643 1252 anni.

2306 1272 2473 1340 Anno
2505 1271 2701 1322 autem
2734 1267 2935 1340 primo
2949 1267 3080 1340 Cyri
3111 1267 3266 1340 regis
3297 1267 3604 1340 Persarum
3647 1269 3709 1325 ad
3753 1287 3828 1325 ex-

2235 1337 2513 1411 plendum
2548 1337 2877 1411 sermo—nem
2911 1337 3162 1411 Domini,
3181 1337 3367 1411 quem
3397 1339 3626 1396 locutus
3680 1341 3829 1395 fuerat

2236 1409 2747 1483 per_os_Jeremiaa.
2781 1411 3084 1483 suscitavit
3114 1409 3398 1466 Dominus
3431 1411 3700 1483 spiritum
3727 1411 3828 1483 Cyri

2236 1480 2388 1552 regis
2423 1480 2752 1554 Persarum,
2786 1481 2886 1552 qui
2911 1483 3093 1554 jussit
3140 1481 3443 1554 praedicari
3484 1480 3552 1538 in
3607 1480 3830 1540 universo

2235 1568 2413 1622 regno
2445 1568 2573 1624 suo,
2605 1553 2784 1624 etiam
2821 1568 2924 1624 per
2953 1553 3333 1624 scripturam,
3367 1553 3606 1609 dicens:

2305 1623 2602 1706 Haac_di_c.i_t
2632 1623 2838 1706 Cyrus"
2874 1641 2972 1706 res
3030 1623 3337 1706 Persarum
3369 1641 3410 1706 ξ,
3439 1625 3643 1706 omnia
3688 1640 3834 1696 regna

2235 1698 2402 1768 terra:
2431 1694 2594 1768 dedit
2621 1694 3075 1768 mihiADominus
3099 1695 3251 1768 Deus
3284 1695 3434 1765 cceli,
3461 1702 3523 1754 et
3560 1698 3673 1768 ipse
3720 1694 3835 1768 prie-

2234 1765 2387 1836 cepit
2416 1765 2583 1836 mihi,
2616 1772 2682 1821 ut
2710 1765 3062 1824 aediﬁcarem
3094 1767 3144 1823 ei
3175 1769 3416 1824 domum
3448 1768 3512 1824 in
3531 1765 3834 1835 Jerusalem,

2236 1853 2364 1909 qua
2395 1842 2482 1909 est
2510 1836 2570 1892 in
2601 1837 2820 1892 Judaea.

2309 1908 2448 1982 Qujs
2475 1924 2545 1965 ex
2575 1909 2740 1965 vobis
2769 1913 2859 1965 est
2887 1908 2945 1964 in
2968 1909 3128 1965 omni
3154 1909 3371 1982 populo
3391 1912 3524 1982 ejus
3541 1911 3568 1966 ‘l
3587 1911 3657 1967 sit
3673 1908 3838 1966 Domi-

2239 1997 2352 2036 nus
2377 1979 2533 2036 Deus
2564 1997 2707 2037 suus
2735 1997 2868 2036 cum
2900 1997 2989 2049 eo,
3021 1986 3079 2037 et
3107 1979 3400 2038 ascendat.

1330 2175 1573 2248 Explica
1605 2175 1747 2231 liber
1773 2174 2263 2246 Paralipomenon,
2298 2175 2556 2231 Hebraice
2583 2177 2750 2232 Verba
2778 2176 3020 2232 Diei-um.

1195 2605 1788 2696 ΡΒίΕΕΑΤΙΟ
1848 2607 2149 2692 ΗΙΕΡι(

2246 2607 2488 2694 lYMI
2545 2607 2657 2692 IN
2713 2608 3084 2695 EZRAM
3115 2598 3165 2680 ¹ο

539 3020 746 3076 Utrum
777 3019 1080 3076 difficilius
1109 3019 1209 3087 sit,
1242 3019 1428 3074 facere
1458 3017 1904 3091 quod-poscitis,
1931 3033 2004 3073 an
2028 3032 2122 3072 ne-

471 3125 628 3182 gare,
661 3115 912 3166 necdum
945 3108 1149 3166 statui.
1187 3107 1331 3163 Nam
1360 3123 1549 3180 neque
1577 3106 1741 3162 vobis
1761 3105 1984 3178 aliquid
2005 3105 2122 3161 im-

469 3199 811 3272 perantibus
842 3197 1120 3266 abnuere,
1152 3197 1457 3253 sententiis
1489 3199 1578 3251 est
1605 3211 1619 3252 :
1665 3199 1724 3252 et
1779 3193 2124 3267 magnitudo

2231 3031 2379 3084 rere,
2404 3019 2674 3072 extremis
2705 3016 3014 3073 dementias
3042 3020 3152 3073 est.
3207 3016 3409 3090 Itaque
3465 3016 3700 3074 obsecro
3748 3034 3852 3086 vos,

2233 3105 2315 3160 mi
2349 3105 2629 3161 Domnion
2665 3109 2722 3161 et
2759 3105 3077 3177 Rogatiane
3129 3105 3490 3174 obarissimi,
3549 3109 3612 3161 ut
3659 3105 3852 3178 privata

2231 3193 2481 3250 lectione
2505 3194 2784 3263 contenti,
2815 3193 3033 3250 librum
3062 3209 3176 3250 non
3199 3194 3454 3250 etl‘eratis
3479 3194 3542 3250 in
3564 3193 3851 3266 publicum,

469 3288 664 3344 oneris
684 3287 946 3358 impositi
966 3287 1048 3342 ita
1069 3285 1322 3344 cervices
1341 3285 1575 3358 premit,
1598 3288 1663 3340 ut
1679 3287 1813 3340 ante
1833 3283 1944 3340 sub
1967 3283 2124 3339 fasce
2156 3334 2196 3358 η
2235 3298 2342 3338 nec
2375 3282 2694 3339 fastidiosis
2724 3282 3003 3355 ingeratis
3024 3283 3209 3352 cibos,
3227 3283 3546 3354 vitetisque
3564 3299 3750 3339 eorum
3770 3298 3848 3337 su-

468 3375 760 3430 ruendum
792 3375 890 3442 sit,
923 3390 1103 3446 quam
1132 3374 1466 3430 levandum.
1490 3374 1790 3429 Accedunt
1810 3373 1881 3428 ad
1904 3372 2011 3428 hoc
2033 3371 2123 3427 in-

467 3463 738 3518 vidorum
755 3462 969 3533 studia,
985 3462 1087 3534 qui
1106 3478 1279 3518 omne
1291 3463 1447 3534 quod
1463 3461 1798 3526 scribimus,
1812 3460 2122 3533 reprehen-

471 3550 730 3606 dendum
764 3554 1011 3620 putant:
1045 3553 1102 3605 et
1131 3549 1426 3605 interdum
1458 3555 1662 3606 contra
1681 3565 1743 3605 se
1766 3549 2125 3606 conscientia

471 3644 856 3711 repugnante,
889 3638 1122 3711 publice
1153 3637 1413 3694 lacerant
1441 3656 1566 3712 quis
1615 3637 1839 3696 occulte
1894 3637 2120 3711 legunt,

471 3727 532 3782 in
564 3731 792 3784 tantum
825 3732 890 3784 ut
914 3727 1167 3784 clamare
1197 3727 1536 3800 compellar,
1567 3732 1625 3784 et
1645 3727 1836 3784 dicere
1859 3745 1872 3784 :
1896 3727 2126 3784 Domine

473 3817 651 3873 libera
676 3811 923 3872 animoin
951 3833 1129 3874 meam
1159 3834 1194 3872 a
1225 3816 1389 3873 labiis
1414 3817 1627 3888 iniquis
1653 3820 1706 3874 et
1734 3834 1770 3873 a
1801 3818 1988 3888 lingua
2018 3818 2124 3873 do-

476 3907 590 3964 losa
619 3906 790 3978 (Psal.
823 3923 973 3977 cxxx,
1003 3906 1082 3977 2).
1116 3905 1348 3962 Tertius
1374 3922 1566 3962 annus
1595 3918 1684 3962 est
1714 3906 1866 3978 quod
1899 3922 2128 3977 semper

475 3995 735 4052 scribitis
764 4000 934 4067 atque
961 3995 1304 4063 rescribitis,
1339 3997 1403 4050 ut
1449 3997 1604 4051 Ezraa
1643 3994 1857 4050 librum
1886 3996 1907 4029 ²
1963 3994 2126 4050 vobis

475 4084 548 4140 de
577 4083 813 4140 Hebraeo
843 4083 1232 4140 transferam:
1269 4084 1438 4155 quasi
1471 4101 1586 4140 non
1617 4083 1886 4140 habeatis
1931 4087 2130 4140 Graeca

474 4177 532 4228 et
561 4172 766 4228 Latina
794 4172 1111 4244 volumina,
1144 4177 1246 4229 aut
1275 4173 1561 4244 quidquid
1595 4173 1742 4228 illud
1775 4177 1865 4229 est
1911 4173 2065 4244 quod
2096 4189 2130 4228 a

477 4261 649 4317 nobis
679 4261 944 4332 vertitur,
975 4278 1090 4317 non
1115 4262 1318 4316 statim
1346 4261 1417 4318 ab
1441 4262 1717 4318 omnibus
1737 4263 1848 4333 (Al.
1871 4261 2126 4318 homini-

478 4350 612 4422 bus)
637 4351 1082 4422 conspuendum
1114 4349 1212 4406 sit.
1247 4350 1479 4406 Frustra
1515 4354 1733 4417 autem,
1763 4355 1828 4407 ut
1865 4351 1947 4407 ait
1994 4351 2130 4423 qui-

478 4437 615 4494 dam
639 4439 684 4509 ³,
722 4439 849 4507 niti,
885 4455 1074 4511 neque
1105 4437 1263 4495 aliud
1288 4439 1586 4510 fatigando
1619 4438 1950 4496 nisiodium
1977 4455 2132 4510 qua:-

558 4652 1069 4740 ‘Exe‘gimuecum
1121 4652 1283 4740 hanc.
1327 4653 1756 4740 Rrefationem,
1794 4657 1940 4740 .tum
1997 4669 2131 4738 vero
2162 4677 2211 4740 ι)

482 4723 680 4795 ipsum
707 4723 861 4778 Ezrae
890 4724 1108 4780 librum
1143 4726 1214 4780 ad
1245 4724 1586 4780 Vaticanum
1617 4741 1728 4780 ms.
1752 4725 1893 4780 olim
1920 4727 2132 4795 regina:

481 4800 990 4868 Succorumnum.
1013 4797 1069 4862 7,
1095 4801 1508 4868 praenotatum,
1531 4796 1938 4868 remotissimae
1969 4796 2135 4852 illum

485 4865 882 4936 antiquitatis,
923 4883 987 4921 ac
1019 4865 1210 4938 probae
1243 4867 1589 4938 cumprimis
1613 4873 1778 4924 notae.

557 4938 577 4972 ²
595 4938 830 5010 Addunt
849 4939 988 4992 editi
1010 4939 1142 4993 libri
1161 4956 1294 4994 cum
1319 4939 1542 5010 aliquot
1555 4939 1976 4995 recentioribus
1992 4956 2132 4995 mss.

483 5013 536 5081 et
567 5008 794 5064 Esther:
827 5010 994 5080 quasi
1028 5026 1142 5064 non
1175 5011 1363 5066 solum
1399 5008 1502 5081 pro
1533 5013 1686 5066 Ezrae
1707 5010 2006 5066 volumine
2031 5011 2135 5066 La-

481 5079 602 5135 tine
634 5079 948 5143 reddendo.
984 5081 1084 5154 sed
1116 5079 1427 5154 etiamipro
1459 5081 1606 5154 libro
1656 5081 1859 5154 Esther
1914 5083 2133 5154 scribe-

485 5156 617 5206 rent
645 5157 819 5222 atque
849 5151 1237 5208 rescriberent
1292 5151 1579 5209 Domnion
1639 5158 1695 5208 et
1749 5153 2134 5223 Rogatianus.

484 5224 646 5288 Quod
664 5228 857 5279 tamen
878 5223 1087 5295 falsum
1107 5240 1236 5280 esse
1257 5223 1733 5295 deprehenditur,
1753 5229 1879 5279 tum
1903 5241 1971 5280 ex
1991 5229 2137 5280 tem-

483 5309 624 5366 pore
655 5311 768 5365 quo
801 5295 946 5350 liber
974 5294 1257 5361 Estheris,
1291 5294 1461 5366 lenge
1483 5300 1616 5367 post
1637 5295 1958 5367 ,Ezram,,in
1983 5295 2134 5352 Lati-

487 5381 628 5421 num
663 5383 990 5439 sermonem
1008 5368 1080 5439 ab
1099 5367 1446 5439 Hieronymo
1463 5366 1790 5439 translatus
1807 5373 1915 5434 est,
1929 5372 2054 5423 tum
2069 5383 2140 5423 ex

484 5437 752 5509 personis
784 5439 851 5492 ad
887 5456 1035 5509 quas
1066 5438 1216 5494 infra
1247 5437 1511 5494 Prinfatio
1545 5438 1600 5492 in
1654 5437 1870 5494 librum
1931 5439 2140 5494 Esther

486 5507 822 5580 perhibetur
854 5507 1110 5580 scripta:
1146 5509 1334 5564 Paula:
1368 5525 1622 5580 namque
1645 5510 1868 5580 juniori
1903 5527 1966 5565 ac
2020 5511 2134 5565 Eu-

485 5579 713 5652 stochio
742 5580 961 5652 virgini
976 5579 1319 5636 dedicatum
1353 5596 1482 5636 esse
1509 5579 1762 5652 constat,
1812 5598 1928 5638 non
1959 5587 2138 5638 Dom—

487 5651 642 5705 nioni
657 5654 735 5733 'et
765 5651 1114 5733 lto’gatiano;
1141 5658 1326 5733 Manu.

556 5751 627 5795 --_
657 5722 943 5777 Domnion
976 5727 1033 5795 et
1080 5723 1435 5794 Rogatianus
1493 5723 1709 5795 quibus
1773 5723 2132 5780 inscribitur.

488 5789 668 5846 Paulo
701 5796 852 5862 ante,
877 5794 1053 5850 verba
1077 5789 1242 5867 atque
1272 5789 1573 5852 rescribiiz's
1595 5793 1827 5867 Regium
1853 5811 1963 5852 ms.
1988 5811 2136 5870 prae-

2236 3369 2566 3445 percilium,
2599 3371 2698 3444 qui
2720 3373 2991 3444 judicare
3021 3377 3252 3428 tantum
3283 3373 3354 3427 de
3381 3371 3548 3439 aliis,
3576 3377 3634 3428 et
3659 3371 3762 3444 ipsi
3787 3371 3853 3426 fa-

2233 3477 2363 3519 cere
2393 3461 2538 3517 nihil
2572 3467 2879 3518 noverunt.
2914 3461 3095 3534 Siqui
3155 3466 3351 3518 autem
3412 3463 3662 3518 fratrum
3712 3465 3846 3526 sunt,

2233 3551 2452 3623 quibus
2484 3555 2686 3606 nostra
2715 3566 2829 3606 non
2861 3549 3194 3622 displicent,
3228 3549 3321 3605 his
3351 3549 3634 3606 tribuatis
3685 3565 3850 3605 exem-

2234 3639 2380 3712 plar,
2399 3638 2783 3694 admonentes
2805 3643 2869 3695 ut
2888 3638 3127 3694 Hebraea
3146 3637 3409 3704 nomina,
3431 3655 3685 3710 quorum
3707 3653 3850 3710 gran-

2234 3727 2326 3784 dis
2354 3727 2415 3782 in
2445 3727 2555 3782 hoc
2580 3727 2876 3783 volumine
2907 3727 3074 3798 copia
3103 3732 3211 3797 est,
3239 3726 3522 3784 distincte
3553 3732 3609 3783 et
3663 3743 3755 3800 per
3778 3724 3853 3780 in-

2233 3815 2474 3872 tervalla
2500 3815 2915 3872 tranecribant.
2939 3815 3096 3872 Nihil
3116 3815 3270 3872 enim
3298 3815 3566 3888 proderit
3592 3813 3856 3872 emendas-

2236 3920 2298 3961 se
2331 3903 2570 3972 librum,
2603 3904 2716 3961 nisi
2764 3905 3094 3960 emendatio
3147 3903 3532 3960 librariorum
3591 3901 3859 3977 diligentia

2237 3999 2630 4050 conservetur.
2657 3993 2772 4050 Nec
2799 4009 3158 4065 quemquam
3190 3997 3418 4048 moveat
3460 3994 3618 4065 quod
3679 4007 3810 4048 unus
3833 4005 3860 4043 ι

2237 4083 2408 4138 nobis
2435 4082 2627 4138 editus
2659 4081 2806 4137 liber
2833 4087 2924 4137 est
2953 4097 2966 4136 :
3001 4098 3106 4138 nec
3133 4081 3609 4154 apocryphorum
3640 4080 3780 4138 tertii
3819 4082 3863 4134 et

2239 4171 2431 4244 quarti
2459 4173 2479 4206 ⁸
2511 4170 2760 4227 somniis
2791 4169 3146 4227 delectetur:
3180 4170 3321 4242 quia
3349 4175 3407 4226 et
3434 4171 3598 4244 apud
3631 4171 3864 4228 Hebraea

2239 4261 2390 4316 Ezris
2413 4259 2784 4330 Neemiaeque
2806 4275 3108 4316 sermones
3135 4258 3194 4315 in
3223 4276 3409 4315 unum
3441 4259 3719 4317 volumen
3733 4274 3869 4316 coar-

2240 4353 2476 4406 otantur
2504 4352 2731 4420 :etquaa
2764 4365 2877 4404 non
2909 4347 3202 4405 habentur
3221 4349 3376 4421 apud
3407 4348 3575 4417 illos,
3593 4366 3696 4406 nec
3718 4350 3782 4404 de
3799 4346 3866 4401 vi-

2242 4438 2392 4511 ginti
2423 4441 2676 4509 quatuor
2704 4437 2946 4494 senibus
2976 4442 3116 4494 sunt
3143 4438 3185 4508 ⁸,
3211 4436 3415 4510 procul
3448 4437 3797 4511 abjicienda.
3822 4433 3868 4490 Si

2241 4651 2536 4734 termittit,
2553 4651 2658 4734 qui
2681 4655 2740 4734 et
2766 4651 2993 4734 Enimn}
3019 4666 3128 4734 pro
3148 4653 3346 4734 Ezram
3367 4656 3710 4734 constanter
3736 4649 3868 4722 legit,

2312 4727 2334 4760 ³
2361 4721 2601 4795 Crispus
2627 4723 2943 4795 Sallustius
2975 4721 3070 4778 hic
3095 4721 3315 4795 est,qui
3343 4739 3472 4778 eam
3498 4725 3718 4795 promit
3753 4721 3871 4795 sen-

2241 4793 2568 4867 tentiam’in
2590 4794 2885 4867 Jugurtha
2910 4796 3100 4867 cap.3,
3119 4793 3410 4867 «Frustra
3430 4793 3631 4850 autem
3666 4793 3871 4861 niti,ue-

2287 4884 2358 4925 ue
2389 4866 2548 4922 aliud
2582 4865 2901 4938 fatigando,
2934 4865 3046 4921 nisi
3079 4865 3279 4922 odium
3310 4881 3596 4937 quaerere,
3630 4871 3870 4922 extrema

2287 4938 2556 4997 amentiae
2587 4942 2696 4994 est.
2737 4961 2756 4986 ο

2317 5013 2339 5046 ⁴
2379 5009 2546 5081 tddit
2563 5009 2794 5081 Regina:
2812 5024 3100 5081 mss.cum
3115 5005 3540 5081 vetuetioribus
3568 5003 3872 5081 editis,libri

2316 5083 2336 5164 ξ
2365 5080 2570 5164 ξτῇὺςρε
2593 5078 2824 5164 Dauniae
2846 5079 3127 5164 He.br_a‘ice
3155 5078 3417 5164 veritatis
3442 5079 3871 5164 cgmprehensos

2245 5152 2541 5223 intelligit,
2575 5153 2658 5224 uti
2697 5152 2870 5224 fidem
2912 5151 3050 5224 facit
3081 5149 3869 5224 principiumASci-ipturarum

2244 5221 2547 5280 calcatum
2582 5222 2748 5279 libris
2773 5222 3061 5280 Samuelis
3083 5221 3159 5279 ‘ac
3208 5221 3525 5277 Malachim
3580 5221 3867 5296 praeﬁxum.

2244 5300 2427 5351 Maa'r.
3151 5315 3154 5318 ~

2315 5399 2385 5408 —-
2417 5366 2635 5423 Mavult
2665 5365 2956 5422 Victorius
2987 5365 3229 5421 verbum
3264 5364 3540 5420 habentur
3571 5364 3668 5420 hic
3713 5357 3867 5430 repeti

2247 5439 2356 5494 hoc
2391 5439 2562 5495 modo
2593 5455 2605 5493 :
2642 5461 2668 5488 «
2702 5441 2839 5504 Quae
2871 5454 2985 5492 non
3018 5437 3312 5492 habentur
3339 5435 3494 5506 apud
3533 5435 3787 5504 illos,neo
3812 5433 3866 5506 de

2244 5511 2450 5581 viginti
2483 5513 2736 5582 quatuor
2764 5509 3004 5582 senibus
3035 5504 3495 5582 habentqgsuut
3530 5508 3727 5582 procul
3749 5504 3864 5582 abji-

2246 5575 2472 5654 ciEnda.
2501 5575 2537 5631 '»
2566 5581 2912 5654 MsReginin
2941 5579 3421 5654 senioribusNide
3445 5575 3758 5651 Prologum
3778 5575 3867 5631 Ga-

2245 5652 2486 5722 leatum,
2521 5652 2622 5708 ubi
2679 5651 3054 5709 ex'aliorum
3088 5651 3398 5717 sententia,
3453 5665 3576 5706 non
3611 5667 3734 5712 sua,
3766 5661 3866 5702 xxiv

2245 5725 2487 5781 senibus
2519 5723 3039 5796 Apocal.librorum
3071 5723 3356 5796 Sciptum
3392 5737 3706 5779 numerum
3735 5732 3863 5776 com-

2246 5800 2431 5870 parat.
