4090 6192
263 227 390 283 1481

1723 224 1940 278 LIBER
1976 224 2202 281 EZRE.

3523 228 3662 284 1482

253 355 348 406 tur
377 349 459 405 eis
492 363 593 420 per
623 343 886 420 singulos
909 345 1054 420 dies,
1084 360 1155 400 ne
1185 345 1265 400 sit
1291 344 1349 399 in
1375 345 1571 420 aliquo
1603 344 1896 416 querimo-
1927 347 1981 414 Α
2083 350 2125 398 Α
2161 363 2251 402 me
2296 348 2596 404 decretum
2649 349 2758 420 est,
2795 349 2860 402 ut
2907 347 3240 420 cuicunque
3287 348 3572 418 placuerit
3599 352 3657 407 in

256 424 372 477 nia.
405 425 470 475 Et
492 415 750 474 offerant
789 416 1114 472 oblationes
1147 420 1260 471 Deo
1305 415 1455 483 caeli,
1481 421 1760 484 orantque
1792 431 1895 487 pro

254 498 370 548 vita
394 492 546 562 regis
578 494 634 545 et
663 490 935 562 ﬁliorum_
967 489 1116 560 ejus.
1150 493 1322 562 A_me
1353 505 1485 558 ergo
1519 488 1789 562 positum,
1808 492 1900 542 est

257 559 576 628 decretum,
605 566 668 615 ut
700 562 892 616 omnis
923 559 1096 615 homo
1125 559 1223 630 qui
1255 560 1406 614 hanc
1441 560 1745 614 mutaverit
1768 561 1897 629 jus-

255 632 754 698 sionem,tollatur
775 632 1002 703 lignum
1023 634 1094 686 de
1115 632 1286 685 domo
1312 631 1523 701 ipsius,
1540 637 1596 686 et
1617 631 1898 703 erigatur,

257 713 312 763 et
342 705 669 778 conﬁgatur
700 705 754 758 in
789 702 894 778 eo:
918 705 1129 778 domus
1161 711 1353 778 autem
1386 703 1512 771 ejus
1544 702 1896 778 publicetur.

260 782 408 836 Deus
457 773 677 845 autem,
709 775 809 846 qui
861 774 1124 828 habitare
1157 774 1291 846 fecit
1321 789 1533 828 nomen
1581 791 1751 828 suum
1796 773 1896 846 ibi,

260 850 503 921 dissipet
532 847 732 903 omnia
775 861 975 917 regna,
1009 852 1063 898 et
1096 845 1386 921 popuium
1429 846 1553 921 qui_
1579 845 1900 921 extenderit

258 916 496 978 manum
530 935 699 974 suam
731 923 795 972 ut
826 916 1125 987 repugnet,
1160 922 1216 970 et
1245 916 1493 987 dissipet
1523 917 1761 970 domum
1798 916 1896 970 Dei

257 994 438 1058 illam,
487 1008 615 1062 quae
667 994 755 1062 est
801 989 860 1043 in
891 986 1410 1062 iJerusalem.Egoj
1462 989 1666 1042 Darius
1719 986 1898 1042 statui

258 1058 550 1121 decretum
584 1061 737 1133 quod
773 1059 1032 1133 studiose
1066 1058 1293 1129 impleri
1315 1059 1467 1133 volo.

329 1135 512 1208 Igitur
540 1129 930 1208 Thathaunai,
957 1132 1072 1208 dux
1106 1132 1359 1208 regionis
1390 1136 1552 1184 trans
1576 1129 1816 1208 ﬁumen,
1842 1133 1898 1208 et

259 1201 704 1269 Stharbuzanai,
737 1209 794 1258 et
836 1202 1154 1258 consiliarii
1198 1204 1347 1272 ejus,
1383 1205 1705 1256 secundum
1742 1201 1894 1271 quod

258 1282 607 1349 praeceperat
634 1274 837 1349 Darius
869 1289 985 1349 rex,
1007 1274 1087 1328 sic
1109 1272 1419 1349 diliggpter
1442 1273 1698 1349 exsecuti
1731 1277 1892 1327 sunt.

256 1346 523 1405 Seniores
562 1351 754 1402 autem
793 1346 1126 1401 Judaaorum
1162 1347 1527 1399 aediﬁcabant
1558 1351 1612 1398 et
1645 1359 1892 1414 prospe-

257 1423 536 1476 rabantur
558 1420 727 1489 juxta
757 1416 1120 1488 prophetiam
1149 1416 1343 1486 Aggmi
1367 1415 1679 1486 prOphetaa,
1705 1421 1762 1470 et
1792 1417 1893 1470 Za~

257 1493 461 1548 charize
487 1490 590 1545 ﬁlii
616 1490 778 1544 Addo
796 1507 807 1542 :
825 1495 877 1542 et
901 1489 1329 1542 aadiﬁcaverunt
1347 1493 1401 1540 et
1418 1492 1890 1553 construxerunt,

248 1564 493 1634 jubente
525 1562 640 1617 Deo
693 1559 901 1634 Israel,
927 1565 983 1613 et
1024 1560 1267 1628 jubente
1320 1559 1483 1629 Cyro,
1508 1563 1564 1634 et
1620 1559 1894 1634 Dario,_et

256 1630 578 1695 Artaxerxe,
607 1633 842 1704 regibus
872 1631 1304 1704 Persarumtet
1333 1630 1769 1704 compleverunt
1795 1631 1891 1704 do-

2012 432 2190 498 regno
2233 435 2360 498 meo
2379 421 2508 498 ,εἰθ-
2533 419 2997 498 pOpulo_Israel,
3031 424 3087 498 et
3139 419 3210 474 de
3244 422 3662 498 sacerdotibus

2009 490 2157 557 ejus,
2191 497 2246 544 et
2277 493 2346 546 de
2379 490 2625 560 Levitis,
2647 493 2729 544 ire
2762 490 2818 544 in
2851 491 3202 556 Jerusalem,
3235 497 3428 547 tecum
3464 495 3656 550 vadat.

2007 563 2051 614 A
2079 560 2228 635 facie
2259 564 2414 618 enim
2469 564 2646 635 regis,
2673 568 2730 635 et
2761 567 2983 635 septem
3017 561 3462 635 consiliatorum
3507 566 3656 635 ejus,

2011 633 2232 707 missus
2260 651 2340 703 es,
2375 639 2438 688 ut
2467 633 2670 707 visites
2697 634 2961 688 Judaeam
2995 639 3052 687 et
3081 634 3404 690 Jerusalem
3438 636 3497 688 in
3533 633 3658 707 lege

2010 704 2108 757 Dei
2140 705 2248 772 tui,
2280 722 2408 776 quae
2440 711 2526 760 est
2549 706 2607 759 in
2641 721 2817 760 manu
2843 710 2965 777 tua,
2990 708 3046 759 et
3073 711 3136 759 ut
3168 709 3318 761 feras
3346 704 3656 777 argentum

2009 778 2329 848 et‘aurum,
2346 778 2498 847 quod
2526 794 2622 832 rex
2645 781 2700 831 et
2722 776 3125 848 consiliatores
3151 779 3279 846 ejus
3302 776 3513 848 sponte
3547 779 3656 834 oh-

2009 845 2270 917 tulerunt
2293 845 2407 903 Delo
2441 848 2639 913 Israel,
2665 849 2834 917 cujus
2863 848 2920 902 in
2943 847 3267 905 Jerusalem
3300 845 3653 904 tabernacuo

2009 916 2130 998 lum
2162 925 2267 998 est:
2299 920 2366 998 Et
2395 935 2568 998 omne
2596 916 2901 998 argentum
2934 925 2992 998 et
3021 936 3228 998 crurum
3265 920 3652 998 quodcunque

2008 990 2298 1063 inveneris
2332 993 2387 1045 in
2414 993 2686 1063 universa
2716 990 3014 1062 provincia
3036 991 3367 1062 Babylonis,
3390 996 3447 1046 et
3472 990 3650 1063 popu-

2007 1059 2100 1134 lus
2131 1063 2335 1134 ofl‘erre
2366 1062 2633 1134 voluerit,
2665 1059 2733 1116 et
2753 1063 2822 1116 de
2852 1059 3256 1117 sacerdotibus
3286 1059 3413 1134 qua?
3445 1059 3652 1134 sponte

2009 1133 2328 1204 ebtulerint
2359 1133 2556 1188 domui
2607 1133 2708 1187 Dei
2757 1133 2869 1199 sui,
2905 1149 3030 1204 quae
3058 1137 3146 1187 est
3193 1134 3252 1188 in
3300 1133 3646 1204 Jerusalem,

2008 1201 2185 1276 libere
2213 1206 2432 1276 accipe,
2457 1211 2513 1259 et
2544 1205 2807 1260 studiose
2828 1201 2951 1258 eme
2977 1207 3045 1258 de
3078 1204 3184 1259 hac
3219 1206 3464 1275 pecunia
3491 1201 3649 1262 vitué

2005 1273 2118 1341 los,
2151 1273 2380 1344 arietes,
2407 1282 2675 1348 agnosiet
2706 1276 2994 1348 sacriﬁcia
3016 1281 3074 1330 et
3104 1273 3388 1330 liba—mina
3417 1293 3644 1343 eorum,

2005 1350 2060 1419 et
2093 1348 2235 1419 offer
2263 1365 2330 1402 ea
2361 1346 2538 1419 super
2565 1347 2744 1403 altare
2783 1346 2986 1418 templi
3024 1349 3120 1403 Dei
3149 1348 3347 1411 vestri,
3371 1351 3521 1417 quod
3559 1356 3650 1405 est

2004 1417 2060 1470 in
2094 1417 2451 1474 Jerusalem;
2475 1421 2582 1474 Sed
2634 1423 2691 1474 et
2722 1419 2770 1473 si
2802 1417 2941 1488 quid
2976 1419 3080 1472 tibi
3113 1423 3168 1472 et
3202 1419 3483 1474 fratribus
3526 1422 3644 1475 tuis

2004 1488 2307 1558 placuerit,
2341 1491 2411 1545 de
2454 1490 2693 1562 reliquo,
2726 1494 2961 1562 argento
2993 1496 3048 1544 et
3074 1506 3226 1562 auro
3281 1495 3346 1545 ut
3393 1490 3642 1562 faciatis,

1997 1562 2554 1635 juxtaivoluntatem
2601 1561 2698 1635 Dei
2741 1561 2924 1635 vestri
2977 1561 3164 1618 facite.
3197 1562 3355 1635 Vasa
3386 1579 3641 1635 quoque,

2002 1647 2128 1701 quae
2159 1634 2376 1688 dantur
2395 1633 2498 1687 tibi
2525 1634 2581 1687 in
2608 1632 3001 1687 ministerium
3029 1636 3242 1689 domus
3262 1633 3362 1688 Dei
3394 1634 3502 1700 tui,
3525 1632 3642 1690 tra-

254 1723 412 1762 mum
447 1706 553 1779 Dei
589 1702 760 1759 istam
815 1719 1002 1772 usque
1030 1703 1121 1779 ad
1179 1702 1638 1779 diemntertium.
1668 1702 1889 1757 mensis
1919 1715 1965 1779 Β
1998 1704 2154 1779 dein
2201 1709 2543 1779 conspectu
2568 1704 2668 1779 Dei
2697 1703 2765 1779 _in
2797 1703 3144 1779 Jerusalem.
3178 1706 3288 1760 Sed
3322 1710 3379 1760 et
3409 1713 3637 1772 caetera,

252 1780 424 1845 Adar,
458 1776 557 1847 qui
590 1781 676 1831 est
708 1771 1114 1847 annus’sextus
1146 1773 1304 1847 regni
1337 1771 1492 1847 Darii
1524 1772 1696 1847 regis.

323 1843 605 1904 Fecerunt
630 1853 826 1902 autem
855 1845 957 1899 ﬁlii
994 1843 1190 1907 Israel,
1215 1845 1546 1898 sacerdotes
1569 1849 1623 1897 et
1657 1843 1886 1911 Levitte,

252 1924 306 1992 et
336 1919 538 1992 reliqui
566 1919 846 1992 ﬁliorum
868 1916 1425 1992 transmigrationis,
1461 1915 1886 1992 dedicationem

251 1987 579 2046 domus'Dei
599 1991 653 2044 in
675 1989 907 2060 gaudio.
927 1993 994 2044 Et
1015 1988 1355 2041 obtulerunt
1377 1987 1433 2060 in
1458 1987 1886 2041 dedicationem

251 2065 457 2117 domus
491 2062 587 2118 Dei
623 2059 834 2115 vitulos
857 2065 1113 2121 centum,
1136 2060 1344 2113 arietes
1376 2059 1676 2124 ducentos,
1703 2074 1885 2128 agnos

247 2133 721 2210 quadringentos,
752 2133 943 2210 hircos
966 2146 1273 2202 caprarum
1309 2146 1409 2198 pro
1444 2130 1886 2210 p_eccato_totius

247 2201 444 2272 Israel,
478 2201 809 2270 duodecim,
835 2204 1007 2272 juxta
1042 2201 1356 2256 numerum
1391 2201 1650 2255 tribuum
1687 2201 1881 2255 Israel.

242 2281 313 2331 Et
343 2271 676 2332 statuerunt
697 2271 1027 2330 sacerdotes
1050 2274 1104 2326 in
1133 2273 1442 2327 ordinibus
1466 2272 1611 2337 suis,
1635 2275 1690 2326 et
1722 2271 1883 2326 Levi-

241 2353 331 2402 tas
361 2349 416 2403 in
450 2349 672 2403 vicibus
703 2347 849 2413 suis,
883 2361 1058 2416 super
1100 2359 1275 2415 Opera
1313 2343 1412 2416 Dei
1443 2344 1500 2397 in
1533 2344 1879 2406 Jerusalem,

243 2419 394 2474 sicut
424 2419 709 2490 scriptum
763 2422 852 2490 est
882 2418 938 2470 in
976 2416 1119 2490 l_ibr_o
1152 2415 1635 2490 Mosi._Fecerunt
1671 2422 1879 2490 autem

240 2491 343 2545 ﬁlii
375 2486 561 2546 Israel
593 2487 1132 2559 transmigrationis
1179 2486 1402 2559 Pascha
1443 2486 1882 2556 quartadecima

239 2562 333 2618 die
360 2562 578 2618 mensis
609 2561 800 2632 primi.
827 2557 1128 2614 Puriﬁcati
1159 2559 1316 2612 enim
1349 2557 1583 2632 fuerant
1612 2559 1878 2632 sacerdo-

237 2639 324 2689 tes
353 2638 408 2688 et
436 2629 641 2689 Levitae
674 2632 842 2703 quasi
878 2647 1031 2686 unus
1065 2648 1078 2686 :
1112 2646 1316 2703 omnes
1349 2630 1553 2703 mundi
1585 2630 1650 2703 ad
1674 2629 1876 2703 immo-

237 2705 478 2760 landum
512 2700 724 2776 pascha
751 2703 1040 2776 universis
1073 2701 1207 2756 ﬁliis
1237 2700 1798 2776 transmigrationis,
1824 2705 1880 2754 et

239 2773 526 2831 fratribus
547 2775 670 2831 suis
701 2774 1126 2839 sacerdotibus,
1150 2778 1206 2828 et
1235 2773 1368 2827 sibi.
1407 2773 1470 2826 Et
1499 2773 1880 2826 comederunt

240 2847 339 2902 ﬁlii
373 2848 568 2917 Israel,
603 2847 701 2918 qui
736 2845 946 2901 reversi
972 2846 1202 2898 fuerant
1233 2844 1303 2897 de
1335 2844 1877 2918 transmigratioue,

240 2924 296 2973 et
326 2914 673 2989 omnes'qui
729 2935 789 2974 se
847 2921 1257 2987 separaverant
1314 2932 1346 2968 a
1403 2914 1876 2989 coinquinatione

235 2990 495 3060 gentium
547 2987 711 3044 terra:
769 2989 841 3043 ad
901 3004 1020 3050 eos,
1065 2992 1143 3060 uti
1185 2993 1507 3060 quaererent
1562 2987 1874 3040 Dominum

1997 1775 2211 1844 quibus
2229 1775 2376 1847 opus
2403 1776 2577 1830 fuerit
2598 1776 2655 1829 in
2679 1775 2970 1849 domorDei
2992 1776 3640 1849 tui,quantumcunque

1998 1861 2234 1901 necesse
2264 1853 2354 1902 est
2384 1853 2448 1902 ut
2495 1847 2813 1917 expaudas,
2839 1847 3074 1900 dabitur
3095 1848 3116 1880 ²
3142 1847 3223 1902 de
3254 1847 3557 1916 thesauro,
3584 1855 3641 1904 et

1998 1918 2067 1970 de
2100 1920 2238 1973 ﬁsco
2271 1921 2443 1988 regis,
2479 1923 2534 1972 et
2567 1935 2600 1971 a
2626 1933 2743 1990 me.
2771 1918 2883 1990 Ego
2914 1923 3281 1984 Artaxerxes,
3313 1935 3434 1985 rex,
3459 1922 3639 1976 statui

1997 1995 2169 2062 atque
2201 1991 2426 2045 decrevi
2455 1989 2729 2062 omnibus
2775 1990 3121 2044 custodibus
3169 2007 3314 2044 arcas
3366 1993 3639 2062 publica},

1995 2061 2267 2133 qui_sunt
2308 2069 2473 2116 trans
2522 2061 2765 2123 ﬁumen,
2792 2066 2858 2114 ut
2902 2063 3292 2133 quodcunque
3340 2061 3574 2133 petierit
3604 2080 3638 2119 a

1995 2131 2155 2186 vobis
2187 2138 2362 2207 Ezras
2396 2133 2907 2207 sacerdosiscriba
2935 2131 3097 2207 legis
3119 2131 3210 2187 Dei
3245 2131 3394 2201 cceli,
3417 2138 3640 2207 absque

1996 2218 2158 2257 mora
2189 2204 2358 2276 detis,
2392 2220 2580 2274 usque
2628 2203 2697 2256 ad
2746 2206 2968 2274 argenti
3002 2203 3244 2259 ’talenta
3291 2203 3561 2276 centum;
3583 2210 3640 2261 et

1995 2291 2184 2347 usque
2214 2275 2284 2329 ad
2320 2276 2594 2329 frumenti
2625 2290 2792 2328 coros
2823 2280 3081 2347 centum,
3113 2282 3169 2330 et
3198 2293 3386 2347 usque
3417 2280 3486 2332 ad
3521 2275 3639 2334 vini

1993 2345 2158 2401 batos
2189 2351 2448 2415 centum,
2480 2350 2536 2401 et
2568 2361 2755 2416 usque
2788 2345 2858 2398 ad
2909 2345 3076 2400 batos
3120 2349 3226 2402 olei
3261 2345 3519 2415 centum,
3554 2348 3637 2404 sal

1993 2434 2125 2489 vero
2158 2419 2382 2489 absque
2430 2433 2727 2472 mensura.
2762 2416 2966 2481 Omne,
2999 2420 3151 2488 quod
3201 2420 3273 2473 ad
3326 2420 3504 2476 ritum
3538 2422 3638 2476 Dei

1992 2488 2118 2543 cceli
2173 2488 2446 2560 pertinet,
2496 2490 2793 2543 tribuatur
2847 2488 3161 2558 diligenter
3207 2490 3264 2544 in
3313 2493 3486 2547 domo
3536 2491 3637 2546 Dei

1990 2559 2139 2634 caeli,
2176 2559 2246 2614 ne
2270 2560 2738 2634 forteirascatur
2770 2564 2990 2634 contra;
3012 2577 3269 2634 regnum
3293 2564 3447 2634 regis
3477 2569 3534 2617 et
3564 2565 3636 2617 fi-

1989 2629 2202 2684 liorum
2234 2630 2379 2698 ejus.
2403 2631 2699 2700 Vobisque
2727 2635 2929 2684 notum
2967 2629 3213 2686 facimus
3243 2633 3314 2686 de
3346 2629 3636 2689 universis

1989 2703 2414 2775 sacerdotibus,
2449 2707 2504 2756 et
2531 2701 2851 2775 Levitis,‘et
2883 2703 3254 2775 cantoribus,
3279 2709 3336 2758 et
3357 2705 3632 2775 janitori-

1988 2774 2119 2838 bus,
2153 2773 2494 2836 Nathinaais,
2527 2777 2583 2826 et
2639 2772 2928 2826 ministris
2971 2773 3182 2828 domus
3216 2775 3309 2830 Dei
3344 2772 3544 2844 hujus,
3570 2782 3634 2830 ut

1985 2844 2252 2913 vectigal,
2285 2850 2342 2901 et
2372 2846 2682 2918 tributum,
2711 2848 2766 2898 et
2794 2859 3057 2918 annonas
3091 2861 3205 2899 non
3240 2846 3505 2902 habeatis
3528 2865 3630 2918 po-

1988 2922 2260 2995 testatem
2294 2915 2628 2995 imponendi
2656 2931 2832 2995 super
2853 2931 2969 2995 eos.
3001 2917 3083 2970 Tu
3114 2922 3334 2995 autem,
3360 2915 3633 2986 Ezrafse-

1988 2990 2249 3044 cundum
2282 2987 2626 3058 sapientiam
2662 2987 2758 3041 Dei
2791 2987 3047 3058 tui,qua3
3079 2993 3167 3042 est
3205 2989 3264 3042 in
3298 3006 3472 3044 manu
3511 3000 3628 3054 tua,

235 3057 416 3142 Deum
451 3061 644 3142 Israel.
683 3062 744 3115 Et
774 3058 1499 3142 feceriintosolemnitatem.
1530 3060 1871 3142 A_z_y_morum
1906 3075 1948 3142 ρ
1986 3062 2275 3142 constitue
2301 3057 2527 3142 judices
2559 3057 2942 3142 etnpraaside‘s:
2970 3059 3320 3142 utjudicent
3341 3061 3498 3142 omni
3530 3079 3631 3133 po-

239 3138 465 3203 septem
524 3133 730 3187 diebus
776 3133 833 3186 in
887 3130 1109 3194 lzetitia,
1157 3129 1434 3200 quoniam
1490 3129 1876 3203 letiﬁcaverat

240 3201 340 3261 eos
390 3205 690 3273 Dominus,
733 3209 789 3257 et
837 3207 1196 3257 converterat
1239 3218 1344 3273 cor
1383 3201 1538 3271 regis
1589 3206 1771 3256 Assur
1803 3202 1874 3256 ad

237 3293 356 3341 eos,
392 3280 457 3331 ut
487 3272 805 3346 adjuvaret,
839 3291 1052 3330 manus
1082 3288 1283 3329 eorum
1333 3272 1394 3326 in
1447 3288 1618 3344 opere
1665 3275 1877 3328 domus

236 3347 470 3404 Domini
502 3347 602 3401 Dei
637 3345 833 3402 Israel.

306 3420 460 3490 (Cap.
493 3418 640 3487 νη]
677 3420 807 3473 Post
851 3415 972 3470 haec
1004 3419 1197 3490 autem
1229 3415 1425 3490 verba,
1459 3415 1536 3490 in.
1564 3429 1740 3490 regno
1769 3416 1877 3490 ᾼςτ

232 3485 484 3546 taxerxis
517 3485 670 3560 regis
710 3493 1045 3560 Persarum,
1072 3488 1244 3560 Ezras
1296 3486 1477 3560 ﬁlius
1504 3485 1736 3560 Saraiaa,
1772 3485 1877 3560 filii

227 3562 469 3630 Azarize,
522 3556 622 3615 ﬁlii
675 3559 902 3625 Helcie,
946 3557 1342 3630 ﬁliiSellum,
1379 3556 1737 3630 ﬁliivSadoc,
1775 3557 1877 3630 ﬁlii

233 3628 468 3695 Ahitob,
518 3633 624 3687 filii
657 3631 926 3692 Amariae,
976 3629 1076 3683 ﬁlii
1133 3629 1406 3693 Azarizr‘,
1450 3628 1553 3683 ﬁlii
1603 3629 1875 3693 Marioth,

234 3705 335 3758 ﬁlii
385 3704 620 3771 Zaraizr,
672 3703 770 3757 ﬁlii
805 3704 924 3770 Ozi,
959 3701 1061 3754 ﬁlii
1097 3703 1283 3768 Bucci,
1336 3700 1438 3754 ﬁlii
1490 3700 1721 3766 Abisue,
1775 3700 1878 3754 ﬁlii

235 3776 506 3840 Phinees,
558 3774 662 3828 ﬁlii
719 3774 972 3836 Eleazar,
1025 3772 1126 3824 ﬁlii
1184 3775 1371 3826 Aaron
1430 3772 1748 3826 sacerdotis
1807 3773 1880 3825 ab

236 3848 425 3902 initio.
479 3847 608 3917 Ipse
655 3849 827 3900 Ezras
875 3843 1139 3917 ascendit
1186 3843 1256 3896 de
1307 3841 1626 3917 Babylone,
1651 3848 1707 3895 et
1749 3842 1880 3917 ipse

235 3918 433 3974 scriba
478 3913 641 3972 velox
689 3919 747 3972 in
795 3919 916 3986 lege
961 3915 1124 3982 Mosi,
1166 3930 1353 3986 quam,
1391 3913 1550 3967 dedit
1601 3913 1882 3969 Dominus

239 3990 395 4046 Deus
431 3988 646 4044 Israel:
673 3994 729 4043 et
757 3985 916 4042 dedit
944 3986 993 4041 ei
1023 4001 1118 4040 rex
1141 3985 1464 4040 secundum
1499 4000 1736 4038 manum
1776 3989 1878 4039 Do-

240 4061 383 4116 mini
421 4061 516 4116 Dei
548 4062 676 4131 ejus
709 4073 1070 4131 super__eum,
1095 4073 1324 4131 omnem
1355 4055 1694 4131 petitionem
1730 4057 1879 4126 ejus.

237 4134 307 4188 Et
339 4127 728 4187 ascenderunt
748 4127 818 4185 de
847 4129 982 4184 filiis
1011 4130 1210 4194 Israel,
1251 4133 1307 4183 et
1339 4127 1410 4182 de
1442 4127 1580 4182 ﬁliis
1614 4131 1883 4182 sacerdo—

239 4209 391 4273 tum,
424 4208 480 4257 et
511 4204 580 4258 de
610 4202 744 4257 ﬁliis
775 4202 1126 4273 Levitarum,
1149 4205 1211 4273 et
1243 4201 1311 4273 de
1342 4199 1702 4273 cantoribus,
1727 4204 1782 4254 et
1814 4201 1883 4254 de

231 4269 613 4345 janitoribus,
646 4278 702 4329 et
747 4273 817 4328 de
871 4272 1213 4345 Nathinmis,
1245 4271 1302 4324 in
1356 4269 1704 4345 Jerusaiem,
1730 4287 1882 4345 anno

240 4341 496 4418 septimo
519 4341 852 4418 Artaxerxis
877 4344 1029 4412 regis
1075 4344 1143 4397 Et
1163 4346 1446 4418 venerunt
1476 4343 1534 4396 in
1556 4341 1881 4418 Jerusalem

241 4413 443 4474 mense
475 4417 701 4487 quinto,
735 4417 860 4487 ipse
891 4420 979 4487 est
1010 4431 1200 4487 annus
1231 4414 1519 4487 septimus
1546 4413 1719 4487 regis.
1740 4414 1886 4477 Quia

238 4490 299 4544 in
366 4485 556 4560 primo
588 4488 680 4543 die
731 4485 948 4560 mensis
998 4485 1171 4560 primi
1220 4486 1393 4560 cmpit
1449 4485 1766 4560 ascendere
1814 4487 1885 4560 de

240 4557 560 4633 Babylone,
593 4565 649 4633 et
680 4561 736 4614 in
771 4559 957 4632 primo
1003 4558 1119 4633 die_
1148 4558 1369 4633 mensis
1405 4558 1590 4626 quinti
1641 4557 1796 4610 venit
1827 4558 1884 4612 in

236 4628 593 4696 Jerusalem,
616 4628 787 4700 juxta
813 4645 1054 4684 manum
1093 4629 1190 4684 Dei
1225 4628 1313 4700 sui
1348 4629 1558 4700 bonam
1594 4645 1773 4698 super
1802 4645 1883 4683 se.

241 4706 416 4759 Ezras
440 4703 595 4758 enim
619 4699 842 4772 paravit
866 4717 964 4756 cor
987 4717 1183 4766 suum,
1207 4704 1270 4753 ut
1291 4699 1669 4772 investigaret
1700 4699 1883 4770 legem

240 4773 499 4844 Domini,
531 4778 586 4828 et
624 4771 841 4830 faceret
871 4777 928 4829 et
955 4773 1187 4828 doceret
1219 4772 1276 4826 in
1310 4771 1484 4827 Israel
1536 4778 1886 4842 praeceptum

239 4854 296 4904 et
321 4845 642 4914 judicium.

317 4911 433 4974 l'loc
463 4920 550 4972 est
580 4918 772 4971 autem
805 4915 1096 4985 exemplar
1126 4911 1382 4984 epistola:
1414 4913 1575 4977 editi,
1602 4913 1752 4984 quod
1787 4914 1888 4967 de-

237 4990 330 5044 dit
366 5006 462 5044 rex
493 4992 837 5042 Artaxerxes
870 4988 1019 5040 Ezrae
1070 4985 1382 5050 sacerdoti,
1415 4985 1616 5039 scribae
1663 4985 1889 5038 erudito

233 5060 297 5115 in
334 5059 708 5116 sermonibus
741 5062 796 5113 et
827 5057 1128 5130 praeceptis
1164 5056 1413 5125 Domini,
1445 5060 1502 5111 et
1532 5056 1890 5112 caeremoniis

233 5133 376 5203 ejus
405 5132 464 5188 in
497 5130 698 5189 Israel.

313 5206 697 5260 Aa'rxxaexss
729 5217 835 5256 sex
877 5216 1075 5256 REGUM
1108 5203 1275 5254 Eznrs
1312 5213 1640 5267 SACERDOTI,
1675 5215 1892 5254 SCRIBE

234 5291 406 5331 LEGIS
443 5277 541 5331 DEI
572 5289 720 5330 coam
757 5288 1118 5343 DOCTISSIMO,
1151 5286 1427 5327 SALUTEM.

313 5417 330 5450 ¹
371 5417 434 5470 In
468 5415 672 5484 Regin.
709 5430 817 5468 ms.
852 5411 968 5482 ﬁlii
1009 5409 1253 5476 Achitob,
1285 5409 1395 5478 ﬁlii
1436 5409 1697 5465 Amraias
1740 5414 1891 5481 tum,

225 5488 356 5559 ﬁlii
386 5487 664 5542 Maraz‘oth
693 5484 1079 5559 ﬁliiﬁzgrim,
1114 5485 1221 5537 etc.

309 5559 335 5592 ³
367 5559 564 5615 Prima
595 5551 773 5614 manu
812 5555 872 5611 in
920 5555 1152 5626 Reginae
1201 5552 1400 5609 codice
1447 5551 1732 5625 scriptum
1786 5551 1896 5608 fuit

221 5630 523 5758 na’blftem
565 5717 678 5756 ms.
711 5699 886 5755 Pheth
936 5697 1126 5765 Moab,
1158 5699 1215 5751 et
1264 5696 1480 5750 Mariae
1531 5711 1633 5765 pro
1681 5695 1846 5752 Zarae
1875 5711 1894 5750 :

213 5776 367 5830 tum
399 5774 690 5848 praeponit
729 5768 1109 5840 versiculum,
1140 5769 1216 5824 De
1257 5768 1391 5838 ﬁliis
1421 5765 1608 5824 Adden
1637 5765 1805 5836 Ahed,
1840 5770 1898 5823 et

560 5891 830 5953 ΡΑτιιοι..
874 5886 1143 5952 XXVIII.

1987 3132 2123 3204 pulo
2151 3130 2253 3204 qui
2285 3128 2372 3185 est
2417 3136 2582 3204 trans
2614 3128 2862 3204 ﬂumen,
2886 3128 2978 3183 his
3010 3128 3277 3204 videlicet
3322 3134 3420 3202 qui
3455 3128 3627 3188 no've-

1987 3201 2124 3284 runt
2150 3203 2333 3284 legem
2371 3203 2462 3282 Dei
2495 3201 3161 3284 tui1sed.etlimperit‘os‘
3185 3201 3401 3284 docete
3425 3205 3628 3284 libere.

1986 3276 2055 3330 Et
2083 3270 2278 3347 omnis
2306 3272 2406 3343 qui
2438 3289 2553 3347 non
2585 3271 2786 3347 iecerit
2825 3270 3012 3347 legem
3063 3273 3180 3347 Dei
3211 3274 3319 3347 tui,
3353 3279 3410 3330 et
3440 3275 3628 3347 legem

1987 3343 2786 3420 regis_diligenter,judicium
2810 3343 3012 3420 erit_de
3032 3360 3120 3408 eo,
3137 3343 3255 3420 sive
3277 3346 3334 3401 in
3361 3343 3628 3420 mortem,

1988 3415 2107 3474 sive
2139 3418 2200 3471 in
2231 3415 2530 3478 exsilium,
2551 3415 2674 3470 sive
2706 3415 2762 3469 in
2786 3415 3337 3472 condemnationem
3364 3415 3634 3476 substan-

1987 3490 2078 3544 tiae
2111 3491 2257 3560 ejus,
2291 3486 2380 3542 vel
2413 3491 2566 3560 certe
2595 3487 2654 3560 in
2689 3502 3002 3560 carcerem.

2061 3558 2412 3616 Benedictus
2449 3558 2735 3613 Dominus
2785 3558 2936 3613 Deus
2986 3563 3220 3630 patrum
3271 3565 3631 3626 nostrorum,

1991 3633 2090 3702 qui
2123 3631 2285 3686 dedit
2311 3631 2419 3685 hoc
2441 3630 2500 3684 in
2525 3631 2697 3702 corde
2721 3630 2895 3702 regis,
2920 3629 3367 3702 utgloriﬁcaret
3391 3633 3632 3689 domum

1988 3700 2240 3769 Domini,
2275 3719 2400 3772 quae
2433 3705 2523 3756 est
2566 3700 2624 3753 in
2656 3700 3003 3762 Jerusalem,
3025 3700 3092 3755 'et
3123 3703 3177 3755 in
3208 3718 3302 3757 me
3331 3703 3634 3760 inclinavit

1992 3773 2452 3828 misericordiam
2486 3787 2653 3826 suam
2688 3787 2881 3826 coram
2907 3786 3040 3840 rege
3065 3776 3120 3825 et
3151 3773 3630 3832 consiliatoribus

1989 3848 2138 3916 ejus,
2171 3849 2228 3900 et
2257 3842 2540 3916 universis
2574 3842 2938 3912 principibus
2971 3843 3123 3916 regis
3152 3844 3506 3916 pgtentihus.

2060 3917 2129 3970 Et
2150 3932 2261 3988 ego
2309 3914 2672 3970 confortatus
2710 3929 2897 3988 manu
2938 3913 3166 3988 Domini
3197 3914 3296 3988 Dei
3338 3916 3472 3982 mei,
3503 3933 3628 3988 quae

1991 3994 2116 4042 erat
2144 3983 2348 4052 in'me,
2377 3984 2724 4057 congregavi
2759 3985 2828 4040 de
2872 3983 3049 4040 Israel
3084 3986 3375 4058 principes
3406 3983 3631 4059 quias-

1991 4059 2307 4116 canderent
2338 4073 2592 4112 mecum.

2063 4131 2217 4202 [ϐαρ.
2249 4130 2422 4199 Vlll.]
2447 4129 2515 4184 Hi
2543 4130 2682 4202 sunt
2702 4141 2837 4196 ergo
2860 4126 3155 4202 principes
3178 4127 3556 4202 familiarum,
3579 4137 3637 4186 et

1992 4198 2329 4272 genealogis
2350 4198 2549 4254 eorum
2576 4198 2674 4272 qui
2700 4199 3343 4272 ascenderuntmecnm
3371 4201 3428 4255 in
3455 4198 3632 4269 regno

1993 4268 2322 4329 Artaxerxis
2349 4275 2501 4342 regis
2525 4268 2928 4342 de‘Babylone.
2958 4271 3033 4324 De
3055 4268 3190 4342 ﬁliis
3214 4272 3478 4335 Phinees,
3501 4268 3633 4330 Ger-

1995 4363 2118 4400 son.
2145 4345 2225 4398 De
2250 4344 2384 4399 ﬁliis
2409 4341 2684 4406 Ithamar,
2705 4341 2930 4396 Daniel.
2959 4345 3032 4396 De
3055 4341 3193 4396 ﬁliis
3215 4343 3418 4407 David,
3444 4348 3630 4400 Attus.

1994 4418 2072 4472 De
2107 4417 2241 4470 ﬁliis
2272 4415 2591 4475 Secheniae,
2622 4412 2762 4467 ﬁliis
2794 4412 3032 4476 Pharos,
3055 4413 3362 4470 Zacharias
3388 4433 3400 4468 :
3425 4421 3630 4471 etcum

1995 4506 2061 4543 eo
2084 4487 2376 4542 numerati
2397 4485 2656 4540 suntviri
2677 4488 2908 4556 centum
2931 4484 3381 4556 quinquaginta.
3402 4487 3480 4541 De
3499 4488 3635 4544 ﬁliis

1996 4559 2413 4616 Phaeth-Moab
2438 4560 2480 4624 ³,
2526 4555 2782 4610 Elioenai
2828 4554 2983 4609 Illius
3038 4554 3224 4622 2am;
3273 4561 3329 4611 et
3377 4575 3510 4614 cum
3567 4576 3633 4614 eo

1991 4630 2225 4687 ducenti
2258 4630 2384 4684 viri.
2412 4629 2491 4682 De
2535 4627 2672 4680 ﬁliis
2711 4627 3026 4690 Secheniai,
3064 4626 3216 4681 ﬁlius
3264 4629 3548 4692 Ezechiel,
3580 4638 3636 4686 et

1993 4719 2124 4757 cum
2167 4718 2231 4756 eo
2263 4698 2508 4756 trecenti
2538 4698 2663 4752 viri.
2698 4698 2776 4752 De
2819 4697 2957 4769 ﬁliis
3004 4698 3228 4768 Adden,
3263 4702 3444 4769 Abed,
3479 4701 3637 4758 ﬁlius

1992 4775 2308 4838 Jonathan,
2341 4776 2398 4826 et
2426 4785 2558 4826 cum
2609 4785 2697 4840 eo,
2729 4768 3161 4840 quinquaginta
3213 4771 3340 4825 viri.
3379 4768 3458 4828 De
3503 4773 3637 4828 ﬁliis

1995 4847 2181 4904 Elam,
2214 4844 2392 4916 Isaias
2423 4842 2580 4916 ﬁlius
2615 4839 3230 4916 Athal_ize_,e_trcumreo
3263 4845 3637 4916 septuaginta

1993 4916 2120 4972 viri.
2154 4917 2234 4970 De.
2277 4915 2412 4968 ﬁliis
2441 4911 2745 4983 Saphatiae,
2776 4911 3042 4983 Zebedia,
3077 4912 3233 4967 ﬁlius
3284 4911 3547 4978 Michael,
3579 4921 3637 4970 et

1995 5004 2128 5042 cum
2164 5003 2229 5042 eo
2260 4981 2556 5056 octoginta
2593 4983 2720 5037 viri.
2757 4985 2831 5056 De
2875 4981 3012 5056 filiis
3040 4983 3209 5052 Joah,
3235 4986 3453 5040 Obedia
3484 4987 3639 5041 ﬁlius

1993 5059 2200 5120 Jehiel,
2235 5062 2292 5112 et
2321 5053 2456 5112 cum
2488 5071 2553 5111 eo
2590 5053 2826 5108 ducenti
2877 5054 3078 5110 decem
3131 5061 3189 5110 et
3238 5061 3365 5111 octo
3397 5059 3525 5112 viri.
3560 5063 3637 5114 De

1998 5131 2134 5185 ﬁliis
2176 5127 2482 5190 Selomith,
2513 5125 2670 5180 ﬁlius
2698 5124 2987 5196 Josphiae,
3019 5130 3235 5182 etcum
3287 5144 3353 5183 eo
3401 5133 3639 5185 centum

1998 5201 2302 5272 sexaginta
2330 5199 2461 5253 viri.
2489 5195 2743 5272 Deﬁliis
2783 5195 2981 5272 Bebai,
3011 5197 3316 5272 Z_acharias
3336 5199 3503 5272 ﬁlius
3537 5203 3643 5257 Be-

1995 5273 2113 5342 bai,
2140 5268 2202 5328 at
2234 5288 2368 5328 cum
2391 5287 2455 5326 eo
2477 5268 2687 5341 viginti
2719 5273 2846 5325 octo
2876 5268 3006 5323 viri.
3033 5268 3113 5323 De
3145 5268 3279 5325 ﬁliis
3311 5271 3522 5343 Ezgad,
3549 5273 3645 5329 Jo-

2000 5409 2098 5481 qui
2128 5409 2533 5481 subsequitur,
2568 5412 2644 5462 De

2001 5479 2312 5538 nuensium
2341 5484 2447 5552 est
2486 5479 2709 5551 lapsus.
2739 5479 3310 5552 ﬂicwchielquoque
3359 5479 3461 5552 pro
3510 5488 3642 5542 Ere-

2000 5553 2059 5608 ch
2072 5552 2142 5607 iet
2178 5569 2311 5607 mox
2339 5550 2502 5622 legit,
2521 5548 2588 5624 et
2619 5548 2792 5622 paulo
2821 5553 2992 5624 rpost_
3017 5548 3230 5607 Abedid
3251 5548 3400 5624 ﬁlius
3429 5557 3644 5624 Iechiel,

2001 5624 2255 5752 (IiIeCujsue
2333 5619 2571 5694 Ezbad,
2621 5619 2744 5694 'pro
2810 5619 3030 5691 Esgad,
3099 5627 3155 5678 et
3234 5623 3457 5682 Secctan
3539 5619 3643 5702 pro

2075 5713 2103 5752 ε
2159 5712 2252 5751 αη.

2046 5704 2252 5752 ccetan.

2679 5407 2815 5480 ﬁliis
2854 5405 3148 5480 Sechem'az,
3182 5413 3314 5476 etc.,
3347 5412 3447 5480 qui
3481 5429 3644 5470 ama-

3245 5887 3323 5946 47
