4090 6192
295 265 439 322 1489
816 321 825 331 _
1527 331 1530 334 ί
1767 271 1910 324 LIB}

2092 271 2247 324 SBE.
3568 274 3707 331 1490

290 407 400 479 nec
429 392 842 479 extenderetur
859 393 1337 479 domus'Eli‘asib.
1375 398 1443 461 E1
1476 399 1607 479 post
1637 409 1773 479 eum
1799 395 1936 479 εθρἱ
1967 398 2022 463 Α
2052 396 2812 479 memento_te,_et‘pugnate
2845 411 2946 479 pro
2980 395 3260 479 fratribus
3301 400 3705 479 vestri_s,_filiis

293 468 614 541 ﬁcaverunt
644 466 996 541 sacerdotes,
1030 467 1237 541 viride
1258 465 1698 541 campestribus
1727 468 1938 522 Jorda-
2050 467 2280 541 vestris,
2308 473 2363 521 et
2411 465 2667 541 ﬁliabus‘
2692 465 2918 535 vestris,
2950 473 3006 523 et
3056 470 3334 526 uxoribus
3384 465 3611 541 vestris,
3647 479 3705 530 et

295 538 408 592 nis.
445 541 582 593 Post
610 553 742 591 eum
774 538 1081 592 aediﬁcavit
1129 538 1433 606 Beniamin
1466 544 1522 593 et
1552 540 1706 593 Asub
1740 545 1942 594 contra
2047 539 2323 592 domibus
2357 538 2583 592 vestris.

293 609 537 662 domum
589 624 758 662 suam
787 629 800 675 ;
861 614 918 663 et
977 613 1108 679 post
1164 625 1296 663 eum
1351 610 1657 665 mditicavit
1704 610 1939 666 Azarias
2118 611 2355 664 Factum
2389 616 2479 664 est
2511 614 2727 672 autem,
2752 626 2884 664 cum
2919 611 3225 666 audissent
3255 613 3476 667 inimici
3509 615 3697 669 nostri

290 679 450 752 illius
505 679 753 752 Maasiae
797 679 1181 752 ﬁliirAnanize
1220 688 1432 752 contra
1471 683 1712 736 domum
1745 699 1934 736 suam.
2045 682 2379 735 nuntiatum
2403 697 2531 736 esse
2554 681 3060 752 nobis,dissipavit
3084 689 3237 737 Deus
3261 685 3570 739 consilium
3599 703 3696 740 eo.

289 750 428 806 Post
467 767 600 805 eum
651 751 959 828 aedificavit
1010 751 1230 828 Bennui
1279 753 1432 828 filius
1485 754 1719 828 Enadad
1771 771 1935 828 men:
2045 769 2199 808 rum.
2230 753 2295 828 Et
2317 753 2529 807 reversi
2562 769 2769 828 sumus
2793 750 2998 828 omnes
3021 755 3088 808 ad
3118 757 3695 828 muroshunusquis-

284 838 484 895 suram
561 823 882 877 secundam
912 868 925 886 ,
1003 841 1036 878 a
1113 824 1286 877 domo
1345 825 1560 878 Azariae
1616 840 1805 895 usque
1863 826 1936 880 ad
2043 839 2157 894 que
2188 824 2258 878 ad
2292 840 2440 894 opus
2472 840 2663 879 suum.
2691 824 2756 877 Et
2789 825 3005 879 factum
3035 831 3124 880 est
3157 843 3189 880 a
3221 827 3311 882 die
3341 825 3464 893 illa,
3502 823 3694 885 media

285 894 590 970 ﬂexuram,
624 901 678 947 et
710 909 898 965 usque
931 895 1001 948 ad
1036 894 1343 970 angulum.
1378 896 1589 970 Phalel
1633 894 1789 970 filius
1838 897 1933 952 Ozi
2042 911 2178 966 pars
2203 897 2485 970 juvenum
2518 911 2722 970 eorum
2757 895 3003 970 faciebat
3033 914 3202 968 opus,
3235 903 3289 951 et
3340 900 3529 953 media
3588 917 3689 970 pa-

285 969 490 1040 contra
524 965 802 1040 flexuram
826 970 880 1019 et
904 966 1134 1040 turrim,
1155 981 1290 1040 quas
1320 967 1538 1040 eminet
1560 967 1629 1020 de
1655 968 1827 1022 domo
1854 985 1936 1023 re-
2043 965 2168 1040 rata
2199 971 2322 1040 erat
2345 968 2415 1020 ad
2440 966 2681 1040 bellum,
2709 971 2766 1020 et
2796 966 3033 1040 lanceae,
3054 965 3112 1023 et
3140 973 3328 1031 scuta,
3355 975 3413 1024 et
3443 965 3614 1025 arcus
3645 973 3687 1040 ³,

284 1037 377 1112 gis
426 1036 676 1112 excelsa,
707 1037 901 1112 idest
949 1037 1006 1091 in
1038 1037 1206 1112 atrio
1259 1038 1508 1112 carceris
1541 1055 1553 1092 :
1588 1045 1743 1112 post
1795 1056 1929 1112 eum
2041 1039 2412 1112 etl_o_ricae,_et
2438 1039 2727 1109 principes
2752 1044 2880 1108 post
2901 1054 3000 1094 eos
3023 1039 3080 1093 in
3107 1041 3271 1112 omni
3307 1042 3481 1097 domo
3509 1036 3686 1112 Juda,

287 1107 734 1180 Pbadaiagﬁlius
767 1108 1006 1163 Pharos.
1038 1107 1324 1162 Nathinaai
1359 1114 1553 1164 autem
1588 1107 1933 1165 Habitabant
2041 1107 2455 1164 mdiﬁeantium
2481 1112 2537 1164 in
2564 1107 2836 1174 muro,’et
2861 1111 3221 1180 portantium
3254 1128 3450 1179 onera,
3487 1118 3544 1168 et
3573 1107 3686 1168 im?

282 1177 344 1233 in
378 1178 560 1250 Ophel
593 1194 780 1254 usque
811 1184 1012 1234 contra
1056 1184 1284 1254 portam
1316 1196 1601 1254 aquarum
1633 1183 1702 1236 ad
1735 1183 1932 1237 orien-
2040 1181 2386 1254 ponentium
2414 1197 2578 1254 ;_una
2607 1197 2783 1254 manu
2817 1177 3202 1254 suafaciebat
3232 1177 3473 1254 Opus,et
3502 1184 3687 1241 altera

284 1254 427 1318 tem,
461 1255 518 1304 et
548 1250 782 1328 tu_r_rim,
815 1266 941 1328 quae
995 1250 1386 1322 prominebat.
1418 1253 1554 1328 Post
1585 1269 1716 1308 eum
1747 1254 1930 1328 aedifi-
2039 1250 2278 1328 tenebat
2302 1252 2601 1328 gladium:
2635 1252 3051 1308 aediﬁcantium
3085 1250 3686 1328 enjm_'unusquisque

282 1329 562 1376 caverunt
594 1321 891 1377 Thecueni
925 1321 1258 1396 mensuram
1287 1325 1927 1396 secundamaregione,
2038 1323 2234 1396 gladio
2264 1321 2387 1378 erat
2407 1325 2705 1396 accinctus
2728 1340 2914 1379 renes.
2945 1329 3006 1378 Et
3029 1325 3414 1395 mdiﬁcabant,
3439 1321 3496 1382 et
3526 1321 3684 1382 clan-

282 1409 317 1468 ἒ
341 1397 501 1447 turre
525 1408 740 1462 magna
761 1398 819 1448 et
839 1394 1130 1448 eminente
1149 1410 1336 1464 usque
1355 1396 1677 1468 adgmurum
1704 1394 1923 1468 templi.
2036 1394 2253 1468 gebant
2278 1394 2528 1468 buccina
2574 1396 2741 1468 juxta
2768 1411 2878 1468 me.
2911 1396 2974 1450 Et
3006 1397 3123 1450 dixi
3158 1399 3228 1451 ad
3263 1394 3597 1466 optimates,
3629 1403 3686 1454 et

281 1464 533 1542 Sursum
566 1469 760 1518 autem
794 1481 827 1519 a
845 1469 1025 1542 porta
1054 1481 1340 1542 equorum
1367 1467 1802 1522 zediﬁcaverunt
1828 1464 1927 1524 sa-
2037 1464 2106 1520 ad
2133 1467 2536 1542 magistratus,
2561 1464 2618 1521 et
2637 1467 2709 1521 ad
2733 1467 3018 1539 reliquam
3046 1472 3264 1542 partem
3290 1464 3451 1541 vulgi
3477 1487 3490 1525 :
3521 1464 3682 1542 opus

280 1536 569 1609 cerdotes,
603 1536 1249 1609 unusquisque__contra
1280 1537 1517 1593 domum
1569 1555 1758 1593 suam.
1793 1545 1930 1596 Post
2035 1536 2259 1608 grande
2279 1542 2368 1592 est
2389 1538 2671 1604 etlatum,
2697 1542 2752 1593 et
2783 1536 2889 1593 nos
2916 1536 3172 1609 separati
3196 1536 3483 1595 sumus—in
3511 1536 3681 1597 muro

277 1622 378 1662 eos
409 1607 717 1682 aedificavit
745 1608 969 1662 Sadoch
999 1607 1159 1682 _ﬁ_l_ius
1190 1608 1424 1682 Emmer
1448 1613 1655 1682 contra
1684 1612 1926 1667 domum
2035 1609 2237 1682 procul
2265 1609 2413 1664 alter
2434 1611 2504 1663 ab
2537 1610 2774 1682 altero;
2795 1610 2855 1664 in
2890 1607 3011 1665 loco
3042 1627 3392 1682 quocunque
3423 1613 3682 1668 audieri-

277 1694 466 1753 suam.
503 1679 570 1732 Et
603 1682 736 1749 post
765 1695 900 1734 eum
930 1679 1240 1753 adiﬁcavit
1269 1680 1498 1736 Semaia
1529 1681 1685 1736 ﬁlius
1711 1683 1926 1738 Seche-
2033 1680 2109 1735 tis
2143 1680 2475 1753 clangorem
2505 1683 2682 1753 tubae,
2718 1680 2865 1753 illuc
2882 1679 3209 1737 concurrite
3239 1679 3312 1736 ad
3345 1700 3487 1738 nos:
3526 1691 3678 1739 Deus

274 1749 407 1830 nisi,
438 1754 636 1830 custos
668 1754 846 1830 portae
877 1750 1200 1830 orientalis.
1237 1754 1381 1830 Post
1418 1769 1582 1830 eum
1612 1754 1922 1830 aedificavit
1949 1769 1995 1830 Β
2028 1757 2226 1807 noster
2257 1749 2542 1830 pugnabit
2583 1769 2686 1822 pro
2733 1751 2922 1830 nobis.
2956 1755 3025 1808 Et
3070 1769 3175 1808 nos
3224 1753 3337 1830 ipsi
3388 1755 3675 1830 iaciamus

272 1820 496 1876 Anania
523 1820 681 1876 filius
706 1820 992 1895 Selemize,
1017 1826 1072 1876 et
1105 1825 1275 1876 Auun
1307 1822 1460 1878 filius
1492 1824 1702 1895 Seleph
1736 1828 1752 1860 ¹
1786 1843 1920 1882 sex-
1949 1820 1993 1830 “’
2026 1840 2211 1895 opus:
2258 1820 2315 1878 et
2344 1820 2539 1878 inedia
2572 1820 2704 1893 pars
2737 1829 3004 1878 nostrum
3057 1820 3266 1879 teneat'
3307 1825 3562 1892 lanceas,
3599 1829 3671 1883 ab

271 1895 374 1966 tu_s_
394 1909 735 1966 mensuram
760 1894 1117 1966 secundam:
1152 1897 1285 1963 post
1306 1910 1439 1949 eum
1462 1894 1768 1966 aedifiCavit
1801 1899 1918 1954 Mo-
2025 1894 2271 1950 ascensu
2305 1911 2527 1950 aurorae
2571 1897 2754 1950 donec
2798 1897 3174 1966 egrediantur
3203 1901 3379 1952 astra.
3425 1897 3488 1953 In
3521 1904 3673 1954 tem-

269 1962 1198 2040 sollamfilius‘Barachiae‘montra
1221 1965 1914 2040 garopbylaciumsuum.
2025 1984 2163 2040 pore
2194 1983 2425 2038 quoque
2458 1966 2556 2020 illo
2589 1966 2705 2040 dixi
2743 1962 3010 2040 populo;
3074 1967 3486 2040 Unusquisque
3536 1987 3672 2026 cum

271 2034 406 2112 Post
437 2051 570 2090 eum
604 2035 909 2112 tediticavit
959 2034 1242 2090 Melchias
1267 2034 1427 2092 ﬁlius
1454 2034 1696 2112 artificis
1729 2058 1916 2112 usque
2023 2034 2346 2112 puero‘suo'
2375 2043 2610 2092 maneat
2642 2039 2696 2092 in
2735 2034 2924 2112 medio
2954 2034 3304 2112 Jerusalem,
3336 2034 3542 2095 et'sint
3569 2059 3673 2097 no-

271 2057 406 2090 rost
437 2057 570 2090 eum
604 2057 909 2090 aeuincavu
960 2057 1236 2090 meicnias
1267 2057 1427 2092 nuus
1458 2057 1696 2093 aruncls
1729 2058 1916 2112 usque
2065 2057 2201 2093 uero
2234 2057 2340 2093 suo
2375 2057 2610 2092 maneat.
2642 2057 2696 2092 ll]
2735 2057 2924 2092 metuo
2954 2057 3304 2107 Jerusalem,
3336 2057 3393 2094 et
3422 2057 3542 2095 Slnl’.
3569 2059 3670 2097 no-

268 2107 342 2185 ad
365 2107 607 2185 domum
629 2107 1152 2185 Natbinasorumﬁt
1167 2109 1757 2185 scruta_vendentium
1781 2129 1916 2169 con-
2021 2057 2112 2165 gis
2143 2111 2294 2164 vices
2327 2126 2430 2185 per
2461 2115 2713 2185 noctem,
2745 2115 2802 2163 et
2837 2110 2993 2185 diem
3026 2111 3514 2185 adoperandum.
3550 2114 3670 2185 Ego

265 2180 613 2254 traportam
636 2179 1001 2254 judicialem,
1026 2183 1083 2234 et
1104 2179 1775 2254 usqueadccenaculum
1805 2201 1914 2240 an-
2020 2186 2214 2236 autem
2247 2186 2304 2236 et
2333 2179 2540 2235 fratres
2575 2181 2708 2246 mei,
2733 2185 2788 2254 et
2815 2181 2981 2254 pueri
3011 2180 3143 2249 mei,
3169 2179 3236 2235 iet
3265 2183 3536 2254 custodes
3568 2179 3669 2254 qui

265 2248 412 2326 gilii:
448 2250 513 2304 Et
543 2250 698 2305 inter
725 2251 1091 2326 cmnaculum
1148 2248 1346 2326 anguli
1380 2251 1438 2305 in
1472 2257 1637 2322 porta
1665 2257 1860 2326 gregis
1892 2258 1912 2291 ³
2019 2257 2185 2307 erant
2237 2258 2368 2324 post
2417 2269 2530 2326 me,
2565 2268 2682 2305 non
2715 2248 3150 2326 dep'onebamus
3184 2253 3534 2326 vestimenta
3563 2248 3670 2309 rio-

267 2320 702 2395 mdiﬁcaverunt
732 2321 1000 2376 aurifices
1023 2326 1080 2376 et
1104 2320 1519 2392 negotiatores.
1668 2320 1696 2326 ⁷
1771 2320 1802 2326 ⁷
2017 2320 2826 2395 εἰπάειιούείιυίετιμθιᾶηῐυῐὴ
2844 2324 3182 2378 nudabatur
3195 2325 3264 2395 ad
3280 2326 3664 2395 baptismum.

334 2391 490 2467 (Bap.
518 2392 637 2460 IV.)
665 2393 902 2467 Factum
953 2397 1040 2448 est
1088 2391 1306 2462 autem,
1341 2410 1483 2467 cum
1509 2395 1770 2451 audisset
1800 2398 1908 2453 Sa-
2089 2394 2240 2467 [Cap.
2278 2391 2368 2464 V.]
2401 2391 2691 2449 Et'factus
2721 2401 2808 2448 est
2840 2395 3060 2448 clamor
3091 2394 3292 2466 populi
3328 2391 3385 2450 et
3416 2414 3666 2452 uxorum

263 2462 526 2538 naballat
555 2465 709 2534 quod
742 2465 1159 2538 aedificaremus
1192 2481 1447 2538 murum,
1472 2466 1658 2522 iratus
1679 2475 1766 2524 est
1791 2470 1911 2524 val-
2015 2462 2142 2537 ejus
2188 2462 2468 2538 magnus,
2507 2467 2786 2538 adversus
2845 2467 3054 2538 fratres
3093 2462 3253 2538 'su'os
3307 2467 3562 2524 Judzeos.
3603 2473 3668 2524 Et

263 2533 370 2600 de;
431 2540 502 2607 et,
534 2533 730 2591 motus
761 2536 940 2590 nimis
972 2537 1359 2592 subsannavit
1387 2536 1641 2603 Judaaos,
1673 2545 1728 2594 et
1761 2540 1907 2596 dixit
2014 2533 2618 2607 erantquivdieerent:
2656 2536 2781 2590 Filii
2805 2537 2988 2591 nostri
3016 2543 3072 2591 et
3098 2537 3227 2590 ﬁlim
3260 2544 3469 2593 nostrae
3507 2539 3662 2594 mul-

260 2619 468 2680 (εοιξεετῐι⁸
484 2606 760 2680 fratribus
782 2607 1340 2680 suisetfrequentia
1359 2609 1901 2680 Samaritanorum;
2010 2613 2080 2663 ιω
2113 2606 2251 2664 sunt
2290 2608 2465 2662 nimis
2502 2625 2513 2661 :
2564 2609 2922 2679 accipiamus
2957 2624 3056 2680 pro
3091 2608 3274 2678 pretio
3305 2627 3504 2664 eorum
3542 2611 3663 2666 fru-

258 2674 406 2738 Ouid
437 2677 624 2753 Judaei
654 2678 879 2753 faciunt
901 2674 1226 2753 imbecilles
1247 2679 1274 2733 ?
1296 2680 1444 2734 Num
1466 2681 1776 2753 dimittent
1806 2674 1904 2739 eos
2012 2684 2298 2753 mentum,
2331 2684 2387 2735 et
2429 2674 2832 2746 comedamus,
2861 2683 2918 2733 et
2947 2674 3226 2753 vivamus.
3262 2680 3331 2753 Et
3362 2685 3528 2736 erant
3559 2683 3663 2753 qui

256 2749 509 2820 gentes?
556 2767 700 2805 num
733 2750 1172 2815 sacriﬁcabant,
1204 2755 1261 2805 et
1291 2751 1670 2820 complebunt
1696 2753 1752 2808 in
1787 2771 1904 2809 una
2010 2752 2268 2807 dicerent
2296 2769 2308 2806 :
2346 2757 2530 2820 Agros
2585 2756 2836 2812 nostros,
2869 2754 2925 2804 et
2956 2750 3180 2815 vineas,
3213 2755 3268 2804 et
3297 2752 3506 2807 domos
3556 2749 3658 2810 rio-

256 2817 352 2894 die
375 2818 404 2873 *ἲ
436 2820 730 2894 Numquid
756 2821 1052 2894 aediﬁcare
1084 2826 1357 2894 poterunt
1386 2817 1610 2894 lapides
1643 2825 1713 2880 de
1743 2843 1902 2881 acer-
2008 2829 2159 2878 stras
2187 2817 2578 2894 opponafmus,
2610 2827 2666 2877 et
2694 2822 3056 2893 accipiamus
3088 2822 3449 2877 frumentum
3479 2823 3540 2877 in
3570 2825 3659 2878 fa-

254 2889 344 2945 vis
367 2889 641 2964 p_ulveris,
668 2893 765 2963 qui
799 2889 1293 2949 combusti—sunt?
1321 2895 1428 2947 Sed
1449 2889 1505 2948 et
1526 2895 1738 2951 Tobias
1761 2900 1899 2953 Am-
2009 2911 2120 2950 me.
2151 2895 2210 2948 Et
2228 2889 2340 2949 alii
2371 2893 2682 2948 dicebant:
2715 2889 2919 2949 Mutuo
2949 2909 3257 2948 sumamus
3287 2895 3562 2964 pecunias
3597 2896 3657 2949 in

256 2962 833 3037 manites‘proximus
865 2966 1012 3037 ejus,
1045 2964 1126 3018 ait
1160 2981 1172 3018 :
1219 2965 1524 3020 zEditicent
1557 2982 1586 3037 :7
1614 2966 1660 3021 si
1694 2985 1899 3023 ascen-
2006 2966 2228 3021 tributa
2259 2965 2431 3037 regis,
2466 2966 2794 3034 damusque
2843 2981 3010 3032 agros
3060 2962 3301 3019 nostros
3319 2971 3376 3020 et
3401 2967 3602 3020 vineas
3640 2983 3652 3019 :

253 3032 406 3107 derit
433 3032 660 3104 vulpes,
694 3035 985 3090 transiliet
1034 3052 1268 3090 murum
1318 3053 1518 3091 eorum
1577 3036 1894 3107 lapideum.
2003 3043 2058 3092 et
2093 3053 2246 3092 nunc
2279 3032 2433 3091 sicut
2478 3032 2974 3091 carnes‘fratrurn
3027 3040 3383 3102 nostrorum,
3413 3037 3496 3093 sic
3528 3054 3653 3092 car-

250 3104 418 3196 éudi,
450 3111 605 3196 Deus
639 3107 1022 3196 noster,‘quia
1052 3108 1182 3196 facti
1217 3123 1425 3188 sumus
1456 3104 1751 3179 despectio
1783 3112 1888 3174 [A1,
1923 3132 1966 3196 ε
2007 3125 2110 3196 nes
2143 3112 2354 3196 unostras
2385 3114 2582 3196 sunt}.
2606 3107 2760 3163 sicut
2815 3107 3190 3196 lilibeorum,
3217 3107 3299 3162 ita
3327 3108 3520 3196 etniilii
3554 3125 3656 3162 no-

249 3175 611 3251 despectui]:
660 3175 925 3234 converte
969 3179 1350 3251 opprobrium
1383 3175 1762 3251 super‘caput
1796 3199 1890 3238 eo-
1924 3175 1966 3196 υ
2006 3181 2136 3236 stri.
2159 3185 2300 3234 Ecce
2324 3196 2428 3251 nos
2451 3180 2844 3251 subjugamus
2870 3178 3018 3251 filios
3042 3184 3271 3233 nostros
3294 3184 3353 3234 et
3371 3179 3521 3235 tilias
3553 3197 3656 3235 no-

247 3263 423 3324 r_um_,_
437 3255 495 3304 et
521 3249 596 3305 da
623 3266 721 3324 eos
752 3251 811 3324 in
843 3250 1275 3324 despectionem
1309 3251 1368 3304 in
1403 3249 1560 3307 terra
1590 3249 1898 3324 captivita-
2004 3258 2160 3307 stras
2191 3252 2249 3306 in
2281 3249 2659 3324 servitutem,
2677 3255 2733 3304 et
2763 3250 2833 3324 de
2864 3249 3099 3324 filiabus
3132 3251 3349 3324 nostris
3381 3256 3522 3306 sunt
3571 3252 3655 3305 fa-

243 3318 342 3373 tis.
375 3319 457 3374 Ne
505 3321 736 3391 operias
793 3318 1168 3392 iniquitatem
1225 3338 1448 3388 eorum,
1477 3327 1532 3378 et
1589 3318 1892 3392 peccatum
2003 3324 2198 3388 mulae,
2233 3339 2339 3376 nec
2371 3322 2656 3377 habemus
2688 3321 2842 3376 unde
2875 3321 3101 3392 possint
3131 3322 3360 3393 redimi.
3394 3327 3452 3378 et
3482 3339 3652 3393 agros

240 3406 446 3446 eorum
480 3407 675 3466 coram
717 3394 864 3448 facie
910 3399 1009 3448 tua
1059 3411 1190 3466 non
1214 3394 1495 3466 deleatur,
1529 3395 1668 3466 quia
1700 3397 1896 3452 irrise-
2004 3401 2260 3460 nostros,
2288 3397 2344 3466 et
2374 3394 2574 3448 vineas
2606 3398 2832 3448 nostras
2860 3393 2954 3466 alii
2993 3392 3312 3463 possident.
3345 3394 3415 3448 Et
3464 3392 3651 3449 iratus

242 3466 386 3537 runt
428 3463 803 3537 aediﬁcantes.
842 3466 1041 3535 Itaque
1088 3464 1504 3520 aediﬁcavimus
1548 3463 1806 3537 murum,
1841 3473 1899 3524 et
2004 3483 2137 3521 sum
2170 3464 2348 3520 nimis
2375 3482 2510 3520 cum
2544 3466 2839 3520 audissem
2873 3464 3187 3519 clamorem
3213 3480 3415 3519 eorum
3449 3482 3655 3521 secun-

241 3533 655 3604 conjunximus
676 3541 863 3591 totum
888 3533 1074 3607 usque
1106 3537 1172 3589 ad
1210 3541 1428 3607 partem
1457 3537 1763 3594 dimidiam
1791 3533 1802 3594 Ξ
1839 3545 1897 3596 et
2005 3539 2145 3593 dum
2178 3538 2353 3591 verba
2382 3537 2502 3592 haec
2535 3553 2548 3591 :
2594 3536 2980 3606 cogitavilque
3011 3551 3109 3590 cor
3141 3552 3332 3591 meum
3367 3553 3595 3592 mecum
3633 3553 3645 3591 :

243 3611 627 3678 provocatum
662 3612 747 3661 est
779 3624 876 3661 cor
908 3607 1103 3678 pepuli
1138 3608 1206 3660 ad
1244 3609 1628 3680 operandum.
2005 3615 2062 3663 et
2094 3609 2355 3680 increpui
2390 3609 2700 3678 optimates
2731 3613 2785 3662 et
2818 3609 3219 3680 magistratus,
3245 3608 3446 3680 etudixi
3470 3610 3492 3642 ‘
3516 3609 3604 3680 eis
3632 3625 3645 3662 :

321 3681 556 3749 Factum
592 3683 681 3732 est
712 3684 924 3741 autem,
961 3695 1092 3733 cum
1145 3678 1405 3734 audisset
1451 3680 1811 3746 Sanaballat,
1845 3685 1901 3736 et
2005 3678 2300 3736 Usurasn‘e
2346 3680 2559 3748 singuli
2594 3698 2626 3732 a
2659 3678 2940 3734 fratribus
2983 3679 3191 3732 vestris
3241 3679 3472 3749 exigitis
3504 3679 3531 3733 ‘I
3581 3682 3647 3733 Et

254 3747 491 3824 Tobias,
523 3754 579 3804 et
622 3751 864 3824 Arabes,
897 3754 954 3824 et
1001 3751 1453 3824 Ammanitzetet
1501 3752 1708 3818 Azotii,
1743 3755 1897 3824 quod
2004 3751 2347 3824 congregavi
2381 3747 2692 3805 adversum
2745 3766 2843 3804 eos
2893 3749 3232 3804 concionem
3264 3747 3559 3819 magnam,
3596 3755 3653 3805 et

255 3819 512 3894 obducta
532 3825 694 3894 esset
723 3822 962 3876 cicatrix
985 3822 1507 3894 muriJerusalem,
1528 3828 1583 3876 et
1606 3819 1898 3894 quod'cm-
2005 3819 2241 3878 dixieis
2275 3838 2286 3874 :

255 3890 484 3961 pissent
528 3892 859 3963 interrupta
906 3892 1197 3948 concludi.
1231 3893 1362 3946 irati
1412 3898 1551 3947 sunt
1601 3890 1796 3949 nimis.
1833 3897 1902 3949 Et
2079 3894 2216 3954 Nos,
2243 3897 2306 3945 ut
2327 3890 2891 3963 seitis,redemimus
2919 3890 3123 3943 fratres
3147 3893 3380 3963 nostros
3400 3890 3658 3963 Judrnos,

255 3964 593 4033 congregati
627 3961 994 4019 sunt‘omnes
1029 3964 1262 4034 pariter,
1299 3969 1361 4018 ut
1389 3965 1674 4031 venirent,
1709 3971 1765 4020 et
1796 3983 1902 4035 pu-
2009 3964 2107 4032 qui
2135 3963 2352 4018 venditi
2404 3964 2636 4016 fuerant
2668 3961 2964 4035 gentibus,
2999 3961 3660 4035 secundumpossibili-

253 4032 505 4100 gnarent
535 4039 740 4090 contra
767 4032 1112 4103 Jerusalem,
1144 4040 1202 4090 et
1233 4035 1579 4091 molirentur
1633 4032 1896 4092 insidias.
2005 4040 2183 4090 tatem
2218 4039 2474 4089 nostram
2514 4050 2526 4086 :
2583 4038 2638 4088 et
2669 4032 2767 4087 vos
2802 4033 2979 4092 igitur
3021 4032 3285 4087 vendatis
3320 4034 3529 4086 fratres
3561 4049 3656 4087 vc-

256 4105 326 4159 Et
357 4105 656 4174 oravimus
706 4111 884 4162 Deum
938 4111 1230 4170 nostrum,
1265 4112 1322 4161 et
1354 4107 1662 4176 posuimus
1707 4113 1901 4163 custo-
2007 4113 2176 4171 stros,
2203 4112 2259 4160 et
2290 4104 2832 4160 redimemuseos‘?
2858 4106 2924 4157 Et
2953 4103 3263 4168 siluerunt,
3293 4121 3395 4158 nec
3420 4103 3656 4157 invene-

254 4176 360 4231 des
391 4193 572 4247 super
603 4194 840 4232 murum
872 4179 964 4232 die
996 4194 1061 4232 ac
1091 4182 1260 4232 nocte
1317 4183 1520 4233 contra
1577 4195 1695 4233 eos.
1749 4179 1903 4234 Dixit
2007 4181 2146 4232 runt
2175 4177 2312 4247 quid
2349 4178 2770 4247 responderent.
2803 4192 2816 4230 :
2853 4176 3098 4245 Dixiqne
3131 4176 3198 4229 ad
3233 4191 3333 4230 eos
3371 4193 3382 4229 :
3416 4176 3537 4230 Non
3572 4180 3662 4229 est

256 4251 455 4320 autem
487 4249 672 4304 Judas
702 4266 715 4304 :
749 4248 1066 4305 Debilitata
1087 4254 1170 4304 est
1191 4249 1470 4304 fortitudo
1503 4253 1811 4320 portantis,
1846 4256 1904 4305 et
2006 4250 2160 4304 bona
2186 4265 2278 4303 res
2309 4247 2708 4320 quamil‘aeitis
2737 4263 2749 4301 ε
2813 4263 2994 4317 quare
3039 4263 3153 4299 non
3198 4247 3265 4320 in
3317 4247 3536 4320 timore
3552 4247 3654 4320 Dei

255 4319 479 4374 humus
511 4321 693 4374 nimia
723 4325 833 4387 est,
865 4327 921 4375 et
969 4337 1074 4376 nos
1115 4337 1231 4374 non
1267 4317 1588 4388 poterimus
1619 4323 1904 4377 aedificare
2010 4321 2191 4375 nostri
2228 4317 2564 4376 ambulatis.
2592 4335 2660 4372 ne
2690 4320 3074 4387 exprobretur
3121 4317 3290 4371 nobis
3323 4335 3355 4369 a
3386 4318 3660 4388 gentibus

256 4407 514 4445 murum.
548 4391 616 4445 Et
642 4393 914 4447 dixerunt
954 4391 1149 4446 hostes
1199 4393 1380 4446 nostri
1417 4409 1430 4447 :
1478 4393 1558 4446 Ne
1605 4395 1816 4462 sciant,
1849 4398 1906 4448 et
2011 4391 2270 4446 inimicis
2302 4391 2568 4444 nostris?
2626 4391 2695 4444 Et
2744 4406 2880 4462 ego,
2913 4395 2967 4462 et
2999 4391 3206 4462 fratres
3241 4389 3374 4451 mei,
3407 4393 3462 4443 et
3497 4388 3660 4459 pueri

256 4462 548 4552 ignprent,
571 4463 754 4518 donec
776 4463 1080 4518 veniamus
1103 4463 1440 4552 in’m'edium
1473 4479 1700 4533 eorum,
1725 4469 1782 4521 et
1804 4460 1904 4520 'in—
1933 4489 1980 4552 D
2012 4463 2148 4525 mei,
2173 4462 2675 4552 commodavinius
2703 4460 2974 4543 plurimis
2996 4461 3305 4552 pecuniam
3329 4465 3385 4552 et
3405 4462 3490 4514 fru
3504 4477 3662 4552 men-

255 4533 619 4589 terﬁciamus
649 4551 771 4599 eos,
803 4539 859 4591 et
890 4551 1118 4590 cessare
1153 4534 1437 4589 faciamus
1480 4552 1649 4605 Opus.
1933 4532 1980 4552 ”
2013 4540 2141 4590 tum
2176 4551 2189 4587 :
2240 4551 2351 4587 non
2400 4537 2733 4601 repetamus
2763 4532 3169 4605 ingeommune
3199 4532 3489 4605 istud,_:es
3521 4532 3660 4586 alie-

332 4606 570 4660 Factum
595 4611 679 4660 est
701 4609 918 4672 autem,
945 4605 1311 4660 venientibus
1341 4602 1579 4675 Judzei’s,
1604 4605 1702 4677 qui
1737 4606 1902 4662 habi-
2017 4621 2158 4660 num
2192 4605 2603 4662 concedamus,
2625 4604 2774 4677 quod
2813 4603 3056 4656 debetur
3082 4602 3276 4677 nobis._
3299 4603 3539 4657 Reddite
3579 4606 3664 4658 eis

254 4677 461 4731 tabent
485 4677 655 4745 juxta
676 4694 796 4742 eos,
821 4683 877 4732 et
899 4677 1227 4748 dicentibus
1261 4678 1430 4732 nobis
1458 4672 1787 4748 per’d‘ecem
1822 4677 1904 4731 vi-
2017 4677 2190 4731 hodie
2217 4693 2383 4729 aeros
2413 4692 2571 4748 suos,
2605 4679 2658 4729 et
2690 4674 2890 4729 vineas
2932 4690 3092 4739 suas,
3116 4678 3173 4748 et
3202 4672 3414 4728 oliveta
3446 4691 3583 4748 sua,
3607 4680 3665 4729 et

254 4763 374 4802 ces.
401 4764 466 4802 ex
501 4749 779 4804 omnibus
812 4748 954 4804 locis
983 4747 1196 4819 quibus
1227 4745 1501 4803 venerant
1531 4750 1600 4804 ad
1636 4766 1764 4813 nos,
1790 4754 1909 4802 sta-
2018 4750 2224 4802 domos
2255 4765 2393 4800 snas
2428 4763 2450 4819 ’ν
2475 4747 2627 4819 quin
2650 4747 2842 4819 potius
2873 4749 2930 4799 et
2959 4745 3342 4819 centesimam
3377 4746 3660 4819 pecuniae,

259 4820 348 4873 tui
379 4819 436 4873 in
467 4819 592 4874 loco
626 4825 755 4888 post
786 4816 1024 4874 murum
1061 4835 1163 4890 per
1191 4819 1503 4874 circuitum
1537 4819 1813 4890 populum
1847 4821 1906 4874 in
2019 4820 2317 4877 frumenti,
2341 4818 2480 4880 vini,
2504 4823 2560 4870 et
2581 4816 2710 4890 olei,
2737 4833 2938 4890 quami
2963 4816 3191 4890 exigere
3239 4816 3440 4890 soletis
3463 4818 3534 4890 ab
3557 4818 3662 4890 eis,

256 4891 524 4945 ordinem
573 4907 706 4945 cum
751 4891 962 4961 gladiis
1011 4888 1158 4955 suis,
1191 4895 1247 4945 et
1278 4891 1515 4946 lanceis.
1538 4888 1905 4946 et—arcubus.
2019 4892 2153 4961 date
2186 4907 2287 4960 pro
2318 4889 2456 4943 illis.
2481 4890 2547 4943 Et
2575 4889 2887 4961 dixerunt;
2912 4888 3266 4961 Reddemus,
3290 4893 3347 4942 et
3369 4889 3440 4961 ab
3463 4889 3546 4961 eis
3575 4889 3664 4941 ni-

258 4962 329 5016 Et
358 4962 624 5034 perspexi
658 4958 834 5033 atque
861 4963 1083 5034 surrexi
1122 4979 1136 5018 :
1196 4966 1252 5016 et
1282 4964 1371 5016 aio
1404 4964 1473 5017 ad
1509 4964 1822 5034 optimates
1856 4966 1910 5016 et
2020 4960 2098 5015 hil
2128 4958 2499 5034 quaeremus:
2535 4960 2734 5034 sicque
2769 4958 3048 5034 faciemus
3085 4965 3145 5012 ut
3175 4958 3538 5034 loqueris.E_t
3568 4976 3665 5011 vo-

258 5030 667 5106 magistratus,
699 5030 755 5089 et
784 5035 853 5088 ad
887 5033 1176 5106 reliquam
1210 5037 1429 5106 partem
1461 5030 1620 5106 vulgi
1657 5051 1670 5088 :
1721 5034 1911 5106 Nolite
2019 5032 2537 5106 cavisacerdotes,
2555 5034 2611 5085 et
2641 5030 2902 5098 adjuravi
2935 5046 3046 5106 eos
3084 5036 3150 5106 ut
3196 5031 3448 5084 facerent
3495 5031 3666 5106 juxta

257 5101 466 5160 timere
498 5123 532 5160 a
563 5105 706 5161 facie
736 5122 962 5161 eorum.
994 5104 1226 5160 Domini
1274 5105 1471 5177 magni
1522 5101 1595 5161 et’
1628 5105 1910 5161 terribilis
2018 5104 2168 5175 quod
2199 5103 2480 5158 dixeram.
2517 5103 2766 5173 Insuper
2820 5101 3049 5157 excussi
3104 5101 3303 5156 sinum
3359 5117 3577 5170 meum,
3611 5105 3668 5156 et

331 5321 348 5354 ¹
383 5318 491 5374 Ms.
528 5317 786 5387 Reginae,
821 5317 1014 5371 Annon
1042 5315 1201 5386 ﬁlius
1249 5317 1388 5372 Seio.
1423 5324 1551 5373 Mox
1609 5319 1910 5382 Mesollam,
2091 5318 2112 5350 ‘
2134 5316 2353 5370 Vitiose
2385 5322 2554 5370 antea
2585 5314 2866 5387 scripturn
2903 5318 3027 5387 erat
3058 5321 3108 5368 et
3135 5313 3300 5387 dixit.

253 5406 362 5460 pro
396 5385 689 5444 Mosellam.
723 5388 986 5460 Denique
1043 5385 1219 5459 paulo
1269 5396 1420 5459 post,
1452 5389 1724 5457 auriﬁcis,
1757 5391 1908 5458 quod
2092 5389 2112 5421 ⁵
2133 5387 2441 5460 Variamin
2471 5387 2579 5460 hoc
2601 5386 2889 5460 versiculo
2910 5385 3161 5460 retinent
3187 5385 3494 5460 lectionem
3523 5402 3668 5460 mss.

254 5457 582 5538 et‘Vulgati
619 5459 806 5538 _Latini
841 5457 1174 5538 praeferunt,
1210 5457 1312 5529 pro
1342 5462 1594 5538 artificis,
1617 5457 1791 5538 idque
1824 5477 1910 5515 re-
2020 5460 2288 5538 codices;
2329 5457 2525 5538 plures
2549 5458 2638 5538 ita
2674 5457 2871 5526 legunt
2905 5472 2917 5509 :
2979 5458 3063 5538 Et“
3087 5472 3177 5510 vos
3226 5458 3399 5538 igitur
3455 5457 3673 5538 vendite

256 5534 412 5588 ctius
435 5527 501 5586 ad
529 5527 1099 5603 Hebraeumverbum
1124 5527 1338 5598 ian—3m;
1363 5527 1578 5603 saepius
1601 5527 1756 5587 enim
1779 5549 1914 5587 con-
2020 5532 2223 5597 fratres
2252 5533 2482 5603 nostros,
2511 5535 2559 5584 et
2590 5545 2830 5603 e1nemu_s
2887 5543 2990 5580 eos.
3025 5527 3235 5603 canon
3283 5528 3670 5584 Memmianus

258 5605 522 5659 flatorem
559 5602 709 5667 auri,
741 5603 860 5657 sive
893 5603 1282 5692 aurifabrum,
1307 5597 1513 5658 nomen
1545 5613 1688 5692 E1112:
1721 5607 1908 5659 sonat.
2021 5603 2079 5655 in
2109 5605 2270 5692 textu
2298 5601 2494 5654 habet:
2518 5603 2585 5692 Εἰ
2617 5615 2706 5655 vos
2740 5599 2914 5681 igitur
2942 5597 3177 5692 venditis
3205 5601 3410 5692 fragres
3430 5604 3664 5692 nostros,

335 5676 355 5709 ³
388 5675 546 5730 Idem
582 5691 719 5739 ms.,
749 5674 977 5741 anguli:
1005 5675 1080 5729 ad
1107 5678 1320 5745 portam
1351 5669 1583 5746 gregis.‘
2024 5675 2355 5727 rcrlimemus
2411 5688 2519 5726 eos.
2554 5676 2614 5726 In
2677 5669 2963 5737 margine,
2993 5669 3164 5739 alibi,
3197 5669 3415 5726 vendite
3466 5673 3670 5742 fratres

336 5747 357 5780 ³
387 5747 571 5801 Voces
604 5750 655 5802 et
701 5761 884 5815 arcus,
914 5762 1041 5817 qua
1093 5750 1287 5800 tamen
1341 5753 1396 5801 et
1443 5748 1501 5802 in
1549 5747 1719 5802 Hebr.
1751 5750 1912 5816 sunt,
2020 5754 2244 5813 vestros,
2277 5749 2331 5799 et
2357 5760 2596 5798 cmemus
2625 5757 2730 5797 eos.
2765 5747 2950 5795 MART.

260 5818 504 5890 Reginae
535 5834 644 5873 ms.
675 5819 843 5872 tacet.
