4090 6192
411 231 551 290 1503

1355 237 1394 264 τα
1452 233 1511 285 s.
1553 231 1963 288 HIERONYMI
1999 235 2254 290 DIVINA
2289 234 2785 294 BlBLIOTHECA.
2853 257 2890 301 ls-

3685 243 3818 298 15ὓὶ

412 357 682 413 sciebant
713 355 874 432 loqui
902 354 1144 432 Judaice
1191 358 1248 432 e_t
1298 355 1689 432 loquebantur
1728 355 1902 425 juxta
1952 358 2061 413 lin-‘
2091 365 2144 431 Α
2174 358 2305 428 hoc,
2338 363 2402 415 ut
2433 359 2882 431 praevaricemur
2932 363 2990 418 in
3040 363 3156 421 Deo
3188 369 3413 432 nostro,
3446 370 3504 421 et
3535 367 3825 426 ducamus

413 445 588 554 gnam
623 428 822 508 populi
854 432 912 508 _et
942 427 1164 511 populi,
1195 429 1264 482 Et
1294 427 1600 498 objurgavi
1633 444 1755 508 eos,
1788 433 1846 481 et
1883 432 2060 485 male-

460 518 556 554 ixi.
590 506 656 553 Et
686 499 866 554 cecidi
900 515 966 553 ex
996 515 1081 554 eis
1114 516 1291 554 VII‘OS.
1324 511 1382 554 et
1415 503 1702 554 declaravi
1753 514 1850 553 eos
1881 508 1936 554 et
1965 504 2060 554 ad-

460 501 556 556 ixi.
590 506 656 553 Et
686 499 866 554 cecidi
900 515 966 553 ex
996 500 1081 554 eis
1114 501 1291 564 viros,
1324 511 1382 555 et
1415 501 1702 556 declaravi
1753 514 1850 553 eos
1881 508 1936 556 et
1965 504 2062 557 ad-

409 572 600 641 juravi
634 571 693 624 in
733 571 841 625 Deo
905 577 968 624 ut
1027 588 1140 625 non
1197 573 1405 626 darent
1456 573 1606 627 tilias
1632 585 1771 629 suas
1805 571 1941 629 liliis
1968 591 2064 627 eo-

415 660 570 706 rum,
602 647 659 695 et
715 658 829 695 non
882 641 1213 712 acciperent
1272 644 1342 696 de
1403 644 1636 698 filiabus
1690 657 1889 699 eorum
1925 645 2062 700 filiis

414 717 562 787 suis,
621 719 677 767 et
725 713 1146 787 sibemetipsis,
1186 715 1409 787 dicens
1444 732 1455 768 :
1491 712 1782 787 Numquid
1840 735 1954 771 non
2003 719 2061 771 in

411 785 824 854 hujuscemodi
859 801 917 838 re
970 783 1226 854 peccavit
1270 786 1546 842 Salomon
1589 783 1684 843 rex
1735 783 1958 843 lsrael?
2006 794 2064 843 et

412 862 568 910 certe
602 856 659 910 in
693 856 969 925 gentibus
1024 857 1229 910 multis
1278 875 1394 912 non
1444 864 1569 913 erat
1607 877 1705 915 rex
1736 861 1952 917 similis
1985 861 2058 923 ei,

412 932 468 981 et
499 927 750 982 dilectus
779 934 894 982 Deo
928 945 1035 982 suo
1079 935 1223 988 erat,
1276 934 1332 982 et
1388 931 1585 999 posuit
1614 949 1746 988 eum
1796 940 1943 987 Deus
1973 949 2062 986 re-

412 1015 544 1068 gem
584 1016 762 1074 super
792 1015 1023 1053 omnem
1059 999 1234 1074 Israel
1269 1016 1282 1054 :
1317 1005 1375 1074 et
1409 1002 1603 1071 ipsum
1655 1021 1790 1074 ergo
1823 1005 1893 1059 ad
1930 1019 2060 1074 pec-

412 1074 607 1146 catum
641 1071 935 1146 duxerunt
968 1070 1245 1146 mulieres
1278 1070 1640 1142 alienigenae.
1674 1070 1950 1146 Nunquid
2006 1079 2063 1128 et

412 1157 521 1196 nos
551 1140 957 1197 inobedientes
1005 1141 1288 1198 faciemus
1333 1140 1506 1200 omne
1567 1147 1789 1203 malum
1831 1140 2061 1219 grande

2178 448 2386 486 uxores
2419 434 2757 503 peregrinas
2777 434 2804 488 ‘I

2245 503 2326 557 De
2360 504 2495 558 {iliis
2541 513 2734 559 autem
2793 505 2999 560 Joaida
3047 505 3152 561 ﬁlii
3217 507 3433 564 Eliasib
3482 509 3832 565 sacerdotes

2175 575 2394 656 magni,
2428 592 2607 656 gener
2631 581 2760 656 erat
2783 579 3151 656 Sana_ballat1
3185 580 3472 656 Qronites,
3507 597 3690 656 quem
3746 581 3834 635 fu-

2173 649 2303 716 gavi
2335 663 2368 700 a
2400 663 2510 701 me.
2547 649 2888 703 Recordare.
2924 649 3170 704 Domine
3205 653 3354 706 Deus
3392 649 3580 717 meus,
3619 654 3836 707 adver-

2174 733 2306 794 sum
2329 719 2544 794 eosqui
2576 719 3283 794 polluuntsacerdotium,
3301 724 3522 794 jusque
3553 726 3829 779 sacerdo-

2171 790 2287 862 tale
2318 795 2374 862 et
2415 790 2756 846 Leviticum.
2794 791 2974 862 Igitur
3006 796 3276 848 mundavi
3304 790 3512 849 eos'ab
3543 796 3835 851 omnibus

2172 859 2538 929 alienigenis,
2599 868 2656 916 et
2712 859 2988 918 constitui
3049 865 3282 919 ordines
3341 867 3720 922 sacerdotum
3776 872 3832 922 et

2169 933 2526 1005 Levitarum,
2570 950 3058 1005 unumquemque
3088 937 3146 989 in
3197 937 3522 992 ministerio
3571 955 3723 1004 suo;
3777 944 3836 993 et

2172 1003 2226 1084 in
2263 1003 2560 1084 oblatione
2595 1003 2888 1084 lignorum
2923 1003 2979 1059 in
3013 1008 3378 1084 temporibus
3402 1003 3833 1084 constitutis,et

2170 1075 2237 1128 in
2272 1075 2626 1201 primitivis2
2656 1075 2676 1130 ':
2705 1083 3000 1132 memento
3034 1075 3156 1134 mei
3184 1080 3332 1136 Deus
3386 1096 3575 1147 meus,
3611 1081 3674 1135 in
3722 1081 3834 1136 bo-

2172 1161 2341 1200 num.
2422 1163 2574 1201 men.

2172 1161 2341 1200 num.
2371 1161 2574 1202 amen.

1800 1297 2042 1370 Explicit
2082 1297 2222 1353 liber
2261 1297 2431 1352 Ezrz.

481 1451 498 1485 ί
533 1449 810 1524 Mendose
841 1448 1018 1504 habet
1050 1449 1281 1522 Reginae
1316 1468 1424 1507 ms.
1453 1456 1746 1524 generaret
1784 1453 2052 1509 Sanabal-

411 1519 496 1575 lat
529 1521 821 1576 Toronz’tis.

412 1701 3496 1733 Ἢ

2235 1453 2256 1486 ²
2289 1453 2445 1508 Idem
2480 1468 2614 1526 m_s.,
2646 1453 3046 1526 primifzi,’qui
3081 1457 3138 1508 et
3183 1457 3548 1526 postremum
3579 1456 3832 1514 verbum

2163 1526 2360 1591 Amen,
2392 1524 2546 1596 quod
2581 1539 2768 1596 neque
2800 1526 2859 1579 in
2894 1524 3128 1581 Hebraeo
3156 1524 3267 1595 est,
3298 1526 3489 1582 verius
3535 1531 3714 1583 tacet.

3503 1704 3833 1718 ————.—

918 1847 1439 1936 PBXBFATIO
1515 1848 2081 1938 HlERONYMl
2163 1847 2267 1937 IN
2346 1848 2727 1937 LIBRUM
2805 1849 3196 1937 ESTHER
3241 1840 3286 1936 ¹.

479 2200 718 2256 Librum
751 2201 954 2258 Esther
982 2201 1161 2258 variis
1192 2203 1650 2259 translatoribus
1667 2207 1900 2259 constat
1921 2219 2051 2259 esse
2081 2205 2128 2270 B
2159 2207 2369 2272 terant,
2402 2207 2459 2259 et
2489 2203 2701 2272 audiri,
2725 2202 2880 2258 sicut
2913 2201 3151 2257 solitum
3169 2205 3260 2257 est
3287 2201 3662 2257 scholaribus
3693 2203 3820 2258 dis-

407 2289 700 2353 vitiatum,
737 2307 912 2361 quem
947 2307 1052 2362 ego
1085 2292 1155 2347 de
1200 2291 1450 2347 archivis
1487 2292 1852 2347 Hebraeorum
1915 2292 2065 2346 rele-

413 2395 580 2444 vans,
607 2379 849 2432 verbum
883 2396 912 2434 e
943 2380 1117 2434 verbo
1149 2379 1412 2450 pressius
1453 2380 1748 2435 transtuli.
1783 2380 1960 2444 Quem
1992 2379 2060 2433 li-

418 2467 592 2522 brum
625 2466 804 2522 editio
834 2466 1086 2539 Vulgata
1108 2467 1409 2524 laciniosis
1429 2467 1564 2524 hinc
1595 2469 1731 2525 inde
1751 2469 2062 2524 verborum

433 2555 663 2612 sinibus
685 2555 875 2612 traht2
900 2573 912 2612 :
940 2557 1162 2613 addens
1195 2573 1261 2612 ea
1282 2574 1410 2628 quae
1427 2575 1496 2613 ex
1517 2562 1777 2629 tempore
1823 2558 1936 2613 dici
1962 2575 2060 2630 po-

489 2720 506 2752 ¹
538 2715 706 2771 Hunc
747 2716 964 2772 librum
1011 2733 1142 2772 cum
1179 2717 1420 2786 Prologo
1469 2718 1538 2772 ad
1589 2718 1738 2773 duos
1781 2717 2060 2773 Vaticana:

369 2850 375 2858 ι
411 2787 777 2843 bibliothecae
802 2789 1272 2844 vestustissimos
1303 2789 1534 2843 codices
1552 2805 1695 2843 mss.
1725 2789 2060 2859 exegimus:

409 2859 658 2915 alterum
694 2876 867 2931 quem
899 2861 1039 2915 olim
1090 2861 1323 2931 Reginae
1379 2861 1692 2914 Succorum
1754 2877 1998 2915 numero
2028 2865 2062 2914 7

411 2935 799 3002 praenotatum
832 2932 1115 2995 diximus,
1139 2933 1387 2986 alterum
1422 2931 1699 2988 Vaticano
1735 2932 2061 2987 Palatinum

413 3019 662 3075 numero
687 3003 1094 3074 praescriptum
1126 3005 1217 3071 24,
1251 3019 1425 3075 quem
1455 3004 1669 3075 oppido
1699 3003 2058 3059 emendatio-

412 3074 672 3146 remiirllo
705 3075 1136 3146 perspeximus.

487 3146 507 3179 ²
542 3145 743 3201 Plures
768 3163 910 3201 mss.
945 3145 1203 3213 Codices,
1238 3145 1522 3200 verborum
1557 3145 1784 3213 funibus
1834 3145 2009 3200 trahit
2044 3163 2057 3201 :

415 3216 710 3288 nonnulli,
730 3218 1017 3273 verborum
1045 3217 1274 3288 funibus
1291 3233 1391 3288 pro
1412 3217 1648 3270 sinibus.
1682 3217 1856 3288 Porro
1881 3233 2059 3287 quam

406 3287 710 3344 laciniosis
743 3289 976 3344 sinibus
1007 3287 1339 3344 traheretur
1361 3287 1503 3342 liber
1534 3289 1743 3343 Esther
1771 3287 1828 3341 in
1863 3305 2055 3344 exem-

412 3359 677 3430 plaribus
736 3361 948 3416 veteris
1002 3361 1262 3429 Vulgalae
1313 3359 1550 3426 Latinae,
1608 3360 1778 3414 testis
1809 3365 1899 3414 est
1944 3376 2055 3414 ms.

410 3436 611 3485 noster
642 3447 805 3485 num.
837 3433 892 3498 7,
919 3432 1018 3502 qui
1049 3432 1365 3502 editionem
1391 3430 1700 3498 Vulgatam
1725 3448 1835 3484 usu
1869 3447 2058 3501 recep-

406 3506 529 3556 tam
563 3508 698 3556 ante
728 3501 1145 3572 Hieronymum
1164 3501 1585 3569 cempleetitur.
1612 3503 1720 3556 Tot
1745 3503 1899 3557 enim
1920 3507 2052 3556 tan-

2170 2292 2442 2364 ciplinis3
2471 2295 2704 2362 sumpto
2735 2291 3015 2355 themate,
3046 2291 3370 2360 excogitare
3416 2291 3639 2362 quibus
3691 2308 3822 2347 ver-

2170 2381 2260 2436 bis
2291 2381 2377 2436 uti
2409 2381 2597 2452 potuit
2629 2379 2728 2453 qui
2762 2379 3043 2450 iniuriam
3075 2395 3287 2451 passus
3329 2383 3434 2444 est,
3467 2379 3560 2434 vel
3591 2379 3690 2436 ille
3721 2381 3825 2452 qui

2169 2469 2448 2542 iniuriam
2482 2469 2635 2525 fecit.
2658 2469 2773 2524 Vos
2792 2473 3009 2537 autem,
3033 2485 3065 2524 o
3088 2468 3267 2523 Paula
3288 2473 3345 2523 et
3373 2468 3764 2525 Eustochium
3782 2472 3822 2536 ‘,

2170 2558 2451 2630 quoniam
2482 2557 2542 2614 in
2574 2556 3005 2614 Bibliothecas‘
3028 2556 3204 2612 Hebr.
3232 2557 3556 2613 studuistis
3579 2557 3826 2628 intrare,

2167 2719 2225 2774 in
2259 2717 2526 2790 margine
2557 2715 2733 2772 aliam
2782 2714 3117 2783 lectionem,
3171 2731 3382 2790 nempe
3426 2715 3823 2774 Scholaribus.

2165 2796 2350 2846 MART.

2236 2863 2258 2895 ⁴
2275 2864 2315 2939 ,Ι
2326 2859 2606 2939 un_io_rem_
2623 2857 2857 2939 Paulam
2889 2857 3151 2939 intellige
3163 2858 3304 2939 quia
3315 2858 3492 2939 l’aula
3515 2859 3823 2939 Eustochii

2167 2938 2356 2988 mater
2375 2933 2648 2986 defuncta
2674 2935 2794 2985 erat
2823 2934 2957 2985 ante
2976 2930 3240 2984 Latinam
3263 2931 3435 2984 istam
3479 2930 3823 2987 translatio-

2165 3021 2297 3058 nem
2339 3020 2407 3058 ex
2447 3003 2706 3069 Hebraeo,
2731 3001 2816 3055 uti
2839 3001 3008 3072 plane
3033 3001 3212 3071 liquet
3235 2998 3304 3056 ex
3329 3001 3400 3055 iis
3421 3018 3550 3072 quas
3569 3004 3642 3057 de
3666 3003 3820 3058 libro

2167 3076 2376 3131 Esther
2418 3075 2823 3146 Hieronymus
2859 3073 3099 3146 scripsit
3133 3073 3475 3146 Praefatione
3506 3072 3568 3127 in
3602 3074 3815 3144 Josue,

2164 3163 2344 3218 quam
2389 3143 2908 3218 consuli'omnino
2956 3143 3246 3218 volumus,
3296 3144 3414 3218 Nec
3450 3143 3817 3218 quemquam

2164 3215 2393 3274 moveat
2417 3218 2570 3287 quod
2595 3232 2802 3271 nomen
2820 3216 3079 3288 junioris
3101 3215 3344 3287 virginis
3364 3217 3624 3288 positum
3654 3215 3818 3288 lega-

2163 3295 2263 3345 tur
2293 3286 2447 3343 ante’
2473 3304 2686 3360 nomen
2723 3286 3043 3360 Eustochii,
3078 3286 3264 3360 cujus
3284 3292 3343 3360 et
3371 3286 3572 3342 ’fratre
3622 3286 3818 3360 neptis

2165 3362 2276 3417 fuit
2298 3359 2476 3414 Paula
2500 3359 2624 3414 ﬁlia
2667 3359 2828 3413 Laetae
2853 3357 3155 3430 :sicienim
3177 3359 3300 3412 ﬁeri
3334 3365 3497 3413 amat
3525 3361 3684 3430 apud
3706 3357 3816 3415 ‘ex-

2163 3434 2498 3502 scriptores,
2539 3430 2639 3501 qui
2672 3432 2731 3484 in
2762 3429 2928 3502 libris
2970 3429 3507 3502 Hieronyniaminis
3549 3429 3817 3501 quotidie

2164 3501 2591 3575 scriptitabant,
2642 3517 2671 3556 ο
2702 3501 2982 3575 Paulae:
3039 3501 3404 3556 Eustachium.
3461 3501 3817 3575 Nesciebant

408 3576 587 3654 taque
643 3567 983 3654 i_bi_addita
1033 3567 1324 3654 leguntur,
1359 3588 1486 3643 quis
1532 3578 1910 3654 ex‘tempore
1938 3573 2048 3654 dici
2082 3567 2125 3633 (ξ’.
2161 3567 2406 3654 alteram
2445 3567 2705 3654 Paulam,
2744 3571 3091 3654 nesciebant
3140 3572 3811 3654 tempususcriptionum

410 3649 679 3716 poterant
708 3648 765 3698 et
795 3645 986 3699 audiri
1014 3662 1026 3711 ;
1063 3649 1125 3699 ut
1155 3645 1248 3698 vix
1295 3660 1364 3698 ea
1412 3644 1766 3712 conjecturis
1813 3645 2051 3714 assequi

411 3717 832 3798 potuissemus,
855 3716 967 3797 nisi
993 3717 1184 3770 adhuc
1215 3716 1434 3783 scripta
1475 3716 2054 3798 nobismetiperessent

411 3787 470 3841 in
505 3788 778 3857 praedicto
811 3787 1054 3856 antiquo
1086 3794 1466 3842 monumento
1488 3788 2045 3842 San-Germanensi.

409 3859 549 3922 Quis
580 3875 834 3929 namque
853 3859 1199 3914 credidisset
1222 3875 1322 3929 pro
1347 3859 1517 3913 unico
1538 3859 1824 3913 versiculo
1847 3860 2053 3928 quinto

409 3931 619 3999 capitis
641 3930 851 4002 decimi
875 3931 1088 4002 quarti,
1115 3930 1231 3985 ista
1254 3931 1324 3984 ab
1349 3935 1584 3985 auctore
1614 3931 1740 4002 ejus
1776 3930 2052 3985 editionis

406 4003 618 4057 veteris
639 4001 855 4058 Latinae
878 4003 1061 4057 fuisse
1081 4002 1347 4072 subjecta
1364 4003 1390 4056 ‘I
1407 4024 1434 4052 «
1453 4006 1563 4072 Ego
1585 4001 1782 4056 audivi
1805 4002 1862 4054 in
1887 4002 2054 4057 libris

407 4074 672 4142 paternis
697 4073 864 4137 meis,
895 4073 1159 4140 Domine,
1191 4074 1472 4143 quoniam
1508 4073 1624 4128 Noe
1655 4074 1711 4126 in
1755 4072 1925 4141 aquis
1957 4074 2050 4127 di-

408 4143 552 4200 luvii
602 4143 957 4201 conservasti
994 4162 1006 4199 :
1037 4160 1142 4214 ego
1193 4145 1390 4199 audivi
1452 4145 1507 4197 in
1569 4143 1735 4198 libris
1793 4145 2053 4214 paternis

411 4217 577 4280 meis,
614 4215 879 4275 Domine.
912 4215 1191 4286 quoniam
1226 4220 1285 4269 tu
1320 4215 1565 4269 Abrahae
1598 4216 1654 4269 in
1691 4216 1966 4270 trecentis
1997 4220 2054 4270 et

407 4289 608 4342 decem
641 4297 768 4341 octo
795 4287 934 4343 viris
967 4303 1171 4341 novem
1226 4302 1390 4356 reges
1424 4287 1715 4341 tradidisti
1748 4302 1762 4341 :
1794 4303 1900 4353 ego
1947 4304 2050 4342 au-

409 4359 525 4413 divi
559 4358 615 4412 in
651 4358 816 4412 libris
850 4359 1107 4429 paternis
1151 4359 1316 4420 meis,
1371 4358 1635 4420 Domine,
1682 4358 1955 4426 quoniam
1986 4365 2052 4413 tu

407 4431 618 4485 Jonam
653 4431 724 4484 de
750 4437 948 4484 ventre
983 4431 1094 4484 ceti
1121 4429 1380 4484 liberasti
1404 4445 1418 4484 :
1444 4445 1550 4499 ego
1573 4429 1766 4483 audivi
1795 4431 1849 4482 in
1886 4429 2052 4484 libris

407 4503 668 4572 paternis
691 4501 857 4567 meis,
882 4502 1142 4566 Domine,
1171 4500 1450 4572 quoniam
1492 4507 1553 4555 tu
1579 4501 1886 4566 Ananiam,
1912 4503 2052 4556 Aza-

407 4573 576 4644 riam,
609 4572 810 4628 Misael
844 4573 915 4629 de
937 4573 1165 4628 camino
1198 4573 1351 4641 ignis
1378 4572 1637 4627 liberasti
1673 4589 1685 4628 :
1717 4588 1822 4644 ego
1853 4573 2052 4628 audivi

406 4644 467 4698 in
497 4643 678 4715 libris
699 4646 956 4715 paternis
984 4646 1152 4706 meis,
1172 4643 1435 4708 Domine,
1455 4645 1734 4710 quoniam
1760 4643 1819 4697 tu
1845 4643 2048 4699 Daniel

405 4717 476 4770 de
505 4714 635 4770 lacu
670 4714 902 4770 leonum
929 4716 1131 4771 eruisti
1159 4733 1172 4769 :
1196 4731 1302 4784 ego
1327 4715 1520 4768 audivi
1561 4716 1618 4770 in
1659 4715 1821 4769 libris
1862 4720 2050 4785 pater-

405 4787 498 4842 nis
531 4787 700 4850 meis,
731 4787 995 4852 Domine,
1015 4788 1295 4858 quoniam
1318 4791 1380 4841 tu
1407 4787 1658 4841 Ezechiae
1673 4787 1788 4856 regi
1811 4787 2050 4842 Judaao-

406 4873 536 4913 rum
570 4864 754 4912 morte
785 4859 1077 4920 damnato,
1102 4863 1158 4912 et
1179 4858 1365 4914 oranti
1386 4873 1486 4927 pro
1504 4858 1638 4922 vita,
1664 4858 1942 4913 misertus
1965 4875 2050 4926 es,

2161 3645 2494 3716 Hieronymi
2523 3662 2535 3698 ε
2569 3643 2706 3715 quid
2741 3643 2922 3713 igitur
2952 3643 3561 3716 mirum,siordinem
3578 3662 3814 3716 perver-

2161 3719 2340 3776 terint
2369 3715 2427 3770 in
2461 3716 2568 3770 hac
2595 3716 2841 3770 vocandi
2874 3715 3170 3769 formula?
3203 3715 3399 3770 MART.

2229 3819 2299 3830 ——-
2328 3790 2479 3844 Sunt
2509 3787 2608 3858 qui
2641 3803 2745 3857 pro
2796 3787 2972 3840 Paula
2999 3791 3051 3840 et
3083 3786 3464 3852 Eustochium,
3516 3787 3803 3842 substitui

2160 3860 2360 3928 velint,
2393 3860 2662 3914 Βοηιηὶοη
2689 3863 2742 3912 et
2771 3859 3098 3924 Rogaliane,
3148 3859 3366 3928 quibus
3420 3859 3576 3912 hunc
3628 3859 3812 3914 fuisse

2159 3931 2511 4002 inscriptum
2534 3931 2639 3985 abs
2665 3930 3013 4002 Hieronymo
3035 3928 3249 4002 librum
3275 3929 3510 4002 gemino
3528 3946 3598 3984 ex
3620 3931 3811 4001 capite

2162 3999 2671 4073 argumentantur.
2701 3999 2990 4073 PrimUm,
3023 4000 3178 4070 quod
3211 3999 3544 4070 in’Prologo
3595 4003 3672 4056 ad
3696 3999 3808 4056 Es-

2160 4071 2350 4142 dram,
2376 4080 2442 4128 ut
2461 4071 2640 4128 simul
2664 4072 2853 4127 Esther
2879 4088 2952 4126 ea:
2981 4073 3205 4128 Hebrwo
3232 4075 3590 4144 transferret,
3615 4074 3814 4144 rogari

2161 4162 2222 4201 se
2253 4147 2326 4200 ab
2374 4145 2468 4214 iis,
2500 4144 2711 4198 dixerit
2756 4147 2812 4196 S.
2863 4147 3051 4198 Pater.
3112 4144 3396 4206 Alterum,
3429 4143 3586 4214 quod
3638 4143 3816 4200 Paula

2161 4223 2350 4272 mater
2381 4215 2680 4271 Eustochii
2716 4220 2886 4270 antea
2918 4215 3162 4270 obiisset
3206 4230 3381 4285 quam
3429 4215 3579 4269 hanc
3628 4216 3816 4270 inter-

2161 4288 2545 4368 pretationem
2573 4287 2965 4368 Hieronymus
2986 4286 3331 4368 adornaret.
3367 4289 3440 4368 A_c
3472 4288 3638 4368 prius
3673 4289 3814 4368 qui-

2160 4356 2292 4415 dem
2321 4363 2762 4431 argumentum,
2793 4356 2947 4431 quod
2983 4356 3140 4431 falsis
3175 4356 3818 4431 lectionisipraejudicio

2160 4429 2583 4493 nititurfnullo
2616 4429 2847 4500 negotio
2878 4429 3304 4500 exsufflamusi:
3332 4445 3398 4483 ac
3441 4430 3669 4484 dudum
3704 4446 3820 4485 nos

2151 4504 2324 4574 juxta
2357 4499 2760 4574 Martianmum
2793 4500 2864 4554 ab
2897 4516 2972 4574 eo;
2995 4501 3121 4556 loco
3138 4499 3383 4574 _Prologi
3428 4500 3489 4554 in
3543 4501 3818 4568 Esdram,

2161 4571 2231 4630 ad
2266 4591 2408 4629 mss.
2439 4574 2556 4627 fere
2580 4573 2846 4627 omnium
2902 4571 3099 4637 ﬁdem,
3131 4571 3372 4628 Euhan?
3402 4587 3618 4627 nomen
3650 4589 3816 4628 amo-

2160 4646 2389 4713 vimus,
2424 4661 2490 4698 ac
2517 4644 2661 4698 satis
2685 4643 2993 4698 manifesto
3028 4642 3419 4709 ostendimus,
3451 4643 3636 4698 fuisse
3670 4643 3814 4700 illuc

2157 4722 2377 4772 temere
2400 4716 2772 4770 librariorum
2797 4713 2967 4786 culpa
2987 4715 3390 4785 importatum.
3414 4714 3591 4769 Alteri
3613 4720 3812 4772 autem

2158 4791 2504 4858 argumento
2527 4787 2846 4858 repositum
2871 4787 3244 4858 aMartianmjo
3277 4801 3412 4841 eum
3437 4787 3811 4843 eruditorum

2155 4855 2356 4932 vulgo,
2397 4875 2508 4932 non
2541 4855 2636 4914 hic
2660 4857 2906 4932 Paulam
2938 4855 3233 4932 {Eustochii
3267 4860 3539 4932 matrem,
3569 4859 3670 4913 sed
3699 4860 3812 4928 ju-

405 4935 464 5001 et
493 4930 727 4986 donasti
760 4929 811 4984 ei
842 4930 971 4984 vitae
1002 4947 1186 4986 annos
1215 4929 1552 5001 quindecim
1589 4946 1601 4985 :
1627 4945 1732 5001 ego
1760 4930 1955 4984 audivi
1989 4931 2048 4985 in
2082 4934 2128 4997 D
2160 4927 2383 4987 niorem
2413 4930 2625 4985 debere
2655 4928 2925 5001 intelligi,
2947 4927 3348 5001 Laetaaﬁliam,
3378 4943 3448 4982 ex
3466 4927 3812 5001 gfratrenep-

407 5000 575 5057 libris
600 5002 858 5071 paternis
879 5003 1044 5067 meis,
1080 5002 1344 5070 Domine,
1371 5000 1646 5070 quoniam
1667 5000 1728 5055 tu
1758 5003 1936 5056 Annae
1959 5017 2051 5072 pe-

407 5074 552 5128 tenti
575 5073 633 5128 in
660 5073 952 5128 desiderio
979 5074 1188 5128 animae
1213 5073 1312 5127 filii
1335 5072 1770 5144 generationem
1787 5074 2048 5128 donasti:

405 5160 511 5213 ego
565 5145 758 5200 audivi
791 5145 851 5200 in
883 5144 1051 5201 libris
1083 5145 1341 5214 paternis
1387 5144 1551 5202 meis.
1605 5144 1868 5216 Domine,
1903 5161 2050 5216 quo-

404 5217 563 5287 niam
597 5221 661 5271 tu
690 5217 1122 5287 complaeentes
1152 5216 1258 5270 tibi
1299 5215 1536 5280 liberas,
1569 5215 1829 5282 Domine,
1866 5232 2050 5286 usque

401 5286 462 5342 in
496 5289 694 5355 finem,
731 5309 757 5337 »
789 5286 900 5344 etc.
935 5289 1120 5344 Multa
1174 5287 1290 5342 alia
1346 5291 1662 5342 occurrunt
1701 5287 1756 5342 in
1790 5288 1899 5343 hac
1927 5287 2048 5343 edi-

404 5359 563 5432 tione
596 5360 868 5432 Vulgata,
902 5377 1029 5427 quze
1061 5359 1233 5432 fidem
1271 5358 1493 5413 faciunt
1525 5359 1872 5432 iHieronymi
1927 5376 2048 5432 ver-7

401 5431 495 5486 bis
529 5447 545 5485 :
576 5430 734 5502 quod
765 5432 1001 5503 quidem
1037 5431 1377 5503 fatebuntur
1408 5430 1658 5485 studiosi
1690 5430 1909 5503 quique
1940 5431 2049 5486 viri

402 5503 455 5556 si
486 5501 612 5557 eam
647 5501 997 5572 perlegerint
1017 5504 1076 5558 in
1103 5501 1423 5574 appendice
1453 5505 1655 5557 nostra
1694 5501 1916 5558 Veteris
1952 5504 2048 5557 In-

403 5577 712 5630 trumenti.
751 5576 932 5630 Mam.

472 5647 494 5680 ⁸
522 5651 626 5701 Ms.
662 5644 1235 5701 San-Germanensis
1269 5660 1429 5699 num.
1463 5645 1493 5697 4
1545 5660 1610 5699 ac
1658 5644 2048 5700 Memmianus

403 5715 596 5786 Canon
634 5717 742 5771 hoc
775 5719 946 5773 modo
977 5717 1199 5786 legunt,
1221 5715 1362 5772 sicut
1389 5715 1613 5771 solitum
1633 5721 1730 5782 est,
1753 5716 2046 5772 saeculari-

407 5785 502 5838 bus
531 5787 842 5857 diciplinis.
877 5785 1243 5845 ldemtamen
1261 5788 1442 5844 codex
1465 5788 1859 5845 Memmianus
1885 5792 2049 5845 notat

2160 5005 2262 5058 tim
2295 5001 2593 5057 Eustocbii
2629 5017 2642 5056 :
2687 4999 2950 5072 illudque
2999 4999 3325 5072 scribjirum
3357 5000 3702 5066 oscitantize,
3740 4999 3812 5057 ac

2160 5078 2403 5144 receptae
2444 5073 2502 5127 in
2537 5073 2629 5128 his
2668 5070 2958 5144 ponendis
3007 5070 3350 5144 nominibus
3393 5073 3815 5144 consuetudini

2158 5142 2788 5217 imputandum,gquod
2821 5143 3025 5217 amitae
3069 5142 3283 5214 neptis,
3347 5142 3571 5217 seniori
3599 5144 3817 5217 iiunior

2159 5213 2540 5289 praeponitur,
2575 5213 2752 5289 Nobis
2811 5215 2981 5289 quid_
3012 5213 3120 5289 hac
3158 5213 3354 5289 super
3409 5230 3470 5269 re
3521 5215 3816 5279 videatur,

2159 5284 2634 5360 quandoquidem
2665 5287 2787 5360 hinc
2819 5284 3200 5360 non_longiu_s
3231 5284 3575 5360 {Not-arum
3607 5303 3820 5360 propo-

2159 5356 2272 5416 sito
2304 5356 2682 5428 abducerent,
2712 5359 2774 5413 in
2804 5357 3040 5430 praefixa
3071 5356 3209 5412 huic
3241 5357 3429 5413 Tomo
3465 5356 3814 5414 Praefatione

2159 5433 2472 5488 dicendum
2504 5435 2614 5485 est.

2227 5504 2249 5538 ⁸
2281 5504 2445 5573 Apud
2469 5507 2694 5558 veteres
2724 5500 2914 5573 Biblia
2928 5499 3106 5573 Sacra
3130 5497 3585 5573 appellabantur
3603 5499 3808 5573 Bittio-

2159 5569 2359 5634 thecae}
2396 5591 2576 5646 quare
2597 5573 2816 5627 intrare
2837 5569 3628 5646 HebraeorumABibliothecas
3650 5572 3798 5646 nihil

2158 5646 2315 5701 aliud
2343 5647 2397 5701 id
2417 5642 2750 5717 significat,
2771 5642 3502 5717 quamessesufﬁcientem
3537 5644 3800 5716 legendis

2159 5735 2224 5773 ac
2245 5713 2651 5789 intellige'ndis
2665 5713 3061 5789 voluminibus
3079 5713 3336 5789 Hebraeis
3356 5713 3668 5789 Scriptura
3693 5731 3795 5771 sa-

2157 5807 2266 5846 crae
2297 5808 2309 5846 :
2343 5790 2399 5846 in
2430 5784 2546 5861 quo
2576 5787 2862 5860 religiosae
2903 5787 3157 5856 feminas,
3197 5784 3535 5857 Christique
3563 5801 3796 5858 sponsae
