4090 6192
28 1215 73 1232 ,νγ-ρ
97 1215 103 1232 i

12 1227 118 1243 ‘--~Ia'.

276 233 424 289 1509

1714 235 1928 291 LIBER
1962 234 2268 290 KSTHER.

3551 235 3689 292 l510

282 359 457 431 deret
483 354 548 431 ei_
567 354 762 424 partes
791 354 1029 431 s_uas,et
1052 354 1275 431 septem
1310 353 1536 424 puellas
1563 357 1929 431 speciosissi-
1960 366 2015 431 Α
2046 355 2148 431 Cui
2178 355 2455 431 dixerunt
2479 354 2644 431 pueri
2676 354 2848 426 regis,
2882 354 2983 426 qui
3015 355 3084 410 ad
3119 355 3270 431 l‘ores
3300 355 3504 427 palatii
3540 374 3689 430 pra-

282 447 416 485 mas
429 429 498 482 de
518 423 691 480 domo
715 423 888 495 regis,
909 428 966 478 et
985 426 1106 500 tam
1129 423 1327 500 ipsa‘m’
1343 444 1519 500 quam
1546 423 1931 500 pedissequas

283 503 418 572 ejus
449 502 683 555 ornaret
713 494 889 572 atque
909 494 1377 572 excoleret:_QuaS
1396 494 1859 572 nolui'tindicarc
1881 501 1931 555 ei

285 567 666 646 populumet
695 568 944 646 patriam
977 582 1169 622 suam:
1191 567 1592 646 Mardochzeus
1614 573 1770 628 enim
1796 589 1936 646 praef

282 638 522 716 ceperat
547 640 618 716 ei
657 638 723 694 ut
752 639 823 694 de
863 638 987 716 hac
1045 653 1122 716 re
1163 642 1402 716 omnino
1433 646 1724 716 ireticeret
1756 660 1768 698 :
1798 638 1933 715 'qui

283 709 715 785 deambulabat»
737 709 1000 785 quotidie
1031 714 1166 785 ante
1196 714 1552 770 vestibulum
1607 709 1933 785 domus,'in

285 804 409 860 qua
439 786 635 860 electae
666 781 920 860 virgines
952 781 1360 860 servabantur,
1392 803 1590 860 curam
1620 804 1798 859 agens
1827 781 1936 844 sa-

284 851 432 915 rutis
465 856 696 920 Esther,
720 851 779 908 et
807 853 957 908 scire
986 851 1187 909 volens
1219 851 1360 925 quid
1393 859 1441 913 ei
1476 851 1782 916 accideret.

361 933 505 985 Cum
539 932 737 1002 autem
768 927 1026 1002 venisset
1055 929 1288 1002 tempus
1310 928 1678 1001 singularum
1712 947 1814 1002 per
1841 947 1939 985 or-

285 1002 484 1056 dinem
519 997 871 1073 puellarum,
903 997 1384 1073 utintrarentad
1410 997 1640 1073 regem,
1692 997 1939 1072 expletis

289 1069 574 1144 omnibus
606 1086 734 1144 quae
775 1070 845 1144 ad
900 1069 1136 1144 cultum
1188 1069 1517 1128 mulieremw
1541 1069 1936 1144 pertinebant,

287 1144 516 1200 mensis
546 1141 931 1214 duodecimus
961 1141 1300 1196 vertebatur
1335 1160 1347 1197 :
1406 1145 1492 1199 ita
1516 1141 1824 1214 duntaxat,
1876 1152 1941 1199 ut

287 1232 394 1272 sex
425 1213 728 1287 mensibus
758 1212 884 1287 oleo
919 1216 1280 1287 angerentur
1337 1217 1592 1287 myrlino
1625 1220 1667 1282 ί,
1717 1225 1775 1272 et
1805 1212 1939 1272 aliis

287 1305 392 1343 sex
422 1285 780 1358 quibusdam
813 1283 1134 1354 pigmentis
1153 1290 1211 1338 et
1231 1283 1592 1358 aromatibus
1612 1293 1937 1344 uterentur.

295 1356 811 1430 lngrédientesque
835 1358 906 1431 ad
939 1356 1478 1431 regem,_quidquid
1540 1360 1940 1431 postulassent

290 1426 672 1485 ad'ornatum
706 1426 1025 1502 pertinens,
1058 1426 1447 1502 accipiebant,
1479 1426 1630 1486 et'ut
1679 1433 1764 1487 eis
1815 1431 1938 1502 pla-

291 1505 521 1574 cuerat,
547 1498 881 1574 composita:
908 1498 986 1574 de
1012 1499 1266 1574 triclinio
1297 1503 1646 1574 feminarum
1680 1505 1748 1557 ad
1786 1498 1940 1574 regis

289 1570 630 1646 cubiculum
663 1569 1016 1646 transibant.
1048 1573 1120 1624 Et
1152 1585 1277 1646 quae
1310 1573 1629 1646 intraverat
1677 1569 1937 1646 vespeie,

293 1643 705 1717 egrediebatur
737 1643 1130 1717 mane,_atque
1179 1643 1316 1698 inde
1346 1644 1404 1698 in
1464 1647 1754 1717 secundas
1783 1643 1936 1701 aedes

295 1712 849 1789 daducebaturguze
863 1712 973 1789 sub
997 1728 1174 1789 manu
1193 1716 1739 1789 Susagazieunuchi
1760 1723 1948 1786 erant,
1979 1725 2026 1789 Β

295 1789 398 1860 qui
432 1784 779 1861 concubinis
813 1783 966 1854 regis
989 1783 1532 1861 praesidebat'aneo
1557 1789 1806 1844 habebat
1838 1783 1940 1861 p04

295 1854 569 1938 festatem
618 1856 688 1912 ad
718 1870 917 1938 regem
943 1854 1098 1936 ultra
1152 1859 1458 1938 redeundi,
1517 1861 1630 1916 nisi
1661 1854 1947 1917 voluisset

297 1935 489 1994 rex,et
518 1945 646 1984 eam
678 1931 874 1982 venire
895 1931 1173 1996 jussisset
1195 1936 1268 1983 ex
1295 1931 1551 1986 nomine.

375 1999 612 2056 Evoluto
644 2005 838 2054 autem
874 2002 1152 2070 tempore
1185 2015 1288 2070 per
1345 2003 1631 2068 ordinem,
1688 2003 1948 2058 instabat

304 2072 431 2127 dies
463 2088 577 2144 quo
612 2070 816 2144 Esther
857 2068 977 2122 tilia
1027 2068 1263 2144 Ahihail
1322 2074 1517 2130 fratris
1577 2075 1947 2142 Mardochaei,

307 2141 496 2215 quam‘
518 2142 628 2221 sibi
663 2143 1055 2221 adoptaverat.
1072 2141 1137 2221 in
1157 2142 1602 2221 filiam,_intrare
1621 2147 1858 2221 deberet
1875 2141 1944 2221 ad

305 2211 527 2285 regem.
562 2213 694 2276 Quis
730 2211 843 2285 non
876 2211 1148 2285 quaesivit
1178 2214 1528 2271 muliebrem
1562 2217 1814 2284 cultum,
1845 2218 1947 2272 sed

305 2283 673 2360 quaecunque
688 2283 870 2339 voluit
887 2283 1074 2360 Egens
1090 2287 1396 2360 eu_nuchus
1411 2295 1608 2344 custos
1630 2283 1949 2360 virginum,

302 2355 427 2412 haec
460 2359 512 2412 ei
543 2357 614 2410 ad
648 2361 917 2426 ornatum
945 2355 1123 2426 dedit.
1146 2357 1282 2412 Erat
1303 2360 1457 2414 cnim
1486 2355 1949 2426 formosavalde,

303 2435 364 2484 et
397 2427 729 2503 incredibili
762 2424 1222 2503 pulchritudine,
1241 2433 1505 2485 omnium
1530 2432 1713 2486 oculis
1735 2424 1950 2503 gratio?

305 2519 375 2557 sa
403 2507 461 2574 et
490 2497 1118 2574 amabilis'videbatur.
1153 2502 1335 2556 Ducta
1381 2507 1470 2557 est
1518 2503 1713 2574 itaque
1737 2497 1824 2558 “ad
1857 2520 1952 2558 cu-

305 2572 572 2627 biculum
604 2569 1018 2644 regisiAssueri
1053 2585 1252 2627 mense
1284 2574 1531 2637 decimo,
1565 2569 1665 2644 qui
1715 2580 1955 2629 vocatur

308 2646 602 2700 Taenara.
635 2642 882 2712 septimo
914 2656 1067 2695 anno
1098 2645 1260 2713 regni
1291 2646 1439 2715 ejus.
1476 2646 1544 2700 Et
1577 2642 1796 2701 amavit
1843 2647 1950 2771 [ξι.

309 2715 626 2771 adamavit!
659 2729 788 2768 eam
823 2730 920 2768 rex
955 2710 1084 2771 plus
1108 2731 1283 2771 quam
1311 2733 1516 2771 omnes
1535 2717 1828 2771 mulieres.
1901 2735 1950 2770 a-

309 2715 626 2784 adamavit]
659 2710 788 2768 eum
823 2730 920 2768 rex
953 2710 1084 2785 plus
1108 2710 1283 2785 quam
1311 2710 1516 2771 omnes
1535 2710 1956 2783 mulieres,ha-

309 2788 558 2857 buitque
589 2782 835 2860 gratiam
866 2791 923 2840 et
953 2782 1415 2860 misericordiam
1460 2805 1654 2843 coram
1682 2805 1748 2844 eo
1779 2782 1956 2860 super

307 2875 516 2914 omnes
548 2857 846 2932 mulieres,
880 2861 936 2911 et
970 2859 1167 2924 posuit
1194 2859 1658 2932 diademairegni
1681 2863 1739 2915 in
1771 2857 1954 2932 capite

307 2931 471 3004 ejus,_
495 2930 746 3004 iecitque
771 2944 898 2982 eam
923 2944 1167 3004 regnare
1191 2929 1249 2984 in
1279 2931 1400 3004 loco
1449 2929 1666 2986 Vasthi.
1694 2929 1958 3004 Etjussit

305 3000 640 3075 convivium
675 3000 1508 3075 praeparari'permagnilicum
1544 3000 1958 3074 cunctis'prin-

307 3073 656 3158 gipibus,net
682 3072 865 3158 servis
897 3072 1043 3158 suis;
1076 3090 1178 3145 pro
1198 3072 1609 3156 conjunctione
1631 3079 1688 3158 et
1729 3072 1951 3158 nuptiis
1983 3093 2024 3157 ρ

305 3144 531 3218 Esther.
566 3144 636 3218 Et
665 3145 826 3199 dedit
851 3144 1118 3218 requiem
1170 3146 1458 3218 universis
1519 3144 1852 3218 provinciis,
1887 3164 1951 3202 ac

305 3217 460 3289 dona
479 3215 724 3287 largitus
743 3216 1008 3289 estjuxta
1028 3215 1533 3288 magniﬁcentiam
1546 3219 1949 3289 principalem.

375 3287 920 3361 Cumquesecundo
944 3304 1140 3360 quaere
1150 3304 1204 3342 re
1214 3293 1349 3361 nitur
1367 3287 1623 3361 virgines
1637 3295 1695 3345 et
1708 3287 1922 3361 congre
1937 3320 1953 3331 -

305 3363 610 3433 gerentur,
643 3358 1042 3433 Mardochaeus
1077 3360 1350 3433 manebat
1381 3358 1638 3433 ad'regis
1660 3358 1910 3432 januam
1937 3378 1950 3416 :

307 3432 559 3503 necdum
617 3429 953 3500 prodiderat
1000 3431 1210 3487 Esther
1259 3432 1506 3503 patriam
1551 3429 1613 3487 et
1663 3429 1952 3503 pOpulum

311 3517 512 3574 suum,
535 3502 710 3574 juxta
740 3505 1087 3574 mandatum
1119 3504 1268 3571 ejus.
1302 3502 1598 3574 Quidquid
1640 3502 1794 3558 enim
1857 3504 1954 3560 ille

303 3573 705 3644 praecipiebat,
743 3573 1087 3630 observabat
1115 3574 1327 3630 Esther
1359 3591 1372 3628 :
1407 3580 1462 3630 et
1482 3573 1569 3630 ita
1622 3580 1834 3631 cuncta
1867 3579 1952 3632 fa-

305 3643 521 3720 ciebat,
549 3648 620 3720 ut
660 3649 929 3720 tempore
979 3645 1154 3702 solita
1211 3649 1334 3702 erat
1386 3663 1502 3718 quo
1561 3663 1686 3703 eam
1736 3664 1952 3720 parvu-

303 3714 425 3771 lam
459 3713 772 3771 nutriebat.

385 3791 460 3840 Eo
491 3786 981 3860 igituritempore,
1012 3804 1125 3860 quo
1154 3787 1559 3860 Mardochaeus
1591 3789 1658 3843 ad
1693 3789 1847 3860 regis
1871 3791 1955 3859 ja-

303 3874 485 3931 nuam
513 3858 869 3928 morabatur,
901 3858 1044 3913 irati
1067 3865 1208 3931 sunt
1263 3859 1561 3931 Bugathan
1593 3865 1650 3913 et
1677 3930 1681 3931 ί
1707 3858 1950 3929 Thares,

307 3930 424 4003 du_o
455 3931 706 4003 eunuchi
738 3931 1020 4002 regis,qui
1051 3930 1339 4000 janitores
1361 3930 1558 3997 erant,
1591 3935 1648 3985 et
1671 3930 1730 3986 in
1766 3933 1951 4003 primo

309 4000 510 4075 palatii
543 4001 746 4056 limine
781 4000 1192 4075 praesidebant:
1227 4000 1954 4075 volueruntqueiins‘urge-

306 4088 368 4128 re
397 4071 456 4127 in
491 4088 702 4141 regem,
736 4071 795 4126 et
823 4074 1084 4128 occidere
1116 4089 1271 4128 eum.
1306 4074 1465 4137 Quod
1519 4071 1951 4130 Mardochaeum

306 4160 422 4216 non
461 4144 655 4208 latuit,
683 4143 998 4216 statimque
1034 4144 1324 4199 nuntiavit
1356 4146 1567 4216 reginae
1599 4145 1847 4202 Esther:
1899 4151 1956 4201 et

303 4214 407 4287 illa
437 4216 581 4287 regi,
613 4230 681 4270 ex
713 4214 950 4270 nomine
980 4216 1350 4284 Mardochaei,
1395 4214 1496 4287 qui
1520 4217 1591 4271 ad
1613 4234 1672 4272 se
1696 4234 1817 4273 rem
1852 4218 1954 4274 de-

301 4285 539 4342 tulerat.
573 4287 892 4350 Quaesitum
926 4293 1035 4361 est,
1066 4285 1455 4361 etinventum
1491 4293 1598 4361 :et
1656 4305 1952 4361 appensus

304 4363 554 4432 uterque
586 4374 790 4413 eorum
823 4359 996 4432 estin
1029 4359 1310 4430 patibulo.
1371 4359 1836 4432 Mandatumque
1865 4365 1955 4416 est

303 4429 595 4503 historiis,
625 4433 686 4503 et
717 4429 1037 4503 annalibus
1065 4432 1345 4484 traditum
1378 4429 1763 4503 coramrege.

378 4500 532 4582 (Cap.
553 4501 858 4582 _lIl.)_Po_s_t
889 4501 1009 4582 haec
1041 4505 1452 4582 rex.A_ssuerus
1476 4500 1745 4582 exultavit
1766 4505 1950 4582 Aman

313 4570 502 4646 ﬁlium
535 4573 873 4646 Amadathi,
906 4575 1006 4644 qui
1039 4577 1164 4628 erat
1185 4575 1254 4646 de
1276 4574 1454 4646 stirpe
1480 4577 1652 4646 Agag:
1677 4580 1734 4629 et
1756 4574 1952 4646 posuit

309 4643 524 4718 solium
557 4645 684 4713 ejus
718 4660 895 4718 super
924 4643 1452 4718 omnesprincipes
1485 4643 1647 4718 quos
1675 4643 1948 4702 habebat.

305 4715 629 4789 cunctique
655 4715 825 4789 servi
843 4717 1020 4786 regis,
1056 4715 1246 4788 qui’in
1280 4715 1519 4789 foribqu
1559 4716 1763 4789 palatii
1823 4735 1950 4774 ver-

309 4787 615 4859 sabantur,
646 4787 956 4859 ﬂectebant
986 4787 1196 4859 genus,
1231 4793 1285 4842 et
1330 4787 1655 4844 adorabunt
1709 4793 1898 4845 Aman
1934 4805 1947 4845 :

307 4858 392 4931 sic
422 4858 579 4912 enim
611 4858 695 4914 eis
715 4858 1078 4931 praeceperat
1107 4859 1447 4931 imperator.
1497 4860 1667 4916 Solus
1720 4862 1949 4917 Mardo-

308 4929 505 4986 chaaus
531 4945 647 4986 non
701 4929 972 4987 ﬂectebat
997 4947 1172 5003 genu,
1198 4929 1393 5002 ineque
1452 4933 1735 4989 adorabat
1790 4949 1948 4989 eum.

379 5143 397 5178 ¹
437 5141 676 5215 vulgati
736 5143 1042 5215 Myrrhina,
1097 5145 1602 5215 quemadmodum
1653 5148 1711 5200 et
1769 5145 1953 5203 Graeci

306 5211 497 5290 oicum
529 5211 638 5270 hoc
658 5211 888 5271 vocant.
920 5217 998 5290 ᾼο
1028 5211 1170 5290 sane
1199 5216 1499 5288 myrrham
1532 5218 1823 5290 ungendis
1855 5235 1950 5274 ca-

305 5283 462 5363 pillis
484 5291 786 5363 matronas
807 5304 873 5363 ac
894 5286 1152 5363 virgines
1172 5283 1568 5360 usurpavisse,
1585 5283 1950 5363 compertum

304 5362 413 5421 est;
445 5374 512 5413 ex
547 5375 662 5430 quo
696 5358 840 5413 illud
869 5359 1153 5431 Propertii
1190 5375 1202 5413 :

587 5447 822 5496 Orontea
850 5447 1028 5496 crines
1083 5447 1412 5509 perfundere
1434 5449 1670 5511 myrrha.

301 5524 571 5580 Concinit
593 5531 652 5582 et
681 5526 854 5583 Hebr.
888 5532 1103 5593 textus,
1138 5539 1264 5589 172:1
1297 5538 1492 5618 intrata,
1526 5531 1756 5585 tametsi
1777 5531 1952 5588 Chal-

304 5614 470 5670 daeus
526 5615 956 5705 Qmphacz‘num,
1015 5625 1258 5705 WVPJN,
1306 5614 1522 5674 vertat.
1586 5617 1660 5674 Ut
1712 5623 1776 5675 ut
1822 5636 1952 5678 vero

306 5720 367 5778 se
400 5720 491 5778 res
524 5704 756 5773 habeat,
788 5722 922 5778 cum
955 5704 1166 5774 nostri,
1190 5710 1314 5761 tum
1339 5723 1488 5778 quos
1513 5713 1726 5778 praesto
1749 5708 1955 5765 habuit

305 5775 578 5835 Martian.
613 5794 758 5835 mss.
782 5777 909 5850 pari
932 5793 1134 5834 omnes
1158 5775 1725 5852 conserisu,niyrtino
1743 5786 1808 5836 ut
1831 5781 1954 5837 edi-

2046 429 2319 483 sidebant
2350 444 2363 482 :
2396 427 2500 499 Cui
2534 431 2740 499 praeter
2770 431 3008 483 caeteros
3040 444 3156 483 non
3201 429 3478 486 observas
3520 427 3688 487 man-

2045 501 2248 554 datum
2279 500 2431 570 regis
2462 498 2489 551 ?

2117 568 2380 642 Cumque
2411 570 2520 625 hoc
2550 568 2814 626 crebrius
2845 570 3127 638 dicerent,
3159 574 3216 626 et
3247 569 3346 626 ille
3377 571 3554 628 nollet
3582 590 3688 629 au-

2046 641 2190 707 dire,
2220 641 2637 696 nuntiaverunt
2685 644 2890 714 Aman,
2933 643 3085 714 scire
3131 643 3431 714 cupientes
3489 649 3688 701 utrum

2087 718 2438 768 erseveraret
2471 714 2528 766 in
2572 713 2884 779 sententia;
2918 713 3145 768 dixerat
3173 713 3328 769 enim
3361 714 3444 770 eis
3469 732 3532 771 se
3562 733 3694 774 esse

2087 730 2438 768 erseveraret
2471 730 2528 766 in
2572 730 2884 779 sententia;
2918 730 3145 768 uixerat
3173 730 3328 769 enim
3361 731 3444 770 eis
3469 732 3532 771 se
3562 733 3691 774 esse

2045 730 2340 840 gudaeum.
2374 786 2536 850 Quod
2568 799 2700 858 cum
2725 785 2989 858 audisset
3008 787 3202 852 Aman,
3250 791 3304 841 et
3329 788 3691 858 experimen-

2047 862 2106 912 to
2134 858 2441 928 probasset
2469 857 2624 926 quod
2657 856 3054 911 Mardochaeus
3113 873 3228 912 non
3261 857 3373 912 sibi
3401 856 3693 916 _ﬂecteret

2049 945 2224 1001 genu,
2260 945 2366 983 nec
2395 943 2458 1001 se
2486 929 2775 1001 adoraret,
2808 928 2990 1001 iratus
3021 933 3111 982 est
3142 929 3327 1001 valde,
3361 935 3418 984 et
3449 947 3551 1001 pro
3601 931 3688 986 ni-

2049 999 2168 1054 hilo
2198 1001 2364 1054 duxit
2393 999 2453 1054 in
2488 1015 2670 1053 unum
2725 999 3154 1054 Mardochaeum
3207 999 3690 1058 mittere'manus

2049 1087 2211 1126 suas:
2248 1070 2534 1143 audierat,
2574 1071 2731 1125 enim
2790 1071 2946 1143 quod
3003 1076 3183 1126 esset'
3217 1073 3407 1143 gentis
3459 1073 3687 1129 Judzeae.

2049 1143 2355 1214 Magisque
2387 1142 2572 1215 voluit
2599 1158 2834 1196 omnem
2887 1142 3249 1210 Judaeorum,
3279 1145 3379 1215 qui
3409 1153 3574 1200 erant
3627 1146 3688 1202 in

2049 1231 2227 1284 regno
2258 1214 2518 1281 Assueri,
2553 1215 2792 1284 perdere
2824 1215 3144 1269 nationem.

2129 1282 2320 1342 Mense
2353 1282 2754 1358 primo—(cujus
2788 1286 3133 1340 vocabulum
3165 1301 3228 1341 es
3272 1285 3476 1358 Nrsm)
3533 1304 3689 1344 anno

2051 1357 2472 1438 duode'decimo
2489 1358 3117 1438 regniAssyerimissa
3137 1357 3436 1438 estsorsin
3459 1375 3690 1438 urnam,

2051 1445 2178 1498 quae
2211 1428 2489 1483 Hebraice
2519 1427 2734 1483 dicitur
2756 1429 2942 1496 Pana,
2967 1444 3160 1484 coram
3192 1432 3389 1495 Aman,
3439 1446 3554 1500 quo
3601 1431 3696 1488 die

2050 1507 2104 1554 et
2136 1517 2251 1570 quo
2285 1515 2484 1554 mense
2513 1515 2656 1570 gens
2682 1501 3016 1555 Judaeorum
3051 1500 3285 1556 deberet
3317 1502 3564 1557 interﬁci
3592 1519 3605 1558 :
3638 1509 3696 1559 et

2051 1572 2226 1626 exivit
2250 1571 2474 1626 mensis
2503 1572 2908 1641 duodecimus,
2941 1571 3039 1642 qui
3071 1579 3313 1626 vocatur
3342 1576 3512 1628 Ama.

2124 1643 2395 1712 Dixitque
2426 1648 2615 1717 Aman
2648 1642 2768 1713 regi
2797 1650 3090 1717 Assuero:
3128 1643 3225 1697 Est
3279 1644 3533 1714 populus
3592 1662 3694 1717 per

2057 1730 2261 1769 omnes
2289 1714 2617 1786 provincias
2649 1714 2811 1785 regni
2843 1715 2926 1768 tui
2961 1715 3283 1784 dispersus,
3316 1722 3376 1770 et
3403 1733 3436 1771 a
3475 1733 3539 1772 se
3561 1714 3695 1772 mu-

2058 1792 2160 1840 tuo
2193 1791 2525 1858 separatus,
2560 1787 2725 1858 novis
2757 1792 2927 1840 utens
2985 1786 3212 1854 legibus
3241 1792 3298 1841 et
3327 1788 3695 1845 caeremoniis

2056 1859 2300 1928 insuper
2327 1862 2384 1912 et
2414 1860 2566 1930 regis
2593 1857 2742 1911 scita
2773 1862 3176 1912 contemnens.
3207 1857 3274 1930 Et
3296 1860 3512 1930 optime
3538 1860 3694 1916 nosti

2056 1931 2207 2003 quod
2244 1946 2357 1984 non
2389 1929 2660 2003 expediat
2692 1944 2870 2000 regno
2904 1939 3000 1984 tuo
3033 1934 3096 1983 ut
3127 1928 3440 1985 insoles—cat
3498 1949 3599 2003 per
3631 1932 3700 1986 li-

2056 2001 2346 2072 centiam;
2380 2001 2435 2054 Si
2462 2000 2568 2072 tibi
2602 1999 2809 2072 placet,
2844 2004 3090 2055 decerne
3120 2006 3184 2055 ut
3214 2008 3412 2072 pereat
3444 2017 3458 2056 :
3493 1999 3550 2058 et
3599 2003 3698 2057 de-

2058 2088 2182 2126 cem
2217 2070 2402 2126 millia
2452 2070 2808 2126 talentorum
2866 2070 3491 2143 appendam‘arcariis
3545 2089 3701 2145 gazae

2057 2148 2190 2197 ture.

2129 2212 2289 2268 Tulit
2318 2227 2455 2282 ergo
2487 2229 2584 2267 rex
2609 2213 2895 2268 annulum
2928 2230 3044 2285 quo
3074 2214 3372 2284 utebatur,
3404 2215 3477 2270 de
3522 2231 3701 2271 manu

2060 2303 2188 2350 sua,
2223 2290 2279 2340 et
2311 2285 2470 2358 dedit
2502 2301 2632 2358 eum
2665 2289 2852 2340 Aman
2887 2286 3005 2340 {ilio
3036 2286 3353 2358 Amadatbi
3384 2287 3454 2341 de
3495 2304 3703 2358 proge-

2062 2358 2156 2411 nie
2189 2363 2372 2427 Agag,
2406 2355 2561 2410 hosti
2593 2360 2953 2424 Judieorum,
2987 2357 3252 2428 dixitque
3274 2359 3346 2412 ad
3403 2355 3561 2419 eum,
3595 2355 3702 2413 Ᾰτ-

2060 2428 2498 2502 genturn,‘qu_od
2519 2432 2578 2482 tu
2605 2427 2924 2499 polliceris,
2949 2433 3118 2484 tuum
3143 2429 3239 2496 sit,
3265 2429 3337 2484 de
3357 2434 3574 2500 populo
3597 2445 3703 2502 age

2063 2498 2216 2572 quod
2250 2498 2353 2572 tibi
2385 2498 2593 2568 placet.

2134 2571 2450 2640 Vocatique
2482 2573 2620 2642 sunt
2651 2571 2854 2624 scribae
2887 2572 3040 2636 regis
3072 2586 3269 2642 mense
3291 2572 3481 2642 primo
3508 2576 3704 2640 NISAN,

2063 2642 2236 2696 tertia
2261 2643 2492 2696 decima
2521 2640 2617 2696 die
2647 2642 2914 2711 ejusdem
2939 2641 3185 2710 mensis,
3207 2647 3264 2697 et
3286 2640 3572 2714 scriptum
3597 2651 3706 2710 est,

2065 2722 2130 2768 ut
2154 2716 2415 2786 jusserat
2447 2720 2653 2786 Aman,
2686 2714 2755 2767 ad
2781 2729 2992 2786 omnes
3022 2718 3290 2784 satrapas
3324 2715 3497 2784 regis,
3531 2719 3588 2769 et
3612 2717 3708 2786 ju-

2064 2787 2223 2840 dices
2258 2784 2711 2856 provinciarum,
2762 2785 3244 2854 diversarumque
3301 2784 3708 2856 gentium,'ut

2065 2871 2307 2927 quaeque
2338 2872 2480 2924 gens
2512 2855 2701 2926 legere
2730 2860 3036 2928 poterat,et
3065 2857 3267 2910 audire
3298 2855 3400 2928 pro
3431 2858 3708 2915 varietate

2064 2927 2425 2999 linguarum,
2458 2943 2525 2982 ex
2551 2928 2787 2999 nomine
2827 2927 2982 2998 regis
3015 2928 3276 2982 Assueri:
3301 2927 3355 2983 et
3388 2929 3591 2984 littera;
3623 2929 3708 2984 si-

2066 2997 2468 3071 gnatzeipsius
2491 2997 2735 3063 annulo,
2768 2999 2963 3053 missae
2987 3005 3122 3054 sunt
3147 3015 3528 3069 percursores
3552 3000 3708 3071 regis

2068 3072 2137 3125 ad
2175 3070 2481 3142 universas
2512 3071 2868 3141 provincias,
2903 3076 2967 3124 ut
2996 3071 3326 3126 occiderent
3353 3076 3528 3142 atque
3557 3070 3710 3128 dele-

2067 3147 2198 3197 rent
2227 3158 2433 3198 omnes
2456 3141 2711 3214 Judaeos,
2745 3159 2777 3196 a
2808 3157 2995 3214 puero
3022 3158 3207 3214 usque
3230 3145 3301 3198 ad
3333 3141 3558 3210 senem,
3582 3160 3707 3214 par-

2061 3213 2230 3268 vulos
2261 3219 2318 3268 et
2349 3213 2647 3278 mulieres,
2680 3229 2797 3284 uno
2828 3214 2942 3284 die,
2986 3213 3093 3270 hoc
3116 3213 3214 3269 est
3251 3215 3422 3270 tertio
3481 3213 3706 3270 decimo

2065 3285 2286 3340 mensis
2328 3284 2661 3341 duodecimi
2682 3283 2783 3356 qui
2801 3289 3043 3341 vocatur
3061 3290 3248 3354 ADAR,
3273 3286 3491 3342 etbona
3505 3302 3708 3342 eorum

2065 3357 2403 3425 diriperent.

2135 3428 2382 3483 Summa
2411 3430 2610 3482 autem
2642 3426 3024 3499 epistolarum
3057 3427 3181 3483 haec
3213 3428 3344 3497 fuit,
3396 3431 3461 3483 ut
3501 3445 3707 3484 omnes

2064 3499 2374 3572 provinciae
2415 3499 2672 3572 scirent,
2707 3504 2764 3554 et
2819 3503 3318 3572 pararentpsead’
3378 3500 3711 3572 praedictam

2064 3569 2241 3625 diem.
2277 3569 2658 3626 Festinabant
2685 3586 2979 3637 cursores,
3015 3569 3116 3643 qui
3149 3571 3318 3627 missi
3344 3569 3532 3636 erant.
3559 3573 3713 3698 regis

2065 3642 2375 3698 imnerium
2409 3643 2660 3698 exnlere.
2694 3642 3027 3698 Statimque
3059 3643 3118 3697 in
3152 3643 3320 3698 Susis
3355 3644 3562 3698 nendit
3587 3661 3616 3698 e
3664 3644 3713 3697 i-

2065 3642 2375 3713 imperium
2409 3643 2660 3713 explere.
2694 3642 3118 3714 Statimquein
3152 3643 3320 3699 Susis
3355 3644 3562 3714 pendit
3587 3642 3713 3698 edi-

2065 3719 2247 3775 ctum,
2281 3729 2414 3784 rege
2447 3719 2503 3767 et
2526 3716 2710 3767 Aman
2745 3713 3078 3784 celebrante
3108 3713 3467 3781 convivium,
3489 3721 3546 3770 et
3574 3730 3714 3770 cun-

2063 3785 2176 3838 ctis
2208 3785 2249 3849 ²,
2285 3783 2382 3854 qui
2418 3784 2474 3837 in
2504 3785 2650 3838 urbe
2681 3788 2869 3849 erant,
2903 3783 3207 3840 ﬂentibus.

2135 3855 2296 3925 (Cap.
2332 3855 2447 3925 IV.)
2478 3857 2611 3919 Quae
2645 3871 2779 3909 cum
2803 3855 3068 3909 audisset
3090 3854 3510 3925 Mardochaaus,
3537 3855 3714 3912 scidit

2063 3925 2422 3997 vestimenta
2445 3942 2573 3990 sua,
2607 3931 2663 3981 et
2695 3925 2939 3980 indutus
2969 3930 3059 3980 est
3089 3942 3282 3995 sacco,
3315 3942 3600 3997 spargens
3631 3927 3712 3983 ci-

2062 4011 2263 4051 nerem
2298 3996 2474 4067 capiti
2511 4003 2610 4052 :et
2658 3998 2718 4051 in
2752 3997 2946 4068 platea
3003 3998 3210 4052 mediae
3265 3996 3521 4053 civitatis
3573 4014 3712 4054 voce

2065 4085 2278 4140 magna
2307 4068 2623 4140 clamabat,
2657 4069 2973 4124 ostendens
3019 4069 3474 4124 amaritudinem
3525 4070 3713 4125 animi

2064 4139 2180 4212 sui,
2211 4145 2269 4194 et
2300 4139 2407 4195 hoc
2439 4139 2663 4212 ejulatu
2694 4157 2882 4212 usque
2902 4141 2972 4195 ad
3010 4142 3161 4196 fores
3184 4141 3387 4212 palatii
3412 4141 3708 4212 gradiens.

2063 4211 2190 4285 Non
2223 4212 2380 4266 enim
2413 4217 2538 4267 erat
2567 4211 2795 4268 licitum
2831 4212 3107 4267 indutum
3139 4229 3306 4268 sacco
3337 4211 3533 4268 aulam
3556 4213 3712 4285 regis

2065 4283 2302 4338 intrare.

2139 4356 2198 4410 In
2223 4353 2498 4409 omnibus
2522 4369 2756 4425 quoque
2789 4353 3130 4426 provinciis,
3161 4355 3415 4426 oppidis,
3450 4371 3516 4410 ac
3545 4355 3710 4420 locis,

2065 4427 2136 4481 ad
2169 4443 2297 4497 quae
2329 4426 2563 4480 crudele
2591 4427 2744 4496 regis
2775 4427 2989 4496 dogma
3021 4432 3383 4497 pervenerat,
3438 4427 3711 4497 planctus

2067 4498 2276 4568 ingens
2307 4503 2434 4552 erat
2464 4500 2616 4569 apud
2649 4497 2908 4564 Judaeos,
2954 4497 3275 4568 jejunium,
3335 4497 3620 4563 ululatus,
3653 4503 3711 4554 et

2063 4569 2255 4636 ﬂetus,
2290 4585 2460 4624 sacco
2493 4574 2549 4624 et
2570 4569 2764 4624 cinere
2791 4569 2997 4624 multis
3030 4586 3132 4640 pro
3165 4574 3350 4624 strato
3382 4570 3708 4627 utentibus.

2132 4642 2411 4704 Ingressze
2444 4646 2640 4696 autem
2667 4646 2808 4696 sunt
2841 4639 3048 4712 puellae
3082 4641 3294 4695 Esther
3343 4645 3400 4695 et
3428 4642 3708 4709 eunuchi,

2061 4713 2480 4767 nuntiaverunt
2535 4713 2608 4768 ei.
2658 4713 2820 4776 Quod
2869 4713 3115 4767 audiens
3173 4717 3542 4770 consternata
3571 4718 3705 4770 est:

2061 4787 2120 4838 et
2150 4782 2324 4840 mesit
2351 4788 2594 4849 vestem,
2627 4789 2712 4851 ut,
2742 4783 2933 4838 ablato
2966 4799 3156 4850 sacco,
3191 4784 3504 4840 induerent
3550 4801 3704 4849 eum,

2062 4871 2238 4925 quam
2273 4855 2536 4928 accipere
2558 4855 2764 4910 noluit.
2800 4855 3114 4928 Accitoque
3131 4854 3355 4911 Athach
3378 4855 3705 4928 eunucho’.

2061 4943 2237 4998 quem
2269 4944 2368 4983 rex
2399 4926 2737 4984 ministrum
2769 4927 2820 4982 ei
2851 4927 3114 4998 dederat,
3135 4928 3412 5000 praecepit
3435 4928 3487 4983 ei
3514 4926 3705 4983 utiret

2062 5139 2284 5210 dimus,
2314 5139 2540 5213 legunt.

2136 5229 2157 5262 ²
2184 5227 2456 5286 Scholion
2498 5227 2843 5300 marginale,
2902 5229 3057 5300 quod
3118 5228 3326 5285 visitur
3354 5245 3384 5285 e
3442 5228 3620 5285 latere
3649 5227 3706 5284 in

2064 5299 2299 5356 Canone
2331 5301 2701 5370 Memmiano,
2730 5299 3081 5356 translatum
3141 5306 3230 5356 est
3257 5302 3312 5355 in
3368 5307 3706 5356 contextum

2062 5371 2349 5427 librorum
2382 5372 2699 5438 editorum,
2724 5372 2967 5427 verbum
2991 5371 3450 5434 videlicetistud.
3478 5373 3705 5429 Iudaeis.

2067 5443 2153 5497 Ita
2181 5448 2246 5498 ut
2279 5443 2355 5498 sit
2385 5459 2615 5511 sensus,
2648 5443 2862 5500 cunctis
2891 5443 3099 5506 Iudicis
3128 5445 3188 5498 in
3218 5443 3357 5498 urbe
3399 5445 3660 5514 ﬂentibus
3690 5460 3704 5499 :

2063 5515 2285 5586 cumrin
2321 5517 2556 5570 Hebraeo
2583 5531 2748 5586 aeque
2780 5532 2846 5570 ac
2879 5515 2936 5569 in
2973 5531 3110 5569 mss.
3167 5515 3385 5570 Latinis
3439 5515 3709 5586 legamus

2064 5585 2354 5660 absolute,
2389 5587 2612 5656 absque
2641 5585 2970 5660 Iudaeorum
3003 5586 3308 5658 vocabulo,
3362 5585 3576 5643 cunctis
3611 5585 3710 5660 qui

2063 5658 2120 5713 in
2155 5657 2288 5714 urbe
2313 5661 2481 5714 erant
2507 5659 2786 5728 ﬂentibus.
2819 5662 3002 5712 MART.
