4090 6192
240 269 383 326 1513

1665 273 1876 325 LIBER
1913 270 2215 324 ESTHER.

3511 271 3650 326 1514

235 394 473 450 intravit
505 393 562 448 in
588 391 834 466 hortum
859 393 1166 449 arboribus
1189 393 1505 450 consitum.
1529 398 1714 449 Aman
1733 411 1876 466 quo-
1909 397 1962 460 Α
1993 391 2345 466 Egressique
2374 394 2515 446 sunt
2542 389 2820 466 veredarii
2847 391 3064 466 celeres
3099 392 3338 466 nuntios
3362 395 3652 466 perferen-

230 482 346 538 que
375 465 746 538 surrexit,ut
777 470 1006 538 rogaret
1033 466 1236 538 Esther
1259 466 1528 538 reginam
1562 481 1659 534 pro
1682 465 1880 538 anima

229 536 378 604 sua;
412 536 701 590 intellexit
730 537 882 591 enim
915 553 950 590 a
982 552 1114 607 rege
1158 537 1269 590 sibi
1332 542 1600 607 paratum
1632 536 1877 591 malum.

228 609 336 673 Qui
368 623 499 662 cum
535 623 801 662 reversus
833 612 986 661 esset
1015 610 1087 662 de
1127 609 1292 662 horto
1349 609 1690 662 nemoribus
1743 624 1878 662 con-

227 681 365 745 sito,
399 685 457 734 et
485 681 768 733 intrasset
799 679 1046 732 convivii
1079 679 1296 744 locum,
1329 680 1545 748 reperit
1569 687 1753 733 Aman
1781 696 1878 733 su-

229 768 335 823 per
365 751 645 805 lectulum
677 751 1031 823 corruisse},
1065 751 1123 804 in
1156 767 1271 820 quo
1294 751 1530 821 jacebat
1568 750 1793 816 Esther,
1824 753 1882 804 et

229 821 352 878 ait:
387 823 571 876 Etiam
604 821 868 890 reginam
898 821 1023 875 vult
1053 823 1402 892 Opprimere,
1439 838 1530 876 me
1582 826 1882 892 praesente,

227 894 289 949 in
323 894 497 948 domo
532 909 676 946 mea.
711 893 970 948 Necdum
999 895 1237 947 verbum
1262 894 1329 947 de
1353 899 1445 949 ote
1469 893 1621 964 regis
1643 893 1881 959 exierat,

228 971 287 1022 et
307 966 507 1020 statim
530 970 890 1036 aperuerunt
921 963 1126 1019 faciem
1161 965 1311 1033 ejus.

303 1053 576 1123 Dixitque
611 1053 859 1114 Arbona,
889 1068 1041 1106 unus
1069 1053 1138 1106 de
1171 1051 1479 1120 eunuchis,
1516 1051 1615 1122 qui
1649 1052 1887 1107 stabant

229 1126 288 1180 in
324 1123 652 1179 ministerio
686 1124 873 1194 regis:
930 1126 1006 1177 En
1059 1123 1309 1194 lignum,
1368 1124 1520 1193 quod
1582 1129 1888 1193 paraverat

227 1197 608 1261 Mardochazo,
643 1196 743 1266 qui
776 1196 1007 1250 locutus
1041 1203 1129 1250 est
1161 1213 1261 1264 pro
1295 1199 1595 1266 rege,rstat
1622 1195 1679 1249 in
1714 1197 1886 1250 domo

233 1276 446 1334 Aman,
479 1265 704 1322 habens
762 1266 1094 1321 altitudinis
1153 1265 1579 1336 quinquaginta
1632 1267 1886 1323 cubitos.

233 1338 334 1396 Cui
368 1339 514 1393 dixit
545 1354 679 1392 rex:
708 1338 1035 1409 Appendite
1067 1353 1200 1391 eum
1233 1337 1293 1392 in
1316 1353 1404 1392 eo.
1433 1341 1770 1408 Suspensus
1801 1340 1891 1392 est

233 1411 432 1482 itaque
451 1412 639 1464 Aman
662 1409 718 1482 in
737 1408 998 1480 patibulo
1013 1410 1165 1480 quod
1183 1417 1482 1480 paraverat
1500 1409 1887 1474 Mardochaeo,

234 1487 290 1538 et
320 1481 474 1553 regis
502 1482 591 1535 ira
622 1481 860 1552 quievit.

301 1570 459 1638 (Cap.
493 1569 671 1637 VIII.)
703 1569 804 1623 Die
835 1567 934 1622 illo
978 1567 1137 1623 dedit
1193 1585 1286 1622 rex
1342 1570 1626 1624 Assuerus
1687 1568 1894 1622 Esther

233 1643 440 1712 reginae
476 1642 742 1712 domum
801 1642 984 1694 Aman
1045 1639 1775 1712 adversariirJudaaorumg.
1837 1643 1894 1694 et

236 1710 635 1768 Mardocbmus
667 1711 972 1783 ingressus
1003 1716 1093 1783 est
1124 1717 1256 1765 ante
1288 1711 1491 1783 faciem
1527 1711 1701 1783 regis.
1741 1710 1892 1766 Con-

235 1760 555 1840 ἓὲξεὲεἷὲὲῖ
571 1760 1104 1838 “ε”ηἰᾶι⁰“ἑῑ’ἐὲὡὲὲ
1125 1760 1891 1853 Tanta"aestimans
1925 1760 1969 1824 Β

237 1873 402 1911 SUOS.

305 1942 581 2012 Tulitque
612 1959 708 1997 rex
769 1943 1076 2008 annulum,
1116 1957 1288 2012 quem
1350 1942 1421 1996 ab
1471 1946 1650 1996 Aman
1713 1943 1894 2012 recipi

237 2016 515 2086 jusserat,
573 2020 628 2086 et
688 2015 930 2086 tradidit
987 2014 1367 2086 Mardochaeo.
1431 2014 1639 2067 Esther
1695 2020 1890 2086 autem

243 2085 548 2141 Constituit
578 2085 1007 2140 Mardochzeum
1041 2101 1216 2153 super
1247 2085 1486 2138 domum
1539 2101 1720 2139 suam.
1778 2085 1892 2141 Nec

246 2158 337 2212 his
369 2161 660 2221 contenta,
706 2156 1087 2227 prociditzad
1140 2156 1314 2227 pedes
1357 2157 1539 2227 regis,
1595 2156 1888 2226 flevitque,

242 2234 298 2283 et
327 2228 521 2283 locuta
550 2229 618 2281 ad
652 2226 785 2282 eum
818 2227 1024 2291 oravit,
1058 2230 1122 2280 ut
1183 2226 1466 2298 malitiam
1503 2232 1685 2280 Aman
1737 2231 1890 2298 Aga-

239 2299 392 2369 gitze,
424 2304 479 2353 et
512 2299 975 2353 machinationes
998 2298 1124 2366 ejus
1155 2297 1462 2367 pessimus,
1519 2314 1667 2368 quas
1718 2314 1892 2352 exco-

241 2371 526 2440 gitaverat
560 2379 764 2426 contra
793 2370 1050 2435 JUdtBOS,
1077 2370 1311 2437 juberet
1368 2369 1560 2422 irritas
1588 2439 1593 2440 ν
1621 2371 1765 2424 tieri.
1821 2373 1891 2424 At

237 2439 333 2496 ille
365 2459 431 2496 ex
464 2459 626 2500 more
675 2448 972 2511 sceptrum
1027 2456 1271 2494 aureum
1335 2439 1628 2511 protendit
1687 2457 1886 2507 manu,

240 2529 353 2583 quo
387 2514 616 2583 signum
652 2510 970 2566 clementiae
1005 2512 1478 2583 monstrabatur:
1507 2510 1717 2580 illaque
1751 2528 1887 2583 con-

237 2581 486 2654 surgens
516 2585 682 2642 stetit
713 2590 846 2638 ante
878 2599 1036 2646 eum,
1069 2588 1125 2636 et
1155 2583 1269 2635 ait:
1306 2581 1364 2636 Si
1417 2582 1604 2652 placet
1659 2582 1796 2652 regi,
1832 2586 1888 2636 et

237 2660 287 2710 si
319 2656 508 2709 inveni
542 2657 790 2724 gratiam
827 2655 882 2708 in
910 2654 1095 2708 oculis
1126 2655 1276 2722 ejus,
1309 2657 1365 2707 et
1397 2654 1725 2722 deprecatio
1759 2669 1888 2708 mea

238 2743 352 2781 non
386 2727 438 2780 ei
469 2728 698 2783 videtur
729 2741 857 2780 esse
899 2728 1212 2792 contraria,
1273 2725 1534 2785 obsecro,
1601 2729 1666 2778 ut
1725 2727 1887 2780 novis

236 2798 524 2868 epistolis,
583 2805 803 2852 veteres
858 2799 1041 2868 Aman
1115 2795 1358 2863 litterae,
1418 2795 1774 2850 insidiatoris
1832 2800 1889 2851 et

237 2867 424 2924 hostis
453 2870 782 2924 Judaeorum
813 2867 1027 2935 quibus
1057 2882 1155 2920 eos
1188 2868 1243 2920 in
1276 2867 1504 2920 cunctis
1537 2868 1692 2933 regis
1751 2885 1886 2937 pro-

233 2941 440 2995 vinciis
484 2943 670 3010 perire
728 2942 1079 3010 praeceperat
1137 2941 1524 3008 corrigantur.
1586 2939 1886 3000 Quomodo

236 3012 390 3066 enim
426 3019 618 3078 potero
677 3011 968 3064 sustinere
1028 3025 1251 3073 necem,
1309 3015 1365 3063 et
1423 3010 1882 3065 interfectionem

238 3083 440 3154 populi
473 3084 634 3138 mei?
692 3081 1128 3154 Responditqiie
1177 3097 1273 3134 rex
1327 3085 1619 3135 Assuerus
1679 3082 1885 3135 Esther

234 3153 469 3224 reginae,
502 3161 560 3208 et
596 3154 953 3208 Mardochzeo
984 3153 1186 3224 Judaeo
1214 3168 1225 3203 :
1266 3158 1510 3224 Domum
1541 3156 1726 3206 Aman
1749 3170 1886 3208 con-

241 3223 389 3279 cessi
424 3225 649 3288 Esther,
685 3231 739 3278 et
772 3224 964 3294 ipsum
984 3223 1136 3291 jussi
1163 3224 1319 3292 affigi
1341 3223 1518 3288 cruci,
1541 3225 1682 3293 quia
1708 3241 1889 3278 ausus

238 3303 326 3351 est
349 3312 589 3350 manum
619 3296 845 3350 mittere
871 3295 929 3349 in
947 3295 1200 3349 Judaaos.
1229 3294 1471 3348 Scribite
1495 3310 1628 3364 ergo
1646 3296 1888 3362 Judaeis,

241 3369 582 3422 sicutvobis
615 3367 822 3438 placet,
857 3367 1011 3435 regis
1045 3364 1302 3424 nomine.
1330 3364 1636 3438 signantes
1669 3366 1890 3421 litteras

237 3438 458 3493 annulo
489 3437 636 3494 meo.
672 3439 802 3492 Hzec
832 3438 988 3492 enim
1023 3437 1384 3490 consuetudo
1416 3445 1559 3502 erat,
1587 3442 1651 3491 ut
1673 3440 1887 3507 episto-

237 3511 310 3564 lis
342 3526 469 3579 quae
501 3527 570 3565 ex
608 3510 761 3578 regis
791 3509 896 3578 (Al.
956 3506 1128 3574 regio)
1191 3507 1426 3562 nomine
1485 3506 1888 3576 mittebantur,

235 3586 293 3636 et
317 3580 478 3636 illius
506 3582 731 3637 annulo
762 3582 1003 3651 signatae
1037 3583 1227 3647 erant,
1261 3595 1431 3633 nemo
1464 3581 1702 3635 auderet
1748 3597 1890 3636 con-

238 3652 546 3708 tradicere.

310 3741 643 3810 Accitisque
675 3737 882 3810 scribis
913 3741 971 3792 et
1001 3736 1259 3810 librariis
1291 3737 1444 3810 regis
1498 3741 1641 3803 (erat
1691 3745 1888 3794 autem

239 3817 473 3881 tempus
495 3807 651 3866 tertii
679 3809 918 3876 mensis,
942 3808 1041 3881 qui
1061 3807 1891 3881 appellaturSmAN)vicesima

243 3888 300 3936 et
330 3879 501 3936 tertia
533 3883 690 3935 illius
721 3881 835 3948 die,
868 3879 1098 3949 scriptis
1132 3883 1270 3931 sunt
1297 3879 1576 3949 epistolae,
1611 3886 1674 3934 ut
1734 3881 1887 3935 Mar-

243 3953 518 4008 dochaeus
549 3954 830 4015 voluerat,
890 3952 958 4004 ad
1016 3950 1276 4016 Judaeos,
1314 3955 1389 4021 et
1441 3951 1510 4004 ad
1571 3952 1884 4021 principes,

243 4028 774 4096 procuratoresque
821 4025 899 4096 et_
928 4022 1191 4096 judices,
1227 4020 1323 4091 qui
1383 4027 1616 4096 centum
1679 4020 1886 4093 viginti

240 4093 462 4165 septem
496 4095 812 4165 provinciis
851 4094 924 4147 ab
959 4093 1120 4147 ludia
1150 4109 1336 4165 usque
1358 4093 1706 4163 jEthiopiam
1744 4111 1890 4163 prae-

241 4163 536 4232 sidebant,
589 4165 896 4237 provinciae
947 4171 1124 4237 atque
1177 4163 1508 4234 provinciae,
1560 4166 1774 4236 populo
1833 4171 1890 4221 et

242 4237 476 4309 populo,
503 4234 673 4306 juxta
702 4236 936 4309 linguas
959 4241 1014 4291 et
1035 4234 1266 4289 litteras
1316 4252 1482 4309 suas,
1535 4234 1592 4290 et
1626 4234 1669 4309 Α]
1685 4237 1886 4305 udaais,

246 4306 440 4380 lli-(Al.
479 4309 671 4380 prout)
701 4306 890 4380 legere
923 4311 1208 4380 poterant,
1242 4310 1297 4380 et
1353 4306 1570 4380 audire.
1625 4307 1888 4380 Ipsaaque

242 4377 518 4452 epistolae,
553 4377 678 4450 quae
710 4377 863 4450 regis
906 4377 1142 4431 nomine
1176 4377 1606 4452 _mittebantur,
1656 4377 1886 4452 annulo

1992 468 2102 527 tes,
2131 467 2188 516 et
2219 463 2477 516 edictum
2512 463 2662 530 regis
2693 463 2970 532 pependit
2999 463 3058 517 in
3092 464 3281 520 Susis.

2060 533 2460 608 Mardocb‘aaus
2493 538 2712 608 autem,
2748 535 2819 588 de
2850 535 3065 608 palatio
3113 541 3171 590 et
3201 536 3271 590 de
3330 542 3666 608 conspectu‘

1988 605 2140 679 regis
2172 605 2497 679 egrediens,
2535 604 2796 679 fulgebat
2855 607 3115 662 vestibus
3167 608 3364 678 regiis,
3401 604 3652 679 hyacin-

1988 676 2168 749 thinis
2194 675 2467 749 ‘videlicet
2485 683 2541 749 et
2567 676 2774 743 aereis,
2795 693 3083 749 coronam
3118 675 3356 734 auream
3413 675 3652 749 portans

1989 747 2046 822 i‘n
2079 746 2288 822 capite,
2321 751 2376 822 et
2405 747 2660 822 amictus
2692 747 2876 822 serico
2912 748 3086 819 pallio
3117 755 3296 822 atque
3333 746 3649 822 purpureo.

1989 818 2305 888 Omnisque
2329 818 2532 872 civitas
2564 820 2894 882 exsultavit,
2914 818 3104 889 atque
3133 818 3352 874 laetata'
3377 818 3486 877 est.
3544 822 3648 877 Ju-

1991 890 2345 963 dmisautem
2372 906 2517 944 nova
2543 889 2637 944 lux
2662 890 2800 944 oriri
2823 893 2947 945 visa
2971 897 3088 963 est,
3107 892 3410 963 gaudium,
3437 896 3642 958 honor,

1989 969 2044 1014 et
2073 959 2418 1036 tripudium.
2451 963 2616 1032 Apud
2659 977 2867 1036 omnes
2922 959 3191 1033 populos,
3252 965 3420 1018 urbes
3472 970 3649 1036 atque

1992 1032 2319 1103 provincias
2373 1048 2726 1103 quocunque
2755 1033 2905 1103 regis
2943 1036 3111 1103 jussa
3143 1037 3474 1102 veniebant,
3500 1032 3650 1091 mira

1992 1102 2322 1169 exsultatio,
2357 1102 2536 1174 epulae
2568 1102 2745 1174 atque
2769 1102 3051 1171 cnnviVia,
3086 1109 3140 1159 et
3174 1106 3360 1162 festus
3393 1109 3516 1162 dies
3544 1123 3556 1162 :
3583 1109 3646 1162 in

1996 1181 2221 1247 tantum
2256 1181 2317 1228 ut
2350 1175 2544 1245 plures
2576 1175 2816 1229 alterius
2848 1177 3040 1246 gentis
3088 1181 3144 1230 et
3192 1184 3385 1247 sectae,
3443 1195 3644 1234 eorum

1995 1245 2259 1316 religioni
2293 1252 2350 1300 et
2379 1247 2744 1301 cmremoniis
2767 1245 3179 1316 jungerentur.
3205 1245 3457 1306 Grandis
3488 1250 3646 1305 enim

1995 1324 2239 1372 cunctos
2269 1317 2494 1373 Judaici
2529 1320 2785 1373 nominis
2815 1325 3002 1373 terror
3032 1320 3347 1374 invaserat.

2069 1388 2233 1470 (Cap.
2269 1388 2384 1470 lx.)
2417 1389 2963 1470 Igiturduodecimi
2998 1393 3243 1470 mensis,
3273 1407 3445 1470 quem
3485 1393 3650 1470 Anan

1996 1459 2188 1532 vocari
2210 1459 2482 1532 antejam
2506 1459 2782 1530 diximus,
2810 1461 2982 1515 tertia
3012 1462 3239 1518 decima
3267 1463 3383 1529 die,
3418 1464 3650 1532 quando

1999 1531 2817 1603 cunctisludaaisinterfectio
2850 1534 3186 1603 parabatur,
3220 1538 3279 1589 et
3310 1531 3508 1590 hostes
3553 1551 3653 1589 eo-

1999 1619 2126 1677 rum
2163 1602 2468 1657 inhiabant
2499 1604 2798 1673 sanguini,
2830 1602 2997 1659 versa
3052 1605 3174 1660 vice
3231 1606 3417 1660 Judaei
3479 1623 3656 1677 supe-

2001 1675 2182 1728 riores
2214 1690 2341 1728 esse
2361 1682 2682 1744 coeperunt,
2707 1680 2764 1730 et
2787 1691 2848 1729 se
2869 1677 2936 1729 de
2959 1677 3312 1732 adversariis
3331 1675 3648 1733 vindicare.

2001 1746 2467 1819 Congregatique
2493 1751 2632 1819 sunt
2665 1763 2762 1816 per
2792 1746 3058 1817 singulas
3089 1748 3372 1814 civitates,
3415 1749 3650 1819 oppida,

2002 1823 2058 1870 et
2087 1816 2232 1885 loca,
2265 1821 2326 1869 ut
2355 1817 2732 1871 extenderent
2762 1816 3002 1872 manium
3035 1826 3238 1874 contra
3270 1816 3540 1875 inimicos
3598 1816 3655 1876 et

2004 1892 2402 1958 persecutores
2435 1905 2591 1943 suos.
2626 1888 2948 1960 Nullusque
2979 1906 3159 1945 ausus
3216 1895 3307 1945 est
3359 1892 3652 1960 resistere,

2001 1974 2067 2012 eo
2099 1961 2252 2028 quod
2286 1974 2490 2014 omnes
2549 1961 2792 2030 populos
2821 1961 3246 2032 magnitudinis
3293 1979 3494 2018 eorum
3539 1964 3655 2018 for-

2003 2032 2162 2084 mido
2191 2036 2538 2101 penetrarat.
2571 2032 2714 2085 Nam
2747 2039 2805 2086 et
2836 2033 3266 2102 provinciarum
3312 2035 3563 2104 judices,
3597 2043 3654 2089 et

2001 2105 2212 2176 duces,
2258 2109 2315 2176 et
2369 2109 2796 2176 procuratores,
2841 2104 3150 2174 omnisque
3203 2105 3461 2176 dignitas
3519 2122 3652 2176 ques

2000 2172 2247 2246 singulis
2277 2172 2418 2228 locis
2450 2191 2516 2229 ac
2547 2175 2822 2246 operibus
2856 2172 3119 2244 praeerat,
3149 2172 3501 2232 extollebant
3538 2172 3651 2232 ’.Ια-

2000 2245 2154 2318 ursos
2182 2244 2388 2318 timore
2417 2244 2784 2300 Mardochaei.
2820 2247 2999 2310 Quem
3034 2247 3355 2318 principem
3388 2263 3516 2302 esse
3548 2265 3650 2318 pa-

1997 2314 2152 2389 latii,
2178 2315 2501 2389 plurimum
2537 2333 2706 2386 posse
2738 2326 3161 2389 cognoverant:
3199 2314 3349 2372 fama
3418 2314 3654 2389 quoque

1999 2387 2255 2460 nominis
2285 2388 2414 2460 ejus
2443 2389 2741 2443 crescebat
2765 2387 3050 2458 quotidie,
3082 2394 3140 2444 et
3167 2405 3268 2460 per
3308 2387 3653 2445 cunctorum

1999 2474 2099 2512 ora
2130 2457 2428 2512 volitabat.

2073 2532 2269 2596 Itaque
2304 2533 2720 2602 percusserunt
2768 2529 2954 2584 Judaei
2993 2529 3286 2602 inimicos
3315 2547 3452 2586 suos
3483 2530 3656 2602 plaga

2000 2615 2233 2670 magna,
2269 2607 2323 2654 et
2349 2599 2684 2674 occiderunt
2714 2615 2834 2666 eos,
2869 2601 3149 2655 reddente
3180 2602 3264 2655 eis
3324 2599 3498 2674 quod
3541 2599 3652 2657 sibi

1999 2676 2345 2742 paraverant
2377 2673 2562 2725 facere
2589 2687 2601 2725 :
2627 2672 2683 2725 in
2718 2677 2950 2725 tantum
2983 2677 3048 2725 ut
3103 2673 3279 2726 etiam
3341 2672 3399 2726 in
3457 2680 3648 2728 Susan

1995 2744 2347 2813 quingentos
2378 2744 2532 2796 viros
2565 2743 2980 2808 interﬁcerent,
3015 2749 3178 2797 extra
3233 2744 3434 2797 decem
3496 2746 3651 2799 lilios

1995 2821 2183 2868 Aman
2219 2815 2467 2884 Agagitae
2502 2813 2688 2868 hostis
2741 2815 3076 2869 Judaaorum
3104 2816 3164 2878 *ς
3224 2831 3472 2885 quorum
3542 2817 3654 2871 ista

1995 2891 2136 2957 sunt
2169 2887 2407 2957 nomina
2435 2886 2938 2957 :Pharsandatha,
2961 2892 3016 2940 et
3039 2885 3321 2957 Delphon,
3346 2887 3651 2957 ettEspha-

1994 2956 2113 3021 the,
2148 2960 2202 3009 et
2232 2955 2543 3025 Phoratha,
2575 2961 2631 3010 et
2662 2957 2884 3021 Adalia,
2918 2961 2975 3011 et
3001 2955 3300 3026 Aridatha,
3360 2964 3417 3012 et
3475 2955 3652 3012 Pher-

1995 3033 2203 3088 mesta,
2239 3033 2295 3082 et
2321 3027 2531 3092 Arisai,
2564 3032 2620 3082 et
2648 3029 2845 3082 Aridai
2879 3029 2997 3097 (41.
3022 3028 3280 3098 Arisati),
3331 3035 3389 3083 et
3449 3031 3650 3084 Vaiza-

1998 3099 2100 3153 tha
2131 3099 2237 3160 (Al.
2272 3099 2552 3169 Jezatha).
2607 3101 2760 3163 Quos
2817 3116 2950 3153 cum
3002 3101 3381 3172 occidissent,
3427 3103 3653 3172 praedas

1999 3173 2070 3224 de
2104 3172 2452 3225 substantiis
2487 3186 2684 3224 eorum
2719 3176 2962 3241 tangere
2996 3170 3331 3225 noluerunt.

2071 3241 2399 3310 Statimque
2433 3257 2714 3296 numerus
2747 3257 2975 3306 eorum,
3009 3243 3108 3309 qui
3166 3242 3340 3297 occisi
3397 3249 3563 3297 erant
3595 3243 3653 3296 in

2002 3311 2218 3386 Susan,
2253 3314 2324 3367 ad
2358 3312 2806 3386 regemrelatus
2838 3319 2944 3386 est.
2968 3314 3087 3386 Qui
3119 3313 3263 3368 dixit
3313 3314 3524 3386 reginae
3553 3330 3564 3367 :
3595 3316 3656 3368 ln

2003 3384 2362 3458 urbeSusan
2398 3383 2816 3458 interfecerunt
2867 3384 3055 3438 δι]όωί
3091 3383 3447 3458 quingentos
3478 3386 3660 3452 viros,

2002 3459 2058 3509 et
2089 3453 2234 3510 alios
2268 3456 2466 3510 decem
2501 3455 2654 3510 ﬁlios
2713 3464 2889 3510 Aman
2919 3473 2931 3522 ;
2995 3453 3298 3527 qua—utam,
3336 3462 3510 3527 putas
3556 3472 3657 3511 eos

2001 3542 2266 3580 exercere
2291 3527 2503 3581 caedem
2537 3527 2596 3580 in
2629 3527 2920 3582 universis
2951 3527 3266 3597 provinciis
3285 3526 3312 3580 ‘f
3331 3526 3479 3594 Quid
3503 3528 3661 3594 ultra

2004 3597 2288 3668 postulas,
2321 3604 2375 3652 et
2398 3598 2538 3668 quid
2572 3598 2656 3653 vis
2691 3604 2753 3652 ut
2783 3598 2904 3653 fieri
2930 3599 3170 3668 jubeam
3195 3599 3221 3652 ?
3252 3601 3341 3653 cui
3410 3599 3508 3653 illa
3568 3617 3657 3653 re-

2002 3669 2275 3738 spondit:
2311 3669 2367 3722 Si
2403 3670 2521 3738 regi
2551 3668 2754 3738 placet.
2790 3671 2963 3722 detur
2989 3675 3247 3738 potestas
3288 3669 3528 3735 Judaeis,
3590 3675 3654 3724 ut

2001 3739 2152 3793 sicut
2179 3740 2439 3792 fecerunt
2487 3739 2659 3792 hodie
2693 3741 2748 3792 in
2780 3743 2989 3803 Susan,
3020 3741 3104 3794 sic
3134 3746 3191 3793 et
3220 3756 3349 3794 cras
3407 3741 3648 3808 faciant,

1999 3815 2056 3863 et
2084 3810 2282 3881 decem
2337 3809 2438 3863 lilii
2497 3815 2683 3862 Aman
2743 3811 2798 3863 in
2858 3811 3134 3878 patibulis
3190 3812 3647 3881 suspendantur.

1998 3880 2388 3950 Praecepitque
2413 3897 2530 3950 rex,
2565 3887 2630 3934 ut
2661 3881 2740 3933 ita
2776 3882 2952 3935 fieret.
2985 3880 3312 3951 Statimque
3345 3883 3402 3936 in
3452 3883 3642 3937 Susan

1999 3951 2272 4021 pependit
2301 3952 2582 4018 edictum,
2615 3957 2673 4006 et
2693 3953 2894 4006 decem
2941 3951 3045 4006 filii
3129 3959 3310 4007 Aman
3370 3954 3647 4024 suspensi

1997 4027 2152 4076 sunt

2066 4093 2445 4164 Congregatis
2474 4093 2696 4148 Judaeis
2727 4098 2940 4164 quarta
2989 4094 3216 4149 decima
3272 4094 3364 4148 die
3423 4096 3648 4150 mensis

1996 4167 2178 4227 Anan,
2213 4165 2500 4219 interfecti
2535 4170 2675 4219 sunt
2707 4165 2763 4218 in
2793 4165 2983 4219 Susan
3035 4165 3277 4220 trecenti
3328 4165 3435 4220 viri
3472 4183 3485 4220 :
3546 4169 3666 4221 nec

1997 4251 2199 4290 eorum
2233 4235 2441 4292 abillis
2473 4236 2700 4306 direpta
2732 4238 3066 4290 substantia
3119 4243 3227 4293 est.
3278 4237 3385 4292 Sed
3439 4243 3498 4292 et
3549 4253 3653 4308 per

1999 4324 2200 4360 omnes
2233 4308 2586 4376 provincias,
2621 4325 2748 4377 quae
2781 4308 2984 4361 ditioni
3029 4309 3184 4378 regis
3242 4309 3648 4378 subjacebant,

2004 4395 2104 4446 pro
2166 4378 2473 4432 animabus
2531 4379 2657 4432 suis
2714 4383 3004 4434 steterunt
3060 4378 3270 4447 Judaei,
3329 4380 3652 4434 interfectis

240 4448 431 4530 ipsius
453 4448 1076 4530 obsi_gnatze'sunt,.et.
1114 4448 1304 4530 missae
1363 4465 1466 4518 per
1519 4451 1890 4530 veredarios:
1925 4468 1968 4530 ι)
2001 4449 2271 4530 hostibus
2329 4467 2395 4504 ao
2447 4451 2918 4530 persecutoribus
2975 4451 3133 4530 suis:
3197 4449 3532 4530 intentum
3564 4457 3656 4530 ‘ut

239 4519 342 4594 qui
401 4539 500 4593 per
558 4538 764 4594 omnes
824 4519 1149 4594 provincias
1197 4519 1893 4594 discurrentemveteres

248 4589 480 4648 litteras
511 4593 672 4649 novis
705 4589 928 4646 nuntiis
962 4589 1362 4663 praevenirent.
1389 4591 1611 4656 Quibus
1643 4593 1892 4663 impera-

250 4666 331 4719 vit
361 4681 480 4732 rex,
515 4671 577 4718 ut
607 4661 1250 4734 convenirent‘Judzeos
1304 4678 1407 4732 per
1461 4661 1894 4734 singulas—civi-

237 4741 411 4800 tates,
447 4731 505 4790 et
537 4736 593 4790 in
631 4751 811 4791 unum
846 4731 1221 4806 prmciperent
1271 4731 1632 4806 ocngregari,
1667 4742 1732 4788 ut
1779 4741 1895 4790 sta-

243 4814 376 4863 rent
409 4824 509 4876 pro
542 4805 859 4861 animabus
881 4805 1028 4872 suis,
1050 4808 1118 4876 iet
1147 4820 1351 4859 omnes
1405 4805 1677 4860 inimicos
1734 4823 1895 4870 suos,

241 4895 377 4934 cum
414 4875 766 4948 oonjugibus
797 4895 861 4931 ac
896 4875 1094 4948 liberis
1127 4877 1490 4948 etuniversis
1514 4877 1809 4945 domibus,
1843 4883 1900 4932 et

242 4946 640 5005 interﬁcerent
672 4954 850 5018 atque
906 4946 1184 5010 dolerent,
1217 4950 1274 4999 et
1332 4946 1518 5016 spolia
1562 4965 1760 5002 eurum
1811 4950 1898 5003 di-

241 5022 503 5091 riperent
525 5022 564 5073 ³.
599 5021 666 5075 Et
695 5018 1017 5091 constituta
1067 5022 1154 5070 est
1187 5032 1287 5086 per
1309 5034 1520 5091 omnes
1570 5020 1898 5089 provincias

241 5089 362 5146 una
393 5091 636 5146 ultionis
697 5091 844 5153 dies,
907 5090 961 5143 id
1022 5094 1131 5155 est,
1186 5089 1358 5142 tertia
1397 5090 1623 5144 decima
1683 5093 1899 5146 mensis

248 5163 584 5217 duodecimi
621 5165 793 5217 Anan.
828 5161 1188 5228 Summaque
1220 5159 1474 5229 epistolae
1523 5161 1643 5215 haec
1676 5162 1801 5227 fuit,
1838 5167 1902 5216 ut

247 5233 310 5288 in
345 5236 620 5288 omnibus
650 5233 819 5289 terris
849 5249 914 5286 ac
973 5230 1386 5303 populishqui
1453 5233 1604 5303 regis
1660 5233 1900 5288 Assueri

246 5304 495 5376 imperio
528 5303 932 5374 subjacebant,
974 5301 1178 5376 notum
1238 5301 1716 5376 tie'rethparatos
1774 5321 1901 5360 esse

241 5373 483 5433 Judaeos
516 5377 583 5431 ad
621 5373 962 5448 capiendam
995 5373 1314 5428 vindictam
1347 5373 1416 5429 de
1446 5373 1716 5430 hostibus
1739 5376 1897 5444 suis;

321 5588 693 5654 ‘Palatinus,
728 5603 889 5659 super
946 5587 1207 5641 lectulum
1265 5603 1424 5642 suum
1446 5590 1741 5650 corruisse.
1791 5594 1900 5646 etc.

321 5662 342 5696 9
373 5661 592 5717 Vitiose
620 5659 838 5715 lectum
870 5663 1040 5713 antea
1079 5663 1166 5714 est
1220 5659 1577 5726 Martianzeo,
1632 5661 1900 5730 procedit.

315 5734 338 5768 ³
369 5736 548 5788 Istam
609 5731 918 5803 pericopen
946 5771 960 5797 ,
1021 5733 1069 5783 et
1125 5729 1301 5802 spolia
1344 5747 1532 5788 eorum
1577 5729 1901 5805 diriperent,

246 5805 438 5863 nostri
473 5820 582 5861 ms.
619 5820 734 5861 non
767 5805 1114 5875 agnoscunt.

577 5921 838 5984 PATROL.
884 5914 1150 5979 XXVIlI.

2003 4520 2372 4593 septuaginta
2403 4520 2663 4591 quinque
2696 4521 2878 4575 millia
2913 4522 3239 4575 occisorum
3273 4521 3656 4593 implerentur

2006 4599 2061 4646 et
2093 4591 2290 4645 nullus
2345 4593 2414 4647 de
2471 4593 2825 4646 substantiis
2873 4608 3073 4647 eorum
3135 4591 3460 4663 quidquam
3512 4611 3654 4650 con-

2005 4664 2044 4717 ti
2059 4669 2273 4732 ngeret.

2083 4735 2210 4788 Dies
2243 4737 2437 4788 autem
2469 4733 2676 4788 tertius
2708 4733 2972 4788 decimus
3004 4734 3224 4788 mensis
3259 4735 3440 4800 Anan,
3501 4752 3656 4789 unus

2006 4805 2111 4876 (Al.
2149 4806 2410 4876 lprimus)
2461 4806 2613 4874 apud
2674 4821 2870 4859 omnes
2929 4806 3349 4861 interfectiouis
3411 4805 3540 4870 fuit,
3601 4812 3658 4859 et

2009 4876 2447 4946 quartadecima
2479 4877 2570 4930 die
2602 4879 2817 4931 caedere
2851 4877 3171 4930 desierunt.
3225 4879 3401 4942 Quem
3436 4877 3656 4930 consti-

2009 4954 2247 5001 tuerunt
2277 4964 2406 5001 esse
2438 4948 2782 5010 solemnem,
2844 4949 2995 5000 utin
3051 4963 3117 5002 eo
3177 4950 3335 5003 omni
3396 4954 3658 5016 tempore

2008 5020 2284 5090 deinceps
2317 5018 2824 5090 vacarentepulis,
2858 5018 3069 5089 gaudio
3121 5024 3296 5088 atque
3355 5019 3656 5072 conviviis.

2008 5094 2081 5144 At
2112 5090 2168 5143 hi
2198 5087 2297 5160 qui
2327 5090 2384 5142 in
2422 5091 2564 5143 urbe
2593 5087 2778 5144 Susan
2819 5087 3032 5144 caedem
3064 5087 3462 5153 exercuerant,
3487 5091 3660 5144 tertio

2010 5161 2258 5241 decimo,
2287 5166 2343 5215 et
2367 5166 2581 5241 quarto
2614 5161 2841 5241 decimo
2875 5161 2965 5241 die
2991 5162 3258 5241 ejusdem
3317 5161 3540 5241 mensis
3599 5161 3661 5215 in

2010 5233 2162 5286 caede
2198 5232 2402 5286 versati
2437 5232 2844 5301 sunt;quinto
2876 5232 3102 5286 decimo
3131 5237 3325 5285 autem
3378 5232 3473 5285 die
3529 5248 3659 5302 per-

2010 5309 2203 5358 cutere
2243 5304 2563 5358 desierunt.
2591 5307 2656 5356 Et
2687 5304 2902 5358 idcirco
2935 5303 3206 5357 eumdem
3239 5303 3393 5356 diem
3440 5303 3661 5357 consti-

2009 5378 2249 5429 tuerunt
2275 5373 2594 5429 solemnem
2627 5373 2932 5443 epularum
2966 5378 3140 5444 atque
3170 5373 3405 5428 laatitire.
3428 5373 3496 5428 Hi
3526 5390 3661 5429 vero

2084 5588 2104 5621 ‘
2135 5587 2326 5642 Nostri
2355 5602 2494 5641 mss.
2528 5585 2624 5641 hic
2657 5590 2830 5657 atque
2861 5585 3013 5640 infra
3043 5585 3103 5639 in
3131 5584 3286 5640 Susis
3312 5601 3324 5639 :
3349 5587 3474 5638 tum
3499 5581 3664 5657 valde

2011 5659 2241 5713 diverso
2275 5673 2474 5718 sensu,
2510 5653 2840 5729 quingentos
2869 5659 3014 5712 viros
3047 5658 3419 5726 interﬁcerent
3463 5662 3516 5709 et
3567 5653 3664 5708 de-

2012 5746 2149 5798 cem,
2173 5739 2332 5786 extra
2357 5729 2501 5801 filio:
2533 5733 2706 5786 Aman
2733 5747 2745 5786 :
2781 5729 2978 5785 minus
3008 5733 3204 5785 tamen
3237 5733 3410 5783 recte.

3262 5917 3339 5979 48
