4090 6192
470 254 610 308 1515

1512 256 1568 308 8.
1609 251 2014 310 HIERONYMI
2053 256 2304 308 DIVINA
2343 256 2833 312 BIBLIOTHECA.

3741 255 3881 310 1516

458 380 666 454 Judaei,
699 377 799 449 qui
834 379 890 432 in
924 377 1156 454 oppidis
1190 394 1304 432 non
1340 379 1579 454 muratis
1609 397 1672 434 ac
1706 379 1871 454 _villis
1917 396 2111 434 mora-
2143 383 2196 448 Α
2230 381 2476 451 Vulgata,
2508 397 2634 454 quae
2655 383 2968 454 Graecorum
2995 379 3206 454 lingua
3234 387 3286 436 et
3320 380 3884 454 titteriscontinetur,

460 453 977 521 bantur,quartum
1012 450 1307 521 decimum
1340 451 1495 504 diem
1530 452 1752 506 mensis
1783 458 1946 506 ADAR
1975 468 2105 506 con-

460 520 743 578 viviorum
778 525 834 575 et
870 520 1069 590 gaudii
1117 523 1516 586 decreverunt,
1571 524 1654 577 ita
1705 528 1769 576 ut
1815 523 2109 578 exsultent

461 596 518 648 in
553 611 639 662 eo,
673 598 728 646 et
761 593 993 648 mittant
1034 593 1146 648 sibi
1191 599 1394 650 mutuo
1447 599 1642 665 partes
1697 596 2004 665 epularum
2054 601 2110 650 et

465 665 750 719 ciborum.

532 735 776 806 Scripsit
807 733 1008 804 itaque
1037 735 1434 790 Mardocbzeus
1462 735 1660 790 omnia
1693 735 1834 806 hiec,
1867 739 1922 790 et
1950 734 2108 791 litte-

462 807 542 861 ris
575 805 997 876 comprehensa
1028 807 1190 860 misit
1218 808 1288 861 ad
1322 808 1578 874 Judaeos,
1610 808 1709 877 qui
1740 807 1797 860 in
1822 805 2108 861 Omnibus

461 879 616 949 regis
649 877 964 949 provinciis
997 879 1394 944 morabantur,
1422 884 1541 933 tam
1573 879 1632 932 in
1666 879 1853 934 vicino
1903 879 2109 949 positis

460 948 567 1018 [ΑΖ.
605 948 1154 1019 tdc.positis],quam
1186 950 1481 1018 procul,ut
1512 956 1780 1020 quartam
1815 948 2102 1004 decimam

459 1028 516 1075 et
542 1023 812 1090 quintam
847 1021 1133 1076 decimam
1167 1021 1320 1075 diem
1356 1024 1575 1076 mensis
1607 1025 1766 1076 Ama
1800 1039 1901 1092 pro
1943 1023 2106 1076 festis

457 1091 845 1163 susciperent,
897 1097 948 1146 et
995 1097 1320 1164 revertente
1373 1109 1604 1164 semper
1651 1091 1814 1147 anno,
1856 1093 2103 1164 solemni

455 1162 676 1218 honore
703 1163 1225 1233 celebrarent;quia
1256 1166 1312 1218 in
1346 1162 1730 1235 ipsis‘dtebus
1762 1180 1823 1218 se
1841 1162 1946 1217 ulti
1969 1171 2106 1218 sunt

453 1235 640 1290 Judaei
668 1235 738 1288 de
771 1235 1023 1288 inimicis
1051 1235 1175 1288 suis
1206 1242 1263 1289 et
1291 1236 1488 1290 luctus
1535 1243 1711 1304 atque
1757 1235 1997 1290 tristitia
2043 1236 2102 1290 in

455 1307 811 1361 hilaritatem
841 1306 1246 1375 gaudiumque
1272 1323 1551 1361 conversa
1582 1312 1742 1371 sunt,
1791 1312 2105 1377 essentque

457 1379 584 1433 dies
614 1378 708 1432 isti
746 1377 1052 1447 epularum
1087 1382 1262 1448 atque
1295 1378 1526 1445 laetitiae,
1559 1383 1615 1431 et
1649 1377 1945 1432 mitterent
1991 1379 2105 1433 sibi

460 1448 707 1521 invicem
739 1452 1002 1503 ciborum
1034 1454 1249 1518 partes,
1283 1456 1340 1504 et
1367 1450 1719 1521 pauperibus
1753 1449 2106 1505 munuscula

461 1519 839 1590 largirentur.

529 1587 1044 1661 S'usceperuntque
1069 1587 1255 1644 Judazi
1280 1589 1334 1643 id
1357 1589 1675 1646 solemnem
1701 1590 1876 1644 ritum
1898 1596 2109 1646 cuncta

463 1678 589 1732 quae
620 1679 685 1718 eo
716 1671 976 1731 tempore
1009 1662 1193 1715 facere
1225 1667 1520 1730 coeperant
1551 1666 1590 1727 1,
1620 1667 1676 1716 et
1705 1679 1832 1732 qua:
1872 1662 2104 1717 Mardo-

456 1735 653 1788 chaaus
692 1733 903 1789 litteris
955 1732 1222 1786 facienda
1271 1734 1669 1788 mandaverat.
1715 1738 1898 1788 Aman
1955 1735 2111 1789 enim
2142 1735 2189 1800 B

453 1806 612 1860 filius
643 1803 953 1859 Adamathi
987 1805 1189 1874 stirpis
1222 1807 1404 1874 Agag,
1429 1805 1616 1858 hostis
1648 1809 1706 1858 et
1735 1805 2109 1860 adversarius

456 1876 815 1943 Judzeorum,
850 1876 1126 1945 cogitavit
1156 1881 1355 1929 contra
1390 1892 1489 1930 eos
1522 1875 1765 1945 malum,
1802 1882 1865 1930 ut
1890 1877 2115 1931 occide-

456 1955 543 2002 ret
573 1948 926 2014 illlos,atque
959 1947 1176 2001 deleret
1212 1964 1223 2000 :
1259 1953 1316 2001 et
1345 1946 1503 2001 misit
1538 1949 1878 2014 Pnun,quod
1915 1954 2114 2003 nostra

455 2019 657 2088 lingua
685 2019 931 2074 vertitur
963 2017 1020 2072 in
1053 2025 1293 2072 sortem.
1342 2019 1410 2072 Et
1455 2027 1656 2088 postea
1708 2019 1976 2089 ingressa
2024 2023 2114 2074 est

454 2091 663 2146 Esther
693 2091 765 2145 ad
796 2105 926 2158 rege
956 2105 1035 2154 m,
1069 2090 1384 2144 obsecrans
1417 2096 1478 2142 ut
1508 2095 1750 2144 conatus
1780 2092 1911 2159 ejus
1958 2091 2112 2144 litte-

458 2163 541 2217 ris
574 2163 725 2233 regis
757 2162 907 2214 irriti
942 2162 1172 2228 tierent,
1208 2167 1263 2214 et
1294 2162 1538 2228 malum,
1570 2162 1724 2231 quod
1757 2167 1958 2215 contra
2005 2164 2109 2216 Ju-

455 2234 608 2289 dwos
641 2233 1011 2304 cogitaverat,
1046 2239 1432 2304 reverteretur
1464 2234 1517 2286 in
1559 2239 1736 2302 caput
1757 2233 1903 2300 ejus.
1935 2233 2107 2287 Deni-

453 2321 571 2374 que
603 2310 660 2358 et
691 2303 882 2374 ipsum
917 2309 972 2356 et
1005 2303 1156 2374 filios
1187 2307 1315 2373 ejus
1346 2303 1656 2358 at'ﬁxeruut
1705 2305 1884 2366 cruci,
1935 2314 2108 2374 atque

450 2391 519 2430 ex
551 2374 658 2452 illo
692 2373 955 2452 tempore
984 2374 1106 2428 dies
1133 2373 1226 2452 isti
1260 2373 1536 2452 appellati
1564 2379 1703 2428 sunt
1735 2373 2021 2452 Panum.
2047 2377 2104 2430 id

459 2463 522 2501 es
570 2444 870 2512 'Sortium,
903 2461 968 2498 eo
998 2445 1151 2514 quod
1186 2444 1370 2512 Pana,
1405 2445 1461 2499 id
1492 2451 1578 2500 est
1609 2462 1758 2511 sors,
1792 2447 1847 2499 in
1897 2463 2102 2502 urnam

459 2522 648 2571 mtssa
674 2517 864 2572 fuerit.
895 2517 961 2569 Et
991 2521 1202 2570 cuncta
1233 2533 1363 2585 quas
1400 2524 1561 2584 gesta
1609 2523 1769 2582 sunt,
1821 2517 2100 2587 epistolae,

455 2587 538 2643 idi
572 2595 661 2643 est
690 2587 822 2642 libri
859 2587 1032 2656 hujus
1065 2587 1358 2641 volumine
1389 2587 1764 2659 continentur
1795 2603 1808 2641 :
1861 2605 2102 2659 quisque

459 2659 889 2719 sustinuerunt,
907 2665 1102 2728 etquae
1117 2658 1888 2729 deincepsimmutatasunt,
1904 2658 2100 2715 susce-

464 2737 679 2802 perunt
707 2731 891 2786 Judaai
918 2746 1094 2802 super
1124 2737 1179 2784 et
1209 2747 1404 2802 semen
1446 2747 1641 2797 suum,
1675 2737 1733 2802 et
1761 2747 1937 2800 super
1966 2748 2103 2786 cun-

459 2801 738 2874 ctos,iqui
772 2801 1036 2874 religioni
1069 2817 1267 2874 serum
1298 2801 1611 2856 voluerunt
1641 2801 1754 2869 (At.
1786 2803 2099 2874 voluerint)

460 2871 743 2944 copulari,
779 2879 842 2928 ut
891 2871 1035 2926 nulli
1067 2872 1239 2928 liceat
1269 2875 1415 2927 duos
1447 2875 1553 2928 hos
1584 2873 1709 2928 dies
1749 2873 1971 2943 absque
2002 2871 2100 2929 soé

460 2943 766 3000 lemnitate
810 2943 1174 3014 transigere:
1207 2945 1360 3014 quod
1404 2945 1696 3014 sciiptura
1742 2948 2009 3012 testatur,
2042 2951 2102 3001 et

465 3026 623 3071 certa
679 3020 956 3086 expetunt
986 3020 1268 3084 tempora,
1301 3015 1471 3069 annis
1497 3016 1606 3070 sibi
1633 3014 1850 3084 jugiter
1898 3033 2098 3072 succe-

467 3088 764 3142 dentibus.
800 3087 901 3142 lsti
932 3093 1074 3141 sunt
1101 3086 1248 3148 dies,
1280 3103 1425 3153 quos
1462 3087 1624 3141 nulla
1657 3103 1914 3157 unquam
1946 3088 2104 3144 dele-
2141 3089 2184 3156 C

468 3161 554 3213 bit
583 3158 820 3224 oblivio,
851 3163 908 3213 et
934 3175 1032 3229 per
1061 3158 1324 3229 singulas
1355 3159 1759 3226 generationes
1790 3167 2016 3215 cuncta:
2045 3161 2104 3214 in

469 3236 590 3286 toto
620 3229 759 3286 orbe
804 3228 1112 3300 provincia
1135 3228 1567 3300 icelebrabunt:
1605 3246 1707 3284 nec
1738 3234 1824 3284 est
1874 3229 1993 3286 ulla
2023 3231 2108 3285 ci-

469 3304 640 3364 vitas,
706 3299 912 3371 inqua
945 3301 1070 3354 dies
1129 3299 1380 3361 Pusam,
1425 3301 1480 3353 in
1540 3307 1629 3354 est
1685 3301 1958 3367 sortium,
1991 3320 2107 3358 non

473 3374 861 3446 observentur
892 3390 924 3446 a
953 3371 1196 3446 Judaeis,
1227 3379 1277 3426 et
1309 3372 1380 3426 ab
1412 3387 1611 3426 eorum
1655 3372 1947 3443 progenie,
1981 3391 2108 3446 quae

484 3444 581 3498 his
613 3444 973 3496 ceremoniis
1005 3441 1263 3511 obligata
1289 3448 1397 3496 est.

539 3515 1027 3584 Scripseruntque
1087 3513 1296 3584 Esther
1348 3512 1547 3583 regina
1596 3513 1714 3566 lilia
1743 3513 1972 3568 Abihail
2001 3516 2021 3548 ²
2056 3519 2113 3571 et

472 3583 894 3648 MardoChaeus,
926 3583 1186 3648 Judaeus,
1218 3583 1394 3637 etiam
1428 3584 1747 3654 secundam
1780 3585 2110 3654 epistolam,

475 3664 539 3711 ut
596 3656 756 3710 omni
819 3655 1016 3710 studio
1047 3654 1172 3709 dies
1203 3656 1313 3709 ista
1363 3653 1645 3708 solemnis
1691 3653 2020 3711 saueiretur
2049 3659 2108 3712 in

473 3732 791 3798 posterum.
827 3727 894 3780 Et
944 3728 1231 3780 miserunt
1280 3726 1349 3779 ad
1385 3743 1589 3798 omnes
1617 3727 1867 3794 Judaaos,
1900 3729 1999 3798 qui
2050 3729 2109 3784 in

475 3797 709 3854 centum
770 3798 974 3869 viginti
1025 3807 1244 3866 septem
1303 3797 1452 3865 regis.
1501 3799 1739 3852 Assueri
1799 3797 2110 3868 provinciis

478 3872 881 3934 versabantur,
946 3873 1008 3922 ut
1056 3869 1336 3922 haberent
1393 3885 1588 3938 pacein
1631 3875 1687 3922 et
1744 3871 2112 3940 susciperent

477 3943 778 3996 veritatem
828 3941 1202 3995 observantes
1244 3940 1368 3993 dies
1401 3941 1679 4007 Sortium,
1717 3946 1774 3993 et
1807 3958 1912 3996 suo
1961 3948 2110 3996 tem-

521 4030 614 4067 ore
643 4030 772 4066 cum
806 4012 1021 4083 gaudio
1065 4010 1456 4083 celebrarent:
1500 4012 1653 4064 sicut
1685 4015 2111 4069 constituerant

521 4031 614 4067 ore
643 4031 772 4066 cum
806 4031 1021 4083 gaudio
1065 4031 1456 4066 celcol‘arent:
1500 4031 1653 4064 sient
1685 4031 2108 4069 consuluerunt

477 4031 877 4138 Kiardochaeus
904 4090 960 4137 et
995 4083 1217 4155 Esther,
1251 4087 1308 4135 et
1339 4081 1814 4155 il_li_observanda
1835 4100 2108 4155 suscepe-

476 4162 614 4210 runt
644 4173 676 4208 a
697 4172 780 4224 se,
809 4161 865 4209 et
891 4171 925 4208 a
957 4153 1180 4207 semine
1211 4169 1338 4216 suo,
1368 4153 1591 4221 jejunia
1621 4159 1676 4207 et
1710 4151 2024 4221 clamores,
2052 4162 2111 4212 et

475 4227 724 4282 Sortium
751 4225 897 4286 dies.
921 4230 976 4279 et
1006 4224 1224 4290 omnia,
1256 4241 1384 4294 quae
1412 4225 1542 4278 libri
1582 4224 1781 4294 hujus,
1815 4228 1914 4296 qui
1950 4245 2110 4283 voca-

473 4303 570 4352 tur
602 4299 826 4361 Esther,
859 4297 1105 4350 historia
1135 4297 1527 4349 continentur.

540 4370 694 4440 [Cap.
749 4369 837 4438 X.]
896 4367 1021 4440 Rex,
1066 4383 1199 4440 vero
1252 4370 1564 4440 Assnerus,
1622 4383 1850 4440 omnem
1893 4374 2107 4424 terram

2296 460 2348 507 et
2403 452 2630 509 interim
2685 463 2806 523 post
2855 452 3024 520 ﬁnem
3084 452 3218 506 libri
3246 459 3345 507 hoc
3374 453 3680 520 capitulum
3729 456 3887 524 fere-

2289 526 2494 580 tatur:
2549 525 2689 595 quod
2719 527 2878 592 iuxta
2933 525 3386 579 consuetudinem
3437 530 3682 580 nostram
3729 526 3886 581 obelo

2288 598 2343 651 id
2371 604 2454 652 est
2474 615 2495 657 ;
2515 614 2644 652 veru
2670 595 3106 667 praenotavimus
3124 597 3162 650 ‘.

2287 719 2557 789 Dixitque
2597 719 3075 775 Mardochzeus‘:
3115 725 3162 775 A
3190 719 3307 774 Deo
3332 719 3487 774 facta
3509 724 3651 774 sunt
3673 719 3866 786 ista-e-

2216 801 2579 855 Recordatus
2637 816 2765 856 sum
2833 800 3072 865 somnii,
3125 801 3281 870 quod
3320 799 3604 865 videram,
3653 800 3866 866 haece:

2216 880 2419 934 eadem
2450 881 2877 950 significantis;
2905 896 3010 934 nec
3040 897 3245 934 eorum
3280 879 3606 950 quidquam
3647 880 3779 935 irri-
3807 889 3862 948 ξ-

2215 970 2343 1021 tum
2375 959 2504 1014 fuit.
2539 964 2760 1014 Parvus
2793 963 2943 1028 t'ons,
2972 959 3076 1030 qui
3107 959 3291 1014 crevit
3321 960 3377 1014 in
3420 958 3685 1025 ﬂuvium,
3719 965 3782 1014 et
3809 965 3867 1026 ἐ-

2216 1046 2275 1098 in
2309 1039 2500 1094 lucem
2551 1039 2854 1110 solemque
2885 1056 3206 1095 conversus
3249 1044 3362 1108 est,
3395 1045 3453 1095 et
3490 1040 3550 1094 in
3591 1056 3779 1110 aquas
3809 1045 3865 1104 -ξ-

2217 1119 2507 1190 plurimas
2538 1119 2926 1175 redundavit:
2962 1119 3174 1175 Esther
3201 1123 3313 1187 est,
3346 1136 3526 1191 quam
3553 1137 3649 1175 rex
3680 1137 3779 1175 ac-
3807 1126 3865 1187 +-

2216 1199 2369 1270 cepit
2401 1215 2659 1268 uxorem,
2694 1205 2752 1255 et
2782 1198 2968 1256 voluit
3007 1216 3134 1255 esse
3175 1199 3460 1272 reginam.
3503 1200 3630 1255 Duo
3671 1215 3777 1253 au-
3807 1202 3864 1263 {-

2213 1285 2328 1334 tem
2364 1279 2683 1334 dracones:
2713 1295 2819 1351 ego
2859 1296 3016 1348 sum,
3049 1283 3108 1335 et
3133 1282 3342 1336 Aman.
3373 1283 3609 1343 Gentes,
3641 1295 3774 1349 quae
3806 1283 3862 1342 σξη

2217 1364 2628 1426 convenerant,
2663 1359 2724 1414 hi
2756 1363 2915 1427 sunt,
2952 1360 3052 1430 qui
3077 1360 3268 1416 conati
3297 1363 3436 1415 sunt
3455 1359 3651 1415 delere
3675 1375 3777 1413 no-
3803 1363 3861 1423 σξ-

2217 1455 2348 1493 men
2373 1439 2726 1494 Judaeorum.
2748 1444 2904 1497 Gens
2921 1444 3117 1494 autem
3141 1455 3297 1494 mea:
3317 1439 3616 1506 lsraelest,
3639 1454 3772 1509 qua:
3804 1443 3860 1502 €-

2217 1518 2489 1573 clamavit
2520 1519 2590 1572 ad
2625 1519 2963 1583 Dominum,
2995 1526 3050 1574 et
3071 1519 3302 1574 salvum
3329 1519 3464 1574 fecit
3490 1519 3772 1573 Dominus
3806 1523 3865 1584 εξη

2217 1599 2498 1670 populum
2536 1615 2751 1655 suum:
2792 1598 3181 1670 liberavitque
3224 1616 3330 1655 nos
3362 1601 3434 1654 de
3482 1599 3767 1653 omnibus
3806 1603 3866 1662 -ξ-

2223 1680 2416 1744 malis,
2449 1683 2507 1735 et
2536 1679 2672 1734 fecit
2701 1679 2872 1750 signa
2911 1695 3127 1751 magna
3161 1683 3336 1750 atque
3367 1683 3634 1750 portenta
3680 1677 3774 1732 in-
3806 1684 3866 1742 σξ-

2222 1767 2310 1813 ter
2339 1764 2542 1830 gentes
2571 1775 2585 1814 :
2619 1764 2674 1814 et
2701 1760 2849 1814 duas
2881 1764 3072 1814 sortes
3102 1774 3230 1814 esse
3261 1758 3552 1830 praecepit,
3587 1771 3776 1812 unam
3808 1762 3869 1823 αξ-

2224 1839 2424 1910 populi
2463 1839 2583 1908 Dei,
2606 1843 2664 1894 et
2687 1837 2924 1893 alteram
2948 1843 3290 1893 cunctarum
3342 1837 3626 1908 gentium.
3660 1839 3778 1892 Ve-
3809 1842 3869 1903 {-

2224 1919 2422 1988 nitque
2445 1923 2690 1990 utraque
2707 1935 2836 1974 sors
2872 1918 2930 1973 in
2955 1923 3241 1974 statutum
3265 1933 3334 1973 ex
3363 1916 3598 1988 illojam
3626 1920 3778 1972 tem-
3808 1922 3868 1982 ἑ-

2223 2017 2361 2070 pore
2383 1999 2536 2054 diem
2558 2000 2578 2032 ⁸
2601 2015 2796 2054 coram
2820 2003 2931 2056 Deo
2953 1997 3246 2054 universis
3269 1999 3571 2069 gentibus:
3592 2003 3652 2052 et
3675 2014 3773 2052 re-
3803 2003 3862 2061 {—

2221 2081 2498 2135 cordatus
2517 2085 2607 2134 est
2631 2079 2917 2134 Dominus
2934 2078 3260 2151 populisui,
3281 2095 3346 2133 ac
3370 2078 3649 2133 misertus
3679 2082 3776 2132 est
3820 2083 3875 2140 -:-

2221 2159 2578 2214 haireditatis
2625 2176 2764 2214 suae.
2801 2159 2870 2212 Et
2899 2159 3370 2213 observabuntur
3398 2159 3525 2212 dies
3573 2157 3672 2212 isti
3706 2158 3768 2210 in
3798 2162 3855 2220 ἐκ

2219 2257 2422 2295 mense
2475 2247 2651 2294 Ama.
2711 2244 2922 2309 quarta
2969 2239 3199 2294 decima
3283 2243 3336 2293 et
3413 2239 3625 2308 quinta
3677 2239 3852 2300 ἀει-ἓ-

2216 2321 2368 2376 cima
2399 2321 2491 2375 die
2529 2321 2794 2390 ejusdem
2827 2319 3067 2384 mensis,
3102 2335 3231 2373 cum
3264 2319 3423 2373 omni
3477 2320 3678 2372 studio
3709 2325 3769 2372 et
3795 2323 3851 2384 έ-

2215 2401 2428 2472 gaudio
2460 2401 2520 2455 in
2563 2415 2746 2454 unum
2794 2405 3008 2454 coetum
3052 2399 3249 2470 populi
3297 2400 3659 2471 congregati,
3701 2398 3768 2452 in
3800 2403 3851 2462 σξη

2215 2486 2457 2536 cunctas
2487 2479 2761 2550 deinceps
2791 2479 3196 2550 generationes
3230 2478 3428 2551 populi
3470 2479 3674 2534 Israel.
3802 2485 3852 2542 +-

2286 2561 2440 2630 [Cap.
2462 2559 2589 2630 XL]
2617 2565 2781 2613 Anno
2808 2563 3014 2628 quarto
3038 2558 3423 2630 regnantibus
3446 2557 3853 2623 Piolemaro7-j—

2213 2645 2268 2694 et
2289 2640 2589 2712 Cleopatra
2609 2637 2931 2694 attulerunt
2951 2637 3395 2709 Dositheus,qui
3421 2655 3484 2694 se
3505 2639 3772 2693 sacerdo-
3807 2645 3858 2706 σξη

2212 2725 2329 2774 tem
2371 2724 2427 2775 et
2478 2717 2710 2774 Levitici
2751 2719 2982 2789 generis
3018 2719 3257 2786 ferebat,
3307 2723 3366 2772 et
3414 2717 3772 2774 Ptolemaeus
3801 2726 3855 2785 -_'-

2211 2800 2369 2855 filius
2401 2801 2550 2869 ejus,
2587 2798 2736 2854 hanc
2769 2797 3077 2869 epistolam
3111 2798 3367 2862 Panum,
3398 2815 3574 2870 quam
3609 2801 3770 2854 dixe-
3799 2805 3853 2865 {-

2209 2884 2348 2934 runt
2405 2883 2852 2950 interpretatum
2916 2893 3046 2934 esse
3107 2878 3521 2950 Lysimachum
3579 2879 3852 2945 Ptole—é-

2210 2961 2337 3014 mazi
2369 2961 2555 3014 tilium
2583 2960 2640 3013 in
2672 2957 3019 3014 Jerusalem.
3796 2967 3854 3024 έ-

2224 3113 2331 3166 Hoc
2359 3127 2568 3182 quoque
2594 3110 2941 3185 principium
2957 3115 3073 3185 erat
3105 3113 3161 3185 in
3187 3109 3425 3166 editione
3457 3113 3871 3185 Vulgata,quod

2284 3181 2383 3238 nec
2417 3181 2483 3236 in’
2506 3184 2744 3249 Hebrzo,
2779 3198 2873 3236 nec
2894 3181 3049 3253 apud
3082 3184 3254 3237 ullum
3284 3185 3470 3252 fertur
3501 3181 3867 3256 interpretum

2287 3331 2451 3380 Anno
2501 3325 2784 3390 secundo,
2817 3329 3099 3396 regnante
3142 3327 3446 3382 Artaxerxe
3490 3326 3763 3397 Maximo,
3795 3335 3850 3394 ξ-

2215 3406 2405 3478 prima
2435 3408 2527 3460 die
2559 3406 2777 3461 mensis
2795 3405 2997 3473 NISAN,
3031 3404 3175 3459 vidit
3198 3407 3496 3462 somnium
3528 3407 3762 3462 Mardo-
3792 3418 3850 3477 -ξ-

2215 3486 2412 3540 chmus
2445 3485 2601 3540 filius
2629 3485 2798 3549 Jairi,
2832 3485 2934 3538 filii
2967 3485 3178 3550 Semei,
3213 3485 3320 3540 ﬁlii
3349 3487 3466 3550 Cia,
3499 3487 3565 3541 de
3600 3488 3756 3542 tribu
3790 3497 3848 3555 +-

2217 3565 2561 3636 Benjamin:
2596 3563 2771 3618 homo
2793 3564 3055 3631 Judaaus,
3079 3565 3179 3635 qui
3206 3564 3499 3620 habitabat
3522 3565 3576 3618 in
3609 3568 3756 3623 urbe
3789 3575 3847 3631 -Ξ-

2214 3648 2400 3711 Susis,
2434 3645 2519 3698 vir
2564 3659 2834 3714 magnus,
2869 3647 2925 3698 et
2956 3643 3109 3697 inter
3139 3643 3360 3714 primos
3387 3644 3526 3700 aulae
3562 3645 3746 3715 regiae.
3775 3652 3839 3711 σξη

2215 3726 2351 3779 Erat
2407 3729 2603 3778 autem
2636 3723 2708 3777 de
2765 3738 2831 3777 eo
2889 3739 3127 3778 numero
3159 3723 3551 3793 captivorum,
3599 3741 3745 3795 quos
3776 3735 3834 3793 εξ·

2216 3803 2597 3859 transtulerat
2617 3801 3154 3858 Nabuchodonosor
3174 3819 3271 3858 rex
3294 3802 3602 3874 Babylonis
3625 3822 3758 3860 cum
3789 3813 3849 3873 σξη

2214 3883 2496 3939 Jechonia
2527 3898 2658 3953 rege
2685 3882 2861 3945 Juda,
2895 3886 2952 3936 et
2986 3881 3094 3937 hoc
3119 3883 3248 3952 ejus
3279 3886 3577 3939 somnium
3609 3886 3718 3941 fuit
3748 3905 3764 3942 :
3794 3894 3855 3954 +-

2213 3968 2626 4034 Apparuerunt
2672 3977 2861 4025 voces,
2893 3965 2950 4016 et
2997 3965 3312 4032 tumultus,
3363 3969 3423 4018 et
3476 3967 3768 4034 tonitrua,
3801 3975 3861 4033 σξη

2215 4053 2272 4098 et
2315 4046 2702 4109 terraamotus,
2736 4045 2792 4095 et
2823 4041 3192 4096 conturbatio
3225 4059 3403 4113 super
3433 4048 3680 4112 terram,
3717 4053 3784 4102 et
3807 4050 3864 4112 -ἓι

2214 4139 2344 4180 ecce
2374 4123 2490 4177 duo
2530 4123 2811 4176 dracones
2842 4121 3064 4192 magni,
3115 4124 3426 4195 paratique
3469 4134 3679 4181 contra
3709 4145 3779 4184 se
3810 4135 3868 4194 {-

2213 4204 2271 4259 in
2327 4202 2614 4276 praelium.
2664 4201 2746 4255 Ad
2797 4217 3050 4271 quorum
3101 4204 3410 4259 clamorem
3457 4209 3870 4274 concitatae-9-

2212 4291 2353 4340 sunt
2383 4284 2669 4349 nationes,
2703 4285 2769 4336 ut
2799 4289 3129 4353 pugnarent
3158 4290 3358 4339 contra
3376 4291 3616 4355 gentem
3636 4305 3776 4358 jus-
3817 4297 3877 4358 σξ-

2210 4369 2424 4419 torum.
2476 4363 2723 4433 Fuitque
2753 4362 2877 4416 dies
2911 4361 3008 4416 illa
3041 4363 3412 4418 tenebrarum
3445 4370 3506 4420 et
3552 4367 3793 4423 discri-
3821 4377 3881 4436 «{—

468 4437 1236 4520 e_t_cu_ncta_s_maris.insulas
1261 4437 1744 4520 fecittributarias
1769 4455 1782 4492 :
1805 4441 2105 4520 cujusl'or-
2137 4455 2182 4520 ι)
2216 4445 2414 4509 minis,
2449 4441 2848 4497 tribulationis
2879 4447 2935 4496 et
2972 4443 3283 4512 angustiae,
3316 4447 3373 4498 et
3403 4443 3620 4516 ingens
3658 4451 3790 4504 l'or-
3823 4457 3883 4514 {—-

471 4511 660 4566 titudo
705 4518 762 4566 et
793 4511 1125 4579 imperium,
1155 4515 1212 4563 et
1239 4509 1495 4578 dignitas
1527 4517 1702 4579 atque
1743 4512 2100 4577 sublimitas,

468 4598 583 4649 qua
638 4582 906 4637 exultavit
937 4581 1383 4648 Mardochzeum,
1443 4582 1660 4651 scripta
1683 4587 1818 4636 sunt
1848 4583 1904 4636 in
1938 4583 2105 4639 libris

468 4654 791 4717 Medorum,
852 4659 1024 4723 atque
1057 4652 1389 4718 Persarum,
1425 4659 1482 4706 et
1538 4655 1829 4724 quomodo
1882 4654 2106 4708 Mardo-

467 4724 663 4779 chaaus
713 4725 940 4779 Judaici
975 4724 1206 4794 generis
1248 4725 1544 4778 secundus
1574 4740 1607 4777 a
1661 4739 1793 4794 rege
1851 4727 2104 4782 Assuero

466 4796 658 4864 fuerit,
692 4803 749 4849 et
799 4812 1050 4865 magnus
1081 4795 1235 4864 apud
1287 4795 1518 4848 Judaeos
1540 4794 1581 4857 ³,
1641 4800 1697 4848 et
1726 4797 2102 4865 acceptabilis

505 4866 616 4922 lebi
654 4868 900 4921 fratrum
925 4883 1184 4932 suorum,
1211 4882 1471 4936 quaerens
1491 4865 1642 4919 bona
1665 4867 1874 4935 populo
1891 4885 2022 4932 suo,
2045 4873 2103 4924 et

484 4955 709 5009 oquens
740 4955 805 4992 ea
835 4955 960 5007 qua:
993 4939 1062 4992 ad
1098 4953 1296 5007 pacem
1331 4937 1571 4991 seminis
1602 4937 1693 5009 sui
1721 4939 2096 5006 pertinerent.

462 5007 591 5076 Quae
650 5011 931 5065 habentur
961 5013 1022 5063 in.
1081 5009 1331 5072 Habrmo,
1366 5011 1528 5087 plena
1552 5007 1656 5076 ﬁde
1685 5012 1948 5087 expressi.
1972 5012 2100 5087 {lwc

527 5094 729 5152 autem,
765 5099 879 5152 quas
908 5090 1230 5152 sequuntur,
1282 5082 1483 5150 scripta
1531 5079 1712 5149 reperi
1745 5079 1804 5133 in
1861 5081 2100 5137 editione

524 5277 538 5310 ¹
574 5278 798 5343 Regina!
835 5295 970 5344 ms.,
997 5277 1181 5346 facere
1212 5279 1489 5342 poterant,
1523 5292 1624 5345 pro
1653 5277 1944 5344 ca’perant.

519 5349 540 5382 ²
571 5349 817 5404 Palatin.
869 5365 1003 5417 ms.,
1035 5347 1290 5418 Abigait:
1326 5346 1477 5400 haud
1512 5353 1709 5401 tamen
1727 5353 1879 5402 recte
1913 5347 2083 5403 Hebr.

451 5436 629 5492 habet
677 5421 914 5498 ’γι-εγω.

515 5509 535 5542 ⁸
567 5509 724 5563 Idem
760 5525 895 5571 ms.,
931 5523 1162 5575 magnus
1188 5505 1329 5559 inter
1355 5505 1585 5560 Jurtzeos.

512 5579 850 5635 ‘Obelorum
885 5578 1564 5648 signaisthascabjicinnt
1597 5575 1791 5645 plures
1825 5594 2078 5633 mss.co-

443 5651 636 5706 dices:
671 5668 796 5722 quaz
814 5657 1001 5705 tamen
1021 5649 1616 5722 MemmianusCanon
1641 5665 1772 5722 cum
1791 5649 2085 5720 antiquio-

444 5723 608 5777 ribus
640 5719 871 5778 duobus
895 5720 1486 5791 mss.cxemplaribus
1520 5719 1700 5791 nostri
1733 5721 1770 5776 S
1809 5719 2082 5779 Germani

445 5808 478 5847 a
508 5793 713 5861 Pratis,
751 5791 962 5850 notatis
995 5793 1025 5846 4
1055 5798 1110 5848 ct
1145 5790 1234 5862 15,
1262 5790 1630 5848 exactissime
1663 5797 2082 5864 repraesentant

2215 4525 2374 4578 mido
2397 4538 2575 4592 super
2594 4526 2834 4576 terram.
2867 4521 3345 4593 Conturbataque
3367 4530 3458 4578 est
3479 4541 3626 4595 gens
3645 4529 3800 4596 jus-
3828 4540 3887 4595 σξ-

2213 4609 2404 4657 torum
2464 4600 2796 4655 timentium
2838 4600 2995 4654 mala
3051 4617 3180 4668 sua,
3214 4607 3269 4655 et
3303 4611 3640 4676 praeparata
3710 4612 3794 4664 ad
3827 4617 3886 4677 -ξ-

2213 4687 2480 4737 mortem.
2503 4681 3035 4752 Clamaveruntque
3067 4681 3137 4734 ad
3174 4680 3393 4738 Deum:
3427 4687 3485 4738 et
3515 4684 3643 4742 illis
3679 4705 3798 4744 νο-
3828 4697 3888 4758 {—

2208 4761 2614 4828 citerantibus,
2692 4759 2824 4813 fons
2884 4775 3103 4838 parvus
3142 4761 3328 4815 crevit
3387 4762 3445 4816 in
3517 4763 3796 4824 ﬂuvium
3831 4777 3890 4838 {-

2211 4839 2557 4907 maximum,
2619 4843 2675 4894 et
2720 4840 2777 4892 in
2810 4855 2998 4908 aquas
3056 4837 3344 4907 plurimas
3389 4843 3801 4905 redundavit.

2210 4920 2333 4974 Lux
2364 4926 2420 4974 et
2452 4918 2537 4974 sol
2587 4925 2750 4974 ortus
2782 4923 2891 4997 est,
2935 4922 2991 4972 et
3025 4916 3281 4974 humiles
3315 4919 3554 4976 exaltati
3607 4935 3811 4997 sunt,
3839 4937 3898 4997 ξ-

2209 5007 2265 5055 et
2321 5001 2747 5055 devoraverunt
2777 4996 3050 5069 inclytos.
3111 4999 3273 5061 Quod
3324 5016 3462 5054 cum
3524 4986 3901 5078 vidisset-:1-
4017 5039 4019 5111 4

2209 5079 2614 5111 Μηηληηιηηηω
2673 5083 2724 5111 οι
2758 5079 3107 5111 mnuum-{nant
3143 5080 3212 5111 An
3233 5086 3414 5111 nonnon
3463 5088 3510 5111 ηε
3552 5088 3770 5111 ..Α-ει,
3863 5100 3875 5110 .

2207 5079 2638 5146 Μθτόοοὶλεθυε,
2673 5083 2730 5133 et
2756 5079 3112 5133 surrexisset
3143 5080 3213 5134 de
3232 5086 3439 5148 strato,
3461 5088 3517 5136 et
3550 5088 3813 5160 cogita-
3843 5100 3900 5161 {—

2205 5293 2273 5332 ex
2303 5276 2412 5331 hoc
2443 5275 2568 5332 loco
2603 5290 2790 5346 usque
2819 5274 2890 5329 ad
2926 5273 3103 5328 tinem
3137 5273 3294 5330 libri.
3327 5279 3511 5332 MART.

2275 5359 2296 5392 ε
2327 5355 2502 5432 Addit
2559 5356 2709 5432 idem
2745 5371 2895 5432 ms.,
2926 5355 3000 5432 ad
3020 5369 3162 5432 eos.
3223 5357 3356 5432 Quae
3386 5357 3891 5432 subsequuntur

2204 5430 2417 5514 veteris
2447 5434 2587 5514 sunt
2617 5416 2894 5514 editionis
2927 5416 3908 5514 Yulgataelragme-nta,

2201 5500 2466 5581 versibus
2497 5499 2671 5554 etiam
2703 5498 2774 5581 in_
2796 5495 3489 5581 Palatinocodiccobelis
3512 5495 3907 5581 praenocia—ta:

2200 5589 2306 5626 nec
2339 5571 2962 5642 Hieronymustamen
2991 5567 3249 5624 habuere
3281 5567 3724 5642 interpretem.

2265 5645 2285 5677 θ
2319 5642 2524 5698 Vocem
2555 5640 2702 5696 diem
2728 5640 2929 5711 Regin.
2968 5655 3078 5696 ms.
3109 5640 3522 5712 prmtermittit.

2266 5724 2287 5760 τ
2317 5723 2666 5780 ροηεωοιει·
2714 5721 2866 5777 idem
2903 5736 3014 5776 ms.
3050 5720 3381 5780 tholomeum
3426 5739 3528 5797 per
3564 5729 3641 5784 ιῘι
3704 5737 3907 5795 effert.
