4090 6192
403 195 541 255 1519

1433 196 1491 248 S.
1534 193 1947 250 HIERONYMI
1984 193 2242 250 DIVINA
2278 193 2774 249 BIBLIOTHECA.

3678 191 3815 246 1520

393 332 446 391 -j—-
494 322 857 395 iniquorum,
892 323 947 374 et
977 318 1230 373 detester
1259 318 1450 372 cubile
1473 318 2042 387 incircumcisorum,
2077 319 2126 384 Α
2163 318 2453 388 Exemplar
2473 319 2713 388 epistolae
2743 316 2884 388 regis
2909 318 3258 385 Artaxerxis,
3289 335 3459 388 quam
3481 334 3578 389 pro
3607 318 3825 374 Iudicis

393 413 449 472 ἐτη
494 409 550 459 et
572 403 763 458 omnis
786 400 1239 468 alienigenae,Tu
1264 399 1380 454 scis
1405 400 1809 455 necessitatem
1832 416 2045 468 meam,

395 491 450 550 σξη
498 483 650 554 quod
683 478 988 535 abominer
1020 478 1256 549 signum
1282 479 1572 550 superbire
1595 484 1653 533 et
1681 478 2045 550 gloritemem,

398 571 453 630 {—
501 561 654 634 quod
687 564 774 614 est
801 575 977 629 super
1007 563 1182 629 caput
1215 575 1408 613 meum
1445 559 1506 614 in
1536 560 1743 614 diebus
1774 564 2042 614 ostenta-

502 639 677 696 tionis
734 655 892 703 meze,
944 642 1000 692 et
1049 639 1302 694 detester
1353 637 1495 693 illud
1557 639 1726 710 quasi
1787 655 2047 711 pannum

505 724 927 783 menstruam,
954 721 1011 774 et
1042 735 1154 774 non
1191 724 1414 790 portem
1475 719 1532 772 in
1578 720 1787 776 diebus
1833 719 2050 775 silentii

504 800 639 867 mei,
674 803 729 852 et
761 800 912 869 quod
948 815 1060 852 non
1095 797 1445 853 comederim
1478 799 1535 853 in
1585 815 1791 854 mensa
1844 802 2050 863 Aman,

506 895 609 934 nec
637 879 778 933 mihi
815 877 1099 950 placuerit
1129 878 1459 934 convivium
1495 878 1669 949 regis,
1711 884 1769 934 et
1815 896 1928 934 non
1961 877 2050 933 hi-

505 960 693 1016 berim
715 961 918 1014 vinum
943 959 1326 1014 libaminum:
1359 965 1416 1015 et
1439 978 1741 1030 nunquam
1760 961 1953 1018 laetata
1977 961 2057 1016 sit

503 1040 716 1096 ancilla
745 1044 868 1106 tua,
902 1055 969 1094 ex
991 1057 1102 1110 quo
1129 1039 1244 1094 huc
1278 1039 1568 1094 translata
1599 1058 1731 1094 sum
1775 1057 1964 1111 usque
1993 1041 2053 1096 in

504 1124 848 1191 praesentem
863 1119 1161 1185 diem,nisi
1181 1120 1235 1172 in
1255 1119 1746 1187 te,DomineDeus
1761 1121 2055 1176 Abraham

505 1200 658 1255 Deus
692 1199 856 1254 fortis
888 1216 1066 1268 super
1093 1215 1319 1266 omnes,
1355 1201 1562 1254 exaudi
1615 1217 1807 1255 vocem
1853 1218 2054 1255 eorum

505 1280 606 1350 qui
648 1278 869 1333 nullam
917 1280 1093 1333 aliam
1125 1295 1288 1349 spem
1342 1279 1580 1346 habent,
1614 1284 1671 1334 et
1719 1280 1903 1335 libera
1952 1298 2057 1336 nos

507 1360 577 1414 de
601 1375 775 1413 manu
809 1357 1171 1428 iniquorum,
1200 1363 1257 1412 et
1286 1373 1423 1412 erue
1473 1375 1564 1412 me
1587 1376 1619 1414 a
1657 1359 1864 1415 timore
1906 1377 2053 1417 meo.

419 651 433 663 ο

403 671 456 709 '7‘

401 731 457 769 νζ.

421 777 434 790 0

420 810 434 820 Π

402 829 457 846 σ-ιη

417 854 430 866 0

421 888 434 900 0

403 909 457 926 I—I

420 935 433 946 ο

421 969 433 980 Ι

403 990 458 1007 -1

423 1018 434 1029 ι

420 1049 432 1060 ο

403 1071 456 1107 τ’·

420 1129 431 1139 ⁸

402 1148 457 1167 μή

419 1175 432 1187 0

420 1208 431 1218 ο

403 1229 458 1247 III-ﬂ

420 1257 432 1300 Σ

403 1309 457 1328 u-d

420 1335 434 1348 0

405 1372 460 1405 μὲι

424 1414 436 1426 0

513 1531 650 1582 Haec
679 1541 888 1596 quoque
915 1525 1104 1580 addita
1129 1527 1320 1596 reperi
1349 1527 1407 1580 in
1437 1527 1682 1584 editione
1719 1531 1963 1601 Vulgata.

517 1739 728 1792 Est/teri
751 1738 1145 1805 Marciae/uvas)
1165 1743 1240 1817 ut
1275 1739 1680 1810 ingrederetur
1711 1746 1782 1798 ad
1841 1763 2061 1817 regem,

515 1822 571 1872 et
602 1822 834 1888 rogaret
864 1835 967 1889 pro
1002 1816 1213 1889 populo
1241 1835 1347 1872 suo
1371 1823 1427 1872 et
1459 1837 1560 1889 pro
1592 1823 1775 1890 patria
1801 1816 1923 1883 sua.
1954 1829 2066 1883 Me-

517 1899 996 1968 morare,inquit,
1031 1900 1257 1953 dierum
1319 1899 1672 1957 humilitatis
1730 1909 1864 1972 tuas,
1927 1925 2069 1978 quo-

519 1981 688 2034 modo
722 1980 946 2033 nutrita
978 1978 1060 2034 sis
1092 1979 1149 2032 in
1186 1997 1361 2033 manu
1397 1997 1547 2049 mea,
1581 1983 1717 2052 quia
1756 1991 1940 2042 Aman
1975 2007 2064 2044 se-

513 2061 741 2115 cundus
775 2077 807 2113 a
839 2075 971 2128 rege
1005 2058 1241 2113 locutus
1271 2065 1359 2113 est
1391 2067 1591 2116 contra
1634 2080 1738 2119 nos
1791 2065 1849 2120 in
1907 2085 2065 2122 mor-

515 2142 627 2193 tem
665 2154 676 2191 :
713 2143 773 2219 et
800 2143 859 2192 tu
897 2139 1100 2219 invoca
1152 2139 1486 2209 Dominum,
1541 2146 1595 2195 et
1647 2141 1884 2216 loquere
1943 2149 2066 2219 regi

414 2226 468 2286 ἐς
516 2235 618 2290 pro
642 2218 833 2288 nobis,
865 2223 923 2272 et
955 2218 1139 2274 libera
1172 2236 1276 2274 nos
1309 2221 1379 2274 de
1413 2227 1617 2276 morte.

413 1667 468 1706 μζ.

433 1715 444 1727 0

430 1747 442 1760 ο

413 1769 467 1785 1-4

431 1794 444 1806 0

432 1828 443 1837 ο

413 1847 468 1865 ν-⁴

434 1873 446 1885 0

429 1907 443 1919 0

413 1929 466 1943 —

430 1954 442 1966 0

430 1987 443 1999 0

412 2011 466 2026 νη

432 2036 443 2046 0

429 2067 441 2079 0

430 2115 441 2124 ι

429 2147 441 2159 0

431 2191 442 2202 0

743 2376 959 2431 Necnon
986 2379 1036 2430 et
1060 2376 1167 2430 ista
1195 2391 1321 2446 qua:
1346 2377 1567 2434 subdita
1593 2390 1738 2437 sunt.

423 2517 479 2577 ές
570 2509 674 2564 Die
713 2511 907 2564 autem
938 2507 1110 2563 tertio
1151 2509 1422 2580 deposuit
1454 2512 1806 2571 vestimenta
1825 2523 2071 2575 ornatus

424 2599 479 2660 σία
527 2592 704 2674 ευᾷίβι
734 2591 1097 2674 circumdata
1135 2595 1224 2674 est
1254 2591 1438 2662 gloria
1467 2610 1594 2649 sua.
1627 2596 1890 2670 Cumque
1913 2606 2070 2674 regio

426 2681 481 2740 σξη
527 2672 775 2744 fulgeret
805 2671 1105 2737 habitu,et
1134 2671 1464 2729 invocasset
1494 2677 1760 2733 omnium
1789 2671 2072 2738 rectorem

424 2762 480 2820 νέα
526 2757 584 2808 et
612 2751 959 2807 salvatorem
995 2756 1197 2817 Deum,
1231 2755 1558 2825 assumpsit
1611 2757 1756 2812 duas
1796 2759 2070 2831 famulas,

426 2841 481 2900 -ξη
529 2838 789 2913 etsuper
819 2848 998 2913 unam
1031 2833 1268 2903 quidem
1314 2832 1690 2908 innitebatur,
1741 2841 1910 2909 quasi
1957 2860 2070 2913 prae

424 2919 479 2979 σξη
525 2910 753 2968 deliciis
774 2915 831 2966 et
857 2912 1041 2966 nimia
1063 2913 1454 2969 teneritudine
1479 2931 1692 2988 corpus
1715 2934 1890 2975 suum
1922 2910 2072 2978 ferre

425 3001 480 3061 ἐκ
528 3009 641 3082 non
674 2992 976 3082 sustinens
1003 3009 1015 3046 :
1047 2993 1228 3082 altera
1258 2998 1472 3082 autem
1495 2996 1847 3082 famularum
1881 3019 2075 3074 seque-
2110 3013 2153 3081 α
2191 3016 2247 3067 et
2280 3016 2507 3066 tantam
2541 3012 2602 3066 in
2627 2992 2692 3066 se
2722 2992 2995 3082 expertus
3024 2992 3551 3081 humanitatemmt
3578 3018 3745 3082 pater

426 3084 482 3143 αξη
528 3076 702 3130 batur
731 3073 1031 3129 dominam
1046 3074 1362 3130 defluentia
1385 3077 1444 3130 in
1459 3077 1706 3135 humum
1731 3073 2076 3142 indumenta

384 3166 484 3224 -σξη
524 3156 889 3209 sustentans.
932 3154 1068 3224 Ipsa
1125 3160 1320 3209 autem
1379 3173 1545 3212 roseo
1600 3163 1826 3216 vultum
1888 3165 2079 3222 colore

427 3245 483 3306 ξ.
529 3232 787 3308 perfusa,
824 3239 882 3288 et
916 3234 1098 3304 gratis
1130 3251 1196 3290 ac
1227 3237 1550 3293 nitentibus
1605 3241 1813 3309 oculis,
1851 3245 2078 3302 tristem

432 3327 488 3387 -ξη
534 3320 764 3375 celabat
794 3314 1081 3378 animum,
1115 3319 1172 3370 et
1202 3315 1386 3370 nimio
1433 3318 1638 3373 timore
1690 3328 2076 3381 contractum.

437 3409 491 3468 ξι
541 3402 810 3471 lngressa
837 3395 1015 3465 igitur
1036 3402 1247 3451 cuncta
1277 3413 1380 3466 per
1421 3399 1686 3455 ordinem
1719 3405 1888 3469 ostia,
1923 3407 2083 3462 stetit

440 3488 495 3546 -j-
539 3485 742 3535 contra
772 3492 989 3546 regem,
1025 3474 1122 3530 ubi
1157 3474 1253 3529 ille
1312 3477 1599 3534 residebat
1631 3498 1810 3552 super
1867 3485 2080 3542 solium

439 3567 494 3625 νξ-
535 3557 699 3630 regni
714 3554 1351 3637 sui,i_nd_utusvestibus
1365 3557 1638 3627 regiis,au
1651 3577 1828 3633 roque
1852 3565 2082 3637 fulgens

434 3647 489 3704 ἐκ
535 3643 592 3694 et
625 3635 899 3716 pretiosis
923 3632 1785 3716 lapidib_us,eratqueterribilis
1817 3632 2079 3716 aspe'ctu.

435 3726 489 3786 ,ξη
534 3719 797 3788 Cumque
829 3713 1108 3770 elevasset
1133 3713 1360 3784 faciem,
1390 3719 1443 3771 et
1506 3719 1846 3780 ardentibus
1887 3713 2083 3782 oculis

452 3806 487 3868 j—
534 3801 790 3853 turorem
824 3794 1078 3867 pectoris
1112 3794 1452 3862 indicasset,
1505 3799 1706 3871 regina
1755 3805 1992 3872 corruit,
2028 3811 2084 3862 et

533 3881 591 3935 in
624 3878 907 3950 pallorem
932 3875 1124 3931 colore
1141 3877 1614 3946 mutato,lassum
1639 3899 1816 3955 super
1832 3886 2084 3942 ancillu—

530 3961 650 4015 lam
685 3963 702 3995 ί
735 3956 1037 4037 reclinavit
1065 3960 1258 4026 caput.
1294 3960 1697 4029 Convertitque
1721 3962 1874 4020 Deus
1906 3966 2080 4037 spiri-

528 4044 654 4094 tum
687 4037 839 4108 regis
882 4036 940 4089 in
1000 4037 1539 4104 mansuetudinem,
1602 4046 1660 4095 et
1719 4036 1964 4100 festinus
2017 4064 2080 4102 ac

537 4124 807 4173 metuens
839 4113 1092 4170 exsilivit
1122 4116 1191 4168 de
1223 4116 1391 4183 solio,
1442 4123 1499 4172 et
1552 4126 1895 4179 sustentans
1952 4142 2080 4182 eam

539 4198 697 4254 ulnis
725 4196 872 4264 suis,
905 4196 1087 4250 donec
1121 4196 1332 4251 rediret
1350 4197 1420 4251 ad
1453 4214 1535 4264 se,
1567 4199 1659 4255 his
1687 4204 1879 4260 verbis
1915 4206 2080 4260 blan-

538 4280 844 4334 diebatur:
883 4275 1030 4341 Quid
1062 4274 1266 4337 habes.
1300 4277 1550 4333 Esther?
1596 4282 1712 4354 Ego
1744 4300 1873 4339 sum
1909 4287 2084 4343 frater

432 3827 487 3845 σ-η

451 3857 464 3868 0

535 4445 611 4504 te,
646 4438 743 4493 sed
784 4452 884 4507 pro
918 4435 1194 4489 omnibus
1225 4434 1346 4491 haec
1378 4435 1466 4491 lex
1497 4441 1816 4498 constituta
1837 4450 1944 4500 est.
1977 4434 2084 4501 Ᾰο-

537 4520 676 4574 cede
709 4518 910 4589 igitur,
946 4522 1005 4572 et
1054 4520 1230 4587 tange
1288 4523 1606 4588 sceptrum.
1670 4523 1930 4596 Cumque
1988 4526 2087 4581 illa

536 4599 821 4678 reticeret,
855 4596 988 4652 tulit
1019 4613 1255 4678 auream
1289 4599 1532 4668 virgam,
1566 4605 1624 4655 et
1655 4605 1848 4672 posuit
1911 4624 2089 4678 super

536 4677 752 4732 collum
783 4679 931 4747 ejus,
965 4681 1021 4730 et
1042 4677 1342 4732 osculatus
1373 4683 1461 4732 est
1509 4696 1659 4750 eam,
1711 4688 1767 4738 et
1811 4686 1892 4741 ait
1926 4704 1938 4740 :
1972 4677 2088 4743 Cur

539 4757 678 4813 mihi
713 4774 825 4812 non
873 4757 1179 4827 loqueris?
1227 4757 1361 4819 Quae
1409 4762 1710 4829 respondit
1759 4781 1770 4816 :
1821 4766 1948 4821 Vidi
2007 4772 2085 4834 te,

538 4837 796 4902 domine,
831 4837 999 4908 quasi
1031 4835 1306 4907 angelum
1339 4838 1460 4904 Dei,
1482 4844 1538 4894 et
1559 4843 1969 4900 conturbatum
2000 4851 2088 4903 est

438 4927 493 4986 σξη
540 4923 630 4974 est
656 4933 756 4972 cor
787 4931 981 4971 meum
1026 4933 1142 4987 pra
1202 4916 1411 4973 timore
1462 4919 1662 4990 gloriae
1717 4928 1848 4978 tuae.
1909 4926 2087 4982 Valde

437 5008 493 5066 σξη
539 4999 694 5078 enim
715 4997 1002 5052 mirabilis
1047 5012 1130 5066 es,
1161 4997 1416 5078 domine,
1449 5000 1721 5066 etofacies
1773 5010 1873 5060 tua
1917 5006 2088 5078 plena

437 5085 492 5146 ξι
539 5077 884 5149 gratiarum.
918 5079 1177 5146 Cumque
1214 5075 1574 5148 loqueretur,
1607 5098 1812 5138 rursus
1841 5075 2084 5153 corruit,

436 5167 492 5226 ές
537 5163 595 5214 et
626 5174 772 5228 pene
801 5156 1131 5212 exanimata
1171 5163 1258 5211 est
1316 5158 1448 5213 Rex.
1485 5167 1678 5216 autem
1742 5166 2088 5222 turbabatur

434 5245 489 5306 σξη
534 5243 592 5294 et
677 5254 882 5294 omnes
961 5239 982 5271 ²
1067 5235 1327 5293 ministri
1412 5241 1541 5309 ejus
1629 5245 2090 5303 consolabantur

437 5327 491 5387 έ-
539 5334 686 5374 eam.

431 3889 486 3927 ,ἐς

449 3937 461 3948 0

449 3969 462 3981 0

433 3989 486 4008 ⁸-4

449 4017 468 4028 ο

450 4049 462 4061 0

432 4067 486 4086 μή

451 4095 463 4106 0

452 4128 464 4138 ο

453 4174 464 4185 0

449 4203 467 4216 ο

455 4255 467 4267 0

453 4288 465 4298 θ

436 4307 490 4326 ’.Α

453 4334 468 4346 0

454 4367 466 4379 0

436 4387 490 4406 1-4

454 4415 467 4427 0

453 4448 466 4460 0

435 4468 490 4485 0—0

454 4495 465 4506 0

456 4527 468 4539 0

435 4549 489 4564 -ι

455 4575 466 4585 Ι

451 4606 464 4618 0

435 4626 488 4644 1-1

451 4653 464 4666 0

452 4686 466 4698 0

437 4707 489 4723 1-1

453 4733 466 4745 0

451 4765 465 4778 0

436 4789 490 4804 a—I

455 4815 466 4826 0

437 4846 492 4905 οὗ·

517 5545 534 5578 ¹
569 5543 726 5597 Idem
761 5556 896 5608 ms.,
922 5557 1089 5611 super
1119 5543 1401 5597 ancillam.

513 5615 534 5648 ²
566 5618 867 5668 Postrema
900 5613 1099 5668 isthmc
1132 5616 1442 5684 sententia,
1475 5617 1590 5672 Rex
1609 5626 1790 5675 autem
1820 5624 2082 5682 turbaba-

439 5692 551 5750 ίαν,
585 5689 636 5740 et
665 5701 870 5750 omnes,
903 5688 1035 5755 etc.,
1066 5685 1122 5739 in
1159 5686 1390 5757 Reginae
1427 5706 1534 5745 ms.
1569 5691 1956 5751 desideratur.

533 4364 692 4427 tuus,
727 4356 845 4439 noli
878 4359 1156 4439 metuere.
1188 4355 1312 4439 Non
1343 4358 1638 4439 morieris:
1661 4379 1774 4417 non
1808 4365 1962 4420 enim
1986 4383 2088 4438 pro
2116 4369 2164 4434 D
2195 4387 2295 4425 eas
2381 4368 2628 4438 litteras,
2690 4355 2836 4439 quas
2905 4368 3014 4424 sub
3086 4368 3322 4424 nomine
3405 4375 3609 4425 nostro
3661 4369 3776 4427 ille

2233 399 2303 451 ad
2334 403 2475 453 totas
2505 401 2662 469 regni
2690 400 2779 454 sui
2801 399 3113 468 provincias
3142 400 3296 454 misit
3327 417 3345 453 .'
3376 399 3516 470 quod
3545 404 3595 454 et
3635 399 3827 470 ipsum

2235 479 2296 531 in
2327 477 2596 533 llebraico
2619 477 2895 533 volumine
2924 493 3034 533 non
3065 479 3318 532 habetur.

2237 610 2366 681 Cap.
2400 611 2577 682 XVI.)
2610 612 2727 666 Rex
2770 626 3021 682 magnus
3067 613 3414 666 Artaxerxes
3457 611 3528 666 ab
3559 611 3727 667 India
3769 617 3830 675 -ἑ-

2164 706 2349 760 usque
2380 691 3002 763 ZEthiopiam,centum
3047 691 3255 762 viginti
3306 695 3529 762 septem
3583 708 3720 762 pro-
3766 695 3827 755 -':-

2162 771 2489 825 vinciarum
2519 771 2769 826 ducibus
2801 787 2867 826 ac
2900 770 3291 842 principibus,
3344 771 3445 841 qui
3503 777 3716 826 nostra:
3765 773 3825 834 -Ξ-

2165 850 2746 922 obediuntjussioni,
2780 851 3030 907 salutem
3063 851 3224 906 dicit.
3263 849 3424 906 Multi
3456 851 3718 905 bonitate
3766 853 3826 912 ~2-

2166 931 2518 1003 principum,
2577 935 2634 986 et
2663 931 2882 986 honore
2916 933 3016 1002 qui
3053 931 3112 985 in
3174 948 3273 986 eos
3325 930 3575 987 collatus
3628 937 3721 986 est
3767 932 3827 990 ’ἐ-

2169 1011 2333 1066 abusi
2367 1015 2508 1066 sunt
2540 1011 2596 1066 in
2630 1011 2971 1082 superbiam
3009 1026 3022 1065 :
3055 1015 3112 1065 et
3166 1028 3280 1065 non
3340 1011 3530 1066 solum
3576 1012 3717 1066 sub-
3769 1009 3830 1069 ξ’

2165 1093 2350 1162 jectos
2383 1091 2620 1164 regibus
2682 1093 2953 1146 nituntur
3002 1092 3359 1164 opprimere,
3387 1093 3490 1147 sed
3525 1092 3724 1147 datam
3774 1101 3840 1158 +-

2169 1172 2280 1227 sibi
2313 1172 2560 1243 gloriam
2595 1190 2708 1227 non
2744 1173 2996 1228 ferentes
3026 1174 3070 1242 ³,
3104 1173 3161 1226 in
3195 1171 3374 1243 ipsos,
3418 1172 3522 1244 qui
3554 1173 3726 1226 dede-
3777 1180 3840 1236 ~1-

2169 1258 2328 1317 runt,
2386 1253 2714 1307 moliuntur
2772 1251 3043 1307 insidias.
3101 1251 3215 1306 Nec
3273 1252 3532 1307 contenti
3588 1256 3734 1307 sunt
3783 1260 3840 1316 -ξα

2170 1333 2391 1402 gratias
2421 1349 2535 1386 non
2571 1347 2742 1403 agere
2796 1331 3130 1395 bnneliciis,
3163 1337 3217 1386 et
3240 1331 3638 1386 humanitatis
3667 1332 3731 1385 in
3784 1337 3841 1394 ~9-

2171 1429 2233 1467 se
2255 1412 2390 1480 jura
2419 1410 2654 1479 violare;
2687 1411 2786 1466 sed
2815 1411 2908 1465 Dei
2930 1426 3167 1482 quoque
3187 1416 3397 1465 cuncta
3427 1411 3731 1466 cernentis
3783 1416 3839 1474 αξ·

2172 1493 2530 1548 arbilrantur
2569 1509 2629 1548 se
2670 1492 2870 1562 fugere
2904 1507 3074 1563 posse
3122 1494 3498 1546 sententiam.
3548 1493 3618 1546 Et
3663 1492 3726 1546 in
3783 1498 3839 1556 -ξ-

2171 1578 2400 1627 tantum
2426 1572 2673 1627 vesaniae
2707 1575 3120 1643 proruperunt,
3147 1579 3205 1626 ut
3236 1588 3358 1636 eos,
3381 1571 3480 1642 qui
3505 1571 3732 1626 credita
3780 1574 3838 1634 -Ξ-

559 1658 712 1728 (Cap.
747 1657 888 1729 xv.)
925 1663 990 1712 Et
1036 1659 1333 1712 mandavit
1364 1659 1413 1714 ei
1445 1659 1606 1721 (haud
1653 1663 1880 1718 dubiam
1920 1667 2056 1737 quin
2090 1655 2134 1720 Β
2165 1652 3530 1737 sibiefﬁgiadiligenterobservsnmtitac_uncta
3548 1658 3740 1737 agunt
3779 1655 3835 1737 -ξ-

2175 1739 2239 1787 ut
2260 1732 2520 1787 omnium
2554 1731 2725 1788 laude
2756 1731 3075 1802 dignisint,
3094 1731 3530 1787 mendaciorum
3555 1730 3727 1786 cuni-
3779 1736 3836 1794 -‘;-

2173 1812 2323 1867 culis
2354 1817 2640 1868 conentur
2663 1814 3166 1877 subvertere,dum
3192 1828 3364 1867 aures
3387 1812 3727 1883 principum
3778 1816 3835 1874 νέ-

2174 1891 2497 1962 simplices,
2531 1897 2588 1946 et
2617 1908 2684 1946 ex
2726 1907 2834 1945 sua
2866 1896 3076 1946 natura
3133 1891 3281 1946 alios
3338 1891 3730 1957 aestimantes,
3781 1895 3836 1952 -ἑ-

2174 1971 2389 2025 callida
2424 1971 2628 2025 fraude
2659 1969 2980 2039 decipiunt.
3017 1971 3152 2035 Quae
3188 1987 3277 2025 res
3309 1974 3364 2024 et
3401 1987 3469 2024 ex
3515 1969 3734 2024 veteri-
3781 1974 3833 2034 —,'—

2175 2051 2284 2105 bus
2316 2053 2595 2120 probatur
2627 2051 2914 2120 historiis,
2944 2055 3001 2104 et
3038 2066 3104 2104 ex
3141 2049 3231 2104 his
3279 2066 3403 2120 quas
3443 2054 3732 2120 geruntur
3777 2055 3830 2111 -ἑ-

2177 2131 2457 2201 quotidie,
2492 2130 2784 2201 quomodo
2836 2129 3006 2184 malis
3039 2131 3430 2200 quorumdam
3483 2145 3718 2201 sugges-
3765 2133 3820 2193 αξ·

2175 2211 2437 2265 tionibus
2536 2227 2739 2281 regum
2831 2209 3024 2264 studia
3083 2210 3496 2280 depraventur.
3573 2209 3820 2270 Unde-5-

2180 2289 2605 2361 providendum
2668 2293 2726 2344 et
2755 2288 2883 2359 paci
2940 2289 3205 2344 omnium
3266 2289 3715 2360 provinciarum.
3764 2292 3821 2350 -‘;-

2178 2371 2293 2425 Nec
2326 2373 2528 2442 putare
2559 2369 2803 2438 debetis,
2822 2369 2872 2424 si
2903 2369 3478 2440 diversajubeamus,
3511 2385 3580 2426 ex
3607 2368 3733 2424 ani-
3780 2370 3833 2431 ~1—

2180 2450 2262 2504 mi
2293 2449 2476 2504 nostri
2499 2449 2694 2504 venire
2718 2448 2952 2504 levitate
2973 2451 3071 2504 sed
3097 2465 3200 2520 pro
3223 2449 3512 2520 qualitate
3545 2453 3607 2504 et
3639 2463 3734 2502 ne-
3783 2450 3836 2510 -ἐ-

2181 2530 2452 2586 cessitale
2483 2532 2839 2599 temporum,
2872 2533 2936 2584 ut
2969 2528 3299 2600 reipublicae
3356 2528 3545 2600 poscit
3575 2527 3736 2584 utili-
3783 2530 3837 2588 ’ἑ-

2179 2614 2292 2676 tas,
2328 2610 2474 2665 ferre
2508 2608 2885 2665 sententiam.
2944 2609 3011 2664 Et
3044 2612 3110 2664 ut
3140 2609 3533 2673 manifestius,
3580 2607 3738 2678 quod
3787 2609 3841 2669 -ξσ

2181 2688 3038 2760 dicimus,intelligatis,Aman
3071 2688 3231 2745 filius
3285 2689 3626 2755 Amadathi,
3683 2693 3744 2745 et

2180 2771 2376 2826 animo
2403 2773 2460 2825 et
2488 2773 2660 2840 gente
2684 2770 2937 2836 Macedo,
2971 2770 3314 2841 alienasque
3343 2787 3376 2824 a
3424 2770 3738 2825 Persarum

2183 2849 2486 2922 sanguine,
2521 2852 2578 2904 et
2613 2849 2891 2920 pietatem
2924 2854 3186 2905 nostram
3234 2867 3343 2905 sua
3391 2849 3742 2906 crudelitate

2182 2927 2994 3000 commaculans,peregrinus
3018 2932 3326 3001 susceptus
3358 2934 3446 2985 est
3485 2945 3520 2985 ιι
3550 2929 3740 2985 nobis.

2192 3097 2388 3148 noster
2409 3095 2730 3160 vocaretur,
2745 3097 2804 3146 et
2827 3092 3171 3147 adoreretur
3200 3092 3273 3147 ab
3299 3091 3574 3148 omnibus
3615 3097 3744 3163 post

2188 3188 2385 3243 regem
2456 3172 2788 3239 secundus;
2843 3171 2940 3242 qui
2990 3171 3049 3226 in
3109 3175 3336 3227 tantum
3393 3173 3743 3243 arrogantia

2189 3258 2483 3308 tumorem
2516 3250 2790 3307 sublatus
2829 3256 2918 3306 est
2946 3253 2988 3319 ‘,
3013 3256 3077 3306 ut
3133 3267 3312 3323 regno
3355 3251 3580 3322 privare
3642 3269 3749 3307 nos

2191 3333 2476 3387 niteretur
2505 3336 2561 3386 et
2591 3332 2826 3402 spiritu.
2885 3330 3030 3386 Nam
3089 3330 3536 3398 Mardochieum,
3571 3333 3744 3403 cujus

2190 3413 2304 3467 fide
2335 3417 2392 3466 et
2423 3412 2722 3466 beneficiis
2775 3412 3052 3479 vivimus,
3075 3415 3133 3466 et
3190 3417 3521 3466 conosrtem
3573 3413 3735 3483 regni

2193 3493 2374 3548 nostri
2434 3492 2663 3557 Esther,
2719 3507 2851 3546 cum
2910 3492 3069 3546 omni
3132 3498 3308 3562 gente
3378 3507 3502 3557 sua,
3565 3494 3736 3547 novis
3787 3496 3845 3556 ~3—

2193 3572 2548 3642 quibusdam
2590 3575 2766 3641 atque
2795 3569 3080 3626 inauditis
3116 3570 3425 3637 machinis,
3465 3569 3729 3640 expetivit
3779 3575 3839 3632 -,'—

2192 3652 2252 3706 in
2303 3655 2548 3706 mortem
2585 3667 2596 3704 :
2633 3650 2740 3705 hoc
2800 3652 3090 3723 cogitans,
3122 3655 3186 3706 ut
3216 3650 3355 3705 filiis
3401 3650 3724 3718 interfectis,
3773 3654 3833 3713 -ξ-

2192 3729 2572 3786 insidiaretur
2621 3735 2832 3786 nostris
2881 3730 3208 3797 solitudini,
3241 3735 3298 3786 et
3329 3746 3568 3802 regnum
3599 3733 3732 3785 Per-
3783 3735 3840 3792 -Ξ-

2193 3827 2392 3867 sarum
2426 3810 2770 3866 transferret
2808 3811 2866 3865 in
2900 3811 3271 3867 Macedonas.
3309 3810 3425 3865 Nos
3459 3814 3678 3878 autem,
3715 3826 3752 3864 a
3797 3816 3854 3877 ι-ξ·

2192 3893 2448 3964 pessimo
2472 3891 2805 3946 mortalium
2835 3891 3069 3946 Judaaos
3127 3890 3254 3946 neci
3279 3890 3630 3955 destinatus,
3689 3890 3755 3945 in
3803 3899 3861 3957 οξ-

2191 3971 2351 4026 nulla
2394 3971 2626 4040 penitus
2657 3969 2832 4041 culpa
2889 3970 3243 4042 reperimus,
3280 3971 3378 4025 sed
3415 3971 3754 4025 econtrario
3805 3977 3863 4036 -j-

2185 4051 2370 4121 justis
2420 4056 2650 4105 utentes
2710 4049 2971 4121 legibus,
3031 4054 3087 4104 et
3140 4049 3291 4104 ﬁlios
3346 4049 3646 4115 altissimi,
3699 4055 3764 4103 et
3807 4055 3867 4093 -'-

2193 4128 2454 4195 maximi,
2515 4145 2866 4200 semperque
2904 4129 3150 4184 viventis
3189 4129 3314 4192 Dei,
3368 4131 3542 4200 cujus
3571 4129 3768 4185 bene-
3821 4137 3879 4194 -Ξο

2190 4211 2320 4264 ﬁcio
2351 4215 2408 4262 et
2434 4209 2697 4277 patrihus
2764 4209 2982 4264 nostris
3040 4214 3097 4264 et
3140 4208 3308 4264 nobis
3350 4224 3594 4280 regnum
3655 4216 3762 4264 est
3810 4217 3869 4276 ~2-

2188 4289 2495 4354 traditum,
2554 4293 2610 4344 et
2667 4304 2854 4360 usque
2910 4288 3083 4344 hodie
3147 4289 3498 4346 custoditur.
3583 4289 3769 4346 Unde
3821 4296 3880 4356 -ξ-

3812 2689 3824 2699 0

3789 2709 3843 2726 ..ε

3813 2743 3828 2753 0

3808 2783 3822 2794 0

3789 2802 3844 2817 _

3815 2828 3828 2840 0

3814 2857 3830 2870 ο

3790 2883 3843 2895 —

3815 2906 3827 2916 0

3817 2937 3831 2948 0

3789 2958 3848 2976 ’.ι-ι

3815 2986 3828 2998 0

3818 3019 3832 3030 0

3793 3040 3850 3057 H

3817 3066 3831 3077 0

3812 3099 3825 3110 0

3790 3120 3846 3137 μ..

3815 3145 3830 3157 0

3814 3179 3827 3190 0

3793 3201 3848 3216 β

3818 3226 3832 3238 0

3820 3258 3832 3270 0

3793 3279 3849 3296 β

3816 3306 3828 3316 0

3817 3343 3828 3353 0

3792 3358 3849 3376 υ..

3816 3385 3832 3396 0

3789 3420 3847 3457 ,ζ-

2201 4449 2510 4517 direxerat,
2548 4449 2746 4504 sciatis
2775 4463 2902 4503 esse
2934 4447 3147 4504 irritas.
3202 4449 3308 4504 Pro
3357 4465 3475 4519 quo
3532 4449 3779 4506 scelere
3829 4458 3889 4518 -';-

2196 4534 2330 4586 ante
2361 4532 2562 4600 portas
2597 4528 2776 4598 hujus
2810 4527 2994 4595 urbis,
3030 4528 3086 4582 id
3123 4534 3180 4584 et
3210 4529 3336 4599 ipse
3366 4529 3467 4600 qui
3527 4530 3777 4585 machi-
3829 4542 3889 4599 -ξ

2195 4614 2370 4665 natus
2394 4614 2504 4676 est,
2547 4612 2602 4664 et
2648 4609 2843 4663 omnis
2901 4609 3172 4680 cognatio
3228 4610 3358 4680 ejus
3415 4610 3634 4680 pendet
3703 4613 3772 4666 in
3828 4623 3888 4680 .5-

2195 4688 2516 4762 patibulis:
2546 4705 2658 4744 non
2685 4688 2876 4754 nobis,
2911 4690 3009 4743 sed
3044 4695 3160 4744 Deo
3185 4688 3237 4743 ei
3285 4689 3565 4743 reddente
3594 4694 3781 4760 quod
3833 4703 3893 4760 αξ-

2196 4769 2427 4824 meruit.
2463 4773 2578 4824 Hoc
2610 4772 2805 4823 autem
2839 4769 3119 4833 edictum,
3153 4769 3310 4839 quod
3371 4786 3530 4824 nunc
3559 4771 3784 4827 mitti-
3838 4781 3897 4839 ηιξ-

2196 4866 2349 4917 mus,
2385 4848 2445 4903 in
2477 4850 2704 4904 cunctis
2744 4849 2991 4903 urbibus
3024 4854 3404 4921 proponatur,
3463 4854 3529 4903 ut
3578 4848 3787 4910 liceat

2193 4929 2414 4986 Judteis
2445 4929 2529 4983 uti
2571 4928 2802 4998 legibus
2862 4928 3005 4984 suis.
3037 4929 3260 4994 Quibus
3336 4929 3563 4984 debetis
3628 4947 3792 4991 esse

2196 5009 2577 5076 adminiculo,
2612 5012 2677 5062 ut
2709 5025 2830 5077 eos,
2865 5009 2966 5079 qui
2993 5025 3055 5065 se
3085 5009 3153 5064 ad
3188 5024 3387 5065 necem
3418 5025 3626 5066 eorum
3657 5030 3786 5085 ρει-

2197 5094 2483 5156 raverant,
2518 5087 2750 5159 possint
2778 5087 3108 5143 interﬁcere
3139 5089 3315 5144 tertia
3372 5089 3606 5146 decima
3671 5094 3790 5152 die
3841 5104 3907 5166 μ-ξ.

2197 5171 2416 5228 mensis
2449 5169 2780 5225 duodecimi
2814 5170 2913 5240 qui
2944 5174 3185 5225 vocatur
3207 5170 3566 5226 Anan.Hunc
3588 5175 3791 5234 enim
3844 5186 3906 5246 ι-ξ-

2197 5253 2376 5317 diem,
2408 5252 2780 5321 omnipotens
2811 5255 2984 5305 Deus.
3023 5251 3292 5306 mmroris
3323 5255 3379 5306 et
3423 5250 3657 5321 luctus,
3698 5258 3808 5316 eis
3849 5268 3910 5326 σέ-

2196 5333 2366 5388 vertit
2396 5332 2455 5387 in
2486 5330 2790 5404 gaudium.
2827 5331 2990 5386 Unde
3016 5336 3072 5386 et
3124 5347 3248 5402 vos,
3307 5332 3460 5387 inter
3510 5341 3794 5395 caeteros
3849 5347 3909 5408 -ξ

3863 4829 3878 4840 0

3863 4866 3879 4878 δ

3839 4886 3900 4903 μ..

3866 4913 3880 4924 0

3864 4945 3880 4956 0

3838 4961 3899 4980 μ

3866 4989 3881 5001 ο

3865 5023 3880 5034 0

3839 5046 3899 5060 β

3868 5073 3883 5084 0

2266 5558 2289 5592 ³
2319 5558 2474 5612 Idem
2499 5571 2612 5611 ms.
2644 5554 2887 5622 gloriam
2917 5569 3022 5609 non
3053 5556 3372 5626 inferentes.

2269 5631 2287 5664 ³
2311 5629 2468 5683 Idem
2503 5627 2705 5684 ms..in
2734 5630 2953 5680 tantum
2984 5630 3311 5695 arrogantia
3341 5630 3392 5682 et
3421 5628 3646 5685 honore
3676 5637 3908 5694 subla-

2269 5716 2280 5753 ς
2310 5705 2406 5753 est.

2196 5708 2280 5757 ius
2310 5708 2406 5754 est.
