1898 3053
733 249 1180 316 ΡΡιᾸΕΡΑΤΙΟ.

175 462 274 490 lunato
291 461 379 497 prolis
393 468 487 488 amore
516 459 617 487 factum
634 460 806 495 plerumque,
820 462 849 486 ut
866 459 1014 487 mediocris
1028 458 1166 486 facultatis
1182 458 1308 486 homines
1322 465 1354 486 ac
1369 459 1501 486 rusticani
1517 459 1544 486 in
1560 458 1674 486 divitum
1693 460 1766 494 prin-

140 510 288 545 cipumque
315 509 412 536 domos
429 507 499 534 filios
519 507 713 534 submitterent
730 515 738 533 :
764 511 792 533 et
815 505 895 533 facile
911 506 964 533 sibi
981 513 1075 534 eorum
1104 505 1240 540 iacturam
1259 505 1396 532 ferendam
1415 506 1557 540 putabant,
1572 506 1636 533 dum
1653 506 1685 534 ad
1713 507 1774 541 pin-

140 556 263 590 guiorem
281 555 321 581 illi
340 554 476 580 fortunam
490 561 538 580 ceu
553 561 586 580 ex
603 556 762 580 transverso
775 556 801 579 et
812 552 896 578 invna
908 555 1006 578 natura
1019 550 1189 578 accederent.
1207 549 1327 585 ldipsum
1346 550 1408 578 dolo
1419 551 1554 578 consimili
1573 552 1607 579 ab
1623 552 1774 579 innumeris

139 611 218 639 pene,
236 611 287 630 nec
304 602 412 638 ingenio
427 601 520 628 ntinns
537 608 619 636 quam
636 604 716 628 aetate
737 600 903 635 disparibus,
922 599 1073 627 admissum
1087 599 1332 634 deprehendimus,
1345 597 1392 634 qui
1412 606 1473 625 cum
1488 606 1538 626 nec
1555 598 1627 625 fama
1642 599 1773 632 valerent,

140 660 190 680 nec
203 655 301 687 suapte
321 658 403 686 opera
420 657 518 677 nomen
533 649 585 677 sibi
606 657 701 684 parere
719 656 801 684 posse
814 647 1002 680 confiderent,
1020 651 1142 675 mutuato
1160 647 1301 674 Athanasii
1328 647 1439 674 nomine
1452 666 1459 678 ,
1484 645 1603 680 aliquam
1627 646 1777 681 sperabant

140 701 252 736 scriptis
270 699 328 727 suis
347 699 426 734 adjici
442 698 614 733 dignitatem.
635 697 703 725 llinc
730 698 838 727 evenit.
867 700 897 724 ut
928 700 968 723 tot
993 699 1126 730 tantaque
1142 703 1224 731 opera
1251 694 1432 722 Athanasium
1459 694 1653 721 ementiantur.
1680 692 1774 728 Neque

140 752 231 775 tamen
243 747 302 774 ltmc
313 753 366 772 tina
382 745 432 772 fuit
445 748 499 771 tam
513 743 641 770 immanis
654 742 821 770 accessionis
836 749 918 768 causa
932 751 938 768 :
955 749 1018 767 nam
1034 741 1119 767 multa
1141 748 1259 776 quoque,
1276 740 1340 767 olim
1361 738 1508 769 ἀδέσποτα,
1526 745 1588 765 cum
1605 737 1633 764 in
1649 737 1776 765 librario-

141 801 201 820 rum
219 801 318 820 manus
333 791 504 823 incidissent,
518 790 575 826 pari
589 790 711 825 ipsorum
728 789 892 820 temeritate,
906 788 993 815 eidem
1012 789 1131 823 ascripta
1159 788 1245 815 fuere.
1263 785 1424 822 ilujusmodi
1440 792 1524 812 ausus
1539 804 1546 817 ,
1567 783 1663 819 quanti
1680 783 1776 819 quanti

141 839 253 873 fuerint,
270 840 372 868 ferendi
389 839 507 866 fortasse
520 842 608 870 erant,
625 839 648 865 si
664 837 715 864 viri
737 837 825 864 solum
844 835 953 870 ingenio
969 838 1050 870 atque
1078 841 1136 862 arte
1154 834 1291 862 scribendi
1311 833 1416 868 praediti
1443 841 1508 861 suos
1534 833 1604 860 fetus
1623 832 1776 861 Athanasio

140 887 362 915 commodassent
379 897 385 914 :
402 891 430 913 at
448 890 542 913 contra
557 885 657 912 accidit
678 889 707 911 ut
731 883 891 919 plerumque
909 883 1097 917 imperitorum
1114 882 1254 909 hominum
1268 885 1295 908 et
1313 881 1480 908 insulsorum
1497 881 1577 916 nugis
1590 881 1661 908 male
1677 885 1778 908 auctus

141 936 178 962 sit
194 939 249 960 tam
265 934 368 968 peritus
386 932 495 959 artifex.
514 929 583 956 Hinc
599 936 728 963 germana
748 927 844 955 naaniis
861 927 1013 953 iuteruusta
1038 926 1193 960 foedataque
1219 926 1247 952 in
1273 926 1350 960 prius
1372 925 1452 953 editis
1478 926 1674 961 conspicimus.
1703 926 1774 954 Hinc

142 981 232 1016 inepta
251 980 296 1006 illa
310 985 337 1007 et
352 978 550 1015 ἀπροσδιόνυσα
564 995 571 1006 .
593 974 738 1010 prodeunt,
754 973 832 1001 Liber
848 973 887 1001 De
902 973 1118 1008 deﬁnitionibus,
1147 972 1268 999 Historia
1290 971 1413 1007 imaginis
1429 972 1595 1007 Berytensis;
1611 973 1678 1008 quin
1699 974 1774 1001 illam

141 1034 325 1053 memoramus
345 1023 527 1052 Melchisedeci
541 1021 680 1048 historiam
691 1040 698 1052 ,
716 1020 821 1054 γέλοιον
837 1027 902 1047 sane
914 1039 922 1052 ,
942 1019 970 1046 ni
999 1018 1115 1046 fortasse
1132 1018 1210 1046 malis
1226 1017 1366 1046 fastidium
1381 1026 1462 1053 quam
1485 1019 1571 1046 risum
1590 1019 1634 1046 illa
1650 1020 1778 1047 moveri?

141 1072 196 1101 Nec
213 1073 364 1100 audiendus
378 1073 422 1099 ille
436 1077 566 1106 nupet'us,
576 1068 621 1103 qui
631 1075 686 1095 non
695 1067 741 1094 diu
756 1067 808 1094 hoc
824 1073 893 1101 opus
908 1065 1058 1093 Athanasio
1070 1072 1193 1093 asserere
1207 1065 1356 1093 nitebatur.
1377 1066 1418 1092 An
1434 1065 1661 1093 Melchisedecum
1677 1066 1778 1101 hujus-

141 1119 213 1146 modi
229 1119 358 1154 depingat
370 1117 552 1150 Athanasius;
565 1118 610 1152 qui
626 1120 687 1151 post
703 1120 829 1143 exactum
852 1115 881 1142 in
903 1115 1019 1142 saltibus
1035 1115 1170 1149 septennii
1188 1114 1274 1141 otium
1301 1118 1398 1149 sponte
1422 1114 1553 1142 loricatus
1570 1115 1676 1149 prodit,
1707 1115 1776 1150 pelle

141 1163 229 1193 instar
242 1166 391 1194 testudinis
405 1165 567 1195 occallente,
585 1162 733 1190 vulturinis
753 1161 902 1196 unguibus,
914 1169 1028 1196 corpore
1044 1161 1106 1196 pilis
1122 1160 1159 1187 ita
1175 1160 1314 1194 horrente,
1331 1163 1360 1188 ut
1380 1168 1475 1188 ursum
1494 1161 1617 1189 diceres?
1629 1161 1774 1193 Nimirum,

142 1218 171 1238 ut
184 1212 222 1238 ait
239 1211 348 1238 Tullius
359 1211 409 1241 fa).
430 1209 486 1236 Hoc
498 1209 559 1236 vitio
574 1211 711 1235 cumulata
727 1211 765 1234 est
783 1206 964 1233 eruditissima
987 1205 1036 1232 illa
1056 1204 1209 1232 ercorum
1233 1205 1327 1231 natio:
1341 1205 1430 1240 itaque
1454 1205 1524 1240 quod
1538 1206 1589 1232 vim
1611 1205 1689 1240 hujus
1711 1207 1777 1234 mali

142 1255 287 1284 Grmcinon
301 1256 398 1287 vident,
413 1263 443 1281 ne
460 1262 553 1281 nomen
574 1253 679 1288 quidem
689 1253 714 1280 ei
726 1253 787 1279 vitio
805 1252 996 1286 imposuerunt.
1023 1249 1057 1277 Ut
1071 1250 1141 1277 enim
1155 1257 1260 1284 quteras
1278 1250 1379 1282 omnia,
1404 1251 1534 1285 quomodo
1552 1250 1638 1278 σγαιεὶ
1659 1252 1776 1287 ineptum

142 1303 282 1339 appellent,
297 1309 348 1328 non
365 1301 486 1335 reperies.
502 1298 660 1326 Addiderim
672 1305 706 1325 ne
722 1297 792 1332 apud
802 1296 915 1324 Latinos
931 1295 1041 1331 quidem
1058 1302 1152 1323 vocem
1166 1294 1324 1329 hujusmodi
1343 1294 1423 1330 nugis
1439 1295 1548 1331 dignam
1563 1298 1686 1332 reperiri.

178 1348 226 1376 His
245 1352 348 1379 tamen,
363 1344 506 1381 quantavis
522 1342 641 1378 φλυαρίᾳ
658 1346 886 1376 conspergantttr,
902 1341 928 1368 id
945 1340 1108 1374 conficitur;
1125 1344 1155 1367 ut
1173 1347 1234 1367 cum
1248 1340 1398 1368 Athanasio
1413 1341 1491 1375 plura
1505 1350 1586 1377 quam
1607 1343 1668 1371 aliis
1688 1343 1777 1372 Patri-

142 1393 195 1421 bus
210 1393 303 1428 spuria
318 1390 435 1425 ascripta
454 1388 566 1419 fuerint,
584 1387 674 1422 palam
690 1385 815 1413 videatur
829 1386 875 1413 ille
894 1386 1000 1420 majore
1014 1393 1099 1421 quam
1115 1390 1228 1413 catcros
1239 1385 1402 1413 eruditionis
1417 1390 1446 1414 et
1459 1387 1590 1416 doctrina:
1602 1389 1673 1417 fama
1690 1390 1776 1419 fuisse

142 1444 170 1467 et
185 1438 294 1474 quidem
309 1437 380 1472 apud
399 1435 502 1471 peritos
515 1433 594 1468 juxta
617 1436 699 1468 atque
720 1433 880 1468 imperitos;
898 1433 1009 1468 quando
1023 1434 1093 1460 inter
1108 1433 1192 1459 mttlta
1210 1440 1270 1467 qua:
1292 1433 1373 1460 nauci
1396 1438 1423 1461 et
1439 1434 1515 1461 nihili
1532 1439 1606 1467 sunt,
1624 1443 1679 1464 non
1699 1445 1776 1472 sper-

142 1485 232 1514 nenda
244 1484 297 1512 alia
309 1486 480 1518 comparent,
497 1487 587 1514 neque
602 1479 666 1506 talia
683 1479 716 1506 de
730 1479 831 1514 quibus
846 1480 882 1508 sit
902 1480 1053 1507 Athanasio
1068 1479 1296 1507 erubescendum.
1312 1478 1533 1507 Erubescendum
1555 1481 1588 1508 iis
1605 1486 1663 1508 erat
1674 1483 1775 1517 potius,

142 1531 188 1567 qui
207 1530 297 1557 fictam
313 1528 466 1556 submisere
485 1528 587 1561 prolem
603 1537 608 1554 :
632 1535 694 1554 nam
712 1534 788 1562 atque
810 1527 943 1555 illiberale
967 1532 1011 1555 est
1030 1536 1080 1555 sua
1105 1528 1166 1555 aliis
1186 1535 1216 1554 se
1231 1526 1401 1562 dignioribus
1419 1527 1568 1560 ascribere,
1585 1533 1666 1564 atque
1684 1530 1777 1558 labore

142 1578 231 1605 alieno
247 1580 325 1611 parta
341 1575 368 1602 in
383 1583 412 1602 se
429 1578 629 1603 transmoverc.
650 1574 704 1602 Sed
722 1578 803 1602 erttnt
820 1574 937 1602 fortasse
951 1575 997 1610 qui
1012 1575 1086 1602 litem
1101 1577 1228 1602 moveant
1245 1584 1250 1601 :
1267 1573 1336 1607 Quid
1354 1573 1446 1609 igitur,
1461 1576 1534 1603 aient
1546 1597 1553 1609 ,
1579 1577 1623 1604 illa
1642 1584 1702 1612 quae
1719 1582 1776 1605 tute

142 1625 202 1652 luce
229 1624 340 1659 indigna
366 1623 500 1650 arbitrare
513 1643 520 1656 ,
550 1631 606 1650 non
621 1623 757 1658 exegisti?
783 1622 850 1658 quid
874 1626 929 1650 tam
947 1623 1030 1649 mttlta
1048 1623 1108 1657 ejus
1123 1623 1231 1657 generis
1248 1622 1380 1650 hactenus
1392 1622 1484 1658 ignota
1499 1623 1646 1651 etenebtis
1662 1624 1776 1651 eruisti?

104 1689 108 1691 -
145 1670 243 1698 Verum
262 1674 361 1705 praesto
383 1673 426 1697 est
446 1670 518 1704 quod
533 1669 732 1704 respondeatur
747 1678 754 1696 :
771 1672 800 1696 ut
820 1672 944 1697 nostrum
963 1668 1013 1696 fuit
1029 1669 1110 1695 dubia
1125 1672 1151 1696 et
1164 1668 1256 1703 spuria
1270 1675 1284 1695 a
1299 1669 1436 1703 germanis
1452 1676 1595 1697 secernere
1606 1690 1613 1703 ,
1639 1670 1713 1698 haud
1739 1672 1777 1699 ita

143 1719 220 1746 licuit
235 1718 313 1744 nobis
338 1725 369 1744 ea
388 1724 522 1745 resecare.
550 1716 622 1744 Inter
640 1716 732 1752 spuria
751 1725 926 1745 recensetnus
937 1737 945 1749 ,
972 1717 1036 1753 quia
1052 1725 1084 1745 eo
1096 1717 1222 1744 videntur
1236 1717 1318 1744 certis
1333 1717 1368 1744 de
1381 1717 1473 1745 causis
1488 1718 1610 1753 ablegata
1626 1723 1752 1754 oportere
1767 1729 1775 1748 :

143 1769 223 1793 erunt
239 1765 363 1793 fortassis
374 1764 473 1800 quibus
487 1765 539 1792 alia
553 1765 588 1792 sit
601 1765 705 1800 opinio,
721 1765 767 1800 qui
781 1766 939 1792 facultatem
953 1764 1049 1800 judicii
1066 1772 1097 1792 ea
1114 1764 1147 1792 de
1159 1773 1189 1792 re
1203 1763 1304 1792 ferendi
1318 1768 1477 1798 prtereptam
1496 1764 1547 1792 sibi
1565 1764 1649 1793 fuisse
1666 1766 1777 1802 indigne

143 1809 256 1837 ferrent.
272 1808 313 1836 Ad
328 1809 396 1841 haec,
412 1809 622 1844 quamplurimis
638 1809 792 1837 eruditione
806 1809 945 1845 praeclaris
964 1809 1120 1836 hominibus
1132 1809 1362 1844 obtemperamus,
1378 1808 1425 1844 qui
1443 1818 1503 1845 quae
1516 1818 1613 1838 nomen
1629 1810 1775 1840 Athanasii

143 1855 304 1892 praeferunt,
318 1855 408 1882 omnia
420 1855 516 1883 volunt
527 1855 627 1891 publici
642 1856 794 1890 cssejuris,
809 1856 940 1891 aiuntque
956 1856 1030 1883 nulla
1046 1864 1141 1883 eorum
1153 1863 1248 1883 carere
1260 1863 1311 1883 suo
1327 1854 1428 1883 fructu.
1441 1856 1624 1889 Quamobrem
1639 1857 1660 1885 si
1673 1859 1774 1893 quibus

144 1902 242 1928 horum
258 1901 339 1928 lectio
352 1901 504 1936 displiceat,
520 1908 552 1928 ea
568 1901 643 1928 nullo
656 1902 801 1934 dispendio
823 1902 907 1930 missa
924 1902 1044 1933 faciant,
1061 1909 1111 1929 nec
1132 1901 1272 1929 invideant
1293 1902 1327 1929 iis
1343 1903 1444 1937 quibus
1459 1903 1576 1931 lustrare
1595 1904 1687 1932 omnia
1705 1910 1732 1932 et
1747 1905 1775 1932 in

144 1948 260 1983 singulis
273 1947 409 1982 judicium
424 1953 552 1974 exercere
567 1947 675 1975 animus
692 1951 744 1975 est.

178 1997 200 2023 A
217 1997 317 2032 quibus
331 2001 420 2024 autem
441 1996 534 2024 isthaac
552 1999 607 2023 tam
624 1997 708 2023 nmlta
724 1997 779 2025 sint
797 1997 947 2029 elaborata,
964 1997 1025 2032 quis
1041 2000 1095 2024 tam
1112 1997 1227 2032 lyncctts
1244 1997 1290 2032 qui
1315 1997 1469 2032 perspicere
1484 1995 1586 2028 queat?
1615 1995 1702 2024 Unum
1720 1997 1776 2025 sci-

144 2052 216 2076 mus,
231 2045 286 2079 jam
303 2044 359 2072 fere
371 2052 385 2071 a
396 2049 517 2079 tempore
534 2051 621 2078 usque
637 2043 776 2072 Athanasii
792 2044 909 2079 coepisse
925 2044 1074 2072 nonnullos
1091 2051 1141 2072 sua
1154 2043 1297 2071 Athanasii
1309 2044 1417 2080 nomine
1430 2043 1560 2077 insignire
1576 2053 1581 2070 :
1597 2045 1774 2078 sequentibus

144 2090 240 2117 exinde
255 2091 382 2117 aetatibus
399 2090 521 2117 fraudem
539 2098 589 2118 ccu
608 2090 681 2117 ﬂuxu
696 2091 815 2125 quodam
836 2091 935 2126 ubique
948 2097 1122 2126 pervagatam
1136 2100 1198 2120 esse
1209 2112 1217 2124 ,
1238 2095 1265 2119 et
1279 2095 1417 2127 postremo
1434 2091 1466 2118 ad
1482 2091 1596 2119 Latinos
1611 2100 1644 2119 ex
1671 2083 1774 2120 Gratcia

144 2135 308 2164 dimanasse.
326 2137 406 2164 Hisce
424 2137 551 2164 omnibus
565 2137 663 2164 mirum
687 2138 715 2164 in
739 2137 850 2165 modum
862 2158 868 2169 ,
885 2138 932 2166 sed
953 2139 1053 2166 damno
1067 2146 1117 2167 suo
1132 2139 1169 2166 uti
1191 2139 1327 2170 diximus,
1350 2143 1447 2166 auctus
1462 2143 1504 2166 est
1533 2143 1645 2166 sanctus
1663 2138 1773 2166 Doctor.

143 2181 233 2210 Pauca
251 2187 341 2210 tamen
357 2189 438 2214 sunt,
459 2190 519 2218 quae
539 2187 682 2210 auctorum
701 2183 811 2210 nomina
831 2184 857 2211 in
880 2185 1043 2219 quibusdam
1065 2185 1206 2213 codicibus
1231 2185 1392 2220 prtef'erant,
1421 2189 1450 2211 ut
1465 2185 1564 2220 cuique
1582 2184 1673 2211 videre
1687 2190 1729 2212 est
1747 2185 1775 2213 in

144 2228 258 2262 hujusce
270 2229 336 2256 tomi
349 2229 476 2256 decursu.
490 2227 609 2255 ditatem
625 2235 687 2255 vero
704 2229 873 2263 singulorum
890 2233 1022 2264 quantum
1043 2229 1070 2256 in
1090 2230 1169 2258 nobis
1184 2231 1266 2257 situm
1282 2230 1333 2257 fuit
1348 2230 1557 2264 assignavimus.
1575 2230 1614 2257 Ad
1627 2238 1657 2256 ea
1669 2238 1728 2264 quae
1746 2231 1772 2257 in

143 2273 220 2307 pritts
236 2272 316 2300 editis
334 2276 450 2305 exstant,
465 2275 598 2308 permulta
614 2283 663 2303 nos
679 2283 710 2303 ex
728 2276 849 2304 tenebris
867 2281 956 2310 eruta,
976 2281 1005 2304 ut
1021 2285 1082 2305 mox
1100 2277 1275 2312 dicebamus,
1301 2278 1451 2313 adjecimus
1467 2287 1473 2305 :
1493 2278 1689 2313 supellectilem
1706 2287 1772 2308 sane

143 2320 257 2350 variam,
277 2319 365 2354 pretio
383 2324 462 2354 atque
480 2321 598 2348 utilitate
611 2322 760 2357 disparem.

178 2365 312 2398 Quoniam
326 2371 416 2393 autem
433 2375 487 2394 non
508 2375 584 2402 teque
604 2369 764 2403 conspicuis
780 2369 852 2396 notis
867 2369 989 2396 omnium
1012 2370 1103 2397 νοΟὲία
1127 2371 1339 2406 deprehenditur
1355 2382 1362 2399 :
1379 2372 1426 2400 sed
1442 2372 1565 2408 quaedam
1595 2380 1689 2401 eorum
1715 2383 1771 2402 non

143 2414 197 2437 tant
208 2411 344 2438 evidentia
359 2411 434 2446 signa
456 2412 482 2439 in
496 2413 628 2440 utramvis
645 2417 750 2448 partem
770 2413 914 2441 referunt:
931 2415 983 2441 alia
1015 2416 1087 2450 vero]
1102 2415 1142 2442 vel
1168 2415 1226 2450 ipso
1250 2417 1324 2444 cultu
1352 2422 1432 2452 atque
1454 2421 1602 2454 conspectu
1629 2421 1773 2455 peregrina

143 2462 202 2483 sese
230 2456 403 2491 profitentur,
418 2457 497 2485 binas
513 2459 540 2485 in
553 2459 655 2486 classes
672 2459 744 2486 hunc
776 2463 878 2486 tomum
891 2460 1058 2487 distribuere
1075 2461 1163 2487 visum
1182 2461 1241 2487 fuit.
1268 2460 1297 2488 In
1316 2462 1416 2496 priore.
1433 2462 1575 2491 Athanasii
1590 2458 1773 2492 nomine'du'—

143 2502 185 2530 hia
200 2503 292 2530 omnia
308 2503 351 2530 edi
371 2504 539 2531 curavimus.
562 2504 595 2531 Et
620 2504 730 2540 quidem
751 2505 777 2532 id
797 2505 868 2532 ttltro
894 2505 1020 2537 fatemur,
1046 2506 1118 2540 quod
1137 2506 1235 2542 cuique
1252 2508 1354 2535 monita
1379 2511 1473 2535 nostra
1496 2508 1596 2543 legenti
1611 2510 1773 2537 subodorari

143 2550 250 2583 licebit;
269 2551 396 2579 videlicet
407 2560 466 2585 nos,
483 2553 534 2580 etsi
551 2554 623 2580 inter
637 2554 740 2580 incerta
755 2553 851 2581 isthtec
866 2561 1041 2588 reponamus,
1057 2554 1216 2589 plerumque
1229 2559 1319 2582 tamen
1335 2556 1421 2591 magis
1436 2556 1605 2591 propendere
1620 2557 1648 2584 in
1664 2561 1771 2592 partem

143 2599 258 2633 negandi
272 2609 279 2627 :
300 2600 484 2635 maluisseque
499 2601 588 2628 adhuc
601 2602 652 2629 sub
665 2601 757 2636 judice
775 2601 850 2629 litem
865 2609 936 2634 esse.
949 2609 1030 2637 quam
1046 2603 1073 2629 in
1092 2603 1244 2638 periculum
1262 2603 1354 2630 venire
1371 2603 1457 2632 levius
1485 2603 1639 2640 proferendi
1666 2604 1773 2637 νοθείας

143 2643 247 2678 iudicii,
260 2645 464 2681 Athanasioque
479 2655 543 2674 suas
557 2647 626 2674 forte
643 2647 850 2675 lucubrationes
866 2647 1054 2682 ahjudicandi.
1066 2648 1096 2676 In
1113 2649 1264 2684 posteriore
1276 2656 1307 2677 ea
1321 2650 1488 2678 collocamus
1499 2659 1558 2686 quae
1570 2655 1662 2687 aperte
1677 2652 1772 2686 spuria

144 2693 218 2719 sunt,
234 2697 286 2716 non
300 2690 392 2725 aliquo
407 2696 515 2719 servato
530 2692 637 2723 ordine,
652 2693 699 2720 sed
715 2701 745 2720 ea
757 2701 818 2728 qua:
836 2693 863 2720 in
879 2693 956 2728 prius
970 2694 1050 2721 editis
1066 2695 1169 2729 primas
1182 2695 1310 2723 tenebant
1323 2699 1352 2722 ttt
1373 2697 1429 2724 fors
1452 2697 1560 2729 obtulit,
1580 2698 1670 2732 priora
1687 2697 1772 2724 fcrme

143 2737 334 2772 reposuimus:
349 2738 401 2765 alia
416 2743 445 2766 ut
463 2740 615 2775 argumenti
631 2740 701 2768 ratio
718 2740 821 2769 ferebat
835 2748 890 2774 una
913 2741 1119 2776 conjunxitnus.
1142 2741 1197 2770 Nec
1213 2747 1302 2771 tamen
1317 2748 1391 2772 certa
1410 2744 1502 2780 regula
1519 2743 1568 2772 fuit
1582 2753 1589 2771 :
1604 2748 1631 2772 et
1648 2744 1712 2779 quia
1728 2751 1772 2771 se-

178 2814 217 2851 (a)
235 2814 274 2842 De
287 2819 390 2842 oratore
407 2815 425 2842 l.
440 2824 470 2844 tt.
1044 2826 1046 2829 ·

303 2863 435 2893 Ριτκοι.
466 2864 524 2896 Gn.
553 2864 611 2893 XX
619 2864 687 2896 Vill

872 3015 1058 3032 [Ἴηιὶιι
