1898 3053
127 124 156 151 Η
631 100 638 104 ἃ
841 123 1035 151 ΡΒΑΞΕΑΤΙΟ.
1720 125 1758 153 12

125 185 184 212 ritis
204 184 334 211 nonnulla
349 183 525 215 accedebant,
541 182 659 217 priorem
673 182 701 208 in
721 189 837 208 vacuum
853 181 943 208 locum
958 188 1024 208 casu
1045 181 1131 216 magis
1147 189 1228 216 quam
1241 182 1357 210 consilio
1375 183 1500 217 conjecta
1517 186 1581 210 sunt
1595 192 1600 209 :
1620 186 1646 209 et
1661 183 1757 210 consi-

127 232 198 259 lione
210 239 279 266 opus
294 231 320 258 in
335 232 417 259 rebus
433 232 587 259 inconsulta
607 231 757 258 multorum
773 231 927 258 temeritate
946 231 1163 259 consarcinatis?
1180 231 1305 258 iloniilise
1321 236 1412 259 tamen
1427 239 1524 259 ontncs
1541 240 1594 258 una
1607 231 1758 265 colimrent,

126 281 235 305 servato
247 285 337 305 rerum
354 285 414 312 quae
428 281 547 311 aguntur
557 277 663 304 ordine.

163 325 210 353 His
225 329 314 352 autem
331 325 415 356 notis,
436 324 479 352 his
494 324 609 352 tesseris
626 324 710 351 dubia
723 328 752 351 et
767 323 856 350 aliena
872 330 886 350 a
901 324 1044 358 germanis
1057 323 1273 352 internoscimus
1290 334 1295 351 :
1313 325 1401 359 primo
1417 332 1450 350 ex
1467 323 1601 358 frequenti
1615 322 1758 349 Athanasii

126 380 238 407 operum
255 373 428 403 tractatione,
443 379 493 399 ceu
513 374 609 406 gustus
624 371 733 406 quidem
746 371 845 406 legenti
858 371 990 404 inliteret,
1005 372 1085 406 cujus
1099 380 1150 407 ope
1166 372 1238 400 haud
1255 372 1335 399 facile
1352 372 1387 399 sit
1401 371 1450 406 ipsi
1466 371 1558 398 fucum
1574 371 1677 411 facere;
1693 377 1757 396 eum

126 422 244 453 maxime
256 421 370 448 arduum
386 421 421 448 sit
434 420 610 455 quantumvis
632 421 720 455 perito
734 420 854 447 nativam
870 420 1013 448 Athanasii
1028 421 1190 456 elegantiam
1208 421 1344 448 ementiri.
1368 421 1400 448 Et
1420 421 1529 456 quidem
1556 421 1639 447 multa
1659 426 1758 446 occur-

125 474 198 498 runt,
214 476 274 502 quae
285 468 306 495 si
319 468 359 495 vel
375 468 543 502 primoribus
557 468 666 502 quidem
683 468 765 495 labris
780 468 910 502 attingas.
923 469 1014 495 statim
1026 473 1178 503 respuasnt
1193 469 1334 504 peregrina
1347 468 1415 495 etab
1423 467 1566 494 Athanasii
1576 467 1620 493 illa
1629 465 1757 500 ἐνεργείᾳ.

124 514 307 541 abhorrentia.
326 513 488 548 Hujusmodi
501 518 566 540 stitit
579 513 729 547 Dispulatio
744 518 836 540 contra
849 514 943 540 Arium
957 534 964 546 ,
991 514 1018 540 in
1035 513 1138 549 synodo
1151 513 1260 541 Nicmna
1271 534 1279 547 ,
1303 513 1394 541 Sermo
1414 518 1507 540 contra
1521 521 1609 540 omnes
1625 512 1736 539 hwreses
1747 527 1758 544 ,

125 561 247 589 Historia
263 561 454 592 Melchisedech
468 560 545 588 Liber
561 561 599 588 De
612 561 820 595 deﬁnitionibus,
838 564 864 588 et
879 561 924 588 alii
935 561 1059 595 ejusdem
1078 560 1173 588 farinaa
1184 561 1278 588 libelli.
1297 561 1410 588 Etiamsi
1423 568 1488 588 vero
1505 560 1532 587 in
1550 559 1672 587 melioris
1685 563 1758 585 notas

123 607 255 641 opuscula
269 606 433 637 incidamus,
447 606 511 632 dum
529 606 556 632 in
572 613 670 640 genere
684 606 818 640 polemico
833 610 988 638 versentur,
1008 606 1034 633 in
1050 614 1105 641 quo
1123 607 1263 634 cernimus
1287 614 1356 642 pene
1373 610 1458 633 totam
1480 605 1621 632 Athanasii
1648 609 1758 632 aetatem

124 662 185 682 esse
203 654 359 686 contritam,
377 653 448 680 haud
467 661 565 689 magno
587 654 680 681 labore
703 661 718 680 a
736 653 902 681 fraudulenti
918 655 1062 689 scriptoris
1080 654 1196 681 artificio
1213 662 1264 682 nos
1291 655 1480 689 explicemus:
1496 661 1557 681 cum
1576 654 1621 680 vix
1638 653 1692 679 ulla
1709 659 1758 679 ars

125 703 200 729 illum
214 706 254 729 tot
269 709 403 729 annorum
417 709 516 731 usum.
542 701 615 728 illam
635 705 732 736 sponte
749 701 875 728 fluentem
899 702 1083 736 eloquentiam
1100 702 1230 736 consequi
1248 702 1346 737 possit.
1366 700 1434 727 Cum
1460 704 1550 726 autem
1575 699 1631 725 alio
1656 704 1757 733 genere

124 747 262 775 scribendi
279 751 389 775 exarata
406 752 481 780 sunt,
496 755 550 782 quo
578 748 619 774 vel
636 748 711 774 nulla
725 749 766 774 vel
784 748 949 782 paucissima
966 747 1081 774 ediderit
1100 747 1278 778 Athanasius.
1294 753 1350 774 tum
1368 747 1470 774 laboris
1484 750 1511 774 et
1525 745 1632 773 consilii
1644 752 1688 771 res
1701 748 1753 771 est.

125 795 313 831 lnvestigamla
332 796 437 824 scilicet
454 796 591 827 doctrina,
613 796 695 823 verba
713 796 820 831 singula
845 795 1025 831 inspicienda,
1042 796 1184 823 sententia:
1204 795 1397 830 ponderandas.
1412 802 1477 822 niim
1500 794 1596 821 alienae
1610 792 1644 819 ab
1656 795 1755 821 astate,

124 843 159 870 ab
175 847 295 874 auctore,
308 843 342 870 ab
356 842 486 870 Ecclesiae
503 850 565 869 usu.
586 842 696 869 Difﬁcile
716 850 783 869 sane
799 842 867 869 nihil
881 843 1016 876 ejusmodi
1031 842 1197 877 deprehendi
1214 843 1240 869 in
1256 842 1367 876 spuriis.
1385 841 1412 868 Si
1428 845 1499 868 notae
1510 839 1632 876 quietiam
1660 837 1757 872 hujus-

124 889 196 915 iiiodi
213 884 367 920 occurrant,
384 892 410 915 et
427 889 480 915 tale
497 896 566 923 opus
582 888 616 915 ab
631 888 744 922 antiquo
761 889 868 915 nemine
884 889 1019 920 laudetur,
1030 888 1086 922 jam
1103 893 1217 923 augetur
1241 889 1372 923 suspicio.
1399 887 1492 922 Neque
1511 891 1600 912 tamen
1624 884 1698 911 illico
1716 883 1755 910 fe-

123 933 207 960 renda
220 934 363 961 adversum
381 933 526 966 sententia,
541 933 592 960 nisi
611 933 663 959 alia
687 941 720 960 ex
736 941 799 960 mox
815 934 978 976 81'::ll'l'(lll(.iis
994 938 1057 960 nota
1085 938 1251 969 compareat.
1269 933 1335 960 Nam
1349 937 1412 960 sunt
1430 933 1480 959 alia
1497 931 1657 967 gravissima
1676 930 1756 964 signa

123 981 223 1015 quibus
241 981 273 1008 lis
289 981 419 1008 solvatur.
437 980 505 1007 Cum
522 981 639 1008 liaareses
655 981 760 1008 scilicet
776 981 1000 1016 subsequentiuin
1013 986 1123 1008 tetatum
1145 983 1349 1017 impugnantur,
1368 982 1450 1009 etiam
1466 982 1547 1008 tacito
1563 980 1755 1007 haereticorum

123 1027 231 1054 nomine
245 1035 252 1053 :
269 1034 386 1061 namque
401 1026 424 1053 si
440 1034 538 1053 nomen
550 1027 636 1057 adest.
651 1035 700 1054 nec
712 1027 873 1061 conjectura
887 1028 982 1055 subest
1003 1029 1093 1063 aliqua
1111 1028 1195 1055 fuisse
1211 1029 1418 1056 amanuensium
1431 1027 1584 1055 temeritate
1598 1027 1733 1060 adjectum
1746 1045 1753 1054 .

122 1066 196 1100 nulla
213 1082 289 1102 mora
305 1074 390 1101 fertur
403 1074 507 1106 νοθείας
519 1074 660 1109 judicium.
677 1074 704 1101 Si
720 1076 747 1101 in
760 1076 955 1109 maniiseriptis
972 1077 1114 1110 inscriptio
1131 1076 1167 1102 ita
1183 1076 1280 1108 variet,
1298 1081 1327 1102 ut
1339 1078 1365 1102 in
1391 1076 1452 1103 aliis
1468 1075 1611 1102 Athanasii
1623 1095 1629 1106 .
1648 1074 1674 1100 in
1693 1073 1755 1100 aliis

123 1121 235 1147 alterius
251 1121 394 1155 scriptoris
407 1128 508 1147 nomen
524 1124 699 1155 compareat:
715 1121 824 1156 signum
840 1121 948 1148 videtur
961 1122 1148 1154 manifestum,
1166 1130 1227 1150 esse
1245 1127 1331 1150 totum
1349 1122 1500 1150 Athanasio
1515 1121 1729 1155 abjudicandum
1747 1129 1753 1146 :

122 1177 185 1196 nam
200 1170 222 1196 si
237 1170 363 1204 primitus
386 1169 528 1196 Athanasii
556 1176 655 1195 nomen
671 1168 778 1195 tulisset
805 1168 958 1204 inscriptio,
980 1177 1014 1196 nc
1033 1169 1180 1204 cogitasset
1195 1169 1306 1204 quidem
1321 1168 1497 1195 aiiianuensis
1524 1166 1636 1193 alterius
1655 1173 1754 1192 nomen

123 1216 308 1249 substituere;
330 1224 393 1243 cum
410 1220 484 1243 tanta
500 1217 535 1244 sit
550 1217 761 1244 celebratissimi
780 1216 901 1244 doctoris
922 1219 1083 1248 auctoritas,
1101 1221 1130 1244 ut
1146 1218 1260 1245 stultum
1276 1221 1349 1245 esset
1365 1217 1399 1244 ab
1413 1217 1466 1243 alio
1479 1215 1610 1250 majorem
1623 1213 1753 1241 mutuari.

125 1262 159 1289 Et
173 1271 239 1290 sane
255 1263 360 1290 nullum
376 1263 494 1290 vidimus
515 1272 546 1291 ex
564 1264 689 1300 genuinis
705 1263 858 1297 Athanasii,
875 1264 988 1292 alterius
1006 1265 1132 1299 praeferre
1155 1273 1255 1292 nomen
1280 1265 1308 1292 in
1332 1264 1484 1292 codicibus.
1513 1262 1754 1290 Evidentissuiiuni

123 1310 320 1343 suppositionis
341 1313 530 1344 argumentum
551 1315 602 1343 est,
618 1317 680 1336 cum
706 1309 800 1337 Patres
815 1310 967 1338 Athanasio
984 1319 1116 1346 suppares
1133 1316 1181 1338 aut
1204 1311 1316 1338 omnino
1343 1310 1486 1337 inferiores
1500 1309 1647 1335 laudantur
1663 1315 1670 1333 :
1691 1313 1754 1332 nam

122 1361 179 1384 tum
195 1357 237 1383 vel
251 1364 284 1384 ex
297 1356 448 1391 ignorantia
465 1357 607 1391 scriptoris
623 1357 712 1391 prodit
722 1357 1011 1390 anachronismus,vel
1028 1359 1183 1386 inconsulto
1195 1358 1402 1384 amanuensium
1414 1363 1481 1382 ausu
1498 1354 1639 1382 Athanasii
1654 1360 1754 1380 nomen

122 1401 260 1436 praefixum
277 1403 353 1436 operi
369 1402 427 1428 fuit.
441 1401 489 1429 llis
504 1410 570 1430 usus
586 1411 645 1429 sum
661 1403 773 1430 tesseris
787 1411 794 1435 ς
810 1410 870 1438 qua:
886 1407 976 1430 tamen
991 1411 1064 1430 nunc
1078 1403 1173 1430 leviter
1189 1403 1359 1438 perstringo,
1381 1402 1445 1436 quia
1473 1401 1561 1428 fusius
1587 1400 1645 1427 suis
1673 1400 1752 1426 locis.

124 1446 264 1474 Undenam
278 1447 384 1482 singula
400 1447 543 1482 prodeant,
555 1447 655 1474 videsis
673 1447 699 1473 in
716 1455 779 1474 mox
792 1447 917 1482 sequenti
932 1448 1091 1475 recensione
1108 1449 1233 1475 codicum
1249 1455 1316 1475 mss.
1331 1451 1356 1474 et
1371 1447 1516 1474 editorum.

159 1493 259 1520 Praeter
272 1500 304 1519 ea
319 1497 409 1519 autem
428 1500 488 1526 quae
500 1492 544 1519 hic
558 1496 666 1520 exstant
683 1499 760 1523 cusa,
780 1492 831 1519 alia
849 1493 982 1527 permulta
997 1499 1071 1525 sunt,
1088 1501 1220 1528 qutll'cutll
1237 1493 1361 1528 proxime
1376 1493 1520 1527 praeteritis
1538 1492 1646 1520 steciilis
1664 1492 1752 1519 fraudi

122 1540 364 1576 opportunioribus
379 1541 489 1573 impune
502 1539 682 1567 Athanasium
701 1539 829 1567 ementita
841 1539 968 1571 fuissent,
984 1541 1137 1568 instaurate
1150 1541 1260 1568 demum
1275 1542 1426 1567 litterarum
1440 1547 1546 1570 usu;ex
1557 1539 1754 1566 Atliaiiasianis

121 1594 206 1624 ejecta
222 1593 295 1616 sunt.
312 1588 384 1615 inter
400 1587 456 1614 inec
468 1591 684 1614 annumerantur
698 1586 901 1614 Commentaria
913 1587 1110 1624 Tlieopliylacti
1133 1589 1161 1615 in
1178 1588 1313 1623 Epistolas
1338 1587 1432 1619 Pauli,
1447 1587 1474 1613 iiii
1493 1587 1633 1621 prioribus
1657 1586 1753 1615 Galliae

121 1636 201 1663 editis
217 1643 283 1662 cusa
299 1635 333 1662 ad
348 1635 463 1662 frontem
476 1642 588 1668 operum
607 1633 635 1661 S.
655 1634 809 1666 Athanasii,
829 1643 890 1669 qua:
904 1634 1002 1662 deinde
1013 1635 1152 1671 Vulgarii,
1170 1637 1228 1664 sive
1244 1635 1374 1670 Bulgarii,
1388 1639 1434 1661 aut
1449 1635 1539 1669 potius
1555 1634 1753 1669 Theophylacti

122 1683 302 1719 Bulgarorum
318 1682 439 1718 episcopi
457 1689 518 1710 esse
532 1683 703 1717 deprehensa
720 1686 784 1709 sunt
797 1701 804 1714 .
831 1686 858 1710 et
882 1683 939 1718 jam
964 1683 1086 1717 ejusdem
1107 1684 1219 1711 nomine
1236 1683 1330 1711 Grmce
1353 1687 1379 1710 et
1398 1683 1492 1710 Latine
1509 1683 1752 1710 circumferuntur.

121 1729 180 1757 Non
196 1729 308 1756 defuere
322 1729 398 1759 item,
412 1728 458 1762 qui
474 1727 559 1754 libros
573 1720 669 1754 Hilarii
690 1727 728 1754 De
746 1727 877 1755 Trinitate
893 1728 1045 1756 Athanasio
1066 1730 1257 1764 ascripserint,
1272 1737 1388 1765 quorum
1411 1729 1545 1756 sententia
1569 1737 1602 1756 ne
1627 1729 1753 1757 confuta-

122 1776 196 1802 tione
213 1775 323 1810 quidem
337 1778 418 1810 eget:
436 1777 462 1800 et
476 1774 559 1807 probe
574 1781 643 1808 opus
662 1774 728 1800 illud
744 1774 847 1802 Hilario
863 1780 998 1803 assertum
1018 1776 1070 1804 fuit
1087 1776 1114 1803 in
1128 1783 1266 1812 postrema
1282 1777 1342 1812 ejus
1354 1784 1466 1811 operum
1483 1777 1602 1805 editione
1617 1785 1631 1804 a
1648 1779 1754 1806 nostris

122 1822 263 1850 adornata.
286 1821 415 1856 Dialogus
433 1827 542 1855 quoque
559 1818 674 1847 Joannis
692 1820 851 1848 Damasceni
875 1827 968 1848 contra
993 1822 1154 1850 Manio/two;
1176 1824 1202 1850 in
1224 1823 1308 1859 Regio
1327 1823 1422 1850 codice
1444 1832 1518 1850 num.
1536 1824 1607 1852 2502
1621 1827 1722 1853 ascribi
1737 1834 1754 1854 a

122 1868 261 1894 nonnullis
274 1866 423 1894 Athanasio
437 1865 537 1892 dicitur
552 1875 558 1892 :
577 1864 625 1892 sed
650 1866 760 1901 γνήσιος
778 1865 937 1894 Damasceni
964 1867 1034 1895 fctus
1049 1872 1106 1900 est,
1123 1873 1152 1895 ut
1177 1869 1300 1904 pluribus
1318 1873 1546 1899 commonstrabit
1563 1875 1604 1900 vir
1627 1875 1753 1904 eruditus

121 1912 153 1940 P.
169 1913 305 1948 Lequien,
322 1912 426 1940 ordinis
442 1910 667 1942 Prtedieatorum,
689 1911 762 1938 inea
778 1919 859 1946 quam
884 1917 963 1947 parat
978 1913 1138 1942 Damasceiii
1154 1923 1267 1950 operum
1285 1916 1414 1944 editione.
1434 1917 1502 1946 Vere
1521 1923 1612 1947 tamen
1631 1921 1753 1949 Athana-

122 1960 180 1986 sius
199 1959 371 1990 Maniehaeos,
388 1964 504 1992 quorum
526 1956 623 1991 ingens
640 1964 689 1984 sua
704 1962 866 1992 tempestate
885 1968 1026 1992 numerus,
1040 1963 1151 1997 scriptis
1165 1967 1208 1989 est
1223 1963 1335 1990 adortus
1351 1973 1357 1991 :
1376 1971 1401 1992 at
1413 1967 1549 2001 ejusmodi
1573 1970 1675 2005 scripta
1690 1979 1752 1999 cum

123 2004 274 2032 innumeris
286 2004 348 2031 aliis
364 2003 463 2038 injuria
477 2005 631 2037 temporum
649 2003 785 2030 exstincta
802 2007 875 2031 sunt.
893 2004 926 2031 Et
946 2005 1025 2040 plane
1043 2006 1165 2034 demiror
1189 2007 1376 2035 Grmculorum
1405 2013 1578 2041 oscitantiam
1591 2035 1598 2047 ,
1622 2003 1668 2050 qui
1687 2016 1752 2043 dum

123 2052 216 2086 spuria
231 2051 383 2078 sexcenties
397 2048 593 2081 exscribcreiit,
608 2055 738 2083 germana
753 2050 790 2075 ita
808 2050 997 2084 neglexerunt,
1015 2056 1044 2078 ut
1062 2053 1168 2079 incuria
1184 2052 1326 2087 perierint.
1348 2053 1381 2081 Ut
1400 2058 1556 2092 conjectare
1574 2048 1658 2095 porro
1674 2061 1750 2094 licet,

122 2107 178 2127 non
191 2099 291 2134 dialogi
308 2106 384 2125 more
398 2096 563 2125 Manichaeos
576 2097 744 2125 Athanasius
764 2102 806 2125 est
823 2106 970 2134 aggressus
986 2110 992 2126 ι
1011 2108 1073 2127 nam
1087 2101 1147 2135 ejus
1171 2109 1228 2128 avo
1244 2102 1295 2129 hoc
1310 2103 1447 2131 scribendi
1469 2113 1554 2139 genus
1580 2107 1672 2134 minus
1693 2113 1753 2136 erat

123 2145 335 2180 frequentatum.
353 2143 382 2170 In
398 2143 540 2174 codicibus
553 2146 712 2181 Aiiglicanis
726 2147 845 2175 homiliae
856 2149 884 2174 in
898 2147 998 2176 Christi
1009 2155 1107 2181 arium,
1124 2158 1185 2185 qum
1199 2152 1271 2179 inter
1282 2152 1471 2188 Chrysostomi
1484 2162 1565 2188 opera
1581 2163 1751 2191 comparent,

122 2192 264 2220 Athanasii
278 2192 342 2219 item
355 2199 454 2219 nomen
470 2193 627 2226 praeferunt.
639 2193 737 2221 Earum
747 2195 922 2222 meminimus
933 2196 959 2222 in
968 2196 1072 2223 monito
1085 2196 1117 2224 ad
1128 2198 1267 2224 homiliam
1277 2197 1314 2225 De
1324 2204 1382 2226 ortu
1392 2199 1500 2231 Christi,
1511 2209 1537 2235 p.
1549 2201 1600 2228 550
1609 2202 1659 2237 (a).
1673 2202 1753 2236 Quod

123 2246 211 2268 autem
227 2240 323 2267 attinet
340 2239 372 2266 ad
389 2240 527 2266 orationes
544 2239 604 2267 illas
620 2239 779 2266 dialecticas
793 2240 936 2267 Athanasii
958 2241 986 2269 in
997 2241 1106 2269 Nicaana
1119 2242 1223 2278 synodo
1239 2250 1373 2278 praisente
1391 2245 1572 2274 Constantino
1584 2247 1681 2282 Magno
1702 2249 1752 2276 ha-

123 2288 204 2319 bitas,
221 2292 385 2314 memoratas
399 2294 414 2313 a
428 2284 619 2316 Felckmanno,
637 2292 706 2319 quas
722 2288 816 2311 narrat
833 2285 868 2312 Μ.
884 2285 1002 2313 Crusius
1018 2286 1257 2322 Constantinopoli
1276 2289 1346 2323 apud
1364 2290 1582 2318 illustrissimum
1600 2292 1752 2328 principem

123 2332 253 2361 Jacobum
271 2333 462 2360 Marmoretam
476 2339 509 2359 eo
525 2334 646 2366 tempore
660 2335 782 2366 repertas
796 2331 890 2363 fuisse,
907 2332 952 2358 vix
969 2333 1087 2366 putarim
1103 2332 1226 2361 diversas
1240 2341 1255 2360 a
1272 2334 1458 2369 Disputatione
1471 2343 1562 2364 contra
1576 2339 1679 2370 Arium,
1692 2347 1753 2375 quae

124 2380 152 2407 in
166 2381 267 2416 spuriis
281 2388 378 2415 agmen
399 2380 473 2414 agit:
489 2379 615 2413 permulti
637 2386 755 2414 namque
772 2378 832 2413 ejus
849 2379 958 2407 codices
984 2380 1011 2406 in
1028 2380 1113 2407 variis
1135 2381 1307 2409 bibliothecis
1322 2388 1440 2411 exstant.
1463 2385 1492 2412 ln
1518 2385 1585 2413 Vilis
1600 2392 1752 2416 sanctorum

125 2427 284 2459 Siculorum,
300 2429 335 2455 ab
349 2428 462 2455 Octavio
476 2426 625 2460 Cajetano,
648 2427 831 2462 Syracusano.
853 2427 999 2455 Societatis
1014 2427 1090 2458 Jesn.
1109 2427 1236 2455 Panormi
1253 2429 1334 2458 editis
1354 2439 1426 2457 anno
1449 2431 1525 2462 1657,
1544 2439 1566 2466 p.
1585 2431 1636 2464 24,
1661 2436 1753 2460 exstat

124 2473 234 2500 nomine
244 2473 385 2501 Athanasii
402 2473 600 2508 archiepiscopi
614 2472 789 2500 Alexandrini
810 2472 870 2499 Vita
883 2473 911 2500 S.
940 2472 1058 2508 Philippi
1072 2474 1238 2509 Agyricnsis,
1257 2476 1337 2510 vulgo
1352 2476 1504 2511 Agyrionis,
1520 2485 1551 2503 ex
1570 2482 1662 2505 monte
1681 2479 1753 2514 Agy-

124 2522 200 2548 rione
216 2522 242 2548 in
259 2521 361 2549 Sicilia.
375 2521 410 2554 ls,
422 2526 451 2548 ut
465 2521 544 2555 vulgo
560 2524 683 2554 narrant,
698 2527 712 2546 a
733 2519 763 2547 B.
778 2519 860 2547 Petro
876 2521 1001 2555 apostolo
1016 2521 1043 2547 in
1058 2520 1180 2548 Siciliam
1206 2522 1309 2549 missus
1333 2522 1395 2554 fuit,
1411 2523 1533 2558 obiitque
1558 2531 1631 2550 anno
1648 2524 1752 2552 Christi

125 2564 169 2597 90,
179 2565 222 2592 die
237 2565 271 2592 12
285 2565 357 2593 Maii.
371 2565 472 2593 Verum
488 2566 516 2592 iii
528 2565 684 2600 hujusmodi
697 2569 853 2593 commento
870 2566 1016 2593 refutando
1031 2575 1142 2602 operam
1160 2567 1256 2597 ludere
1273 2568 1355 2595 otiosi
1371 2569 1491 2597 hominis
1505 2573 1587 2596 esset.
1599 2570 1752 2597 Christiani

125 2611 214 2645 Copti,
230 2620 277 2639 seu
290 2611 420 2646 Egyptii,
435 2612 568 2647 hymnum
593 2609 687 2638 Gloria
708 2611 735 2637 in
751 2611 872 2644 excelsis,
889 2611 1002 2646 Coptice
1015 2612 1178 2639 translatum
1195 2612 1319 2640 tribuunt
1334 2614 1493 2642 Athanasio.
1519 2615 1571 2642 Sed
1588 2623 1649 2642 cum
1666 2624 1717 2643 nec
1737 2625 1750 2643 a

124 2658 243 2691 Grazcis,
265 2666 314 2686 nec
330 2666 345 2686 a
359 2658 463 2687 Latinis
478 2663 553 2687 tanto
572 2660 677 2687 doctori
693 2660 830 2695 ascriptus
846 2668 965 2695 unquam
983 2659 1069 2688 fuisse
1091 2665 1270 2693 memoretur,
1289 2663 1437 2690 verisimile
1459 2668 1501 2691 est
1528 2664 1630 2699 Coptos
1655 2665 1730 2699 ipsos
1742 2686 1751 2698 ,

125 2707 265 2742 stupendae
281 2711 388 2742 gentem
409 2708 576 2742 ignorantiae,
596 2716 664 2743 quos
680 2716 763 2742 penes
781 2708 932 2743 plurimum
957 2709 1121 2735 auctoritate
1139 2709 1209 2736 valet
1224 2709 1390 2737 Athanasius
1402 2730 1409 2743 ,
1438 2709 1464 2736 id
1488 2710 1578 2745 operis
1595 2711 1751 2739 inconsulte

125 2753 175 2789 ipsi
192 2753 331 2781 tribuisse.
351 2754 392 2781 Ad
407 2754 463 2781 hinc
483 2755 614 2783 Leontius
632 2755 799 2791 Byzantinus
815 2756 885 2783 libro
900 2755 1030 2782 Adversus
1058 2755 1166 2790 fraudes
1184 2756 1438 2791 Apollinaristamm
1453 2757 1502 2790 ait,
1519 2757 1641 2786 solemne
1666 2758 1750 2787 fuisse

156 2843 192 2875 (α)
208 2844 253 2869 Hic
269 2846 295 2869 et
307 2844 368 2869 infra
379 2843 480 2876 paginas
491 2844 606 2878 intellige
625 2845 738 2872 editionis
754 2846 856 2872 Venetae
867 2853 927 2877 quas
939 2847 1002 2878 typis
1014 2847 1185 2878 grandioribus
1202 2848 1380 2879 expressimus.
1395 2847 1460 2872 Ευιτ.
