1898 3053
138 148 176 176 l5
865 150 1063 180 PRAEFATlO.
1736 159 1769 185 Η

137 204 302 239 Apollinarii
316 205 458 240 discipulis
473 206 556 234 libros
572 207 692 242 magistri
710 208 750 235 sui
768 207 840 234 Julio
853 209 943 240 modo,
962 217 1023 236 mox
1040 209 1171 245 Gregorio
1187 209 1402 247 Thaumaturgo,
1419 213 1501 239 modo
1515 213 1665 242 Athanasio
1683 217 1769 243 ascri-

137 250 280 278 bere.Sed
296 251 453 286 hujusmodi
477 252 537 280 libri
561 252 629 279 l'also
644 253 769 288 inscripti
783 253 816 279 ad
834 261 885 280 nos
907 263 994 289 usque
1009 255 1121 282 minime
1136 261 1329 290 pervenerunt.
1349 256 1402 283 Nec
1427 259 1508 285 modo
1531 259 1702 294 Apollinarii,
1720 262 1768 288 sed

136 298 222 325 etiam
243 299 374 334 Eutychis
388 303 415 326 et
432 299 569 332 Dioscori;
582 308 615 327 en
632 300 712 327 verba
724 300 828 327 Leontii
846 311 851 328 :
871 301 985 334 Quidam
997 310 1029 329 ex
1039 302 1133 329 hwrcsi
1147 303 1306 337 Apollinarii
1325 304 1362 330 rel
1374 303 1499 340 Eutychis
1513 305 1551 331 uel
1562 305 1693 338 Dioscuri,
1710 315 1770 334 cum

136 344 235 371 vellent
247 353 323 371 suam
342 346 461 372 hrcresim
479 346 647 381 conﬁrmare,
660 347 788 380 quasdam
807 347 939 372 orationes
963 347 1122 381 Apollinarii
1141 348 1265 384 Gregorio
1279 349 1474 385 Tltaumaturgo
1491 356 1537 377 aut
1553 351 1700 379 Athanasio
1723 356 1770 379 aut

135 390 214 418 Julio
226 393 427 426 inscripserunt,
440 399 467 420 ut
482 394 654 425 simpliciores
668 393 801 427 fallerent,
811 392 879 428 quod
895 393 1000 428 quidem
1015 395 1190 429 perfecerunt.
1206 396 1372 422 Auctor-itote
1391 397 1460 422 enim
1472 396 1625 430 hujusmodi
1640 405 1767 432 persona-

137 447 200 466 rum
214 441 267 474 ﬁde
286 440 377 474 digna,
390 441 486 467 multos
501 440 627 468 Ecclesia:
641 441 779 468 catholicm
796 449 888 475 capere
911 446 1062 475 potuerunt.
1078 442 1110 469 El
1131 443 1200 477 apud
1222 444 1318 470 multos
1340 451 1373 470 ea:
1395 446 1463 470 recte
1477 441 1641 468 credentibus
1656 442 1770 475 reperire

136 485 236 518 poteris
253 485 349 512 librum
367 485 525 519 Apollinarii
537 507 543 517 ,
560 486 602 512 cui
618 486 712 512 titulus
731 485 764 511 Ἡ
781 485 850 512 κατὰ
866 485 948 520 μέρος
963 486 1065 518 πίστις,
1085 487 1164 515 Fides
1184 488 1359 523 particularis
1373 510 1380 521 ,
1403 489 1558 522 inscriptum
1574 487 1700 523 Gregorio
1711 507 1719 519 ,
1744 494 1771 515 et

136 531 269 564 quasdam
280 532 338 565 ejus
350 531 473 566 epistolas
489 532 632 566 inscriptas
646 531 742 558 Julio:
758 536 782 558 et
800 532 869 558 alias
886 531 943 565 ejus
955 531 993 558 De
1008 531 1197 561 lucarnatione
1220 534 1353 561 orationes
1369 534 1407 560 vel
1422 533 1595 567 expositiones
1619 533 1770 559 Athanasio

138 579 282 613 inscriptas
295 587 304 606 :
319 579 467 613 cujusmodi
478 585 516 605 est
524 588 581 615 qum
590 580 717 613 inscripta
727 583 765 605 est
781 578 928 612 Expositio,
943 579 1105 606 consentiens
1118 587 1177 606 cum
1191 579 1362 614 Expositione
1373 583 1546 606 trecentarum
1561 579 1647 605 decem
1657 583 1682 605 et
1694 583 1768 604 octo:

137 632 221 659 neque
237 625 324 652 soluat
336 625 396 655 has,
412 624 456 652 sed
469 625 536 651 alias
550 624 714 656 huiusmodi.
732 622 792 650 Fict
807 629 894 650 autent
909 623 945 649 ibi
955 623 1003 649 hoc
1016 624 1195 658 manifestum,
1215 630 1238 652 et
1251 626 1334 652 cuivis
1351 625 1469 652 veritatis
1484 623 1605 650 studioso
1622 631 1654 650 ea:
1668 623 1701 650 iis
1712 631 1770 658 qua:

137 668 167 698 in
182 672 296 698 medium
310 673 448 706 a/feremus
463 677 517 699 tum
533 672 615 706 ipsius
630 671 799 705 Apollinarii,
814 676 869 697 tam
882 671 1072 705 discipulorum
1087 673 1153 707 ejus,
1173 677 1226 701 etc.
1244 673 1276 700 Et
1292 681 1357 701 vero
1372 671 1418 709 qui
1441 671 1470 697 in
1488 670 1588 704 spuriis
1603 677 1699 704 agmen
1715 669 1770 704 agit

139 716 248 745 libellus
260 717 297 744 De
309 718 504 749 lncarnatione,
520 718 547 744 in
561 717 744 751 suspicionem
754 717 840 748 venit,
853 717 927 751 quod
940 725 972 744 ex
986 717 1091 745 otlicina
1110 718 1340 754 Eutychianorum
1357 719 1498 746 Athanasii
1510 719 1619 746 nomine
1626 719 1768 753 prodierit.

176 763 339 798 Quanquam
357 771 437 799 porro
460 763 565 790 crebris
590 762 824 800 admonitionibus
848 761 874 788 in
901 761 1015 795 hujusce
1036 763 1101 789 tomi
1119 763 1236 790 decursu
1253 763 1318 798 quid
1336 763 1368 791 de
1383 764 1505 797 quolibet
1529 764 1662 798 opusculo
1688 764 1770 791 ferret

143 811 252 838 animus
273 810 558 842 connucmoravimus,
570 809 633 843 quia
658 809 819 843 plerumque
843 816 890 835 car

1019 809 1117 843 icimus
1143 810 1265 844 singula;
1293 810 1349 844 jam
1380 810 1452 844 quod
1477 809 1618 845 δευτέραις
1646 809 1768 845 φροντίσι

143 857 314 892 exploratum
333 856 384 883 fuit
398 856 569 883 adnotcmus.
590 854 626 882 De
642 854 733 881 libello
749 854 774 880 in
791 854 878 880 fronte
892 861 1005 888 operum
1024 855 1127 888 posito.
1145 856 1188 881 cui
1207 856 1306 882 titulus
1320 875 1327 887 ,
1350 855 1388 882 De
1403 855 1601 887 Iucarnationo,
1616 856 1644 883 in
1666 855 1770 882 Monito

142 903 241 930 ibidem
258 902 382 937 pluribus
395 909 498 929 actum.
516 901 680 928 Testimonia
694 907 758 927 vero
781 899 929 933 Scriptura:
952 907 1038 926 sacra:
1061 900 1132 934 quod
1150 905 1270 935 spectat,
1293 901 1347 927 vidi
1365 901 1488 928 eruditos
1505 905 1531 929 et
1546 905 1679 929 emunctae
1694 901 1769 928 naris

143 948 266 975 homines
283 950 328 983 qui
347 948 496 975 Athanasio
512 955 593 982 posse
606 946 706 973 ascribi
717 945 896 972 xstitnarcnt.
920 944 951 970 Et
972 952 1038 971 sane
1049 945 1139 980 aliqua
1153 949 1194 972 est
1207 946 1325 980 hujusce
1347 946 1407 972 libri
1433 946 1549 974 allinitas
1564 955 1626 974 cum
1653 947 1768 982 epistola

143 997 228 1031 prima
247 996 280 1022 ad
297 996 473 1031 Serapionem
488 1000 513 1022 et
530 1003 591 1021 cum
612 994 683 1021 libro
698 993 735 1020 De
753 993 949 1024 lncarnatione,
968 1001 993 1028 p.
1013 992 1065 1020 695
1080 994 1145 1020 torni
1157 994 1237 1028 primi
1258 994 1305 1029 (a).
1321 993 1359 1021 lbi
1371 993 1455 1025 enim.
1473 998 1503 1021 ut
1517 995 1544 1021 in
1559 994 1611 1022 hoc
1623 995 1767 1030 opusculo,

142 1041 210 1067 locis
226 1049 258 1067 ex
274 1041 362 1068 Veteri
378 1049 409 1067 ac
423 1040 497 1067 Novo
512 1039 689 1066 Testamento
717 1037 850 1064 mutuatis
875 1037 996 1064 Trinitas
1022 1041 1049 1065 et
1065 1038 1146 1064 trium
1163 1045 1340 1072 personarum
1357 1041 1500 1075 aequalitas
1523 1046 1766 1069 commonstratur.

144 1083 242 1111 Verum
256 1086 362 1112 inﬁrma
377 1086 447 1112 ratio
460 1094 466 1111 :
492 1086 545 1112 tale
562 1085 661 1119 quippe
676 1083 814 1111 scribendi
828 1090 913 1117 genus
930 1087 982 1116 est,
999 1086 1028 1109 ut
1042 1083 1168 1118 quisquis
1183 1091 1239 1110 rem
1253 1084 1438 1119 aggrediatur,
1451 1094 1513 1114 cum
1528 1087 1582 1114 alio
1596 1088 1685 1115 simile
1695 1082 1769 1123 'opus

142 1131 229 1165 agenti
246 1132 317 1166 stylo
332 1131 486 1158 conveniat.
513 1131 640 1166 Alioquin
655 1137 722 1156 vero
737 1136 790 1155 non
809 1132 852 1155 sat
875 1128 928 1155 sibi
947 1133 1056 1155 constat
1072 1128 1189 1163 scriptor
1210 1129 1279 1162 iste;
1298 1130 1345 1157 sed
1367 1138 1511 1169 postquam
1539 1135 1572 1162 de
1587 1135 1719 1163 Trinitate
1736 1136 1769 1162 ad

141 1184 227 1211 usque
243 1177 390 1204 articulum
407 1176 440 1203 36
456 1177 538 1204 verba
553 1176 631 1210 fecit,
644 1176 718 1203 illico
733 1183 790 1202 rem
805 1175 973 1209 disparatam
995 1174 1163 1209 ingreditur;
1178 1174 1288 1203 Judazos
1302 1177 1418 1212 scilicet,
1440 1181 1510 1209 ﬁlios
1525 1182 1710 1214 tenebrarum,
1722 1190 1770 1210 ex-

140 1226 383 1260 agitat.Articrdus
395 1232 484 1254 autem
498 1227 532 1254 49
544 1226 578 1254 de
591 1225 759 1261 blasphemia
775 1225 803 1252 in
820 1224 973 1256 Christum,
988 1224 1131 1252 Athanasii
1143 1233 1204 1252 csse
1215 1227 1309 1260 nequit
1327 1236 1333 1253 :
1350 1234 1413 1254 nam
1427 1228 1525 1255 acerbe
1541 1228 1610 1258 satis
1628 1228 1690 1255 istic
1707 1235 1770 1255 car-

141 1272 214 1306 pitur
231 1271 364 1308 Origenes
380 1282 385 1299 :
402 1273 448 1308 qui
467 1281 482 1299 a
498 1277 595 1301 sancto
614 1272 730 1308 praesule
752 1279 860 1308 semper
872 1279 933 1299 cum
961 1271 1066 1299 honore
1092 1272 1220 1300 laudatus
1236 1280 1268 1300 ac
1282 1273 1437 1302 vindicatus
1454 1274 1514 1303 fuit.
1529 1275 1553 1301 A
1566 1275 1719 1309 quastione
1734 1275 1769 1302 50

140 1319 173 1345 ad
189 1319 270 1346 tinent
287 1328 374 1354 usque
394 1319 495 1348 diversi
515 1329 559 1348 res
575 1320 727 1356 argumenti
743 1323 881 1356 aguntur:
895 1319 968 1347 unde
986 1319 1056 1347 forte
1072 1319 1194 1355 suspicio
1210 1324 1341 1348 nascatur
1356 1325 1442 1348 totum
1456 1327 1525 1355 opus
1536 1328 1598 1348 esse
1613 1324 1767 1348 centonem.

174 1365 296 1400 Epistola
324 1366 460 1395 Catholica
485 1368 532 1403 (lt).
558 1367 680 1394 Diximus
697 1367 834 1401 ambigere
861 1373 910 1393 nos
940 1373 974 1392 an
992 1365 1135 1393 Athanasii
1153 1367 1200 1397 sit,
1222 1373 1317 1399 necne,
1334 1366 1369 1394 ob
1383 1367 1516 1402 quasdam
1533 1365 1655 1401 adjectas
1671 1366 1707 1392 ibi
1723 1373 1770 1393 su-

139 1413 263 1447 spicaudi
279 1421 378 1441 causas
390 1423 396 1439 :
408 1419 434 1442 et
445 1415 517 1442 inter
531 1415 609 1445 alias,
621 1414 683 1448 quia
694 1413 721 1439 in
731 1413 810 1440 titulo
821 1419 888 1439 voce
903 1411 1096 1438 συνεπίσκοποι
1110 1413 1196 1439 utitur
1211 1413 1335 1448 quisquis
1350 1413 1409 1447 ejus
1425 1407 1520 1440 auctor
1534 1417 1587 1445 est,
1597 1420 1659 1440 cum
1674 1416 1770 1439 contra

137 1460 224 1488 soleat
240 1461 407 1488 Athanasius
427 1461 570 1496 episcopos
585 1459 807 1495 συλλειτουργούς
822 1466 886 1486 voca

1020 1459 1027 1485 i
1042 1459 1152 1494 quando
1173 1467 1225 1487 vox
1241 1460 1433 1487 συνεπίσκοποι
1445 1464 1519 1486 tomo
1534 1461 1623 1495 primo
1635 1459 1766 1490 occurrit,

138 1514 193 1534 non
210 1507 238 1534 in
253 1507 447 1534 Athanasianis
463 1508 554 1542 vulgo,
568 1506 615 1534 sed
632 1507 660 1533 in
677 1506 799 1541 epistolis
811 1505 917 1537 alienis,
934 1505 968 1532 ab
982 1513 1015 1532 eo
1029 1505 1057 1532 in
1073 1506 1192 1533 medium
1206 1506 1331 1534 adductis
1351 1506 1495 1541 reperitur.
1510 1505 1610 1533 Vocem
1623 1506 1686 1533 item
1700 1505 1770 1541 σύμ-

137 1553 225 1585 ὁέὶον,
242 1561 303 1588 quae
325 1553 424 1580 ibidem
444 1556 593 1587 comparet,
620 1552 739 1579 diximus
765 1559 821 1578 non
845 1559 894 1579 usu
912 1551 1005 1578 venire
1018 1551 1044 1578 in
1060 1552 1196 1587 germanis
1212 1552 1365 1580 Athanasii.
1382 1551 1482 1579 Verum
1506 1551 1656 1579 secundum
1686 1551 1767 1579 istam

137 1599 238 1626 editam
255 1598 468 1626 admonitionem
484 1598 596 1624 allatum
610 1597 689 1624 nobis
706 1596 792 1623 Roma
808 1597 960 1631 symbolum
979 1596 1040 1628 fuit,
1065 1597 1113 1628 ita,
1135 1604 1231 1632 nempe
1247 1597 1380 1632 σύμϐολον
1407 1601 1604 1633 nuncupatum,
1625 1598 1647 1624 si
1676 1601 1769 1625 tamen

137 1644 294 1679 hujusmodi
312 1652 410 1671 nomen
425 1652 479 1671 non
493 1644 701 1671 amanuensium
720 1643 810 1669 fuerit.
824 1641 958 1669 Nimirum
974 1643 1137 1677 conjectura:
1153 1648 1216 1671 sunt
1230 1648 1325 1679 suapte
1340 1649 1436 1679 sponte
1451 1644 1534 1677 leves,
1549 1651 1609 1679 quze
1623 1644 1768 1678 sejunclim

138 1693 234 1726 posita:
250 1700 304 1719 non
322 1700 378 1719 rem
395 1692 559 1725 conﬁciant;
576 1696 603 1717 at
618 1699 680 1718 cum
696 1691 789 1718 multae
806 1698 859 1717 una
873 1695 982 1724 coeunt,
1009 1691 1162 1726 argumenti
1182 1692 1243 1719 loco
1254 1699 1315 1719 esse
1330 1691 1445 1726 possint.
1469 1691 1540 1718 Sane
1555 1691 1638 1718 multa
1656 1691 1709 1717 alia
1722 1690 1768 1717 hic

138 1737 311 1772 peregrinum
327 1738 402 1765 olent
419 1747 425 1764 ε
443 1737 582 1772 ipsissima
595 1737 699 1764 scilicet
718 1745 780 1768 vox,
795 1735 947 1769 Catholica,
965 1745 1026 1772 quae
1043 1737 1128 1764 miror
1146 1737 1168 1764 si
1191 1737 1234 1764 vel
1246 1738 1280 1765 ab
1297 1737 1458 1769 Athanasio,
1482 1737 1525 1763 vel
1555 1736 1589 1763 ab
1616 1736 1768 1771 aequalibus

138 1783 244 1818 uspinu
265 1784 292 1810 in
310 1784 488 1818 epistolarum
505 1784 732 1819 inscriptionibus
749 1787 908 1818 usurpatur,
927 1784 980 1812 nisi
994 1791 1057 1811 cum
1074 1784 1107 1810 de
1125 1788 1227 1820 septem
1244 1785 1367 1819 epistolis
1384 1783 1570 1818 apostolorum
1590 1789 1651 1818 quae
1666 1781 1768 1809 Catho-

137 1830 197 1857 licae
221 1835 365 1862 vocantur,
391 1834 432 1857 est
457 1838 557 1858 sermo.
576 1829 644 1857 lllud
665 1830 727 1856 item
753 1828 843 1855 θεῖκὸν
871 1829 978 1865 πνεῦμα
1006 1837 1060 1856 non
1086 1833 1138 1862 est,
1166 1831 1193 1857 ni
1211 1830 1300 1861 fallor,
1317 1829 1468 1857 Athanasio
1482 1829 1510 1856 in
1536 1836 1599 1860 usu,
1621 1827 1667 1862 qui
1688 1827 1769 1863 vulgo

137 1881 185 1905 aut
203 1877 274 1903 θεῖον
291 1881 335 1903 aut
352 1877 428 1911 ἅγιον
440 1876 552 1912 Πνεῦμα
566 1876 641 1903 dicit.
660 1876 700 1902 Ad
722 1875 787 1906 hac,
806 1876 915 1903 brevior
928 1879 971 1904 est
990 1877 1104 1911 cpistola
1121 1885 1202 1911 quam
1219 1884 1268 1911 pro
1285 1877 1324 1904 rei
1339 1877 1482 1912 dignitate,
1504 1883 1555 1902 nec
1575 1875 1644 1902 solet
1666 1875 1711 1902 ille
1725 1882 1769 1901 res

138 1920 205 1951 ιιιιηί
219 1924 358 1959 ponderis,
375 1925 412 1951 ita
427 1925 543 1959 carptim
563 1932 652 1959 agere.
670 1923 700 1951 lu
715 1923 907 1958 Refutationem
925 1924 1071 1960 hypocrisis
1086 1924 1197 1957 Melctii,
1214 1930 1241 1952 et
1256 1925 1283 1952 in
1300 1925 1499 1960 subsequentes
1516 1924 1600 1951 libros
1620 1923 1658 1950 De
1674 1923 1769 1950 lucar—

138 1971 256 2002 natione,
269 1975 366 1997 contra
383 1970 563 2002 Sabellianos,
582 1974 664 2004 atque
681 1969 709 1996 in
727 1969 803 1996 illum
823 1969 907 1996 alium
923 1970 968 1997 cui
987 1970 1084 1998 titulus
1102 1979 1108 1996 2
1129 1969 1215 1997 Unum
1234 1979 1291 1998 esse
1305 1970 1439 1998 Christum
1459 1978 1520 2006 qua:
1536 1970 1635 1998 ibidem
1651 1977 1768 2006 praemo-

138 2017 249 2044 nuimus
264 2018 332 2044 satis
344 2021 434 2044 sunto.

175 2063 266 2090 Sermo
285 2063 316 2090 de
332 2062 456 2090 Sabbatis
471 2066 495 2089 et
512 2062 710 2088 circumcisione
737 2061 857 2089 minores
890 2061 959 2089 forte
982 2070 1063 2097 quam
1091 2068 1187 2090 caetera
1203 2063 1311 2098 praefert
1331 2062 1495 2098 suspicionis
1516 2067 1607 2095 notas,
1628 2065 1654 2090 et
1669 2067 1767 2097 prater

137 2111 200 2147 styli
217 2110 439 2145 discrepantiam,
456 2109 622 2137 remissioris
641 2109 777 2142 videlicet,
794 2117 876 2145 quam
898 2110 933 2137 sit
955 2109 1169 2143 Athanasianus,
1188 2111 1232 2137 vix
1246 2111 1318 2138 aliud
1330 2110 1503 2145 deprehendo
1518 2110 1590 2146 quod
1607 2110 1634 2137 in
1648 2109 1767 2146 ἀπορίαν

137 2159 276 2194 conjiciat.
304 2156 389 2184 Secus
411 2161 499 2184 autem
524 2158 633 2185 homilia
649 2158 687 2185 De
698 2164 822 2190 semente,
846 2163 942 2185 contra
960 2166 1042 2192 quam
1062 2157 1089 2185 in
1109 2158 1167 2185 dies
1183 2162 1312 2186 crescunt
1331 2158 1502 2194 suspiciones
1519 2167 1525 2184 :
1543 2158 1569 2184 in
1584 2157 1684 2184 multas
1700 2164 1767 2184 sane

137 2206 200 2234 istic
214 2213 295 2233 voces
310 2204 472 2232 cﬂendimus
480 2205 632 2234 Athanasio
646 2206 759 2233 minimc
773 2206 886 2233 familiai

1018 2206 1024 2231 i
1041 2213 1125 2233 cattsa
1138 2206 1338 2242 κατασπορεὺς,
1356 2205 1554 2241 ὲμϐαϐύνομαι,
1572 2205 1672 2240 σπόρος
1688 2203 1766 2230 εὐθυ-

136 2255 228 2289 τένὴς,
243 2257 271 2281 et
285 2253 385 2280 similia
402 2261 456 2280 non
475 2261 572 2288 pauca.
586 2253 702 2281 Aherrat
717 2262 826 2290 quoque
838 2254 955 2281 subinde
969 2262 985 2281 τι
1005 2262 1089 2289 scopo
1104 2254 1223 2289 scriptor
1235 2254 1297 2287 iste,
1311 2258 1338 2281 et
1359 2262 1419 2281 sese
1436 2254 1528 2281 subito
1547 2253 1702 2288 intercipit;
1724 2253 1767 2279 di~

136 2302 277 2335 missaque
294 2308 323 2327 re
337 2308 416 2334 quam
435 2304 542 2333 tractat,
560 2301 727 2336 disparatam
740 2302 901 2337 ingreditur,
918 2310 932 2329 a
944 2309 997 2336 qua
1012 2302 1124 2337 perinde
1139 2302 1263 2334 discedit,
1280 2310 1311 2329 ac
1324 2302 1347 2329 si
1362 2301 1415 2329 huc
1431 2302 1496 2329 illuc
1511 2301 1644 2335 impulsus
1659 2301 1767 2328 oberra-

138 2350 189 2374 ret.
203 2346 231 2373 In
246 2355 305 2374 eam
317 2355 380 2374 vero
391 2355 450 2382 qum
462 2348 532 2374 hanc
546 2349 646 2383 excipit
661 2349 814 2381 homiliam,
829 2358 889 2384 quae
900 2350 1095 2385 prmmisimus,
1109 2350 1160 2377 etsi
1179 2350 1356 2385 paucissima,
1373 2350 1440 2376 satis
1457 2353 1549 2376 sunto.
1566 2347 1710 2374 Homiliam
1728 2347 1767 2375 De

138 2393 261 2428 passione
281 2397 305 2419 et
326 2401 399 2420 cruce
417 2393 575 2429 Domini_(c)
605 2395 657 2422 etsi
681 2395 892 2429 ahjudicandam
907 2395 1066 2423 Athanasio
1082 2396 1259 2427 arbitramur,
1285 2396 1311 2422 in
1328 2395 1467 2422 codicibus
1483 2399 1573 2420 tamen
1596 2394 1766 2428 perantiquis

138 2439 198 2473 ejus
217 2439 367 2474 fragmenta
381 2439 522 2467 Athanasii
533 2440 644 2467 nomine
661 2440 814 2467 atteruntur
829 2449 834 2466 :
848 2441 920 2468 unde
936 2441 1077 2476 propalam
1098 2441 1127 2467 lit
1147 2448 1162 2467 a
1177 2441 1271 2467 multis
1291 2444 1363 2467 retro
1379 2439 1486 2467 satculis
1504 2438 1645 2465 Athanasii
1667 2446 1765 2466 nomen

139 2485 277 2520 praeferre.

174 2534 315 2562 Sermonis
343 2534 382 2561 De
394 2535 543 2570 virginitate
559 2537 646 2564 oratio
670 2539 725 2563 tota
744 2535 841 2569 cﬂluit,
854 2537 955 2567 nervis,
973 2536 1077 2563 salibus
1101 2541 1126 2564 et
1147 2536 1186 2572 τῷ
1208 2536 1308 2571 εὐτόνῳ
1323 2534 1471 2567 destituta;
1487 2533 1593 2568 hocque
1610 2534 1689 2568 signo
1703 2541 1766 2560 sese

138 2580 258 2616 proﬁteri
276 2580 384 2608 videtur
401 2581 454 2608 alio
471 2590 553 2616 quam
575 2583 725 2610 Athanasio
748 2588 824 2618 patre
840 2587 945 2609 natum.
965 2582 1099 2610 Praeterea
1116 2587 1283 2609 memoratur
1301 2583 1354 2613 hic,
1374 2582 1491 2616 hymnus
1507 2579 1600 2606 Gloria
1614 2580 1642 2606 in
1656 2580 1765 2606 excelsis

138 2623 204 2658 Deo,
220 2631 318 2653 cantus
333 2626 458 2660 Alleluia,
476 2627 630 2655 versiculus
645 2626 737 2654 Gloria
753 2627 832 2654 Patri
848 2631 873 2654 et
892 2626 963 2653 Filio
989 2632 1013 2653 et
1029 2627 1143 2661 Spiritui
1158 2631 1259 2658 sancto,
1280 2634 1341 2652 cum
1356 2625 1506 2660 appendice
1527 2625 1561 2651 Et
1579 2633 1647 2652 nunc
1657 2629 1682 2651 et
1696 2633 1763 2651 sem-

137 2678 193 2705 per,
206 2675 271 2704 etc.;
287 2679 403 2706 quorum
421 2672 541 2699 omnium
560 2680 627 2700 usus
648 2681 682 2700 an
706 2680 764 2701 evo
790 2673 932 2699 Athanasii
955 2672 982 2699 in
1005 2664 1189 2699 Ale§andrina
1211 2671 1333 2698 Ecclesia
1352 2671 1498 2703 obtineret,
1516 2671 1595 2698 valde
1617 2671 1762 2698 incertum.

138 2719 236 2754 llymni
251 2727 368 2754 namque
396 2719 488 2746 Gloria
509 2721 536 2747 in
561 2721 681 2752 excelsis,
705 2721 750 2755 qui
769 2724 844 2748 totus
869 2728 938 2755 pene
960 2720 1059 2755 legitur
1076 2719 1146 2746 libro
1171 2721 1286 2754 septimo
1302 2718 1525 2747 Constitutionum
1545 2719 1762 2753 apostolicarum,

139 2768 224 2799 nulla,
251 2769 337 2795 ausim
361 2768 461 2802 dicere,
478 2768 580 2795 mentio
602 2768 730 2798 Patribus
747 2769 789 2797 vel
813 2769 1016 2804 antiquioribus
1034 2767 1186 2794 Athanasio
1210 2767 1252 2795 vel
1275 2768 1436 2803 aequalibus.
1468 2767 1573 2796 Cantus
1590 2767 1717 2799 Alleluia,
1734 2770 1762 2795 ut

169 2845 204 2877 (a)
219 2845 314 2871 Nostra:
324 2847 476 2872 recensionis
485 2847 596 2872 secundi.
610 2846 676 2871 Ευιτ.

173 2887 210 2923 (b)
230 2887 294 2923 Pag.
313 2887 358 2915 ‘22.
1020 2887 1054 2923 (c)
1070 2887 1142 2924 Pagq
1155 2886 1196 2914 '53.
