1898 3053
132 150 164 177 I5
843 148 881 175 Pii

1012 148 1040 177 Ο.
1130 149 1134 153 “
1728 153 1761 181 16

129 210 212 240 tradit
236 208 384 245 Gregorius
413 216 481 243 papa
504 207 522 234 l.
549 215 580 238 ιι,
596 207 677 242 epist.
696 206 741 239 63,
765 214 827 234 cum
843 207 990 242 peculiaris
1014 212 1076 234 ante
1094 207 1192 235 fuisset
1216 207 1344 236 Ecclesia:
1366 209 1611 245 Jerosolymitame,
1640 213 1762 245 tempore

129 256 238 284 Damasi
257 255 405 283 translatus
429 254 542 286 Romam
565 258 628 280 est:
651 256 874 287 memoraturque
900 253 935 280 ab
952 254 1107 285 Ambrosio,
1126 254 1290 289 Augustino,
1315 255 1473 290 multisque,
1500 263 1562 282 cum
1581 257 1760 291 supparibus,

130 311 186 332 tum
204 309 282 331 aetate
292 303 455 330 minoribus.
472 301 575 328 Versus
589 303 707 331 demum,
721 299 814 327 Gloria
827 300 903 326 Patri
915 307 939 327 et
957 300 1028 327 Filio
1042 305 1067 327 et
1082 301 1194 335 Spiritui
1209 307 1312 334 sancto,
1326 309 1377 328 usu
1395 302 1520 329 veniebat
1535 306 1634 337 quarto
1648 304 1760 336 smculo,

130 350 231 378 Basilio
255 353 377 380 auctore,
395 348 441 384 qui
464 348 588 376 diversos
605 348 666 382 ejus
689 347 845 382 proferendi
873 348 999 375 modulos
1024 352 1188 376 enumerat:
1220 350 1340 376 obtinuit
1365 350 1430 376 item
1454 348 1614 382 Antiochiae,
1639 354 1762 386 tempore

130 398 234 426 Leontii
250 396 370 433 episcopi
391 395 496 427 Ariani.
520 395 672 422 Athanasio
684 394 847 425 adversarii,
864 395 910 430 qui
929 403 991 423 eum
1007 397 1041 423 ad
1059 396 1223 424 Arianorum
1251 406 1331 425 usum
1348 401 1430 432 atque
1447 398 1590 424 arbitrium
1614 397 1687 425 haud
1703 406 1763 426 mo-

129 447 188 475 dice
202 446 315 474 vitiavit.
341 444 507 480 Appendicis
532 447 634 476 autem,
653 441 687 469 Et
703 451 771 469 nunc
792 447 817 469 et
832 450 932 476 semper
946 448 971 469 et
992 443 1019 469 in
1036 443 1136 470 stccula
1159 444 1327 470 sti-tutorum.
1352 445 1444 475 Amen.
1465 446 1550 472 altum
1571 446 1632 474 istis
1653 447 1761 475 saeculis

130 493 279 522 silentium.
305 490 368 517 Hice
391 489 482 516 omnia
503 495 670 516 memorasse
694 488 875 514 Athanasium
897 488 941 514 vix
963 488 1138 521 crediderim,
1155 493 1237 524 atque
1259 489 1323 516 hinc
1345 496 1460 525 augetur
1481 495 1523 518 Sat
1547 491 1622 519 lirma
1651 493 1762 522 aliunde

130 542 244 574 νοθείας,
259 547 320 576 qua:
335 540 362 566 in
388 538 440 565 hoc
457 537 620 572 opusculum
638 535 722 566 cadit,
747 535 870 571 suspicio
905 535 1040 563 Caeterum
1061 537 1169 564 tametsi
1195 537 1265 563 lectu
1288 537 1400 571 dignum
1423 545 1503 572 opus,
1519 541 1547 565 et
1570 539 1761 573 pulcherrimis

129 588 358 624 praeceptionibus
373 587 538 614 instructum
553 588 605 616 est.
622 591 677 611 non
692 583 792 610 de5unt
805 584 852 618 qui
870 584 1036 618 vituperent,
1054 588 1081 610 et
1099 585 1263 612 temeritatis
1279 585 1390 612 nomine
1411 585 1558 612 traducaut
1575 586 1678 613 dictum
1694 587 1761 613 illud

128 635 222 669 hujus.
240 632 365 669 quisquis
378 630 486 658 tandem
502 630 548 661 sit,
561 629 682 656 auctoris
698 637 705 654 :
721 627 877 664 Μαρτύρομ

1010 628 1157 665 ἀνθρώπῳ,
1174 629 1300 656 ἀκούοντι
1310 629 1343 656 τὰ
1391 640 1462 666 ματα
1475 632 1559 658 ταῦτα
1569 633 1615 659 καὶ
1630 631 1759 664 ποιοῦντι,

128 683 168 708 ὃτι
183 681 213 707 τὸ
227 681 313 714 ὄνομα
329 676 411 704 αὑτοῦ
425 676 596 711 γραφήσεται
611 675 640 700 ὲν
651 675 684 710 τῇ
699 674 782 708 βίϐλῳ
797 674 847 708 τῆς
863 673 937 709 ςωῆς
949 683 956 690 ·
975 675 1022 701 καὶ
1037 676 1066 701 ὲν
1082 675 1120 710 τῷ
1135 675 1218 711 τρίτῳ
1231 675 1351 710 τάγματι
1368 676 1420 703 τῶν
1434 677 1556 712 ἀγγέλων
1572 678 1760 714 εὑρεθήσεται.

129 729 156 755 ld
174 731 216 755 est
228 737 239 753 2
266 725 404 757 Testiﬁcor
422 723 492 750 omni
512 721 612 748 homini
627 722 670 757 qui
691 720 806 748 audierit
825 721 881 748 lucc
904 721 992 753 verba,
1009 726 1033 748 et
1051 721 1140 755 fecerit
1163 730 1204 754 ea,
1220 722 1289 757 quod
1313 731 1406 750 nomen
1432 724 1489 758 ejus
1504 726 1670 754 scribendum
1685 729 1761 755 εἰιίη

130 776 196 802 libro
212 775 281 805 vitw,
305 778 330 799 et
353 770 422 806 quod
446 770 500 804 ipse
515 769 542 795 in
567 769 642 795 tertio
657 768 811 803 angelorum
839 767 932 795 ordine
953 768 987 794 sit
1013 768 1196 796 collocandus.
1217 768 1270 796 Sed
1297 777 1350 796 non
1368 770 1487 798 arbitror
1504 771 1555 799 hoc
1578 774 1689 801 nomine
1704 778 1759 802 tam

129 830 226 859 aspere
237 819 428 856 excipiendum
450 824 511 846 esse
533 816 696 851 scriptorem
721 817 816 844 istum.
834 815 926 843 Noluit
940 816 1013 843 enim
1035 817 1062 843 in
1081 816 1234 844 mercedem
1257 817 1417 851 proborum,
1434 817 1461 843 ni
1480 816 1570 850 fallor,
1585 819 1696 846 tertiqu
1711 827 1761 847 an-

129 870 250 906 gelorum
270 866 394 894 ordinem
416 865 453 892 ita
469 864 587 892 strictim
608 865 760 899 assignare.
778 863 831 891 Sed
845 865 910 899 quia
929 865 1017 899 angeli
1031 865 1111 899 vulgo
1124 865 1247 892 homines
1259 866 1422 892 antecellere
1436 869 1576 900 putantur,
1593 874 1655 894 cum
1669 868 1760 903 aliquo

129 918 259 945 inferiore
283 914 442 949 angelorum
468 912 575 944 ordine,
590 911 636 947 qui
663 919 722 939 sese
747 912 822 947 prior
840 912 923 939 menti
941 912 1050 944 obtulit,
1077 912 1176 947 probos
1199 920 1232 940 ex
1256 912 1307 940 hac
1327 913 1381 940 vita
1405 913 1555 948 migrantes
1583 915 1760 943 collocandos

128 967 207 994 dixit.
227 965 324 993 Levem
340 964 420 990 aliam
437 961 500 988 huic
523 960 611 986 dicam
629 960 754 994 impingit
772 967 894 994 nuperos
916 960 1035 995 scriptor
1050 964 1160 987 nostras
1181 960 1233 993 vir,
1251 961 1351 995 alioqui
1365 961 1471 993 doctus,
1488 962 1534 997 qui
1552 970 1603 990 nec
1623 963 1682 990 sine
1693 972 1760 991 con-

127 1012 199 1040 vicio
216 1011 272 1038 haec
285 1011 346 1045 ejus
362 1009 454 1040 verba,
480 1008 628 1044 χορευτρία
649 1006 779 1042 Χριστοῦ,
799 1007 838 1034 sic
853 1007 957 1035 Gallice
979 1009 1185 1040 interpretatur,
1203 1008 1230 1034 la
1245 1008 1373 1036 donseuse
1386 1009 1418 1036 de
1442 1010 1636 1038 Iesus-Christ.
1655 1011 1695 1038 An
1715 1012 1759 1040 hic

128 1059 162 1086 de
175 1058 293 1093 tripudio
318 1055 421 1092 agitur?
435 1058 462 1081 et
485 1053 550 1088 quid
575 1056 630 1079 tam
660 1052 795 1087 frequenti
814 1060 865 1079 usu
882 1053 1049 1080 celebratqu
1066 1056 1093 1080 ill
1122 1053 1257 1085 Ecclesia,
1273 1062 1356 1089 quam
1379 1055 1487 1082 chorea:
1502 1057 1639 1090 virginum
1654 1057 1757 1084 Christi

128 1103 314 1140 sponsarum?
331 1102 430 1129 Eadem
458 1109 509 1128 vox
528 1101 556 1127 in
590 1099 650 1126 Vita
674 1099 830 1135 Syncleticw
850 1104 1008 1135 usurpatur,
1030 1101 1101 1128 unde
1123 1102 1211 1136 palam
1231 1105 1273 1128 est
1301 1101 1403 1129 frustra
1420 1110 1481 1130 esse
1497 1103 1543 1137 qui
1563 1103 1666 1131 dictum
1691 1105 1758 1132 illud

127 1153 318 1181 inclementius
330 1149 477 1185 exagitent.

163 1198 289 1234 Synopsis
305 1196 450 1231 Scriptum
462 1204 545 1223 same
559 1196 597 1231 (α)
612 1195 752 1223 laudatum
767 1204 837 1232 opus
855 1199 881 1224 et
895 1195 1004 1231 quidem
1025 1203 1040 1222 a
1063 1195 1181 1223 laudatis
1196 1195 1274 1229 viris,
1290 1204 1345 1224 non
1356 1205 1388 1225 eo
1408 1198 1479 1226 inter
1492 1198 1573 1226 dttbia
1583 1200 1758 1234 conjicimus,

127 1255 183 1284 quo
196 1247 360 1274 arbitremur
374 1245 523 1272 Athanasio
538 1244 680 1279 indignum
701 1252 772 1271 esse.
791 1244 892 1278 Ecquis
909 1244 982 1271 enim
1002 1243 1047 1270 ille
1065 1247 1120 1270 tam
1141 1244 1246 1278 peritus
1262 1244 1392 1280 scriptor,
1408 1254 1489 1281 quem
1507 1249 1637 1282 poeniteat
1653 1252 1758 1276 tantum

127 1295 228 1321 librum
246 1291 416 1319 confecisse?
431 1290 499 1317 Eum
517 1297 584 1317 sane
607 1290 653 1325 qui
669 1295 796 1317 accurate
811 1293 913 1322 teneat,
930 1289 1084 1317 litterarum
1105 1289 1260 1317 divinarum
1282 1291 1362 1326 plane
1376 1291 1446 1320 belle
1467 1294 1593 1321 eruditus
1607 1294 1759 1328 habeatur;

127 1343 165 1371 ita
179 1341 298 1370 dilucide
315 1344 342 1368 et
358 1340 436 1368 docte
452 1342 649 1366 commemorat
662 1339 726 1374 quid
749 1339 783 1366 de
805 1339 1000 1366 distributione
1015 1338 1148 1366 librorum
1167 1338 1316 1374 Scriptura:
1331 1347 1428 1372 sacrae,
1447 1342 1513 1376 quid
1531 1342 1565 1369 de
1581 1345 1760 1376 auctoritate,

127 1391 162 1418 de
182 1395 315 1424 tempore,
329 1388 362 1416 de
377 1391 488 1415 auctore
499 1385 634 1421 cujusque
654 1386 716 1413 libri
735 1385 903 1421 putandum;
920 1385 957 1412 ita
970 1390 1098 1413 accurate
1108 1390 1135 1413 et
1151 1386 1286 1420 sagaciter
1298 1385 1370 1420 quod
1385 1387 1453 1422 ipse,
1470 1389 1568 1417 crebro
1583 1393 1759 1426 regustando,

128 1441 224 1464 natatu
240 1435 350 1470 dignius
365 1438 544 1468 compererat,
563 1434 658 1461 lectori
687 1434 780 1468 paucis
795 1434 883 1461 offert.
899 1432 992 1468 Neque
1005 1437 1081 1460 tanta
1093 1437 1184 1461 tamen
1202 1434 1343 1469 religione,
1360 1438 1390 1461 ut
1407 1441 1517 1464 acutum
1535 1437 1659 1471 decebat,
1674 1448 1759 1476 syno-

128 1492 209 1520 pseos
232 1483 348 1509 formam
376 1484 559 1512 consectatur,
576 1485 605 1507 ut
629 1481 715 1508 sicubi
745 1488 790 1508 res
808 1481 945 1516 explicata
962 1480 1080 1508 dillicilis
1097 1482 1228 1513 occurrit,
1246 1481 1402 1516 importuna
1423 1484 1556 1512 brevitate
1570 1486 1759 1514 obscurior-em

127 1533 226 1561 etliciat
240 1542 245 1560 :
264 1531 313 1560 sed
327 1538 388 1558 cum
406 1530 442 1557 ita
459 1530 531 1557 facto
546 1537 615 1565 opus
633 1534 686 1562 est,
705 1530 880 1565 interpretem
899 1531 964 1566 agit,
977 1536 1006 1558 et
1024 1530 1112 1558 fusius
1126 1531 1206 1557 etiam
1226 1538 1308 1566 quam
1323 1531 1467 1567 Scriptura
1481 1531 1550 1566 ipsa.
1565 1540 1622 1559 rem
1640 1540 1760 1560 comme-

127 1585 233 1614 morat;
247 1587 301 1614 quo
317 1578 381 1606 dato
396 1577 495 1612 spatio,
507 1584 605 1604 rursus
617 1576 785 1604 destinatum
805 1577 894 1612 carpit
907 1577 968 1605 ilor.
980 1577 1104 1605 Diximus
1116 1577 1144 1604 in
1157 1578 1229 1605 notis
1241 1577 1274 1604 ad
1292 1585 1318 1612 p.
1335 1577 1385 1604 15ιὶ
1400 1577 1560 1612 Josephum,
1575 1579 1656 1614 cujus
1670 1582 1759 1618 ὑπομ-

126 1626 248 1662 νηστικῷ
264 1633 324 1661 quin
341 1629 477 1661 postrema
495 1623 523 1650 in
539 1622 652 1658 Synopsi
668 1623 795 1659 leguntur
809 1627 836 1650 et
848 1623 905 1658 jam
927 1624 1014 1659 primo
1031 1623 1125 1651 Graece
1141 1627 1312 1658 comparent,
1326 1628 1454 1658 excerpta
1471 1630 1546 1657 sunt,
1564 1627 1652 1654 virum
1675 1628 1760 1657 fuisse

126 1671 311 1700 Christianum
325 1680 332 1697 :
348 1678 428 1697 secus
441 1671 557 1698 :cstimat
570 1670 667 1699 Petrus
685 1671 859 1704 Lambecius,
873 1671 965 1706 aitque
983 1670 1107 1698 Flavium
1121 1670 1271 1706 Josephum
1283 1679 1357 1703 esse,
1373 1671 1551 1700 Judaicarum
1569 1676 1759 1711 antiquitatum

127 1722 300 1753 scriptorem,
314 1723 341 1746 et
356 1718 463 1745 titulqu
483 1719 627 1752 quemdam
638 1726 671 1745 ex
687 1718 794 1746 decimo
815 1725 887 1744 nono
901 1718 996 1745 codice
1013 1718 1167 1753 theologico
1183 1717 1273 1750 alIert,
1295 1725 1410 1753 nempe:
1431 1718 1548 1752 Μέοοδος
1571 1721 1701 1758 Ἰωσήπου
1727 1724 1760 1751 ὲκ

126 1768 180 1795 τῶν
197 1765 399 1801 ὑπομνημάτων
413 1763 506 1795 αὑτοῦ,
532 1764 581 1790 καὶ
601 1764 733 1800 χρονικῶν
758 1765 973 1799 συνταγμάτων·
1000 1764 1058 1796 πῶς
1087 1765 1203 1800 συνέστη
1223 1765 1253 1791 τὸ
1276 1763 1435 1799 ψαλτήριον,
1459 1767 1506 1793 καὶ
1525 1767 1583 1799 πῶς
1604 1770 1629 1795 oi
1656 1769 1760 1806 ψαλμοὶ

127 1815 297 1850 ἑξετέθησαν.
321 1813 367 1839 καὶ
381 1812 441 1838 τίνα.
455 1811 508 1837 εἰσὶ
522 1811 556 1837 τὰ
582 1811 804 1847 μνημονευόμενα
818 1812 846 1838 ὲν
864 1812 923 1843 ταῖς
943 1812 1065 1847 Γραφαῖς
1087 1812 1187 1847 βιϐλία,
1207 1812 1244 1848 μὴ
1260 1812 1444 1847 εὑρισκόμενα
1455 1812 1497 1838 δέ·
1510 1813 1557 1840 καὶ
1576 1813 1636 1840 τινα
1656 1815 1709 1841 εἰσὶ
1724 1815 1760 1842 τὰ

127 1863 156 1888 ὲν
166 1860 205 1896 τῷ
220 1860 291 1887 τέλει
304 1858 343 1894 τῷ
361 1857 440 1884 Δαυῒδ
456 1857 620 1893 πραχθέντα,
636 1857 682 1884 καὶ
698 1857 770 1889 τίνες
781 1859 957 1893 ἡρμήνευσαν
972 1858 1003 1884 τὸ
1015 1858 1175 1894 ψαλτήριον,
1190 1860 1238 1886 καὶ
1255 1859 1342 1890 πόσοι,
1357 1860 1403 1886 καὶ
1418 1861 1492 1886 πότε.
1510 1860 1538 1888 ld
1552 1865 1602 1893 est,
1619 1860 1759 1890 Met/nodus

125 1908 234 1944 Iosephi
247 1916 292 1935 seu
305 1907 408 1940 Josippi
423 1914 455 1933 ea:
473 1907 670 1933 commentariis
683 1910 707 1933 et
725 1907 856 1933 chronici:
870 1907 1004 1934 opusculis
1030 1907 1102 1934 illius
1117 1915 1189 1936 :auo
1208 1913 1286 1941 pacto
1307 1908 1479 1943 constitutum
1493 1907 1572 1941 fuerit
1586 1907 1758 1940 Psalterium,

127 1966 178 1992 quo
193 1955 270 1984 modo
285 1955 382 1990 psalmi
398 1954 463 1982 editi
477 1961 486 1980 .'
501 1954 610 1990 quinam
637 1954 700 1981 libri
711 1955 739 1981 in
754 1954 900 1988 Scripturis
917 1957 1056 1982 memorati
1076 1958 1135 1991 jam
1147 1965 1199 1983 non
1218 1956 1385 1990 reperiuntur
1402 1966 1407 1983 :
1426 1964 1549 1990 quamam
1570 1956 1597 1982 in
1616 1956 1669 1990 ﬁne
1688 1956 1725 1991 (ὁ)
1743 1965 1760 1983 a

128 2003 229 2032 Davide
240 2003 312 2038 facta
325 2005 386 2028 sunt
400 2001 529 2036 :quinam
546 2000 708 2028 Psalterium
722 2002 888 2036 interpretati
907 2001 972 2035 sint,
984 2003 1057 2037 quoti
1068 2008 1092 2029 et
1113 2011 1163 2038 quo
1181 2007 1294 2037 tempore
1309 2004 1416 2038 fuerint.
1434 2002 1533 2030 Verum
1549 2006 1578 2029 ut
1593 2002 1689 2037 judicli
1701 2007 1760 2031 tuta

127 2059 158 2078 ea
175 2051 208 2078 de
225 2057 254 2077 re
268 2047 370 2076 ferendi
384 2047 463 2082 copia
477 2051 559 2077 esset.
583 2045 705 2074 codicem
723 2046 990 2082 Cantabrigienscm,
1012 2048 1046 2075 de
1063 2055 1118 2083 quo
1138 2048 1166 2075 in
1183 2049 1257 2076 notis
1278 2049 1389 2078 ibidem,
1405 2056 1418 2074 a
1429 2047 1638 2074 PatritioJunio
1649 2048 1677 2075 in
1687 2048 1760 2076 notis

127 2099 161 2126 a-l
175 2097 317 2134 epistolam
330 2095 479 2123 Clementis
493 2094 527 2121 ad
542 2093 700 2122 Corinthios
714 2095 866 2128 laudatum,
883 2095 1063 2122 evolveudum
1073 2100 1223 2131 oporteret.
1240 2096 1273 2123 Et
1289 2096 1416 2124 fortassis
1429 2097 1470 2123 vel
1484 2097 1542 2131 ipse
1556 2097 1634 2124 locus
1646 2103 1661 2122 a
1677 2095 1759 2123 Larn-

127 2147 205 2174 becio
220 2145 346 2173 laudatus
371 2144 447 2172 solus
462 2144 498 2170 sit
520 2142 598 2174 satis,
615 2145 644 2169 ut
657 2141 807 2177 Josephum
825 2142 907 2170 istum
925 2142 1114 2170 Christianum
1138 2143 1225 2172 fuisse
1241 2144 1455 2179 comprobetur:
1471 2142 1516 2169 illa
1530 2142 1603 2168 enim
1621 2147 1759 2176 postrema

127 2191 228 2218 verba:
248 2189 280 2217 Et
301 2190 408 2225 quinam
422 2189 585 2217 Psalterium
610 2190 777 2223 interpretati
800 2191 865 2222 sint,
882 2191 955 2225 quati
971 2195 1062 2226 etquo
1089 2195 1204 2226 tempore
1230 2192 1339 2226 fuerint,
1358 2194 1518 2225 argumento
1534 2193 1608 2221 sunt,
1631 2190 1658 2216 ni
1683 2189 1760 2216 labor

127 2237 266 2272 opinione,
283 2235 388 2271 aliquot
400 2240 462 2271 post
475 2235 616 2264 Christum
633 2236 742 2263 saeculis
757 2235 830 2263 hunc
846 2235 995 2271 Josephum
1012 2237 1122 2264 vixisse.
1137 2237 1184 2264 Ille
1205 2237 1341 2272 siquidem
1354 2235 1620 2264 Commentariorum
1640 2235 1668 2262 in
1682 2234 1760 2262 Psal-

127 2292 187 2312 mos
199 2291 341 2315 numerus,
357 2285 480 2310 animum
499 2289 626 2320 exauget,
640 2289 670 2311 ut
695 2283 768 2311 hunc
787 2283 938 2319 Josephum
953 2284 1038 2310 alium
1053 2292 1067 2311 a
1082 2285 1262 2312 celeberrimo
1278 2285 1399 2319 Josepho
1416 2284 1591 2310 arbitremur.
1610 2281 1670 2308 Non
1684 2282 1759 2309 enim

126 2338 183 2358 aevo
195 2330 306 2366 Josephi
324 2331 520 2366 Antiquitatum
540 2331 685 2366 scriptoris
699 2336 738 2358 tot
753 2330 951 2358 commentaria
964 2330 991 2356 in
1006 2329 1131 2357 Psalmos
1149 2329 1234 2358 fuisse
1247 2330 1384 2358 videntur.

163 2377 202 2405 Ne
225 2379 385 2404 omittamus
398 2385 430 2405 ea
452 2385 514 2412 qua:
534 2377 568 2404 de
590 2376 697 2408 codice,
715 2377 787 2404 unde
808 2375 865 2403 haec
881 2376 1009 2411 Synopgsis
1033 2375 1145 2410 prodiit,
1169 2376 1250 2403 habet
1272 2375 1483 2404 Felckmannus.
1511 2375 1571 2403 Usa:
1592 2380 1653 2402 sunt
1675 2383 1761 2409 opera:

126 2423 223 2458 inquit.
242 2427 314 2450 textu
339 2423 418 2458 hujus
450 2423 606 2459 Synopseos
626 2423 716 2450 Cra-re
741 2422 871 2457 descripto
895 2430 927 2449 ea:
952 2427 1051 2449 vetusto
1072 2427 1095 2449 et
1119 2423 1195 2449 miris
1223 2422 1345 2450 ductibus
1361 2428 1497 2450 constante
1521 2422 1619 2454 codice,
1636 2429 1712 2456 quem
1728 2429 1762 2449 ea:

127 2469 282 2496 bibliotheca
298 2470 346 2497 viri
360 2471 504 2498 clarissimi
522 2471 595 2498 Petri
611 2470 729 2498 Neveleti
748 2471 856 2499 Doscltii
871 2471 975 2498 curavit
995 2472 1034 2498 uir
1045 2471 1167 2505 nmpliss.
1182 2471 1216 2499 D.
1242 2471 1416 2507 Bongarsius,
1432 2479 1507 2507 quem
1521 2479 1579 2498 tum
1593 2479 1644 2497 non
1659 2471 1686 2497 in
1702 2479 1761 2496 om-

126 2518 202 2545 nibus
217 2518 361 2553 descriptor
373 2525 508 2546 assecutus
520 2521 565 2552 sit,
580 2519 707 2555 quidquid
720 2520 770 2546 erit
784 2519 969 2554 discrepantia:
980 2519 1125 2546 notandum
1139 2519 1215 2546 duri.
1235 2520 1392 2555 Quanquam
1404 2525 1488 2548 essent
1500 2520 1580 2546 etiam
1594 2527 1646 2546 non
1663 2527 1760 2552 pauca,

125 2572 184 2599 qua:
198 2564 230 2591 de
244 2565 459 2600 interpretatione
476 2565 575 2592 moneri
599 2569 720 2599 poterant
737 2573 744 2592 :
762 2565 814 2593 imo
831 2565 948 2592 locorum
961 2572 1060 2600 quoque
1082 2564 1269 2592 nonnullorum
1285 2565 1310 2591 in
1326 2566 1382 2599 ipso
1403 2566 1481 2592 veteri
1502 2565 1589 2591 codice
1604 2564 1762 2598 conjectura:

125 2616 231 2644 possent
253 2612 354 2647 afferri,
369 2621 425 2648 qua:
451 2619 537 2640 tamen
562 2613 652 2641 omnia
679 2613 814 2641 breuitatis
829 2621 922 2644 causa.
937 2618 962 2640 et
975 2612 1043 2647 quod
1060 2612 1131 2639 docti
1150 2620 1196 2647 per
1211 2621 1238 2640 se
1256 2613 1306 2646 ipsi
1321 2613 1348 2639 in
1362 2613 1409 2640 hac
1424 2614 1498 2648 longe
1512 2613 1605 2647 optimi
1619 2613 1762 2639 monitum

126 2659 275 2692 sibierunt,
296 2660 399 2687 omitto.
416 2660 554 2693 Quorsum
575 2665 666 2688 autem
693 2661 823 2688 evaserih
838 2660 925 2688 codex
950 2660 995 2687 ille
1020 2664 1188 2688 memoratus
1215 2668 1231 2688 a
1253 2660 1437 2688 Felckmanno
1457 2661 1609 2697 ignoratur.
1632 2659 1762 2688 Codicem

127 2705 274 2741 Synopseos
289 2707 407 2742 aliquem
424 2714 474 2734 nec
489 2707 554 2739 vidi,
571 2715 621 2735 nec
639 2707 740 2735 alicubi
756 2710 867 2735 exstare
881 2706 975 2733 didici.

162 2751 290 2786 Dialogus
305 2758 398 2780 contra
414 2754 508 2781 Arium
516 2754 548 2781 ‘in
561 2754 667 2790 synodo
679 2753 788 2782 Nicrena
803 2753 897 2780 multis
913 2752 1073 2780 nominibus
1086 2752 1238 2779 Athanasio
1249 2752 1470 2788 abjudicandus:
1487 2753 1542 2780 imo
1556 2760 1622 2780 vero
1638 2761 1689 2780 nec
1715 2759 1762 2780 sa-

127 2799 164 2827 tis
173 2801 300 2828 cousulto
312 2806 496 2830 commentum
514 2801 672 2836 hujusmodi
684 2801 833 2829 meditatus
843 2804 885 2829 est
898 2801 946 2836 qui
959 2800 1111 2827 Athanasio
1130 2801 1271 2833 attribuit;
1287 2808 1350 2827 nam
1361 2801 1485 2836 quaadam
1501 2805 1594 2836 aperte
1606 2801 1673 2828 falsa
1683 2807 1761 2828 com-

129 2846 266 2882 plectitur,
283 2848 437 2883 cttjusmodi
452 2853 494 2878 est
506 2848 573 2876 illud
585 2847 658 2884 quod
672 2849 711 2875 ait
727 2856 754 2883 p.
770 2847 833 2881 180,
850 2847 918 2875 cieri
932 2847 1095 2882 dignitatem
1110 2846 1177 2873 Ario
1194 2847 1229 2873 ab
1241 2847 1376 2885 hau-elicis
1403 2846 1547 2880 collatam;
1572 2854 1635 2874 cum
1664 2850 1761 2874 contra

165 2907 202 2943 (ιι)
218 2908 280 2945 Pag.
296 2908 330 2936 96

995 2908 1032 2944 (ὁ)
1050 2907 1130 2937 Forte
1143 2916 1204 2936 cum
1223 2909 1314 2942 titulo,
1330 2909 1382 2941 Εἰς
1395 2909 1491 2942 τέλος.
