1898 3053
134 140 164 167 l7
857 138 1053 167 pulcrum.
1732 132 1764 159 18

134 200 309 235 antiquorum
324 201 482 228 testimonio
499 205 668 236 compertum
684 200 729 231 sit.
747 208 763 228 a
776 199 857 228 Petro
870 205 896 228 et
911 200 1017 227 Achilla
1030 198 1161 234 gradibus
1171 196 1368 225 ecclesiasticis
1384 197 1494 222 auctum
1507 193 1592 221 fuisse
1605 191 1763 228 indignissi-

135 251 208 271 mqu
219 244 370 277 hominem,
385 245 449 280 quia
462 253 512 281 pro
528 246 623 273 innata
638 246 746 273 vafritie
761 245 878 280 speciem
897 245 967 280 frugi
987 244 1125 280 praeferret
1143 254 1148 272 :
1166 244 1270 279 reliqua
1287 242 1347 270 vide
1362 241 1389 268 in
1411 239 1525 267 Mouito.
1541 238 1581 265 Ad
1603 238 1658 265 haec
1674 240 1763 264 autem

137 294 201 325 puto
215 290 258 318 vel
275 298 309 318 ex
322 291 380 318 sola
394 291 495 326 dialogi
512 290 610 323 forma,
631 299 692 326 qua:
708 290 845 318 scribendi
868 290 949 322 ratio,
963 290 1028 317 licet
1045 289 1160 316 multum
1178 287 1329 315 Athanasio
1349 285 1499 319 antiquior,
1517 291 1572 310 non
1590 287 1649 310 erat
1679 281 1763 308 Atha-

135 337 205 364 nasii
219 344 278 364 τενο
294 336 477 372 frequentata,
495 337 682 371 conjecturam
695 336 815 370 aliquam
829 336 936 367 νοθείας
952 335 1066 363 oboriri.
1085 334 1224 369 Nusquam
1241 332 1392 367 accipimus
1407 328 1586 356 Athanasium
1597 327 1650 354 hoc
1665 332 1765 361 genere

135 383 244 411 dedisse
260 383 400 419 quidpiam
417 394 424 411 :
439 388 466 412 et
482 383 634 418 aequalibus
649 384 709 419 ejus
724 392 865 419 perrarum
881 383 981 418 dialogi
999 391 1075 410 more
1095 382 1225 409 scribere,
1242 380 1342 407 Verum
1360 378 1418 405 haec
1434 377 1520 403 forma
1535 374 1641 403 sarculis
1657 373 1763 408 quinto,

136 434 223 460 sexto.
241 432 359 465 septimo
382 434 409 457 et
433 429 665 464 subsequentibus
691 430 805 456 multum
823 428 963 456 obtinuit:
982 431 1009 455 et
1036 427 1152 462 hujusce
1184 425 1250 452 tomi
1274 423 1367 459 spuria
1393 419 1597 456 complectentis
1621 425 1684 452 pars
1709 424 1764 444 non

136 474 243 501 modica
258 474 359 510 dialogi
372 479 446 507 sunt.

172 518 264 548 Sermo
295 526 389 548 contra
418 530 506 549 omnes
533 522 657 554 haereses,
684 522 722 549 ita
741 521 901 550 manifestas
925 520 1127 558 peregrinitatis
1155 523 1235 547 notas
1251 518 1293 545 vel
1314 516 1381 552 ipsis
1404 514 1616 542 amanuensibus
1637 512 1765 548 praeferre

136 565 210 593 visus
228 565 290 598 fuit,
307 572 337 593 ut
350 567 377 593 in
393 567 530 602 plerisque
545 568 686 595 codicibus
704 568 737 595 ad
765 568 925 603 marginem.
943 567 1017 600 ξένος
1035 566 1082 593 καὶ
1099 566 1208 600 χυδαϊος
1231 564 1347 594 dicatur,
1369 561 1394 589 id
1411 566 1463 592 est,
1480 561 1632 596 peregrinus
1649 568 1680 586 ac
1705 559 1764 594 [uso

136 612 335 646 remissioreque
349 614 416 648 stylo
428 614 587 648 descriptus,
606 615 649 641 cui
668 615 771 642 scilicet
787 615 817 641 τὸ
834 614 941 641 εὔτονον
957 614 1066 641 deficiat
1080 623 1085 640 :
1104 614 1199 648 ingens
1213 611 1336 647 profecto
1350 609 1411 646 styli
1423 609 1530 640 vitium,
1545 608 1618 643 quod
1634 608 1675 635 vel
1690 606 1765 634 Gm-

135 659 189 685 culi
212 660 317 687 sentire
340 662 456 695 possint.
472 661 536 689 Fuit
559 667 650 689 autem
666 671 698 690 ex
715 663 859 690 Athanasii
881 663 1012 697 operibus
1028 668 1186 696 expressus,
1204 664 1234 686 ut
1261 659 1388 686 lectorem
1414 657 1514 684 ibidem
1539 655 1762 691 praemonuimus.

135 706 172 734 De
188 708 294 735 insulso
310 707 498 737 Melcltisedeci
516 711 588 745 regis
603 715 758 738 commento
774 710 812 746 (a)
828 711 885 746 jam
906 711 976 738 ultra
990 718 1073 744 quam
1086 709 1153 737 satis
1173 708 1209 736 sit
1224 708 1326 735 dictum
1340 706 1402 738 fuit,
1421 706 1576 740 pariterque
1590 704 1623 732 de
1639 705 1766 731 ἀποσπα-

135 754 239 790 σματίῳ
254 755 288 782 ad
303 754 446 783 Jovianum
458 757 649 792 imperatorem
664 763 822 794 nuncupato
840 758 889 794 (b),
906 766 938 786 ac
956 758 990 786 de
1004 758 1075 786 libro
1094 757 1284 792 Deﬁnitionum
1297 763 1305 782 :
1319 762 1407 790 neque
1426 753 1491 781 libet
1509 752 1664 788 hujusmodi
1676 759 1763 787 nugas

134 797 222 826 denuo
241 800 357 835 agitare,
371 806 464 837 atque,
483 806 511 829 ut
525 803 562 829 ita
577 803 677 835 dicam,
696 811 899 838 repuerascere.

169 845 329 880 Sequuntur
347 855 429 883 opera
448 849 480 876 ad
506 850 688 884 Antiochum;
705 854 732 878 et
758 850 835 886 praeit
860 850 988 877 Doctrina
1005 849 1039 876 ad
1054 847 1212 876 Antiochum
1232 846 1381 882 principem
1394 847 1416 873 'a
1431 846 1555 874 Graeculo
1575 845 1658 874 edita.
1676 844 1763 878 Hujus

134 897 223 921 tamen
239 894 382 928 beneficio,
399 904 524 932 magnam
542 903 646 934 partem
671 899 734 926 libri
758 899 892 931 Pastoris,
913 906 974 934 qua:
997 897 1091 925 Graece
1120 896 1241 923 nondum
1259 894 1321 921 data
1340 893 1439 925 fuerat,
1465 899 1670 927 reeuperamus.
1687 890 1763 917 Alias

135 949 198 969 vero
219 941 270 968 hac
294 943 409 970 historia
424 945 491 972 nihil
511 946 652 974 infantius.
678 946 768 982 Eque
792 948 942 982 conspicua
963 950 1005 974 est
1021 943 1156 973 sermonis
1178 941 1212 969 ad
1238 940 1404 968 Antiochum
1431 939 1533 971 νοθεια,
1562 945 1668 965 necnon
1697 936 1763 963 sub-

134 988 306 1022 sequentium
337 990 381 1030 ad.
393 992 519 1019 etundem
544 995 736 1028 qumstionum.
769 994 826 1022 Hoc
860 999 1028 1030 postremum
1052 997 1143 1020 tamen
1171 997 1250 1025 opus,
1280 997 1334 1016 non
1367 987 1507 1023 indignum
1532 985 1605 1021 quod
1634 986 1759 1019 legatur:

135 1036 242 1063 tametsi
261 1037 335 1064 enim
362 1037 488 1068 futilibus
501 1041 585 1076 dictis,
597 1050 629 1070 ac
652 1043 939 1078 qumsitisidentidem
961 1048 1103 1077 aspersum
1129 1043 1192 1067 est:
1222 1042 1250 1065 at
1273 1037 1343 1065 bona
1369 1036 1449 1064 malis
1470 1036 1600 1071 permisla
1624 1032 1760 1068 reperias;

134 1090 262 1110 nimirum

606 1135 726 1168 Χρυσέα
746 1135 898 1169 χαλκείοις
915 1135 1080 1169 ἐκατόμϐοα
1095 1132 1282 1160 ἐννεαϐοίων.

168 1173 215 1202 Est
229 1175 297 1202 inibi
313 1175 349 1211 (c)
375 1176 454 1204 locus
467 1184 547 1211 quem
573 1178 639 1206 olim
668 1179 796 1207 vitiosum
815 1179 917 1214 suspic:

1012 1187 1036 1211 r,
1054 1178 1121 1206 illud
1145 1177 1249 1206 scilicet
1265 1186 1272 1204 :
1291 1175 1352 1207 Πῶς
1364 1176 1392 1202 δὲ
1405 1175 1484 1202 πάλιν
1499 1175 1545 1202 καὶ
1559 1174 1575 1210 ἡ
1592 1183 1646 1201 των
1669 1174 1761 1208 σωμά-

132 1227 185 1245 των
200 1219 280 1253 φύσις
303 1220 440 1257 βολιστικὴ
458 1222 530 1248 κατὰ
551 1223 631 1257 φύσιν
652 1225 822 1260 ὑπάρχουσα,
846 1226 941 1261 ὁρᾶται
957 1225 1052 1256 ἄδυτος
1071 1223 1118 1251 καὶ
1141 1223 1280 1254 ἀδόλιστος
1304 1223 1332 1248 ἐν
1346 1223 1401 1252 τοῖς
1417 1221 1493 1248 ὕδασι
1512 1221 1561 1255 τῆς
1577 1219 1760 1260 Μαρμᾳρικῆς

133 1265 325 1298 name-.6251»;
336 1276 343 1282 ·
361 1267 406 1294 ubi
421 1276 470 1303 pro
494 1269 627 1304 σωμάτων
650 1271 792 1307 legendum
813 1272 917 1299 ὑδάτων
939 1272 1164 1307 coniectabamus
1178 1281 1184 1298 :
1204 1274 1231 1297 at
1247 1269 1346 1298 exinde
1361 1268 1503 1296 lectionem
1518 1267 1601 1303 probe
1615 1267 1715 1294 habere
1732 1275 1762 1294 se

133 1320 327 1347 comperimus.

166 1360 207 1387 Ad
223 1360 328 1388 calcem
344 1362 526 1396 qumstionum
542 1361 576 1389 ad
600 1361 763 1388 Antiochum
779 1361 830 1397 (ά),
848 1366 889 1389 est
907 1365 1041 1389 tractatus
1066 1361 1217 1388 Athanasio
1239 1369 1305 1388 sane
1322 1368 1376 1388 non
1391 1361 1530 1397 indignus,
1550 1368 1630 1396 quem
1647 1359 1763 1388 fortasse

132 1408 228 1442 religio
244 1417 298 1435 non
312 1413 384 1436 esset
401 1411 472 1436 inter
485 1409 673 1437 Athanasiana
689 1413 859 1444 computare.
883 1409 939 1436 Etsi
954 1409 1026 1435 enim
1046 1408 1072 1435 in
1090 1408 1227 1443 plerisque
1247 1408 1390 1436 codicibus
1405 1414 1603 1444 consequenter
1618 1412 1678 1443 post
1694 1407 1763 1434 alias

132 1455 298 1490 quaestiones
322 1464 418 1491 agmen
438 1457 551 1489 claudit,
578 1465 632 1484 non
654 1457 754 1484 desunt
770 1461 860 1484 tamen
875 1457 922 1484 ubi
943 1457 1089 1492 separatim
1107 1456 1141 1484 ab
1162 1457 1224 1484 aliis
1250 1461 1377 1491 ponatur.
1391 1457 1432 1484 Ad
1448 1457 1505 1485 haec
1519 1465 1593 1488 vero,
1614 1456 1761 1490 conspicua

132 1503 312 1531 Athanasiani
328 1505 377 1531 sevi
394 1510 458 1532 nota
474 1505 530 1532 hmc
546 1509 598 1538 est,
611 1513 672 1532 cum
684 1504 718 1532 de
729 1505 902 1540 septuaginta
919 1503 1135 1531 hebdomadibus
1149 1504 1268 1531 Danielis
1282 1511 1365 1539 agens
1381 1503 1417 1530 ait
1430 1512 1437 1530 :
1452 1502 1500 1534 Τις
1516 1501 1562 1529 οὖν
1577 1503 1651 1528 ἐστιν
1670 1501 1761 1536 ἐτερος

132 1550 252 1586 χρισθεὶς
273 1550 350 1585 ἅγιος
365 1551 461 1585 ἁγίων,
479 1552 503 1577 εἰ
522 1551 558 1587 μὴ
579 1551 593 1577 ὁ
616 1551 735 1586 Χριστὸς
757 1550 846 1586 μόνος,
870 1550 907 1581 ὡς
932 1549 979 1576 τοῦ
996 1549 1064 1576 Θεοῦ
1081 1548 1128 1576 τοῦ
1145 1549 1261 1582 («Iw-tog;
1283 1549 1312 1576 αἱ
1332 1548 1387 1584 γὰρ
1397 1548 1580 1583 ἐϐδομήκοντα
1607 1546 1762 1582 ἑϐδομάδες,

131 1597 296 1632 τετρακόσια
324 1598 484 1633 ἐνενήκοντα
506 1598 554 1634 ἔτη
575 1599 762 1633 σημαίνουσιν.
785 1598 851 1624 Ἀπὸ
862 1597 889 1624 δὲ
905 1597 952 1624 τοῦ
967 1597 1066 1632 Δανιὴλ
1081 1596 1132 1629 ἕως
1155 1596 1202 1623 τοῦ
1218 1596 1264 1624 νῦν
1279 1597 1446 1632 ὑπάρχουσιν
1467 1595 1514 1630 ἐτη
1529 1595 1583 1621 τῶν
1598 1594 1763 1621 ὀκτακοσίων

133 1642 225 1669 πλείω.
248 1643 307 1670 Hoc
327 1647 370 1670 est
385 1652 391 1670 :
409 1643 475 1675 Qui:
496 1651 557 1678 ergo
581 1643 649 1670 alius
660 1648 700 1670 est
723 1647 817 1670 unctus
830 1643 944 1670 Sanctus
964 1647 1128 1673 sanctorum,
1152 1647 1249 1676 prwter
1272 1642 1357 1669 solum
1378 1641 1523 1674 Christum,
1538 1646 1567 1667 ut
1584 1640 1633 1667 Dei
1654 1639 1762 1667 uiuentis

135 1686 256 1723 (Filium)
271 1688 282 1714 ?
298 1687 473 1723 Septuaginta
494 1688 563 1714 enim
578 1687 752 1715 hebdomadas
775 1687 982 1723 quadringentos
1005 1689 1150 1723 nonaginta
1175 1696 1258 1714 annos
1286 1688 1448 1722 signiﬁcant.
1473 1685 1596 1721 Namque
1612 1695 1628 1714 a
1653 1686 1763 1713 Danielc

135 1731 169 1757 ad
183 1732 229 1758 hoc
245 1741 327 1768 usque
352 1737 452 1767 tempus
473 1737 534 1759 sunt
556 1733 620 1759 anni
640 1733 699 1767 plus
720 1741 798 1768 quam
814 1734 967 1768 octingenti.
985 1732 1047 1760 llaec
1062 1741 1128 1761 sane
1144 1733 1329 1768 chronologize
1355 1733 1426 1760 ratio
1449 1733 1571 1768 apprime
1588 1733 1615 1759 in
1634 1736 1761 1767 quartum

135 1777 401 1812 szeeulmnquadrat,
417 1778 604 1812 quo.scripsit
623 1778 801 1805 Athanasius.
824 1777 865 1804 Ad
883 1778 952 1810 haec,
971 1778 1007 1804 ita
1031 1777 1154 1812 apposite
1169 1776 1258 1804 Veteri
1281 1776 1455 1804 Testamento
1475 1776 1509 1803 ad
1529 1776 1762 1811 comprobandum

134 1823 233 1851 Christi
253 1824 400 1850 adventum
415 1823 511 1856 utitur,
527 1828 556 1850 ut
573 1824 641 1850 nihil
659 1831 752 1858 supra.
768 1823 921 1859 Fateorque
935 1831 978 1851 me
992 1824 1061 1851 nihil
1077 1824 1128 1851 hoc
1144 1824 1170 1850 in
1186 1831 1284 1859 genere
1297 1823 1398 1851 vidisse
1412 1823 1528 1850 validius
1554 1822 1761 1850 concinniusw.

135 1867 316 1901 Quamobrem
331 1876 386 1895 non
408 1869 503 1895 eodem
521 1876 575 1903 quo
599 1873 705 1896 caetera:
720 1869 898 1904 quaestiones,
924 1876 1039 1896 numero
1063 1873 1089 1896 et
1110 1869 1198 1904 pretio
1214 1869 1306 1896 haberi
1332 1868 1423 1896 debet.
1440 1867 1497 1895 Etsi
1515 1875 1580 1895 vero
1599 1875 1654 1895 non
1673 1868 1762 1896 ausim

135 1915 267 1943 afﬁrmare
281 1915 422 1944 Athanasii
440 1924 511 1948 esse,
527 1917 596 1944 nihil
609 1921 685 1944 certe
699 1920 834 1952 repugnat
847 1924 902 1951 quo
917 1918 1008 1945 minus
1024 1917 1075 1952 ipsi
1091 1917 1255 1944 ascribatur.

168 1961 361 1998 Fragmentum
381 1962 417 1989 De
443 1962 603 1998 imaginibus
622 1970 677 1989 non
699 1966 758 1990 erat
783 1962 853 1990 forte
869 1962 942 1998 quod
960 1962 1051 1990 denuo
1064 1963 1139 1998 prelo
1155 1962 1364 1997 subjiceremus,
1388 1970 1449 1990 cum
1474 1971 1506 1990 ex
1526 1963 1588 1991 aliis
1602 1963 1659 1998 jam
1683 1963 1764 1991 editis

134 2013 290 2045 excerptum
308 2010 398 2037 fuerit.
417 2009 524 2037 Placuit
539 2013 641 2042 tatnen,
660 2011 725 2046 quia
750 2009 972 2045 frequentissime
988 2010 1015 2037 in
1032 2010 1173 2038 codicibus
1187 2014 1214 2037 et
1232 2009 1413 2037 conciliorum
1433 2010 1501 2037 actis
1516 2009 1628 2037 aﬂ‘ertur
1639 2013 1670 2037 ut
1686 2010 1764 2037 exhi-

134 2055 239 2088 bemus,
255 2056 322 2083 illud
334 2055 425 2087 cdere,
444 2064 478 2084 ne
494 2056 558 2091 quid
576 2056 628 2083 hoc
642 2056 669 2083 in
684 2063 766 2090 opere
780 2056 931 2083 desiderari
945 2056 1080 2083 videatur.

170 2100 307 2128 Historias
332 2102 455 2137 imaginis
472 2102 624 2136 Berytensis
655 2102 748 2136 plures
772 2102 889 2129 fortasse
913 2101 1065 2134 attulimus,
1083 2108 1165 2136 quam
1188 2105 1218 2128 ut
1243 2109 1290 2129 eas
1312 2101 1412 2129 eruditi
1432 2101 1483 2129 viri
1505 2102 1564 2129 sine
1584 2102 1726 2129 stomacho
1737 2106 1765 2130 et

134 2155 237 2176 nausea
252 2148 342 2183 legere
356 2149 472 2184 possint.
486 2148 587 2176 Verum
602 2150 667 2184 quia
682 2149 740 2176 hac
760 2149 876 2176 historia
891 2149 1070 2177 celeberrima
1083 2148 1144 2181 fuit,
1160 2149 1248 2184 qualis
1269 2149 1378 2177 demum
1393 2151 1536 2185 qualisque
1549 2149 1601 2183 sit;
1619 2153 1673 2176 tam
1689 2149 1765 2176 varia

135 2199 190 2221 tum
216 2194 310 2223 Graece
333 2200 389 2222 tum
407 2196 502 2224 Latine
528 2196 572 2224 edi
591 2196 651 2231 ejus
669 2197 848 2232 exemplaria,
875 2205 931 2224 non
950 2197 1047 2225 inutile
1067 2196 1183 2225 fortasse
1207 2197 1289 2225 fuerit
1308 2207 1313 2225 :
1333 2201 1364 2224 ut
1378 2198 1515 2226 aestimare
1540 2199 1657 2233 quisque
1677 2200 1765 2224 valeat

134 2247 242 2277 quantas
256 2244 290 2271 sit
307 2245 479 2272 auctoritatis
494 2245 552 2272 haic
566 2245 717 2277 historiola,
730 2245 810 2280 cujus
822 2253 856 2273 ne
869 2245 980 2280 quidem
993 2253 1084 2272 veram
1104 2245 1265 2280 ﬁrmamque
1280 2245 1378 2272 seriem
1391 2245 1512 2273 nancisci
1528 2245 1678 2280 possimus.

169 2291 196 2317 In
215 2291 349 2325 Epistolas
364 2292 398 2318 ad
412 2291 559 2325 Castorem,
577 2300 638 2328 qua:
652 2297 716 2320 sunt
732 2293 855 2320 Cassiani
872 2292 1075 2320 lnstitutionum
1091 2293 1221 2327 epitome,
1239 2293 1308 2321 satis
1323 2296 1383 2320 esto
1400 2293 1474 2328 quod
1497 2292 1598 2320 ibidem
1625 2293 1763 2326 praenota-

134 2346 205 2366 mus.
221 2338 321 2367 Vocem
337 2344 426 2368 autem
445 2341 527 2368 Pater
552 2341 681 2373 Muthius,
698 2342 763 2377 quia
786 2343 871 2370 codex
899 2343 939 2370 sic
966 2344 1057 2379 Πάτερ
1080 2343 1198 2375 Μούθιος
1213 2342 1319 2374 dividit,
1344 2350 1394 2370 nos
1419 2347 1529 2376 quoque
1551 2338 1705 2366 divisimus.
1730 2337 1765 2364 At

134 2389 235 2412 narunt
248 2386 359 2419 eruditi,
375 2394 406 2413 ex
423 2395 488 2414 voce
503 2386 675 2419 Thermuthi,
688 2392 784 2424 estque
797 2389 863 2416 illud
881 2397 979 2417 nomen
995 2390 1136 2426 pr0prium
1149 2389 1221 2424 apud
1237 2389 1390 2425 Egyptios,
1408 2392 1436 2414 et
1449 2394 1481 2413 ex
1497 2384 1613 2412 articulo
1627 2391 1678 2416 πα,
1690 2384 1764 2427 quod

133 2433 176 2458 est
193 2439 224 2457 ac
243 2431 266 2458 si
289 2432 365 2459 dicas
383 2432 463 2459 Pater
477 2437 525 2459 aut
542 2433 641 2465 Abbas,
659 2434 814 2462 confectum
836 2443 936 2463 nomen
963 2435 1059 2464 fuisse.
1082 2435 1116 2462 Et
1132 2440 1224 2462 tamen
1247 2436 1286 2462 ita
1307 2442 1385 2463 error
1405 2432 1531 2465 invaluit,
1556 2435 1586 2458 ut
1604 2430 1661 2465 jam
1687 2429 1764 2458 Mutii

134 2475 242 2510 quidam
259 2476 323 2503 inde
338 2481 461 2504 mutuato
479 2480 599 2511 nomine,
616 2484 820 2515 nuncupentur.

170 2521 197 2548 In
209 2521 350 2548 homiliam
367 2522 403 2549 De
414 2525 593 2559 assumptione
610 2525 716 2552 Domini
731 2527 787 2553 haec
805 2527 886 2554 habet
908 2526 1109 2555 Felckmannus
1124 2535 1130 2554 :
1150 2527 1236 2554 Porro
1250 2526 1367 2553 meminit
1388 2525 1468 2564 hujus
1481 2524 1608 2557 homitiw,
1629 2529 1654 2552 et
1670 2523 1762 2551 tribuit

133 2575 189 2593 eam
202 2567 350 2594 Athanasio
366 2569 479 2596 incertus
495 2574 598 2601 auctor,
614 2570 689 2605 cujus
701 2571 760 2605 jam
774 2579 855 2606 supra
866 2572 900 2599 ad
911 2580 972 2608 pag.
986 2573 1039 2600 545
1050 2573 1077 2601 d.
1094 2577 1163 2600 tomo
1175 2573 1187 2599 Ι
1203 2572 1371 2599 meminimus
1383 2571 1417 2598 ad
1433 2571 1583 2598 Maximum
1599 2571 1764 2598 Smeniotam

133 2612 165 2638 de
177 2612 226 2638 hac
241 2614 403 2647 quaestione:
422 2613 519 2641 Utrum
534 2615 669 2647 homines,
683 2616 705 2643 si
718 2624 771 2643 non
793 2621 965 2651 peccassent,
982 2618 1107 2644 morituri
1124 2617 1251 2648 fuissent,
1266 2616 1383 2643 scribens
1397 2617 1445 2651 fat.
1464 2617 1510 2650 92,
1525 2617 1575 2644 col.
1589 2617 1616 2646 4.
1630 2617 1690 2644 sic:
1708 2615 1763 2643 Καὶ

133 2659 215 2686 ἄκουε
226 2661 252 2687 τί
268 2662 333 2696 περὶ
345 2661 439 2688 τούτου
456 2663 537 2698 φησὶν
552 2664 566 2689 ὁ
582 2664 668 2699 μέγας
687 2664 842 2697 Ἀθανάσιος
859 2667 888 2692 ὲν
901 2666 940 2702 τῷ
954 2668 1005 2699 Εἰς
1018 2665 1075 2700 τὴν
1085 2665 1240 2699 ἀνάληψιν
1256 2665 1328 2700 λόγῳ
1342 2665 1433 2692 αὐτοῦ.
1452 2666 1571 2697 Θάνατος
1589 2666 1638 2701 μὲν
1655 2664 1763 2699 εἰσῆλθε

133 2706 176 2733 διὰ
188 2707 236 2743 τὴν
250 2709 402 2745 παρακοήν.
414 2709 491 2736 Λύων
507 2710 534 2737 δὲ
547 2711 620 2746 ὅμως
635 2711 684 2746 τὴν
696 2713 746 2747 τῆς
760 2713 873 2749 ἀπειλῆς
887 2714 978 2750 ἀκμὴν
995 2714 1008 2739 ὁ
1025 2712 1091 2744 Θεὸς
1103 2712 1196 2739 ἐλπίδα
1213 2710 1291 2743 αὖθις
1305 2711 1453 2744 ἀθανασίας
1469 2712 1607 2739 ἀνατέλλει
1623 2711 1661 2746 τῷ
1677 2711 1762 2744 γένῖι,

169 2843 206 2883 (ρ)
220 2843 289 2883 με·
303 2843 362 2883 ηιθ-

1012 2849 1047 2883 (ε)
1063 2849 1126 2882 Pag.
1145 2848 1206 2876 247.

170 2878 206 2914 (b)
219 2878 283 2913 Pag.
300 2879 361 2908 {‘73.

1012 2878 1050 2920 (ιι)
1068 2878 1129 2920 pag.
1143 2884 1203 2911 243.
