1898 3053
133 136 166 164 19
814 136 1008 166 ΡΠᾸΞῈΑἸΊΟ.
1720 139 1758 167 9.0

130 195 178 222 καὶ
197 194 242 222 τὸν
263 195 347 230 Ἑνὼχ
363 196 395 222 ἐκ
418 195 499 230 μέσου
517 193 645 229 ἁρπάζει,
664 193 809 220 κάντεῦθεν
831 194 881 230 τὴν
905 193 1004 229 θνηπὴν
1022 194 1142 221 ἐδίδασκε
1164 195 1244 229 φύσιν
1260 194 1339 229 ὄρους
1361 193 1510 226 ἀθανασίας
1534 195 1702 231 ἐκδέχεσθαι.
1725 197 1760 224 Et

129 239 209 274 paulo
229 245 299 274 post,
315 240 369 266 Καὶ
379 240 473 266 τούτου
492 239 570 274 χάριν
586 240 600 265 ὁ
620 239 706 274 μέγας
728 238 883 270 ἈΟανάσιης
904 239 1005 273 ἔλεγεν,
1020 240 1060 266 ὅτι
1074 241 1120 266 καὶ
1136 240 1181 267 τὸν
1202 240 1294 266 Ἠλίαν
1313 241 1439 276 ἁρπάζει,
1460 242 1506 268 καὶ
1528 241 1566 274 ὡς
1588 245 1627 275 εἰς
1646 244 1761 279 οὐρανὸν

127 287 267 323 ἀναφέρει.
286 287 351 315 Πιεε
367 287 415 318 ibi,
429 295 486 322 qua:
500 286 589 320 confer
605 294 664 312 cum
678 285 765 313 editis.
785 285 819 312 Et
836 287 903 313 idem
921 286 992 320 infra
1008 288 1036 314 in
1050 288 1214 321 opusculum:
1234 287 1329 314 Utrum
1345 287 1463 315 Joannes
1478 291 1645 324 evangelista
1663 299 1760 320 revera

127 336 236 369 obierit,
252 336 300 370 fol.
318 336 382 366 251,
401 336 450 362 col.
467 335 495 366 2,
511 336 566 362 ait:
586 335 641 362 Καὶ
656 335 669 360 ὁ
687 335 775 370 μέγας
785 335 813 360 δὲ
837 334 912 361 Ἀθακ

986 344 994 367 ;
1008 336 1038 361 ἐν
1050 335 1089 371 τῷ
1103 337 1158 369 Εἰς
1172 336 1229 370 τὴν
1241 335 1395 369 ἀνάληψιν
1411 336 1482 372 λόγῳ
1498 338 1591 369 αὑτοῦ,
1614 338 1697 374 Ἑνὼχ
1711 339 1760 366 καὶ

133 382 226 409 Ἠλίαν
242 381 441 417 μνημονεύσας,
466 382 513 408 καὶ
530 381 614 408 εἰπὼν
631 382 660 407 ἐν
674 382 729 413 τοῖς
747 380 830 413 ζῶσιν
849 381 911 416 διάγ

988 383 1060 414 om,
1079 383 1171 418 ἐτέρου
1190 383 1261 414 ml);
1275 383 1489 418 ἐμνημόνευσεν.
1509 385 1570 413 [Ιωο
1595 386 1759 414 Felclrman-

127 435 190 456 nus.
206 427 257 455 Sed
270 428 400 463 quoniam
419 429 441 454 is
459 428 576 462 scriptor
592 426 728 462 sequioris
740 431 782 454 est
798 427 858 459 aevi,
872 427 941 454 nihil
959 427 1033 455 illius
1048 429 1206 455 testimonio
1222 429 1255 455 ad
1270 430 1435 465 γνησιότητα
1451 431 1511 465 ejus
1526 433 1759 467 comprobandam

127 475 250 503 cﬂicitur.
267 475 328 503 Haec
344 476 402 511 ipsa
418 484 486 511 pene
501 475 596 503 eadem
612 476 694 502 verba
709 475 775 502 citat
787 475 901 502 Michael
915 475 1014 511 Glycas
1027 477 1054 503 in
1068 477 1189 504 Historia
1205 477 1365 512 Byzantina.
1383 478 1442 511 Quo
1458 481 1614 508 testimonio
1625 481 1652 508 id
1668 482 1758 509 solum

126 528 261 559 superest,
279 529 308 551 ut
320 528 383 552 ante
398 524 537 551 Michaelis
553 523 642 559 Glycze
654 531 740 551 aevum
758 523 899 551 Athanasii
911 525 1021 552 nomine
1036 526 1160 560 evulgato
1178 526 1260 553 fuerit
1283 527 1339 554 lucc
1355 525 1476 554 homilia.
1495 524 1618 553 Diximus
1631 534 1713 560 porro
1729 527 1758 553 in

125 570 227 598 Monito
244 571 277 598 ad
293 571 363 597 hanc
380 571 530 602 homiliam,
547 571 665 606 primum
685 571 787 605 publici
805 571 876 605 juris
893 571 991 599 factam
1009 573 1094 600 fuisse
1111 573 1138 600 in
1153 574 1273 602 editione
1289 573 1524 606 Commeliniana;
1549 581 1644 600 verum
1659 573 1758 601 exinde

125 619 322 653 comperimus,
339 620 478 654 antiquius
493 618 578 647 fuisse
594 619 668 646 illam
686 619 758 654 typis
777 620 942 646 mandatam.

161 663 306 692 liomiliam
326 666 351 692 in
368 665 397 693 S.
420 666 554 693 Andream
569 666 665 694 Latine
684 667 758 694 dedit
779 667 899 696 Thomas
914 668 1036 701 Galetus,
1059 669 1084 697 εἶ.
1102 669 1145 702 C.,
1167 678 1239 698 anno
1256 670 1334 703 1615,
1365 670 1500 706 Lugduni,
1516 669 1614 698 Carolo
1637 670 1757 699 Fabiano

127 711 284 746 interprete,
301 719 364 738 cum
378 712 439 739 aliis
454 713 625 740 diversorum
642 712 754 740 Patrum
770 714 890 749 scriptis,
908 722 934 749 p.
950 714 1014 742 250.

161 757 282 785 Libellus
299 758 336 785 Dc
349 767 458 793 corpore
474 765 498 787 et
516 761 606 787 animo
625 765 667 788 est
688 761 870 796 fragmentum
891 763 1014 789 avulsum
1036 771 1069 790 ex
1085 763 1155 790 libro
1173 763 1211 791 De
1235 763 1444 798 definitionibus,
1463 772 1524 791 cum
1541 765 1632 799 aliqua
1653 764 1758 792 discre-

125 805 228 838 pantia.
243 805 312 832 lluic
328 805 391 832 item
405 805 484 834 aliine
505 807 643 841 quidpiam
662 807 776 834 habetur
790 812 808 834 t.
826 808 835 835 l
851 809 902 836 sub
920 809 1010 840 ﬁnem,
1031 810 1058 836 in
1077 809 1253 845 fragmentis;
1271 811 1317 838 sed
1343 812 1421 847 longe
1444 813 1619 847 praestantius
1640 813 1710 840 istis.
1725 812 1757 840 Et

125 859 190 878 Vero
206 851 264 878 fieri
276 853 374 886 potuit,
391 856 420 879 ut
437 853 482 888 qui
500 853 550 880 hoc
565 852 604 880 De
616 861 723 888 corpore
736 859 761 881 et
779 855 868 882 anima
891 856 1054 890 opusculum
1080 857 1219 884 mandavit
1237 857 1345 889 litteris,
1360 858 1452 893 aliqua
1467 867 1499 886 ex
1523 860 1595 887 veris
1612 857 1757 886 Athanasii

126 901 255 935 operibus
271 901 306 928 sit
321 906 471 929 mutuatus.

166 947 227 974 Vita
253 953 352 975 sancta:
375 948 543 983 Syncletim',
561 949 633 977 haud
657 950 775 985 imperiti
793 950 912 978 hominis
926 959 1006 986 opus,
1023 951 1136 986 pulchre
1153 952 1186 978 ad
1202 959 1293 979 mores
1309 951 1492 980 instituendos
1509 951 1670 979 concinnata
1687 954 1729 978 est
1747 959 1753 976 :

126 1001 188 1019 nam
205 994 376 1029 longiuscula
387 994 460 1026 licet,
477 995 557 1022 unica
571 1003 639 1030 pene
655 995 847 1023 adhortatione
868 996 1002 1029 solvitur;
1019 997 1056 1023 ita
1077 1001 1106 1023 ut
1123 1004 1183 1031 qua:
1199 997 1334 1031 ejusmodi
1347 996 1380 1023 ad
1402 997 1521 1032 virgines
1539 996 1689 1030 paraenesin
1706 995 1757 1022 ha-

124 1040 217 1068 buisse
228 1041 326 1074 fertur,
341 1049 456 1077 quaeque
472 1042 499 1069 in
514 1042 629 1077 juvenili
652 1046 732 1070 aetate
745 1050 805 1070 eam
822 1050 886 1070 orsa
901 1042 1012 1075 dicitur,
1028 1051 1060 1070 ea
1086 1044 1212 1071 absoluta
1226 1044 1364 1078 octoginta
1385 1051 1471 1070 annos
1485 1047 1549 1070 nata
1565 1050 1627 1070 mox
1650 1049 1755 1068 memo-

124 1091 209 1113 retur.
229 1086 340 1115 Erudite
361 1095 443 1122 porro
457 1088 483 1114 in
504 1095 535 1115 ea
555 1088 726 1123 disceptatur
741 1093 837 1115 contra
854 1088 950 1120 fatum,
967 1092 994 1115 et
1008 1094 1103 1116 contra
1124 1089 1255 1124 genesim,
1279 1090 1335 1117 sive
1351 1091 1584 1125 genethliacorum
1602 1090 1753 1117 scientiam.

125 1132 176 1159 Sed
196 1134 420 1167 prazstanlissima
438 1134 560 1161 omnium
575 1138 650 1166 sunt,
664 1143 725 1170 quae
740 1140 834 1162 contra
850 1136 911 1163 illos
924 1135 1076 1171 proﬂigatis
1091 1137 1214 1164 moribus
1229 1137 1365 1169 homines,
1383 1146 1500 1173 quorum
1517 1138 1543 1164 in
1567 1145 1599 1164 eo
1619 1140 1675 1164 tota
1692 1143 1756 1170 spes

123 1185 175 1213 est,
193 1185 223 1207 ut
239 1181 265 1208 in
280 1182 394 1208 nihilum
407 1186 469 1209 eant
482 1182 504 1208 si
527 1182 637 1216 quando
657 1183 766 1210 vivendi
783 1182 863 1210 ﬁnem
881 1183 999 1211 iaciant:
1016 1184 1062 1219 qui
1081 1185 1103 1212 si
1119 1188 1174 1211 lam
1191 1185 1290 1212 misera
1304 1193 1353 1219 spe
1366 1186 1475 1217 cadant,
1493 1188 1520 1211 et
1535 1183 1633 1211 cadent
1648 1182 1754 1217 utique,

124 1230 255 1260 quantum
279 1227 312 1254 iis
329 1228 504 1262 supplicium,
529 1230 575 1264 qui
600 1230 661 1258 ideo
678 1231 705 1257 in
729 1234 768 1258 tot
789 1231 892 1258 scelera
916 1235 1116 1267 proruperunt,
1137 1233 1210 1267 quod
1238 1232 1306 1260 falsa
1331 1233 1460 1267 opinione
1487 1232 1597 1266 impune
1622 1231 1672 1258 sibi
1697 1229 1756 1258 fore

124 1272 289 1305 sperarent?
304 1272 341 1299 Ex
355 1273 407 1300 hoc
420 1274 513 1308 itaque
530 1275 672 1302 hominum
691 1283 790 1310 genere
809 1279 899 1308 erant,
915 1277 963 1310 qui
977 1277 1059 1312 impie
1074 1277 1207 1310 dicerent,
1224 1278 1341 1304 animam
1357 1286 1418 1305 esse
1433 1278 1525 1305 liorem
1547 1281 1660 1308 natura},
1675 1277 1755 1311 cujus

124 1317 228 1345 sciiicet
243 1317 370 1345 interitus
387 1326 448 1345 cum
466 1320 563 1354 planta:
580 1321 638 1348 sive
654 1321 778 1356 corporis
794 1321 905 1348 interitu
921 1323 1077 1350 necessario
1089 1323 1255 1358 conjunctus
1266 1327 1347 1351 esset.
1364 1324 1433 1359 Ipsis
1445 1332 1510 1352 sane
1522 1324 1667 1359 gentilibus
1679 1323 1755 1351 dete-

126 1363 229 1390 riores:
245 1365 291 1399 qui
310 1368 449 1399 praemium
466 1368 559 1402 probe,
575 1368 738 1403 supplicium
755 1368 878 1403 improbe
888 1371 1042 1398 vrventibus
1055 1371 1113 1398 fore
1128 1373 1319 1400 aestimabant:
1336 1373 1399 1400 andi
1415 1372 1554 1400 Platonem
1567 1372 1622 1407 1a):
1641 1372 1754 1399 Ἀθάνα-

124 1418 171 1441 te;
186 1411 264 1446 ἡμῶν
278 1413 294 1447 ὴ
312 1413 385 1448 ψυχὴ
402 1414 448 1440 καὶ
464 1415 591 1442 οὐδέποτε
604 1416 762 1442 ἀπόλλυται.
777 1415 811 1442 Et
831 1416 912 1444 inferi

986 1423 1079 1452 ugnat,
1094 1419 1226 1454 improbis
1240 1427 1336 1454 pinnas
1356 1428 1417 1447 esse
1436 1423 1609 1455 praeparatas.

159 1455 222 1484 Hice
239 1458 306 1485 satis
321 1464 412 1487 sunto.
430 1460 511 1488 Plura
526 1462 560 1489 dc
576 1463 692 1497 singulis
708 1463 760 1490 hoc
782 1463 809 1489 in
824 1468 897 1490 tomo
909 1465 1082 1493 exstantibus
1098 1465 1125 1492 iu
1149 1466 1267 1500 propriis
1289 1467 1459 1502 singulorum
1481 1465 1712 1493 admonitionibus
1726 1468 1754 1492 et

123 1504 151 1531 in
167 1504 240 1531 lotis
252 1506 381 1540 reperies.
401 1506 490 1540 Salve,
507 1509 613 1536 erudite
630 1509 725 1542 lector,
743 1512 770 1536 ct
787 1508 831 1536 his
845 1508 915 1537 fave.

161 1584 199 1619 (α)
215 1584 276 1612 Lib.
293 1595 308 1613 χ
324 1587 361 1613 De
375 1587 487 1621 repubt.,
504 1595 556 1623 pag
571 1588 623 1616 608
634 1588 698 1616 edit.
711 1588 744 1616 Η.
761 1588 904 1625 Stephani.

127 1662 1139 1678 EH—

467 1738 708 1771 CATALOGUS
726 1737 1103 1771 MANUSCRIPTORDM
1121 1741 1173 1771 ET
1192 1741 1403 1771 EDITORUM

542 1824 668 1860 Quibus
684 1824 718 1854 in
735 1823 879 1856 editione
896 1825 1032 1866 hujusce
1051 1828 1125 1858 torni
1144 1828 1197 1858 usi
1216 1834 1339 1858 sumus.

127 1902 142 1930 1⁷
150 1903 219 1933 rimo
231 1905 312 1933 editis
325 1904 354 1933 S.
372 1905 514 1933 Athanasii
538 1906 667 1935 omnibus
682 1916 744 1945 cum
760 1909 866 1937 Latinis
891 1914 947 1937 tum
972 1911 1188 1938 GraecooLatinis
1205 1912 1247 1939 usi
1273 1919 1368 1939 sumus
1388 1918 1507 1945 semper,
1524 1910 1642 1938 maxime
1663 1915 1754 1938 tamen

660 1944 781 1971 omnium
794 1945 1009 1974 Commciiniena
1021 1951 1049 1974 et
1065 1946 1224 1974 Parisiensi.

162 2055 194 2096 in
210 2056 357 2096 librumde
365 2056 627 2096 IncarnationexUsi
634 2066 729 2086 sumus
744 2063 850 2087 tantum
858 2059 910 2096 Cy-

123 2091 177 2128 rill_i
193 2093 274 2128 editis
291 2093 335 2119 ubi
351 2093 408 2120 luec
425 2098 514 2120 exstat
529 2093 655 2128 epistola.

161 2126 193 2153 In
207 2127 367 2154 Testimonia
391 2136 422 2154 επ
438 2126 578 2161 Scriptura
593 2137 681 2156 sacra.
695 2146 727 2149 —
739 2130 848 2158 Codicis
862 2139 911 2158 cu-

122 2162 232 2198 jusdam
259 2162 381 2198 Vaticani
415 2165 552 2198 cxscripto
572 2168 599 2191 et
620 2163 797 2192 Fclckmunni
819 2166 914 2193 lectio-

124 2197 206 2234 nibus
219 2197 344 2224 codicum
363 2197 540 2234 rBasiliensis,
555 2199 708 2234 Anglicani,
739 2200 914 2228 Felckmanni

123 2232 203 2266 primi
220 2240 252 2259 ac
268 2233 391 2260 secundi.

162 2266 195 2294 In
212 2266 361 2302 Epistolam
378 2269 555 2301 Catholicam,
580 2277 612 2296 ea:
629 2269 801 2298 Fclckmanni
817 2271 914 2298 codici-

125 2302 184 2330 bus.
200 2303 424 2341 —T_Lectio_nil)us
447 2305 572 2332 codicum
599 2305 757 2333 Basiliensis
786 2306 866 2341 primi
888 2310 914 2333 et

125 2338 252 2374 secundi.
267 2339 420 2374 Anglicani,
435 2344 488 2367 etc.

161 2373 193 2400 In
206 2374 390 2410 refutationem
411 2374 557 2410 hypocrisis
581 2375 682 2402 Mcletii
703 2381 727 2403 et
743 2376 850 2403 Eusebii
863 2377 914 2403 Sa-

125 2410 294 2435 mosatenaia.
321 2425 356 2429 —
373 2409 549 2437 Lectionibus
574 2411 677 2438 codicis
705 2412 915 2439 eminentissimi

124 2444 275 2470 cardinalis
293 2444 422 2472 Ottoboni
443 2451 470 2472 et
492 2445 667 2473 Felckmanni
691 2447 853 2474 lectionibus
868 2455 915 2474 c0-

125 2479 218 2540 (ilicpren
252 2479 412 2508 Basiliensis
440 2481 453 2507 1
477 2485 517 2508 ~et
546 2481 573 2513 2,
601 2482 764 2516 Anglicani,
794 2482 913 2511 Felckm.

154 2523 169 2540 e
213 2535 220 2540 .

126 2520 138 2540 1
154 2519 220 2541 (ξιξ.

164 2549 194 2576 1η
210 2558 355 2577 sermonem
371 2551 402 2577 de
418 2551 528 2579 Incarn.
542 2552 591 2579 Dei
609 2551 696 2578 Verbi.
706 2566 740 2572 —
750 2551 850 2580 Codice
866 2552 916 2580 Se-

126 2585 258 2619 gueriano
275 2592 301 2611 et
321 2585 496 2613 Felckmanni
515 2587 679 2614 lectionibus
692 2587 815 2615 codicum
836 2588 915 2615 Basi—

126 2620 230 2656 liensis,
246 2621 400 2656 Anglicani,
418 2622 585 2654 Gobleriani,
602 2622 720 2650 Felckm.
736 2623 748 2649 1
765 2627 792 2650 et
805 2624 832 2650 2.

162 2655 194 2681 1η
207 2655 352 2684 sermonem
363 2657 394 2684 de
407 2663 507 2685 wterna
523 2658 587 2684 Filii
595 2664 619 2686 et
635 2658 748 2691 Spiritus
757 2659 844 2686 sancti
856 2668 916 2686 cum

125 2690 184 2729 Deo
193 2692 383 2729 exsistcgtiaiet
406 2699 499 2720 contra
511 2690 690 2721 Sabeltianos.
699 2709 735 2714 -—
748 2692 915 2729 Segucriano

125 2726 220 2786 tiodice
245 2730 272 2754 et
287 2726 461 2756 Felckmanni
479 2729 643 2757 lectionibus
661 2726 797 2756 codicum'
806 2737 914 2757 eorumA

125 2769 131 2786 i
143 2768 197 2786 (ΗΠ.

124 2768 197 2788 (lem.

161 2795 193 2822 In
205 2798 361 2829 oralionem,
385 2799 454 2834 quod
468 2808 535 2826 unus
555 2799 590 2827 sit
612 2799 745 2827 Christus.
761 2816 796 2821 —-
813 2800 913 2828 Codice

125 2829 292 2865 Segueriano
307 2839 333 2860 et
348 2829 450 2862 Catena
472 2836 498 2863 in
512 2835 614 2863 Lucam
629 2839 655 2863 et
678 2835 851 2863 Felckmanni
877 2836 914 2863 lc-

122 2867 259 2895 ctionibus
277 2869 383 2896 iisdcrn.

1002 2060 1034 2086 In
1051 2059 1146 2086 librant
1173 2059 1204 2086 de
1221 2058 1337 2086 Sabbato
1353 2063 1378 2085 et
1395 2057 1612 2085 Circumcisione.
1628 2074 1663 2078 —
1674 2057 1755 2086 Codi-

966 2095 1044 2122 cibus
1061 2094 1145 2129 Regio
1160 2094 1241 2126 2284,
1258 2098 1285 2121 et
1301 2093 1470 2129 Segueriano
1481 2098 1506 2120 et
1521 2093 1695 2120 Felckmanni
1718 2093 1754 2122 le-

965 2130 1102 2158 ctionibus
1117 2130 1225 2156 iisdem.
1297 2159 1299 2162 ⁴

1003 2165 1035 2192 1η
1053 2165 1199 2192 Homiiiam
1221 2164 1251 2190 de
1268 2164 1398 2191 Semcnte.
1411 2179 1446 2184 -—-
1466 2163 1642 2191 Felckmanni
1659 2164 1756 2192 lectio-

965 2201 1046 2240 nibus
1053 2199 1331 2240 cod-iciSIAnglican'i.
1350 2233 1368 2240 ﬁ
1495 2239 1498 2240 ν
1609 2235 1626 2240 Π
1656 2234 1672 2240 .-

1001 2235 1034 2262 lu
1049 2236 1115 2262 illud
1137 2245 1145 2263 :
1163 2233 1281 2262 Profecti
1305 2235 1331 2260 in
1349 2233 1462 2269 Pagum,
1475 2239 1529 2261 etc.
1552 2251 1584 2254 —
1607 2234 1755 2262 Codicibus

965 2271 1050 2306 Regio
1064 2271 1145 2302 2284,
1162 2276 1189 2297 et
1214 2270 1393 2304 Segueriano,
1408 2275 1434 2297 et
1456 2269 1630 2297 Fclckmanni
1657 2270 1755 2297 lectio-

965 2305 1048 2333 nibus
1065 2307 1190 2333 codicum
1206 2306 1251 2340 qui
1267 2305 1403 2338 superius.

1003 2341 1035 2368 In
1061 2339 1220 2368 sermonenr
1233 2342 1259 2366 in
1289 2340 1441 2367 Passionem
1460 2345 1484 2367 at
1505 2340 1613 2367 Crucem
1637 2339 1752 2368 Domini.

965 2393 999 2397 —
1012 2377 1113 2404 Codice
1135 2377 1220 2412 Regio
1233 2375 1313 2402 228i.
1332 2374 1364 2402 Et
1389 2375 1565 2403 Felckmanui
1590 2375 1754 2403 lectionibus

965 2412 1072 2440 iisdem.

1002 2447 1034 2474 In
1049 2447 1145 2473 librum
1161 2447 1192 2474 de
1209 2447 1375 2482 Virginitate.
1387 2461 1421 2466 ——
1438 2445 1613 2473 Felckmanni
1627 2445 1753 2474 lectioni-

966 2483 1017 2509 bus
1031 2483 1135 2509 iisdem.

1002 2517 1039 2544 In'
1053 2517 1184 2552 Synopsin
1198 2517 1341 2551 Scripiurtl'
1354 2525 1448 2544 sacrw.
1460 2532 1495 2536 —
1513 2517 1572 2544 Uno
1586 2520 1690 2544 tantum
1705 2523 1751 2543 co-

966 2553 1026 2580 dice
1042 2555 1083 2580 usi
1108 2557 1170 2580 sunt
1194 2552 1403 2580 Connneliniani
1426 2552 1472 2586 qui
1496 2553 1573 2587 prius
1596 2552 1750 2583 ediderunt,

966 2589 1051 2616 codex
1065 2589 1120 2622 jam
1138 2589 1182 2627 ubi
1199 2592 1287 2627 exstet
1301 2588 1451 2622 ignoratur.
1467 2587 1507 2627 Ad
1525 2592 1753 2627 postrernuln‘ar-

967 2625 1080 2650 ticulum
1096 2624 1142 2657 qui
1163 2623 1258 2650 Latine
1269 2627 1375 2649 tantum
1394 2622 1517 2649 exstabat
1530 2624 1556 2650 in
1570 2623 1645 2657 prius
1658 2622 1750 2653 editis.

967 2660 1009 2686 usi
1026 2667 1121 2686 sumus
1142 2660 1283 2686 codicibus
1308 2657 1393 2691 Regio
1407 2658 1485 2688 1807,
1502 2665 1529 2684 et
1543 2657 1752 2692 exseriptoialio

967 2703 982 2721 a
999 2695 1028 2722 D.
1044 2694 1145 2722 Jacobo
1156 2694 1210 2720 Mill
1222 2693 1363 2729 principali
1377 2693 1482 2728 collegii
1497 2691 1667 2720 S.Edmundi
1680 2691 1752 2719 Oxo-

967 2737 1079 2757 IllcnSlS.

1004 2765 1039 2792 In
1058 2765 1271 2800 Disputationem
1293 2771 1386 2791 contra
1414 2764 1510 2800 Arium
1524 2764 1551 2800 in
1571 2763 1683 2800 concilio
1704 2763 1753 2800 Ni-

968 2798 1236 2839 cwno._——_C0dici_bus
1248 2800 1339 2839 Regiis
1351 2799 1432 2839 255%
1445 2799 1613 2839 2§92,"2_9IQ,
1622 2798 1751 2839 ctFelclc-

969 2836 1062 2862 manni
1082 2836 1245 2862 lectionibus
1265 2835 1389 2862 codicum
1406 2834 1575 2870 Basiliensis,
1590 2834 1751 2870 Augustani,

970 2871 1123 2906 Anglicani,
1139 2870 1295 2899 Felckman.
1315 2871 1345 2903 1,
1360 2870 1387 2902 2,
1403 2873 1428 2908 et
1443 2869 1608 2897 Goblcriani.
