1898 3053
131 154 167 182 2'5
698 155 726 182 S.
747 154 880 183 ATHANA

1008 167 1031 176 -ο
1046 140 1163 183 ῡυΒιΑζ
1723 157 1757 184 es

230 334 582 382 ADMONITIO
620 336 684 380 IN
724 337 1029 382 LIBELLUM
1069 337 1143 381 DE
1182 335 1660 382 INCABNATIONE.

170 490 284 520 Grandis
299 500 315 518 a
329 490 419 517 multis
434 494 504 516 retro
519 490 625 517 sttculis
639 490 690 524 fuit
703 491 736 518 de
749 492 797 518 hoc
811 494 938 526 opusculo
952 493 1140 520 controversia.
1159 491 1231 518 Nam
1251 499 1310 518 cum
1329 491 1398 517 inter
1414 489 1509 525 Cyrilli
1525 499 1604 526 opera
1619 492 1762 521 Athanasii

134 542 238 570 nomine
252 543 414 574 compareat,
432 544 457 565 et
473 538 700 574 Eutychianorum
715 539 809 567 Itteresi
828 542 993 575 patrocinari
1017 541 1148 573 rideatur,
1165 540 1224 566 hinc
1247 539 1405 573 Eutychiani
1424 544 1579 574 argumenta
1606 541 1631 567 in
1650 549 1761 569 suarum

133 587 249 623 partium
272 584 419 613 subsidium
442 585 556 610 mutuati
573 589 653 616 sunt;
669 585 717 611 alii
733 590 825 612 contra
850 586 1014 621 pugnabant,
1042 586 1138 613 librum
1165 594 1216 612 non
1244 584 1385 611 Athanasii
1411 584 1456 610 sed
1481 585 1596 612 haretici
1622 588 1762 621 cujusdam

135 633 311 661 Athanasium
327 630 491 659 ementientis
507 637 573 660 esse,
589 633 613 655 et
628 629 757 656 insertum
780 630 864 664 fuisse
885 631 912 657 in
928 630 1023 665 Cyrilli
1040 630 1180 665 epistolam
1196 629 1230 656 ad
1247 628 1371 663 Reginus.
1390 628 1456 656 Iltec
1474 635 1534 656 sunt
1550 629 1735 666 Cyrillirerba
1754 640 1762 661 τ

134 683 196 710 ..Οτι
208 682 235 709 δὲ
252 681 299 708 καὶ
319 682 336 716 ἠ
357 679 481 710 θεοτόκος
501 679 575 712 φωνὴ
599 677 645 704 καὶ
665 678 756 709 αὐτοῖς
776 678 870 712 γέγονε
888 679 1005 715 συνήθης
1022 680 1077 710 τοῖς
1095 678 1146 714 πρὸ
1164 677 1241 713 ἡμῶν
1263 677 1349 711 ἁγίοις
1366 675 1509 711 πατράσιν,
1529 676 1553 702 οἳ
1572 678 1617 703 καὶ
1636 679 1680 704 ἐπ.
1694 679 1761 714 ὀρθῇ

134 727 318 764 Θαυμάζονται
334 727 433 755 πίστει,
453 725 499 751 καὶ
512 724 552 755 εἰς
563 723 642 759 δεῦρο
656 724 722 750 πᾶσι
735 725 791 755 τοῖς
803 724 854 751 ἀνὰ
870 725 971 756 πᾶσαν,
983 725 1021 757 ὡς
1036 724 1101 756 ἔπος
1114 725 1210 756 εἰπεῖν,
1226 724 1274 760 τὴν
1289 724 1334 750 ὑπ’
1347 722 1468 758 οὐρανὸν,
1485 722 1538 748 δεῖν
1551 722 1643 758 ᾠήθην
1655 724 1762 759 ἀληθῶς

134 777 282 811 summm.
302 776 360 802 Ἵνα
373 775 427 810 γὰρ
445 774 481 809 μὴ
503 772 610 808 δοκοίην
627 773 657 799 τὸ
674 773 713 804 εἰς
734 772 796 799 νοῦν
811 770 877 809 ἧκον
894 773 987 805 ἁπλῶς
1009 773 1197 805 ἀϐασανίστως
1213 773 1311 808 λέγειν,
1330 772 1362 798 ὲκ
1378 772 1431 798 τῶν
1444 772 1556 804 ἐκείνοις
1572 774 1763 810 πεποιημένων

135 821 243 856 βιϐλίων
257 821 285 846 ὲν
300 821 333 856 τῇ
357 817 505 853 Ἐκκλησίςι
519 817 553 843 τὰ
574 818 614 849 εἰς
628 817 707 844 τοῦτο
721 818 843 853 χρήσιμα
868 817 1090 851 συνεισενεγκὼν,
1119 817 1167 844 καὶ
1186 816 1318 853 παραθεὶς
1342 816 1382 847 εἰς
1403 815 1548 847 ἀπόδειξιν,
1566 818 1763 853 κατασφραγιῶ

134 869 174 899 εἱς
191 867 318 902 ἀλήθειαν
333 867 394 896 τοὺς
409 862 527 899 ἐμαυτοῦ
542 863 646 896 λόγους.
663 863 734 898 Ἔφη
746 863 836 890 τοίνυν
850 863 888 894 ὡς
902 863 1011 898 ἀληθῶς
1023 863 1036 889 ὁ
1049 863 1248 899 τρισμακάριος
1261 862 1307 889 καὶ
1320 860 1460 896 διαϐόητος
1473 861 1512 892 εἰς
1526 861 1665 890 εὐσέϐειαν
1683 863 1764 890 Ἀθα-

133 912 233 942 νάσιοςς
257 911 270 936 ὁ
284 910 429 944 γενόμενος
444 910 514 936 κατὰ
529 911 643 946 καιροὺς
656 911 706 946 τῆς
727 911 923 947 Ἀλεξανδρέων
948 912 1113 947 Ἐκκλησίας
1128 911 1287 943 ἐπίσκοπος,
1302 912 1331 938 ἐν
1353 909 1393 946 τῷ
1413 909 1484 943 Περὶ
1498 911 1676 944 σαρκώσεως
1691 911 1763 948 λόγῳ

133 958 198 993 περὶ
218 956 336 992 Χριστοῦ
360 956 433 982 τάδε.
456 954 490 982 Id
503 959 542 982 est
560 963 568 981 :
583 955 661 988 Quod
682 961 771 983 autem
787 964 849 988 vox,
865 956 990 992 Deipara,
1008 957 1110 984 sanctis
1126 955 1256 983 Patrihus
1275 955 1322 990 qui
1348 962 1398 982 nos
1414 959 1595 988 antecessere,
1613 958 1714 992 quique
1727 959 1763 985 ob

133 1008 235 1031 rectam
254 1011 331 1031 suam
347 1002 438 1034 ﬁdem,
457 1010 511 1030 non
529 1003 588 1031 sine
603 1003 784 1032 admiratione
799 1005 958 1039 laudamur,
978 1005 1149 1040 frequentata
1176 1005 1268 1036 fuerit,
1287 1012 1394 1032 necnon
1413 1004 1446 1031 ad
1465 1004 1516 1032 hoc
1540 1013 1627 1040 usque
1642 1009 1761 1042 tempus,

133 1056 182 1086 per
200 1053 300 1081 totum,
325 1053 355 1076 ιιι
372 1048 410 1075 ita
432 1049 534 1080 dicam,
558 1049 652 1076 orbetn
676 1054 812 1077 terrarum
831 1050 857 1077 in
877 1058 927 1077 usu
950 1051 995 1081 sit,
1018 1049 1253 1085 comprobandum
1268 1057 1329 1077 esse
1350 1052 1516 1081 existimavi.
1530 1052 1568 1080 Ne
1584 1053 1678 1081 videar
1689 1055 1762 1083 enim

132 1101 238 1124 temere
259 1100 285 1123 et
301 1095 503 1123 inconsiderate
518 1097 592 1132 quod
606 1097 634 1124 in
651 1101 768 1124 mentem
786 1098 861 1124 venit
875 1096 992 1130 eﬂ‘utire,
1008 1097 1178 1133 argumentis
1195 1097 1301 1125 idoneis
1315 1106 1347 1125 cx
1364 1099 1442 1126 libris
1455 1108 1525 1135 qttos
1541 1101 1579 1128 illi
1596 1101 1622 1128 in
1639 1101 1762 1129 Ecclesia

132 1151 311 1179 composuere
330 1143 471 1174 mutuatis,
487 1144 639 1170 orationem
658 1151 744 1171 meam
764 1144 798 1171 ad
813 1145 850 1171 rei
866 1144 944 1172 iidem
958 1144 1119 1179 obsignabo.
1134 1143 1179 1171 Ait
1192 1144 1273 1179 igitur
1290 1144 1467 1173 bealissitnus
1483 1153 1514 1173 ac
1529 1147 1637 1182 pietatis
1653 1148 1764 1175 nomine

133 1189 330 1217 celeberrimus
345 1188 525 1220 Athanasius,
538 1188 603 1215 olim
618 1188 810 1216 Alexandrinze
826 1189 956 1218 Ecclesia:
968 1190 1115 1225 episcopus
1135 1189 1163 1216 in
1187 1190 1258 1217 libro
1279 1189 1317 1217 De
1334 1189 1533 1225 lncarnatione,
1549 1193 1582 1220 de
1593 1192 1704 1220 Christo
1721 1194 1764 1220 lo-

133 1242 232 1270 quens,
254 1233 384 1261 istltzec...
403 1233 536 1268 Aﬁ’ertque
552 1233 646 1260 exinde
660 1233 805 1260 maximam
820 1239 922 1268 partem
936 1234 1066 1268 opusculi.
1083 1234 1155 1267 Quia
1173 1242 1232 1261 vero
1247 1234 1322 1262 initio
1338 1235 1421 1264 libelli
1436 1238 1534 1264 dicitur
1549 1239 1575 1265 in
1591 1238 1697 1266 Christo
1711 1247 1764 1266 non

131 1282 200 1309 duas
221 1290 278 1309 esse
298 1287 410 1309 naturas
434 1281 479 1308 sed
497 1290 577 1308 unam
604 1286 728 1308 naturam
745 1281 880 1309 incarnata

1013 1293 1014 1302 ι
1029 1282 1109 1316 φύσιν
1124 1282 1346 1318 σεσαρκωμένην,
1358 1283 1414 1311 ha-c
1432 1285 1590 1320 Eutyr/tiani
1613 1287 1640 1312 in
1662 1285 1762 1321 synodo

133 1329 340 1357 Chalcedonensi
356 1329 500 1364 offerebant
517 1336 543 1364 p.
562 1328 625 1360 181,
643 1329 681 1355 sic
695 1337 704 1356 :
726 1329 797 1363 Ἐγὼ
814 1329 842 1356 δὲ
866 1339 881 1365 χ

1013 1329 1058 1365 ἷχω
1081 1329 1135 1357 τῶν
1156 1330 1241 1364 ἁγίων
1258 1331 1395 1366 πατέρων,
1418 1330 1586 1364 Ἀθανασίου,
1600 1332 1762 1368 Γρηγορῐου,

132 1375 278 1411 Κυρίλλου,
295 1376 324 1402 ὲν
342 1375 448 1407 πολλοῖς
461 1375 566 1407 τόποις,
580 1375 620 1402 ὅτι
635 1376 666 1402 οὐ
685 1375 726 1402 δεῖ
739 1375 830 1410 λέγειν
853 1377 922 1412 μετὰ
941 1376 990 1412 τὴν
1010 1377 1108 1404 Ξνωςιν
1125 1377 1171 1403 δύο
1190 1377 1294 1412 φύσεις,
1318 1377 1386 1404 ἀλλὰ
1403 1377 1468 1412 μίαν
1485 1378 1701 1413 σεσαρκωμὲνην
1715 1377 1763 1405 τοῦ

134 1423 221 1458 Λόγου
237 1423 327 1458 φύσιν.
346 1422 403 1450 Hoc
414 1428 453 1450 est
469 1430 477 1449 :
495 1422 551 1458 Ego
568 1431 633 1451 vero
646 1431 696 1451 usu
713 1429 869 1451 sanctorum
886 1424 1009 1456 Patrum,
1024 1424 1177 1457 Athanasii,
1195 1423 1331 1459 Gregorii,
1349 1424 1443 1461 Cyrilli
1462 1427 1488 1454 in
1506 1427 1600 1454 multis
1615 1427 1682 1455 locis
1699 1435 1763 1461 pro-

133 1469 200 1497 bare
214 1478 338 1505 possunt,
360 1478 414 1497 non
432 1470 564 1499 dicendas
580 1480 641 1500 esse
661 1477 723 1507 post
740 1473 868 1500 unionem
881 1473 950 1500 duas
964 1477 1088 1507 naturas,
1105 1473 1152 1501 sed
1174 1481 1255 1501 uuam
1271 1474 1440 1501 inearnatam
1457 1475 1538 1503 Verbi
1553 1480 1688 1506 naturam.
1706 1476 1762 1503 Alii

134 1518 275 1545 adversum
290 1516 481 1545 contendebant
497 1518 615 1545 libellum
636 1519 778 1546 Athanasii
793 1528 846 1547 non
859 1529 925 1553 esse,
944 1520 990 1548 sed
1003 1521 1200 1556 supposititium
1214 1525 1239 1547 et
1253 1521 1374 1556 quoidam
1388 1521 1465 1556 hujus
1478 1522 1541 1549 libri
1555 1532 1612 1559 qum
1628 1532 1644 1549 α
1660 1523 1763 1558 Cyrills

134 1564 292 1596 laudantur,
303 1563 402 1590 inserta
415 1563 447 1590 ab
460 1563 589 1592 ha’reticis
603 1564 685 1599 fuisse
696 1566 722 1592 in
737 1565 856 1600 operibus
869 1565 965 1601 Cyrilli
978 1567 1081 1594 nomine
1095 1566 1246 1594 Athanasii.
1260 1567 1330 1593 Audi
1341 1566 1478 1595 Leontium
1490 1569 1645 1596 aduocatum
1658 1569 1765 1604 Byzan-

133 1614 220 1641 tinum
237 1613 276 1640 De
296 1611 391 1645 sectis,
405 1612 508 1639 actione
523 1616 626 1640 octava.
651 1613 750 1648 Aliam,
772 1615 868 1649 inquit,
891 1614 1032 1649 proferunt
1054 1615 1245 1642 auctoritatem
1269 1615 1357 1642 sancti
1379 1615 1521 1642 Athanasii
1537 1623 1569 1642 ex
1584 1616 1707 1642 oratione
1727 1615 1765 1642 De

134 1651 336 1692 Incarnatiane,
352 1667 414 1695 qua
427 1659 536 1694 quidem
553 1659 711 1694 bujusmodi
724 1663 767 1687 est
785 1670 792 1687 :
810 1660 936 1688 eumdem
953 1668 1016 1689 esse
1037 1660 1084 1688 Dei
1104 1660 1215 1693 Filium,
1239 1661 1346 1688 ratione
1362 1661 1487 1695 spiritus,
1504 1666 1530 1687 et
1545 1661 1664 1688 hominis
1680 1660 1765 1688 lilium

133 1707 240 1735 ratione
255 1706 347 1733 carnis
360 1714 368 1731 -.
381 1712 435 1732 non
447 1704 516 1732 duas
526 1707 639 1732 naturas
654 1713 739 1732 unum
752 1705 827 1732 illum
841 1705 940 1733 Filium
956 1716 962 1733 :
977 1714 1092 1742 quarum
1108 1714 1163 1734 una
1178 1707 1215 1734 sit
1226 1707 1375 1737 adoranda.
1390 1714 1444 1734 non
1458 1706 1596 1734 adoranda
1612 1707 1647 1733 sit
1658 1707 1763 1734 altera:

134 1753 182 1782 sed
194 1761 274 1781 unam
283 1756 419 1780 naturam.
432 1750 479 1779 Dei
492 1751 625 1779 sermonis
636 1752 815 1780 incarnatam.
824 1752 1030 1788 Respondemus
1040 1755 1127 1789 primo
1135 1754 1238 1782 dictum
1247 1755 1298 1782 hoc
1307 1755 1387 1782 nobis
1398 1762 1451 1782 non
1459 1753 1610 1782 adversari.
1620 1753 1676 1780 Non
1689 1754 1763 1782 enim

133 1802 203 1830 dttas
217 1804 329 1828 naturas
340 1800 376 1827 ita
387 1800 521 1827 tradimus
531 1804 561 1826 ut
570 1799 697 1827 adoretur
704 1808 767 1832 una,
778 1808 832 1828 non
841 1801 970 1828 adoretur
982 1801 1066 1829 altera
1076 1811 1082 1829 :
1093 1802 1138 1829 sed
1148 1809 1229 1829 unam
1237 1801 1384 1830 statuimus
1392 1808 1453 1829 esse
1462 1804 1586 1827 naturam
1604 1799 1650 1827 Dei
1659 1807 1765 1828 sermo-

134 1848 179 1876 nis
189 1849 370 1876 incarnatam.
382 1846 484 1874 Deinde
495 1855 528 1874 ne
534 1847 644 1882 quidem
657 1853 699 1875 est
707 1847 849 1876 Athanasii
861 1857 940 1881 ;nam
951 1857 1013 1876 cum
1022 1857 1036 1875 a
1049 1849 1128 1876 nobis
1137 1849 1350 1884 interrogantur,
1362 1848 1408 1876 ubi
1423 1848 1527 1875 dictum
1535 1847 1587 1874 hec
1601 1851 1703 1881 exstet;
1715 1855 1766 1875 nec

134 1896 195 1930 eius
209 1895 371 1923 ostendendi
384 1894 491 1929 copiam
503 1895 604 1922 habent
620 1905 627 1922 z
643 1895 671 1922 in
685 1899 791 1923 arctum
803 1897 893 1924 coacti
908 1897 1036 1933 pusillam
1050 1897 1196 1932 quamdam
1211 1898 1362 1925 orationem
1377 1896 1535 1932 proferunt,
1556 1895 1635 1931 quasi
1647 1895 1766 1922 duorttm

135 1943 276 1975 foliorum,
294 1943 321 1969 in
341 1948 396 1976 qua
416 1940 518 1968 dictum
535 1941 586 1969 hoc
603 1942 710 1978 legitur.
725 1944 760 1970 At
775 1949 870 1971 notum
886 1950 929 1972 est
942 1945 1078 1972 universis
1093 1945 1184 1972 omnia
1204 1946 1293 1972 sancti
1310 1944 1454 1972 Athanasii
1472 1951 1556 1979 opera
1571 1943 1651 1970 valde
1669 1949 1767 1978 magna

134 2000 206 2021 esse.
224 1990 294 2023 Quid
309 1993 398 2016 autem
415 1988 448 2015 ad
469 1989 520 2015 hoc
538 1989 775 2024 respondebimus,
795 1989 869 2025 quod
887 1990 996 2018 beatum
1013 1990 1144 2026 Cyrillum
1160 1990 1324 2026 producunt,
1345 1993 1475 2019 citantem
1502 1991 1554 2018 hoc
1576 1991 1680 2018 dictum
1698 1991 1768 2018 libro

136 2038 270 2065 Adversus
291 2035 468 2066 Theodorum,
487 2035 567 2070 quasi
590 2037 744 2072 proiectum
768 2038 802 2065 ab
822 2037 993 2065 Athanasio?
1012 2037 1145 2064 Nimirum
1169 2037 1298 2072 dicimus,
1322 2045 1418 2074 reapse
1436 2038 1546 2072 quidem
1563 2037 1631 2064 illttd
1649 2038 1676 2064 in
1695 2037 1767 2064 beati

135 2086 229 2122 Cyrilli
244 2084 344 2112 Contra
360 2083 525 2110 Theodorum
540 2083 683 2113 invectivis
702 2085 752 2120 legi
767 2094 774 2112 :
795 2085 842 2113 sed
859 2085 987 2112 mendum
1003 2093 1065 2112 esse
1080 2085 1213 2120 priscum.
1230 2085 1379 2113 Dioscorus
1397 2085 1482 2117 enim,
1501 2092 1646 2112 successor
1664 2084 1694 2110 Β.
1715 2085 1768 2120 Cy-

135 2133 189 2160 rilli
211 2131 310 2164 factus,
327 2139 389 2158 cum
406 2132 466 2166 ejus
488 2136 572 2166 Opera
595 2134 753 2167 reperisset,
779 2132 850 2160 forte
869 2140 924 2160 non
942 2133 1044 2160 veritus
1067 2136 1109 2160 est
1124 2124 1246 2160 inserere
1261 2133 1403 2166 nonnulla,
1424 2141 1485 2168 qua:
1504 2133 1555 2168 ipsi
1570 2133 1686 2160 lubitutn
1705 2132 1767 2160 fuit.

135 2177 229 2213 Neque
244 2185 309 2205 vero
324 2177 491 2212 eonjecturis
508 2184 558 2205 nos
574 2178 654 2205 modo
669 2178 730 2210 niti,
748 2178 821 2213 quod
846 2178 876 2205 Β.
899 2177 1019 2214 Cyrillus
1038 2178 1105 2205 illud
1127 2181 1224 2205 contra
1244 2177 1417 2206 Theodorum
1434 2186 1488 2205 non
1503 2177 1673 2213 produxerit,
1689 2185 1721 2204 ex
1736 2184 1769 2204 eo

136 2230 247 2258 quoque
264 2222 440 2250 manifestum
454 2227 506 2253 est.
525 2224 592 2252 Nam
608 2225 800 2254 Theodoretus
819 2227 866 2262 qui
885 2227 1060 2254 Theodorum
1080 2226 1254 2259 defendebat,
1273 2227 1416 2255 universas
1437 2227 1616 2254 auctoritates
1634 2225 1767 2258 refutans,

135 2276 317 2304 quascunque
330 2273 441 2296 sanctus
453 2269 571 2304 Cyrillus
589 2276 684 2299 ccutra
697 2272 871 2300 Theodorum
887 2273 921 2301 de
936 2273 1039 2301 sanctis
1053 2273 1182 2302 Patribus
1197 2274 1358 2308 protulerat.
1373 2280 1509 2307 nusquam
1525 2272 1608 2307 hujus
1623 2272 1689 2299 dicti
1712 2279 1769 2298 me-

137 2316 226 2343 minit.
240 2318 275 2342 At
291 2315 363 2342 enim
381 2315 426 2342 isti
443 2315 578 2348 referunt,
591 2324 605 2343 a
621 2317 794 2345 Theodoreto
809 2318 908 2346 callide
924 2318 1075 2352 omissum;
1090 2317 1163 2353 quod
1179 2318 1251 2346 enim
1277 2318 1410 2345 adversus
1424 2324 1484 2344 eam
1500 2316 1692 2344 auctoritatem
1701 2323 1769 2342 ocu-

135 2363 169 2390 lis
182 2362 305 2397 aspicere
319 2369 374 2389 non
389 2366 492 2396 posset,
514 2365 545 2389 ut
561 2363 708 2391 admodum
724 2365 833 2399 planam
845 2368 872 2392 et
884 2369 1006 2399 apertam
1018 2385 1025 2398 ,
1046 2365 1150 2393 ideirco
1168 2368 1265 2398 sponte
1281 2364 1316 2391 ab
1329 2364 1389 2399 ipso
1405 2363 1628 2401 praetermissam.
1644 2361 1770 2397 Respon-

135 2409 242 2441 demus,
261 2412 368 2436 tantum
386 2409 483 2436 abesse
499 2414 528 2437 ut
546 2418 605 2438 eam
620 2411 810 2440 Theodoretus
828 2412 864 2439 ibi
880 2412 996 2447 positam
1019 2413 1159 2448 prteterire
1179 2412 1306 2444 voluerit,
1326 2415 1355 2438 ut
1371 2419 1433 2437 ettm
1450 2410 1480 2438 Β.
1501 2410 1547 2437 ille
1563 2409 1684 2445 Cyrillus
1703 2409 1769 2437 alibi

135 2454 260 2485 dixisset,
273 2462 355 2481 unam
371 2458 497 2482 naturam
520 2455 567 2483 Dei
585 2457 720 2484 sermonis
741 2456 924 2489 incarnatam,
945 2457 1081 2492 siquidem
1097 2457 1225 2485 scivisset
1237 2457 1425 2484 Theodoretus
1440 2457 1467 2485 id
1481 2457 1593 2484 verbum
1608 2456 1680 2491 quod
1696 2455 1769 2490 apud

136 2499 268 2535 Cyrillum
282 2504 383 2533 exstat,
396 2510 430 2529 ex
443 2507 538 2530 sancto
555 2503 705 2532 Anathasio
719 2505 846 2537 citatum,
867 2512 1040 2540 nequaquam
1053 2506 1121 2532 adeo
1138 2510 1238 2532 temere
1249 2505 1377 2532 dicturus
1389 2504 1471 2532 fuerit
1486 2514 1492 2532 :
1509 2505 1577 2538 Quis
1592 2505 1641 2532 tibi
1653 2504 1769 2532 Patrum

136 2545 205 2572 dixit
220 2553 302 2572 unam
319 2552 443 2575 naturam
459 2549 506 2577 Dei
521 2552 657 2579 sermonis
674 2553 864 2579 incarnatam?
877 2551 1005 2580 Vicissim
1021 2554 1159 2588 ingerunt,
1183 2556 1238 2579 tam
1262 2560 1323 2580 esse
1337 2557 1443 2580 eertum
1459 2553 1574 2581 scivisse
1589 2553 1629 2579 sic
1645 2552 1766 2581 iocutum

137 2592 334 2620 Athanasium:
357 2598 387 2620 ut
408 2596 490 2623 etiam
510 2596 628 2631 dixerit;
645 2597 876 2632 quemadmodum
898 2597 993 2626 Patres
1013 2599 1097 2626 loettti
1115 2603 1190 2626 sunt.
1210 2597 1266 2625 Nos
1280 2602 1388 2631 contra,
1404 2597 1675 2634 quemquedicimus
1689 2599 1766 2634 eniti,

138 2644 167 2666 ut
179 2640 318 2673 ostendat,
337 2649 352 2668 a
368 2641 495 2671 Patribus
509 2652 541 2672 ea
557 2645 673 2680 prolata,
690 2653 751 2680 qua:
769 2646 826 2679 ipse
842 2645 940 2676 tradat,
962 2646 984 2673 si
1008 2654 1062 2673 non
1083 2646 1186 2673 eisdem
1205 2645 1306 2676 verbis,
1331 2645 1428 2672 saltem
1444 2645 1470 2671 vi
1491 2645 1637 2671 verborum
1660 2643 1766 2671 eadem.

139 2686 205 2715 Haec
218 2687 386 2723 longiuscule
401 2691 462 2718 licet
477 2701 491 2719 e
506 2701 534 2719 re
553 2693 605 2727 fuit
622 2693 663 2719 hic
685 2694 792 2728 a/ferre,
810 2699 838 2720 ut
860 2693 947 2720 videat
970 2693 1089 2720 eruditus
1114 2693 1206 2724 lector,
1229 2693 1256 2719 in
1276 2700 1327 2727 quo
1343 2691 1454 2726 quatstio
1469 2690 1622 2726 hujusmodt
1637 2690 1689 2717 sita
1703 2692 1767 2717 olim

139 2737 228 2771 fuerit.
245 2737 280 2764 Et
293 2747 357 2766 sane
372 2745 432 2767 sunt
447 2749 505 2776 quw
524 2742 592 2775 forte
613 2743 743 2770 suadeant
764 2751 794 2769 ea
814 2751 871 2777 quin
882 2743 1003 2776 superius
1017 2751 1049 2769 εει
1065 2741 1166 2777 Cyrillo
1183 2741 1336 2772 attulimus,
1351 2747 1411 2766 cum
1425 2737 1546 2764 oratione
1560 2734 1702 2761 Athanasii
1718 2742 1767 2760 no-

140 2786 210 2812 mine
229 2785 401 2822 subsequente
416 2787 521 2822 adjecta
542 2788 639 2823 Cyrilli
663 2789 781 2822 epistolae
797 2788 890 2822 fuisse.
915 2787 987 2814 Nam
1011 2789 1050 2814 uti
1068 2795 1149 2821 supra
1165 2786 1263 2814 dicitur
1279 2795 1337 2821 qua-
1352 2786 1501 2820 a/feruntur
1517 2789 1548 2809 et:
1561 2781 1710 2808 Athanasio
1728 2780 1766 2808 Ite

141 2831 342 2864 lncarnatione,
358 2833 393 2859 ad
407 2836 484 2861 unius
496 2834 565 2860 vocis
583 2833 708 2864 θεοτόκος
727 2841 804 2859 nsunt
819 2832 1042 2866 comprobandum
1057 2832 1227 2859 adducuntur
1243 2832 1271 2857 in
1286 2830 1416 2862 medium;
1431 2830 1500 2856 unde
1519 2829 1633 2863 fortasse
1647 2828 1767 2855 videatur

140 2877 234 2904 inutile
257 2877 339 2913 ﬁuisse
357 2879 451 2914 a/ferre
470 2885 553 2908 totum
577 2889 640 2915 pne
661 2881 788 2914 libellunt,
809 2887 867 2907 cum
887 2881 1001 2907 maxime
1027 2880 1075 2908 sub
1093 2880 1197 2907 initium
1214 2879 1345 2905 duntaxat
1369 2885 1419 2905 vos:
1442 2878 1489 2904 illa
1510 2876 1645 2909 Οεοτὸκυς,
1662 2875 1694 2903 de
1715 2883 1766 2911 qua
