1898 3053
113 135 147 163 51
698 139 726 167 S.
747 138 897 166 ATHANA!

996 152 1032 158 —
1051 137 1164 165 DUBIA.
1712 137 1748 164 52

115 201 182 224 tur:
201 205 212 223 ι
226 196 295 224 Cum
310 204 460 226 conversus
474 197 557 226 fuerit
575 198 608 225 ad
627 198 783 231 Dominum.
797 198 897 226 aufere-

987 206 1045 231 γει·
1066 206 1074 222 ι
1092 197 1177 223 Ὅταν
1202 195 1352 231 ἐπιστρέψῃ
1379 195 1448 231 πρὸς
1464 195 1577 232 Κύριον,
1594 197 1747 232 περιαιρεῖ-

116 247 162 269 tur
177 243 310 270 velamen.
328 244 460 271 Dominus
471 249 563 271 autem
584 243 704 279 Spiritus
716 249 759 272 est
772 253 778 272 :
797 244 844 272 ubi
859 252 907 271 au-

116 292 170 316 tem
186 289 306 325 Spiritus
317 289 435 322 Domini,
452 290 488 317 ibi
503 291 617 319 libertas
628 291 661 318 ".
678 300 688 318 ι

365 345 392 380 3
407 345 435 373 Ξ.
448 345 487 373 De
501 346 685 381 viviﬁcatione.

154 391 222 418 Dicit
245 391 391 419 Salvator:
406 401 415 418 ι
443 391 522 420 Sicut
547 392 628 420 Pater
649 392 765 420 suscitat
784 397 907 420 mortuos

115 440 142 463 et
157 437 285 470 viviﬁcat,
305 438 345 465 sic
363 442 390 466 et
411 438 508 471 Filius,
530 446 601 474 quos
621 439 689 470 vult.
710 438 871 465 viviﬁcat“.
893 448 903 465 ι

116 482 154 509 De
171 483 273 518 Spiritu
289 489 386 512 sancto
399 484 463 512 item
480 485 518 511 ait
532 494 539 512 :
558 495 567 511 ι
587 485 706 520 Spiritus
720 488 764 512 est
777 484 824 519 qui
838 484 906 512 vivi-

116 526 189 559 ﬁcat,
211 535 276 554 caro
296 536 351 556 non
371 529 483 564 prodest
498 529 646 565 quidquam
660 530 692 556 ”.
709 540 718 556 ι
739 529 771 557 Ει
790 529 906 565 Aposto-

115 572 158 600 lus
175 583 181 600 :
201 583 210 599 ι
226 573 328 602 Littera
346 575 457 609 occidit,
474 576 593 612 Spiritus
608 576 765 604 vivificat“.
788 586 798 603 ι

373 665 399 692 5.
419 664 457 692 De
471 665 647 693 ordinatione.

151 709 188 737 De
204 709 283 738 Patre
305 710 408 739 Paulus
433 713 490 739 ait:
511 723 519 738 ‹
537 712 712 740 PosuitDcus
729 713 756 740 in
769 712 903 744 Ecclesia.

115 755 246 790 primum,
277 757 433 791 apostolos;
464 759 597 790 secundo,
628 758 902 793 prophetasﬁertio,

115 801 262 835 magistros
273 802 304 833 ”.
326 812 335 828 ι
350 808 403 830 etc.
417 803 454 830 De
469 803 547 836 Filio,
567 803 638 831 idem
655 803 802 839 Apostolus
818 804 903 831 dicit:

118 856 128 872 ι
148 847 199 880 Qui
225 848 387 882 descendit,
410 850 469 885 ipse
485 855 537 880 est.
562 854 589 878 et
605 851 652 885 qui
675 851 799 878 ascendit
822 858 904 885 supra

957 253 1002 271 ται
1015 244 1045 270 τὸ
1059 243 1200 278 κάλυμμα.
1219 243 1249 269 ’0
1263 243 1291 269 δὲ
1308 242 1410 278 Κύριος
1431 242 1462 268 τὸ
1476 241 1588 277 Πνεῦμά
1604 243 1677 270 ἔστιν
1687 250 1694 257 ’
1716 239 1748 270 οὗ

955 289 985 316 δὲ
1003 289 1034 316 τὸ
1045 289 1157 325 Πνεῦμα
1170 288 1283 325 Κυρίου,
1299 289 1358 315 ἐκεῖ
1369 287 1509 324 ἐλευθερία
1528 288 1594 323 (ll).
1615 297 1624 314 ι

1177 345 1203 372 2.
1224 345 1294 380 Περὶ
1311 345 1522 379 ζωοποιήσεως.

994 392 1076 427 Λέγει
1089 393 1220 428 ὸΣωτήρ·
1241 401 1249 417 ι
1264 392 1370 427 Ὥσπερ
1380 392 1394 418 6
1404 391 1499 426 Πατὴρ
1514 389 1614 426 ἐγείρει
1627 395 1689 422 τους
1703 398 1748 417 νε-

957 438 1038 474 κροὺς
1054 438 1100 464 καὶ
1113 437 1254 470 ζωοποιεῖ,
1265 436 1350 468 οὕτως
1363 437 1410 463 καὶ
1422 437 1436 462 6
1447 436 1508 468 Υἱὸς
1523 435 1569 467 οὓς
1582 436 1663 466 θέλει,
1677 435 1745 467 ζωο-

957 485 1042 510 ποιεῖ·
1061 493 1069 509 ι
1087 483 1134 510 καὶ
1151 483 1272 519 περὶτοῦ
1286 482 1444 518 Πνεῦματός
1459 491 1524 518 φησι
1535 491 1541 498 ι
1563 491 1571 508 ι
1585 482 1622 508 Τὸ
1633 481 1746 516 Πνεῦμα

956 530 1014 556 ἐστι
1029 529 1059 556 τὸ
1076 529 1238 562 ζωοποιοῦν,
1262 529 1278 564 ἡ
1296 527 1364 564 σὰρξ
1376 528 1426 554 οὐκ
1441 528 1540 562 ὡφελεῖ
1552 527 1637 554 οὐδέν.
1653 536 1662 552 ι
1691 526 1747 553 Καὶ

955 575 969 601 6
983 574 1143 606 Ἀπόστολος
1152 583 1159 589 ·
1174 584 1183 601 ι
1196 575 1232 601 Τὸ
1243 574 1360 610 γράμμα
1374 573 1528 601 ἀποκτείνει
1539 593 1546 605 ,
1557 573 1587 600 τὺ
1596 573 1624 600 δὲ
1634 572 1746 608 Πνεῦμα

956 620 1092 652 ζωοποιεῖ.
1101 630 1109 646 ι

1151 666 1177 693 5.
1196 665 1250 701 (12)
1271 667 1340 700 Περὶ
1357 666 1551 701 χειροτονίας.

991 712 1059 748 Περὶ
1076 713 1183 748 Πατρος
1196 712 1302 744 Παῦλος
1314 712 1404 746 λέγει’
1426 721 1435 738 ‹
1449 711 1545 738 Ἐθετο
1555 712 1570 737 6
1587 709 1653 742 Θεὸς
1669 710 1699 736 ὲν
1712 710 1746 746 τῇ

961 758 1109 794 Ἐκκλήσίᾳ
1131 758 1238 794 πρῶτον
1255 759 1421 790 ἀποστόλους
1433 778 1440 790 ,
1453 758 1579 794 δεύτερον
1594 758 1745 793 προφήτας,

955 804 1045 839 τρίτον
1060 803 1233 835 διδασκάλους
1243 812 1249 819 ·
1263 813 1272 829 ι
1287 804 1334 830 καὶ
1346 803 1381 830 τὰ
1394 803 1468 839 ἑξῆς.
1482 804 1548 839 Περὶ
1561 803 1625 830 Υίοῦ
1639 804 1653 830 6
1665 803 1747 835 αὐτὸς

962 850 1122 882 ’Δπόστολος
1140 850 1240 885 φάσκει
1256 850 1311 885 (13)
1322 858 1328 864 ·
1355 859 1364 875 ε
1384 850 1412 876 '0
1430 849 1551 882 καταϐὰς
1562 869 1570 882 ,
1590 849 1670 881 αὑτός
1688 850 1747 875 ἐστι

115 894 210 926 caelos,
229 900 257 921 ut
278 896 401 930 impleret
424 897 525 923 omnia.
545 896 578 923 Et
597 896 656 932 ipso
680 897 754 924 dedit
778 897 828 924 bos
841 897 897 932 qui-

987 897 1000 922 λ
1013 897 1026 922 6
1041 896 1142 928 ἀναϐὰς
1153 896 1222 931 ὑπὲρ
1236 895 1291 922 ἂνω
1303 895 1355 922 τῶν
1364 895 1495 931 οὐρανῶν,
1513 896 1556 922 ἵνα
1570 894 1700 931 πληρώσῃ
1712 894 1748 922 τὰ

115 939 177 967 dem
195 941 345 975 apostolos,
373 942 434 969 illos
459 943 618 978 prophetas,
634 944 702 971 alios
724 948 849 978 pastores
877 948 904 970 et

116 987 302 1021 magistros".
321 998 330 1014 ι
350 988 388 1016 De
408 988 522 1024 Spiritu,
545 990 616 1016 idem
642 990 788 1024 Apostolus
801 990 904 1018 accitos

117 1031 208 1060 “leto
225 1035 399 1070 presbyteros
427 1036 468 1062 sic
489 1036 658 1071 alloquitur:
677 1047 685 1061 ι
705 1036 843 1064 Attendite
857 1044 905 1064 vo-

115 1077 158 1105 bis
181 1078 258 1113 ipsis,
284 1083 311 1106 et
326 1079 454 1106 universo
471 1080 556 1115 gregi,
575 1081 601 1107 in
631 1088 685 1115 quo
712 1089 760 1108 vos
785 1080 904 1116 Spiritus

114 1130 226 1153 sanctus
243 1127 619 1162 posuitepiscopos,pascere
633 1127 784 1156 EccleSiam
794 1127 901 1156 Dei".o

374 1259 401 1287 4.
419 1259 457 1287 De
471 1260 644 1296 legislatione.

150 1304 188 1332 De
206 1304 287 1332 Patre
312 1305 350 1332 ait
384 1305 490 1333 David:
511 1317 519 1332 ι
539 1305 573 1333 Ut
596 1305 713 1334 iacerem
736 1307 904 1334 voluntatem

115 1355 201 1383 tuam,
224 1351 295 1379 Deus
312 1360 389 1380 meus
413 1353 498 1384 volui,
517 1358 543 1380 et
561 1353 646 1388 legem
667 1358 740 1380 tuam
763 1353 791 1380 in
814 1353 904 1380 medio

115 1398 220 1425 ventris
243 1398 338 1426 mei".
357 1408 366 1424 ›
387 1398 424 1426 De
450 1398 519 1426 Filio
539 1404 630 1427 autent
657 1399 778 1428 Paulus:
796 1409 804 1426 ε
830 1399 904 1427 Alter

115 1444 229 1472 alterius
242 1451 325 1471 onera
337 1449 456 1479 portate,
469 1449 496 1473 et
511 1446 551 1473 sic
566 1445 712 1480 adimplete
727 1447 812 1481 legem
824 1445 904 1473 Chri-

115 1489 150 1517 sti
163 1491 196 1513 ’³.
217 1499 226 1516 ι
247 1489 284 1518 De
299 1489 403 1525 Spiritu
417 1491 489 1518 idem
506 1492 564 1526 ipse
578 1500 585 1518 :
603 1501 612 1518 ι
632 1491 687 1520 Lex
709 1491 829 1528 Spiritus
842 1492 904 1520 vitae

114 1536 142 1563 in
160 1537 270 1565 Christo
285 1537 350 1565 Jesu
364 1537 491 1565 liberavit
504 1539 586 1566 me“.
611 1548 621 1565 »

381 1635 409 1663 5.
430 1634 469 1662 De
490 1635 638 1664 dominatu.

150 1680 235 1708 David
251 1681 307 1709 ait:
325 1691 334 1707 ι
355 1681 428 1709 Dixit
452 1681 584 1709 Dominus
606 1681 720 1709 Domino
735 1688 796 1709 meo
812 1690 819 1709 :
836 1680 906 1709 Sede

115 1735 130 1754 a
143 1727 248 1755 dextris
265 1727 334 1754 meis
346 1727 379 1755 “.
401 1737 409 1753 1
426 1727 504 1760 Quod
528 1727 551 1754 si
565 1727 749 1762 obloquantur
774 1727 904 1761 bteretici,

115 1774 238 1802 dicentes
264 1774 331 1801 illud
359 1773 393 1801 ad
417 1773 547 1801 Davidem
571 1774 717 1809 pertinere,
745 1773 788 1801 his
803 1773 904 1801 Clu-isti

115 1820 206 1847 verbis
234 1824 424 1855 coarguuntur
447 1829 454 1847 :
476 1829 485 1845 ι
506 1820 578 1852 Quid
607 1820 701 1847 dicitis
721 1820 754 1847 de
776 1819 906 1847 Christo?

115 1866 195 1900 cujus
219 1866 291 1893 [ilius
317 1867 376 1893 est?
392 1866 502 1898 “dicunt
531 1866 567 1898 ei,
591 1865 702 1893 Davidis
723 1874 730 1892 :
757 1875 766 1891 ι
787 1874 904 1901 respon-

116 1914 161 1941 det
178 1912 313 1940 Salvator:
334 1922 343 1938 ι
358 1913 500 1946 Quomodo
517 1920 583 1948 ergo
594 1912 678 1940 David
695 1913 721 1940 in
739 1912 842 1948 Spiritu
858 1921 906 1940 vo-

116 1963 159 1987 cat
176 1967 238 1986 eum
258 1959 403 1987 Dominum
415 1960 457 1987 '°?
476 1970 485 1987 »
502 1960 608 1988 RurSus
623 1960 657 1988 de
671 1959 753 1987 Patre
769 1969 775 1987 :
795 1969 804 1985 ι
823 1959 904 1990 Audi,

116 2006 211 2037 Israel,
235 2006 365 2033 Dominus
392 2006 464 2034 Deus
477 2011 552 2039 tuus,
574 2007 646 2034 Deus
661 2015 733 2034 unus
747 2006 846 2033 est'7.)
869 2005 906 2034 De

118 2052 186 2079 Filio
203 2057 294 2080 autem
304 2053 343 2079 ait
357 2062 363 2079 :
380 2053 436 2087 (Π)
457 2061 467 2078 ι
485 2052 619 2080 Dominus
630 2060 662 2079 ex
682 2052 748 2079 Sion
764 2052 904 2084 clamabit,

117 2101 145 2124 et
161 2105 193 2125 ex
212 2098 283 2126 coelo
305 2098 381 2125 dabit
401 2106 496 2125 vocem
513 2106 602 2131 suam,
619 2102 646 2126 et
659 2098 832 2125 concutietur
849 2105 906 2124 c03-

117 2144 173 2171 lum
194 2148 220 2171 et
237 2148 320 2172 terra.
342 2144 475 2173 Dominus
490 2149 582 2172 autem
608 2149 703 2180 parcet
721 2145 821 2180 populo
843 2153 904 2177 suo,

117 2195 145 2218 et
159 2190 325 2218 confortabit
350 2191 482 2218 Dominus
499 2191 569 2219 ﬁlios
592 2191 686 2219 Israel.
701 2191 734 2218 Et
755 2199 906 2227 cognosce-

955 941 1052 969 πάντα.
1063 943 1118 969 Καὶ
1133 942 1212 973 αὐτὸς
1227 941 1309 968 ἔδωκε
1321 942 1384 973 τοὺς
1403 942 1450 977 μὲν
1463 941 1636 973 ἀποστόλους.
1645 941 1707 972 τοὺς
1717 940 1746 967 δὲ

954 989 1111 1024 προφήτας,
1127 988 1190 1019 τοὺς
1205 987 1233 1014 δὲ
1248 988 1380 1023 ποιμένας
1393 988 1440 1014 καὶ
1451 987 1636 1018 διδασκάλους.
1651 996 1660 1012 ι
1677 986 1748 1022 Περὶ

955 1034 1113 1069 Πνεῦματος
1136 1034 1151 1059 ὁ
1175 1034 1256 1065 αὐτὸς
1273 1033 1466 1068 μετακαλεῖται
1482 1034 1535 1060 ἀπὸ
1553 1033 1602 1068 τῆς
1622 1033 1744 1068 Μιλήτου

953 1079 1015 1111 τοὺς
1027 1079 1238 1115 πρεσϐυτέρους,
1248 1080 1295 1106 καὶ
1307 1079 1379 1114 λέγει
1391 1080 1480 1111 αὐτοῖς
1490 1088 1496 1094 ·
1507 1079 1672 1115 «Προσέχετε
1687 1079 1748 1105 ἐαυ-

953 1126 1018 1156 τοῐς.
1033 1126 1080 1152 καὶ
1094 1125 1174 1152 παντὶ
1190 1125 1228 1161 τῷ
1239 1126 1370 1161 ποιμενίῳ
1385 1126 1440 1161 (14)
1450 1146 1457 1158 ,
1468 1126 1498 1152 ὲν
1511 1122 1533 1159 ᾧ
1546 1126 1617 1160 ὑμᾶς
1631 1125 1705 1151 ἔθετο
1715 1124 1747 1151 τὺ

953 1171 1066 1206 Πνεῦμα
1077 1171 1106 1197 τὸ
1119 1172 1196 1205 ἅγιον
1209 1172 1386 1203 ἐπισκόπους,
1402 1171 1556 1207 ποιμαίνειν
1569 1171 1617 1207 τὴν
1636 1170 1748 1206 Ἐκκλη-

955 1216 1014 1243 σίαν
1029 1215 1076 1243 τοῦ
1088 1215 1167 1243 Θεοῦ.
1179 1225 1189 1243 ι

1189 1263 1216 1290 4.
1231 1263 1298 1297 Περὶ
1314 1262 1516 1297 νομοθεσίας.Υ

991 1309 1061 1345 Περὶ
1078 1309 1183 1344 Πατρὸς
1198 1310 1212 1336 6
1228 1309 1310 1336 Δαυῖδ
1323 1310 1416 1344 λέγει’
1438 1319 1446 1334 ι
1457 1308 1510 1335 Τοῦ
1526 1309 1637 1344 ποιῆσαι
1656 1308 1686 1335 τὺ
1703 1308 1748 1335 θέ-

953 1354 985 1390 λη
991 1355 1030 1390 μά
1051 1363 1108 1388 σου,
1122 1357 1136 1381 ὁ
1149 1355 1215 1387 Θεός
1234 1364 1296 1390 μου,
1312 1355 1471 1391 ἐϐουλήθην,
1489 1355 1535 1382 καὶ
1549 1354 1594 1381 τὸν
1608 1354 1688 1390 νόμον
1699 1363 1746 1381 σου

954 1401 983 1427 ἐν
1006 1401 1081 1436 μέσῳ
1101 1401 1150 1437 τῆς
1172 1401 1275 1433 κοιλίας
1300 1410 1382 1437 μου.)
1410 1401 1478 1436 Περὶ
1500 1401 1565 1428 Υἰοῦ
1588 1402 1602 1428 6
1622 1399 1746 1432 Παῦλος·

957 1456 966 1472 ι
985 1446 1118 1483 Ἀλλήλων
1137 1447 1171 1474 τὰ
1188 1447 1257 1483 βάρη
1276 1447 1425 1483 βαστάζετε
1436 1468 1443 1481 ,
1459 1448 1507 1474 καὶ
1523 1447 1608 1479 οὕτως
1624 1447 1746 1482 ἀναπλη-

955 1493 1060 1528 ρώσατε
1084 1493 1130 1520 τὸν
1151 1493 1232 1529 νόμον
1249 1493 1295 1520 τοῦ
1311 1494 1439 1529 Χριστοῦ.
1453 1503 1462 1520 ›
1481 1494 1549 1530 Περὶ
1563 1494 1719 1530 Πνεύματος
1732 1494 1747 1520 6

954 1538 1051 1570 αὐτός’
1069 1548 1078 1564 ι
1097 1539 1126 1565 ’0
1143 1539 1224 1574 νόμος
1243 1539 1289 1566 τοῦ
1306 1539 1464 1575 Πνεῦματος
1479 1541 1528 1575 τῆς
1545 1539 1616 1575 ζωῆς
1632 1540 1660 1567 ὲν
1677 1540 1747 1574 Χρι-

916 1580 938 1609 C
956 1584 1009 1620 στῷ
1030 1585 1118 1621 Ἰησοῦ
1133 1585 1188 1621 (15)
1201 1585 1372 1622 ἠλευθέρωσέ
1391 1595 1434 1621 με.
1450 1596 1459 1611 ι

1193 1642 1220 1670 5.
1239 1642 1307 1677 Περὶ
1324 1643 1507 1677 κυριότητος.

996 1687 1025 1714 '0
1041 1686 1123 1714 Δαυῒδ
1136 1687 1210 1721 λέγει
1220 1696 1227 1703 ·
1247 1697 1256 1713 ι
1272 1686 1356 1714 Εἶπεν
1375 1689 1389 1714 6
1403 1687 1504 1723 Κύριος
1520 1686 1558 1722 τῷ
1571 1686 1664 1722 Κυρίῳ
1675 1692 1747 1721 μου⁶

955 1732 1047 1759 Κάθου
1061 1733 1093 1759 ὲκ
1108 1733 1203 1766 δεξιῶν
1223 1741 1299 1768 μου.»
1317 1733 1348 1759 Εἰ
1364 1733 1392 1758 δὲ
1407 1732 1591 1767 ἀντιλέγουσιν
1605 1732 1630 1758 οἱ
1647 1732 1750 1767 αἱρετι-

955 1778 999 1805 κοὶ
1014 1778 1156 1813 λέγοντες,
1172 1779 1212 1805 ὅτι
1226 1779 1265 1810 εἰς
1281 1778 1327 1804 τὸν
1344 1778 1426 1804 Δαυῖδ
1440 1778 1640 1813 ὲκλαμϐάνεται
1656 1777 1746 1808 τοῦτο,

955 1824 1063 1859 ἐλέγχει
1077 1825 1176 1856 αὐτοὺς
1190 1825 1220 1851 τὸ
1232 1825 1307 1861 παρὰ
1316 1824 1362 1851 τοῦ
1377 1824 1504 1860 Σωτῆρος
1517 1823 1663 1858 λεγόμενον
1675 1831 1681 1838 '
1695 1832 1704 1848 ‹
1715 1822 1748 1850 ΤΕ

954 1870 1048 1904 λέγετε
1057 1870 1121 1906 περὶ
1134 1870 1180 1897 τοῦ
1193 1870 1310 1906 Χριστοῦ
1323 1879 1329 1902 ;
1356 1870 1428 1902 τίνος
1449 1870 1522 1896 ἐστὶν
1535 1870 1610 1902 υἱόςς
1626 1869 1745 1904 λέγουσι·

955 1916 1008 1943 Τοῦ
1025 1916 1116 1943 Ama.
1143 1926 1152 1942 ι
1183 1916 1372 1952 Ἀποκρίνεται
1395 1917 1410 1942 ὁ
1432 1916 1544 1952 Σωτήρ·
1577 1924 1586 1941 ι
1612 1915 1673 1947 Πῶς
1700 1913 1747 1942 οὖν

956 1962 1037 1988 Δαυῒδ
1053 1963 1081 1989 ὲν
1097 1961 1234 1996 Πνεῦματι
1247 1962 1318 1997 ἁγίῳ
1325 1961 1426 1997 Κύριον
1436 1961 1518 1987 αὑτὸν
1531 1960 1625 1992 καλεί;
1643 1970 1652 1986 ›
1667 1960 1747 1988 πάλιν

956 2006 1020 2041 περὶ
1032 2005 1087 2042 (16)
1102 2005 1149 2032 τοῦ
1166 2005 1280 2041 Πατρός·
1303 2015 1312 2031 ι
1328 2007 1438 2035 Ἀκουε,
1461 2005 1585 2041 Ἰσραὴλ,
1608 2005 1711 2042 Κύριος
1732 2005 1748 2032 6

955 2052 1022 2084 Θεός
1037 2060 1094 2082 σου,
1108 2051 1210 2087 Κύριος
1222 2049 1262 2083 εἷς
1277 2052 1344 2078 ἐστι.
1362 2061 1371 2077 ι
1391 2052 1458 2087 Περὶ
1469 2051 1498 2078 δὲ
1511 2052 1557 2078 τοῦ
1569 2051 1648 2084 Υίοῦ,
1661 2052 1747 2086 λέγει’

959 2107 968 2123 ι
980 2097 1008 2124 '0
1016 2097 1044 2124 δὲ
1050 2097 1150 2133 Κύριος
1158 2096 1263 2124 έκΣιὼν
1269 2096 1460 2133 ἀνακράζεται,
1468 2098 1515 2125 καὶ
1523 2097 1551 2131 ἐξ
1559 2097 1588 2124 οὐ
1594 2097 1673 2133 ρανοῦ
1681 2098 1748 2133 (l7')

956 2142 1035 2169 δώσει
1052 2143 1101 2178 τὴν
1117 2142 1208 2176 φωνὴν
1223 2142 1316 2173 αὑτοῦ,
1334 2142 1380 2168 καὶ
1397 2142 1568 2177 (πεισθήσεται
1596 2142 1610 2168 ὁ
1636 2141 1750 2177 οὐρανὸς

957 2189 1004 2215 καὶ
1017 2189 1033 2224 ἡ
1045 2189 1090 2224 γῆ.
1113 2188 1142 2213 '0
1152 2187 1181 2213 δὲ
1193 2187 1292 2223 Κύριος
1315 2188 1435 2222 φείσεται
1451 2187 1497 2214 τοῦ
1506 2187 1569 2214 mat":
1586 2186 1668 2214 αὑτοῦ
1678 2207 1686 2218 ,
1702 2186 1751 2213 καὶ

117 2236 153 2263 tis
178 2235 250 2271 quod
265 2244 316 2271 ego
333 2237 384 2264 sim
402 2235 534 2263 Dominus
551 2236 622 2263 Deus
635 2240 736 2268 vester,
752 2237 798 2271 qui
815 2237 892 2263 taber

989 2233 1091 2269 ισχύσει
1106 2233 1207 2269 Κύριος
1220 2234 1282 2265 τοὺς
1299 2233 1372 2265 υἱοὺς
1394 2233 1512 2269 Ἰσραήλ.
1536 2233 1591 2260 Καὶ
1605 2231 1750 2266 ἐπιγνώσε·

118 2279 246 2306 naculum
263 2280 342 2314 posui
360 2280 388 2307 in
409 2280 485 2313 Sion,
509 2280 536 2306 in
553 2284 645 2308 monte
670 2281 806 2308 sancto".
827 2291 837 2307 θ
854 2281 894 2314 Qu

987 2282 1007 2306 ιε
1020 2300 1027 2311 ,
1043 2281 1083 2306 ὅτι
1098 2278 1153 2313 ἐγώ
1174 2279 1231 2314 εἰμι
1249 2278 1349 2314 Κύριος
1364 2280 1377 2304 6
1392 2279 1458 2310 Θεὸς
1472 2278 1548 2313 ὑμῶν
1560 2299 1567 2310 ,
1582 2279 1596 2304 6
1613 2285 1750 2312 κατασκη-

116 2324 327 2352 tabernaculum
339 2329 430 2352 autem
443 2325 545 2360 posuit,
564 2325 590 2352 id
607 2330 649 2352 est
663 2324 759 2358 Filius,
773 2326 830 2354 hac
848 2326 904 2353 ait:

120 2379 130 2395 ι
145 2369 201 2406 Ego
216 2375 308 2399 autem
320 2372 490 2400 constitutus
503 2379 565 2399 sum
582 2379 630 2400 rex
646 2373 680 2400 ab
695 2380 728 2401 eo
742 2380 825 2408 super
840 2372 907 2400 Sion

154 2455 175 2471 "
197 2453 219 2480 Il
234 2455 297 2482 Cor.
316 2465 362 2486 ιιι.
381 2457 432 2487 lli.
450 2457 494 2484 l7.
550 2456 571 2471 "
590 2454 668 2482 Joan.
685 2463 702 2480 v
718 2473 725 2485 ,
742 2453 801 2480 ΞΗ

840 2454 861 2470 17

154 2455 175 2471 ’⁸
197 2453 219 2480 Il
234 2455 297 2482 Cor.
316 2465 362 2486 ιιι.
381 2457 432 2487 lli.
450 2457 494 2484 l7.
550 2456 571 2471 "
590 2454 668 2482 Joan.
685 2463 702 2480 v
718 2473 725 2485 ,
742 2453 801 2480 2l.'
840 2454 861 2470 ¹⁷
881 2453 960 2483 Joan.
987 2462 1029 2487 Vl,
1059 2454 1106 2482 64.
1152 2455 1174 2471 ¹⁸
1192 2453 1213 2480 ll
1231 2453 1295 2481 Cor.
1323 2460 1370 2484 Ill,
1389 2453 1415 2479 6.
1469 2453 1490 2468 "
1507 2453 1516 2478 l
1531 2453 1593 2478 Cor.

117 2490 141 2506 ὀ
161 2489 259 2524 Ephes.
279 2499 315 2522 Iv.
336 2493 385 2523 l0.
406 2492 448 2519 ll.
488 2493 510 2508 ἰ
530 2491 590 2518 Act.
609 2499 655 2521 xx.
674 2490 720 2516 98.
759 2489 781 2504 “
801 2488 874 2517 Psal.
892 2498 988 2521 xxxix,
1006 2490 1032 2517 9.
1072 2490 1094 2505 ¹¹
1113 2489 1202 2518 Galat.
1219 2497 1262 2520 νι,
1278 2487 1306 2514 2.
1345 2488 1367 2504 ιδ
1386 2486 1466 2516 Rom.
1485 2494 1550 2519 vnI,
1566 2486 1593 2513 2.

960 2325 1049 2357 νώσας
1064 2327 1093 2352 ὲν
1109 2325 1194 2357 Σιὼν,
1211 2326 1239 2351 ὲν
1251 2324 1308 2360 δρει
1319 2325 1398 2360 ἁγίῳ.
1411 2334 1420 2351 ι
1443 2325 1472 2351 '0
1485 2325 1514 2351 δὲ
1524 2322 1749 2358 κατασκηνώσας,

960 2373 1019 2407 ἤτοι
1039 2373 1054 2399 6
1075 2372 1156 2404 Υἱὸς,
1172 2371 1260 2406 λέγει’
1277 2380 1287 2397 ι
1303 2370 1374 2406 Ἐγὼ
1389 2371 1417 2397 δὲ
1436 2370 1604 2406 κατεστάϐην
1626 2369 1750 2406 βασιλεὺς

1469 2453 1490 2468 ¹³
1507 2451 1516 2478 l
1531 2450 1595 2478 Cor.
1614 2458 1670 2481 xu.
1702 2451 1748 2478 28.

1485 2494 1550 2513 viil.
1566 2486 1593 2513 2.
1631 2487 1655 2503 ’⁵
1673 2485 1746 2513 Psal.

1695 2494 1746 2514 sat.

1152 2455 1174 2471 ¹⁸
1192 2453 1213 2480 ll
1231 2453 1295 2481 Cor.
1323 2460 1370 2484 In,
1389 2451 1415 2479 6.

116 2533 172 2556 ctx.
190 2525 216 2553 1.
236 2526 259 2541 ’⁸
277 2526 370 2555 Matth.
389 2535 456 2560 un,
475 2527 526 2560 42,
541 2527 588 2555 43.
627 2526 648 2542 ’⁷
669 2525 748 2553 Deut.
762 2532 808 2556 vt,
826 2525 854 2552 4.
892 2526 897 2541 ⁵

987 2527 992 2553 ι
1009 2533 1057 2558 in,
1076 2524 1120 2554 16.

155 2618 210 2652 (ll)
230 2617 267 2643 Τό
283 2617 360 2644 deest
373 2617 400 2644 in
416 2618 481 2645 edit.
500 2619 632 2646 Commel.
652 2622 679 2646 et
692 2618 818 2647 Vatican.
834 2619 906 2652 Mox,

119 2654 186 2685 ἐκεῖ,
202 2652 278 2689 deest
295 2653 324 2689 in_
334 2653 430 2689 iisdem
445 2653 511 2689 :Ased
527 2655 654 2689 leguntur
666 2654 707 2682 hs:
721 2663 803 2683 voces
817 2655 844 2682 in
858 2655 909 2682 An-

119 2689 237 2725 glicano,
254 2687 336 2725 Dasil.
355 2691 383 2725 et
404 2688 431 2714 in
449 2687 713 2725 Qrmco‘Scriptura:
733 2694 818 2718 textu.
835 2690 907 2723 Mox,

120 2723 289 2762 Basiliensis.
302 2723 456 2762 Anglican,
465 2723 634 2762 Vaticanus.'
641 2726 705 2762 mp}
715 2725 872 2762 Cmortotiag.

158 2759 214 2794 (‘12)
235 2758 445 2794 Τίιυιμεηηερὶ
464 2761 660 2793 χειροτονίας,
677 2758 764 2788 'deest
789 2762 816 2788 in
841 2761 907 2789 edit.

122 2794 254 2831 Comniel.
269 2793 444 2831 etUVaticani,
455 2795 508 2831 sed
521 2799 563 2822 est
573 2796 604 2831 in
613 2795 696 2824 Basil.
708 2801 736 2824 et
748 2797 854 2831 Anglic.

158 2829 213 2864 (15)
234 2829 404 2862 Basiliensis,
428 2828 557 2858 διδάσκει.
581 2829 642 2858 Mox
664 2832 746 2865 idem,
770 2828 908 2866 ὑπεράνω,

122 2871 176 2892 una
193 2872 267 2893 voce.
887 2868 895 2872 '

999 2617 1054 2654 (l4)
1074 2617 1120 2645 Sic
1137 2625 1234 2646 omnes
1246 2625 1313 2646 mss.
1327 2621 1355 2646 et
1365 2617 1441 2645 editi.
1459 2616 1490 2645 In
1507 2617 1568 2644 Act.
1580 2620 1668 2651 apost.
1683 2615 1750 2652 legi-

960 2653 1016 2685 tur,
1032 2653 1162 2688 ποιμνίῳ.

996 2689 1052 2724 (15)
1078 2687 1165 2724 Ἰησοῦ
1186 2689 1263 2716 abest
1278 2695 1294 2716 a
1312 2688 1395 2716 Basil.
1411 2692 1439 2717 et
1455 2687 1561 2723 Anglic.
1580 2687 1636 2715 Nec
1651 2687 1686 2715 ab
1703 2687 1749 2714 in-

959 2724 1200 2760 terpreteﬂiectum
1220 2728 1271 2752 est.

997 2757 1052 2794 (⁷16)
1072 2759 1139 2795 Περί
1150 2760 1226 2795 deest
1237 2760 1265 2786 in
1277 2759 1369 2789 editis.
1384 2758 1432 2786 sed
1443 2759 1543 2793 legitur
1553 2757 1580 2784 in
1591 2757 1747 2790 Bastfiensi,

961 2793 1153 2830 Anglicano'et
1167 2793 1312 2823 Vaticano.

997 2827 1051 2866 (Π)
1073 2829 1123 2866 llic
1138 2829 1280 2866 Dominus,
1296 2837 1346 2866 pro
1360 2827 1618 2866 Filiointelligitur.

997 2863 1064 2902 (ιγ)
1085 2864 1253 2899 Basiliensis,
1269 2863 1387 2901 Anglic,
1404 2864 1450 2890 καί
1461 2863 1490 2896 εξ
1507 2863 1694 2899 Ἰερουσαλήμ.
