1898 3053
129 173 165 201 33
487 172 531 200 DE
551 171 711 201 COMMUNI
731 173 901 201 ESSENTIA
919 174 1046 203 PATRIS
1065 176 1110 204 ΕΤ
1130 176 1210 206 FlLll
1231 177 1275 204 ET
1297 177 1387 207 SPIR.
1409 177 1439 206 S.
1603 203 1606 205 .
1731 180 1765 207 54

129 235 173 262 ὑπ’
181 234 263 262 αὑτοῦ
277 234 323 261 ἐπὶ
337 235 405 261 Σιὼν
417 234 480 270 ὅρος
493 234 523 261 τὸ
533 234 609 269 ἅγιον
623 235 716 267 αὑτοῦ,
727 244 737 261 ι
751 235 840 262 καὶτὰ
850 235 924 271 ἑξῆς.

991 241 1096 265 nontem
1115 227 1240 266 sanctum
1260 238 1372 273 ejusi",
1390 248 1399 264 ι
1412 241 1466 266 etc.
1488 236 1526 265 De
1547 236 1650 273 Spiritu
1674 241 1765 266 autem

129 282 195 317 Περὶ
206 280 234 307 δὲ
247 280 294 307 τοῦ
307 280 466 316 Πνεῦματος
486 280 571 307 εἰπὼν
580 301 588 313 ,
612 281 652 307 ὅτι
672 290 682 306 ‹
694 279 778 308 Εἶπεν
792 282 807 308 ὁ
823 281 924 317 Κύριος

128 326 166 362 τῷ
181 321 275 361 Κυρίῳ
300 335 369 361 μου,
386 336 396 351 ι
412 326 589 358 ὑποκαταβὰς
616 326 691 360 λέγει
713 335 719 341 ⁸
753 327 809 354 Καὶ
824 327 926 363 Κύριος

128 373 160 399 ἐκ
180 372 274 405 δεξιῶν
297 381 361 399 σου’
374 381 384 398 ›
412 371 459 399 τοῦ
474 370 520 399 οὖν
537 372 602 399 Υίοῦ
624 373 705 400 πάλιν
722 374 754 400 ἐκ
775 372 869 405 δεξιῶν
895 373 925 400 τὸ

129 418 252 454 Πνεῦμα.

130 506 154 533 ti.
169 507 228 533 Ὀτι
238 508 255 534 ό
267 506 368 541 Πατὴρ
380 507 490 541 Κύριον
505 506 561 542 (18)
573 506 626 533 τὸν
643 507 712 533 Υιὸν
728 507 831 539 καλεῖ,
845 508 893 534 καὶ
909 509 926 535 ὁ

170 543 354 574 Ἀπόστολος
378 542 411 569 τὸ
427 542 549 576 Πνεῦμα
573 542 623 569 καὶ
647 543 757 576 Κύριον
777 543 826 569 καὶ
852 543 926 570 Θεὸν

163 578 254 612 λέγει,
271 578 312 610 ὼς
328 577 377 604 καὶ
393 577 446 604 τὸν
462 577 539 604 Υιόν.

163 645 310 681 Λέγειγὰρ
327 644 428 676 οὕτως·
448 644 518 671 «Καὶ
537 644 802 680 ἔσταιμετὰταῦτα·
825 644 926 680 Ἐκχεῶ

128 691 181 718 ἀπὺ
189 691 236 718 τοῦ
251 690 409 726 Πνεύματός
421 699 470 725 μου
485 691 531 716 ἐπὶ
546 691 634 717 πᾶσαν
648 691 747 725 σάρκα,
758 691 805 717 καὶ
818 700 925 727 προφη-

128 737 269 764 τεύσουσιν
279 738 305 762 οἱ
321 737 374 763 υἱοὶ
389 737 466 772 ὑμῶν
477 757 484 768 ,
498 737 546 763 καὶ
559 738 587 763 αἱ
601 737 749 774 θυγατέρες
771 738 862 774 ὑμῶν,
880 737 926 764 καὶ

128 785 151 811 οἱ
162 783 345 819 πρεσϐύτεροι
364 782 438 818 ὑμῶν
454 783 567 810 ἐνύπνια
583 784 858 819 ἐνυπνιασθήσονται,
876 784 923 811 καὶ.

128 831 151 856 οἱ
165 830 303 857 νεανίσκοι
317 829 393 864 ὑμῶν
404 829 514 865 ὁράσεις
534 830 656 865 ὄψονται.
682 830 736 857 Καί
751 839 783 865 γε
800 831 846 857 ἐπὶ
861 831 926 862 τοὺς

128 874 237 906 δούλους
257 883 318 910 μου,
332 875 380 900 καὶ
394 874 440 900 ἐπὶ
451 875 500 906 τὰς
511 875 607 908 δούλας
622 884 672 910 μου
687 876 716 903 ἐν
729 878 789 908 ταῖς
804 877 924 912 ἡμέραις

976 288 1073 311 sancto
1087 285 1126 312 sic
1144 285 1253 312 locutus
1265 294 1272 312 :
1285 294 1294 310 ι
1308 284 1381 312 Dixit
1393 284 1525 312 Dominus
1539 284 1654 312 Domino
1671 293 1741 317 meo,
1753 294 1763 311 ι

976 329 1092 357 inferius
1109 330 1190 371 ait.:in
1208 329 1342 358 Dominus
1358 338 1374 357 τι
1387 330 1492 358 dextris
1505 331 1600 358 tuis".
1613 331 1767 359 iAdextris

975 374 1060 410 igitur
1072 375 1135 402 Filii
1151 379 1193 403 est
1210 375 1341 410 Spiritus.

1011 500 1037 526 6.
1051 498 1128 531 Quod
1138 503 1162 525 et
1178 497 1261 525 Pater
1279 502 1350 525 vocet
1362 496 1473 528 Filium,
1488 497 1630 523 Dominum
1647 501 1691 523 :et
1702 497 1767 529 Apo-

975 534 1061 561 stolus
1076 534 1216 567 Spiritum,
1229 533 1370 561 Dominum
1381 541 1412 559 ac
1425 532 1509 559 Deum
1521 532 1646 564 nominet,
1661 532 1767 565 perinde

976 574 1054 604 atque
1074 569 1186 595 Filium.

1011 645 1051 674 Ita
1073 647 1145 675 enim
1175 647 1265 674 dicit:
1289 655 1298 672 ι
1313 645 1346 673 Et
1360 646 1412 673 erit
1428 651 1490 680 post
1511 645 1568 672 haec
1592 655 1598 672 :
1624 645 1766 672 Eliundam

976 692 1010 721 de
1023 693 1126 728 Spiritu
1148 701 1208 720 meo
1223 701 1304 728 super
1316 700 1424 719 onmem
1441 699 1564 725 carnem,
1580 696 1607 718 et
1622 692 1767 726 propheta-

976 739 1045 766 bunt
1062 739 1109 766 [illi
1129 739 1232 773 vestri,
1250 743 1277 767 et
1301 739 1363 766 tiliae
1390 743 1499 770 vestrae,
1525 742 1552 765 et
1577 746 1657 765 senes
1682 737 1766 764 vostri

976 785 1084 812 somnia
1099 785 1285 817 somniabunt,
1304 789 1331 812 et
1349 784 1465 818 juvenes
1485 784 1568 811 vestri
1593 784 1712 811 visiones
1727 783 1765 810 vi-

976 831 1091 859 debunt.
1113 831 1166 858 Sed
1180 836 1207 858 et
1224 839 1306 866 super
1321 838 1415 858 servos
1432 837 1518 861 meos,
1537 834 1564 858 et
1584 838 1666 865 super
1683 829 1770 856 ancil-

977 877 1017 904 las
1033 884 1107 904 meas
1117 877 1144 903 in
1158 877 1255 904 diebus
1266 877 1320 904 illis
1331 876 1468 904 eﬂ'undam
1480 876 1514 903 de
1528 875 1630 910 Spiritu
1646 884 1706 902 meo
1721 883 1768 902 su-

129 922 266 953 ὲκείναις,
283 921 372 956 ἐκχεῶ
391 921 446 947 ἀπὸ
464 920 511 947 τοῦ
529 921 686 956 Πνεύματός
703 931 753 957 μου
769 922 815 948 ἐπὶ
837 923 924 948 πᾶσαν

991 931 1025 950 »ω’
1039 930 1148 950 omnem
1165 930 1287 954 carnem,
1308 927 1334 950 et
1344 922 1556 958 prophetabunt,
1574 925 1600 948 et
1617 921 1688 948 dabo
1705 929 1766 956 pro-

130 967 219 1002 σάρκα
229 987 236 998 ,
253 967 300 993 καὶ
314 965 533 1002 προφητεύσουσι
543 987 551 999 ,
572 967 620 993 καὶ
636 967 714 993 δώσω
727 967 828 1003 τέρατα
842 969 871 994 ὲν
884 967 922 1003 τῷ

129 1012 237 1049 οὖρανῷ
250 1013 316 1045 ἀνω,
331 1013 377 1039 καὶ
389 1014 489 1048 σημεῖα
500 1013 546 1039 ἐπὶ
557 1013 606 1048 τῆς
619 1014 671 1048 γῆς
684 1015 769 1046 κάτω,
783 1011 862 1049 αἷμα,
878 1015 925 1041 καὶ

130 1060 201 1095 πῦρ,
218 1059 265 1086 καὶ
277 1059 378 1094 ἀτμίδα
394 1060 508 1086 καπνοῦ.
533 1060 561 1086 '0
575 1060 650 1095 ἣλιος
666 1063 924 1097 μεταστραφήσεται

131 1107 170 1137 εἰς
183 1106 295 1138 σκότος,
315 1106 362 1132 καὶ
379 1106 396 1141 ἡ
418 1106 515 1142 σελήνη
532 1107 572 1138 εἰς
585 1104 670 1142 αἷμα,
687 1108 752 1143 πρὶν
767 1108 854 1135 ἐλθεῖν
875 1108 924 1144 τὴν

131 1152 238 1188 ἡμέραν
252 1152 365 1188 Κυρίου,
380 1152 428 1188 τὴν
444 1153 564 1188 μεγάλην
573 1154 620 1180 καὶ
628 1154 755 1189 ἐπιφανῆ.
772 1155 826 1181 Καὶ
838 1155 924 1187 ἔσται,

131 1200 185 1231 πᾶς
194 1199 223 1230 ὃς
236 1198 268 1225 ἂν
283 1199 478 1234 ἐπικαλέσηται
489 1200 519 1226 τὸ
531 1199 616 1235 δνομα
630 1201 732 1236 Κυρίου
741 1221 748 1233 ,
760 1201 924 1237 σωθήσεται.

132 1245 194 1277 Πῶς
208 1243 254 1271 οὖν
268 1245 486 1277 ἑπικαλέσονται,
507 1247 546 1278 είς
561 1246 590 1272 ὃν
607 1247 657 1273 οὐκ
670 1247 849 1280 ὲπίστευσανς
868 1248 925 1280 πῶς

131 1291 278 1318 ἀκούσωσι
288 1292 374 1327 χωρὶς
387 1292 568 1327 κηρύσσοντος
580 1301 603 1325 ;ι
619 1293 687 1328 Περὶ
695 1293 723 1320 δὲ
737 1294 784 1320 τοῦ
799 1294 926 1330 Πνεῦμα-

132 1346 191 1370 τος,
211 1339 224 1364 ὸ
239 1338 320 1369 αὐτὸς
340 1338 500 1370 Ἀπόστολος
519 1338 610 1373 λέγει·
639 1349 648 1364 ι
664 1339 760 1366 Ἰἰνίκα
777 1340 799 1366 δ’
817 1340 850 1367 ἂν
863 1341 925 1367 ὲπι-

133 1383 239 1420 στρέφῃ
255 1383 322 1419 πρὸς
335 1383 446 1419 Κύριον,
462 1386 643 1420 περιαιρεῖται
659 1385 688 1411 τὸ
704 1385 849 1421 κάλυμμα’
865 1387 879 1412 ὀ
898 1386 926 1412 δὲ

132 1429 235 1465 Κύριος
251 1430 281 1456 τὸ
296 1429 408 1465 ΙΙ·δεῦμά
423 1431 491 1456 ἐστι.
505 1440 514 1456 ι
531 1431 585 1456 Καὶ
601 1431 683 1457 πάλιν
699 1432 712 1457 ό
728 1432 808 1463 αὑτός
818 1440 824 1446 ·
845 1441 854 1457 ‹
868 1433 927 1458 Καν

133 1474 221 1510 ea:er
235 1474 291 1502 ἀπὸ
307 1475 410 1511 Κυρίου
423 1476 580 1512 Πνεύματος
591 1485 597 1491 ·
611 1487 621 1502 ι
638 1477 684 1503 καὶ
700 1475 777 1509 αὖθις
787 1486 793 1492 ·
824 1487 833 1503 ι
855 1478 884 1504 'O
899 1478 927 1504 δὲ

133 1520 236 1557 Κύριος
262 1521 421 1548 κατευθύνοι
445 1521 500 1557 (19)
520 1522 596 1558 ὑμῶν
611 1522 661 1554 τὰς
683 1523 797 1559 καρδίας
821 1524 860 1555 είς
879 1523 928 1559 τὴν

133 1567 244 1602 ἀγάπην
254 1567 300 1594 τοῦ
310 1566 388 1599 Θεοῦ,
399 1567 446 1594 καὶ
456 1568 496 1599 είς
509 1568 559 1604 τὴν
570 1568 707 1604 ὑπομονὴν
716 1569 762 1595 τοῦ
775 1569 891 1605 Χριστοῦ
901 1577 908 1584 ⁵
915 1579 924 1595 ι

975 969 1048 1004 digia
1065 969 1093 996 in
1109 969 1179 997 caelo
1206 976 1327 1002 sursum,
1350 973 1378 996 et
1395 969 1472 1004 signa
1490 969 1518 995 in
1537 973 1610 995 terra
1625 967 1766 999 deorsum,

975 1015 1136 1050 sanguinem
1157 1019 1184 1042 et
1195 1015 1296 1050 ignem,
1313 1019 1340 1042 et
1357 1022 1485 1050 vaporem
1501 1014 1577 1041 fumi.
1591 1013 1637 1041 Sol
1653 1021 1768 1040 conver-

976 1065 1048 1088 tetur
1062 1060 1090 1086 in
1111 1059 1138 1096 4
1153 1060 1290 1092 tenebras,
1308 1063 1335 1087 et
1355 1060 1418 1087 luna
1443 1059 1471 1086 in
1498 1059 1668 1094 sanguinem,
1695 1062 1768 1086 anle<

975 1113 1057 1141 quam
1074 1106 1166 1133 veniat
1189 1106 1247 1133 dies
1271 1105 1380 1132 Domini
1409 1113 1524 1140 magnus
1541 1109 1568 1132 et
1587 1104 1716 1132 illustris.
1733 1103 1767 1130 Et

975 1153 1038 1185 erit,
1052 1153 1142 1180 omnis
1156 1152 1203 1187 qui
1225 1152 1391 1179 invocaverit
1414 1159 1513 1178 nomen
1532 1150 1651 1182 Domini,
1671 1150 1767 1178 salvus

975 1200 1028 1227 erit
1037 1199 1070 1226 ".
1086 1208 1145 1224 ν-ι
1156 1199 1299 1232 Quomodo
1310 1207 1375 1234 ergo
1385 1198 1564 1229 invocabunt,
1576 1198 1604 1224 in
1617 1205 1696 1233 quem
1711 1205 1766 1224 non

976 1245 1172 1273 crediderunt?
1185 1249 1232 1272 aut
1247 1245 1385 1280 quomodo
1406 1245 1517 1271 audient
1541 1245 1601 1271 sine
1621 1243 1768 1278 praedicau-

977 1296 1004 1319 te
1014 1291 1056 1318 "3’
1077 1301 1087 1317 ι
1114 1291 1152 1318 De
1181 1290 1285 1326 Spiritu
1308 1298 1390 1326 porro
1406 1290 1477 1317 idem
1498 1291 1647 1326 Apostolus
1672 1290 1739 1317 dicit
1757 1298 1766 1318 :

980 1346 989 1363 ι
1009 1336 1079 1364 Cum
1094 1341 1185 1364 autem
1204 1345 1355 1365 converSus
1368 1337 1451 1364 fuerit
1467 1336 1500 1363 ad
1518 1336 1674 1368 Dominum,
1688 1335 1767 1364 aufe-

977 1387 1053 1410 retur
1075 1383 1209 1415 velamen,
1228 1382 1361 1410 Dominus
1391 1386 1483 1409 autem
1513 1381 1635 1417 Spiritus
1655 1381 1734 1409 est”.
1754 1390 1765 1407 ι

978 1429 1106 1465 Idemque
1122 1438 1238 1457 rursus:
1259 1439 1267 1455 ι
1289 1429 1456 1465 Tanquama
1475 1428 1582 1456 Domini
1600 1428 1701 1464 Spiritu
1713 1427 1763 1454 ³⁸.)

979 1477 1067 1512 Atque
1082 1478 1200 1504 iterum:
1221 1486 1230 1502 ι
1250 1476 1382 1503 Dominus
1400 1480 1490 1502 autem
1510 1475 1610 1511 dirigat
1629 1475 1713 1502 corda
1724 1481 1768 1502 ve-

979 1527 1047 1554 stra,
1072 1523 1099 1549 in
1116 1523 1248 1549 charitate
1264 1521 1322 1554 Dei,
1343 1525 1370 1549 et
1385 1522 1413 1548 in
1433 1521 1563 1556 patientia
1589 1520 1691 1548 Christi
1701 1520 1734 1546 ⁸⁵.
1755 1530 1764 1546 ι

981 1569 1100 1604 Spiritus
1118 1569 1200 1604 igitur
1222 1568 1364 1596 Dominus.
1379 1568 1417 1594 Ac
1441 1567 1551 1594 denuo:
1574 1577 1583 1593 ι
1602 1566 1657 1594 Vos
1677 1571 1766 1593 autem

134 1614 186 1649 ἀρα
199 1615 214 1640 ό
228 1613 329 1649 Κύριος
343 1613 374 1640 τὸ
384 1613 495 1649 Πνεῦμα
508 1602 575 1640 ἐστι.
585 1602 641 1641 Καὶ
653 1602 733 1641 πάλιν
743 1623 749 1630 ·
771 1625 780 1641 ι
797 1602 885 1651 ίΥμᾶς
899 1616 924 1643 δὲ

991 1616 1112 1643 )ominus
1138 1615 1287 1642 exuberare
1307 1618 1334 1641 et
1349 1614 1491 1640 abundare
1505 1613 1587 1640 faciat
1606 1613 1766 1640 cliaritatem

134 1659 148 1686 ό
161 1659 262 1695 Κύριος
281 1659 418 1695 πλεονάσῃ
433 1660 488 1694 (20)
498 1660 544 1686 καὶ
561 1661 727 1697 περισσεύσῃ
739 1663 772 1697 τῇ
789 1662 882 1697 ἀγάπῃ
895 1663 927 1698 τῇ

135 1706 176 1737 είς
191 1705 320 1741 ἀλλήλους
329 1705 376 1732 καὶ
392 1706 431 1737 είς
442 1705 554 1738 πάντας,
566 1706 690 1742 καθάπερ
701 1707 781 1742 ἡμεῖς
795 1708 834 1738 είς
845 1707 928 1742 ὑμᾶς,

136 1753 176 1784 είς
186 1752 216 1778 τὸ
230 1752 354 1787 στηρίξαι
365 1751 441 1785 ὑμῶν
456 1751 504 1784 τὰς
516 1752 628 1787 καρδίας
639 1753 790 1787 ἀμέμπτως
802 1753 830 1779 ὲν
845 1753 930 1786 ἁγιω-

137 1797 204 1833 σύνῃ
216 1797 369 1833 ἔμπροσθεν
381 1797 427 1824 τοῦ
435 1797 500 1823 Θεοῦ
515 1798 562 1824 καὶ
570 1798 676 1834 Πατρός
684 1798 761 1834 ἡμῶν
772 1800 800 1826 ὲν
812 1800 844 1834 τῇ
860 1807 930 1834 παρ-

136 1843 215 1879 ουσίᾳ
241 1843 288 1870 τοῦ
309 1843 412 1879 Κυρίου
440 1843 516 1878 ἡμῶν
537 1843 624 1879 Ἰησοῦ
639 1844 757 1879 Χριστοῦ
779 1844 847 1879 μετὰ
862 1845 929 1871 πάν-

135 1898 189 1916 των
205 1889 260 1925 (21)
270 1890 325 1916 τῶν
337 1889 421 1923 ἁγίων
436 1889 528 1916 αὑτοῦ.
542 1899 551 1915 ›
565 1890 620 1917 Καὶ
636 1890 753 1918 ἐνταῦθα
767 1892 781 1918 ὁ
796 1891 897 1926 Κύριος
911 1891 925 1916 ὀ

137 1935 290 1968 πλεονάζων
303 1936 351 1962 καὶ
360 1935 527 1970 περισσεύων
540 1937 573 1971 τῇ
586 1935 680 1972 ἀγάπῃ
691 1937 723 1971 τῇ
735 1937 775 1967 εἰς
788 1936 926 1971 ἀλλήλους,

137 1983 184 2009 καὶ
194 1981 328 2017 στηρίζων
337 1982 386 2013 τὰς
399 1982 512 2017 καρδίας
523 1983 551 2009 ὲν
564 1982 701 2018 ἁγιωσύνῃ
717 1982 868 2018 ἔμπροσθεν
881 1982 927 2009 τοῦ

136 2026 204 2053 Θεοῦ
214 2027 242 2053 ὲν
252 2028 284 2061 τῇ
294 2026 428 2062 παρουσίᾳ
437 2026 484 2053 τοῦ
495 2027 597 2062 Κυρίου
607 2028 623 2062 ἡ
629 2026 687 2062 μῶν
702 2027 788 2062 Ἰησοῦ
798 2028 820 2054 Χ
825 2028 926 2063 ριστοῧ,

136 2073 167 2099 τὸ
180 2072 294 2107 Πνεῦμά
309 2073 377 2099 ἐστι.
412 2073 468 2104 Τὰς
487 2071 533 2100 οὗν
548 2075 622 2108 τρεῖς
636 2073 798 2108 κυριότητος
811 2075 850 2105 είς
864 2073 928 2109 μίαν

137 2118 285 2153 κυριότητα
303 2118 474 2153 συναγαγὼν,
488 2118 591 2154 βεόαιοῐ
597 2119 683 2153 λέγων
692 2119 758 2155 πρὸς
773 2119 926 2153 Ἐφεσίους·

140 2175 150 2190 ι
162 2163 209 2196 Εἷς
224 2165 340 2200 Κύριος,
358 2165 406 2200 μία
427 2165 535 2197 πίστις,
552 2165 581 2191 ἓν
601 2165 752 2200 βάπτισμα.
768 2175 777 2191 ι
797 2166 880 2192 Πάλιν
897 2166 927 2192 τὸ

137 2211 249 2247 Πνεῦμα
262 2211 364 2246 Κὺριος
378 2211 486 2245 λέγεται
503 2211 595 2246 σαφῶς
609 2213 637 2238 ὲν
648 2213 679 2247 τῇ
699 2211 780 2246 βίϐλῳ
794 2212 848 2238 τῶν
862 2213 928 2247 Κρι-

137 2256 209 2289 τῶν,
231 2257 275 2282 ὅτε
295 2256 345 2288 τάς
362 2256 499 2292 ἀριστείας
517 2256 572 2291 (2‘2)
587 2257 602 2283 ὁ
617 2256 735 2292 Σαμψὼν
751 2257 853 2288 ἐποίει,
868 2258 928 2284 ἐπι-

138 2303 299 2339 σημαίνεται
310 2303 326 2337 ἠ
339 2301 444 2337 Γραφὴ,
458 2302 505 2328 καὶ
514 2301 601 2335 λέγει·
618 2303 688 2328 «Καὶ
703 2301 813 2336 Πνεῦμα
827 2302 928 2338 Κυρίου

137 2349 218 2385 ἦλθεν
226 2348 454 2383 ἐπἰΣαμψὼν,καὶ
463 2348 557 2374 ἔλαϐεν
565 2348 676 2382 σιαγόνα
682 2348 803 2379 όνου,καὶ
812 2349 935 2375 ἀπέκτει-

137 2404 167 2422 νε
177 2395 287 2430 χιλίους·
296 2405 304 2420 ι
316 2395 363 2421 καὶ
371 2394 475 2421 πάλιν-ι
482 2392 566 2421 Ἦλθε
574 2394 685 2430 Πνεῦμα
694 2395 796 2430 Κυρίου
806 2395 852 2422 ἐπὶ
859 2396 932 2430 Σαμ-

138 2441 206 2476 ψὼν,
218 2442 265 2468 καὶ
275 2441 437 2476 διεσπάραξε
448 2441 492 2467 τὸν
507 2441 611 2472 λέοντα,
624 2441 662 2472 ὡς
676 2441 768 2476 ἔριφον
778 2449 784 2456 ·
800 2451 809 2466 ι
821 2441 867 2468 καὶ
882 2441 932 2468 πά-

138 2486 194 2513 λιν·
217 2497 226 2512 ι
235 2485 321 2513 Ἦ).οε
336 2486 448 2521 Πνεῦμα
464 2487 567 2522 Κυρίου
582 2487 628 2513 ἐπὶ
641 2486 772 2522 Σαμψὼν,
785 2487 831 2513 καὶ
843 2487 929 2522 ὲττῆρε

139 2531 188 2568 τὴν
198 2533 299 2568 πόρταν
306 2531 356 2566 τῆς
365 2531 465 2567 Γάζης,
474 2532 520 2559 καὶ
531 2533 681 2567 ἀνήνεγκεν
694 2533 735 2564 είς
743 2532 778 2566 ,τὸ
787 2532 849 2567 ὅρος
860 2533 926 2569 (25).

175 2604 405 2646 ἐξ-ἐοιηγιιεῗϐὲν
428 2609 451 2625 ³⁸
469 2609 542 2638 Psal.
558 2617 620 2646 clx,
636 2610 726 2646 j_._"
747 2608 806 2638 Joel
841 2618 876 2643 ιι,
891 2611 924 2639 τε

1029 2612 1050 2628 ³⁸
1072 2613 1150 2640 Rom.
1171 2621 1199 2646 ι,
1217 2613 1261 2639 Η.
1300 2613 1323 2629 ³³
1342 2611 1363 2639 11
1381 2612 1445 2640 Cor.
1465 2621 1507 2644 In.
1528 2613 1572 2640 16.

139 2653 181 2675 ιιι.
199 2645 242 2672 18.

141 2689 198 2713 xw,
216 2679 242 2707 6.
280 2680 304 2696 ⁸⁸
316 2679 407 2707 Judic.
425 2688 481 2713 xvr,
499 2681 526 2708 ’5.

139 2794 147 2821 Ι
175 2757 239 2819 (ιιεέ1
250 2759 361 2820 Ῐξέιριον,
384 2757 460 2786 deest
479 2758 507 2786 in
523 2758 684 2794 Anglicano,
704 2766 755 2787 nec
779 2765 794 2785 a
818 2757 925 2786 Nannio

149 2802 179 2820 ee
196 2802 220 2819 ιιι
269 2815 271 2817 .
303 2815 309 2820 .

141 2798 239 2821 lectum
257 2798 309 2820 est.

141 2863 154 2889 Θ
175 2829 231 2870 (εει)
253 2828 422 2861 Basiliensis,
446 2828 614 2856 κατευθύνει.
641 2829 800 2862 Vaticanus,
824 2838 922 2856 κατευ-

157 2871 223 2889 υνει.

252 2898 334 2926 Basil.
352 2899 503 2935 πλεονάσοι.
521 2899 599 2935 Attgl.
616 2903 642 2928 et
658 2899 795 2933 Vatican.,
811 2899 924 2926 πλεονά-

142 2941 181 2960 σει
194 2935 240 2960 καὶ
254 2934 447 2970 περισσεύσει..

980 1665 1098 1688 vestram
1111 1660 1138 1687 in
1157 1659 1274 1687 invicem
1287 1663 1314 1685 et
1330 1659 1356 1685 in
1374 1666 1480 1691 omnes,
1497 1658 1728 1693 quemadmodum
1740 1661 1767 1684 et

980 1715 1030 1734 nos
1046 1707 1072 1734 in
1087 1706 1175 1738 vobis,
1191 1705 1225 1732 ad
1241 1704 1427 1732 conﬁrmanda
1443 1705 1526 1731 corda
1538 1708 1639 1737 vestra,
1652 1704 1768 1738 irrepre-

980 1751 1152 1779 hensibiliter
1175 1750 1203 1777 in
1229 1751 1374 1777 sanctitate
1397 1753 1460 1777 ante
1479 1748 1562 1776 Deum
1586 1748 1694 1775 Patrem
1718 1757 1768 1776 no-

979 1803 1078 1830 strum,
1094 1798 1120 1824 in
1135 1797 1253 1824 adventu
1276 1796 1382 1823 Domini
1396 1797 1483 1824 nostri
1497 1795 1560 1824 Jesu
1576 1795 1689 1828 Christi,
1705 1803 1767 1824 cum

979 1843 1106 1871 omnibus
1118 1842 1221 1869 sanctis
1234 1841 1294 1876 ejus
1306 1841 1339 1867 ³⁸.
1357 1851 1366 1868 ι
1387 1841 1443 1869 Hoc
1456 1845 1546 1869 autem
1560 1842 1620 1868 loco
1636 1841 1767 1869 Dominus

979 1889 1034 1920 ille,
1051 1889 1097 1924 qui
1110 1888 1261 1916 exuberare
1278 1888 1344 1915 facit
1360 1892 1387 1915 et
1402 1888 1544 1916 abundare
1559 1887 1722 1915 charitatem
1739 1887 1767 1914 in

979 1935 1106 1966 invicem,
1120 1938 1146 1961 et
1160 1934 1207 1969 qui
1222 1934 1367 1961 confirmat
1380 1934 1463 1961 corda
1476 1934 1504 1960 in
1519 1933 1664 1961 sanctitate
1675 1940 1766 1960 coram

979 1981 1034 2008 Deo
1046 1982 1074 2008 in
1091 1981 1209 2009 adventu
1225 1981 1331 2008 Domini
1350 1981 1437 2008 nostri
1447 1979 1511 2008 Jesu
1521 1979 1633 2012 Christi,
1647 1979 1767 2014 Spiritus

978 2031 1030 2056 est.
1045 2026 1114 2055 Tres
1134 2027 1218 2062 igitur
1239 2026 1443 2054 dominationes
1457 2027 1484 2053 in
1502 2033 1583 2053 unam
1603 2025 1766 2052 dominatio-

979 2081 1040 2100 nem
1058 2073 1235 2104 contrahens.
1261 2072 1288 2099 id
1303 2072 1459 2104 conﬁrmat,
1481 2071 1516 2098 ad
1541 2071 1673 2104 Ephesios
1697 2071 1767 2099 seri-

978 2118 1067 2146 hens:
1087 2128 1096 2144 ι
1115 2118 1192 2146 Unus
1220 2117 1363 2150 Dominus,
1387 2125 1441 2145 una
1469 2118 1547 2150 Ildcs,
1570 2126 1657 2145 unum
1681 2118 1768 2152 bapti-

979 2165 1077 2192 sma”.
1096 2176 1105 2191 ι
1121 2165 1167 2193 Ille
1180 2165 1238 2200 ipse
1252 2173 1362 2193 rursum
1379 2164 1499 2200 Spiritus
1514 2165 1618 2200 liquido
1634 2165 1767 2192 Dominus

979 2212 1131 2246 appellatur
1148 2212 1174 2238 in
1198 2212 1268 2239 libro
1282 2211 1422 2241 Indicum.
1443 2212 1487 2238 ubi
1505 2212 1539 2239 de
1551 2212 1632 2239 rebus
1648 2219 1662 2237 a
1686 2209 1766 2237 Sam-

945 2275 967 2301 D
979 2265 1046 2285 sane
1063 2257 1169 2285 fortiter
1183 2258 1277 2292 gestis,
1296 2258 1353 2285 inec
1377 2259 1414 2285 ait
1431 2258 1572 2293 Scriptura
1586 2267 1592 2284 :
1610 2267 1619 2283 ι
1637 2257 1669 2283 Et
1685 2256 1769 2291 Spiri-

983 2307 1028 2331 tus
1047 2303 1151 2331 Domini
1167 2304 1242 2331 venit
1266 2305 1294 2331 in
1310 2304 1482 2337 Samsonem,
1496 2309 1523 2330 et
1539 2304 1645 2338 accepit
1659 2302 1767 2330 mandi-

984 2349 1076 2377 bulam
1103 2350 1183 2382 asini,
1199 2354 1226 2377 et
1248 2350 1385 2378 interfecit
1410 2350 1525 2377 mille“.
1541 2359 1552 2375 ι
1568 2348 1766 2384 Rursumque:

986 2405 996 2422 ‹
1006 2395 1086 2423 Venit
1099 2395 1219 2431 Spiritus
1231 2396 1338 2423 Domini
1353 2397 1379 2423 in
1395 2396 1570 2427 Samsonem,
1583 2395 1767 2431 etdiscerpsit

981 2441 1098 2475 leonem,
1113 2443 1192 2477 quasi
1218 2443 1365 2471 haedum".
1381 2453 1390 2469 ι
1405 2443 1494 2477 Atque
1513 2442 1612 2469 iterum
1630 2449 1636 2469 :
1656 2451 1665 2468 ι
1685 2441 1767 2470 Venit

981 2486 1101 2522 Spiritus
1119 2488 1225 2516 Domini
1242 2489 1268 2516 in
1291 2489 1464 2521 Samsonem,
1482 2493 1509 2516 et
1528 2489 1639 2516 sustulit
1659 2493 1766 2524 portam

979 2533 1069 2566 Gazze,
1085 2538 1112 2562 et
1128 2535 1278 2570 asportavit
1294 2535 1322 2562 in
1334 2534 1495 2562 montem“.
1511 2544 1521 2561 ›
1540 2533 1573 2561 Et
1590 2535 1691 2571 ubique
1707 2542 1769 2570 pro-

1619 2613 1642 2629 “
1662 2612 1682 2640 ll
1702 2612 1766 2640 Cor.

293 2643 472 2683 f9_|l__Thess.
491 2653 538 2683 n_I,
555 2645 582 2673 5.
621 2644 660 2671 ³⁶Ι
675 2644 773 2672 Thess.
791 2653 837 2678 nt,
854 2646 899 2678 i2,
918 2647 924 2673 l

998 2647 1020 2663 ⁸⁷
1036 2643 1231 2683 Εριιοε.ιν,’5.
1268 2647 1291 2664 ⁸⁸
1309 2647 1400 2675 Judic.
1417 2657 1462 2681 xv,
1481 2649 1531 2680 Η,
1549 2649 1593 2677 15.
1631 2649 1654 2666 ³⁸
1674 2647 1765 2676 Judic.

1013 2759 1069 2796 (21)
1089 2759 1119 2788 In
1138 2759 1245 2794 Anglic.
1263 2764 1334 2794 post,
1353 2760 1421 2796 μετᾲ
1443 2760 1562 2796 πάντων,
1583 2760 1683 2790 desunt
1702 2767 1764 2796 qua:

977 2799 1131 2832 sequuntur
1147 2803 1233 2832 usque
1252 2795 1287 2832 ad
1305 2795 1392 2832 Ἰησοῦ
1410 2795 1536 2832 Χριστοῦ.

1011 2831 1067 2865 (22)
1088 2831 1264 2866 Anglicanus,
1277 2831 1412 2866 ἀριστίας.

1013 2866 1069 2901 (95)
1090 2865 1139 2893 ilic
1158 2865 1306 2900 Scriptura;
1320 2867 1398 2895 locus
1413 2873 1468 2894 non
1485 2865 1519 2893 ad
1534 2865 1659 2900 verbum,
1673 2867 1722 2897 sed
1732 2867 1767 2896 ad

977 2902 1140 2930 sententiam
1157 2901 1278 2930 aifertur.
