1898 3053
127 169 163 198 55
709 169 738 198 S.

758 169 989 198 ATHANASIUS.
1011 186 1045 190 —
1058 169 1177 197 ‘DUBIA.
1722 170 1757 197 ὃὸ

128 227 251 264 greditur
277 227 395 263 Spiritus
413 227 529 254 Domini.
548 227 599 254 Ubi
622 231 712 255 autem
729 228 846 255 abrasus
861 231 914 257 est.

975 227 1021 252 Καὶ
1036 227 1122 262 πάντη
1138 227 1317 262 ἐκπορεύεται
1329 226 1360 252 τὸ
1376 226 1488 262 Πνεῦμα
1503 228 1616 262 Κυρίου,
1649 228 1714 254 Ὅτε
1729 229 1757 254 δὲ

130 280 274 311 postquam
288 276 415 310 mysteria
434 275 479 302 Dei
499 275 592 302 Dalilae
608 275 773 310 aperuisset,
789 276 826 302 ait
843 275 918 301 Scri-

130 326 210 356 ptura
224 331 230 348 :
255 330 264 346 ι
281 320 312 347 Et
330 321 443 348 recessit
459 328 473 346 a
499 320 633 348 Samsone
647 320 780 359 Domipus
790 321 822 348 “.
840 330 850 346 ι
865 320 916 347 De-

129 370 312 393 monstratum
337 366 428 400 itaque
441 366 496 400 jam
519 370 571 398 est,
596 365 727 400 Spiritum
746 373 808 393 esse
825 365 917 392 Domi-

129 420 194 440 num
211 423 217 439 :
232 411 303 447 quod
325 412 347 439 si
361 412 502 444 Dominus,
519 413 598 446 plane
622 411 693 439 Deus
708 415 750 439 est
764 419 770 437 :
790 421 799 437 ‹
816 411 918 439 Scitote

129 458 211 490 enim,
227 458 326 492 inquit,
349 458 478 492 quoniam
501 457 634 485 Dominus
648 458 706 493 ipse
725 462 767 485 est
783 457 854 484 Deus
865 457 914 483 δ’.»

128 501 161 528 Et
173 511 178 528 ι
198 511 206 526 ι
216 501 331 534 Quando
344 502 549 528 mditicavcrunt
559 502 606 528 filii
616 502 673 529 Gad
681 503 766 530 altare
775 502 808 529 ad
822 501 918 529 Iorda-

128 555 202 579 nem,
219 552 246 574 et
259 547 394 575 miserunt
403 548 450 574 ﬁlii
463 547 546 575 Israel
556 548 589 574 ad
601 556 659 579 eos.
671 548 794 576 dicentes
806 558 812 575 :
827 549 917 581 Quare

127 594 195 620 estis
220 594 445 628 praevaricatores
475 593 522 621 Dei
544 595 624 621 facti?
646 595 846 630 responderunt
866 602 916 630 pro

126 640 304 667 excusatione
319 640 367 666 ﬁlii
393 639 489 667 Ruben
514 640 632 667 tribunis
655 639 748 673 Israel,
767 640 890 668 dicentes
909 649 915 666 :

128 685 199 713 Deus
218 685 289 712 Deus
305 690 348 712 est
368 685 511 718 Dominus,
525 689 553 712 et
569 685 640 713 Deus
656 685 787 714 Dominus
801 687 859 720 ipse
872 694 917 713 no-

127 732 207 763 vit",
225 741 234 756 ι
244 736 297 759 etc.
310 732 381 759 Alibi
398 740 507 760 rursum
523 731 625 759 Paulus
639 743 644 760 :
658 742 667 758 ι
680 732 762 763 Deus,
773 732 819 767 qui
836 732 914 764 dixit,

127 780 157 802 ut
171 784 203 803 ex
224 777 398 804 lenebrislux
418 777 602 808 illucesceret.
621 777 667 813 qui
683 777 772 805 illuxit
786 778 814 804 in
826 778 917 805 cordi-

128 823 179 850 bus
194 823 305 855 nosu-is,
327 823 361 850 ad
382 823 608 851 illuminationem
635 824 800 859 cognitionis
821 825 916 859 gloriae

129 867 188 900 Dei,
203 869 230 895 in
248 868 316 896 facie
329 869 471 896 Christi“.
487 879 497 894 ι
516 868 588 896 Deus
612 869 705 904 igitur,
724 870 768 904 qui
784 869 864 902 dixit,
887 874 916 897 ut

128 914 175 941 qu
191 914 218 940 in
232 914 351 941 tenebris
365 914 546 946 illucesceret,
564 914 683 950 Spiritus
694 919 745 942 est.
760 916 799 941 Ac
817 915 916 942 iterum

127 959 186 996 ipse
200 970 206 987 :
223 970 231 985 ι
248 960 320 987 Deus
344 964 434 987 autem
461 960 599 995 patientia:
622 965 648 987 et
663 960 754 988 solatii
769 961 821 995 Idet
838 961 916 988 vobis

127 1005 244 1040 idipsum
259 1013 354 1040 sapere
364 1005 513 1034 secundum
526 1005 618 1034 Jesum
630 1006 789 1039 Christum;
806 1011 835 1034 ut
847 1015 916 1034 una-

127 1053 215 1080 nimes
234 1060 289 1079 uno
306 1060 364 1084 ore,
380 1053 566 1087 gloriﬁcemus
582 1052 678 1084 Deum,
697 1058 723 1080 et
736 1053 843 1080 l‘atrem
862 1053 918 1081 Do—

127 1099 193 1125 mini
205 1099 290 1126 nostri
306 1098 371 1126 Jesu
386 1098 620 1130 Christi".»Quis
634 1099 716 1133 igitur
730 1103 772 1126 est
785 1099 855 1126 Dcus
869 1107 917 1134 pa-

127 1143 229 1170 tientim
240 1148 267 1170 et
282 1143 384 1175 solatii,
398 1143 445 1177 qui
463 1143 510 1170 dat
525 1144 607 1170 nobis
625 1143 744 1178 idipsum
759 1145 863 1172 sentire
874 1153 917 1172 se-

127 1189 250 1216 cundum
272 1189 412 1216 Christum
428 1188 532 1221 Jesum,
550 1194 580 1216 ut
604 1191 771 1218 unanimiter
782 1191 915 1226 gloriﬁce-

129 1243 191 1262 mus
207 1234 304 1266 Deum,
321 1243 352 1261 ac
366 1234 475 1262 Patrem
491 1235 597 1262 Domini
612 1236 699 1263 nostri
717 1236 780 1264 Iesu
796 1237 918 1264 Christi?

129 1289 242 1315 prorsus
255 1281 301 1308 ille
319 1285 360 1308 est
382 1280 500 1316 Spiritus
518 1285 643 1309 sanctus.
660 1282 692 1308 Et
711 1291 820 1310 rursum
835 1304 841 1310 .
859 1292 868 1308 ι
889 1282 917 1310 Si

129 1332 220 1354 autem
235 1336 331 1355 omnes
345 1328 519 1362 prophetent,
537 1328 621 1356 intret
639 1333 729 1356 autem
744 1330 806 1364 quis
820 1330 918 1357 intide-

129 1373 174 1404 Iis.
191 1373 233 1400 vel
255 1374 349 1406 idiota,
368 1374 544 1410 redarguitur
561 1376 596 1402 ab
611 1375 738 1402 oumibus
753 1380 799 1403 :et
822 1376 858 1403 ita
873 1384 919 1403 oc-

129 1420 203 1447 culta
223 1420 314 1447 cordis
336 1421 410 1448 illius
435 1421 581 1449 manifesta
599 1421 688 1448 ﬁunt:
709 1427 736 1449 et
761 1423 798 1450 ita
817 1423 918 1450 cadens

130 1466 157 1492 in
175 1466 272 1493 faciem
293 1467 419 1494 adorabit
436 1467 531 1499 Deum,
552 1468 747 1503 pronuntians.
767 1469 841 1503 quod
855 1477 918 1496 vere

128 1512 200 1540 Deus
225 1513 251 1539 in
276 1513 354 1540 vobis
370 1513 445 1540 sit“.
459 1523 468 1539 ›
488 1513 574 1541 Deum
599 1522 666 1549 ergo
685 1514 765 1547 dixit,
786 1514 918 1550 Spiritum

967 272 1095 308 ὲξυρήΟη,
1111 273 1143 300 τὰ
1161 274 1298 310 μυστήρια
1313 274 1358 300 τοῦ
1372 274 1437 300 Θεοῦ
1449 274 1587 308 ἀναφάνας
1602 275 1634 309 τῇ
1647 274 1756 309 Δαλιδᾷ,

967 318 1049 353 λέγει·
1065 319 1133 345 (Καὶ
1144 319 1248 356 ἀπέστη
1263 320 1317 346 ἀπὸ
1326 319 1444 355 Σαμψὼν
1457 321 1470 346 ὁ
1480 320 1607 355 Κύριος.»
1618 319 1699 346 Ὥστε
1710 318 1758 346 οὖν

967 365 1171 400 πεφανέρωται,
1188 366 1228 392 δτι
1244 366 1274 392 τὸ
1290 366 1402 402 Πνεῦμα
1416 365 1530 401 Κύριος·
1548 367 1572 392 εἰ
1593 366 1621 392 δὲ
1642 365 1755 400 Κύριος,

967 411 1104 446 πανταχοῦ
1117 411 1172 447 ((24)
1192 412 1240 438 καὶ
1262 412 1328 443 Θεός
1338 420 1346 428 ’
1364 423 1372 437 ι
1384 411 1471 438 Γνῶτε
1482 411 1546 447 γὰρ,
1560 421 1568 437 ι
1585 412 1677 446 φησὶν,
1694 421 1703 436 ι
1715 412 1757 438 δτι

967 457 1068 493 Κύριος
1082 457 1161 489 αὐτός
1176 459 1248 484 ἐστιν
1261 459 1275 484 6
1287 458 1363 490 Θεός.
1378 468 1386 483 ι
1400 458 1464 489 Καὶ,
1480 467 1488 483 ι
1502 458 1565 483 Ὅτε
1578 457 1757 493 ᾠκοδόμησαν

966 503 990 528 οἱ
1007 502 1058 528 υἱοὶ
1075 502 1127 528 Γὰδ
1139 502 1329 538 Θυσιαστήριον
1346 503 1391 528 ἐπὶ
1418 502 1464 529 τοῦ
1482 503 1625 538 Ἰορδάνου,
1642 503 1689 529 καὶ
1701 503 1756 529 ἁπ-

967 547 1090 574 ἐστειλαν
1101 549 1126 575 οἱ
1143 549 1195 574 υἱοὶ
1217 548 1324 584 Ἰσραὴλ
1340 549 1407 584 πρὸς
1423 548 1520 580 αὐτοὺς
1530 569 1538 580 ,
1554 548 1677 582 λέγοντες
1687 556 1693 564 ·
1706 547 1758 575 Διὰ

965 594 992 620 τί
1005 594 1156 621 ἀποστάται
1168 595 1297 628 γεγόνατε
1310 594 1357 620 τοῦ
1372 593 1450 627 Θεοῦ;
1462 593 1649 629 ἀπεκρίθησαν
1659 594 1758 620 ἀπολι»

967 640 1154 675 γούμενοιυὶοὶ
1168 641 1279 676 Ῥουϐὶμ
1293 640 1348 675 (Ξὸ)
1359 642 1413 672 τοῖς
1424 641 1572 676 χιλιάρχοις
1584 639 1700 675 Ἰσραήλ,
1714 639 1758 666 λέ-

967 695 1060 720 γοντες
1070 695 1076 701 ³
1094 687 1122 713 Ὀ
1131 686 1195 718 Θεὸς
1209 687 1297 718 ὀΘεός
1312 687 1370 712 ἐστι
1388 686 1488 721 Κύριος
1499 694 1505 700 ·
1518 685 1565 712 καὶ
1579 685 1644 716 Θεὸς
1656 684 1758 720 Κύριος

967 733 1048 764 αὐτὸς
1061 730 1126 761 οἶδε.
1140 742 1149 757 ι
1167 732 1214 758 καὶ
1225 732 1260 758 τὰ
1272 732 1344 767 ἑξῆς,
1366 731 1421 757 Καὶ
1435 731 1552 766 ἀλλαχοῦ
1567 731 1647 757 πάλιν
1660 731 1674 756 ὁ
1684 730 1758 756 Παῦ-

966 777 1024 808 λος·
1046 787 1054 803 ι
1067 778 1095 803 ὐ
1105 777 1211 809 Θεὸςνό
1223 776 1307 803 εἰπὼν
1318 797 1325 809 ,
1344 778 1376 803 ἐκ
1392 777 1502 808 σκότους
1518 776 1575 810 φῶς
1592 775 1709 810 λάμψαι,
1726 775 1757 808 ὃς

966 823 1086 858 ἔλαμψεν
1104 824 1134 849 ὲν
1147 825 1206 855 ταῖς
1220 823 1343 859 καρδίαις
1356 823 1448 859 ἡμῶν,
1465 823 1535 858 πρὸς
1557 822 1694 857 κρωτισμὸν
1707 822 1756 857 τῆς

967 868 1092 903 γνώσεως
1106 870 1154 904 τῆς
1165 870 1242 905 δόξης
1253 869 1299 896 τοῦ
1312 869 1379 896 Θεοῦ
1389 891 1396 902 ,
1413 870 1441 895 ἐν
1454 867 1590 905 προσώπῳ
1602 868 1729 904 Χριστοῦ.
1743 877 1753 893 ι

973 916 1002 942 ’0
1019 914 1064 942 οῦν
1082 916 1162 948 Θεὸς,
1178 918 1191 942 6
1208 915 1307 949 εἰπὼν,
1324 917 1356 942 ὲκ
1378 916 1489 948 σκότους
1513 915 1569 949 φῶς
1587 914 1692 950 λάμψαι
1703 934 1710 946 ,
1725 915 1757 941 τὸ

968 961 1080 997 Πνεῦμά
1096 963 1163 988 ἐστι.
1192 962 1247 988 Καὶ
1263 962 1342 989 πάλιν
1355 963 1370 988 6
1387 962 1482 993 αὑτός·
1505 971 1514 987 ι
1535 962 1563 988 Ὁ
1578 962 1605 988 δὲ
1621 961 1685 992 Θεὸς
1706 962 1757 996 τῆς

968 1004 1107 1044 ὗπομονῆς
1117 1009 1162 1034 καὶ
1172 1009 1220 1043 τῆς
1230 1007 1427 1043 παρακλήσεως
1435 1006 1489 1043 δῴη
1503 1007 1567 1041 ὑμῖν
1579 1006 1608 1033 τὸ
1617 1007 1681 1032 αὐτὸ
1690 1015 1756 1041 φρο-

967 1055 1021 1080 νεῖν
1041 1054 1111 1080 κατὰ
1132 1054 1249 1088 Χριστὸν
1270 1053 1388 1089 Ἰησοῦν·
1415 1053 1459 1080 ἵνα
1479 1052 1650 1088 ὁμοθυμαδὸν
1666 1053 1693 1078 ἐν
1716 1052 1757 1078 ἐν).

969 1100 1081 1135 στόματι
1093 1100 1147 1134 (“26)
1159 1100 1312 1135 δοξάζωμεν
1326 1100 1371 1126 τὸν
1381 1099 1457 1130 Θεὸν,
1467 1099 1514 1125 καὶ
1525 1098 1634 1134 Πατέρα
1644 1098 1690 1125 τοῦ
1702 1099 1758 1124 Κυ-

969 1146 1026 1181 ρίου
1048 1145 1126 1181 ἡμῶν
1146 1145 1232 1181 Ἰησοῦ
1257 1145 1385 1181 Χριστοῦ.
1399 1155 1407 1170 ι
1439 1145 1486 1176 Τίς
1507 1142 1552 1171 οῦν
1569 1146 1641 1171 ἐστιν
1661 1146 1675 1170 6
1691 1144 1758 1175 Θεὸς

968 1191 1017 1225 τῆς
1033 1192 1171 1227 ὑπομονῆς
1194 1192 1239 1218 καλ¹
1255 1191 1305 1226 τῆς
1321 1191 1538 1227 παρακλήσεως,
1560 1192 1574 1216 ὁ
1588 1191 1675 1222 διδοὺς
1691 1191 1758 1226 ἡμῖν

968 1238 998 1264 τὸ
1011 1237 1076 1264 αὐτὸ
1091 1238 1198 1273 φρονεῖν
1213 1237 1283 1264 κατὰ
1295 1237 1412 1271 Χριστὸν
1433 1236 1547 1272 Ἰησοῦν,
1559 1237 1603 1264 ἵνα
1616 1236 1758 1272 ὁμοθυμα-

967 1284 1011 1311 δὸν
1020 1284 1174 1319 δοξάζωμεν
1187 1284 1230 1310 τὸν
1241 1283 1317 1316 Θεὸν,
1330 1285 1377 1310 καὶ
1386 1283 1496 1319 Πατέρα
1505 1283 1552 1310 τοῦ
1565 1283 1668 1319 Κυρίου
1680 1283 1758 1318 ἡμῶν

975 1329 1061 1364 Ὶηςοῦ
1075 1329 1191 1364 Χριστοῦ
1201 1337 1207 1361 ;
1218 1330 1327 1360 πάντως
1339 1329 1369 1355 τὸ
1380 1328 1492 1364 Πνεῦμα
1502 1329 1533 1355 τὸ
1543 1328 1628 1363 ἅγιον.
1640 1329 1696 1355 Καὶ
1707 1329 1760 1355 πά.-

968 1374 1026 1401 λινο
1043 1384 1052 1400 ε
1073 1375 1134 1401 Ἐὰν
1150 1375 1178 1401 δὲ
1192 1375 1292 1406 πάντες
1308 1374 1532 1410 προφητεύωσιν,
1549 1372 1655 1409 εἰσέλθῃ
1669 1373 1698 1400 δέ
1715 1381 1758 1405 τις

969 1421 1091 1453 ἄπιστος,
1104 1422 1119 1457 ἦ
1134 1421 1251 1457 ἰδιώτης,
1263 1422 1404 1456 ἐλέγχεται
1415 1421 1467 1447 ὑπὸ
1480 1422 1586 1447 πάντων
1595 1429 1601 1435 ·
1614 1421 1661 1447 καὶ
1672 1419 1758 1452 οὕτως

968 1467 1003 1494 τὰ
1021 1468 1129 1503 κρυπτὰ
1148 1469 1196 1503 τῆς
1218 1468 1332 1504 καρδίας
1353 1467 1435 1494 αὐτοῦ
1451 1467 1554 1503 φανερὰ
1570 1467 1692 1501 γίνεταιο
1710 1466 1759 1493 καὶ

969 1513 1055 1545 οὕτως
1067 1534 1075 1545 ,
1092 1513 1183 1540 πεσὼν
1198 1514 1244 1540 ἐπὶ
1259 1514 1418 1550 πρόσωπον,
1437 1515 1619 1550 προσκυνήσει
1636 1513 1674 1548 τῷ
1687 1512 1758 1549 Θεῷ,

129 1562 266 1588 sanctum,
286 1559 440 1593 loquentem
456 1561 482 1586 in
498 1559 561 1587 illis.
574 1560 612 1586 Ac
625 1560 723 1587 iterum
739 1568 744 1586 :
761 1569 769 1586 t
786 1560 915 1592 Nescitis,

975 1560 1158 1594 Ξιπαγγέλλων,
1171 1561 1211 1586 ὅτι
1227 1560 1311 1592 ὅντως
1325 1561 1338 1586 6
1351 1559 1416 1591 Θεὸς
1425 1561 1453 1586 ἐν
1462 1561 1525 1594 ὑμῖν
1537 1561 1620 1586 ἐστι.)
1633 1559 1698 1586 Θεὸν
1711 1558 1758 1586 οῦν

129 1604 192 1638 quia
210 1605 340 1640 templum
361 1605 408 1633 Dei
431 1606 509 1637 estis,
523 1611 549 1633 et
566 1605 686 1641 Spiritus
708 1607 754 1634 Dei
770 1607 875 1634 habitat
889 1608 916 1635 ὴ

129 1649 254 1677 vobis"?
271 1659 280 1675 ι
296 1650 401 1683 Quibus
422 1652 511 1678 verbis
528 1652 678 1679 declaravit
698 1660 748 1680 nos
764 1661 825 1680 esse
848 1659 917 1681 tem-

130 1694 205 1730 plum
224 1695 286 1728 Dei;
303 1697 349 1723 ubi
365 1704 430 1724 vero
449 1702 492 1725 est
507 1698 648 1732 templum,
662 1699 699 1725 ibi
716 1703 743 1726 et
752 1698 834 1729 Deus,
851 1704 878 1726 et
889 1700 916 1726 in

131 1748 164 1768 eo
184 1741 303 1775 Spiritus
325 1741 440 1774 habitat,
462 1746 492 1769 ut
506 1743 532 1769 in
554 1751 605 1770 suo
622 1743 743 1778 templo;
767 1743 805 1770 ait
821 1745 915 1771 enim:

134 1794 144 1811 ι
161 1786 202 1813 An
217 1787 342 1819 nescitis,
364 1788 436 1822 quod
454 1796 569 1823 corpora
593 1794 684 1816 vestra
713 1789 841 1824 templum
863 1791 918 1818 sint

132 1831 252 1866 Spiritus
274 1832 373 1866 sancti,
396 1842 477 1868 quem
502 1834 608 1861 habetis
629 1842 644 1861 a
669 1834 740 1862 Deo?
761 1835 919 1864 Gloriﬁcate

130 1878 214 1913 igitur
235 1877 320 1905 Deum
336 1879 504 1907 habitantem
520 1880 547 1907 in
568 1881 687 1908 vobis“.
704 1891 712 1906 ι
733 1881 810 1914 Quod
826 1883 849 1910 si
864 1891 918 1910 non

130 1923 267 1958 gloriticas
279 1923 446 1951 habitantem
459 1925 485 1951 in
498 1929 524 1952 le
532 1929 562 1951 ut
574 1924 669 1956 Deum,
682 1925 771 1953 factus
780 1933 810 1953 es
826 1925 917 1952 fanum

132 1968 283 2001 idolorum;
296 1969 333 1996 ait
347 1969 420 1996 enim
435 1979 442 1996 :
463 1978 472 1995 |
494 1969 621 2003 Nescitis,
637 1971 702 2005 quia
719 1973 850 2006 templum
871 1971 918 1998 Dei

131 2013 157 2048 5
174 2014 252 2045 estis,
280 2019 307 2041 et
337 2013 455 2048 Spiritus
471 2014 518 2042 [vei
545 2015 649 2042 habitat
666 2016 693 2042 in
716 2017 793 2044 vobis
814 2017 859 2043 M’?
885 2017 918 2043 Et

132 2059 196 2086 alibi
210 2060 248 2085 ait
265 2068 272 2086 :
287 2069 296 2084 ι
313 2059 407 2092 llodie,
421 2061 444 2087 si
460 2068 553 2087 vocem
567 2061 627 2096 ejus
644 2062 786 2090 audieritis
799 2082 806 2095 ,
819 2071 852 2090 ne
869 2063 919 2090 ob-

131 2104 237 2132 duretis
251 2105 333 2132 corda
348 2110 450 2137 vestra,
465 2106 536 2134 sicut
553 2106 580 2133 in
591 2108 800 2136 exacerbatione
820 2117 919 2136 secun-

132 2151 196 2178 dum
221 2151 292 2179 diem
309 2152 466 2180 tentatiouis
486 2153 514 2180 in
538 2153 656 2186 deserto,
676 2154 721 2181 ubi
746 2159 919 2183 tentaverunt

132 2205 175 2225 me
200 2204 292 2232 patres
307 2199 403 2230 vestri,
433 2199 620 2234 probaverunt
650 2208 703 2232 me,
732 2205 759 2227 et
793 2201 919 2229 viderunt

971 1603 1030 1632 εἷπε
1045 1606 1075 1632 τὸ
1090 1605 1202 1640 Πνεῦμα
1214 1605 1243 1632 τὸ
1259 1606 1349 1639 ἅγιον,
1366 1605 1395 1631 τὸ
1411 1604 1506 1631 λαλοῦν
1529 1606 1558 1631 ὲν
1581 1605 1682 1636 αὐτοῖς.
1703 1603 1759 1630 Καὶ

971 1651 1050 1678 πάλιν
1061 1659 1067 1665 '
1081 1652 1152 1678 ιυῦκ
1162 1651 1260 1681 οἴδατε.
1271 1651 1310 1677 ὅτι
1321 1650 1383 1681 ναὸς
1390 1651 1456 1677 Θεοῦ
1468 1652 1538 1681 ἐστε.
1551 1650 1638 1677 καὶτὸ
1647 1649 1759 1685 Πνεῦμα

970 1698 1017 1724 τοῦ
1026 1698 1092 1724 Θεοῦ
1101 1699 1170 1724 οἰκεῖ
1177 1700 1206 1724 ἐν
1214 1699 1276 1733 ὑμῖν
1286 1706 1309 1729 ;ι
1323 1697 1441 1729 Ἐδειξεν
1460 1697 1500 1723 ὅτι
1512 1697 1573 1728 ναὸς
1582 1696 1649 1723 Θεοῦ
1658 1698 1742 1731 ἐσμεν
1750 1705 1757 1712 ·

971 1744 1036 1769 ὅπου
1049 1743 1075 1768 δὲ
1084 1743 1156 1774 ναὸς,
1167 1744 1224 1769 ἐκεῖ
1234 1743 1299 1774 Θεός
1309 1751 1316 1757 ·
1327 1743 1356 1768 τὸ
1366 1743 1393 1769 δὲ
1406 1742 1517 1777 Πνεῦμα
1526 1743 1603 1775 οἰκεῖ,
1617 1743 1655 1774 ὡς
1664 1743 1692 1769 ἐν
1702 1743 1760 1778 ίδὶῳ

971 1788 1036 1823 ναῷ.
1046 1789 1114 1822 tit-nsi.
1121 1789 1184 1824 γάρ’
1196 1799 1204 1814 ι
1211 1789 1267 1814 Οὐκ
1279 1788 1366 1815 οἴδατε
1375 1809 1382 1820 ,
1397 1789 1438 1815 ὁτι
1448 1789 1482 1815 τὰ
1491 1790 1603 1824 σώματα
1612 1790 1688 1825 ὑμῶν
1695 1790 1759 1822 ναὸς

970 1834 1017 1860 τοῦ
1026 1835 1054 1860 ἐν
1068 1835 1132 1869 ὑμῖν
1144 1835 1222 1868 ἁγίου
1237 1835 1394 1869 Πνεῦματός
1402 1835 1484 1867 ἐστιν,
1500 1832 1530 1862 οῦ
1544 1836 1619 1870 ἔχετε
1631 1836 1684 1862 ἀπὺ
1691 1836 1758 1863 Θεοῦ

972 1881 1044 1914 (2'7);
1062 1881 1196 1914 Δοξάσατε
1211 1879 1256 1908 οὖν
1271 1881 1316 1908 τὸν
1327 1881 1392 1908 Θεὸν
1403 1883 1558 1910 ἐνοικοῦντα
1571 1884 1598 1909 ἐν
1615 1884 1689 1918 ὑμῖν.
1702 1893 1712 1910 ι
1727 1885 1760 1911 Et

971 1927 999 1952 δὲ
1005 1927 1034 1952 οὐ
1042 1926 1161 1958 δοξάζεις
1168 1927 1213 1953 τὸν
1222 1927 1376 1954 ἐνοικοῦντα
1384 1929 1412 1954 ὲν
1420 1929 1461 1954 σοὶ
1469 1929 1506 1960 ὼς
1512 1929 1588 1960 Θεὸν1
1596 1929 1689 1963 ἐγένου
1696 1930 1761 1962 ναὸς

972 1972 1098 2000 εἰδώλων.
1108 1973 1249 2009 Λέγειγὰρ
1259 1982 1265 1989 ’
1285 1983 1293 1999 ι
1312 1974 1367 2000 Οὐκ
1377 1974 1475 2006 οἴδατε,
1484 1975 1523 2001 ὅτι
1534 1975 1598 2006 ναὸς
1610 1975 1677 2002 Θεοῦ
1686 1977 1757 2008 ἐστε,

972 2019 1019 2056 καὶ
1028 2018 1058 2044 τὸ
1072 2019 1183 2054 Πνεῦμα
1194 2019 1240 2045 τοῦ
1253 2019 1320 2045 Θεοῦ
1335 2021 1402 2046 οἰκεῖ
1415 2021 1443 2045 ἐν
1459 2021 1538 2055 ὐμῖν;
1554 2030 1563 2046 ι
1577 2021 1632 2048 Καὶ
1643 2021 1761 2057 ἀλλαχοῦ

972 2064 1058 2097 λέγει·
1077 2074 1085 2089 τ
1100 2065 1220 2100 Σήμερον
1233 2064 1280 2090 ἐὰν
1291 2064 1340 2099 τῆς
1351 2065 1443 2100 φωνῆς
1458 2065 1540 2092 αὑτοῦ
1557 2066 1702 2102 ἀκούσητε,
1721 2068 1758 2103 μὴ

973 2109 1140 2145 σκληρύνητε
1161 2110 1209 2141 τὰς
1233 2110 1344 2146 καρδίας
1366 2111 1452 2146 ὑμῶν,
1474 2111 1511 2143 ὡς
1528 2113 1556 2138 ἐν
1579 2112 1618 2147 τῷ
1637 2121 1759 2149 παραπι-

972 2155 1098 2190 κρασμῷ,
1126 2154 1196 2181 κατὰ
1216 2155 1265 2190 τὴν
1289 2155 1393 2190 ἡμέραν
1419 2155 1466 2182 τοῦ
1494 2157 1646 2192 πειρασμοῦ
1673 2159 1701 2184 ὲν
1725 2160 1758 2194 τῇ

973 2201 1077 2236 ἐρήμῳ,
1092 2198 1122 2227 οῦ
1134 2200 1281 2235 ἐπείρασάν
1299 2209 1331 2235 με
1347 2201 1371 2226 οί
1388 2201 1505 2236 πατέρες
1521 2202 1613 2237 ὑμῶν·
1631 2203 1760 2238 ἐδοκίμα-

131 2251 215 2279 opera
229 2252 288 2272 mea
302 2245 481 2280 quadraginta
496 2246 577 2273 annis
593 2246 652 2281 ".5:
670 2246 732 2274 Ilaec
746 2252 837 2274 autem
853 2247 914 2283 Spi-

975 2247 1018 2273 πάν
1042 2255 1087 2281 με,
1112 2246 1158 2273 καὶ
1178 2244 1248 2272 εἶδον
1261 2246 1316 2281 (‘28)
1338 2246 1372 2273 τὰ
1395 2247 1462 2282 ἔργα
1484 2257 1534 2283 μου
1556 2250 1759 2284 τεσσαράκοντα

132 2289 202 2318 ritus
217 2294 330 2317 sanctus
349 2289 473 2324 proferre
486 2290 597 2323 dicitur,
613 2299 730 2327 namque
746 2293 784 2319 ait
801 2292 919 2328 Aposto-

133 2336 176 2363 lus
190 2345 196 2362 :
212 2345 221 2361 (
242 2335 414 2370 Quapropter
429 2336 498 2363 sicut
511 2337 578 2364 dicit
591 2337 712 2372 Spiritus
729 2344 851 2371 sanctus,
864 2338 920 2365 IIo-

132 2382 186 2413 die.
201 2382 223 2409 si
240 2390 332 2409 vorem
344 2382 404 2417 ejus
425 2383 568 2412 audieritis
582 2385 616 2415 “,
640 2394 648 2409 ι
667 2388 720 2411 etc.
739 2384 810 2419 Ergo
834 2384 921 2420 Spiri—

133 2433 190 2455 tum
206 2434 330 2456 sanctum
346 2429 462 2456 tentavit
477 2429 570 2461 Israel,
583 2434 610 2456 et
621 2431 746 2464 probavit
760 2431 787 2458 in
801 2431 919 2463 deserto,

133 2478 160 2500 et
175 2474 302 2501 viderunt
317 2482 399 2509 opera
412 2475 482 2510 ejus,
495 2483 593 2510 nempe
609 2477 750 2503 miracula.
765 2477 793 2503 In
813 2477 921 2512 alioque

134 2519 250 2553 psalmo,
267 2519 305 2546 ait
329 2519 373 2546 ille
391 2529 398 2546 :
414 2530 422 2545 ι
442 2519 473 2546 Et
492 2524 667 2548 tentaverunt
691 2520 776 2548 Deum
803 2521 829 2548 in
862 2522 922 2548 ina-

169 2597 190 2612 “
210 2595 300 2624 Judic.
321 2605 376 2628 xu.
400 2598 445 2625 20.

134 2633 156 2648 ⁸⁸
172 2632 180 2657 I
196 2632 260 2658 Cor.
277 2641 331 2661 xlv.
348 2634 400 2664 24,
416 2634 461 2661 23.

135 2668 155 2683 ¹¹
178 2667 260 2694 IIebr.
278 2675 326 2700 ιιι,
345 2668 371 2696 7.

496 2600 518 2615 ⁸³
539 2598 610 2625 Psal.
630 2605 708 2629 xcnx,
728 2599 754 2625 5.

514 2635 536 2650 "
557 2635 565 2661 ι
582 2634 644 2660 Cor.
663 2641 710 2663 ιιι.
729 2633 772 2662 Iti.

181 2749 227 2781 εει)
247 2748 339 2779 Forte,
353 2749 471 2781 πάντως.

181 2749 227 2781 εει)
247 2749 339 2779 Forte,
353 2749 471 2781 πάντως.

170 2749 228 2819 $25)
250 2785 294 2811 Sic
311 2785 417 2819 Anglic.
436 2784 465 2811 In
480 2785 540 2812 aliis
551 2789 577 2812 et
591 2786 671 2813 editis
685 2785 761 2812 deest
776 2785 918 2812 articulus.

136 2819 351 2870 hLox};Pou6i;L.
367 2820 406 2847 sic
424 2828 518 2847 oumes
539 2821 719 2855 Inauuscripti
733 2825 761 2848 et
777 2820 843 2848 editi
861 2828 920 2855 pro,

150 2855 296 2925 PfggpifI-Zv
316 2890 355 2917 ἑνὶ
377 2889 500 2919 στόματι.
518 2895 619 2918 ucsunt
637 2891 693 2918 haec
715 2891 743 2918 in
758 2890 919 2926 Anglicano,

799 2599 822 2615 ⁸³
842 2599 926 2627 Iosue
943 2608 1018 2633 xxu,
1039 2600 1134 2628 10-22.

827 2635 850 2651 ⁸⁸
871 2635 958 2662 lCor.
975 2645 1017 2669 vi,
1039 2637 1080 2664 19.

973 2292 1030 2326 ἐτη.
1052 2302 1061 2318 ι
1081 2292 1117 2318 T6
1132 2292 1160 2318 δὲ
1177 2293 1288 2328 Πνεῦμα
1303 2293 1333 2320 τὸ
1347 2293 1423 2328 ἅγιον
1437 2293 1544 2328 λέγεται
1558 2296 1643 2321 εἰπεῖν
1656 2295 1757 2322 ταῦτα·

973 2339 1040 2372 φητὶ
1051 2337 1104 2373 γὰρ
1116 2339 1130 2364 ὀ
1144 2338 1302 2370 Ἀπόστολος
1312 2348 1318 2354 ·
1331 2349 1340 2364 ‹
1352 2340 1397 2366 Διὸ
1411 2339 1501 2372 καθὼς
1517 2340 1590 2375 λέγει
1604 2341 1634 2368 τὸ
1649 2342 1760 2378 Πνεῦμα

973 2385 1003 2410 τὺ
1019 2384 1104 2418 ἂγιον·
1124 2385 1245 2420 Σήμερον
1261 2385 1307 2412 ἐὰν
1319 2386 1368 2421 τῆς
1385 2386 1476 2421 φωνῆς
1490 2387 1571 2413 αὑτοῦ
1589 2387 1734 2423 ἀκούσητε,
1748 2398 1757 2413 ι

974 2431 1021 2456 καὶ
1043 2430 1078 2456 τὰ
1100 2430 1172 2465 ἑξῆς.
1192 2432 1262 2467 Ἄρα
1284 2429 1330 2458 οὖν
1341 2432 1371 2458 τὺ
1388 2432 1498 2468 Πνεῦμα
1515 2433 1545 2460 τὸ
1561 2434 1637 2467 ἅγιον
1651 2434 1761 2469 ἐπείρα-

975 2477 1046 2502 σενὸ
1062 2476 1178 2512 Ἰσραὴλ,
1196 2479 1242 2503 καὶ
1257 2477 1416 2513 ἐδοκίμασεν
1438 2480 1466 2505 ὲν
1486 2481 1518 2515 τῇ
1532 2481 1628 2516 ἐρήμῳ
1638 2489 1645 2495 ·
1661 2481 1707 2507 καὶ
1721 2479 1760 2507 εἷ-

973 2522 1017 2549 δον
1035 2522 1069 2549 τὰ
1090 2522 1158 2558 ἔργα
1173 2523 1264 2554 αὐτοῦ,
1282 2524 1341 2559 ἤτοι
1362 2524 1396 2550 τὰ
1417 2524 1563 2560 θαυμάσια.
1588 2526 1631 2552 Ἐν
1647 2526 1718 2561 ἄλλῳ
1733 2526 1761 2552 δὲ

1179 2601 1201 2616 ⁵⁵
1222 2601 1242 2628 ll
1259 2602 1322 2629 Cor.
1340 2610 1383 2632 Iv.
1400 2603 1427 2629 6.

1136 2638 1158 2653 ⁸⁹
1179 2637 1267 2664 ICor.
1289 2645 1339 2670 III,
1358 2638 1401 2665 16.

1474 2603 1495 2619 ⁸⁸
1515 2603 1594 2630 Rom.
1613 2613 1657 2635 xv,
1676 2604 1712 2635 δ’,
1730 2604 1758 2632 6.

1458 2639 1480 2654 ’θ
1500 2638 1572 2667 I’sal.
1584 2648 1664 2672 'xctv,
1681 2639 1758 2667 3—10.

971 2757 1022 2777 nec
1038 2757 1051 2776 a
1067 2749 1173 2777 Nannio
1186 2749 1255 2777 lecta
1271 2753 1346 2777 sunt.

1008 2785 1063 2820 (27)
1084 2785 1122 2811 Ita
1138 2784 1297 2820 Vaticanus.
1321 2784 1479 2820 Basiliensis
1499 2789 1526 2811 et
1544 2784 1651 2820 Anglic.
1676 2784 1758 2817 Editi.

972 2817 1018 2859 ent
1031 2817 1109 2847 Θεοῦ.
1140 2820 1201 2847 Mox
1221 2819 1379 2850 Dasiiieusis
1396 2824 1422 2846 et
1441 2817 1618 2858 Anglicanus,
1633 2820 1679 2847 τὸν
1693 2821 1760 2847 ὲνοι-

972 2863 1072 2925 “magia
1084 2890 1254 2918 Basiliensis.
1273 2891 1387 2918 εἴδοσαν.
1407 2891 1524 2926 Anglic,
1547 2891 1646 2918 ἴδοσαν.
