1898 3053
118 165 153 194 39
699 158 729 186 S.
752 155 984 185 ATIIANASIUS.
1003 171 1039 176 —
1055 154 1169 182 DUBIA.
1717 151 1753 179 ιο

118 226 241 255 eamdem
260 232 321 253 esse
332 221 545 256 naturam,etde
554 221 633 256 equis
643 225 670 248 et
685 220 718 248 de
732 219 905 251 hominibus,
921 223 932 250 Α

1000 226 1013 244 ν
1034 217 1062 243 ὲν
1081 217 1115 252 τῇ
1139 215 1272 251 θαλάσσῃ,
1298 216 1344 242 καὶ
1361 213 1432 250 ἦσαν
1455 213 1548 241 πολλοὶ
1568 213 1706 249 ἄνθρωποι
1729 214 1753 240 οἱ

119 275 155 300 ita
178 273 235 300 haec
261 272 298 298 ait
316 281 322 298 :
341 280 350 296 ι
368 270 517 298 Cantemus
542 267 668 301 Domino,
691 266 808 302 gloriose
834 265 908 292 enim

119 318 310 354 magniﬁcatus
338 321 390 348 est,
405 322 506 350 equum
519 314 548 350 6
561 320 588 341 et
617 319 792 340 ascensorem
809 310 910 345 dejecit

119 367 146 393 in
162 373 237 393 mare
257 365 296 389 “z
317 367 444 390 stantum
475 368 620 388 numerum
646 365 781 394 equorum
807 363 908 391 equum

119 419 204 439 unum
220 409 373 445 appellavit,
389 408 424 435 ob
439 407 661 434 communionem
685 408 810 432 naturae:
829 407 856 430 et
874 403 911 429 vi-

119 464 214 484 rorum
229 456 429 483 multitudinem
450 462 535 481 unum
554 453 693 481 hominetn
718 450 908 485 nuncupavit:

118 512 219 540 equum
237 503 345 531 enimet
361 508 540 529 ascensorem
552 499 599 530 ait,
618 499 653 526 ob
667 502 772 525 natura:
794 497 911 524 societa-

119 555 184 578 tem.
204 549 233 577 Si
256 549 340 585 igitur
358 549 386 575 in
411 546 586 577 hominibus,
610 545 655 572 ubi
676 552 708 571 ea
725 551 786 578 quae
806 546 911 569 naturae

120 601 184 626 sunt
199 596 417 624 confunduntur,
434 593 480 619 ubi
501 591 648 619 discrimen
666 589 770 621 [οι-ηυξ,
791 588 910 620 roboris,

119 648 146 672 et
156 642 265 670 consilii
282 652 288 669 :
305 647 479 675 nequaquam
496 639 569 666 enim
586 637 614 664 in
636 636 690 663 illis
704 643 752 671 par
763 634 910 666 sententia,

120 697 209 724 neque
221 689 324 719 formae,
343 694 431 722 neque
456 685 528 711 vires
543 693 550 710 :
567 682 716 710 dissimiles
729 682 794 708 item
812 681 912 715 lingua:

120 739 195 766 sunt,
208 732 279 760 unde
294 732 388 764 etiam,
407 730 536 766 μέροπες,
553 728 580 755 id
596 731 638 755 est
652 726 747 754 divisae
760 725 847 758 vocis,
864 725 912 752 ho-

121 781 210 807 mines
227 779 365 806 dicuntur.
385 777 456 809 Quin
474 776 556 803 etiam
571 774 608 801 ob
625 778 730 800 natura:
743 772 911 800 communio-

122 834 194 857 nem,
211 829 284 852 totus
300 828 437 851 terrarum
452 821 528 849 orbis
554 828 626 848 unus
641 820 724 846 homo
739 822 912 853 nuncupatus

121 876 175 900 est.
192 871 243 898 Ubi
261 877 325 898 vero
339 868 456 896 indivisa
469 866 599 902 dignitas,
615 872 701 892 unum
720 872 843 900 regnum,
857 871 912 890 una

123 918 256 953 potentia,
286 915 443 945 consilium.
469 913 600 944 efﬁcacia,
627 910 791 938 Trinitatem
811 910 911 937 distin-

964 265 1134 301 βυθισοέντες
1164 265 1222 300 μετ’
1242 264 1357 296 ἐκείνου,
1381 264 1427 290 καὶ⁴
1455 263 1533 289 ἵπποι
1556 263 1664 289 πολλοί”
1686 264 1700 289 ὁ
1726 261 1754 288 δὲ

962 314 1065 349 Μωσῆς
1091 313 1179 346 εἰδὼς,
1190 314 1230 340 ὅτι
1240 314 1349 340 πάντων
1362 314 1415 340 τῶν
1429 313 1609 349 βυθισοέντων
1618 313 1666 349 μία
1679 313 1754 339 ἐστὶν

963 365 980 400 ή
1000 364 1090 400 φύσις,
1109 364 1156 390 καὶ
1172 364 1234 399 περὶ
1255 363 1308 390 τῶν
1324 363 1414 389 ἵππων
1433 362 1480 388 καὶ
1500 362 1564 397 περὶ
1582 361 1635 388 τῶν
1651 360 1755 396 ἀνδρῶν

962 414 1051 449 λέγει’
1075 424 1085 440 ι
1105 415 1232 449 ᾊσωμεν
1251 413 1290 448 τῷ
1312 413 1424 449 Κυρίῳ·
1447 412 1559 445 ἐνδόξως
1577 412 1631 447 γὰρ
1647 411 1756 444 δεδόξα-

965 475 1040 493 σταιι
1065 466 1146 492 ἵππον
1169 466 1217 493 καὶ
1241 465 1378 500 ἀναϐάτην
1393 463 1502 500 ἔρριψεν
1517 464 1556 494 εἰς
1571 462 1721 489 θάλασσαν·
1745 472 1754 487 ι

964 516 1019 551 (56)
1031 516 1068 542 τὰ
1081 515 1170 551 πλήθη
1183 514 1235 542 τῶν
1252 514 1342 541 ἵππων
1356 514 1484 540 ἐκάλεσεν
1497 514 1579 540 ἵππον
1592 513 1639 540 ἕνα
1650 514 1694 540 διὰ
1706 514 1756 549 τὴν

964 567 1105 595 κοινωνίαν
1119 567 1168 601 τῆς
1181 566 1296 601 φύσεως,
1309 565 1355 592 καὶ
1366 565 1399 591 τὰ
1412 564 1500 600 πλήθη
1515 563 1568 590 τῶν
1575 563 1679 599 ἀνδρῶν
1696 565 1757 590 ἐκά-

964 619 1041 646 λεσεν
1049 620 1096 646 ἕνα
1110 618 1261 653 ἄνθρωπον·
1273 618 1355 644 ἵππον
1368 616 1421 652 γὰρ
1432 617 1478 642 καὶ
1490 615 1628 650 ἀναϐάτην
1641 612 1701 640 εἶπε
1712 608 1758 640 διὰ

964 670 1013 706 τὴν
1032 669 1173 696 κοινωνίαν
1182 668 1231 703 τῆς
1244 668 1360 703 φύσεως.
1375 667 1405 693 Εἰ
1421 665 1466 693 οὖν
1479 667 1574 697 ἐντοῖς
1591 664 1756 701 ἀνθρώποις,

964 719 1031 745 ὅπου
1043 718 1205 753 συγκέχυται
1223 717 1256 743 τὰ
1267 718 1316 751 τῆς
1327 716 1443 750 φύσεως,
1455 715 1521 741 ὅπου
1538 715 1652 750 διάφορα
1663 714 1696 740 τὰ
1708 715 1757 749 τῆς

967 771 1085 806 μορφῆς,
1100 770 1147 796 καὶ
1159 769 1309 804 δυνάμεως,
1321 767 1366 793 καὶ
1379 766 1476 802 βουλῆς
1486 774 1492 780 '
1503 766 1533 792 οὐ
1549 766 1602 802 γὰρ
1615 767 1686 791 ἐστιν
1694 764 1757 791 οὔτε

964 822 1060 858 γνώμη
1082 822 1144 857 ἴση,
1169 820 1230 847 οὔτε
1253 820 1352 855 μορφὴ,
1371 818 1433 845 οὔτε
1455 818 1544 853 ἰσχύς·
1568 818 1615 844 καὶ
1634 817 1758 852 διάφοροι

964 868 1096 903 γλῶτται·
1124 866 1162 892 διο
1186 865 1232 892 καὶ
1252 865 1388 900 ἄνθρωποι
1405 864 1522 898 μέροπες
1536 862 1659 896 λέγονται
1682 861 1756 897 (57)-

965 914 1033 941 ἀλλὰ
1046 914 1090 940 διὰ
1105 913 1135 939 τὸ
1152 912 1239 939 κοινὸν
1252 912 1301 946 τῆς
1313 911 1420 945 φύσεως
1434 911 1507 937 πᾶσα
1523 910 1539 945 ἠ
1556 907 1699 943 οἰκουμένη
1717 904 1759 938 εἷς

123 971 210 1000 guens
221 965 389 995 acreatura;
405 960 442 987 ibi
459 966 543 987 unum
560 958 663 985 allirmo
679 956 774 984 Deum.
797 955 846 982 Sin
866 963 915 982 au-
931 962 932 965 ‘

999 961 1107 996 θρωπος
1128 959 1239 994 ἐκλήθη.
1255 958 1340 983 Ὅπου
1361 957 1389 983 δὲ
1406 956 1551 991 ἀμέριστος
1571 955 1588 989 ὴ
1608 954 1687 986 ἀξία,
1710 954 1760 988 μία

123 1016 188 1043 tem,
204 1011 277 1046 quod
291 1009 384 1041 Deum,
403 1012 430 1035 et
440 1007 536 1040 Deum,
551 1010 578 1033 et
593 1005 678 1033 Deum
692 1004 766 1037 dico,
783 1008 840 1031 tres
854 1003 915 1031 ideo

123 1059 189 1086 deos
205 1057 344 1084 constituo
357 1065 363 1083 :
378 1059 474 1083 etcum
485 1054 528 1080 aio
543 1052 699 1082 Dominum.
715 1055 743 1078 et
759 1049 915 1082 Dominum,

122 1109 150 1133 et
167 1103 323 1135 Dominum,
340 1106 396 1129 tres
412 1101 475 1128 dico
491 1098 670 1127 Dominos:si
686 1105 761 1132 ergo,
778 1096 857 1123 Pater
865 1095 917 1122 Do~

125 1150 230 1181 minus,
242 1148 328 1175 Filius
349 1146 492 1177 DominuS,
512 1144 631 1180 Spiritus
643 1148 754 1171 sanctus
774 1140 915 1172 Dominus,

126 1195 265 1231 quomodo
281 1198 321 1225 tu,
335 1191 463 1227 Apostole
474 1190 615 1225 legislator
637 1187 770 1219 veritatis,
787 1193 918 1222 patronus

127 1241 279 1277 religionis,
289 1238 415 1274 Ephesiis
427 1236 551 1264 clamasti
562 1235 685 1262 dicenszt
693 1233 769 1261 Unus
776 1233 917 1265 Dominus,

129 1295 184 1314 una
199 1286 276 1318 ﬁdes,
290 1293 374 1312 unum
392 1283 527 1318 baptisma
539 1282 580 1308 ⁸³⁸2
596 1291 605 1307 ›
623 1280 702 1308 Unus
715 1279 846 1307 Dominus
877 1286 919 1306 se-

127 1333 248 1361 cundum
275 1330 520 1359 sanetiticationem
548 1327 768 1362 seraphinorum.
798 1325 864 1352 Nam
894 1328 921 1351 et

128 1379 168 1406 illi
180 1379 335 1405 clamabant
351 1385 356 1402 :
375 1386 384 1402 ι
404 1377 532 1406 Sanctus,
549 1381 671 1405 sanctus,
694 1377 807 1401 sanctus
827 1371 920 1398 Domi-

128 1433 181 1452 nus
191 1424 222 1450 “.
243 1433 252 1450 ι
268 1423 346 1456 Quod
368 1422 391 1450 si
414 1420 615 1449 contentiosius
641 1422 723 1454 agant
746 1417 876 1448 hau-elici,
894 1420 921 1443 et

129 1471 235 1502 dicant,
251 1470 335 1496 alium
352 1476 414 1496 esse
427 1467 596 1494 dominatum
618 1465 708 1492 Patris
719 1485 726 1496 ,
745 1464 828 1491 alium
848 1463 920 1495 Filii,

129 1518 226 1550 miror,
248 1523 298 1543 cur
316 1516 471 1543 sustineant
494 1513 602 1540 duobus
630 1511 749 1539 dominis
776 1510 920 1542 inservire,

131 1571 184 1591 vox
204 1561 339 1598 siquidem
360 1560 467 1588 Domini
493 1563 555 1587 est:
575 1568 585 1584 ί
603 1557 688 1586 Nemo
708 1561 798 1592 potest
819 1556 923 1584 servire

131 1608 238 1636 duobus
259 1606 379 1634 dominis
399 1605 431 1631 εδ.
452 1613 461 1630 ι
482 1603 509 1630 Si
533 1603 604 1630 alius
626 1605 668 1629 est
695 1601 853 1628 dominatus
874 1598 924 1625 Pa-

131 1655 194 1687 tris,
228 1654 300 1681 alius
315 1651 391 1683 Filii,
417 1655 445 1679 et
470 1649 570 1677 dividis
591 1652 766 1684 potestatem,
784 1645 922 1681 quomodo
936 1639 956 1667 C

131 1708 216 1735 regno
227 1699 350 1727 servies?
363 1697 421 1725 Non
437 1701 527 1731 potest
549 1695 655 1722 duabus
674 1701 726 1720 una
740 1691 923 1726 obtemperari

133 1746 326 1782 potestatibus,
342 1745 394 1772 nisi
409 1744 464 1771 sint
475 1743 570 1770 eadem
587 1741 730 1776 dignitate.
749 1738 835 1765 Nemo
856 1737 922 1764 ado-

133 1796 176 1820 rat
193 1799 302 1827 regem,
325 1794 353 1818 et
378 1789 548 1825 pricfectum.
567 1787 618 1814 Ubi
633 1786 705 1813 enim
723 1792 772 1820 par
789 1784 920 1819 dignitas,

134 1847 183 1874 par
202 1846 312 1874 quoque
340 1836 475 1863 adoratio.
500 1835 528 1861 In
553 1834 612 1869 pari
641 1832 774 1867 dignitate
803 1839 857 1858 non
883 1836 925 1858 est

136 1893 236 1920 pugna.
251 1883 416 1919 Imparilitas
432 1888 551 1917 pugnam
563 1879 666 1907 excitat
681 1888 688 1906 ι
705 1877 848 1913 azqualitas
877 1885 926 1912 pa-

135 1937 195 1957 cem
213 1933 315 1956 tuetur.
333 1927 394 1955 Non
416 1926 541 1962 permisit
570 1925 620 1952 tibi
650 1923 776 1951 Christus
806 1923 927 1950 dividere

136 1976 279 2006 honorem,
297 1981 359 2001 eum
376 1973 481 2000 diceret
502 1980 508 1998 :
528 1979 537 1996 ι
556 1969 619 1997 Haec
635 1973 678 1997 est
695 1969 822 1996 voluntas
839 1968 926 1995 Patris

137 2020 202 2053 mei,
214 2024 243 2047 ut
257 2027 352 2046 omnes
367 2018 502 2045 honorent
524 2015 635 2047 Filium,
653 2012 882 2049 quemadmodum
901 2016 928 2039 et

137 2066 246 2094 Patrem
257 2066 290 2092 ⁸⁵.
302 2074 311 2090 ι
324 2064 433 2091 Honora
447 2063 567 2093 Patrem,
586 2066 616 2088 ut
631 2060 749 2087 honores
762 2057 872 2090 Filium,
886 2059 928 2085 vel

138 2113 231 2149 potius
240 2112 345 2138 honora
357 2110 467 2142 Filium,
480 2113 509 2135 ut
520 2109 639 2134 honores
652 2105 770 2133 Patrem.
781 2105 930 2132 Contumeo

138 2159 201 2186 liam
217 2159 243 2185 in
260 2156 356 2184 Filium
374 2156 445 2183 Deus
462 2162 539 2183 suam
549 2157 626 2189 putat
637 2162 644 2186 ;
656 2152 780 2179 Salvator
789 2152 860 2179 enim
873 2151 928 2179 ait:

141 2205 206 2239 «Qui
223 2205 281 2231 odit
295 2211 348 2236 me,
361 2207 388 2230 et
399 2202 507 2229 Patrem
524 2208 611 2227 meum
624 2199 691 2227 odit.
705 2199 738 2226 αθ.
760 2208 769 2224 ι
787 2197 826 2225 Ne
838 2197 932 2225 existi-

139 2257 213 2280 ment
223 2250 355 2279 hteretici.
369 2257 398 2277 se
411 2247 560 2284 gratiﬁcari
569 2246 634 2277 Deo,
646 2253 708 2272 eum
724 2244 853 2279 majorem
862 2243 931 2270 Filio

140 2299 361 2333 pronuntiantes.
376 2295 433 2322 Non
449 2294 546 2327 recipit
561 2292 612 2319 sibi
623 2291 851 2320 Paterhonorem,
868 2296 930 2315 cum

140 2343 226 2372 Filius
240 2343 300 2378 ejus
312 2341 478 2370 contumelia
489 2339 614 2366 allicitur.
625 2336 694 2364 Vide
708 2336 820 2363 evidens
835 2342 930 2363 earum

140 2397 233 2418 rerum
257 2391 448 2424 argumentum
473 2394 507 2413 ex
540 2385 628 2412 Veteri
657 2383 809 2418 Scriptura.
844 2381 931 2408 Amici

142 2447 203 2479 Job,
216 2447 261 2482 qui
280 2448 413 2474 venerant
427 2444 461 2471 ad
484 2442 699 2470 consolationem
715 2439 786 2474 ejus,
805 2439 931 2473 inerepa-

143 2494 210 2521 bant
223 2500 297 2524 eum,
314 2491 392 2526 quasi
406 2488 551 2517 temeraria
570 2488 736 2521 loqueretur,
757 2488 784 2511 et
796 2484 930 2518 justilica-

142 2540 209 2567 bant
224 2538 319 2570 Deum,
335 2536 386 2564 Job
407 2541 496 2562 autem
515 2533 622 2561 dicebat
637 2531 692 2558 Deo
711 2540 718 2558 -.
741 2539 750 2556 ι
774 2529 841 2562 Quis
856 2529 932 2555 dabit

143 2586 265 2622 judicem
292 2584 363 2610 inter
382 2589 427 2610 .ue
448 2585 475 2608 et
492 2585 528 2612 te,
549 2584 580 2606 ut
593 2578 711 2609 videam,
725 2580 792 2612 quot
807 2575 863 2603 sint
878 2575 931 2602 ini—

179 2664 201 2681 ⁸³
222 2661 307 2692 Exod.
324 2669 371 2693 xv,
391 2660 420 2688 2.
445 2660 469 2676 θ’
489 2658 589 2694 Ephes.
610 2665 645 2689 Iv,
664 2656 691 2684 5.
730 2654 753 2671 “
773 2653 826 2681 Isa.
845 2661 871 2680 VI
884 2673 891 2685 ,
909 2652 935 2680 5.

183 2754 238 2790 (56)
256 2753 329 2790 illch
341 2753 377 2780 ita
394 2751 572 2790 ‘restitt‘imus
592 2747 787 2790 exJDasiliensi
805 2750 840 2790 et‘
852 2744 929 2790 vati-

146 2780 307 2818 cat‘to.lNaiit
325 2789 350 2815 in
369 2787 436 2815 edit.
455 2788 561 2813 Comm.
577 2785 670 2812 mutila
687 2788 775 2813 erant,
791 2785 819 2808 et
834 2781 861 2818 in
872 2780 931 2818 5n—

236 2815 315 2859 quem
331 2828 441 2851 secutus
452 2827 492 2849 est
505 2821 638 2859 Ninnius,
653 2827 713 2859 qua:
725 2818 759 2845 de
774 2815 932 2859 [nominibus

147 2854 276 2888 dirunthr
293 2859 437 2894 praeposita
455 2860 520 2885 sunt
537 2857 570 2883 iis
592 2862 652 2890 quae
676 2854 710 2881 de
730 2861 813 2887 equo,
837 2854 933 2878 contra

149 2896 298 2932 Scriptura:
313 2895 421 2922 seriem.

947 2316 970 2344 ι)

968 1007 1098 1042 βασιλεία,
1111 1005 1159 1041 μία
1173 1005 1295 1038 δύναμις,
1311 1005 1356 1030 καὶ
1371 1003 1461 1038 βουλὴ,
1479 1003 1526 1028 καὶ
1542 1001 1676 1036 ἐνέργεια,
1694 999 1759 1026 ἰδιά-

968 1053 1050 1086 ζουσα
1064 1053 1112 1088 τὴν
1126 1051 1229 1088 Τριάδα
1250 1050 1303 1077 ἀπὸ
1321 1050 1370 1085 τῆς
1392 1049 1516 1080 κτίσεως,
1534 1049 1581 1075 ἕνα
1597 1048 1667 1083 λέγω
1681 1050 1757 1076 θεόν.

968 1099 999 1124 Et
1013 1098 1051 1129 δὲ,
1064 1097 1108 1123 διὰ
1127 1097 1157 1123 τὸ
1175 1096 1263 1130 λέγειν
1280 1095 1355 1127 Θεὸν,
1370 1095 1417 1121 καὶ
1436 1094 1511 1126 Θεὸν,
1532 1095 1578 1121 καὶ
1594 1095 1669 1126 Θεὸν,
1685 1097 1760 1131 τρεῖς

968 1143 1039 1177 λέγω
1053 1142 1144 1174 θεούς·
1169 1143 1216 1168 καὶ
1239 1141 1287 1168 ἐὰν
1303 1140 1371 1167 εἴπω
1389 1140 1499 1176 Κύριον,
1515 1141 1562 1167 καὶ
1585 1140 1696 1176 Κύριον,
1713 1141 1761 1168 καὶ

969 1188 1080 1224 Κύριον,
1093 1189 1167 1224 τρεῖς
1183 1187 1254 1221 λέγω
1273 1186 1390 1222 Κυρίους
1401 1194 1407 1200 ·
1424 1187 1447 1212 εἰ
1461 1187 1549 1212 τοίνυν
1567 1187 1581 1213 ὁ
1593 1187 1686 1222 Πατὴρ
1702 1187 1760 1213 Κύ-

970 1243 1037 1270 ριος,
1052 1235 1099 1261 καὶ
1111 1235 1125 1260 ὁ
1146 1234 1208 1265 Υἱὸς
1224 1233 1394 1269 Κύριος,’καὶ
1411 1233 1441 1260 τὸ
1454 1233 1566 1268 Πνεῦμα
1578 1233 1606 1259 τὸ
1618 1233 1694 1267 ἅγιον
1703 1233 1762 1259 Κύ-

971 1289 1038 1316 ριος,
1066 1279 1124 1309 πῶς
1143 1280 1186 1311 σὺ,
1203 1276 1226 1305 ὣ
1246 1279 1402 1310 ’Λπόστολε,
1419 1280 1433 1305 ὸ
1458 1279 1604 1314 νομοθέτης
1625 1279 1674 1313 τῆς
1694 1279 1761 1314 ἀλη-

970 1325 1054 1358 θείας,
1078 1326 1092 1351 ὁ
1112 1326 1259 1360 συνήγορος
1281 1326 1330 1360 τῆς
1356 1324 1512 1356 εὐσεϐείας,
1531 1324 1662 1358 Ἐφεσίοις
1682 1324 1762 1356 εὸὁας

970 1371 1072 1405 λέγων·
1097 1380 1105 1396 ι
1124 1368 1171 1402 Εἷς
1191 1370 1301 1405 Κύριος,
1327 1370 1375 1404 μία
1396 1368 1497 1401 πίστις,
1519 1368 1547 1394 ἓν
1571 1368 1728 1403 (tantisper;
1749 1377 1760 1394 ι

970 1416 1018 1449 Εἷς
1044 1417 1144 1453 Κύριος
1173 1416 1244 1443 κατὰ
1268 1416 1314 1442 τὸν
1335 1415 1468 1450 ἁγιασμὺν
1485 1415 1539 1442 τῶν
1558 1414 1689 1450 σεραφίμ’
1713 1413 1762 1441 καὶ

971 1464 1025 1499 γὰρ
1041 1464 1131 1490 ἐκεῖνα
1151 1463 1214 1489 ἐϐόα
1225 1482 1231 1494 ,
1257 1471 1267 1487 ι
1288 1462 1391 1496 Ἄγιος,
1418 1461 1511 1495 ἅγιος,
1528 1461 1603 1495 ἅγιος
1619 1461 1730 1497 Κύριος.
1749 1471 1758 1487 ι

971 1510 1004 1536 Εἰ
1025 1509 1054 1535 δὲ
1078 1507 1273 1542 φιλονεικοῦσιν
1288 1508 1312 1533 ot
1331 1507 1474 1542 αἰρετικοὶ,
1499 1507 1545 1533 καὶ
1567 1507 1700 1541 λέγουσιν,
1720 1508 1762 1534 ὅτι

972 1556 1039 1591 ἄλλη
1053 1555 1180 1591 κυριότης
1194 1554 1240 1580 τοῦ
1257 1554 1372 1589 Πατρὸς,
1389 1553 1455 1588 άλλη
1468 1553 1514 1580 τοῦ
1530 1552 1605 1585 Tia-3,
1619 1553 1761 1589 Θαυμάζω,

974 1602 1032 1634 πῶς
1046 1602 1187 1636 ἀνέχονται
1206 1600 1341 1627 δουλεύειν
1360 1600 1421 1626 δυσὶ
1438 1600 1557 1635 κυρίοις·
1575 1599 1621 1626 τοῦ
1638 1601 1692 1636 γὰρ
1712 1602 1765 1627 κν·

975 1649 1032 1684 ρίου
1049 1648 1107 1674 ἐστὶ
1125 1647 1214 1682 φωνὴ,
1231 1656 1240 1671 ι
1259 1646 1352 1677 Οὐδεὶς
1373 1645 1483 1672 δύναται
1505 1645 1564 1671 δυσὶ
1577 1646 1679 1680 κυρίοις
1703 1646 1766 1672 60o-

973 1695 1070 1721 λεύειν.
1090 1704 1098 1719 ι
1114 1694 1144 1720 El
1159 1693 1224 1728 άλλη
1241 1693 1368 1728 κυριότης
1383 1692 1499 1727 Πατρὸς,
1520 1691 1567 1718 καὶ
1584 1691 1650 1727 ἄλλη
1671 1692 1765 1727 κυριό-

973 1749 1023 1776 της
1041 1739 1116 1771 Υἰοῦ,
1134 1739 1180 1766 καὶ
1204 1739 1324 1774 μερίζεις
1340 1738 1388 1774 τὴν
1403 1738 1535 1770 ἐξουσίαν,
1551 1738 1609 1770 πῶς
1626 1738 1766 1773 λατρεύεις

974 1789 1008 1822 τῇ
1027 1786 1165 1822 βασιλείᾳ;
1180 1785 1217 1811 Οὐ
1233 1785 1343 1811 δύναται
1365 1784 1545 1820 λατρευοῆναι
1561 1783 1608 1810 δύο
1624 1783 1767 1819 ἀξιώματα.

975 1832 1046 1860 κατὰ
1057 1832 1087 1858 τὸ
1108 1831 1200 1863 αὐτοῦ,
1218 1831 1264 1858 ἐὰν
1279 1830 1315 1866 μὴ
1332 1830 1449 1865 όμότιμα
1513 1830 1606 1862 Οὐδεὶς
1621 1831 1768 1866 προσκυνεῖ

977 1877 1088 1913 βασιλέα
1100 1876 1147 1903 καὶ
1160 1877 1288 1912 ἄρχοντα·
1301 1876 1367 1902 ὃπου
1381 1875 1434 1911 γὰρ
1447 1876 1575 1911 ὁμότιμος
1589 1875 1605 1910 ἡ
1619 1875 1692 1907 ἀξία,
1703 1875 1768 1910 ὀμό-

975 1933 1054 1960 τιμος
1073 1924 1119 1950 καὶ
1135 1924 1151 1957 ἡ
1167 1922 1360 1958 προσκύνησις.
1383 1922 1426 1948 Ἐν
1440 1921 1479 1956 τῷ
1497 1921 1546 1956 ἴσῳ
1565 1920 1700 1957 ἀξιώματι
1716 1922 1767 1947 οὐκ

978 1971 1034 1997 ἐστι
1051 1971 1134 2006 μάχη.
1150 1970 1186 1996 Τὸ
1202 1969 1292 1996 ἄνισον
1312 1969 1413 2004 ἐγείρει
1433 1968 1482 2003 τὴν
1503 1968 1608 2003 μάχην·
1621 1968 1652 1993 τὸ
1670 1967 1698 1993 δὲ
1713 1967 1768 1993 ἴσον

980 2017 1106 2053 βραϐεύει
1122 2016 1170 2051 τὴν
1185 2017 1303 2051 εἰρήνην.
1320 2016 1356 2041 Οὺ
1379 2014 1551 2050 συνεχώρησὲ
1568 2022 1608 2040 σοι
1624 2014 1638 2039 ὁ
1652 2013 1769 2048 Χριστὸς

981 2063 1090 2099 μερίσαι
1108 2063 1157 2098 τὴν
1170 2061 1262 2097 τιμὴν,
1279 2060 1380 2087 εἰπών’
1403 2070 1412 2086 ι
1429 2061 1513 2086 Τοῦτό
1535 2060 1593 2086 ἐστι
1615 2060 1645 2086 τὸ
1664 2059 1770 2094 θέλημα

979 2110 1026 2136 τοῦ
1044 2109 1149 2144 Πατρὸς
1170 2117 1230 2143 μου,
1247 2108 1290 2134 ἵνα
1305 2108 1405 2138 πάντες
1419 2107 1517 2141 τιμῶσι
1532 2106 1576 2132 τὸν
1592 2106 1665 2137 Υἰὸν,
1679 2105 1770 2138 καθὼς

980 2154 1080 2190 τιμῶσι
1104 2154 1149 2180 τὸν
1173 2154 1292 2188 Πατέρα.
1315 2161 1324 2178 ι
1344 2152 1417 2187 Τίμα
1433 2151 1562 2187 Πατέρα,
1584 2151 1626 2176 ἵνα
1651 2152 1772 2187 τιμήσῃς

982 2201 1062 2228 Υίόν·
1085 2200 1184 2235 μᾶλλον
1207 2199 1236 2225 δὲ
1259 2198 1326 2233 τίμα
1346 2197 1422 2228 Υίὸν,
1444 2197 1486 2223 ἴνα
1505 2197 1624 2233 τιμήσῃς
1648 2196 1768 2232 Πατέρα.

989 2249 1164 2275 ’ἰδιοποιεῐται
1179 2246 1226 2272 τοῦ
1246 2245 1312 2272 Υἱοῦ
1331 2245 1378 2280 τὴν
1399 2244 1476 2280 ὓϐριν
1495 2245 1509 2270 ὁ
1525 2244 1606 2275 Θεὸς·
1624 2243 1696 2278 λέγει
1717 2244 1772 2279 γὰρ

983 2295 997 2321 ὁ
1012 2295 1122 2330 Σωτήρο
1142 2303 1150 2319 ι
1175 2293 1204 2319 Ὀ
1221 2292 1270 2328 ὲμὲ
1296 2292 1382 2327 μισῶν
1409 2291 1455 2318 καὶ
1479 2291 1523 2317 τὸν
1537 2291 1644 2326 Πατέρα
1661 2299 1711 2325 μου
1729 2299 1774 2325 μι-

984 2341 1034 2367 σεῖ.
1054 2349 1063 2365 ι
1076 2339 1122 2375 Μὴ
1138 2339 1284 2374 νομίσωσιν
1302 2337 1443 2372 αἰρετικοὶ,
1463 2337 1503 2362 ὅτι
1521 2336 1559 2371 τῷ
1576 2335 1634 2371 Θεῷ
1648 2336 1774 2372 χαρίσων-

983 2397 1027 2415 ται
1045 2388 1156 2423 μείζονα
1172 2386 1252 2413 αὑτὸν
1271 2385 1394 2419 λέγοντες
1417 2384 1463 2410 τοῦ
1487 2383 1549 2410 Υίοῦ
1571 2383 1662 2409 αὐτοῦ.
1677 2383 1714 2409 Οὐ
1731 2382 1774 2409 δέ-

984 2444 1059 2470 χεται
1070 2434 1153 2469 τιμὴν
1171 2433 1220 2468 τὴν
1235 2434 1274 2464 εἰς
1291 2431 1384 2458 ἑαυτὸν
1400 2432 1414 2457 ὀ
1433 2431 1537 2466 Πατὴρ,
1553 2430 1598 2456 τοῦ
1614 2430 1678 2456 Υἰοῦ
1691 2429 1773 2456 αὐτοῦ

984 2481 1172 2517 ὑϐριζομένου.
1190 2480 1244 2506 Καὶ
1261 2479 1342 2514 βλέπε
1359 2477 1528 2513 πραγμάτων
1542 2476 1676 2509 ἀπόδειξιν
1695 2476 1775 2511 ἐναρ-

983 2527 1018 2562 γῆ
1046 2527 1079 2553 ἐκ
1100 2526 1150 2561 τῆς
1169 2524 1287 2555 παλαιᾶς
1306 2522 1476 2558 Γραφῆςμοὶ
1494 2520 1565 2554 φίλοι
1588 2519 1633 2546 τοῦ
1658 2519 1735 2550 Ἰὼϐ,
1749 2518 1775 2544 οἱ

983 2573 1104 2604 ἐλθόντες
1119 2573 1157 2602 εἰς
1175 2570 1361 2606 παραμυθίαν,
1380 2567 1523 2595 ἐνεκάλουν
1539 2565 1622 2601 αὐτῷ,
1639 2565 1677 2597 ὡς
1692 2565 1776 2599 φθεγ-

975 2651 998 2667 ⁸⁵
1017 2649 1113 2677 Matth.
1132 2657 1176 2680 Vt,
1193 2648 1239 2675 ⁸24.
1278 2648 1300 2663 ⁸⁸
1319 2646 1398 2674 Joan.
1417 2654 1442 2680 v,
1458 2645 1503 2672 25.
1541 2645 1564 2660 “
1582 2641 1660 2671 Joan.
1681 2642 1774 2673 “.23.

1021 2742 1078 2778 (57)
1100 2741 1150 2778 Sic
1171 2740 1320 2778 Vaticanus
1346 2743 1373 2767 et
1393 2739 1469 2778 editi.
1490 2736 1652 2778 Basiliensis
1668 2743 1732 2776 vero
1748 2738 1777 2762 et

985 2771 1103 2813 An‘glie"
1120 2777 1159 2804 διὸ
1179 2777 1226 2803 καὶ
1241 2776 1378 2813 ᾄνβρωποι
1393 2774 1524 2813 λέγονται.
1544 2771 1716 2812 Fclcktuanni
1732 2778 1777 2797 se-

986 2808 1104 2845 eutidus,
1116 2813 1155 2839 διὸ
1174 2813 1221 2838 καὶ
1237 2808 1374 2846 ἄνθρωποι
1390 2810 1420 2836 οὐ
1435 2808 1568 2842 λέγονται,
1581 2809 1683 2835 omissa
1698 2812 1777 2838 voce,

990 2850 1119 2886 μέροπες,
1134 2856 1194 2883 quae
1207 2851 1298 2874 tamen
1313 2853 1440 2880 germana
1457 2848 1508 2871 est.
