1898 3053
122 155 151 178 41
479 150 522 177 DE
540 150 698 178 COMIIUNI
719 151 888 179 ESSENTIA
906 150 1032 179 PATRIS
1050 149 1094 178 ΕΤ
1112 149 1191 178 FILII
1207 150 1250 177 ET
1272 149 1357 177 SPIR.
1379 149 1408 178 S.
1709 150 1746 177 42

121 207 228 242 γομὲνῳ
252 207 389 243 τολμηρὰ,
413 209 459 235 καὶ
484 209 619 235 ἐδικαίουν
639 209 684 235 τὸν
707 209 783 236 Θεόν.
804 210 833 236 '0
852 209 905 236 Ἰὼε

965 208 1080 244 quitates
1093 216 1159 236 mea
1170 209 1314 243 :quoniam
1326 207 1363 234 ita
1374 215 1418 235 me
1427 207 1558 242 judicasti
1572 207 1593 223 ⁸⁷
1607 207 1618 233 ?
1632 216 1640 233 ι
1658 207 1746 235 Amici

120 253 196 286 ἔλεγε
210 252 250 287 τῷ
263 252 339 288 Θεῷ·
356 262 365 278 ι
385 253 431 285 Τίς
446 253 526 280 δώσει
554 253 647 290 κριτὴν
672 253 722 280 ἀνὰ
746 255 828 289 μέσον
843 253 909 289 ἐμοῦ

121 299 167 325 καὶ
180 298 240 331 σοῦ,
263 299 307 326 ἵνα
330 299 376 326 ἴδω
394 299 476 326 πόσαι
497 299 565 326 εἰσὶν
583 299 611 326 αί
630 300 760 336 ἁμαρτίαι
781 309 847 335 μου,
869 301 911 327 ὅτι

121 344 206 377 οὕτως
219 354 253 380 με
265 345 374 381 ἔκρινας
386 354 394 378 ;
405 356 414 372 ι
428 347 460 374 Ol
476 346 546 381 φίλοι
560 346 605 373 τοῦ
619 346 680 372 Ἰὼϐ
689 347 849 373 ἐδικαίωσαν
863 347 911 373 τὸν

121 390 198 423 Θεὸν,
215 392 334 426 καίτοιγε
356 392 540 427 ἀγνοουμένης
556 393 604 428 τῆς
619 391 773 423 ὑποθέσεως
784 401 792 407 ο
809 392 855 419 καὶ
865 392 911 418 τὸν

123 438 172 473 μὲν
196 437 298 464 δίκαιον
323 438 424 473 μᾶλλον
450 438 612 474 κατέκριναν
635 438 672 470 ὡς
698 439 910 474 ἁμαρτήσαντα-

121 484 166 511 τὸν
188 484 217 510 δὲ
238 484 314 516 Θεὸν,
340 484 378 516 ὼς
399 484 511 516 δικαίως
534 484 679 518 ἐπάγοντα,
695 484 845 519 ἐπῄνεσαν·
864 483 911 511 καὶ

121 530 229 564 λέγουσι
242 529 281 565 τῷ
301 529 373 556 Ἰώϐ-
390 538 398 555 ι
419 529 552 564 Μεγάλως
572 529 714 564 ἐλάλησας,
730 529 912 565 ὑπερϐαλλόν-

120 584 173 608 τως
190 575 246 610 (58)
264 575 424 611 ἐτόλμησας,
440 575 472 601 σὺ
491 574 560 601 κατὰ
573 574 619 602 τοῦ
633 574 724 601 ἱκανοῦ
745 575 877 610 λαλήσας·
899 584 907 599 ι

121 622 177 654 καὶ,
188 631 198 647 ι
210 623 239 648 ’0
250 621 314 653 Θεὸς
327 622 364 657 μὴ
378 622 506 657 ταράττει
522 621 552 648 τὸ
563 621 674 648 δίκαιον.
688 630 698 646 ι
709 621 763 647 Καὶ
779 620 859 647 πάλιν
868 620 911 646 λέ-

119 677 162 702 γει
180 669 195 695 6
210 668 285 702 φίλος
305 667 403 694 αὑτοῦ·
425 677 435 693 ‹
453 667 532 694 Κατὰ
556 667 605 699 τὰς
623 667 760 702 ἁμαρτίας
780 675 825 693 σου
845 668 911 702 ἐπή-

119 713 189 747 γαγέ
206 721 258 740 σοι.
280 713 312 739 Et
335 712 362 738 δὲ
387 713 424 748 μὴ
442 713 538 739 πολλαί
559 721 605 739 σου
628 711 698 748 ἦσαν
715 713 743 738 αί
766 712 909 748 ἁμαρτίαι,

119 759 170 785 οὐκ
181 758 215 785 ἂν
230 757 360 793 ἐμάστιξέ
382 766 422 784 σε.
441 767 451 783 ιι
467 758 521 785 Καὶ
544 757 652 784 ἐδόκουν
665 757 705 793 τῷ
724 758 783 794 Θεῷ
799 766 912 793 συνηγο-

119 806 187 840 ρεῖν.
203 804 247 830 τὸν
272 804 300 830 δὲ
318 804 421 831 δίκαιον
443 803 630 840 κατακρίνειν·
656 802 710 840 ἆρα
731 804 786 839 (59)
808 805 822 831 6
847 804 912 836 Θεὸς

119 850 228 882 ἐδέξατο
247 851 309 881 τοὺς
330 850 399 886 ὑπὲρ
422 849 504 876 αὑτοῦ
519 850 645 884 λέγοντας
661 849 737 885 παρὰ
749 849 780 876 τὸ
792 850 910 882 δίκαιον;

962 260 1051 282 autem
1065 253 1116 281 Job
1129 253 1315 288 justiﬁcabant
1334 252 1432 284 Deum.
1451 261 1513 280 cum
1533 260 1631 280 causas
1653 260 1746 280 rerum

963 301 1069 336 ignotas
1087 300 1218 327 haberem
1237 309 1242 326 :
1260 299 1364 334 justum
1391 300 1491 328 virum.
1508 302 1538 326 ut
1555 299 1674 334 peccatis
1693 299 1745 326 ob-

962 347 1083 377 noxium,
1109 346 1338 378 condemnabam,
1368 345 1520 380 Deumque,
1549 349 1578 372 ut
1597 345 1672 380 juste
1695 345 1746 373 bas

961 392 1132 419 calamitates
1158 391 1337 423 inferentem,
1364 391 1564 424 collaudabant,
1591 395 1674 426 atque
1707 392 1746 419 ita

961 439 1128 474 respondent
1141 438 1174 465 ad
1190 438 1273 466 verba
1285 438 1336 465 Job
1351 447 1358 465 :
1374 448 1384 464 ι
1400 438 1540 474 Magniﬁce
1567 439 1675 466 loculus
1702 446 1744 470 es,

961 484 1076 512 audacia
1090 484 1226 512 sermonis
1242 484 1281 511 tui
1295 485 1406 516 eximia,
1421 485 1553 512 adversus
1565 485 1649 512 Deum
1662 485 1745 513 verba

962 529 1049 557 fecisti
1061 529 1094 557 ⁸⁸.
1113 539 1122 555 ι
1142 528 1191 556 Et:
1205 538 1214 554 ι
1232 529 1303 556 Deus
1317 536 1372 556 non
1389 529 1679 564 confundetjustiliam
1692 530 1742 556 θ’.»

962 575 1082 604 Rursum
1105 575 1172 602 dicit
1188 575 1292 603 amicus
1318 575 1399 610 ejus:
1419 584 1428 601 ι
1452 574 1608 603 Secundum
1634 580 1744 610 peccata

962 625 1008 648 tua
1039 621 1129 648 intulit
1144 621 1203 648 tibi.
1231 620 1260 648 Si
1275 628 1330 648 non
1347 621 1432 648 multa
1447 625 1541 649 essent
1555 625 1664 656 peccata
1687 625 1744 654 tua,

963 675 1016 694 non
1042 671 1068 694 te
1084 667 1244 702 ﬂagellasset
1251 668 1284 694 ’°.
1297 677 1306 693 ι
1324 667 1356 694 Et
1371 668 1502 703 putabant
1517 676 1547 695 se
1562 665 1616 695 Deo
1628 669 1746 702 patroci-

963 713 1031 746 nari,
1047 713 1110 740 dum
1133 714 1237 748 justum
1253 714 1481 747 condemnarent;
1505 714 1552 742 sed
1579 713 1650 742 Deus
1667 722 1746 740 num—

962 759 1027 794 quid
1055 759 1181 794 probavit
1207 767 1265 792 eos,
1285 759 1332 794 qui
1351 759 1388 786 ita
1402 766 1452 794 pro
1464 767 1493 786 se
1515 763 1613 794 praeter
1637 767 1745 794 :equum

962 805 1045 831 verba
1065 804 1206 832 facerent?
1222 805 1293 832 Num
1308 806 1361 833 hoc
1373 814 1459 840 genus
1478 805 1623 841 patrocinii
1637 809 1745 840 gratum

964 851 1067 884 habuit,
1092 850 1249 886 iustumque
1276 851 1409 879 dedecore
1424 852 1532 879 aliecit?
1557 851 1743 887 Nequaquam.

121 893 194 930 Ἀρα
212 894 318 926 ἐδέξατο
342 894 392 930 τὴν
410 894 480 929 ὑπὲρ
497 893 578 920 αὑτοῦ
599 894 771 930 συνηγορίαν,
789 895 836 921 καὶ
854 895 905 930 ἠτί-

965 895 1021 922 Νοιι
1037 896 1119 931 igitur
1140 897 1259 924 admittit
1283 898 1334 925 sibi
1356 898 1498 930 honorem,
1519 898 1566 933 qui
1593 906 1654 924 cum
1676 897 1746 924 indi-

120 947 191 973 μασε
203 939 249 964 τὸν
262 938 385 971 δίκαιον;
407 938 547 974 Οὐδαμῶς.
565 939 668 965 Οὐκοῦν
693 939 722 965 οὐ
740 939 845 975 δέχεται
861 940 909 975 τὴν

121 986 161 1016 εἰς
184 985 278 1011 ἑαυτὸν
303 984 396 1020 τιμὴν,
419 984 618 1019 ἀτιμαζομένου
634 985 680 1011 τοῦ
702 985 777 1012 Υἰοῦ.
799 987 911 1022 Ἴόωμεν

120 1031 150 1057 δὲ
162 1031 189 1056 τί
203 1030 275 1064 λέγει
288 1032 344 1062 τοῖς
357 1031 441 1065 φίλοις
450 1030 497 1057 τοῦ
506 1029 565 1057 ’1ώὸ
575 1038 582 1045 ’
598 1031 661 1057 (Διὰ
669 1031 695 1057 τί
704 1032 753 1058 οὐκ
762 1031 910 1067 ἐλαλήσατε

120 1075 190 1111 ὀρθὰ
209 1076 272 1111 περὶ
295 1075 343 1102 τοῦ
366 1075 529 1112 θεράποντος
547 1085 613 1112 pou;
633 1088 642 1103 ι
661 1077 692 1104 Et
707 1075 753 1104 οὖν
767 1079 829 1110 τοὺς
842 1079 912 1106 κατὰ

121 1121 168 1148 τοῦ
181 1121 345 1157 θεράποντος
365 1121 446 1148 αὑτοῦ
469 1122 536 1158 ὀρθὰ
551 1122 588 1158 μὴ
605 1122 732 1157 λέγοντας
745 1123 910 1156 ἀποσείεται,

121 1167 184 1199 τοὺς
199 1167 269 1194 κατὰ
282 1167 329 1194 τοῦ
343 1168 512 1203 Μονογενοῦς
526 1168 680 1201 ἀκονῶντας
698 1169 753 1204 (40)
767 1169 816 1205 τὴν
826 1170 912 1204 γλῶτ-

120 1222 171 1241 ταν
195 1214 321 1249 δέχεται;
344 1215 485 1250 Οὐδαμῶς.
514 1215 710 1251 Ἀπαραίτητος
737 1216 825 1243 τοίνυν
850 1216 912 1252 δίκη

121 1262 177 1292 τοῖς
194 1259 383 1295 βλασφημοῦσι
401 1261 430 1286 τὸ
444 1260 555 1296 Πνεῦμα
569 1261 599 1287 τὸ
611 1261 702 1295 ἅγιον·
718 1262 800 1289 ἄκουε
812 1263 867 1300 γὰρ
886 1263 912 1289 τί

120 1314 203 1342 φησιν
221 1307 235 1332 ὁ
259 1306 372 1341 Σωτήρ·
391 1315 400 1331 ι
416 1306 493 1332 Πᾶσα
515 1305 674 1341 βλασφημία
694 1307 874 1343 ἀφεθήσεται”
895 1309 911 1344 ἡ

119 1352 149 1378 δὲ
173 1352 213 1383 εἰς
229 1352 259 1378 τὺ
278 1351 391 1387 Πνεῦμα
411 1352 442 1379 τὸ
459 1351 535 1385 ἅγιον
555 1351 714 1387 βλασφημία
738 1353 788 1380 οὐκ
809 1353 912 1390 ἀφεθή-

121 1406 208 1425 σεται.
225 1407 235 1424 )

194 1444 220 1472 7.
236 1445 300 1470 Ὀτι
310 1445 327 1478 ἡ
342 1445 425 1478 Τριὰς
436 1444 617 1472 ἀποστένιιει
631 1445 835 1479 ἀποστόλους.

157 1489 226 1525 Περὶ
241 1489 290 1516 τοῦ
309 1489 414 1525 III-.96;
429 1490 520 1524 λέγει·
536 1498 546 1515 ι
571 1490 615 1516 Ἐν
629 1490 684 1526 γὰρ
698 1490 737 1525 τῷ
752 1491 810 1526 ὄρει
828 1491 908 1524 Σιὼν,

962 942 1065 976 gnltate
1077 941 1136 969 Filii
1153 943 1318 976 coniunctus
1334 943 1378 970 sit.
1399 941 1546 970 Videamus
1561 949 1664 974 autem,
1679 943 1746 977 quid

962 986 1035 1013 dicat
1058 987 1154 1014 amicis
1166 986 1226 1015 Jobi
1243 995 1249 1013 :
1265 997 1275 1013 ‹
1295 987 1386 1020 Quare
1399 996 1453 1015 non
1476 993 1549 1016 recta
1576 990 1659 1016 locuti
1679 990 1746 1018 estis

962 1033 996 1060 de
1009 1040 1089 1060 servo
1103 1033 1216 1060 meo“?
1231 1043 1239 1059 ι
1259 1033 1287 1060 Si
1300 1034 1383 1069 igitur
1394 1043 1447 1061 non
1464 1038 1537 1062 recta
1553 1035 1586 1062 de
1603 1043 1682 1063 servo
1695 1043 1746 1063 suo

963 1079 1104 1114 loquentes
1117 1079 1258 1113 repudiat;
1273 1087 1308 1106 an
1333 1080 1448 1112 scilicet,
1467 1080 1512 1115 qui
1539 1085 1633 1108 contra
1652 1081 1747 1116 unige-

963 1124 1049 1152 nitum
1064 1124 1162 1152 Filium
1171 1133 1250 1152 suum
1264 1126 1371 1161 linguas
1380 1131 1490 1159 acuunt,
1502 1128 1631 1162 recipiet?
1645 1135 1748 1163 nequa-

963 1171 1084 1206 quam!)
1094 1171 1303 1207 lndeprecabilis
1312 1174 1390 1208 igitur
1404 1181 1484 1208 poena
1495 1173 1747 1209 blasphemantibus

965 1217 1097 1252 Spiritum
1111 1223 1248 1246 sanctum.
1261 1219 1330 1246 Audi
1345 1221 1416 1246 enim
1432 1220 1496 1255 quid
1515 1220 1639 1248 Salvator
1650 1221 1722 1248 dicat
1737 1231 1744 1247 :

966 1273 974 1289 ι
993 1262 1088 1292 Omnis
1097 1264 1265 1299 blasphemia
1280 1266 1435 1293 remittetur
1448 1286 1455 1296 .
1472 1267 1641 1302 blasphemia
1657 1273 1747 1294 autem

963 1310 992 1337 in
1005 1309 1136 1346 Spiritum
1151 1315 1276 1338 sanctum
1295 1319 1349 1338 non
1369 1313 1521 1340 remittetur
1534 1313 1566 1340 τ’.
1585 1323 1594 1338 ι

1086 1443 1113 1471 7.
1132 1443 1209 1477 Quod
1228 1444 1346 1471 Trinitas
1361 1449 1493 1477 apostatos
1511 1449 1609 1471 mutat.

999 1489 1036 1516 De
1055 1489 1134 1517 Patre
1149 1489 1215 1517 dicit
1231 1499 1237 1516 :
1256 1499 1265 1515 ι
1280 1489 1308 1517 In
1323 1494 1442 1517 montem
1458 1489 1524 1517 Sion
1540 1491 1629 1518 veniet
1641 1498 1748 1518 annun-

120 1535 180 1570 ἣξει
195 1537 210 1562 6
223 1535 477 1570 εὐαγγελιζόμενος,
495 1536 542 1563 καὶ
553 1537 578 1562 oi
598 1536 847 1572 εὐαγγελιζόμενοι,
863 1537 905 1569 οὒς

965 1535 1046 1563 tiator
1054 1535 1202 1570 Evangelii,
1212 1539 1238 1562 et
1247 1535 1383 1570 Evangelii
1396 1536 1613 1567 aununtiatores,
1622 1543 1690 1570 quos
1700 1536 1750 1562 ad-

1052 1580 1123 1589 “...
1160 1581 1166 1587 .
1233 1581 1255 1589 ..
1309 1580 1328 1589 η
1363 1579 1425 1589 ,νη
1492 1579 1557 1589 πη
1712 1588 1716 1589 ν

120 1581 248 1617 ὁΚύριος
270 1581 482 1617 προσκέκληται.
509 1591 518 1608 ι
541 1583 609 1618 Περὶ
632 1582 678 1609 τοῦ
700 1583 784 1610 Υἰοῦ·
809 1593 818 1609 ι
844 1584 909 1612 Ἰδοὺ

122 1627 282 1654 ἀποστέλλω
294 1628 376 1663 ὑμᾶς,
387 1627 424 1659 ὡς
438 1627 571 1663 πρόϐατα,
583 1628 612 1655 ἐν
624 1629 698 1664 μέσῳ
709 1628 809 1656 λύκων.
823 1639 832 1655 ι
844 1630 912 1666 Περὶ

121 1673 169 1701 τοῦ
184 1674 342 1709 Πνεύματος
360 1674 389 1700 ὲν
406 1675 466 1706 ταῖς
480 1674 599 1710 Πράξεσι
613 1674 703 1709 λέγει’
724 1685 733 1701 ι
753 1676 784 1702 Οί
803 1675 852 1711 μὲν
865 1675 911 1703 οὖν

121 1720 320 1752 ἀποσταλέντες
341 1720 393 1746 ὑπὸ
409 1719 455 1746 τοῦ
482 1720 560 1754 ἁγίου
584 1720 741 1756 Πνεύματος
766 1719 848 1757 ἦλθον
871 1723 911 1754 εἰς

123 1768 293 1794 Σελεύκειαν.
306 1776 316 1792 ι
326 1766 358 1792 Εἰ
369 1765 457 1792 τοίνυν
471 1765 539 1793 Θεοῦ
551 1767 582 1793 τὸ
596 1767 817 1802 προσκαλεῖσθαι,
831 1768 910 1795 διὰτί

122 1813 152 1839 τὸ
164 1812 276 1847 Πνεῦμα
287 1812 330 1839 διὰ
340 1811 394 1838 τῶν
405 1812 552 1847 προφητῶν
565 1812 639 1846 λέγει
652 1821 658 1828 ·
669 1823 678 1839 ι
694 1813 762 1840 Τάδε
773 1813 846 1847 λέγει
856 1815 911 1840 Κύ-

125 1866 180 1893 ριος
192 1866 199 1889 ;
210 1868 219 1883 ι
231 1858 284 1884 Καὶ
293 1857 372 1884 πάλιν
383 1857 412 1883 τὸ
420 1857 489 1884 11νεῦ
495 1866 530 1892 μα
543 1859 597 1889 τοῖς
606 1859 635 1884 ὲν
655 1859 803 1894 Ἀντιοχείᾳ
812 1859 909 1893 ἁγίοις·

124 1912 136 1929 1
163 1903 324 1938 Ἀφορίσατε
340 1902 371 1937 δή
388 1910 433 1937 μοι
449 1902 505 1938 (Μ)
526 1902 570 1929 τὸν
585 1902 690 1929 Παῦλον
703 1903 750 1930 καὶ
766 1902 909 1938 Βαρνάϐαν

122 1949 162 1979 είς
176 1948 205 1974 τὸ
226 1947 306 1983 ἔργον
325 1947 339 1974 ὃ
365 1948 571 1983 προσκέκλημαι
597 1948 716 1981 αὺτούςς
737 1958 746 1974 ι
765 1949 843 1976 Μάθε
865 1947 911 1976 οὖν

122 1994 172 2029 τὴν
194 1993 309 2027 δύναμιν
329 1993 378 2028 τῆς
400 1993 522 2028 Τριάδος.
550 1993 579 2019 '0
605 1993 700 2030 Πατὴρ
725 1993 879 2028 νομοθετεῖ·
898 1995 912 2020 ὁ

124 2038 188 2070 Υἱὸς
206 2038 326 2066 κελεύει·
344 2039 374 2065 τὸ
394 2039 505 2074 Πνεῦμα
518 2039 650 2066 αὑθεντεί.
667 2041 765 2066 Ἄκουε
786 2040 911 2074 λέγοντος

122 2084 170 2110 τοῦ
185 2084 267 2111 Θεοῦ¹
287 2094 297 2111 ι
318 2084 559 2120 Εὐαγγελιζόμενοι
578 2085 699 2120 ἥξουσιν,
715 2085 761 2116 οὓς
780 2086 794 2111 6
812 2085 912 2121 Κύριος

124 2130 338 2167 προσκέκληται.
360 2141 368 2156 ι

158 2186 185 2213 8.
202 2186 267 2212 ὀτι
281 2186 301 2219 ἡ
314 2186 385 2220 ἁγία.
401 2186 483 2220 Τριὰς
498 2185 649 2212 δείκνυται
664 2185 811 2219 καθῆσθαι
827 2187 875 2212 ἐπὶ

384 2222 490 2254 θρόνου
503 2221 634 2254 ὑψηλοῦ.

157 2268 241 2302 Φησὶν
254 2267 269 2293 6
286 2266 412 2297 ’Πσαῒας”
430 2275 439 2291 ι
453 2263 528 2292 Εἶδον
541 2265 586 2291 τὸν
601 2265 701 2301 Κύριον
713 2265 827 2292 Σαϐαὼθ
845 2265 911 2292 καο-

124 2312 222 2347 ήμενον
241 2311 288 2338 ἐπὶ
304 2311 398 2346 θρόνου
422 2310 523 2345 ὑψηλοῦ
547 2311 593 2336 καὶ
613 2311 779 2345 ἐπηρμένου,
809 2311 857 2337 καὶ
879 2311 912 2337 τὰ

126 2359 245 2394 σεραιρὶμ
266 2358 436 2392 εἱστήκεισαν
452 2356 543 2391 κύκλῳ
563 2356 658 2387 αὑτοῦ.
686 2365 694 2381 ι
716 2356 811 2383 καὶτὰ
833 2356 906 2391 ἑξῆς.

132 2405 259 2438 ’Δνάγκη,
273 2404 314 2430 ὅτι
325 2404 340 2430 6
356 2402 448 2438 Πατὴρ
469 2402 523 2437 (42)
537 2402 755 2437 ὑπολαμϐάνεται
771 2402 825 2438 πρὸ
842 2402 908 2428 πάν-

125 2459 187 2477 των.
204 2449 260 2476 Εἶθ’
275 2448 447 2479 ὑποκαταϐὰς
463 2448 553 2481 λέγει’
575 2457 584 2474 ι
598 2449 653 2474 Καὶ
671 2449 774 2483 ἥκουσα
790 2448 838 2483 τῆς
852 2457 909 2482 φω-

125 2495 172 2530 νῆς
187 2494 298 2530 Κυρίου,
320 2494 454 2527 λέγοντος·
476 2492 542 2519 Τίνα
563 2493 717 2526 ἁποστελῶ;
733 2495 779 2520 καὶ
801 2493 843 2524 τίς
864 2502 912 2519 πο-

162 2607 184 2622 ⁸⁷
201 2607 252 2635 .Iob
271 2615 338 2640 xm,
355 2609 400 2634 25.
439 2609 462 2623 ⁸⁸
480 2608 530 2636 Job
546 2617 590 2640 xv,
616 2609 658 2636 It.
697 2609 718 2624 θ’
737 2608 788 2635 Job
808 2616 853 2637 ιιι.
872 2607 898 2634 6.

979 2606 1030 2633 Job
1049 2615 1103 2634 mi
1119 2627 1126 2638 ,
1143 2607 1168 2634 Β.

126 2642 149 2657 ⁷³
167 2641 224 2670 Joel
242 2651 273 2675 ll,
290 2643 336 2671 52.
372 2643 510 2671 1"'Matth.
529 2652 544 2670 ιι
558 2664 565 2675 ,
583 2643 627 2670 16.
665 2644 687 2659 ⁷⁵
708 2643 768 2670 Act.
789 2651 852 2673 xm,
871 2643 897 2670 4,

979 2642 1044 2669 ibid.
1061 2642 1089 2669 2.
1128 2643 1151 2658 ⁷⁷
1169 2641 1228 2669 Joel
1246 2650 1263 2668 ιι
1275 2662 1282 2673 ,
1302 2642 1345 2668 5‘2.

162 2721 217 2758 (38)
237 2720 405 2758 Basiliensis,
432 2722 647 2758 ὑπερϐαλόντος.
671 2722 742 2753 Mox,
769 2722 847 2758 uaria
861 2721 908 2748 τοῦ

127 2755 230 2786 iuva-3.
246 2756 271 2782 id
288 2760 328 2783 est
346 2755 589 2784 adversus'Deum.
607 2756 675 2784 Vide
689 2758 813 2785 Grmcum
832 2756 908 2783 Scri-

127 2796 212 2825 ptum
224 2795 290 2817 text.
307 2791 389 2818 Ruth.
403 2799 422 2821 ι.
434 2792 484 2824 20;
503 2792 554 2819 Job
567 2800 641 2823 xui.
653 2792 687 2825 2;
707 2792 816 2822 Ezech..
830 2800 850 2822 ι,
861 2792 906 2818 24.

160 2826 217 2863 (ᾏΩ)
236 2825 393 2863 βηεῆιιριιεὶς
404 2831 430 2854 et
444 2828 561 2863 Anglia,
576 2826 646 2863 ἆρα,
654 2833 681 2854 et
691 2828 731 2855 sic
743 2827 823 2862 paulo
833 2831 905 2862 post.

161 2861 217 2897 (40)
238 2861 405 2892 Basiliensis.
428 2861 602 2894 ἀκονοῦνταςξ
624 2862 684 2891 Mox
705 2863 865 2891 Basiliensis
880 2865 906 2889 et

204 2908 341 2938 Parnm“
365 2907 423 2938 Gn.
440 2909 585 2939 XXVIII.

964 1581 1072 1609 vocavit
1090 1580 1222 1608 Dominus
1233 1581 1266 1607 ".
1283 1590 1292 1606 ι
1309 1580 1346 1607 De
1362 1579 1449 1608 Filio:
1466 1590 1474 1606 ι
1492 1579 1562 1607 Ecce
1585 1581 1662 1607 mitto
1688 1588 1748 1614 vos,

964 1627 1045 1664 quasi
1067 1635 1144 1660 ores,
1159 1627 1186 1654 in
1211 1626 1300 1654 medio
1326 1627 1492 1661 luporum”.
1512 1637 1521 1652 ι
1539 1626 1577 1653 De
1595 1625 1697 1661 Spiritu
1721 1628 1750 1655 in

964 1673 1042 1701 Actis
1064 1673 1129 1700 dicit
1149 1682 1154 1699 :
1173 1682 1182 1698 ι
1201 1671 1234 1699 Et
1255 1672 1294 1699 illi
1313 1672 1420 1707 quidem
1440 1672 1516 1699 missi
1534 1679 1549 1698 a
1565 1671 1667 1706 Spiritu
1685 1680 1750 1700 san-

964 1724 1009 1748 cto
1028 1719 1154 1747 abierunt
1178 1717 1329 1746 Seleuciam
1340 1718 1373 1746 ⁷⁸.
1394 1728 1403 1744 ι
1421 1717 1449 1745 Si
1477 1718 1560 1754 igitur
1576 1717 1623 1746 Dei
1639 1722 1681 1746 est
1698 1727 1749 1746 vo-

965 1774 1038 1800 care,
1060 1773 1110 1793 cur
1133 1765 1249 1800 Spiritus
1266 1771 1314 1799 per
1328 1764 1474 1799 prophetas
1492 1765 1551 1791 ait:
1569 1773 1580 1790 ι
1600 1763 1662 1791 Haec
1683 1764 1750 1791 dicit

965 1810 1116 1839 Dominus?
1134 1820 1144 1836 ι
1170 1814 1217 1837 aut
1242 1818 1291 1837 cur
1314 1809 1442 1844 Spiritus,
1469 1809 1503 1837 iis
1522 1809 1570 1844 qui
1598 1809 1751 1837 Antiochia

964 1861 1053 1889 erant,
1070 1856 1172 1884 sanctis
1195 1855 1262 1883 dixit
1278 1864 1284 1882 :
1300 1865 1310 1881 ‹
1330 1854 1475 1890 Segregale
1497 1855 1563 1881 mihi
1584 1854 1696 1881 Paulum
1723 1861 1750 1882 et

965 1901 1117 1929 Barnabam
1138 1902 1165 1928 in
1188 1908 1268 1936 opus,
1283 1900 1316 1927 ad
1333 1900 1405 1935 quod
1418 1900 1512 1927 vocavi
1527 1900 1624 1928 eos"?
1642 1909 1652 1926 r
1671 1899 1751 1927 Disce

966 1947 1048 1983 igitur
1064 1947 1210 1982 potentiam
1225 1945 1377 1973 Trinitatis.
1390 1945 1470 1972 Pater
1485 1945 1570 1980 legem
1588 1946 1695 1976 condit.
1705 1945 1750 1973 Fi-

966 1993 1019 2021 lius
1031 1993 1118 2028 jubet.
1136 1991 1254 2026 Spiritus
1269 1992 1458 2027 auctoritatem
1475 1991 1560 2019 addit.
1576 1992 1646 2018 Audi
1666 1992 1749 2018 Deum

967 2040 1024 2067 haec
1050 2040 1202 2074 loquentem
1229 2048 1234 2065 :
1265 2047 1273 2064 ι
1299 2037 1351 2070 Qui
1377 2037 1551 2071 Evangelium
1575 2038 1749 2069 annuutiaut,

966 2087 1085 2117 venient,
1099 2093 1169 2120 quos
1184 2084 1314 2111 Dominus
1329 2084 1476 2110 vocavit".
1495 2093 1504 2110 ι

967 2186 993 2212 8.
1012 2183 1144 2212 Probatur
1168 2190 1289 2210 sanciunt
1318 2184 1474 2245 Trilnitatem
1500 2184 1588 2210 sedere
1614 2184 1641 2210 in
1657 2183 1750 2210 throno

1301 2227 1362 2245 erce
1373 2228 1413 2245 so.

1301 2227 1413 2246 6166180.

1003 2267 1070 2294 Dicit
1086 2266 1194 2294 Isaias:
1224 2276 1232 2291 ι
1252 2265 1312 2293 Vidi
1343 2265 1486 2293 Dominum
1510 2265 1631 2292 Sabaoth
1654 2264 1752 2292 sedeli-

965 2317 1018 2340 tem
1037 2313 1065 2340 iu
1078 2313 1177 2340 throno
1188 2313 1296 2339 excelso
1313 2315 1339 2339 et
1351 2312 1472 2343 sublimi,
1489 2315 1516 2338 et
1533 2311 1668 2345 seraphim
1685 2310 1708 2337 ei
1723 2310 1750 2337 in

964 2356 1057 2384 orbem
1084 2357 1300 2384 circumstabant
1316 2357 1350 2388 ⁷⁸,
1373 2366 1382 2382 ι
1399 2360 1452 2383 etc.
1479 2355 1626 2382 Necessum
1643 2360 1685 2382 est
1706 2354 1750 2381 hic

965 2401 1070 2430 Patrem
1086 2405 1149 2430 ante
1162 2409 1258 2430 omnes
1273 2402 1397 2437 intelligi.
1410 2401 1512 2428 Deinde
1523 2405 1583 2435 post
1594 2408 1681 2435 pauca
1692 2400 1750 2428 haec

964 2448 1122 2483 subjungit:
1139 2457 1149 2473 ι
1169 2447 1202 2474 Et
1228 2448 1320 2475 audivi
1346 2455 1439 2475 vocem
1471 2446 1578 2473 Domini
1605 2446 1748 2475 dicentis:

963 2494 1048 2526 Quem
1078 2494 1234 2526 mittam,et
1259 2494 1321 2528 quis
1348 2493 1537 2528 proﬁciscetur
1561 2492 1595 2519 ad
1617 2493 1749 2527 populum

1208 2607 1229 2622 ⁷¹
1250 2606 1300 2633 Joh
1318 2614 1372 2633 xui
1386 2626 1392 2638 ,
1411 2606 1436 2631 7.
1475 2607 1498 2622 ⁷¹
1520 2606 1613 2634 Matth.
1631 2615 1686 2639 xu,
1705 2608 1749 2634 5|.

1400 2642 1422 2656 ⁷⁸
1443 2641 1495 2669 lsa.
1511 2648 1556 2674 τι,
1577 2642 1610 2674 I,
1625 2642 1653 2670 2.

962 2719 1080 2754 Anglia.
1093 2721 1109 2755 ἡ
1123 2719 1195 2755 δίκη.
1221 2719 1250 2746 In
1261 2720 1325 2747 edit.
1340 2720 1472 2749 Commel.
1484 2721 1549 2748 ibid.
1562 2722 1651 2748 τοίνυν
1663 2722 1750 2749 deest.

997 2756 1054 2792 (ιιι
1075 2755 1120 2783 Sic
1129 2763 1226 2783 omnes
1239 2763 1305 2783 mss.
1317 2759 1345 2783 et
1355 2757 1422 2784 edit.
1434 2756 1522 2784 Paris.
1534 2756 1605 2783 Edit.
1615 2757 1738 2785 Commel

960 2791 1060 2862 “($33.
1072 2826 1230 2854 Basiliensis
1244 2830 1270 2854 et
1287 2827 1463 2862 Anglicanus,
1477 2827 1517 2854 ὅτι
1535 2827 1582 2854 καὶ
1598 2827 1704 2863 Πατήρ.

1589 2906 1610 2935 2
