1898 3053
115 143 150 170 45
702 142 730 168 S.
751 140 984 168 ATHANASIUS.
1006 155 1041 161 —
1059 140 1172 168 DUBI‘A.
1713 142 1750 168 44

116 204 218 231 istum?
234 203 267 230 Et.
280 204 335 231 dixi
349 213 354 231 :
366 204 436 231 Ecce
450 211 512 239 ego,
531 204 607 230 mitte
623 211 676 231 me.
693 202 726 230 Et
738 203 807 230 dixit
822 203 903 230 mihi:

972 201 1083 228 νεύσεται
1098 202 1165 237 πρὸς
1181 202 1226 228 τδν
1241 202 1303 228 λαὸν
1317 202 1411 229 τοῦτον
1423 211 1430 235 ;
1443 203 1498 230 Καὶ
1512 199 1576 230 εἶπα
1594 202 1663 237 (45)·
1687 201 1751 229 Ἰδοὺ

115 251 191 278 Vade
209 251 242 278 ad
254 251 383 286 populum
399 251 481 278 istum
492 270 499 282 ,
515 254 542 277 et
557 250 602 277 die
613 250 638 277 ei
655 259 660 276 :
675 249 795 277 Auribus
812 249 905 277 audie-

115 298 162 330 tis,
177 301 203 325 et
221 306 275 324 non
291 297 459 332 intelligetis,
473 300 499 324 et
519 295 643 324 videntes
659 296 796 328 videbitis,
808 299 835 322 et
851 303 905 322 non

116 344 246 372 cernetis.
260 344 443 370 lncrassatum
455 346 497 370 est
512 343 583 370 enim
593 350 640 369 cor
655 341 879 377 populihujus",
893 351 902 366 ι

115 395 169 417 etc.
202 389 320 417 Joannes
345 397 410 416 vero
437 389 470 416 ad
496 388 594 416 Filium
614 389 709 416 eadem
730 389 775 415 illa
804 388 904 419 refert.

115 436 194 471 cujus
215 435 272 462 haec
295 435 379 462 verba
399 438 463 463 sunt
482 444 488 462 :
509 444 519 460 ι
541 434 609 462 Cum
625 439 714 462 autem
736 438 811 461 tanta
828 435 904 469 signa

115 482 225 509 fecisset
242 489 334 509 coram
351 482 402 513 eis,
429 489 484 508 non
513 481 688 508 crediderunt
713 480 739 507 in
765 480 852 511 illum,
877 484 906 506 ut

115 535 206 554 sermo
235 527 310 554 Isaiie
340 525 478 561 propheta:
504 525 663 560 impleretur
690 533 771 560 quem
797 524 866 552 dixit
897 535 902 551 :

114 570 310 606 Domine,quis
327 569 443 597 credidit
459 569 563 597 auditui
584 570 697 597 nostro?
718 573 745 597 et
762 569 904 596 brachium

114 616 222 644 Domini
236 617 281 643 cui
296 616 444 643 revelatum
457 615 517 643 est?
528 615 590 642 "me
613 619 702 643 autem
722 615 791 642 dixit
808 615 903 646 Isaias,

113 668 176 687 cum
193 661 261 688 vidit
284 660 400 696 gloriam
416 659 518 695 ejus“.
534 669 543 685 ι
558 660 594 688 Dc
610 659 715 694 Spiritu
727 664 818 687 autem
833 658 905 686 Pau-

115 706 158 734 lus
183 714 246 734 cum
273 706 443 741 Judaeis,qui
460 706 551 733 Romze
575 710 663 737 erant,
679 706 847 741 disceptaus,
870 705 905 732 ita

113 753 224 780 loeutus
237 756 279 780 est
291 761 298 779 :
310 761 319 778 ‹
329 751 472 779 Benedixit
485 751 604 787 Spiritus
620 756 733 779 sanctus
745 759 793 786 per
807 751 905 778 Isaiam

114 797 276 832 prophetam
293 806 299 824 :
313 797 431 823 Auribus
448 796 612 828 audietis,et
628 804 684 823 non
699 797 867 832 intelligetis,
879 800 905 823 et

114 842 239 870 videntes
251 841 388 874 videbitis,
407 846 433 869 et
448 850 501 869 non
517 842 674 875 cernetis“,
690 852 698 867 ι
718 847 771 869 etc.

326 980 352 1008 9.
368 978 444 1012 Quod
460 979 576 1012 Spiritus
594 980 691 1004 sedeat.

152 1024 190 1052 Ex
207 1025 277 1052 libro
289 1024 382 1054 Mosis,
398 1033 452 1052 non
465 1025 552 1052 solum
569 1024 674 1055 sedere,
684 1024 732 1050 sed
745 1027 771 1050 et
785 1023 905 1050 assidere

114 1071 204 1105 Patri,
224 1076 251 1099 et
280 1071 360 1104 Filio,
382 1070 513 1106 Spiritum
543 1075 667 1098 sanctum
692 1070 903 1097 demonstratur.

116 1117 170 1145 Sed
186 1118 213 1144 id
230 1121 354 1153 petamus
366 1126 399 1144 ex
414 1118 512 1144 idonea
525 1117 640 1144 historia
657 1126 664 1144 ;
683 1124 798 1151 propero
815 1120 905 1143 autem

115 1164 149 1191 ad
173 1163 358 1191 Abrahamum
380 1173 386 1190 :
416 1172 426 1188 ‹
452 1162 583 1197 Apparuit
608 1162 678 1189 Deus
705 1161 854 1193 Abraham,
878 1166 904 1188 et

115 1217 180 1237 ecee
208 1213 264 1236 tres
291 1209 353 1240 viri,
366 1217 435 1243 quos
461 1209 581 1244 hospitio
596 1209 703 1242 excepit
721 1208 773 1235 sub
790 1215 904 1242 quercu,

116 1255 161 1290 qui
194 1259 374 1283 surrexerunt
411 1258 438 1282 et
464 1258 643 1290 respexerunt
682 1262 778 1282 versus
817 1253 906 1281 Sodo—

115 1310 188 1329 mam
199 1302 232 1329 ⁸⁵.
255 1311 264 1328 ι
284 1301 343 1328 Jam
361 1301 427 1328 illud
452 1302 578 1333 verbum,
598 1310 606 1326 ι
627 1305 817 1332 surrexerunt,
837 1310 846 1326 ι
864 1300 907 1327 in-

115 1349 190 1375 dicat
216 1348 366 1376 sessionem
388 1347 572 1383 prarcessisse.
587 1347 635 1374 Dic
658 1347 723 1374 mihi
753 1347 845 1382 igitur,
878 1347 905 1374 in

115 1402 210 1422 mensa
237 1398 292 1422 tres
313 1394 357 1421 isti
382 1395 522 1426 sederunt,
549 1394 657 1421 annon?
674 1393 820 1423 Sederunt.
844 1393 904 1419 ait:

116 1440 188 1475 Ergo
203 1439 314 1471 sedere,
331 1440 402 1467 idem
420 1444 462 1467 est
478 1444 628 1474 atque‘una
644 1439 796 1466 considere.
810 1437 841 1466 In
857 1438 907 1465 Da-

116 1486 198 1517 niele,
222 1493 284 1512 cum
315 1485 440 1513 Susanna
469 1485 502 1512 ad
524 1490 637 1512 mortem
661 1485 852 1516 abduceretur,
869 1485 907 1511 ait

118 1531 261 1566 Scriptura

117 1578 234 1612 pueruli,
254 1579 298 1605 cui
325 1586 424 1605 nomen
455 1577 588 1605 Daniel".
617 1587 626 1603 ι
659 1577 717 1604 Vox
739 1577 822 1612 igitur
846 1576 902 1608 illa,

119 1633 128 1648 ‹
147 1625 299 1656 suscitavit,
320 1634 329 1650 ι
355 1624 388 1651 de
412 1628 501 1652 stante
531 1632 586 1652 non
607 1624 778 1660 intelligitur,
803 1623 850 1650 sed
871 1622 905 1650 de
930 1637 933 1641 κ

117 1670 227 1697 sedente
253 1676 299 1697 aut
322 1670 474 1698 dormiente
488 1680 494 1698 :
510 1670 738 1706 quemadmodum
750 1673 777 1697 et
789 1670 817 1696 in
827 1668 904 1696 Psal-

117 1725 162 1743 mo
179 1727 185 1744 :
205 1727 213 1742 ‹
228 1717 370 1744 Excitatus
387 1721 429 1744 est
444 1722 575 1752 tanquam
601 1717 739 1744 dormiens
750 1715 902 1748 'Dominus,

117 1766 246 1797 tauquam
256 1768 350 1798 potens
359 1767 385 1790 et
393 1764 551 1798 crapulatus
567 1771 581 1789 a
596 1763 699 1790 vino“.
714 1772 722 1787 ι
740 1762 788 1789 Ει;
803 1771 811 1787 ε
825 1761 905 1789 Exci-

118 1812 191 1834 tatus
215 1811 257 1835 est
287 1806 418 1834 Dominus
445 1816 479 1834 ex
504 1808 705 1836 nubibussuis
726 1807 872 1835 sanctis”.
893 1817 903 1833 ι

117 1852 204 1878 Aliam
226 1859 333 1887 quoque
356 1852 466 1879 aderam
482 1853 624 1879 historiam
644 1853 677 1880 de
690 1852 770 1880 Patre
785 1852 903 1884 Domini,

118 1898 152 1925 ad
171 1898 303 1925 Joannem
328 1898 435 1926 dicente
454 1909 459 1925 :
479 1908 488 1924 (
513 1897 600 1933 Super
612 1907 692 1933 quem
706 1899 807 1927 videris
819 1898 905 1934 Spiri-

117 1950 176 1972 tum
208 1945 419 1973 descendentem
436 1951 462 1972 et
488 1950 642 1972 manentem
664 1943 749 1981 super
765 1953 827 1973 eum
838 1946 872 1973 ⁸⁵.
893 1955 902 1972 ι

119 1992 251 2019 Dominus
268 1992 323 2018 ait:
339 2001 347 2017 ι
365 1990 413 2018 Sin
429 1995 519 2019 autem
531 1990 620 2022 Pater,
638 1992 685 2026 qui
703 1992 729 2018 in
743 1999 785 2018 me
801 1997 904 2024 manet,

118 2038 178 2072 ipse
199 2037 264 2064 facit
279 2044 361 2072 opera
372 2037 407 2062 ³⁷.
430 2046 439 2062 ι
457 2036 503 2062 Dic
522 2037 738 2073 igiturjuxtas
750 2038 806 2065 hac
829 2039 906 2066 testi-

117 2083 220 2114 monia,
246 2082 327 2109 Pater
341 2087 367 2110 et
383 2083 502 2118 Spiritus
528 2088 638 2110 manent
655 2084 682 2110 in
697 2083 776 2117 Filio,
794 2085 907 2111 annon?

118 2128 363 2163 Manent,inquies.
376 2128 404 2156 Si
420 2130 512 2164 itaque
525 2130 553 2156 in
569 2129 638 2156 Filio
656 2134 767 2158 manent
782 2130 863 2158 Pater
880 2135 906 2158 et

120 2174 248 2209 Spiritus,
271 2182 384 2202 necesse
401 2183 515 2209 prorsus
531 2180 583 2205 est,
600 2174 670 2202 Filio
687 2176 809 2208 sedente,
831 2176 907 2212 ipsos

958 248 1023 282 ἐγὼ,
1044 248 1203 275 ἀπόστειλον
1222 256 1266 283 με.
1284 248 1337 274 Καὶ
1357 246 1418 274 εἷπε
1436 257 1494 284 μοι·
1513 248 1665 284 Πορεύθητι
1683 248 1751 284 πρὸς

956 295 1002 322 τὸν
1014 295 1079 321 λαὸν
1092 294 1198 324 τοῦτον.
1211 295 1258 321 καὶ
1272 294 1331 320 εἰπὲ
1342 295 1416 330 αὐτῷ
1427 304 1433 310 ·
1455 296 1533 330 Ἀκοῇ
1545 295 1690 330 ἀκούσητε,
1704 296 1752 321 καὶ

957 341 987 367 οὺ
1006 340 1044 376 μὴ
1066 341 1178 375 συνῆτε·
1206 341 1253 367 καλ¹
1276 340 1418 376 βλέποντες
1443 341 1569 376 βλέψητε,
1587 342 1634 368 καὶ
1659 342 1689 368 οὐ
1712 341 1751 377 μὴ

958 387 1041 422 ἴδητε·
1051 386 1191 422 ἐπαχύνθη
1206 387 1260 422 γὰρ
1277 389 1293 421 ἡ
1309 387 1406 423 καρδία
1420 387 1467 414 τοῦ
1482 387 1548 414 λαοῦ
1558 388 1664 419 τούτου,
1679 397 1688 414 ι
1703 388 1751 414 καὶ

956 433 991 460 τὰ
1017 433 1090 469 ἑξῆς.
1114 433 1142 459 Ὁ
1164 433 1193 460 δὲ
1210 433 1335 468 Ἰωάννης
1362 435 1402 465 εἰς
1429 433 1476 460 τὸν
1499 434 1569 465 Υἱὸν,
1585 433 1751 469 ἐκλαμϐάνει

957 479 1056 507 ταῦτα·
1081 480 1155 514 λέγει
1173 480 1227 516 γάρ
1238 489 1245 495 ·
1265 490 1274 506 ‹
1291 480 1415 506 Τοσαῦτα
1435 480 1465 507 δὲ
1481 480 1563 506 αὑτοῦ
1586 481 1686 515 σημεῖα
1701 489 1751 506 πε-

958 526 1101 561 ποιηκότος
1137 526 1292 561 ἔμπροσθεν
1312 525 1412 557 αὐτῶν,
1445 526 1502 552 οὺκη
1519 526 1681 552 ἐπίστευσαν
1711 527 1750 558 εἰς

958 571 1048 602 αὐτὸν,
1065 571 1109 597 ἴνα
1126 572 1139 596 ὁ
1162 571 1240 605 λόγος
1263 571 1372 598 Ἡσαΐου
1384 570 1430 597 τοῦ
1451 572 1590 606 προφήτου
1607 571 1748 607 πληρωθῇ,

957 616 986 642 ὃν
999 614 1072 643 εἷπε·
1092 626 1100 642 ι
1120 617 1216 652 Κύριε,
1233 617 1273 648 τίς
1292 618 1434 644 ἐπίστευσε
1449 618 1481 652 τῇ
1498 618 1565 652 ἀκοῇ
1585 617 1678 652 ἡμῶν;
1703 619 1750 644 καὶ

957 664 971 689 6
987 662 1106 698 βραχίων
1123 663 1225 698 Κυρίου
1241 665 1293 689 τίνι
1310 663 1490 698 ἀπεκαλύφθη
1504 673 1510 697 ς
1526 664 1618 690 Ταῦτα
1633 663 1661 690 δὲ
1673 661 1750 690 εἶπεν

964 709 1087 740 Ἡσαΐας,
1101 709 1144 735 ὅτε
1160 708 1213 735 εἶδε
1224 710 1272 744 τὴν
1286 710 1363 742 δόξαν
1381 710 1473 737 αὑτοῦ.
1493 720 1501 736 ι
1519 710 1586 746 Περὶ
1601 710 1647 736 τοῦ
1662 709 1748 736 Ilvati—

959 763 1043 789 ματος
1059 755 1087 781 δὲ
1102 756 1116 781 ὀ
1128 755 1233 787 Παῦλος
1245 755 1434 791 διαλεγόμενος
1450 757 1505 788 τοῖς
1521 757 1550 782 ὲν
1572 755 1664 791 Ῥώμῃ
1684 756 1750 781 Ἰου-

957 801 1051 833 δαίοις,
1072 799 1148 828 εἶπε-
1167 811 1176 826 ι
1199 801 1298 834 Καλῶς
1318 800 1377 828 εἷπε
1394 803 1424 828 τὸ
1437 802 1549 837 Πνεῦμα
1563 802 1592 828 τὸ
1615 802 1690 836 ἅγιον
1705 802 1749 828 διὰ

965 849 1075 875 Ἡσαΐου
1089 848 1135 875 τοῦ
1147 849 1287 884 προφήτου
1296 857 1303 863 ·
1315 849 1382 884 ἀκοῇ
1392 848 1527 883 ἀκούσητε
1537 849 1603 884 (Η),
1611 849 1657 875 καὶ
1667 849 1697 874 οὺ
1710 847 1748 884 μὴ

960 895 1074 929 συνῆ-τεο
1097 895 1143 921 καὶ
1159 894 1300 929 βλέποντες
1319 894 1444 930 βλέψητε,
1468 895 1513 921 καὶ
1529 895 1559 920 οὺ
1582 894 1619 930 μὴ
1639 894 1746 930 fama,»

958 941 1002 966 καὶ
1017 941 1050 967 τὰ
1066 940 1138 975 ἑξῆς.

1085 988 1111 1014 9.
1128 988 1197 1021 Περὶ
1213 986 1266 1013 τοῦ
1279 986 1426 1019 καθῆΓ6αι
1439 987 1471 1013 τὸ
1487 986 1617 1021 Πνεῦμα.

999 1034 1045 1059 Ἐκ
1070 1033 1120 1068 τῆς
1149 1033 1240 1068 βίϐλου
1260 1033 1381 1064 Μωσέως
1409 1033 1439 1058 οὺ
1467 1033 1545 1068 μόνον
1583 1033 1745 1068 καθήμενον,
1768 1039 1774 1047 -'

957 1078 1024 1104 ἀλλὰ
1047 1078 1094 1104 καὶ
1120 1078 1325 1114 συγκαθήμενον
1348 1078 1378 1104 τὺ
1393 1077 1504 1113 Πνεῦμα
1521 1078 1550 1104 τὸ
1564 1078 1640 1112 ἅγιον
1660 1078 1748 1113 ΠατρὟ.
1771 1079 1773 1083 ’

958 1124 1003 1150 καὶ
1019 1123 1076 1158 Υἱῷ
1089 1123 1237 1150 δείκνυται.
1256 1124 1304 1150 Ἐκ
1318 1124 1368 1159 τῆς
1384 1121 1429 1150 οὖν
1444 1123 1600 1159 πρεπούσης
1617 1123 1746 1158 ἱστορίας.

959 1170 1103 1205 ’Ώρμημαι
1120 1169 1176 1205 (43)
1193 1169 1221 1195 δὲ
1238 1170 1284 1195 ἐπὶ
1305 1169 1446 1205 Ἀϐραάμε
1464 1178 1473 1195 ι
1491 1169 1578 1204 Ὤφθη
1603 1171 1617 1195 6
1633 1169 1698 1200 Θεὸς
1710 1168 1749 1204 τῷ

965 1215 1098 1252 Ἀϐραὰμ,
1112 1216 1160 1241 καὶ
1174 1215 1227 1242 ἰδοὺ
1239 1215 1334 1251 ἄνδρες
1348 1217 1433 1250 τρεῖς,
1445 1215 1491 1247 οὒς
1507 1216 1554 1242 καὶ
1569 1215 1685 1247 ἐξένισεν
1696 1215 1749 1242 ὑπὸ
1771 1218 1774 1220 ’

957 1261 1006 1297 τὴν
1023 1260 1104 1296 δρῦν,
1116 1261 1141 1287 οἳ
1161 1261 1354 1296 ἐξανέστησαν,
1370 1261 1564 1296 ἐπιϐλέψαντες
1578 1261 1623 1287 ἐπὶ
1640 1260 1749 1296 πρόσω-

958 1316 1008 1334 πον
1021 1307 1154 1342 Σοδόμων.
1176 1316 1184 1332 ι
1203 1307 1239 1333 Τὸ
1256 1307 1294 1339 δὲ,
1314 1317 1322 1333 ‹
1342 1307 1533 1343 ἐξανέστησαν,
1552 1317 1560 1333 ι
1580 1307 1750 1334 καθισάντων

957 1353 1015 1379 ἐστὶ
1032 1352 1163 1388 σημασία.
1184 1353 1252 1379 Εἰπὲ
1275 1350 1331 1383 οὖν,
1349 1354 1394 1379 ἐπὶ
1413 1353 1462 1387 τῆς
1477 1353 1616 1389 τραπέζης
1632 1353 1655 1380 οἱ
1675 1353 1750 1388 τρεῖς
1773 1359 1774 1362 ‘

958 1398 1097 1430 ἐκάθισαν,
1115 1398 1131 1433 ἦ
1147 1397 1195 1429 oi};
1212 1397 1306 1432 Φησὶν,
1320 1397 1473 1424 Ἐκάθισαν.
1496 1398 1533 1424 Τὸ
1553 1396 1599 1424 οὖν
1615 1397 1750 1433 καθῆσθαι
1766 1412 1771 1415 ·

958 1444 1004 1470 ἐπὶ
1019 1443 1048 1470 τὸ
1062 1443 1128 1470 αὐτὸ
1144 1443 1305 1477 συγκαθίσαι
1321 1442 1404 1469 ἐστίν.
1426 1443 1468 1469 'Ev
1482 1443 1510 1469 δὲ
1525 1442 1564 1477 τῷ
1576 1442 1683 1477 Δανιὴλ,
1697 1442 1751 1468 Σω-

959 1488 1058 1522 σάννης
1083 1487 1259 1523 ἀπαγομένης
1285 1487 1482 1522 θανατωθῆναι,
1506 1487 1612 1522 λέγειὴ
1637 1487 1748 1521 Γραφή-

287 1541 294 1559 :
322 1541 331 1558 ‹
356 1531 505 1559 Suscitavit
524 1531 596 1559 Deus
624 1531 756 1566 Spiritum
780 1535 903 1558 sanctqu

996 1534 1150 1570 Ἑξήγειρεν
1163 1534 1177 1560 ὁ
1193 1534 1259 1566 Θεὸς
1275 1534 1305 1560 τὺ
1319 1534 1432 1568 Πνεῦμα
1454 1533 1484 1559 τὺ
1500 1532 1575 1567 ἅγιον
1594 1532 1748 1567 παιδαρίου,

958 1575 980 1613 ᾧ
996 1578 1082 1614 ὕνομσ.
1095 1579 1203 1615 Δανιὴλ.
1227 1589 1236 1605 ι
1260 1580 1292 1605 Ἦ
1307 1576 1353 1606 οὖν
1365 1588 1374 1605 ι
1393 1579 1558 1614 ἐξεγέρσεως
1577 1588 1586 1604 ι
1602 1578 1678 1613 φωνὴ
1698 1578 1749 1604 οὐκ

959 1626 1006 1652 ἐπὶ
1021 1626 1138 1658 ἑστῶτος
1160 1626 1337 1661 λαμϐάνεται,
1354 1625 1410 1652 ἀλλ’
1422 1625 1468 1651 ἐπὶ
1484 1624 1638 1660 καθημένου
1656 1624 1672 1659 ἢ
1692 1632 1750 1650 κοι-

960 1670 1102 1706 μωμένου·
1129 1671 1167 1702 ὡς
1197 1671 1244 1697 καὶ
1269 1671 1298 1698 ὲν
1324 1670 1363 1706 τῷ
1385 1669 1484 1705 ψαλμῷ
1509 1669 1598 1704 λέγει·
1629 1678 1639 1695 ‹
1669 1668 1749 1704 Ἐξηι
1773 1679 1775 1681 ί

959 1716 1113 1752 γέρθημϐ)
1127 1716 1165 1748 ὡς
1185 1718 1198 1743 6
1214 1717 1304 1743 ὑπνῶν
1321 1717 1432 1752 Κύριος,
1447 1716 1484 1748 ὡς
1504 1715 1615 1747 δυνατὸς
1637 1713 1684 1742 καὶ
1704 1724 1751 1742 κε-

959 1762 1156 1798 κραιπαληκὼς
1179 1763 1208 1796 ἐξ
1224 1762 1296 1789 οἴνου
1309 1771 1315 1777 ³
1333 1772 1343 1788 ι
1360 1763 1406 1789 καὶ
1424 1762 1471 1794 τὸ,
1490 1771 1499 1788 ι
1523 1761 1671 1797 Ἐξηγέρθη
1691 1761 1744 1788 Κύ-

962 1817 1017 1844 ριος
1031 1809 1062 1834 ὲκ
1078 1807 1196 1842 νεφελῶν
1220 1808 1304 1842 ἁγίων
1323 1807 1415 1836 αὑτοῦ.
1435 1818 1444 1834 ι
1461 1808 1517 1835 Καὶ
1530 1807 1613 1842 ἄλλης
1629 1807 1750 1843 ἱστορίας

961 1854 1140 1890 μνημονεύσω
1155 1854 1200 1880 τοῦ
1213 1854 1321 1890 Πατρὺς
1332 1854 1379 1880 τοῦ
1394 1855 1506 1890 Κυρίου,
1522 1854 1590 1890 πρὸς
1601 1854 1646 1880 τὸν
1663 1854 1750 1881 Ἰωάν-

959 1909 1007 1935 νην
1025 1900 1164 1934 λέγοντος’
1187 1909 1196 1924 ι
1222 1900 1279 1934 Ἐφ’
1298 1899 1328 1926 6v
1348 1899 1381 1926 ἂν
1408 1899 1465 1935 ἴδῃς
1480 1899 1510 1926 τὸ
1532 1898 1644 1934 Πνεῦμα
1663 1908 1749 1926 κατα·
1767 1910 1770 1915 -

960 1945 1061 1977 ϐαῖνον,
1089 1945 1136 1972 καὶ
1154 1945 1243 1981 μένον
1267 1946 1311 1972 ἐπ’
1334 1945 1425 1972 αὐτόν.
1445 1955 1454 1970 ι
1479 1945 1509 1972 '0
1528 1945 1630 1980 Κύριος
1654 1942 1749 1971 εἶπεν·

963 2003 972 2018 ε
993 1993 1024 2019 Εἰ
1041 1992 1087 2019 καὶ
1100 1992 1114 2018 6
1133 1991 1229 2027 Πατὴρ
1244 1991 1309 2026 (47),
1326 1991 1339 2017 6
1360 1991 1489 2026 pévwvév
1499 1991 1570 2026 ἐμοὶ,
1583 1991 1663 2023 αὐτὸς
1679 1992 1751 2017 ποιεῖ

959 2038 993 2065 τὰ
1008 2036 1091 2074 ἔργα.¹
1104 2048 1113 2063 ιι
1132 2038 1200 2064 Εἰπὲ
1224 2036 1270 2064 οὖν
1289 2037 1360 2064 κατὰ
1377 2037 1428 2068 τὰς
1449 2037 1610 2073 μαρτυρίας,
1627 2038 1641 2064 6
1656 2036 1751 2072 Πατὴρ

961 2085 1008 2110 καὶ
1029 2083 1060 2110 τὸ
1084 2083 1195 2119 Πνεῦμα
1216 2083 1340 2119 μένουσιν
1365 2084 1396 2109 ἐν
1417 2082 1456 2118 τῷ
1478 2083 1552 2118 Υἱῷ,
1571 2082 1652 2118 ἢοΰ;
1670 2083 1749 2117 Φησὶ,

960 2127 1113 2157 Μὲνουσινζ
1125 2130 1155 2156 0i
1172 2127 1218 2156 οὖν
1234 2131 1262 2156 ἐν
1280 2129 1319 2165 τῷ
1338 2129 1396 2164 Υἱῷ
1412 2130 1547 2164 μένοντες,
1560 2130 1575 2156 6
1593 2129 1687 2165 Πατὴρ
1702 2130 1750 2156 καὶ
1767 2146 1770 2147 ν

960 2176 990 2202 τὸ
1007 2175 1129 2211 Πνεῦμα,
1141 2175 1188 2202 τοῦ
1202 2175 1268 2201 Υἱοῦ
1290 2175 1462 2206 καθίσαντος,
1477 2175 1582 2210 ἀνάγκη
1599 2175 1674 2202 πᾶσα
1688 2182 1751 2208 συγ-

118 2229 227 2256 quoque
252 2228 306 2248 una
321 2221 416 2248 sedere
430 2221 476 2256 qui
492 2229 554 2249 cum
569 2222 615 2249 illo
633 2227 761 2254 manent;
787 2228 817 2249 ut
841 2230 903 2258 ergo

972 2221 1096 2257 ιαθῆσθαι
1112 2220 1185 2256 αὐτῷ
1203 2221 1248 2247 καὶ¹
1261 2222 1286 2248 οἱ
1306 2221 1432 2256 μένοντες
1444 2222 1472 2248 ὲν
1485 2221 1572 2256 αὐτῷ·
1587 2220 1624 2252 ὡς
1636 2218 1682 2247 οὖν
1699 2221 1749 2247 κά-

120 2266 196 2293 sedet
221 2267 288 2301 ipse,
306 2266 343 2293 ita
374 2274 428 2293 una
453 2267 549 2294 sedent
568 2267 618 2295 illi.
632 2266 659 2294 Si
678 2264 769 2302 igitur
785 2268 843 2295 haec
865 2272 908 2295 est

119 2313 235 2340 histeria
256 2312 290 2340 de
304 2312 441 2340 Abraham
457 2317 484 2340 et
498 2312 558 2344 Lot.
577 2317 604 2341 et
629 2313 656 2340 in
673 2313 748 2340 Actis
771 2314 908 2348 apostolo-

121 2367 179 2385 rum
198 2359 330 2394 seriptum
342 2364 384 2386 est
398 2368 404 2386 :
417 2369 426 2385 ι
444 2360 477 2386 Ει
492 2359 562 2386 sedit
576 2367 659 2394 supra
676 2360 799 2394 singulos
813 2368 908 2388 eorum

121 2405 239 2440 Spiritus
252 2406 403 2438 sanctus“,
422 2416 430 2432 ι
443 2410 472 2432 ιιι
486 2410 513 2433 et
532 2407 558 2433 in
572 2405 680 2433 Psalmo
694 2406 794 2433 dicitur
809 2415 815 2432 :
835 2415 843 2431 ι
854 2405 909 2438 Qui

102 2475 105 2495 ί
121 2451 199 2478 sedes
213 2459 295 2486 super
309 2451 500 2481 cherubim“;
516 2461 524 2477 ι
543 2451 612 2479 Filio
636 2456 710 2479 certe
733 2452 836 2479 scimus
850 2452 908 2479 exi-

962 2267 1052 2303 θηται,
1067 2267 1114 2294 καὶ
1131 2267 1326 2302 συγκάθηνται.
1351 2268 1382 2294 Εἰ
1396 2265 1442 2294 οὖν
1461 2267 1528 2302 αὕτη
1551 2268 1624 2293 ἐστὶν
1635 2262 1750 2302 Δἱστορία

962 2313 1007 2339 ἐπὶ
1029 2313 1154 2348 ’Λϐραὰμ
1168 2313 1223 2348 (48)
1240 2314 1286 2340 καὶ
1301 2313 1372 2345 Λὼτ,
1387 2313 1434 2340 καὶ
1447 2314 1476 2339 ὲν
1491 2315 1550 2345 ταῖς
1567 2312 1684 2349 Πράξεσι
1696 2312 1749 2340 τῶν
1765 2307 1769 2310 ’

962 2359 1117 2386 ἀποστόλων
1137 2359 1307 2395 γέγραπται·
1322 2369 1332 2385 ι
1350 2360 1406 2386 Καὶ
1425 2359 1552 2387 ἐκάθισεν
1563 2360 1605 2394 ἐφ’
1617 2360 1664 2386 ἕνα
1683 2359 1749 2386 ἕκα-

964 2414 1024 2432 στον
1045 2405 1135 2432 αὐτῶν
1155 2405 1185 2432 τὸ
1205 2405 1318 2441 Πνεῦμα
1343 2406 1373 2432 τὸ
1400 2406 1492 2440 ἅγιον·
1516 2416 1526 2432 ι
1542 2406 1579 2438 ὡς
1599 2406 1646 2432 καὶ
1662 2406 1691 2432 ὲν
1710 2405 1750 2440 τῷ

963 2451 1062 2486 ψαλμῷ
1082 2451 1172 2485 λέγει’
1195 2461 1203 2476 ι
1228 2452 1257 2477 '0
1274 2452 1428 2487 καθήμενος
1451 2452 1498 2479 ἐπὶ
1518 2451 1664 2487 χερουΰίμ·
1683 2460 1693 2477 ι
1710 2450 1749 2486 τῷ
1765 2454 1771 2457 ·

156 2531 179 2545 ⁷⁹
194 2529 247 2566 Ιξξιἶ
263 2531 386 2562 νι,8-10.
424 2531 533 2559 “Joan.
552 2540 609 2563 xtl,
625 2532 720 2559 37-“.
758 2533 848 2559 “Act.
868 2541 901 2560 xx

986 2533 1038 2564 25.
1057 2532 1102 2560 26.
1141 2532 1274 2560 “Cenes.
1293 2541 1360 2560 xvm
1373 2554 1380 2566 ,
1398 2535 1423 2566 l,
1442 2511 1470 2566 9,
1483 2534 1527 2560 22.
1565 2533 1588 2549 ⁸³
1603 2532 1669 2560 Dan.
1686 2540 1747 2565 xm,

121 2565 165 2591 45.
204 2564 226 2579 ⁸⁸
237 2564 309 2602 {’sal.
328 2575 437 2600 Lxxvn,
455 2568 498 2594 65.
539 2568 562 2583 ⁸⁵
584 2567 667 2594 Zach.
687 2575 716 2599 ιι,
734 2568 777 2595 43.
815 2568 838 2583 “
857 2567 903 2596 Joa

972 2589 976 2600 ,
995 2570 1039 2596 55.

123 2607 221 2633 Lxxtx,
237 2599 264 2626 2.

158 2678 213 2714 (45)
234 2678 307 2710 Haec,
325 2679 372 2705 καὶ
395 2678 469 2708 εἶπα,
488 2687 575 2714 usque
595 2680 639 2710 ad,
660 2680 704 2706 τὸν
727 2679 791 2706 λαὸν
813 2680 906 2707 τοῦτον

123 2714 267 2750 inclusive,
284 2714 382 2750 desunt
405 2717 432 2741 in
449 2714 546 2750 Basil.,
570 2720 678 2749 propter
694 2715 903 2750 ὀμοιοτέλευτον.

123 2748 182 2786 ξιον
198 2749 286 2786 idem,
296 2749 531 2786 6x06217535.anqu
540 2748 784 2786 postJnglic'anuS
798 2755 825 2778 et
839 2752 904 2779 edit.

123 2783 212 2827 Paris:
227 2784 347 2827 (ἦλὲψειιτε,
365 2785 411 2825 alii
424 2783 550 2827 ﬁxed/nee.

159 2819 214 2854 (44)
235 2820 404 2851 Basiliensis,
418 2819 558 2846 ἀκούσετε.

161 2855 215 2890 (45)
235 2855 403 2889 Basiliensis,
431 2855 567 2890 ὥρμηται,
594 2854 694 2882 Ibidem
720 2857 788 2890 lucc,
818 2856 904 2890 Ὠφθη

1092 2568 1112 2583 ⁸⁷
1133 2567 1212 2596 Joan.
1225 2577 1280 2602 xiv,
1297 2570 1340 2596 10.
1378 2570 1400 2585 ⁸⁸
1419 2570 1480 2597 Act.
1499 2577 1529 2600 ιι,
1549 2568 1592 2596 15.
1630 2568 1652 2584 ⁸³
1673 2567 1746 2596 Psal.

960 2683 974 2708 6
991 2682 1057 2720 656g
1071 2683 1110 2720 τῷ
1133 2683 1267 2720 Ἀϐραάμ,
1280 2684 1378 2720 desunt
1394 2685 1420 2711 in
1434 2683 1592 2719 Anglicano.

996 2718 1051 2754 (46)
1071 2718 1243 2754 Βιιείιίεῐιειει,’
1256 2719 1414 2754 ἐξηγέρθην.

996 2746 1051 2789 (t7)
1072 2746 1441 2789 Basiliensis'et'V'aticanus,
1456 2754 1488 2780 Εἰ
1503 2754 1531 2780 δὲ
1544 2754 1568 2780 ὁ.

996 2755 1052 2823 (47;
1072 2755 1230 2782 Basiliensis
1243 2759 1269 2781 et
1282 2755 1441 2786 Vaticanus,
1456 2755 1488 2780 Et
1503 2755 1531 2780 δὲ
1544 2755 1568 2780 6.

996 2789 1041 2826 (48
1072 2788 1266 2826 lnﬁAnglicano
1282 2794 1308 2816 et
1323 2789 1414 2816 Felck.
1433 2798 1452 2821 ι,
1473 2789 1608 2826 Ἀϐραάμ,
1621 2796 1684 2818 cum
1701 2793 1746 2819 ιο-
1771 2806 1774 2808 -

960 2825 1016 2853 nui.
1034 2824 1063 2852 In
1082 2824 1144 2853 aliis
1160 2832 1222 2853 cum
1234 2824 1330 2858 denso.
1344 2829 1371 2853 et
1387 2825 1428 2854 sic
1443 2824 1560 2860 semper.
