1898 3053
123 145 160 172 n
693 145 721 172 s.
741 137 973 172 A'I‘IIANASIUS.
994 160 1029 165 -
1047 144 1162 172 DUBIA.
1712 141 1747 170 ts

123 205 194 232 simo
220 209 282 231 vota
305 209 360 237 tua,
383 209 409 233 et
435 205 532 232 invoca
546 213 589 233 me
610 205 638 232 in
661 205 705 233 die
721 199 903 232 tribulationis

976 205 1085 241 Υψίστῳ
1099 205 1148 236 τὰς
1162 204 1243 240 εὐχάς
1259 212 1315 236 σοι),
1331 204 1378 231 καὶ
1392 202 1552 230 ἑπικάλεσαί
1567 211 1599 238 με
1616 202 1644 229 ὲν
1656 202 1748 238 ἡμέρᾳ.

123 254 187 281 tute.
205 255 231 278 et
245 258 338 277 eruam
356 255 392 283 te,
407 254 433 278 et
459 251 652 279 bonorilicabis
672 259 716 278 me
724 251 744 278 ³.
761 261 770 278 ι
789 250 906 286 Spiritus

123 295 252 323 nimirum
268 300 320 327 est,
340 296 387 330 qui
401 296 466 323 dicit
485 306 491 323 ε
511 305 521 322 ι
536 296 636 324 Eruam
650 302 686 329 te,
696 301 723 325 et
742 296 907 324 honoriﬁca-

123 341 166 369 bis
183 350 234 370 me.
251 353 260 369 ι
277 343 302 370 ld
320 343 390 370 enim
406 347 489 378 patet,
507 344 571 379 quia
587 344 644 380 ipse
658 344 727 372 dixit
741 354 747 372 :
765 353 775 370 ι
795 344 907 372 Immola

122 386 189 415 Deo.
204 397 213 414 ι

140 443 170 479 9
193 443 233 471 15.
253 444 330 477 Quod
344 444 437 480 ubique
453 445 522 472 adsit
540 445 668 474 Trinitas.
690 462 726 468 —
741 446 780 474 De
798 446 889 473 Patre.

162 510 172 526 ι
190 501 295 529 Caelum
323 506 350 529 et
377 506 477 530 terram
503 511 554 538 ego
583 503 693 538 impleo,
717 503 785 531 dicit
816 502 909 530 Domi-

123 554 176 574 nus
190 546 211 574 ⁸.
224 556 234 572 )

419 594 460 621 Η.
474 593 512 621 De
527 593 608 621 Filio.

161 651 171 668 ι
189 641 241 675 Qui
257 641 391 673 ascendit,
416 641 439 669 is
458 645 510 673 est,
541 642 586 676 qui
610 641 752 669 descendit
777 640 810 668 ad
839 640 908 668 infe-

123 688 211 715 riores
225 692 314 723 partes
335 691 424 717 terrae.
439 691 467 714 ut
483 687 606 722 impleret
621 687 713 714 omnia
724 688 744 715 ⁸,
764 696 773 713 ι

404 732 448 759 15.
461 732 499 759 οε
513 731 627 766 Spiritu.

161 790 171 804 ι
187 778 246 812 Quo
269 778 342 806 iboa
359 779 460 814 Spiritu
482 782 540 811 tuo,
562 783 589 805 et
612 785 697 813 quoa
718 777 786 806 facie
807 783 853 805 tua
868 777 909 805 fu-

122 825 217 861 giam?
232 825 261 852 Si
277 825 427 853 ascendero
449 825 477 852 in
501 824 612 857 coelum,
636 830 665 851 lu
692 825 745 852 illic
758 833 788 852 es
802 834 807 851 :
822 825 843 852 si
861 824 908 852 de~

959 252 1074 287 Θλὶψεώς
1089 261 1136 278 σου
1146 261 1152 267 ·
1168 252 1214 278 καὶ
1228 250 1371 286 ὲξελοῦμαί
1383 250 1479 284 caput
1490 248 1611 282 δοξάσεις
1627 257 1670 284 με.
1691 258 1700 273 ι
1711 248 1748 274 Τδ

959 297 1071 332 Πνεῦμα
1091 295 1137 323 οὖν
1161 297 1218 322 ἐστι
1235 295 1302 331 (55),
1326 296 1357 322 τὺ
1379 295 1472 322 εἱπόν-
1487 304 1497 320 ‹
1524 292 1681 328 Ἐξελοῦμαὶ
1707 301 1747 325 σε,

959 344 1005 369 καὶ
1026 343 1147 375 δοξάσεις
1176 352 1218 378 με.
1239 352 1248 368 ι
1267 342 1353 377 Δῆλον
1372 342 1424 374 ὅτι,
1443 341 1508 368 αὐτὸ
1523 341 1578 377 (56)
1598 340 1652 376 γὰρ
1675 338 1744 367 εἷπε.

951 396 971 416 ἰ
992 389 1077 416 Θῦσον
1090 389 1130 424 τῷ
1146 389 1215 424 Θεῷ,
1235 398 1244 414 ι

960 446 1003 473 15.
1022 447 1082 472 Ὅτι
1096 445 1221 480 πάρεστι
1235 444 1333 478 πάντη
1347 445 1366 478 ἡ
1385 444 1523 478 Τριάς.-
1533 443 1603 478 Περὶ
1618 444 1744 478 Πατρός.

998 512 1007 528 ι
1021 503 1075 530 Τὸν
1089 502 1202 538 οὐρανὸν
1217 502 1265 528 καὶ
1278 502 1328 537 τὴν
1343 503 1395 537 γῆν
1409 501 1463 535 ἐγὼ
1482 499 1589 537 ⁵ιιληρῶ,
1602 500 1676 535 λέγει
1689 500 1748 528 Κύ-

961 557 1026 584 ριος.
1045 557 1054 574 ι

1243 593 1284 620 14.
1300 593 1369 628 Περὶ
1388 592 1467 620 Υιοῦ.

996 650 1006 667 ι
1024 640 1052 667 '0
1068 639 1180 672 ἀναϐὰς,
1197 640 1277 672 αὑτός
1295 640 1352 666 tot:
1372 641 1417 666 καὶ
1434 641 1448 666 ὁ
1464 639 1586 672 καταϐὰς
1597 640 1637 672 εἰς
1649 639 1684 666 τὰ
1698 646 1749 667 κα-

959 685 1064 722 τώτερα
1082 686 1151 722 μέρη
1166 687 1215 722 τῆς
1228 686 1289 721 γῆς,
1306 686 1349 713 ἵνα
1364 686 1494 722 πληρώσῃ
1510 685 1545 713 τὰ
1565 686 1662 713 πάντα.
1682 695 1692 712 ι

1190 733 1233 760 15.
1252 732 1321 766 Περὶ
1336 733 1518 766 Πνεύμιιτος.

998 789 1006 805 ι
1025 779 1080 806 Ποῦ
1098 779 1222 815 πορευθῶ
1235 779 1289 806 ἀπὸ
1303 778 1349 804 τοῦ
1371 778 1529 813 Πνεύματός
1545 786 1602 808 σου,
1626 778 1673 803 καὶ
1694 776 1749 803 ἀπὸ

959 825 1006 852 τοῦ
1030 824 1175 860 προσώπου
1194 833 1240 850 σου
1266 823 1316 850 ποῦ
1333 823 1428 858 eti-fw;
1449 823 1511 849 Ἐὰν
1529 822 1620 849 ἁναῦῶ
1643 823 1682 854 εἰς
1702 822 1749 848 τὸν

123 870 256 899 scendero
271 870 298 898 in
323 870 469 902 infernum,
500 870 565 898 ades
576 870 596 897 °.
613 880 622 896 ι
650 871 729 897 Aliud
747 880 776 898 ι(
791 870 847 898 Vos
863 878 903 898 co-

975 871 1082 906 ὺρανὸν,
1093 870 1124 896 σὺ
1137 871 1194 896 ἐκεῖ
1206 867 1244 896 εἷ·
1260 869 1308 896 ἐὰν
1321 868 1432 896 καταϐῶ
1443 868 1481 899 εἰς
1489 869 1533 894 τὸν
1544 867 1619 903 ᾅδην,
1631 868 1721 902 πάρει.
1736 876 1746 892 ι

122 917 254 953 gnoscitis
270 917 357 949 illum,
373 921 400 945 et
415 917 486 952 apud
501 925 549 945 vos
574 917 697 944 manet".
716 926 725 943 ι
743 917 775 944 Ει
797 918 883 946 Isaias
900 928 907 945 :

126 971 135 988 ι
155 961 206 995 Qui
232 962 349 989 ﬁrmavit
367 962 466 989 coelum
481 965 507 989 et
519 965 632 994 terram,
644 966 671 990 et
686 962 732 989 dat
749 962 843 989 [latum
861 971 908 998 po-

122 1009 198 1044 pulo,
213 1009 259 1043 qui
278 1008 304 1035 in
324 1016 357 1035 ca
371 1012 422 1040 est,
441 1012 468 1035 et
483 1008 612 1042 spiritum
637 1009 671 1035 iis
689 1008 736 1042 qui
754 1009 861 1036 calcant
879 1009 912 1035 il-

123 1055 176 1081 lam
187 1054 207 1081 ⁸.
224 1063 233 1080 ι
251 1053 282 1080 Et
295 1053 360 1080 illud
378 1063 384 1080 :
403 1063 412 1079 ι
427 1053 547 1088 Spiritus
563 1053 671 1081 Domini
687 1054 801 1089 replevit
817 1055 910 1082 orbem

121 1104 257 1127 terrarum
277 1100 297 1126 '.
313 1109 322 1125 ›
349 1097 382 1126 Et
400 1107 407 1126 :
433 1108 442 1124 ι
459 1099 577 1134 Spiritus
595 1107 673 1128 meus
698 1104 753 1127 stat
779 1100 805 1127 in
822 1101 910 1127 medio

122 1151 241 1172 vestrum
256 1145 288 1170 ὀ.
304 1154 313 1170 ι
333 1144 424 1176 Vides,
439 1149 469 1171 ut
486 1144 605 1180 Spiritus
624 1149 686 1172 ante
701 1144 808 1173 Patrem
827 1153 911 1181 pona-

122 1190 186 1216 tur?

229 1235 273 1262 l6.
293 1234 368 1268 Quod
385 1244 458 1263 nemo
474 1241 613 1271 cognoscat
633 1236 801 1263 Trinitatem.

159 1279 229 1306 Dicit
245 1279 371 1308 Salvator
387 1290 394 1307 :
413 1291 422 1306 ι
437 1280 518 1309 Pater
540 1285 644 1314 sancte,
669 1282 788 1310 mundus
804 1286 830 1309 te
855 1289 910 1310 non

122 1326 260 1360 cognovit,
275 1333 325 1361 ego
342 1331 431 1354 autem
445 1328 508 1354 novi
526 1331 551 1354 te
566 1328 597 1356 “.
615 1337 624 1354 ο
645 1327 680 1355 De
696 1327 763 1355 Filio
780 1329 806 1354 in
821 1327 911 1355 Evan-

122 1372 214 1407 gelio:
245 1381 254 1397 ι
280 1372 310 1399 In
329 1373 432 1399 mundo
462 1377 531 1404 erat,
560 1377 587 1400 et
609 1374 727 1401 mundus
748 1382 796 1409 per
821 1375 910 1409 ipsum

124 1417 213 1444 tactus
223 1422 275 1449 est,
285 1423 311 1445 et
326 1418 444 1445 mundus
454 1427 515 1445 eum
527 1427 579 1446 non
595 1420 721 1454 cognovit
731 1420 763 1446 “.
781 1429 790 1444 ι
802 1419 839 1446 De
850 1419 912 1454 Spi-

122 1463 178 1490 ritu
195 1471 202 1489 :
223 1473 232 1489 ι
255 1463 339 1496 Quem
362 1465 480 1492 mundus
498 1472 554 1492 non
576 1469 667 1500 potest
684 1466 818 1500 accipere,
840 1473 910 1500 quo-

123 1509 196 1536 niam
211 1517 273 1537 eum
287 1518 340 1537 non
353 1511 476 1546 agnoscit
488 1511 519 1537 ’³.
532 1521 541 1537 ι

123 1567 166 1595 I7.
183 1568 260 1601 Quod
286 1569 311 1595 in
334 1569 418 1596 Veteri
431 1578 530 1605 quoque
545 1570 711 1597 Testamento
729 1570 847 1597 Trinitas
861 1578 908 1604 pe-

218 1604 345 1630 culiarem
367 1613 443 1631 suam
463 1607 637 1639 operationem
652 1606 810 1632 exhibuerit.

162 1657 172 1674 ‹
193 1647 286 1682 Sume,
305 1659 314 1674 ι
338 1649 436 1684 inquit,
466 1659 476 1676 ι
497 1651 657 1686 sanguinem
676 1650 849 1682 initiationis,
882 1653 909 1676 et

123 1693 232 1729 impone.
243 1695 432 1723 sacerdotibus
446 1697 473 1723 in
487 1697 644 1724 summitate
655 1697 785 1724 auricula:
797 1696 907 1728 dextrae,

122 1743 150 1766 et
174 1739 203 1766 in
227 1740 383 1768 summitate
410 1741 486 1775 pedis
511 1741 617 1775 dextri,
639 1745 666 1769 et
693 1742 722 1769 in
752 1741 909 1769 summitate

123 1784 225 1812 dextrae
256 1793 354 1813 manus
383 1786 414 1812 η.
434 1795 443 1811 ι
470 1786 502 1812 Ει
533 1787 722 1814 animadverte
751 1789 834 1820 caput
860 1793 909 1820 po-

123 1832 180 1867 puli
201 1833 281 1858 tertio
303 1832 486 1866 obsignatum,
505 1832 538 1858 ad
567 1832 683 1858 formam
706 1831 842 1866 seraphim
869 1831 909 1857 di-

123 1878 242 1905 centium
265 1886 271 1904 :
291 1886 300 1903 ι
320 1877 447 1909 Sanctus,
479 1882 610 1910 sanctus,
639 1882 749 1905 sanctus
779 1876 910 1903 Dominus

124 1922 243 1949 Sabaoth
266 1922 288 1938 “
310 1932 344 1950 ι)
372 1927 398 1950 et
426 1923 459 1949 ad
476 1922 591 1950 formam
614 1923 706 1956 lintei,
737 1923 809 1958 quod
830 1921 910 1948 Petro

122 1969 216 2005 Joppze
233 1970 359 2005 apparuit
384 1978 399 1997 e
415 1970 485 1997 caalo
510 1970 657 1998 demissum
673 1989 681 2003 ,
708 1978 741 1997 eo
768 1969 841 2005 quod
869 1973 911 1996 tcr

111 2015 271 2043 demissum
300 2016 335 2043 sit
355 2015 386 2042 ιθ.
403 2015 436 2042 Et
456 2024 517 2043 cum
538 2015 668 2042 Dominus
693 2015 835 2050 imperavit
852 2013 910 2041 Mo-

124 2062 158 2094 si,
185 2065 214 2088 ut
237 2061 339 2089 diceret
364 2061 464 2089 Aaroni
488 2066 515 2089 et
543 2062 604 2089 [iliis
628 2061 711 2096 ejus:
740 2070 750 2086 ι
769 2061 807 2088 Ita
829 2061 912 2088 bene-

123 2109 219 2136 dicetis
235 2109 297 2136 ﬁliis
312 2109 405 2141 Israel,
427 2109 548 2136 dicentes
566 2109 629 2136 illis.
651 2109 683 2136 Et
706 2109 845 2143 imponent
861 2116 911 2135 no-

124 2162 186 2182 men
208 2162 298 2182 meutn
312 2155 374 2182 {iliis
388 2156 481 2187 Israel,
500 2160 527 2182 et
541 2163 592 2190 ego
606 2155 738 2182 Dominus
750 2153 910 2181 benedicam

125 2199 188 2227 illis.
202 2200 348 2227 Benedich
362 2201 410 2227 tibi
427 2200 570 2232 Dominus,
584 2205 611 2227 et
624 2200 743 2227 servabit
760 2203 803 2226 te:
819 2202 911 2225 osten-

124 2245 170 2272 det
185 2245 283 2272 [δι-ἰείη
303 2253 379 2273 suam
404 2253 485 2280 super
500 2251 538 2277 te,
562 2250 588 2273 et
602 2246 775 2273 miserebitur
789 2245 838 2273 tui.
858 2245 906 2271 At-
924 2238 946 2264 ι)

123 2291 200 2318 tollat
223 2290 355 2318 Dominus
370 2291 465 2318 faciem
491 2299 568 2318 suam
589 2299 670 2326 super
684 2296 721 2324 te,
748 2295 776 2320 et
797 2293 842 2320 det
858 2293 905 2320 tibi

123 2343 217 2370 pacem
231 2336 262 2362 ³⁷.
275 2345 284 2362 ι
300 2335 332 2362 Ει
350 2336 377 2362 in
393 2335 469 2363 Novo
482 2336 655 2365 Testamento
672 2338 764 2365 itidem
777 2338 810 2365 de
826 2338 907 2366 Patre

125 2382 246 2416 loquitur
270 2381 372 2409 Paulus
391 2390 397 2407 :
414 2392 422 2407 ι
442 2381 513 2409 Deus
528 2388 618 2410 autem
634 2387 686 2415 est,
716 2385 764 2419 qui
779 2389 908 2420 operatur

123 2428 214 2454 omnia
228 2428 256 2454 in
270 2429 397 2456 omnibus
411 2429 442 2455 η’.
456 2439 464 2455 ›
477 2430 514 2457 De
525 2429 708 2466 Filioquoquc
721 2431 792 2458 idem
808 2439 813 2456 :
833 2442 842 2457 ς
854 2432 908 2459 Sed

123 2473 214 2499 omnia
237 2477 264 2500 et
291 2474 319 2501 in
341 2475 469 2503 omnibus
495 2473 619 2506 Christus
643 2477 675 2504 ¹⁹.
696 2487 704 2503 ι
739 2477 777 2505 De
803 2478 905 2512 Spiritu

119 2547 133 2586 ’ί
154 2549 170 2586 *³
188 2548 262 2576 Psal.
277 2558 358 2583 κως,
376 2551 426 2583 Η,
444 2551 486 2578 I5.
527 2552 536 2568 ’⁵
555 2552 610 2579 Jer.
629 2562 714 2586 χχιιι,
731 2554 776 2581 24.

124 2583 207 2624 ilia.
226 2593 294 2624 35L",
312 2586 338 2612 5.
370 2587 402 2624 ’ξ’
423 2586 531 2624 Sapor,
548 2587 574 2615 'l.
624 2590 646 2604 ¹⁰
665 2583 733 2624 Agg.
756 2594 792 2622 II,
810 2589 836 2618 6.

125 2655 239 2687 1H,“.

158 2746 214 2782 (5b)
234 2745 307 2782 litec,
324 2745 355 2772 τὸ
366 2746 477 2781 Πνεῦμα.
489 2745 535 2773 οὖν
553 2749 620 2780 ἐστι,
633 2752 698 2779 etc.,
712 2755 798 2782 usque
814 2748 847 2774 ad
858 2747 889 2782 δῆ

122 2781 168 2810 λον
179 2782 230 2812 ὃτι,
245 2781 357 2818 deerant
377 2781 404 2807 in
419 2783 493 2818 editi
504 2783 634 2809 Commel.
650 2788 676 2818 et
696 2784 723 2810 in
742 2781 906 2818 quibusdam

122 2825 204 2845 mss..
220 2816 266 2843 sed
284 2816 411 2850 leguntur
429 2817 455 2843 in
473 2815 560 2843 Vatic.
576 2821 602 2844 et
620 2818 648 2843 in
664 2817 746 2845 Basil.

159 2851 214 2887 (56)
235 2851 279 2879 Sic
292 2850 440 2878 Vaticanus
454 2855 481 2879 et
494 2852 599 2885 Anglic.
613 2851 709 2880 Czcteri
721 2860 796 2886 vero,
814 2852 904 2884 αὐτὸς.

822 2555 832 2571 ⁸
852 2554 951 2590 Eplies.
973 2563 1009 2585 Iv.
1029 2555 1073 2581 10.
1123 2555 1132 2570 ⁸
1151 2554 1176 2580 P:

822 2591 836 2618 ἱ.
901 2592 920 2605 “
942 2590 1019 2618 Joan.
1039 2597 1112 2621 xvn,
1129 2590 1176 2616 25.

125 2619 146 2635 ¹⁸
166 2619 251 2658 Exod.
269 2629 351 2654 uix.
367 2621 412 2650 20.
452 2619 472 2638 ⁸⁵
492 2622 543 2650 lsa.
562 2631 604 2655 vt,
621 2624 648 2651 3.
689 2619 721 2640 "“V
730 2619 791 2652 Act.
813 2634 846 2657 ι,
863 2625 890 2658 5,

992 2626 1012 2640 ¹⁷
1033 2619 1113 2652 Num.
1131 2633 1169 2657 γι,
1186 2624 1280 2651 22-26.

964 915 1045 942 Ἀλλο
1053 915 1109 950 (57)
1118 923 1124 930 ’
1138 925 1146 940 ι
1159 915 1253 950 Ὑμεῖς
1262 914 1290 941 δὲ
1300 913 1446 948 γινώσκετε
1455 913 1546 944 αὐτὸν,
1554 913 1600 939 καὶ
1611 913 1674 947 παρ’
1684 912 1750 946 ὑμῖν

963 961 1049 997 μένει.
1066 971 1074 987 ι
1090 961 1144 988 Καὶ
1159 962 1172 987 ὁ
1194 961 1306 991 Ἡσαΐας
1316 969 1323 975 ·
1342 969 1351 986 ι
1363 960 1391 986 '0
1409 958 1563 994 στερεῶς-ας
1578 958 1622 985 τὸν
1637 958 1749 993 οὐρανὸν

961 1009 1008 1035 καὶ
1030 1008 1078 1044 τὴν
1091 1008 1153 1043 γῆν,
1171 1008 1219 1034 καὶ
1241 1007 1329 1038 διδοὺς
1343 1006 1427 1042 πνοὴν
1448 1005 1486 1041 τῷ
1502 1005 1567 1040 λαῷ,
1585 1004 1623 1039 τῷ
1644 1005 1686 1030 ἐπ’
1700 1004 1750 1030 αὑ-

960 1055 1020 1090 τῆς,
1045 1055 1062 1090 ἢ
1090 1056 1137 1081 καὶ
1165 1053 1273 1088 πνεῦμα
1299 1055 1356 1085 τοῖς
1381 1051 1510 1079 πατοῦσιν
1535 1052 1634 1085 αὑτήν·
1657 1060 1667 1076 ι
1690 1050 1747 1082 καὶ,

965 1111 973 1126 ι
990 1101 1101 1136 Πνεῦμα
1118 1101 1221 1137 Κυρίου
1237 1100 1402 1135 πεπλήρωκε
1416 1099 1465 1134 τὴν
1475 1097 1650 1133 οἰκουμένην·
1664 1106 1672 1122 ι
1691 1097 1748 1128 καὶ,

965 1155 974 1170 ι
994 1145 1106 1180 Πνεῦμά
1125 1153 1175 1180 μου
1192 1145 1306 1179 ἕστηκεν
1322 1146 1350 1171 ἐν
1367 1144 1440 1179 μέσῳ
1456 1143 1544 1179 ὑμῶν.
1561 1153 1570 1168 ι
1594 1142 1674 1178 Ὁρᾷς
1690 1141 1749 1172 πῶς

960 1190 991 1217 τὸ
1005 1190 1117 1226 Πνεῦμα
1136 1191 1315 1226 προτάττεται
1334 1190 1380 1216 τοῦ
1395 1190 1501 1225 Πατρός
1514 1198 1521 1222 ;

1060 1237 1103 1264 16.
1120 1237 1178 1264 ’Ότι
1192 1237 1292 1269 οὐδεὶς
1309 1236 1444 1271 γινώσκει
1461 1235 1518 1270 τὴν
1534 1234 1648 1269 Τριάδα.

996 1283 1079 1318 Λέγει
1095 1284 1109 1310 ὁ
1135 1284 1248 1319 Σωτήρθ
1267 1291 1276 1308 ι
1297 1283 1387 1318 Πάτερ
1418 1282 1490 1316 ἆγιε,
1522 1282 1623 1317 κόσμος
1650 1289 1679 1306 σε
1700 1280 1750 1306 οὐκ

961 1331 1045 1365 ἔγνω·
1060 1329 1115 1364 ἐγὼ
1130 1329 1158 1357 δέ
1173 1339 1202 1356 σε
1217 1330 1310 1364 ἔγνων.
1324 1339 1333 1355 ›
1345 1329 1411 1365 Περὶ
1425 1329 1471 1355 τοῦ
1488 1328 1552 1354 Υἱοῦ
1567 1329 1595 1354 ἐν
1608 1327 1646 1362 τῷ
1662 1327 1751 1361 Εὐαγ-

961 1377 1052 1412 γελίῳ“
1061 1386 1071 1402 ι
1082 1377 1126 1403 Ἑν
1139 1377 1177 1412 τῷ
1191 1377 1285 1411 κόςμῳ
1299 1374 1343 1412 ἦν,
1353 1376 1400 1403 καὶ
1412 1376 1426 1401 ὁ
1437 1375 1537 1410 κόσμος
1551 1373 1673 1401 διἀὺτοῦ
1687 1372 1750 1407 ἐγι-

961 1432 1032 1454 νετο,
1058 1423 1105 1450 ml.
1126 1424 1140 1450 ὁ
1159 1423 1260 1458 κόσμος
1285 1422 1366 1448 αὐτὴν
1398 1422 1448 1448 οὐκ
1473 1421 1551 1455 ἔγνω.
1574 1430 1582 1446 ι
1609 1420 1676 1454 Περὶ
1702 1418 1750 1446 τοῦ

963 1468 1120 1504 Πνεύματος
1130 1477 1136 1483 ·
1152 1477 1160 1493 ι
1171 1470 1202 1494 Ὃ
1218 1469 1231 1494 ὁ
1245 1468 1346 1503 κόσμος
1365 1468 1394 1494 οὐ
1418 1467 1528 1494 δύναται
1550 1466 1650 1498 λαϐεῖν,
1663 1465 1703 1491 ὅτι
1719 1465 1749 1491 οὐ

963 1515 1092 1549 γινώσκει
1104 1515 1178 1542 αὑτό.
1194 1525 1202 1540 ι

963 1571 1006 1599 17.
1023 1572 1081 1598 ’Ότι
1098 1571 1147 1598 καὶ
1161 1571 1195 1597 ὲν
1206 1570 1243 1604 τῇ
1257 1570 1372 1602 Παιαιᾷ
1392 1571 1411 1603 ὴ
1432 1570 1515 1603 ποιὰς
1527 1569 1584 1603 τὴν·
1597 1569 1751 1605 ἐνέργειαν

1140 1606 1198 1641 τὴν
1214 1607 1292 1632 ἰδίαν
1309 1606 1364 1640 (58)
1382 1605 1579 1632 ἐνδείκνυται.

1001 1662 1010 1678 ‹
1028 1652 1112 1684 Λάϐε,
1134 1661 1144 1678 ι
1161 1653 1238 1687 φησὶ,
1258 1661 1266 1676 ι
1283 1651 1313 1677 τὸ
1329 1648 1397 1686 αἷμα
1423 1652 1471 1686 τῆς
1498 1649 1678 1683 τελειώσεως,
1703 1649 1752 1678 καὶ

964 1699 1056 1730 ἐπίθες
1074 1699 1121 1725 ἐπὶ
1135 1699 1197 1730 τοὺς
1218 1699 1308 1734 ἱερεῖς,
1333 1698 1378 1724 ἐπὶ
1403 1697 1432 1723 τὸ
1446 1697 1529 1732 ἄκρον
1549 1697 1596 1724 τοῦ
1616 1697 1684 1728 ὠτὸς
1702 1696 1750 1724 τοῦ

962 1744 1060 1778 δεξιοῦ,
1089 1745 1136 1772 καὶ
1151 1745 1197 1770 ἐπὶ
1220 1744 1250 1770 τὸ
1265 1744 1348 1778 ἄκρον
1365 1743 1411 1769 τοῦ
1428 1743 1506 1774 ποδὸς
1529 1742 1575 1769 τοῦ
1589 1742 1686 1775 δεξιοῦ,
1705 1743 1751 1769 καὶ

963 1792 1009 1818 ἐπὶ
1022 1791 1051 1818 τὸ
1064 1791 1148 1826 ἄκρον
1164 1791 1213 1826 τῆς
1224 1791 1313 1826 χειρὸς
1327 1790 1376 1825 τῆς
1386 1790 1484 1823 δεξιᾶς.
1502 1799 1510 1814 ι
1536 1789 1590 1815 Καὶ
1609 1788 1690 1824 βλέπε
1701 1789 1751 1824 τὴν

963 1836 1085 1872 κεφαλὴν
1111 1835 1160 1862 τοῦ
1174 1836 1238 1862 λαοῦ
1256 1835 1346 1871 τρίτον
1372 1834 1602 1871 σφραγιξομένην,
1623 1834 1693 1860 κατὰ
1706 1834 1750 1861 τὸν

963 1883 1047 1910 τύπον
1057 1882 1110 1909 τῶν
1123 1883 1248 1918 Σεραφὶμ
1266 1881 1320 1908 τῶν
1334 1881 1483 1916 λεγόντων·
1504 1891 1512 1906 ι
1532 1881 1635 1914 Ἄγιος,
1662 1881 1749 1914 ἅγιος,

963 1929 1041 1964 ἅγιος
1065 1929 1166 1964 Κύριος
1187 1928 1316 1955 Σαϐαώο·
1343 1938 1352 1954 ι
1373 1929 1421 1955 καὶ
1446 1928 1516 1955 κατὰ
1533 1928 1578 1954 τὸν
1603 1927 1687 1954 τύπον
1701 1927 1750 1962 τῆς

964 1975 1091 2008 σινδόνος,
1107 1976 1156 2011 τῆς
1169 1975 1297 2009 φανείσης
1316 1975 1410 2010 Πέτρῳ
1424 1976 1452 2001 ἐν
1473 1975 1577 2010 Ἰόππῃ,
1596 1974 1627 2000 ἐκ
1640 1974 1686 2001 τοῦ
1705 1973 1752 2000 οὐ·

966 2021 1046 2057 ρεινοῦ
1064 2020 1254 2056 χαλασθείσης,
1270 2020 1313 2047 διὰ
1330 2020 1360 2046 τὸ
1381 2020 1471 2055 τρίτον
1495 2019 1672 2055 χαλασῢῆναι.
1695 2018 1751 2046 Καὶ

964 2068 1007 2093 ὅτε
1022 2067 1114 2098 ὁΘεὸς
1130 2064 1190 2093 εἷπε
1208 2066 1247 2101 τῷ
1275 2067 1370 2093 Μωσεῖ
1392 2067 1478 2092 εἰπεῖν
1499 2065 1604 2101 ’Λαρὼν
1628 2065 1674 2092 καὶ
1695 2066 1751 2096 τοῖς

964 2112 1031 2144 υἱοῖς
1054 2110 1146 2143 αὑτοῦ,
1171 2111 1273 2145 λέγων·
1295 2120 1304 2136 ι
1323 2110 1414 2141 Οὕτως
1433 2110 1592 2145 εὐλογήσετε
1605 2110 1658 2144 (59)
1685 2110 1749 2141 τοὺς

964 2157 1038 2188 υἱοὺς
1061 2156 1177 2192 Ἰσραὴλ,
1203 2156 1327 2190 λέγοντες
1344 2156 1452 2187 αὐτοῖς’
1468 2156 1523 2182 Καὶ
1538 2155 1696 2190 ἐπιθήσουσι
1718 2155 1749 2181 τὸ

964 2203 1049 2238 ὄνομ-ἀ
1067 2211 1116 2237 μου
1133 2203 1179 2229 ἐπὶ
1194 2203 1254 2233 τοὺς
1273 2202 1346 2233 υἱοὺς
1364 2202 1481 2238 Ἰσραὴλ,
1510 2202 1555 2228 καὶ
1579 2201 1634 2236 ἐγὼ
1648 2201 1750 2236 Κύριος

960 2248 1099 2283 εὐλογήσω
1111 2247 1218 2279 αὐτούς.
1233 2247 1380 2282 Εὑλογήσει
1399 2255 1428 2273 σι
1443 2246 1554 2281 Κύριος,
1575 2246 1621 2272 καὶ
1637 2244 1750 2280 φυλάξει

958 2303 987 2321 σε
1000 2304 1006 2309 ·
1024 2295 1151 2329 ἐπιφανεῖ
1165 2294 1195 2320 τὸ
1213 2294 1356 2329 πρόσωπον
1370 2292 1451 2319 αὐτοῦ
1468 2293 1513 2319 ἐπὶ
1530 2292 1568 2323 σὲ,
1581 2292 1628 2318 καὶ
1642 2291 1749 2327 ἐλεήσει

960 2349 999 2368 σε,
1025 2341 1128 2376 Ἑπάρῃ
1152 2340 1253 2375 Κύριος
1273 2339 1303 2365 τὸ
1319 2340 1463 2374 πρόσωπον
1479 2337 1560 2366 αὐτοῦ
1585 2338 1630 2363 ἐπὶ
1647 2337 1688 2368 σὲ,
1701 2337 1749 2364 καὶ

960 2387 1014 2423 δῴη
1034 2396 1075 2414 σοι
1089 2387 1209 2422 εἰρήνην.
1231 2395 1242 2412 ι
1260 2386 1315 2412 Καὶ
1331 2386 1359 2412 ὲν
1371 2387 1404 2420 τῇ
1426 2385 1483 2420 Νέᾳ
1494 2385 1592 2419 ὁμοίως
1613 2384 1675 2419 περὶ
1692 2384 1750 2410 Πα-

961 2433 1024 2468 τρὸς
1040 2434 1053 2459 ὁ
1065 2431 1183 2463 Παῦλος·
1199 2441 1207 2457 ι
1219 2431 1247 2457 Ὀ
1258 2432 1286 2458 δὲ
1296 2431 1362 2462 Θεός
1375 2431 1449 2456 ἐστιν
1462 2432 1475 2456 ὁ
1486 2430 1602 2465 ἐνεργῶν
1614 2430 1648 2456 τὰ
1660 2429 1749 2456 πάντα

960 2481 988 2505 ἐν
1012 2479 1088 2505 πᾶσι.
1106 2489 1115 2504 ι
1138 2478 1204 2514 Περὶ
1227 2477 1275 2503 τοῦ
1299 2476 1364 2503 Υἱοῦ
1385 2478 1398 2502 ὁ
1424 2476 1522 2506 αὑτός·
1542 2475 1640 2502 ι’Ᾱλλὰ
1659 2475 1748 2502 πάντα

1123 2555 1132 2570 ⁸
1151 2554 1223 2581 Psal.
1243 2561 1383 2584 cxxxvm,
1401 2553 1425 2583 7,
1445 2553 1469 2579 8.
1525 2554 1533 2568 ⁷
1547 2552 1626 2580 Joan.
1644 2560 1700 2582 xw.
1719 2553 1746 2579 7.

1224 2591 1246 2605 ’³
1265 2589 1342 2616 Joan.
1362 2597 1388 2618 ι,
1409 2590 1448 2614 Η).
1500 2588 1608 2615 ³⁵]υιιιι.
1628 2595 1682 2617 xlv.
1702 2587 1746 2614 I7.

1321 2624 1341 2639 ⁸⁸
1362 2623 1449 2650 lCor.
1468 2630 1517 2653 xu,
1534 2625 1559 2650 6.
1600 2623 1620 2638 ”
1640 2622 1736 2649 Coloss

997 2746 1052 2782 (57)
1074 2746 1154 2782 fimo
1169 2746 1245 2773 abest
1262 2746 1295 2782 ab
1309 2746 1469 2782 Anglicano.

1007 2780 1051 2814 58)
1072 2781 1118 2807 Sic
1135 2780 1221 2816 Vatie.
1234 2785 1260 2807 et
1271 2781 1377 2816 Anglic.
1391 2781 1489 2809 Cameri
1503 2786 1531 2809 et
1544 2782 1620 2814 editi,
1633 2782 1746 2810 οικείαν.

1008 2817 1052 2850 59)
1073 2816 1146 2842 Edit.
1166 2814 1503 2851 Ουιιιιιιςιηὶὺλογήσητε.
1520 2816 1679 2851 Vaticanus,
1691 2817 1748 2845 An-

961 2850 1036 2885 ειη..
1051 2851 1134 2879 Basil.
1150 2855 1176 2878 ct
1189 2851 1255 2878 edit.
1268 2850 1368 2884 Paris.,
1380 2850 1541 2884 εὐλογήσετε
