1898 3053
113 141 143 169 5i

680 143 708 171 S.
730 143 963 171 ATHANASlUS.

1039 134 1168 173 ouum}
1218 139 1220 143 '
1355 139 1357 142 '
1680 131 1686 136 ’
1701 129 1750 174 ’δε

113 207 161 228 eos
183 199 300 236 Spiritus
320 199 384 229 Iesu
402 202 434 227 ³⁸.
450 211 459 227 ι
487 201 523 228 De
552 200 672 236 Spiritu:
693 212 701 226 ι
721 201 809 229 Nolite
830 210 898 229 conv

981 203 1058 229 υσίαν
1070 203 1136 238 (64),
1147 203 1295 238 ἐπειρῶντο
1309 203 1348 235 εἰς
1364 203 1412 239 τὴν
1425 203 1551 230 Βιθυνίαν
1567 204 1741 240 πορευθῆναι,

114 246 224 274 tristare
244 246 373 281 Spiritum
389 251 526 280 sanctum,
546 248 573 274 in
585 256 639 282 quo
654 248 754 283 signati
771 248 877 276 estis".
889 258 898 275 ι

115 291 214 319 Dicunt
234 292 363 324 haeretici,
379 294 528 321 secundum
547 294 671 321 ordinem
686 298 713 321 et
737 302 902 321 annumera-

114 338 217 365 tionem
241 338 391 366 consistere
413 338 553 366 deitatem.
576 338 814 374 Respondebimus
834 341 903 368 scri-

115 388 189 418 ptum
204 391 263 411 esse
277 394 283 410 :
307 394 317 410 ι
334 383 443 412 Primus
459 385 550 417 homo,
564 386 597 413 de
607 389 680 413 terra
696 390 841 418 terrenus;
859 395 902 414 se-

115 430 221 457 cundus
241 431 333 462 homo,
351 431 385 458 de
409 432 478 458 cmlo
498 432 618 460 caelestis
627 433 659 459 ³⁸.
682 442 691 458 )
716 432 747 458 Εί
770 441 900 460 rursum:

117 483 126 499 ε
138 474 259 502 Primum
268 476 498 510 dicitanimalcm,
513 482 608 511 postea
622 478 790 512 spiritualem
803 478 836 505 ".
852 487 860 502 ι
874 477 902 505 Si

115 521 198 555 igitur
217 523 305 557 primo
327 522 354 549 in
379 523 569 551 numeratione
595 524 739 558 subjicitur
753 525 900 556 secundus,

115 568 161 603 qui
177 573 268 596 autem
285 569 441 604 subjicitur,
467 578 499 597 eo
527 571 571 598 cui
597 571 744 606 subjicitur
763 571 791 598 in
808 579 904 599 nume-
926 564 929 565 ν

114 614 192 641 randi
222 615 337 646 ratione,
365 615 444 642 vilior
473 620 516 643 est
540 624 546 642 :
569 616 649 644 vilior
673 618 725 644 erit
751 618 902 645 secundum

115 664 234 687 vestram
250 661 420 691 sententiam
431 661 541 688 animali
557 662 719 697 spiritualis,
737 667 765 690 et
778 663 903 691 terrestri
932 664 934 667 '

115 705 226 732 homine
238 705 320 732 homo
335 707 465 734 cmlestis.
486 707 566 734 Aliud
584 707 798 744 (argumentum)
813 718 820 735 :
838 708 903 735 Nul-

116 751 159 778 lus
181 752 288 786 ignorat
310 752 479 787 Scripturam
508 754 650 781 nominare
669 754 754 782 Deum
776 755 902 786 Abrahaa.

117 797 200 825 Deum
218 798 303 831 lsaac,
315 803 343 826 et
356 799 440 827 Deum
455 799 549 828 Jacob.
563 801 642 828 Aliud
660 809 666 826 ε
682 801 783 828 Contra
795 809 843 829 eos
857 802 902 836 qui

115 846 197 873 tertio
213 846 272 873 loco
293 845 424 880 Spiritum
446 852 573 874 sanctum
596 848 779 875 constituunt.
801 848 903 876 Adver-

953 249 999 275 καὶ
1014 250 1063 276 οὐκ
1077 250 1167 276 εἴασεν
1182 250 1280 282 αὐτοὺς
1296 250 1326 276 τὸ
1341 250 1451 285 Πνεῦμα
1473 250 1567 284 Ἰησοῦ.
1584 260 1593 276 ›
1613 251 1679 287 Περὶ
1695 250 1742 277 τοῦ

952 295 1110 330 Πνεῦματος
1124 304 1130 309 ⁵
1148 305 1158 321 ι
1176 296 1221 332 Μὴ
1244 297 1351 323 λυπεῖτε
1375 296 1404 322 τὺ
1427 295 1539 331 Πνεῦμα
1560 297 1590 324 τὸ
1604 297 1690 331 ἅγιον,
1713 299 1742 324 ἐν

952 339 974 375 ᾧ
985 341 1196 377 ἐσφραγίσθητε.
1215 352 1224 367 ι
1254 342 1385 376 Λέγουσιν
1397 343 1421 368 οἰ
1434 343 1566 378 αἱρετικοὶ
1584 344 1653 370 κατὰ
1667 343 1743 376 τάξιν

953 388 999 414 καὶ
1022 387 1207 423 ὐπαρὶθμησιν
1233 388 1343 414 ἑστάναι
1365 387 1414 423 τὴν
1439 388 1563 425 θεθτητα.
1599 389 1741 424 Ἐροῦμεν,

951 433 992 459 ὅτι
1005 433 1174 468 γέγραπται·
1189 443 1198 459 ι
1210 434 1238 459 Ὀ
1249 433 1356 468 πρῶτος
1370 434 1512 470 ἄνθρωπος
1526 435 1557 462 ἐκ
1571 433 1622 470 γῆς
1637 435 1725 470 χοῖκός
1734 443 1741 450 ·

953 479 966 504 ὁ
979 478 1104 514 δεύτερος
1119 479 1261 514 ἅνθρωπος
1279 479 1307 511 ἐξ
1322 479 1436 515 οὐρανοῦ
1449 480 1463 505 6
1478 480 1647 516 ἐπουράνιος.
1664 473 1675 506 ί
1688 481 1743 507 Καὶ

953 523 1033 550 πάλιν
1043 532 1050 538 '
1068 534 1077 550 ι
1094 524 1203 560 Πρῶτόν
1220 533 1286 560 φησι
1302 524 1331 550 τὸ
1344 525 1468 560 ψυχικὸν,
1483 523 1542 552 εἶτα
1557 526 1587 553 τὺ
1595 535 1744 561 πλευματι-

953 569 1009 594 κόν.
1024 578 1032 594 ι
1043 569 1075 594 Εἰ
1090 569 1180 595 τοίνυν
1195 569 1234 604 τῷ
1249 569 1349 605 πρώτῳ
1364 569 1596 605 ὑπαριθμεῖταιτδ
1606 571 1742 607 δεύτερον,

953 614 1022 641 τὸδὲ
1047 614 1283 650 ὐπαριθμούμενον
1302 616 1463 652 ἀτιμότερον
1492 617 1550 642 ἐστι
1572 616 1619 643 τοῦ
1644 617 1712 652 πρὸς
1729 617 1744 643 ὂ

954 660 1010 695 ἔχει
1036 660 1084 696 τὴν
1110 661 1312 697 ὑπαρίθμησιν·
1340 662 1501 698 ἀτιμότερος
1527 663 1589 689 καθ’
1605 663 1677 698 ὑμᾶς
1695 663 1743 689 τοῦ

953 704 1069 740 ψυχικοῦ
1085 706 1100 731 ὁ
1114 706 1307 741 πνευματικὸς,
1319 706 1367 732 καὶ
1380 706 1426 732 τοῦ
1441 707 1531 742 χοϊκοῦ
1547 708 1561 733 ὁ
1574 708 1741 743 ἐπουράνιος.

956 751 1052 777 ’Λλλο-
1070 751 1164 783 υῦδεὶς
1182 752 1282 786 ἀγνοεῖ,
1302 752 1342 778 ὅτι
1364 752 1430 778 Θεὸν
1455 753 1591 788 Ἀϐραὰμ,
1615 753 1662 779 καὶ
1677 754 1744 781 Θεὸν

961 797 1062 828 Ἰσαὰκ,
1076 797 1122 823 καὶ
1134 797 1200 823 Θεὸν
1217 797 1323 830 Ἰακὼϐ,
1341 798 1446 834 καλεῖή
1461 799 1566 835 Γραφή.
1583 799 1678 826 Ἀλλο-
1695 800 1744 827 Διὰ

954 843 1016 874 τοὺς
1042 843 1127 879 τρίτῳ
1146 843 1219 878 τόπῳ
1244 844 1391 876 τάσσοντας
1416 845 1445 871 τὸ
1470 845 1580 880 Πνεῦμα
1606 846 1637 872 τὸ
1655 846 1742 880 ἅγιον.

115 896 192 920 satur
207 896 296 920 autem
318 893 371 919 illis
389 893 416 920 in
437 892 527 920 Veteri
550 893 726 921 Testamento
741 895 788 921 ubi
813 895 902 930 loqui-

981 889 1144 924 ιντιστρέφει
1158 889 1248 921 αὐτοῖς
1259 891 1286 915 ἑν
1299 891 1331 924 τῇ
1346 889 1452 925 Παλαιᾷ.
1461 890 1592 926 Διαθήκῃ,
1611 891 1658 917 καὶ
1669 891 1744 924 λέγει

115 941 161 964 tur
183 938 255 973 (cum
274 938 300 964 in
316 938 454 974 Babylone
481 939 679 967 exterminatus
701 939 798 968 fuisset
817 948 903 976 popu-

115 982 170 1017 lus)
186 982 228 1010 his
239 983 345 1010 verbis:
363 993 371 1008 ι
386 983 419 1010 Et
432 984 598 1011 recordabor
610 986 766 1012 testamenti
779 986 831 1013 mei
840 993 902 1012 cum

115 1027 210 1061 Jacob,
223 1033 250 1056 et
268 1031 424 1057 testamenti
444 1031 495 1057 mei
521 1038 582 1057 cum
603 1031 690 1064 Isaac,
706 1035 732 1058 et
747 1033 902 1059 testamenti

116 1074 167 1100 mei
193 1082 254 1101 cum
275 1074 411 1102 Abraham
424 1076 457 1102 ιο.
479 1085 488 1100 ι
500 1075 597 1102 Aliud:
613 1086 621 1102 ι
641 1075 792 1105 Divisiones
804 1078 904 1111 gratia-

116 1127 176 1146 rum
194 1123 269 1152 sunt,
292 1120 364 1148 idem
382 1125 471 1148 autem
491 1121 626 1156 Spiritus;
644 1127 671 1148 et
690 1122 839 1151 divisiones
853 1124 904 1150 mi-

116 1166 310 1193 nistrationum
326 1170 400 1198 sunt,
416 1167 487 1194 idem
503 1171 593 1195 autem
610 1167 760 1202 Dominus;
791 1172 818 1196 et
835 1169 905 1196 divi-

116 1211 208 1240 siones
225 1213 413 1247 operationum
432 1217 506 1246 sunt,
522 1214 593 1241 idem
606 1222 670 1241 vero
686 1214 766 1247 Deus,
779 1215 825 1249 qui
840 1222 903 1250 ope-

117 1261 193 1285 ratur
208 1259 299 1285 omnia
318 1259 344 1285 in
370 1259 498 1287 oumibus
513 1259 546 1286 “.
565 1269 574 1285 ι
596 1259 676 1286 Aliud
695 1269 700 1286 ε
723 1269 732 1285 ι
750 1260 809 1293 Quo
828 1261 872 1288 ibo
890 1269 904 1287 a

117 1304 213 1339 spiritu
230 1308 286 1335 tuo,
301 1308 328 1332 et
340 1313 394 1340 quo
408 1313 422 1331 a
437 1305 506 1333 facie
521 1311 565 1333 tua
579 1305 680 1341 fugiam
694 1307 736 1334 "7
752 1317 760 1333 ι

203 1393 247 1420 21.
267 1394 343 1427 Quod
364 1393 453 1421 Filius
475 1399 536 1422 ante
558 1394 668 1422 Patrem
691 1400 815 1429 ponatur.

153 1439 197 1465 Ait
213 1439 338 1467 Salvator
356 1449 362 1466 :
381 1449 390 1466 ι
407 1441 461 1475 Ego
482 1445 508 1468 et
526 1440 606 1468 Pater
621 1441 771 1471 veniemus,
787 1445 813 1467 et
829 1448 905 1468 man-

117 1485 221 1512 sionem
247 1486 318 1520 apud
350 1494 413 1514 eum
434 1487 610 1514 faciemus".
632 1497 641 1513 ι
655 1487 734 1514 Aliud
755 1497 761 1514 :
786 1486 862 1522 «Ego
879 1490 906 1514 et

117 1532 197 1560 Pater
212 1541 294 1560 unum
312 1541 407 1561 sumus
420 1534 453 1561 “.
467 1544 475 1560 ι
496 1533 614 1562 Rursum
628 1534 776 1569 Apostolus
790 1544 796 1560 :
815 1544 824 1559 ‹
837 1533 905 1560 Gra-

117 1579 154 1605 tia
179 1579 285 1606 Domini
305 1580 392 1607 nostri
417 1579 481 1607 Jesu
497 1580 608 1613 Christi,
622 1585 648 1608 et
659 1581 779 1608 charitas
800 1579 859 1612 Dei,

118 1626 332 1653 communicatio
351 1627 440 1654 sancti
468 1626 599 1662 Spiritus,
625 1635 687 1655 cum
708 1627 835 1654 omnibus
856 1634 904 1654 vo-

118 1672 160 1699 bis
171 1673 202 1699 ".
223 1682 232 1698 ι

120 1727 169 1762 ιι
189 1727 234 1754 22.
253 1728 384 1755 Adversus
403 1737 446 1755 eos
471 1729 515 1763 qui
549 1729 688 1755 discrimen
707 1734 806 1763 ponunt
825 1729 904 1760 inter,

153 1771 186 1798 ex
204 1771 269 1797 quo,
285 1768 326 1794 et,
345 1771 392 1797 per
406 1771 486 1798 quem
500 1772 507 1795 ;
523 1768 547 1790 et
564 1763 631 1790 illud
642 1783 650 1795 ,
667 1771 698 1790 ex
717 1771 780 1798 quo,
806 1763 884 1790 Patri
897 1783 904 1796 ,

155 1797 239 1830 illud,
260 1805 307 1833 per
324 1806 404 1833 quem
415 1818 421 1829 ,
439 1797 511 1824 Filio
527 1803 554 1824 ut
571 1799 656 1825 minus
675 1797 834 1825 attribuunt.

155 1855 311 1883 invenimus
329 1861 422 1883 contra
442 1856 470 1882 in
487 1855 653 1890 Scripturis,
670 1856 752 1883 etiam
769 1856 803 1884 de
826 1855 907 1884 Patre

120 1901 188 1934 dici,
200 1910 208 1925 ι
221 1909 268 1936 per
279 1909 359 1936 quem
372 1911 378 1928 :
393 1912 401 1927 ι
414 1906 441 1929 et
453 1901 486 1928 de
494 1900 573 1933 Filio,
588 1910 597 1924 ι
610 1909 643 1928 ex
657 1909 722 1936 quo,
736 1911 744 1926 ι
755 1905 781 1928 et
796 1901 829 1928 de
845 1902 907 1936 Spi-

121 1948 174 1974 ritu
203 1947 338 1975 similiter.
366 1947 404 1975 De
429 1946 510 1975 Patre
536 1947 686 1982 Apostolus
713 1947 750 1974 ait
765 1957 770 1974 :
785 1946 906 1974 «Fidelis

120 1993 208 2024 Deus,
226 2001 275 2028 per
298 2001 379 2028 quem
403 1994 491 2020 vocati
513 1994 582 2021 estis
607 1993 635 2020 in
662 1994 820 2021 societatem
846 1993 906 2020 Filii

119 2039 180 2073 ejus
195 2039 229 2066 "‘.
242 2049 252 2064 ›
269 2038 350 2066 Aliud
365 2048 390 2065 ει
401 2039 504 2066 Paulus
519 2039 659 2074 apostolus
671 2038 735 2066 Jesu
745 2038 847 2066 Christi
861 2047 908 2074 per

119 2084 287 2112 voluntatem
311 2084 359 2112 Dei
381 2084 414 2112 ⁸⁷.
428 2095 436 2110 ι
449 2084 555 2112 Rursus
569 2094 575 2112 :
588 2095 596 2110 ι
611 2084 703 2120 Itaque
721 2085 776 2120 jam
805 2092 859 2111 non
878 2093 908 2112 es

120 2137 235 2162 servus,
260 2128 307 2156 sed
334 2129 423 2160 tilius.
447 2130 520 2164 quod
541 2130 564 2157 si
588 2129 678 2162 ﬁlius,
700 2133 727 2157 et
751 2130 838 2157 hazres
861 2138 909 2164 per

121 2175 204 2202 Deum
221 2175 253 2202 ⁵⁸.
273 2185 281 2200 ι
296 2175 328 2201 Et
353 2175 418 2203 illud
439 2185 445 2203 :
465 2184 474 2202 ‹
494 2175 731 2208 Quemadmodum
759 2176 909 2204 resurrexit

877 1565 939 1607 etc

931 949 935 954 .
955 933 1008 967 (ὅτε
1019 933 1046 958 ἐν
1058 932 1197 959 Βαϐυλῶνι
1211 933 1339 969 ὲξώριστο
1353 934 1408 969 (65)
1422 935 1436 961 ὁ
1452 935 1538 969 λαὸς),
1553 935 1638 967 οὕτως
1653 934 1724 970 λέγει
1735 945 1742 952 ·

956 988 965 1003 ι
988 978 1043 1004 Kal
1059 978 1248 1014 μνησθήσομαι
1269 980 1319 1014 τῆς
1335 980 1466 1016 διαθήκης
1481 990 1530 1016 μου
1546 982 1594 1017 τῆς
1611 982 1678 1017 πρὸς
1694 982 1744 1008 Ἰα-

954 1024 1022 1056 κὼϐ,
1038 1025 1085 1050 καὶ
1108 1025 1157 1059 τῆς
1182 1025 1314 1061 διαθήκης
1340 1035 1389 1061 μου
1411 1027 1460 1061 τῆς
1479 1027 1547 1062 πρὸς
1571 1027 1671 1059 Ἰσαὰκ,
1698 1029 1744 1054 καὶ

953 1070 1002 1104 τῆς
1021 1070 1152 1105 διαθήκης
1167 1079 1217 1105 μου
1230 1071 1278 1106 τῆς
1291 1071 1358 1106 πρὸς
1371 1071 1504 1107 Ἀϐραάμ.
1517 1082 1525 1097 ι
1542 1072 1636 1099 Ἀλλο·
1651 1082 1659 1098 ι
1670 1074 1744 1100 Διαι-

956 1115 1044 1151 ρέσεις
1054 1115 1082 1142 δὲ
1100 1116 1276 1152 χαρισμάτων
1293 1118 1356 1149 εἰσὶ,
1376 1117 1406 1143 τὸ
1422 1118 1450 1144 δὲ
1465 1118 1531 1145 αὐτὸ
1553 1119 1680 1154 Πνεῦμα·
1697 1120 1745 1145 κα)¹

954 1162 1099 1198 διαιρέσεις
1114 1163 1168 1199 (66)
1187 1164 1328 1191 διακονιῶν
1345 1167 1422 1197 εἰσιν,
1447 1166 1460 1192 6
1482 1165 1510 1192 δὲ
1532 1166 1612 1197 αὐτὸς
1627 1165 1744 1201 Κύριος’

954 1209 999 1234 καὶ
1020 1209 1166 1243 διαιρέσεις
1180 1210 1373 1245 ἐνεργημάτων
1398 1211 1475 1243 εἰσὶν,
1494 1212 1508 1237 6
1526 1212 1554 1238 δὲ
1571 1211 1653 1243 αὐτὸς
1666 1211 1744 1243 Θεὸς,

954 1255 967 1279 6
992 1254 1111 1289 ἐνεργῶν
1137 1254 1172 1281 τὰ
1187 1256 1275 1281 πάντα
1303 1256 1332 1281 ὲν
1355 1257 1431 1282 πᾶσι.
1452 1265 1460 1281 ι
1486 1257 1541 1283 Καὶ
1567 1257 1645 1284 ἄλλο·
1662 1266 1671 1282 ι
1689 1255 1746 1283 Ποῦ

955 1300 1078 1334 πορευθῶ
1092 1301 1145 1327 ἀπὸ
1157 1300 1202 1327 τοῦ
1217 1302 1371 1336 πνεύματός
1391 1312 1447 1335 σου,
1465 1303 1512 1329 καὶ
1531 1303 1584 1330 ἀπὸ
1600 1303 1647 1330 τοῦ
1660 1312 1746 1339 προσ-

954 1344 1028 1371 ώπου
1048 1354 1094 1371 σου
1119 1347 1169 1372 ποῦ
1187 1347 1278 1381 φύγως
1295 1357 1304 1373 ι

1024 1392 1139 1419 21.Ὂτι
1158 1394 1349 1427 προτάττεται
1365 1395 1416 1422 τοῦ
1431 1395 1545 1429 Πατρὸς
1562 1397 1577 1422 ό
1598 1396 1663 1428 Υἱός

991 1438 1071 1472 Λέγει
1083 1439 1097 1465 ὁ
1110 1439 1219 1474 Σωτήρ·
1243 1449 1252 1465 ‹
1272 1440 1342 1475 Ἐγὼ
1362 1441 1408 1467 καὶ
1423 1443 1436 1468 ὀ
1454 1441 1547 1477 Πατὴρ
1570 1441 1745 1475 ἐλευσόμεθα,

956 1484 1008 1511 καὶ.
1021 1484 1182 1521 μσνὴττπαρ¹
1196 1485 1270 1522 αὺτῴ
1282 1488 1439 1522 ποιήσομεν.
1458 1497 1466 1513 ι
1485 1487 1581 1513 Ἀλλο·
1595 1497 1604 1511 ‹
1616 1486 1685 1521 Ἐγὼ
1699 1486 1748 1513 καὶ

956 1533 970 1557 6
986 1531 1081 1566 Πατὴρ
1097 1532 1126 1559 ἓν
1147 1533 1239 1567 ἐσμεν.
1261 1543 1270 1558 ι
1290 1534 1344 1560 Καὶ
1361 1534 1442 1560 πάλιν
1464 1535 1478 1560 6
1498 1533 1672 1564 Ἀπόστολος·
1693 1541 1702 1557 ί
1714 1531 1746 1558 Ἦ

956 1578 1034 1614 χάρις
1048 1578 1094 1605 τοῦ
1110 1579 1214 1614 Κυρίου
1230 1579 1307 1614 ἡμῶν
1324 1580 1410 1615 Ἰησοῦ
1421 1579 1549 1615 Χριστοῦ,
1559 1579 1606 1606 καὶ
1621 1580 1637 1614 ἡ
1653 1578 1747 1614 ἀγάπη

956 1624 1002 1650 τοῦ
1018 1624 1084 1651 Θεοῦ
1098 1624 1164 1659 (67),
1184 1625 1230 1651 καὶ
1262 1625 1388 1652 κοινωνία
1414 1625 1461 1652 τοῦ
1482 1626 1559 1660 ἁγίου
1576 1625 1745 1659 Πνεύματος,

958 1670 1026 1704 μετὰ
1044 1670 1152 1696 πάντων
1168 1669 1254 1705 ὑμῶν.
1269 1680 1277 1695 ι

956 1726 1000 1753 22.
1023 1727 1101 1760 Πρὸς
1112 1726 1183 1759 τοὺς
1197 1726 1342 1761 λέγοντας
1357 1727 1400 1759 τὸ,
1415 1726 1442 1760 ἐξ
1459 1725 1500 1757 οὗ,
1517 1727 1565 1761 καὶ
1582 1727 1616 1753 δι’
1632 1723 1672 1758 οὗ,
1689 1725 1748 1752 δια-

992 1759 1103 1797 φέρειν,
1121 1759 1335 1797 καὶρδιδὸνταςγ
1346 1763 1380 1788 τὸ
1392 1759 1461 1797 μὲν,
1482 1762 1512 1794 ἐξ
1531 1759 1573 1795 οὗ,
1586 1762 1626 1795 τῷ
1642 1761 1745 1795 Πατρὶ,

992 1793 1033 1823 τὸν
1044 1796 1087 1828 δὲ,
1102 1797 1135 1823 δι’
1153 1793 1195 1830 οὗ,
1213 1797 1252 1830 τῷ
1272 1793 1336 1830 Υὶῷ,
1352 1793 1541 1830 ὡς’ἔλαττὸν.

992 1854 1161 1889 Εὑρίσκομεν
1178 1854 1205 1881 δὲ
1226 1855 1259 1880 ὲκ
1277 1854 1330 1880 τῶν
1348 1855 1474 1890 Γραφῶν,
1499 1856 1540 1882 ὅτι
1569 1856 1617 1882 καὶ
1639 1857 1684 1883 ἐπὶ
1700 1856 1747 1883 τοῦ

959 1900 1064 1935 Πατρὺς
1081 1901 1189 1934 λέγεται
1202 1901 1242 1934 τὸ,
1259 1909 1268 1925 ι
1284 1900 1316 1926 δι’
1331 1898 1372 1931 οὗ,
1394 1910 1403 1926 ι
1427 1901 1473 1927 καὶ
1490 1902 1535 1928 ἐπὶ
1549 1902 1596 1928 τοῦ
1614 1902 1690 1933 Υὶοῦ,
1706 1903 1747 1934 τὸ,

963 1956 971 1972 ι
990 1946 1019 1980 ἐξ
1034 1944 1076 1980 οὗ,
1093 1957 1103 1973 ι
1123 1948 1169 1973 καὶ
1182 1946 1238 1982 (68)
1257 1948 1302 1973 ἐπὶ
1316 1947 1473 1983 Πνεῦματος
1490 1949 1598 1984 ὁμοίως.
1618 1949 1685 1985 Περὶ
1701 1949 1748 1976 τοῦ

959 1992 1065 2027 Πατρὺς
1080 1993 1094 2019 6
1115 1993 1276 2024 ’Λπὸστολος
1293 1993 1381 2029 λέγει·
1404 2004 1412 2019 ι
1434 1994 1532 2026 Πιστὸς
1547 1995 1560 2020 6
1574 1995 1650 2026 Θεὸς,
1671 1994 1703 2021 δι’
1719 1991 1749 2021 οὗ

959 2037 1092 2073 ἐκλήθητε
1115 2039 1155 2069 εἰς
1175 2039 1318 2065 κοινωνίαν
1348 2037 1394 2064 τοῦ
1412 2039 1477 2065 Υίοῦ
1501 2039 1595 2066 αὑτοῦ.
1619 2049 1628 2066 ι
1649 2039 1748 2065 Ἀλλο-

963 2093 970 2108 ι
990 2083 1093 2115 Παῦλος
1117 2084 1264 2116 ἀπόστολος
1287 2085 1374 2119 Ἰησοῦ
1393 2085 1512 2120 Χριστοῦ
1530 2085 1573 2112 διὰ
1597 2085 1749 2120 θελήματος

959 2130 1044 2156 Θεοῦ·
1067 2141 1075 2156 ι
1091 2131 1139 2157 καὶ
1159 2131 1257 2158 πάλιν
1279 2141 1288 2157 ι
1308 2132 1388 2158 Ὥστε
1413 2132 1504 2158 οὐκέτι
1522 2130 1547 2158 εἴ
1569 2132 1671 2164 δοῦλος,
1693 2131 1750 2158 ἀλλ’

960 2177 1017 2208 υἱός
1028 2185 1034 2191 “
1051 2178 1075 2203 εἰ
1089 2177 1118 2203 δὲ
1134 2177 1201 2209 υἱὸς,
1215 2178 1262 2203 καὶ
1278 2177 1445 2213 κληρονόμος
1461 2178 1504 2204 διὰ
1518 2177 1595 2204 Θεοῦ.
1614 2187 1623 2203 ι
1639 2177 1694 2203 Καὶ
1709 2176 1750 2208 τὸ,

120 2222 266 2254 Christus,
285 2230 332 2257 per
347 2222 462 2257 gloriam
478 2222 566 2250 Patris
582 2223 615 2250 ".
629 2232 638 2248 ›
650 2221 769 2250 Rursum
786 2230 847 2250 cum
863 2230 902 2258 ge-

995 2223 1099 2259 ’Ὠσπερ
1109 2223 1212 2258 ἠγέρθη
1226 2224 1344 2259 Χριστὸς
1355 2223 1398 2250 διὰ
1411 2223 1465 2258 (69)
1483 2224 1532 2258 τῆς
1543 2223 1622 2258 δόξης
1633 2222 1679 2248 τοῦ
1696 2222 1752 2249 Πα-

122 2269 227 2296 nuisset
249 2267 303 2294 Eva
323 2267 408 2298 Cain,
437 2268 504 2294 dixit
519 2278 524 2294 :
541 2276 550 2293 ι
565 2267 679 2295 Possedi
702 2268 839 2295 hominem
862 2275 911 2302 per

121 2313 205 2341 Deum
221 2314 254 2340 ⁸ο.
270 2324 278 2339 ι
289 2313 444 2348 lterumquc
458 2313 576 2348 Josepho
592 2313 619 2340 in
635 2321 744 2340 carcere
759 2321 849 2340 nonne
861 2321 909 2348 per

122 2359 206 2388 Deum
229 2362 291 2388 data
312 2365 354 2388 est
380 2360 567 2388 manifestatio
582 2360 624 2386 I“?
643 2359 681 2387 De
701 2358 769 2386 Filio
788 2368 821 2387 ex
844 2367 908 2395 pro-

157 2461 179 2476 "
200 2462 259 2489 Act.
278 2470 332 2493 xvi,
352 2463 382 2492 6,
401 2462 428 2488 7.
468 2461 489 2476 ³⁷
511 2461 611 2495 Ephes.
632 2469 668 2491 Iv,
684 2461 729 2487 30.
768 2460 790 2475 ³⁸
810 2462 819 2487 l
837 2459 901 2487 Cor.
918 2468 963 2492 xv,
981 2460 1026 2487 47.

122 2497 143 2512 ιι
166 2496 254 2524 lCor.
280 2505 317 2523 xu
332 2518 338 2529 ,
365 2498 422 2523 li-(i.
477 2497 499 2512 "
519 2496 593 2524 Psal.
618 2503 755 2527 cxxxvut,
775 2495 800 2522 7.

122 2532 145 2547 "
160 2532 168 2558 l
182 2531 246 2559 Cor.
260 2540 280 2558 ι.
295 2532 322 2559 9.
362 2532 382 2547 ⁵⁷
396 2531 405 2557 l
418 2532 482 2559 Cor.
498 2539 535 2564 iv,
552 2532 577 2558 l.

158 2620 215 2654 (64)
238 2619 283 2647 Sic
301 2620 458 2654 Vaticanus,
468 2621 550 2648 Basil.
568 2621 644 2655 Angl.
662 2625 689 2647 et
705 2620 816 2647 Graecus
833 2621 908 2647 Scri-

124 2660 210 2690 ptura:
223 2660 321 2683 textus.
338 2656 419 2686 Editi.
438 2657 466 2682 ἐν
480 2658 511 2690 τῇ
532 2657 633 2690 Μυσία.
647 2655 718 2685 Mox.
739 2655 824 2690 Ἰησοῦ
841 2656 908 2690 legi-

124 2697 168 2717 tur
184 2691 211 2716 in
227 2691 292 2717 edit.
319 2691 345 2717 in
369 2690 456 2717 Vatic.
474 2691 553 2725 Angl.
573 2696 600 2717 et
617 2691 688 2717 Felc.
703 2691 729 2716 ‘2.
751 2691 834 2718 Basil.
852 2691 912 2726 ejus

125 2727 184 2753 loco
199 2725 279 2753 habet
294 2726 340 2752 τοῦ
356 2726 432 2752 Θεοῦ.
448 2726 503 2752 ΙΙήι]
526 2726 617 2760 Angl.,
635 2726 749 2760 λυπῆτε.

163 2761 218 2797 (65)
238 2760 414 2797 Anglicanus,
430 2761 576 2797 ἐξόριστος.

162 2794 219 2832 (66)
229 2794 292 2832 διό
302 2796 459 2825 Vaticanus.
476 2794 560 2832 Boisil.)
574 2801 599 2823 et
612 2796 716 2832 Anglic.
738 2794 833 2823 Cmteri
848 2803 912 2822 vero

127 2838 153 2860 et
170 2831 246 2863 editi,
266 2838 310 2858 ut
326 2832 470 2866 οιαιρὲσεις
491 2831 530 2857 δέ.
554 2831 624 2862 Mox,
649 2831 728 2857 llasil.
747 2835 774 2858 et
792 2831 910 2864 Anglia,

126 2869 142 2896 ὁ
168 2866 197 2893 δὲ
223 2867 304 2899 αὐτὸς
322 2867 433 2901 Κύριος.
450 2866 547 2894 CtEttll’i
566 2872 592 2893 et
624 2866 698 2897 editi,
728 2867 772 2892 καὶ
795 2867 809 2892 ὁ
832 2866 911 2895 αὐτὸς

857 2495 879 2510 ⁸³
900 2495 977 2522 Joan.
996 2504 1052 2528 xiv,
1084 2496 1130 2524 2'5.

619 2530 640 2546 ⁵⁸
654 2530 742 2558 Galat.
758 2539 795 2563 tv,
810 2531 835 2558 7.
876 2531 899 2546 λ’

981 2547 993 2558 ι.
1010 2539 1047 2563 Vi,
1064 2532 1109 2559 40.
1149 2533 1171 2548 '°
1187 2531 1286 2560 Cenes.
1306 2541 1343 2563 ιν,
1363 2533 1389 2560 1.
1425 2534 1447 2549 ⁸¹
1464 2533 1563 2561 Genes.
1585 2541 1630 2568 ιι,
1652 2535 1679 2562 8.

962 2268 1035 2303 τρός.
1059 2278 1068 2294 ι
1088 2269 1143 2295 Καὶ
1163 2269 1255 2301 πάλιν,
1279 2270 1323 2295 ὅτε
1342 2270 1472 2305 ἐγεννήθη
1499 2269 1578 2300 Κάῖν,
1595 2268 1652 2295 Εὔα
1676 2268 1752 2303 εἰρή-

963 2323 1004 2340 κει
1018 2323 1024 2329 ”
1043 2323 1052 2339 ι
1079 2315 1253 2350 Ἐκτησάμην
1277 2315 1419 2351 ἄνθρωπον
1440 2315 1484 2341 διὰ
1503 2315 1550 2341 τοῦ
1572 2314 1650 2341 Θεοῦ.
1669 2325 1678 2340 ι
1697 2314 1752 2340 Καὶ

961 2360 1041 2387 πάλιν
1060 2360 1098 2395 τῷ
1129 2361 1227 2396 Ἰωσὴφ
1244 2362 1283 2392 είς
1298 2362 1347 2396 τὴν
1364 2361 1485 2396 φυλακὴν
1497 2361 1557 2396 οὐχὶ
1569 2361 1613 2387 διὰ.
1624 2361 1670 2387 τοῦ
1684 2360 1752 2387 Θεοῦ

1083 2461 1104 2476 ³³
1129 2460 1138 2487 Ι
1156 2462 1220 2488 Cor.
1238 2471 1273 2493 ιι,
1294 2463 1344 2494 14,
1365 2463 1407 2489 15.

1462 2463 1484 2478 ’⁸ο
1504 2463 1619 2490 Baruch.
1639 2471 1675 2496 ll,
1705 2464 1750 2491 54.

1186 2497 1208 2512 ⁸⁵
1221 2497 1298 2524 Joan.
1318 2506 1349 2529 x,
1367 2499 1411 2525 30.

1460 2498 1482 2514 ⁵⁸
1503 2498 1523 2524 ll
1539 2499 1601 2526 Cor.
1621 2507 1687 2532 xm,
1707 2499 1750 2526 l5.

962 2621 1074 2653 Κύριος.

1000 2631 1123 2692 (ﬁgi-Sic
1145 2657 1314 2691 Basiliensis,
1333 2657 1484 2685 Vaticanus
1498 2661 1525 2684 et
1544 2657 1656 2685 Gnaeus
1677 2657 1753 2684 Serio

966 2697 1052 2726 ptum:
1070 2697 1171 2720 textus.
1190 2693 1258 2720 Edili
1273 2698 1300 2721 et
1316 2694 1372 2724 alii.
1388 2693 1434 2720 τοῦ
1448 2693 1515 2719 Θεοῦ
1532 2694 1576 2719 καὶ
1592 2693 1706 2728 Πατρός.

1002 2727 1058 2762 (68)
1079 2727 1106 2754 1η
1128 2728 1194 2754 edit.
1217 2729 1303 2756 Paris.
1325 2729 1370 2755 καί
1385 2729 1532 2759 omittitur,
1551 2728 1598 2755 sed
1614 2727 1712 2763 legitur
1726 2728 1752 2754 in

967 2767 1025 2789 eaet.
1041 2763 1105 2789 edit.
1122 2768 1149 2790 et
1164 2771 1230 2791 mss.

1002 2797 1059 2831 (69)
1080 2798 1129 2825 Διά
1152 2799 1229 2826 deest
1246 2799 1272 2825 in
1295 2799 1361 2826 edit.
1376 2798 1520 2830 Commcl.,
1542 2798 1589 2826 sed
1609 2798 1708 2832 legitur
1723 2798 1751 2825 in

967 2833 1079 2868 reliquis
1089 2838 1115 2862 et
1131 2834 1158 2861 in
1174 2835 1352 2870 manuscript.
1371 2833 1458 2862 Vatic.
1474 2834 1557 2862 Dasil.
1573 2833 1679 2868 Anglic.
