  <div class='ocr_page' id='page_1' title='image "/cluster/home/n/w/nwhite01/storage/ocr_20150623/28/njp.32101007506148/033.png"; bbox 0 0 1898 3053; ppageno 0'>
   <div class='ocr_carea' id='block_1_1' title="bbox 124 160 159 188">
    <p class='ocr_par' dir='ltr' id='par_1_1' title="bbox 124 160 159 188">
     <span class='ocr_line' id='line_1_1' title="bbox 124 160 159 188; baseline 0 0"><span class='ocrx_word' id='word_1_1' title='bbox 124 160 159 188; x_wconf 80' lang='grc'><strong>55</strong></span> 
     </span>
    </p>
   </div>
   <div class='ocr_carea' id='block_1_2' title="bbox 696 159 984 188">
    <p class='ocr_par' dir='ltr' id='par_1_2' title="bbox 696 159 984 188">
     <span class='ocr_line' id='line_1_2' title="bbox 696 159 984 188; baseline 0.003 -1"><span class='ocrx_word' id='word_1_2' title='bbox 696 159 726 187; x_wconf 88' lang='lat' dir='ltr'><strong>S.</strong></span> <span class='ocrx_word' id='word_1_3' title='bbox 747 159 984 188; x_wconf 80' lang='lat' dir='ltr'><strong>ATIIANASIUS.</strong></span> 
     </span>
    </p>
   </div>
   <div class='ocr_carea' id='block_1_3' title="bbox 1007 160 1757 190">
    <p class='ocr_par' dir='ltr' id='par_1_3' title="bbox 1007 160 1757 190">
     <span class='ocr_line' id='line_1_3' title="bbox 1007 160 1757 190; baseline 0.004 -3"><span class='ocrx_word' id='word_1_4' title='bbox 1007 175 1034 181; x_wconf 94' lang='lat'><strong>—</strong></span> <span class='ocrx_word' id='word_1_5' title='bbox 1057 160 1170 188; x_wconf 76' lang='lat' dir='ltr'><strong>DUBIA.</strong></span> <span class='ocrx_word' id='word_1_6' title='bbox 1720 162 1757 190; x_wconf 80' lang='lat'><strong>56</strong></span> 
     </span>
    </p>
   </div>
   <div class='ocr_carea' id='block_1_4' title="bbox 124 215 903 254">
    <p class='ocr_par' dir='ltr' id='par_1_4' title="bbox 124 215 903 252">
     <span class='ocr_line' id='line_1_4' title="bbox 124 215 903 252; baseline -0.001 -7"><span class='ocrx_word' id='word_1_7' title='bbox 124 219 178 246; x_wconf 91' lang='lat' dir='ltr'><strong>ritu</strong></span> <span class='ocrx_word' id='word_1_8' title='bbox 204 217 252 244; x_wconf 90' lang='lat' dir='ltr'><strong>Dei</strong></span> <span class='ocrx_word' id='word_1_9' title='bbox 277 216 404 244; x_wconf 75' lang='lat' dir='ltr'><strong>diabolus</strong></span> <span class='ocrx_word' id='word_1_10' title='bbox 419 215 670 251; x_wconf 82' lang='lat' dir='ltr'><strong>comprimebatur:</strong></span> <span class='ocrx_word' id='word_1_11' title='bbox 688 216 722 243; x_wconf 90' lang='lat' dir='ltr'><strong>ad</strong></span> <span class='ocrx_word' id='word_1_12' title='bbox 738 217 903 252; x_wconf 66' lang='lat' dir='ltr'><strong>praesentiam</strong></span> 
     </span>
    </p>
   </div>
   <div class='ocr_carea' id='block_1_5' title="bbox 992 215 1759 254">
    <p class='ocr_par' dir='ltr' id='par_1_5' title="bbox 992 217 1759 254">
     <span class='ocr_line' id='line_1_5' title="bbox 992 217 1759 254; baseline -0.003 -9"><span class='ocrx_word' id='word_1_13' title='bbox 992 217 1105 253; x_wconf 72' lang='grc' dir='ltr'>νεύματι</span> <span class='ocrx_word' id='word_1_14' title='bbox 1118 218 1166 245; x_wconf 87' lang='grc' dir='ltr'><strong>τοῦ</strong></span> <span class='ocrx_word' id='word_1_15' title='bbox 1180 217 1247 245; x_wconf 86' lang='grc' dir='ltr'><strong>Θεοῦ</strong></span> <span class='ocrx_word' id='word_1_16' title='bbox 1267 217 1388 248; x_wconf 79' lang='grc' dir='ltr'>διάϐολος</span> <span class='ocrx_word' id='word_1_17' title='bbox 1410 217 1583 252; x_wconf 61' lang='grc' dir='ltr'>κατήργητψ</span> <span class='ocrx_word' id='word_1_18' title='bbox 1599 217 1759 254; x_wconf 82' lang='grc' dir='ltr'>συμπαρόν-</span> 
     </span>
    </p>
   </div>
   <div class='ocr_carea' id='block_1_6' title="bbox 124 262 912 300">
    <p class='ocr_par' dir='ltr' id='par_1_6' title="bbox 124 262 912 300">
     <span class='ocr_line' id='line_1_6' title="bbox 124 262 912 300; baseline -0.003 -8"><span class='ocrx_word' id='word_1_19' title='bbox 124 264 243 300; x_wconf 88' lang='lat' dir='ltr'><strong>Spiritus</strong></span> <span class='ocrx_word' id='word_1_20' title='bbox 253 283 260 296; x_wconf 83' lang='lat'>.</span> <span class='ocrx_word' id='word_1_21' title='bbox 280 267 454 299; x_wconf 78' lang='lat' dir='ltr'><strong>peccatorum</strong></span> <span class='ocrx_word' id='word_1_22' title='bbox 469 262 619 297; x_wconf 72' lang='lat' dir='ltr'><strong>redemptio</strong></span> <span class='ocrx_word' id='word_1_23' title='bbox 631 262 658 290; x_wconf 89' lang='lat' dir='ltr'><strong>in</strong></span> <span class='ocrx_word' id='word_1_24' title='bbox 671 263 758 298; x_wconf 77' lang='lat' dir='ltr'><strong>gratia</strong></span> <span class='ocrx_word' id='word_1_25' title='bbox 773 263 892 298; x_wconf 73' lang='lat' dir='ltr'><strong>Spiritus</strong></span> <span class='ocrx_word' id='word_1_26' title='bbox 905 273 912 290; x_wconf 92' lang='lat'><strong>:</strong></span> 
     </span>
    </p>
   </div>
   <div class='ocr_carea' id='block_1_7' title="bbox 126 308 914 341">
    <p class='ocr_par' dir='ltr' id='par_1_7' title="bbox 126 308 914 341">
     <span class='ocr_line' id='line_1_7' title="bbox 126 308 914 341; baseline 0 -5"><span class='ocrx_word' id='word_1_27' title='bbox 126 320 135 336; x_wconf 75' lang='grc' dir='ltr'><strong>ι</strong></span> <span class='ocrx_word' id='word_1_28' title='bbox 148 310 240 338; x_wconf 83' lang='lat' dir='ltr'><strong>Abluti</strong></span> <span class='ocrx_word' id='word_1_29' title='bbox 255 310 327 338; x_wconf 87' lang='lat' dir='ltr'><strong>enim</strong></span> <span class='ocrx_word' id='word_1_30' title='bbox 347 309 428 341; x_wconf 85' lang='lat' dir='ltr'><strong>estis,</strong></span> <span class='ocrx_word' id='word_1_31' title='bbox 448 312 475 336; x_wconf 88' lang='lat' dir='ltr'><strong>et</strong></span> <span class='ocrx_word' id='word_1_32' title='bbox 498 308 662 336; x_wconf 83' lang='lat' dir='ltr'><strong>sanctificati</strong></span> <span class='ocrx_word' id='word_1_33' title='bbox 677 309 744 336; x_wconf 88' lang='lat' dir='ltr'><strong>estis</strong></span> <span class='ocrx_word' id='word_1_34' title='bbox 760 309 787 336; x_wconf 91' lang='lat' dir='ltr'><strong>in</strong></span> <span class='ocrx_word' id='word_1_35' title='bbox 803 310 914 336; x_wconf 84' lang='lat' dir='ltr'><strong>nomine</strong></span> 
     </span>
    </p>
   </div>
   <div class='ocr_carea' id='block_1_8' title="bbox 124 355 910 392">
    <p class='ocr_par' dir='ltr' id='par_1_8' title="bbox 124 355 910 392">
     <span class='ocr_line' id='line_1_8' title="bbox 124 355 910 392; baseline -0.003 -8"><span class='ocrx_word' id='word_1_36' title='bbox 124 357 231 384; x_wconf 90' lang='lat' dir='ltr'><strong>Domini</strong></span> <span class='ocrx_word' id='word_1_37' title='bbox 247 357 331 384; x_wconf 83' lang='lat' dir='ltr'><strong>nostri</strong></span> <span class='ocrx_word' id='word_1_38' title='bbox 344 355 408 384; x_wconf 73' lang='lat' dir='ltr'><strong>Jesu</strong></span> <span class='ocrx_word' id='word_1_39' title='bbox 422 356 544 387; x_wconf 87' lang='lat' dir='ltr'><strong>Christi,</strong></span> <span class='ocrx_word' id='word_1_40' title='bbox 556 360 584 383; x_wconf 88' lang='lat' dir='ltr'><strong>et</strong></span> <span class='ocrx_word' id='word_1_41' title='bbox 595 356 622 384; x_wconf 90' lang='lat' dir='ltr'><strong>in</strong></span> <span class='ocrx_word' id='word_1_42' title='bbox 635 356 740 392; x_wconf 86' lang='lat' dir='ltr'><strong>Spiritu</strong></span> <span class='ocrx_word' id='word_1_43' title='bbox 751 360 847 384; x_wconf 87' lang='lat' dir='ltr'><strong>sancto</strong></span> <span class='ocrx_word' id='word_1_44' title='bbox 861 357 910 383; x_wconf 74' lang='grc'><strong>⁸⁸.»</strong></span> 
     </span>
    </p>
   </div>
   <div class='ocr_carea' id='block_1_9' title="bbox 122 400 914 437">
    <p class='ocr_par' dir='ltr' id='par_1_9' title="bbox 122 400 914 437">
     <span class='ocr_line' id='line_1_9' title="bbox 122 400 914 437; baseline 0 -9"><span class='ocrx_word' id='word_1_45' title='bbox 122 400 162 428; x_wconf 80' lang='lat' dir='ltr'><strong>Ex</strong></span> <span class='ocrx_word' id='word_1_46' title='bbox 178 402 294 428; x_wconf 88' lang='lat' dir='ltr'><strong>mortuis</strong></span> <span class='ocrx_word' id='word_1_47' title='bbox 308 402 484 431; x_wconf 84' lang='lat' dir='ltr'><strong>resurrectio.</strong></span> <span class='ocrx_word' id='word_1_48' title='bbox 497 401 580 436; x_wconf 83' lang='lat' dir='ltr'><strong>idque</strong></span> <span class='ocrx_word' id='word_1_49' title='bbox 590 409 639 437; x_wconf 88' lang='lat' dir='ltr'><strong>per</strong></span> <span class='ocrx_word' id='word_1_50' title='bbox 649 402 837 437; x_wconf 77' lang='lat' dir='ltr'><strong>operatidnem</strong></span> <span class='ocrx_word' id='word_1_51' title='bbox 852 401 914 437; x_wconf 86' lang='lat' dir='ltr'><strong>Spi-</strong></span> 
     </span>
    </p>
   </div>
   <div class='ocr_carea' id='block_1_10' title="bbox 122 446 914 482">
    <p class='ocr_par' dir='ltr' id='par_1_10' title="bbox 122 446 914 482">
     <span class='ocr_line' id='line_1_10' title="bbox 122 446 914 482; baseline 0.001 -9"><span class='ocrx_word' id='word_1_52' title='bbox 122 447 192 474; x_wconf 81' lang='lat' dir='ltr'><strong>ritus</strong></span> <span class='ocrx_word' id='word_1_53' title='bbox 210 455 236 474; x_wconf 73' lang='lat' dir='ltr'><strong>:c</strong></span> <span class='ocrx_word' id='word_1_54' title='bbox 250 446 364 474; x_wconf 82' lang='lat' dir='ltr'><strong>Emittes</strong></span> <span class='ocrx_word' id='word_1_55' title='bbox 381 449 453 474; x_wconf 88' lang='lat' dir='ltr'><strong>enim</strong></span> <span class='ocrx_word' id='word_1_56' title='bbox 473 446 606 482; x_wconf 87' lang='lat' dir='ltr'><strong>Spiritum</strong></span> <span class='ocrx_word' id='word_1_57' title='bbox 622 451 716 479; x_wconf 87' lang='lat' dir='ltr'><strong>tuutn,</strong></span> <span class='ocrx_word' id='word_1_58' title='bbox 734 450 761 474; x_wconf 83' lang='lat' dir='ltr'><strong>et</strong></span> <span class='ocrx_word' id='word_1_59' title='bbox 778 447 914 474; x_wconf 86' lang='lat' dir='ltr'><strong>ereabun-</strong></span> 
     </span>
    </p>
   </div>
   <div class='ocr_carea' id='block_1_11' title="bbox 123 493 913 524">
    <p class='ocr_par' dir='ltr' id='par_1_11' title="bbox 123 493 913 524">
     <span class='ocr_line' id='line_1_11' title="bbox 123 493 913 524; baseline 0.003 -6"><span class='ocrx_word' id='word_1_60' title='bbox 123 497 176 524; x_wconf 86' lang='lat' dir='ltr'><strong>tur,</strong></span> <span class='ocrx_word' id='word_1_61' title='bbox 192 497 220 520; x_wconf 88' lang='lat' dir='ltr'><strong>et</strong></span> <span class='ocrx_word' id='word_1_62' title='bbox 235 493 382 520; x_wconf 85' lang='lat' dir='ltr'><strong>renovahis</strong></span> <span class='ocrx_word' id='word_1_63' title='bbox 399 493 494 519; x_wconf 70' lang='lat' dir='ltr'><strong>faciem</strong></span> <span class='ocrx_word' id='word_1_64' title='bbox 512 498 592 519; x_wconf 56' lang='lat' dir='ltr'><strong>terra</strong></span> <span class='ocrx_word' id='word_1_65' title='bbox 605 493 637 519; x_wconf 73' lang='grc'><strong>⁸⁷.</strong></span> <span class='ocrx_word' id='word_1_66' title='bbox 649 503 658 519; x_wconf 74' lang='grc' dir='ltr'><strong>ι</strong></span> <span class='ocrx_word' id='word_1_67' title='bbox 672 493 779 521; x_wconf 80' lang='lat' dir='ltr'><strong>Rursus</strong></span> <span class='ocrx_word' id='word_1_68' title='bbox 793 493 848 520; x_wconf 94' lang='lat' dir='ltr'><strong>ait:</strong></span> <span class='ocrx_word' id='word_1_69' title='bbox 862 503 870 519; x_wconf 79' lang='grc' dir='ltr'><strong>ι</strong></span> <span class='ocrx_word' id='word_1_70' title='bbox 883 493 913 520; x_wconf 90' lang='lat' dir='ltr'><strong>Si</strong></span> 
     </span>
    </p>
   </div>
   <div class='ocr_carea' id='block_1_12' title="bbox 123 538 910 574">
    <p class='ocr_par' dir='ltr' id='par_1_12' title="bbox 123 538 910 574">
     <span class='ocr_line' id='line_1_12' title="bbox 123 538 910 574; baseline 0.004 -10"><span class='ocrx_word' id='word_1_71' title='bbox 123 543 213 566; x_wconf 79' lang='lat' dir='ltr'><strong>autern</strong></span> <span class='ocrx_word' id='word_1_72' title='bbox 230 538 349 573; x_wconf 88' lang='lat' dir='ltr'><strong>Spiritus</strong></span> <span class='ocrx_word' id='word_1_73' title='bbox 360 559 367 571; x_wconf 84' lang='lat'><strong>,</strong></span> <span class='ocrx_word' id='word_1_74' title='bbox 384 540 431 574; x_wconf 88' lang='lat' dir='ltr'><strong>qui</strong></span> <span class='ocrx_word' id='word_1_75' title='bbox 446 540 575 567; x_wconf 84' lang='lat' dir='ltr'><strong>excitavit</strong></span> <span class='ocrx_word' id='word_1_76' title='bbox 591 540 682 568; x_wconf 84' lang='lat' dir='ltr'><strong>Jcsnm</strong></span> <span class='ocrx_word' id='word_1_77' title='bbox 697 549 712 567; x_wconf 92' lang='lat' dir='ltr'><strong>a</strong></span> <span class='ocrx_word' id='word_1_78' title='bbox 726 541 841 569; x_wconf 80' lang='lat' dir='ltr'><strong>mortuis</strong></span> <span class='ocrx_word' id='word_1_79' title='bbox 857 541 888 568; x_wconf 80' lang='lat'><strong>“.</strong></span> <span class='ocrx_word' id='word_1_80' title='bbox 901 550 910 567; x_wconf 76' lang='grc' dir='ltr'><strong>ι</strong></span> 
     </span>
    </p>
   </div>
   <div class='ocr_carea' id='block_1_13' title="bbox 123 583 915 620">
    <p class='ocr_par' dir='ltr' id='par_1_13' title="bbox 123 583 915 620">
     <span class='ocr_line' id='line_1_13' title="bbox 123 583 915 620; baseline 0.001 -10"><span class='ocrx_word' id='word_1_81' title='bbox 123 583 200 616; x_wconf 83' lang='lat' dir='ltr'><strong>Quod</strong></span> <span class='ocrx_word' id='word_1_82' title='bbox 216 584 239 611; x_wconf 90' lang='lat' dir='ltr'><strong>si</strong></span> <span class='ocrx_word' id='word_1_83' title='bbox 255 584 318 619; x_wconf 90' lang='lat' dir='ltr'><strong>quis</strong></span> <span class='ocrx_word' id='word_1_84' title='bbox 336 584 407 610; x_wconf 85' lang='lat' dir='ltr'><strong>hanc</strong></span> <span class='ocrx_word' id='word_1_85' title='bbox 424 585 590 612; x_wconf 79' lang='lat' dir='ltr'><strong>creationem</strong></span> <span class='ocrx_word' id='word_1_86' title='bbox 611 585 728 620; x_wconf 88' lang='lat' dir='ltr'><strong>accipiat</strong></span> <span class='ocrx_word' id='word_1_87' title='bbox 743 585 777 612; x_wconf 89' lang='lat' dir='ltr'><strong>de</strong></span> <span class='ocrx_word' id='word_1_88' title='bbox 792 589 915 612; x_wconf 88' lang='lat' dir='ltr'><strong>mortuo-</strong></span> 
     </span>
    </p>
   </div>
   <div class='ocr_carea' id='block_1_14' title="bbox 123 629 915 665">
    <p class='ocr_par' dir='ltr' id='par_1_14' title="bbox 123 629 915 665">
     <span class='ocr_line' id='line_1_14' title="bbox 123 629 915 665; baseline 0.003 -11"><span class='ocrx_word' id='word_1_89' title='bbox 123 635 184 655; x_wconf 90' lang='lat' dir='ltr'><strong>rum</strong></span> <span class='ocrx_word' id='word_1_90' title='bbox 201 629 400 660; x_wconf 84' lang='lat' dir='ltr'><strong>vivilieatione,</strong></span> <span class='ocrx_word' id='word_1_91' title='bbox 413 630 459 664; x_wconf 88' lang='lat' dir='ltr'><strong>qtti</strong></span> <span class='ocrx_word' id='word_1_92' title='bbox 469 649 476 660; x_wconf 84' lang='lat'><strong>,</strong></span> <span class='ocrx_word' id='word_1_93' title='bbox 490 637 584 664; x_wconf 71' lang='lat' dir='ltr'><strong>quteso</strong></span> <span class='ocrx_word' id='word_1_94' title='bbox 594 651 601 662; x_wconf 78' lang='lat'><strong>,</strong></span> <span class='ocrx_word' id='word_1_95' title='bbox 617 638 671 657; x_wconf 92' lang='lat' dir='ltr'><strong>non</strong></span> <span class='ocrx_word' id='word_1_96' title='bbox 688 630 783 665; x_wconf 80' lang='lat' dir='ltr'><strong>ingens</strong></span> <span class='ocrx_word' id='word_1_97' title='bbox 794 629 915 656; x_wconf 78' lang='lat' dir='ltr'><strong>cﬂieacia</strong></span> 
     </span>
    </p>
   </div>
   <div class='ocr_carea' id='block_1_15' title="bbox 124 673 915 709">
    <p class='ocr_par' dir='ltr' id='par_1_15' title="bbox 124 673 915 709">
     <span class='ocr_line' id='line_1_15' title="bbox 124 673 915 709; baseline 0.003 -8"><span class='ocrx_word' id='word_1_98' title='bbox 124 673 261 709; x_wconf 72' lang='lat' dir='ltr'><strong>Spiritus,</strong></span> <span class='ocrx_word' id='word_1_99' title='bbox 278 675 466 709; x_wconf 89' lang='lat' dir='ltr'><strong>dispensantis</strong></span> <span class='ocrx_word' id='word_1_100' title='bbox 486 675 566 703; x_wconf 88' lang='lat' dir='ltr'><strong>nobis</strong></span> <span class='ocrx_word' id='word_1_101' title='bbox 584 677 668 702; x_wconf 88' lang='lat' dir='ltr'><strong>vitam</strong></span> <span class='ocrx_word' id='word_1_102' title='bbox 692 676 767 703; x_wconf 89' lang='lat' dir='ltr'><strong>illatn</strong></span> <span class='ocrx_word' id='word_1_103' title='bbox 790 683 915 704; x_wconf 81' lang='lat' dir='ltr'><strong>resurre-</strong></span> 
     </span>
    </p>
   </div>
   <div class='ocr_carea' id='block_1_16' title="bbox 123 721 916 755">
    <p class='ocr_par' dir='ltr' id='par_1_16' title="bbox 123 721 916 755">
     <span class='ocr_line' id='line_1_16' title="bbox 123 721 916 755; baseline 0.003 -7"><span class='ocrx_word' id='word_1_104' title='bbox 123 721 240 753; x_wconf 85' lang='lat' dir='ltr'><strong>ctionis,</strong></span> <span class='ocrx_word' id='word_1_105' title='bbox 263 726 289 748; x_wconf 80' lang='lat' dir='ltr'><strong>et</strong></span> <span class='ocrx_word' id='word_1_106' title='bbox 303 721 337 748; x_wconf 87' lang='lat' dir='ltr'><strong>ad</strong></span> <span class='ocrx_word' id='word_1_107' title='bbox 353 721 525 755; x_wconf 86' lang='lat' dir='ltr'><strong>spiritualetn</strong></span> <span class='ocrx_word' id='word_1_108' title='bbox 545 722 619 749; x_wconf 79' lang='lat' dir='ltr'><strong>illaut</strong></span> <span class='ocrx_word' id='word_1_109' title='bbox 636 723 720 750; x_wconf 92' lang='lat' dir='ltr'><strong>vitam</strong></span> <span class='ocrx_word' id='word_1_110' title='bbox 742 723 850 750; x_wconf 89' lang='lat' dir='ltr'><strong>animas</strong></span> <span class='ocrx_word' id='word_1_111' title='bbox 865 731 916 750; x_wconf 85' lang='lat' dir='ltr'><strong>no-</strong></span> 
     </span>
    </p>
   </div>
   <div class='ocr_carea' id='block_1_17' title="bbox 123 768 914 805">
    <p class='ocr_par' dir='ltr' id='par_1_17' title="bbox 123 768 914 805">
     <span class='ocr_line' id='line_1_17' title="bbox 123 768 914 805; baseline 0.003 -11"><span class='ocrx_word' id='word_1_112' title='bbox 123 771 197 795; x_wconf 90' lang='lat' dir='ltr'><strong>stras</strong></span> <span class='ocrx_word' id='word_1_113' title='bbox 211 768 392 795; x_wconf 87' lang='lat' dir='ltr'><strong>adornantis?</strong></span> <span class='ocrx_word' id='word_1_114' title='bbox 415 768 492 801; x_wconf 84' lang='lat' dir='ltr'><strong>Quod</strong></span> <span class='ocrx_word' id='word_1_115' title='bbox 509 769 531 796; x_wconf 89' lang='lat' dir='ltr'><strong>si</strong></span> <span class='ocrx_word' id='word_1_116' title='bbox 548 769 593 796; x_wconf 90' lang='lat' dir='ltr'><strong>illa</strong></span> <span class='ocrx_word' id='word_1_117' title='bbox 609 769 712 796; x_wconf 89' lang='lat' dir='ltr'><strong>creatio</strong></span> <span class='ocrx_word' id='word_1_118' title='bbox 735 770 914 805; x_wconf 78' lang='lat' dir='ltr'><strong>intelligatur,</strong></span> 
     </span>
    </p>
   </div>
   <div class='ocr_carea' id='block_1_18' title="bbox 123 815 913 851">
    <p class='ocr_par' dir='ltr' id='par_1_18' title="bbox 123 815 913 851">
     <span class='ocr_line' id='line_1_18' title="bbox 123 815 913 851; baseline 0.003 -10"><span class='ocrx_word' id='word_1_119' title='bbox 123 821 184 850; x_wconf 65' lang='lat' dir='ltr'><strong>quae</strong></span> <span class='ocrx_word' id='word_1_120' title='bbox 207 815 234 841; x_wconf 91' lang='lat' dir='ltr'><strong>in</strong></span> <span class='ocrx_word' id='word_1_121' title='bbox 256 815 306 842; x_wconf 83' lang='lat' dir='ltr'><strong>hac</strong></span> <span class='ocrx_word' id='word_1_122' title='bbox 330 815 385 842; x_wconf 78' lang='lat' dir='ltr'><strong>vita</strong></span> <span class='ocrx_word' id='word_1_123' title='bbox 407 820 449 843; x_wconf 87' lang='lat' dir='ltr'><strong>est</strong></span> <span class='ocrx_word' id='word_1_124' title='bbox 472 824 504 843; x_wconf 84' lang='lat' dir='ltr'><strong>ex</strong></span> <span class='ocrx_word' id='word_1_125' title='bbox 527 816 646 851; x_wconf 87' lang='lat' dir='ltr'><strong>peccatis</strong></span> <span class='ocrx_word' id='word_1_126' title='bbox 661 816 869 844; x_wconf 89' lang='lat' dir='ltr'><strong>transformatio</strong></span> <span class='ocrx_word' id='word_1_127' title='bbox 884 817 913 844; x_wconf 90' lang='lat' dir='ltr'><strong>in</strong></span> 
     </span>
    </p>
   </div>
   <div class='ocr_carea' id='block_1_19' title="bbox 124 859 915 896">
    <p class='ocr_par' dir='ltr' id='par_1_19' title="bbox 124 859 915 896">
     <span class='ocr_line' id='line_1_19' title="bbox 124 859 915 896; baseline 0.005 -10"><span class='ocrx_word' id='word_1_128' title='bbox 124 859 244 887; x_wconf 89' lang='lat' dir='ltr'><strong>melius:</strong></span> <span class='ocrx_word' id='word_1_129' title='bbox 259 860 341 893; x_wconf 88' lang='lat' dir='ltr'><strong>(nam</strong></span> <span class='ocrx_word' id='word_1_130' title='bbox 358 860 394 887; x_wconf 93' lang='lat' dir='ltr'><strong>ita</strong></span> <span class='ocrx_word' id='word_1_131' title='bbox 409 861 497 896; x_wconf 85' lang='lat' dir='ltr'><strong>accipi</strong></span> <span class='ocrx_word' id='word_1_132' title='bbox 521 866 610 896; x_wconf 83' lang='lat' dir='ltr'><strong>potest</strong></span> <span class='ocrx_word' id='word_1_133' title='bbox 626 862 778 890; x_wconf 85' lang='lat' dir='ltr'><strong>secundum</strong></span> <span class='ocrx_word' id='word_1_134' title='bbox 798 870 915 890; x_wconf 86' lang='lat' dir='ltr'><strong>consue-</strong></span> 
     </span>
    </p>
   </div>
   <div class='ocr_carea' id='block_1_20' title="bbox 123 907 914 945">
    <p class='ocr_par' dir='ltr' id='par_1_20' title="bbox 123 907 914 945">
     <span class='ocr_line' id='line_1_20' title="bbox 123 907 914 945; baseline 0.004 -11"><span class='ocrx_word' id='word_1_135' title='bbox 123 907 248 935; x_wconf 88' lang='lat' dir='ltr'><strong>tudinem</strong></span> <span class='ocrx_word' id='word_1_136' title='bbox 267 907 432 943; x_wconf 69' lang='lat' dir='ltr'><strong>Scripturaa,</strong></span> <span class='ocrx_word' id='word_1_137' title='bbox 447 916 508 935; x_wconf 94' lang='lat' dir='ltr'><strong>cum</strong></span> <span class='ocrx_word' id='word_1_138' title='bbox 522 908 625 937; x_wconf 86' lang='lat' dir='ltr'><strong>Paulus</strong></span> <span class='ocrx_word' id='word_1_139' title='bbox 637 909 675 936; x_wconf 90' lang='lat' dir='ltr'><strong>ita</strong></span> <span class='ocrx_word' id='word_1_140' title='bbox 688 909 781 937; x_wconf 88' lang='lat' dir='ltr'><strong>dicat:</strong></span> <span class='ocrx_word' id='word_1_141' title='bbox 795 919 804 935; x_wconf 75' lang='grc' dir='ltr'><strong>ι</strong></span> <span class='ocrx_word' id='word_1_142' title='bbox 817 909 847 937; x_wconf 82' lang='lat' dir='ltr'><strong>Si</strong></span> <span class='ocrx_word' id='word_1_143' title='bbox 861 917 914 945; x_wconf 86' lang='lat' dir='ltr'><strong>qua</strong></span> 
     </span>
    </p>
   </div>
   <div class='ocr_carea' id='block_1_21' title="bbox 123 950 914 991">
    <p class='ocr_par' dir='ltr' id='par_1_21' title="bbox 123 950 914 991">
     <span class='ocr_line' id='line_1_21' title="bbox 123 950 914 991; baseline 0.006 -12"><span class='ocrx_word' id='word_1_144' title='bbox 123 951 151 979; x_wconf 88' lang='lat' dir='ltr'><strong>in</strong></span> <span class='ocrx_word' id='word_1_145' title='bbox 164 950 274 980; x_wconf 88' lang='lat' dir='ltr'><strong>Christo</strong></span> <span class='ocrx_word' id='word_1_146' title='bbox 286 961 356 980; x_wconf 88' lang='lat' dir='ltr'><strong>nova</strong></span> <span class='ocrx_word' id='word_1_147' title='bbox 368 958 494 981; x_wconf 84' lang='lat' dir='ltr'><strong>creatura</strong></span> <span class='ocrx_word' id='word_1_148' title='bbox 506 956 543 987; x_wconf 66' lang='lat'><strong>‘9;</strong></span> <span class='ocrx_word' id='word_1_149' title='bbox 561 964 570 980; x_wconf 73' lang='grc' dir='ltr'><strong>ι</strong></span> <span class='ocrx_word' id='word_1_150' title='bbox 581 960 608 982; x_wconf 88' lang='lat' dir='ltr'><strong>et</strong></span> <span class='ocrx_word' id='word_1_151' title='bbox 623 955 676 983; x_wconf 90' lang='lat' dir='ltr'><strong>ista</strong></span> <span class='ocrx_word' id='word_1_152' title='bbox 692 955 843 990; x_wconf 88' lang='lat' dir='ltr'><strong>innovatio,</strong></span> <span class='ocrx_word' id='word_1_153' title='bbox 853 963 914 991; x_wconf 61' lang='lat' dir='ltr'><strong>qua:</strong></span> 
     </span>
    </p>
   </div>
   <div class='ocr_carea' id='block_1_22' title="bbox 124 999 915 1035">
    <p class='ocr_par' dir='ltr' id='par_1_22' title="bbox 124 999 915 1035">
     <span class='ocr_line' id='line_1_22' title="bbox 124 999 915 1035; baseline 0.005 -10"><span class='ocrx_word' id='word_1_154' title='bbox 124 1007 140 1025; x_wconf 87' lang='lat' dir='ltr'><strong>a</strong></span> <span class='ocrx_word' id='word_1_155' title='bbox 161 999 286 1027; x_wconf 86' lang='lat' dir='ltr'><strong>terrestri</strong></span> <span class='ocrx_word' id='word_1_156' title='bbox 306 1003 334 1027; x_wconf 88' lang='lat' dir='ltr'><strong>et</strong></span> <span class='ocrx_word' id='word_1_157' title='bbox 354 1001 530 1035; x_wconf 86' lang='lat' dir='ltr'><strong>passionihus</strong></span> <span class='ocrx_word' id='word_1_158' title='bbox 549 1001 668 1029; x_wconf 84' lang='lat' dir='ltr'><strong>obnoxia</strong></span> <span class='ocrx_word' id='word_1_159' title='bbox 687 1003 760 1034; x_wconf 89' lang='lat' dir='ltr'><strong>vita,</strong></span> <span class='ocrx_word' id='word_1_160' title='bbox 778 1002 810 1029; x_wconf 89' lang='lat' dir='ltr'><strong>ad</strong></span> <span class='ocrx_word' id='word_1_161' title='bbox 830 1003 915 1030; x_wconf 64' lang='lat' dir='ltr'><strong>(mle—</strong></span> 
     </span>
    </p>
   </div>
   <div class='ocr_carea' id='block_1_23' title="bbox 123 1045 912 1083">
    <p class='ocr_par' dir='ltr' id='par_1_23' title="bbox 123 1045 912 1083">
     <span class='ocr_line' id='line_1_23' title="bbox 123 1045 912 1083; baseline 0.004 -11"><span class='ocrx_word' id='word_1_162' title='bbox 123 1049 193 1072; x_wconf 72' lang='lat' dir='ltr'><strong>stcm</strong></span> <span class='ocrx_word' id='word_1_163' title='bbox 209 1045 316 1073; x_wconf 84' lang='lat' dir='ltr'><strong>vivendi</strong></span> <span class='ocrx_word' id='word_1_164' title='bbox 335 1048 470 1074; x_wconf 85' lang='lat' dir='ltr'><strong>rationem</strong></span> <span class='ocrx_word' id='word_1_165' title='bbox 489 1055 540 1074; x_wconf 88' lang='lat' dir='ltr'><strong>nos</strong></span> <span class='ocrx_word' id='word_1_166' title='bbox 555 1048 688 1075; x_wconf 80' lang='lat' dir='ltr'><strong>transfert</strong></span> <span class='ocrx_word' id='word_1_167' title='bbox 705 1056 752 1083; x_wconf 88' lang='lat' dir='ltr'><strong>per</strong></span> <span class='ocrx_word' id='word_1_168' title='bbox 762 1048 912 1083; x_wconf 79' lang='lat' dir='ltr'><strong>Spiritum,</strong></span> 
     </span>
    </p>
   </div>
   <div class='ocr_carea' id='block_1_24' title="bbox 123 1092 915 1129">
    <p class='ocr_par' dir='ltr' id='par_1_24' title="bbox 123 1092 915 1129">
     <span class='ocr_line' id='line_1_24' title="bbox 123 1092 915 1129; baseline 0.004 -11"><span class='ocrx_word' id='word_1_169' title='bbox 123 1098 208 1126; x_wconf 84' lang='lat' dir='ltr'><strong>supra</strong></span> <span class='ocrx_word' id='word_1_170' title='bbox 225 1092 336 1120; x_wconf 89' lang='lat' dir='ltr'><strong>modum</strong></span> <span class='ocrx_word' id='word_1_171' title='bbox 347 1113 354 1125; x_wconf 88' lang='lat'><strong>,</strong></span> <span class='ocrx_word' id='word_1_172' title='bbox 370 1093 590 1129; x_wconf 83' lang='lat' dir='ltr'><strong>mirabiliterque</strong></span> <span class='ocrx_word' id='word_1_173' title='bbox 608 1094 714 1121; x_wconf 90' lang='lat' dir='ltr'><strong>animas</strong></span> <span class='ocrx_word' id='word_1_174' title='bbox 731 1099 840 1122; x_wconf 87' lang='lat' dir='ltr'><strong>nostras</strong></span> <span class='ocrx_word' id='word_1_175' title='bbox 857 1094 915 1121; x_wconf 77' lang='lat' dir='ltr'><strong>alii-</strong></span> 
     </span>
    </p>
   </div>
   <div class='ocr_carea' id='block_1_25' title="bbox 123 1137 913 1173">
    <p class='ocr_par' dir='ltr' id='par_1_25' title="bbox 123 1137 913 1173">
     <span class='ocr_line' id='line_1_25' title="bbox 123 1137 913 1173; baseline 0.005 -9"><span class='ocrx_word' id='word_1_176' title='bbox 123 1137 204 1173; x_wconf 85' lang='lat' dir='ltr'><strong>cit;)</strong></span> <span class='ocrx_word' id='word_1_177' title='bbox 229 1146 263 1165; x_wconf 89' lang='lat' dir='ltr'><strong>an</strong></span> <span class='ocrx_word' id='word_1_178' title='bbox 289 1139 373 1166; x_wconf 86' lang='lat' dir='ltr'><strong>isthic</strong></span> <span class='ocrx_word' id='word_1_179' title='bbox 396 1139 570 1172; x_wconf 82' lang='lat' dir='ltr'><strong>timebimus,</strong></span> <span class='ocrx_word' id='word_1_180' title='bbox 591 1147 626 1167; x_wconf 89' lang='lat' dir='ltr'><strong>ne</strong></span> <span class='ocrx_word' id='word_1_181' title='bbox 644 1139 737 1168; x_wconf 90' lang='lat' dir='ltr'><strong>nimiis</strong></span> <span class='ocrx_word' id='word_1_182' title='bbox 761 1140 913 1168; x_wconf 87' lang='lat' dir='ltr'><strong>honoribus</strong></span> 
     </span>
    </p>
   </div>
   <div class='ocr_carea' id='block_1_26' title="bbox 123 1184 913 1221">
    <p class='ocr_par' dir='ltr' id='par_1_26' title="bbox 123 1184 913 1221">
     <span class='ocr_line' id='line_1_26' title="bbox 123 1184 913 1221; baseline 0.005 -11"><span class='ocrx_word' id='word_1_183' title='bbox 123 1184 237 1219; x_wconf 78' lang='lat' dir='ltr'><strong>gloriam</strong></span> <span class='ocrx_word' id='word_1_184' title='bbox 254 1184 372 1219; x_wconf 85' lang='lat' dir='ltr'><strong>Spiritus</strong></span> <span class='ocrx_word' id='word_1_185' title='bbox 387 1185 576 1213; x_wconf 77' lang='lat' dir='ltr'><strong>excedamus?</strong></span> <span class='ocrx_word' id='word_1_186' title='bbox 594 1193 627 1212; x_wconf 90' lang='lat' dir='ltr'><strong>an</strong></span> <span class='ocrx_word' id='word_1_187' title='bbox 643 1187 735 1221; x_wconf 91' lang='lat' dir='ltr'><strong>potius</strong></span> <span class='ocrx_word' id='word_1_188' title='bbox 750 1190 863 1218; x_wconf 79' lang='lat' dir='ltr'><strong>contra,</strong></span> <span class='ocrx_word' id='word_1_189' title='bbox 879 1194 913 1214; x_wconf 86' lang='lat' dir='ltr'><strong>ne</strong></span> 
     </span>
    </p>
   </div>
   <div class='ocr_carea' id='block_1_27' title="bbox 123 1230 914 1260">
    <p class='ocr_par' dir='ltr' id='par_1_27' title="bbox 123 1230 914 1260">
     <span class='ocr_line' id='line_1_27' title="bbox 123 1230 914 1260; baseline 0.004 -4"><span class='ocrx_word' id='word_1_190' title='bbox 123 1230 207 1257; x_wconf 78' lang='lat' dir='ltr'><strong>nimis</strong></span> <span class='ocrx_word' id='word_1_191' title='bbox 227 1230 368 1258; x_wconf 85' lang='lat' dir='ltr'><strong>humiliter</strong></span> <span class='ocrx_word' id='word_1_192' title='bbox 382 1231 415 1258; x_wconf 90' lang='lat' dir='ltr'><strong>de</strong></span> <span class='ocrx_word' id='word_1_193' title='bbox 428 1239 461 1259; x_wconf 89' lang='lat' dir='ltr'><strong>eo</strong></span> <span class='ocrx_word' id='word_1_194' title='bbox 477 1231 651 1260; x_wconf 85' lang='lat' dir='ltr'><strong>sentiamus?</strong></span> <span class='ocrx_word' id='word_1_195' title='bbox 667 1231 738 1259; x_wconf 86' lang='lat' dir='ltr'><strong>Dicit</strong></span> <span class='ocrx_word' id='word_1_196' title='bbox 751 1233 826 1260; x_wconf 87' lang='lat' dir='ltr'><strong>enim</strong></span> <span class='ocrx_word' id='word_1_197' title='bbox 841 1233 914 1259; x_wconf 87' lang='lat' dir='ltr'><strong>Ana-</strong></span> 
     </span>
    </p>
   </div>
   <div class='ocr_carea' id='block_1_28' title="bbox 123 1275 914 1314">
    <p class='ocr_par' dir='ltr' id='par_1_28' title="bbox 123 1275 914 1314">
     <span class='ocr_line' id='line_1_28' title="bbox 123 1275 914 1314; baseline 0.004 -11"><span class='ocrx_word' id='word_1_198' title='bbox 123 1275 176 1303; x_wconf 75' lang='lat' dir='ltr'><strong>niaa</strong></span> <span class='ocrx_word' id='word_1_199' title='bbox 191 1275 290 1304; x_wconf 83' lang='lat' dir='ltr'><strong>Petrus</strong></span> <span class='ocrx_word' id='word_1_200' title='bbox 306 1277 449 1312; x_wconf 84' lang='lat' dir='ltr'><strong>apostolus</strong></span> <span class='ocrx_word' id='word_1_201' title='bbox 462 1287 468 1304; x_wconf 84' lang='lat'>:</span> <span class='ocrx_word' id='word_1_202' title='bbox 481 1286 490 1303; x_wconf 71' lang='grc' dir='ltr'><strong>ι</strong></span> <span class='ocrx_word' id='word_1_203' title='bbox 507 1277 563 1304; x_wconf 84' lang='lat' dir='ltr'><strong>Cur</strong></span> <span class='ocrx_word' id='word_1_204' title='bbox 584 1277 702 1306; x_wconf 84' lang='lat' dir='ltr'><strong>Satanas</strong></span> <span class='ocrx_word' id='word_1_205' title='bbox 723 1278 846 1314; x_wconf 82' lang='lat' dir='ltr'><strong>implevit</strong></span> <span class='ocrx_word' id='word_1_206' title='bbox 865 1286 914 1306; x_wconf 87' lang='lat' dir='ltr'><strong>cor</strong></span> 
     </span>
    </p>
   </div>
   <div class='ocr_carea' id='block_1_29' title="bbox 122 1323 914 1358">
    <p class='ocr_par' dir='ltr' id='par_1_29' title="bbox 122 1323 914 1358">
     <span class='ocr_line' id='line_1_29' title="bbox 122 1323 914 1358; baseline 0.005 -10"><span class='ocrx_word' id='word_1_207' title='bbox 122 1325 217 1355; x_wconf 81' lang='lat' dir='ltr'><strong>tuum,</strong></span> <span class='ocrx_word' id='word_1_208' title='bbox 235 1327 264 1349; x_wconf 86' lang='lat' dir='ltr'><strong>ut</strong></span> <span class='ocrx_word' id='word_1_209' title='bbox 280 1323 434 1350; x_wconf 87' lang='lat' dir='ltr'><strong>mentireris</strong></span> <span class='ocrx_word' id='word_1_210' title='bbox 451 1323 564 1358; x_wconf 87' lang='lat' dir='ltr'><strong>Spiritui</strong></span> <span class='ocrx_word' id='word_1_211' title='bbox 582 1324 699 1352; x_wconf 83' lang='lat' dir='ltr'><strong>sancto?</strong></span> <span class='ocrx_word' id='word_1_212' title='bbox 713 1332 768 1351; x_wconf 90' lang='lat' dir='ltr'><strong>non</strong></span> <span class='ocrx_word' id='word_1_213' title='bbox 782 1325 914 1352; x_wconf 87' lang='lat' dir='ltr'><strong>mentitus</strong></span> 
     </span>
    </p>
   </div>
   <div class='ocr_carea' id='block_1_30' title="bbox 122 1368 555 1402">
    <p class='ocr_par' dir='ltr' id='par_1_30' title="bbox 122 1368 555 1402">
     <span class='ocr_line' id='line_1_30' title="bbox 122 1368 555 1402; baseline 0.002 -7"><span class='ocrx_word' id='word_1_214' title='bbox 122 1375 153 1396; x_wconf 87' lang='lat' dir='ltr'><strong>es</strong></span> <span class='ocrx_word' id='word_1_215' title='bbox 169 1368 344 1402; x_wconf 85' lang='lat' dir='ltr'><strong>hominibus,</strong></span> <span class='ocrx_word' id='word_1_216' title='bbox 362 1369 408 1396; x_wconf 88' lang='lat' dir='ltr'><strong>sed</strong></span> <span class='ocrx_word' id='word_1_217' title='bbox 425 1368 481 1397; x_wconf 91' lang='lat' dir='ltr'><strong>Deo</strong></span> <span class='ocrx_word' id='word_1_218' title='bbox 495 1370 529 1396; x_wconf 71' lang='lat'><strong>7°.</strong></span> <span class='ocrx_word' id='word_1_219' title='bbox 546 1379 555 1396; x_wconf 73' lang='grc' dir='ltr'><strong>ι</strong></span> 
     </span>
    </p>
   </div>
   <div class='ocr_carea' id='block_1_31' title="bbox 123 1415 914 1454">
    <p class='ocr_par' dir='ltr' id='par_1_31' title="bbox 123 1415 914 1454">
     <span class='ocr_line' id='line_1_31' title="bbox 123 1415 914 1454; baseline 0.004 -12"><span class='ocrx_word' id='word_1_220' title='bbox 123 1415 242 1452; x_wconf 57' lang='grc' dir='ltr'>Πέτρος</span> <span class='ocrx_word' id='word_1_221' title='bbox 261 1425 270 1442; x_wconf 74' lang='grc' dir='ltr'><strong>ι</strong></span> <span class='ocrx_word' id='word_1_222' title='bbox 291 1417 339 1444; x_wconf 76' lang='grc' dir='ltr'>Διὰ</span> <span class='ocrx_word' id='word_1_223' title='bbox 352 1418 379 1443; x_wconf 87' lang='grc' dir='ltr'><strong>τί</strong></span> <span class='ocrx_word' id='word_1_224' title='bbox 397 1418 554 1453; x_wconf 79' lang='grc' dir='ltr'>ἐπλήρωσεν</span> <span class='ocrx_word' id='word_1_225' title='bbox 568 1418 583 1444; x_wconf 86' lang='lat'><strong>6</strong></span> <span class='ocrx_word' id='word_1_226' title='bbox 599 1417 722 1450; x_wconf 80' lang='grc' dir='ltr'><strong>Σατανᾶς</strong></span> <span class='ocrx_word' id='word_1_227' title='bbox 735 1418 784 1453; x_wconf 82' lang='grc' dir='ltr'>τὴν</span> <span class='ocrx_word' id='word_1_228' title='bbox 798 1418 914 1454; x_wconf 79' lang='grc' dir='ltr'><strong>καρδίαν</strong></span> 
     </span>
    </p>
   </div>
   <div class='ocr_carea' id='block_1_32' title="bbox 122 1462 524 1499">
    <p class='ocr_par' dir='ltr' id='par_1_32' title="bbox 122 1462 524 1499">
     <span class='ocr_line' id='line_1_32' title="bbox 122 1462 524 1499; baseline 0 -9"><span class='ocrx_word' id='word_1_229' title='bbox 122 1462 286 1498; x_wconf 72' lang='grc' dir='ltr'>ἀνθρώποις,</span> <span class='ocrx_word' id='word_1_230' title='bbox 300 1463 367 1490; x_wconf 85' lang='grc' dir='ltr'><strong>ἀλλὰ</strong></span> <span class='ocrx_word' id='word_1_231' title='bbox 380 1464 418 1499; x_wconf 79' lang='grc' dir='ltr'>τῷ</span> <span class='ocrx_word' id='word_1_232' title='bbox 432 1464 499 1499; x_wconf 84' lang='grc' dir='ltr'><strong>Θεῷ.</strong></span> <span class='ocrx_word' id='word_1_233' title='bbox 517 1474 524 1490; x_wconf 76' lang='grc' dir='ltr'><strong>ι</strong></span> 
     </span>
    </p>
   </div>
   <div class='ocr_carea' id='block_1_33' title="bbox 157 1531 871 1567">
    <p class='ocr_par' dir='ltr' id='par_1_33' title="bbox 157 1531 871 1567">
     <span class='ocr_line' id='line_1_33' title="bbox 157 1531 871 1567; baseline 0.003 -8"><span class='ocrx_word' id='word_1_234' title='bbox 157 1531 202 1559; x_wconf 77' lang='grc'><strong>25.</strong></span> <span class='ocrx_word' id='word_1_235' title='bbox 226 1531 350 1562; x_wconf 80' lang='lat' dir='ltr'><strong>Patrem,</strong></span> <span class='ocrx_word' id='word_1_236' title='bbox 371 1537 396 1559; x_wconf 82' lang='lat' dir='ltr'><strong>et</strong></span> <span class='ocrx_word' id='word_1_237' title='bbox 416 1533 535 1564; x_wconf 75' lang='lat' dir='ltr'><strong>Filium,</strong></span> <span class='ocrx_word' id='word_1_238' title='bbox 555 1539 580 1560; x_wconf 71' lang='lat' dir='ltr'><strong>et</strong></span> <span class='ocrx_word' id='word_1_239' title='bbox 600 1533 730 1567; x_wconf 81' lang='lat' dir='ltr'><strong>Spiritum</strong></span> <span class='ocrx_word' id='word_1_240' title='bbox 749 1540 871 1561; x_wconf 77' lang='lat' dir='ltr'><strong>sanctum</strong></span> 
     </span>
    </p>
   </div>
   <div class='ocr_carea' id='block_1_34' title="bbox 367 1568 668 1603">
    <p class='ocr_par' dir='ltr' id='par_1_34' title="bbox 367 1568 668 1603">
     <span class='ocr_line' id='line_1_34' title="bbox 367 1568 668 1603; baseline 0.003 -8"><span class='ocrx_word' id='word_1_241' title='bbox 367 1568 459 1595; x_wconf 78' lang='lat' dir='ltr'><strong>ducem</strong></span> <span class='ocrx_word' id='word_1_242' title='bbox 475 1569 557 1603; x_wconf 49' lang='lat' dir='ltr'><strong>[ﬁnisse</strong></span> <span class='ocrx_word' id='word_1_243' title='bbox 573 1568 668 1596; x_wconf 82' lang='lat' dir='ltr'><strong>Israel.</strong></span> 
     </span>
    </p>
   </div>
   <div class='ocr_carea' id='block_1_35' title="bbox 157 1614 912 1654">
    <p class='ocr_par' dir='ltr' id='par_1_35' title="bbox 157 1614 912 1654">
     <span class='ocr_line' id='line_1_35' title="bbox 157 1614 912 1654; baseline 0.007 -13"><span class='ocrx_word' id='word_1_244' title='bbox 157 1614 294 1650; x_wconf 85' lang='lat' dir='ltr'><strong>Propheta</strong></span> <span class='ocrx_word' id='word_1_245' title='bbox 314 1616 397 1651; x_wconf 73' lang='lat' dir='ltr'><strong>igitur</strong></span> <span class='ocrx_word' id='word_1_246' title='bbox 410 1617 546 1644; x_wconf 70' lang='lat' dir='ltr'><strong>Jeremias</strong></span> <span class='ocrx_word' id='word_1_247' title='bbox 563 1618 599 1644; x_wconf 87' lang='lat' dir='ltr'><strong>ita</strong></span> <span class='ocrx_word' id='word_1_248' title='bbox 617 1617 650 1645; x_wconf 89' lang='lat' dir='ltr'><strong>de</strong></span> <span class='ocrx_word' id='word_1_249' title='bbox 667 1618 748 1646; x_wconf 84' lang='lat' dir='ltr'><strong>Patre</strong></span> <span class='ocrx_word' id='word_1_250' title='bbox 765 1619 889 1654; x_wconf 88' lang='lat' dir='ltr'><strong>loquitur</strong></span> <span class='ocrx_word' id='word_1_251' title='bbox 904 1628 912 1636; x_wconf 76' lang='grc' dir='ltr'><strong>ο</strong></span> 
     </span>
    </p>
   </div>
   <div class='ocr_carea' id='block_1_36' title="bbox 126 1662 916 1696">
    <p class='ocr_par' dir='ltr' id='par_1_36' title="bbox 126 1662 916 1696">
     <span class='ocr_line' id='line_1_36' title="bbox 126 1662 916 1696; baseline 0.005 -8"><span class='ocrx_word' id='word_1_252' title='bbox 126 1671 134 1686; x_wconf 77' lang='grc' dir='ltr'><strong>ι</strong></span> <span class='ocrx_word' id='word_1_253' title='bbox 149 1662 209 1696; x_wconf 88' lang='lat' dir='ltr'><strong>Ipse</strong></span> <span class='ocrx_word' id='word_1_254' title='bbox 233 1663 289 1690; x_wconf 79' lang='lat' dir='ltr'><strong>dux</strong></span> <span class='ocrx_word' id='word_1_255' title='bbox 314 1663 364 1690; x_wconf 88' lang='lat' dir='ltr'><strong>fuit</strong></span> <span class='ocrx_word' id='word_1_256' title='bbox 379 1665 474 1691; x_wconf 70' lang='lat' dir='ltr'><strong>lsrztcli</strong></span> <span class='ocrx_word' id='word_1_257' title='bbox 494 1664 522 1690; x_wconf 91' lang='lat' dir='ltr'><strong>in</strong></span> <span class='ocrx_word' id='word_1_258' title='bbox 538 1665 646 1691; x_wconf 87' lang='lat' dir='ltr'><strong>deserto</strong></span> <span class='ocrx_word' id='word_1_259' title='bbox 663 1665 696 1691; x_wconf 74' lang='lat'><strong>&quot;.</strong></span> <span class='ocrx_word' id='word_1_260' title='bbox 712 1674 721 1690; x_wconf 75' lang='grc' dir='ltr'><strong>ι</strong></span> <span class='ocrx_word' id='word_1_261' title='bbox 734 1665 765 1691; x_wconf 79' lang='lat' dir='ltr'><strong>Et</strong></span> <span class='ocrx_word' id='word_1_262' title='bbox 777 1674 784 1692; x_wconf 92' lang='lat'><strong>:</strong></span> <span class='ocrx_word' id='word_1_263' title='bbox 796 1673 806 1690; x_wconf 71' lang='grc' dir='ltr'>ί</span> <span class='ocrx_word' id='word_1_264' title='bbox 819 1664 859 1692; x_wconf 82' lang='lat' dir='ltr'><strong>Ne</strong></span> <span class='ocrx_word' id='word_1_265' title='bbox 873 1665 916 1692; x_wconf 91' lang='lat' dir='ltr'><strong>di-</strong></span> 
     </span>
    </p>
   </div>
   <div class='ocr_carea' id='block_1_37' title="bbox 124 1708 914 1745">
    <p class='ocr_par' dir='ltr' id='par_1_37' title="bbox 124 1708 914 1745">
     <span class='ocr_line' id='line_1_37' title="bbox 124 1708 914 1745; baseline 0.005 -10"><span class='ocrx_word' id='word_1_266' title='bbox 124 1708 228 1741; x_wconf 52' lang='lat' dir='ltr'><strong>xeritis,</strong></span> <span class='ocrx_word' id='word_1_267' title='bbox 242 1718 251 1735; x_wconf 75' lang='grc' dir='ltr'><strong>ι</strong></span> <span class='ocrx_word' id='word_1_268' title='bbox 262 1709 365 1744; x_wconf 88' lang='lat' dir='ltr'><strong>inquit,</strong></span> <span class='ocrx_word' id='word_1_269' title='bbox 378 1719 386 1735; x_wconf 84' lang='grc'><em>‹</em></span> <span class='ocrx_word' id='word_1_270' title='bbox 402 1710 448 1737; x_wconf 90' lang='lat' dir='ltr'><strong>ubi</strong></span> <span class='ocrx_word' id='word_1_271' title='bbox 466 1714 508 1737; x_wconf 89' lang='lat' dir='ltr'><strong>est</strong></span> <span class='ocrx_word' id='word_1_272' title='bbox 527 1710 616 1742; x_wconf 85' lang='lat' dir='ltr'><strong>Deus.</strong></span> <span class='ocrx_word' id='word_1_273' title='bbox 633 1711 680 1745; x_wconf 86' lang='lat' dir='ltr'><strong>qui</strong></span> <span class='ocrx_word' id='word_1_274' title='bbox 695 1710 790 1738; x_wconf 84' lang='lat' dir='ltr'><strong>eduxit</strong></span> <span class='ocrx_word' id='word_1_275' title='bbox 810 1718 860 1739; x_wconf 90' lang='lat' dir='ltr'><strong>nos</strong></span> <span class='ocrx_word' id='word_1_276' title='bbox 880 1719 914 1739; x_wconf 83' lang='lat' dir='ltr'><strong>ex</strong></span> 
     </span>
    </p>
   </div>
   <div class='ocr_carea' id='block_1_38' title="bbox 124 1753 914 1790">
    <p class='ocr_par' dir='ltr' id='par_1_38' title="bbox 124 1753 914 1790">
     <span class='ocr_line' id='line_1_38' title="bbox 124 1753 914 1790; baseline 0.003 -9"><span class='ocrx_word' id='word_1_277' title='bbox 124 1753 260 1790; x_wconf 69' lang='lat' dir='ltr'><strong>Egypto,</strong></span> <span class='ocrx_word' id='word_1_278' title='bbox 276 1755 322 1790; x_wconf 87' lang='lat' dir='ltr'><strong>qui</strong></span> <span class='ocrx_word' id='word_1_279' title='bbox 339 1755 394 1782; x_wconf 85' lang='lat' dir='ltr'><strong>dux</strong></span> <span class='ocrx_word' id='word_1_280' title='bbox 411 1755 492 1783; x_wconf 90' lang='lat' dir='ltr'><strong>nobis</strong></span> <span class='ocrx_word' id='word_1_281' title='bbox 509 1755 560 1782; x_wconf 90' lang='lat' dir='ltr'><strong>fuit</strong></span> <span class='ocrx_word' id='word_1_282' title='bbox 577 1757 604 1783; x_wconf 92' lang='lat' dir='ltr'><strong>in</strong></span> <span class='ocrx_word' id='word_1_283' title='bbox 620 1756 729 1784; x_wconf 88' lang='lat' dir='ltr'><strong>deserto</strong></span> <span class='ocrx_word' id='word_1_284' title='bbox 743 1757 808 1783; x_wconf 69' lang='grc'><strong>⁷⁵⁸2»</strong></span> <span class='ocrx_word' id='word_1_285' title='bbox 819 1761 846 1784; x_wconf 87' lang='lat' dir='ltr'><strong>et</strong></span> <span class='ocrx_word' id='word_1_286' title='bbox 861 1756 914 1783; x_wconf 91' lang='lat' dir='ltr'><strong>Da-</strong></span> 
     </span>
    </p>
   </div>
   <div class='ocr_carea' id='block_1_39' title="bbox 125 1800 912 1837">
    <p class='ocr_par' dir='ltr' id='par_1_39' title="bbox 125 1800 912 1837">
     <span class='ocr_line' id='line_1_39' title="bbox 125 1800 912 1837; baseline 0.005 -12"><span class='ocrx_word' id='word_1_287' title='bbox 125 1801 168 1827; x_wconf 71' lang='lat' dir='ltr'><strong>vid</strong></span> <span class='ocrx_word' id='word_1_288' title='bbox 182 1801 271 1836; x_wconf 87' lang='lat' dir='ltr'><strong>inquit</strong></span> <span class='ocrx_word' id='word_1_289' title='bbox 283 1810 289 1827; x_wconf 89' lang='lat'>:</span> <span class='ocrx_word' id='word_1_290' title='bbox 301 1810 310 1826; x_wconf 75' lang='grc' dir='ltr'><strong>ι</strong></span> <span class='ocrx_word' id='word_1_291' title='bbox 322 1800 463 1828; x_wconf 80' lang='lat' dir='ltr'><strong>Deduxisti</strong></span> <span class='ocrx_word' id='word_1_292' title='bbox 473 1822 479 1832; x_wconf 88' lang='lat'><strong>,</strong></span> <span class='ocrx_word' id='word_1_293' title='bbox 493 1805 522 1828; x_wconf 92' lang='lat' dir='ltr'><strong>ut</strong></span> <span class='ocrx_word' id='word_1_294' title='bbox 533 1809 614 1833; x_wconf 80' lang='lat' dir='ltr'><strong>oves.</strong></span> <span class='ocrx_word' id='word_1_295' title='bbox 627 1802 758 1837; x_wconf 90' lang='lat' dir='ltr'><strong>populum</strong></span> <span class='ocrx_word' id='word_1_296' title='bbox 770 1803 889 1829; x_wconf 79' lang='lat' dir='ltr'><strong>tuum&quot;.</strong></span> <span class='ocrx_word' id='word_1_297' title='bbox 901 1812 912 1828; x_wconf 72' lang='grc' dir='ltr'><strong>ι</strong></span> 
     </span>
    </p>
   </div>
   <div class='ocr_carea' id='block_1_40' title="bbox 125 1846 914 1882">
    <p class='ocr_par' dir='ltr' id='par_1_40' title="bbox 125 1846 914 1882">
     <span class='ocr_line' id='line_1_40' title="bbox 125 1846 914 1882; baseline 0.004 -9"><span class='ocrx_word' id='word_1_298' title='bbox 125 1846 209 1874; x_wconf 84' lang='lat' dir='ltr'><strong>Isaias</strong></span> <span class='ocrx_word' id='word_1_299' title='bbox 227 1851 318 1874; x_wconf 85' lang='lat' dir='ltr'><strong>autem</strong></span> <span class='ocrx_word' id='word_1_300' title='bbox 337 1847 405 1874; x_wconf 75' lang='lat' dir='ltr'><strong>dixit</strong></span> <span class='ocrx_word' id='word_1_301' title='bbox 427 1848 560 1882; x_wconf 79' lang='lat' dir='ltr'><strong>Spiritum</strong></span> <span class='ocrx_word' id='word_1_302' title='bbox 577 1853 703 1876; x_wconf 88' lang='lat' dir='ltr'><strong>sanctum</strong></span> <span class='ocrx_word' id='word_1_303' title='bbox 720 1849 846 1876; x_wconf 80' lang='lat' dir='ltr'><strong>lsraelem</strong></span> <span class='ocrx_word' id='word_1_304' title='bbox 862 1848 914 1876; x_wconf 87' lang='lat' dir='ltr'><strong>du-</strong></span> 
     </span>
    </p>
   </div>
   <div class='ocr_carea' id='block_1_41' title="bbox 125 1892 914 1930">
    <p class='ocr_par' dir='ltr' id='par_1_41' title="bbox 125 1892 914 1930">
     <span class='ocr_line' id='line_1_41' title="bbox 125 1892 914 1930; baseline 0.004 -11"><span class='ocrx_word' id='word_1_305' title='bbox 125 1893 198 1920; x_wconf 78' lang='lat' dir='ltr'><strong>xisse</strong></span> <span class='ocrx_word' id='word_1_306' title='bbox 210 1893 238 1920; x_wconf 92' lang='lat' dir='ltr'><strong>in</strong></span> <span class='ocrx_word' id='word_1_307' title='bbox 253 1892 413 1921; x_wconf 82' lang='lat' dir='ltr'><strong>solitudine.</strong></span> <span class='ocrx_word' id='word_1_308' title='bbox 429 1893 482 1921; x_wconf 90' lang='lat' dir='ltr'><strong>Sed</strong></span> <span class='ocrx_word' id='word_1_309' title='bbox 499 1894 590 1922; x_wconf 88' lang='lat' dir='ltr'><strong>licebit</strong></span> <span class='ocrx_word' id='word_1_310' title='bbox 603 1896 693 1930; x_wconf 83' lang='lat' dir='ltr'><strong>ipsum</strong></span> <span class='ocrx_word' id='word_1_311' title='bbox 709 1895 805 1922; x_wconf 85' lang='lat' dir='ltr'><strong>audire</strong></span> <span class='ocrx_word' id='word_1_312' title='bbox 819 1895 914 1923; x_wconf 85' lang='lat' dir='ltr'><strong>dicen-</strong></span> 
     </span>
    </p>
   </div>
   <div class='ocr_carea' id='block_1_42' title="bbox 124 1938 914 1976">
    <p class='ocr_par' dir='ltr' id='par_1_42' title="bbox 124 1938 914 1976">
     <span class='ocr_line' id='line_1_42' title="bbox 124 1938 914 1976; baseline 0.005 -12"><span class='ocrx_word' id='word_1_313' title='bbox 124 1943 178 1966; x_wconf 87' lang='lat' dir='ltr'><strong>tem</strong></span> <span class='ocrx_word' id='word_1_314' title='bbox 192 1947 222 1966; x_wconf 67' lang='lat'><strong>:1</strong></span> <span class='ocrx_word' id='word_1_315' title='bbox 235 1938 316 1966; x_wconf 83' lang='lat' dir='ltr'><strong>Duxit</strong></span> <span class='ocrx_word' id='word_1_316' title='bbox 331 1947 378 1967; x_wconf 90' lang='lat' dir='ltr'><strong>eos</strong></span> <span class='ocrx_word' id='word_1_317' title='bbox 394 1947 442 1974; x_wconf 87' lang='lat' dir='ltr'><strong>per</strong></span> <span class='ocrx_word' id='word_1_318' title='bbox 456 1939 601 1975; x_wconf 81' lang='lat' dir='ltr'><strong>abyssum,</strong></span> <span class='ocrx_word' id='word_1_319' title='bbox 618 1941 697 1976; x_wconf 88' lang='lat' dir='ltr'><strong>quasi</strong></span> <span class='ocrx_word' id='word_1_320' title='bbox 713 1948 812 1975; x_wconf 86' lang='lat' dir='ltr'><strong>equum</strong></span> <span class='ocrx_word' id='word_1_321' title='bbox 828 1941 855 1968; x_wconf 92' lang='lat' dir='ltr'><strong>in</strong></span> <span class='ocrx_word' id='word_1_322' title='bbox 871 1949 914 1969; x_wconf 84' lang='lat' dir='ltr'><strong>so-</strong></span> 
     </span>
    </p>
   </div>
   <div class='ocr_carea' id='block_1_43' title="bbox 123 1984 914 2022">
    <p class='ocr_par' dir='ltr' id='par_1_43' title="bbox 123 1984 914 2022">
     <span class='ocr_line' id='line_1_43' title="bbox 123 1984 914 2022; baseline 0.003 -10"><span class='ocrx_word' id='word_1_323' title='bbox 123 1984 249 2018; x_wconf 87' lang='lat' dir='ltr'><strong>litudine,</strong></span> <span class='ocrx_word' id='word_1_324' title='bbox 261 1988 289 2011; x_wconf 89' lang='lat' dir='ltr'><strong>et</strong></span> <span class='ocrx_word' id='word_1_325' title='bbox 302 1992 357 2012; x_wconf 92' lang='lat' dir='ltr'><strong>non</strong></span> <span class='ocrx_word' id='word_1_326' title='bbox 368 1989 431 2012; x_wconf 86' lang='lat' dir='ltr'><strong>sunt</strong></span> <span class='ocrx_word' id='word_1_327' title='bbox 445 1985 549 2021; x_wconf 85' lang='lat' dir='ltr'><strong>fatigati</strong></span> <span class='ocrx_word' id='word_1_328' title='bbox 559 2006 566 2017; x_wconf 89' lang='lat'><em>.</em></span> <span class='ocrx_word' id='word_1_329' title='bbox 579 1991 606 2014; x_wconf 89' lang='lat' dir='ltr'><strong>et</strong></span> <span class='ocrx_word' id='word_1_330' title='bbox 621 1990 651 2013; x_wconf 92' lang='lat' dir='ltr'><strong>ut</strong></span> <span class='ocrx_word' id='word_1_331' title='bbox 667 1994 766 2021; x_wconf 85' lang='lat' dir='ltr'><strong>pecora</strong></span> <span class='ocrx_word' id='word_1_332' title='bbox 779 1995 827 2022; x_wconf 85' lang='lat' dir='ltr'><strong>per</strong></span> <span class='ocrx_word' id='word_1_333' title='bbox 840 1995 914 2014; x_wconf 85' lang='lat' dir='ltr'><strong>catu-</strong></span> 
     </span>
    </p>
   </div>
   <div class='ocr_carea' id='block_1_44' title="bbox 123 2030 910 2066">
    <p class='ocr_par' dir='ltr' id='par_1_44' title="bbox 123 2030 910 2066">
     <span class='ocr_line' id='line_1_44' title="bbox 123 2030 910 2066; baseline 0.001 -9"><span class='ocrx_word' id='word_1_334' title='bbox 123 2038 201 2066; x_wconf 88' lang='lat' dir='ltr'><strong>pum,</strong></span> <span class='ocrx_word' id='word_1_335' title='bbox 211 2030 354 2058; x_wconf 85' lang='lat' dir='ltr'><strong>descendit</strong></span> <span class='ocrx_word' id='word_1_336' title='bbox 368 2030 487 2066; x_wconf 90' lang='lat' dir='ltr'><strong>Spiritus</strong></span> <span class='ocrx_word' id='word_1_337' title='bbox 497 2039 512 2058; x_wconf 92' lang='lat' dir='ltr'><strong>a</strong></span> <span class='ocrx_word' id='word_1_338' title='bbox 523 2031 648 2066; x_wconf 86' lang='lat' dir='ltr'><strong>Domino,</strong></span> <span class='ocrx_word' id='word_1_339' title='bbox 659 2033 775 2065; x_wconf 86' lang='lat' dir='ltr'><strong>et_duxit</strong></span> <span class='ocrx_word' id='word_1_340' title='bbox 783 2032 886 2060; x_wconf 55' lang='lat' dir='ltr'><strong>eos”.</strong></span> <span class='ocrx_word' id='word_1_341' title='bbox 901 2043 910 2058; x_wconf 79' lang='grc' dir='ltr'><strong>ι</strong></span> 
     </span>
    </p>
   </div>
   <div class='ocr_carea' id='block_1_45' title="bbox 122 2077 913 2110">
    <p class='ocr_par' dir='ltr' id='par_1_45' title="bbox 122 2077 913 2110">
     <span class='ocr_line' id='line_1_45' title="bbox 122 2077 913 2110; baseline 0.004 -7"><span class='ocrx_word' id='word_1_342' title='bbox 122 2077 164 2104; x_wconf 76' lang='grc' dir='ltr'><strong>Λᾶ</strong></span> <span class='ocrx_word' id='word_1_343' title='bbox 178 2077 337 2104; x_wconf 85' lang='lat' dir='ltr'><strong>Corinthios</strong></span> <span class='ocrx_word' id='word_1_344' title='bbox 352 2082 442 2105; x_wconf 89' lang='lat' dir='ltr'><strong>autem</strong></span> <span class='ocrx_word' id='word_1_345' title='bbox 454 2097 462 2110; x_wconf 88' lang='lat'><strong>,</strong></span> <span class='ocrx_word' id='word_1_346' title='bbox 487 2078 525 2106; x_wconf 86' lang='lat' dir='ltr'><strong>ait</strong></span> <span class='ocrx_word' id='word_1_347' title='bbox 548 2077 652 2106; x_wconf 79' lang='lat' dir='ltr'><strong>Paulus</strong></span> <span class='ocrx_word' id='word_1_348' title='bbox 669 2079 811 2106; x_wconf 86' lang='lat' dir='ltr'><strong>Christum</strong></span> <span class='ocrx_word' id='word_1_349' title='bbox 828 2078 913 2106; x_wconf 88' lang='lat' dir='ltr'><strong>fuisse</strong></span> 
     </span>
    </p>
   </div>
   <div class='ocr_carea' id='block_1_46' title="bbox 122 2123 913 2160">
    <p class='ocr_par' dir='ltr' id='par_1_46' title="bbox 122 2123 913 2160">
     <span class='ocr_line' id='line_1_46' title="bbox 122 2123 913 2160; baseline 0.005 -10"><span class='ocrx_word' id='word_1_350' title='bbox 122 2123 220 2151; x_wconf 80' lang='lat' dir='ltr'><strong>ducent</strong></span> <span class='ocrx_word' id='word_1_351' title='bbox 232 2134 238 2151; x_wconf 90' lang='lat'><strong>:</strong></span> <span class='ocrx_word' id='word_1_352' title='bbox 251 2133 260 2149; x_wconf 77' lang='grc' dir='ltr'><strong>ι</strong></span> <span class='ocrx_word' id='word_1_353' title='bbox 272 2123 405 2151; x_wconf 83' lang='lat' dir='ltr'><strong>Bibebant</strong></span> <span class='ocrx_word' id='word_1_354' title='bbox 417 2144 424 2157; x_wconf 92' lang='lat'><strong>,</strong></span> <span class='ocrx_word' id='word_1_355' title='bbox 438 2134 447 2150; x_wconf 79' lang='grc' dir='ltr'><strong>ι</strong></span> <span class='ocrx_word' id='word_1_356' title='bbox 459 2124 549 2160; x_wconf 89' lang='lat' dir='ltr'><strong>inquit</strong></span> <span class='ocrx_word' id='word_1_357' title='bbox 560 2145 568 2156; x_wconf 83' lang='lat'>.</span> <span class='ocrx_word' id='word_1_358' title='bbox 581 2134 590 2150; x_wconf 78' lang='grc' dir='ltr'><strong>ι</strong></span> <span class='ocrx_word' id='word_1_359' title='bbox 604 2133 637 2152; x_wconf 78' lang='lat' dir='ltr'><strong>ex</strong></span> <span class='ocrx_word' id='word_1_360' title='bbox 659 2125 795 2160; x_wconf 89' lang='lat' dir='ltr'><strong>spirituali</strong></span> <span class='ocrx_word' id='word_1_361' title='bbox 815 2133 913 2154; x_wconf 87' lang='lat' dir='ltr'><strong>conse-</strong></span> 
     </span>
    </p>
   </div>
   <div class='ocr_carea' id='block_1_47' title="bbox 121 2170 909 2205">
    <p class='ocr_par' dir='ltr' id='par_1_47' title="bbox 121 2170 909 2205">
     <span class='ocr_line' id='line_1_47' title="bbox 121 2170 909 2205; baseline -0.001 -8"><span class='ocrx_word' id='word_1_362' title='bbox 121 2174 222 2205; x_wconf 85' lang='lat' dir='ltr'><strong>quente</strong></span> <span class='ocrx_word' id='word_1_363' title='bbox 236 2177 284 2198; x_wconf 88' lang='lat' dir='ltr'><strong>eos</strong></span> <span class='ocrx_word' id='word_1_364' title='bbox 299 2174 376 2205; x_wconf 88' lang='lat' dir='ltr'><strong>petra</strong></span> <span class='ocrx_word' id='word_1_365' title='bbox 386 2191 395 2203; x_wconf 87' lang='lat'><strong>,</strong></span> <span class='ocrx_word' id='word_1_366' title='bbox 410 2174 487 2205; x_wconf 85' lang='lat' dir='ltr'><strong>petra</strong></span> <span class='ocrx_word' id='word_1_367' title='bbox 503 2174 595 2198; x_wconf 83' lang='lat' dir='ltr'><strong>autem</strong></span> <span class='ocrx_word' id='word_1_368' title='bbox 611 2175 670 2198; x_wconf 87' lang='lat' dir='ltr'><strong>erat</strong></span> <span class='ocrx_word' id='word_1_369' title='bbox 696 2170 824 2199; x_wconf 82' lang='lat' dir='ltr'><strong>Christus</strong></span> <span class='ocrx_word' id='word_1_370' title='bbox 850 2171 884 2199; x_wconf 73' lang='grc'><strong>⁷⁸.</strong></span> <span class='ocrx_word' id='word_1_371' title='bbox 900 2181 909 2196; x_wconf 75' lang='grc' dir='ltr'><strong>ι</strong></span> 
     </span>
    </p>
   </div>
   <div class='ocr_carea' id='block_1_48' title="bbox 122 2215 913 2252">
    <p class='ocr_par' dir='ltr' id='par_1_48' title="bbox 122 2215 913 2252">
     <span class='ocr_line' id='line_1_48' title="bbox 122 2215 913 2252; baseline 0.001 -9"><span class='ocrx_word' id='word_1_372' title='bbox 122 2215 200 2249; x_wconf 87' lang='lat' dir='ltr'><strong>Quod</strong></span> <span class='ocrx_word' id='word_1_373' title='bbox 218 2217 240 2243; x_wconf 89' lang='lat' dir='ltr'><strong>si</strong></span> <span class='ocrx_word' id='word_1_374' title='bbox 255 2216 318 2252; x_wconf 90' lang='lat' dir='ltr'><strong>quis</strong></span> <span class='ocrx_word' id='word_1_375' title='bbox 332 2217 450 2250; x_wconf 77' lang='lat' dir='ltr'><strong>dixerit,</strong></span> <span class='ocrx_word' id='word_1_376' title='bbox 467 2216 599 2251; x_wconf 89' lang='lat' dir='ltr'><strong>Spiritum</strong></span> <span class='ocrx_word' id='word_1_377' title='bbox 615 2217 785 2244; x_wconf 86' lang='lat' dir='ltr'><strong>intercedere</strong></span> <span class='ocrx_word' id='word_1_378' title='bbox 800 2225 849 2252; x_wconf 92' lang='lat' dir='ltr'><strong>pro</strong></span> <span class='ocrx_word' id='word_1_379' title='bbox 864 2225 913 2244; x_wconf 69' lang='lat' dir='ltr'><strong>no—</strong></span> 
     </span>
    </p>
   </div>
   <div class='ocr_carea' id='block_1_49' title="bbox 123 2263 952 2306">
    <p class='ocr_par' dir='ltr' id='par_1_49' title="bbox 123 2263 952 2306">
     <span class='ocr_line' id='line_1_49' title="bbox 123 2263 952 2306; baseline 0.001 -17"><span class='ocrx_word' id='word_1_380' title='bbox 123 2263 164 2290; x_wconf 84' lang='lat' dir='ltr'><strong>his</strong></span> <span class='ocrx_word' id='word_1_381' title='bbox 179 2283 187 2295; x_wconf 86' lang='lat'><strong>,</strong></span> <span class='ocrx_word' id='word_1_382' title='bbox 205 2271 236 2290; x_wconf 82' lang='lat' dir='ltr'><strong>ac</strong></span> <span class='ocrx_word' id='word_1_383' title='bbox 251 2263 381 2298; x_wconf 86' lang='lat' dir='ltr'><strong>proinde,</strong></span> <span class='ocrx_word' id='word_1_384' title='bbox 397 2268 500 2298; x_wconf 78' lang='lat' dir='ltr'><strong>quanto</strong></span> <span class='ocrx_word' id='word_1_385' title='bbox 516 2263 630 2299; x_wconf 80' lang='lat' dir='ltr'><strong>supplex</strong></span> <span class='ocrx_word' id='word_1_386' title='bbox 647 2263 760 2290; x_wconf 89' lang='lat' dir='ltr'><strong>inferior</strong></span> <span class='ocrx_word' id='word_1_387' title='bbox 775 2268 817 2292; x_wconf 81' lang='lat' dir='ltr'><strong>est</strong></span> <span class='ocrx_word' id='word_1_388' title='bbox 832 2263 913 2290; x_wconf 87' lang='lat' dir='ltr'><strong>dato-</strong></span> <span class='ocrx_word' id='word_1_389' title='bbox 928 2277 952 2306; x_wconf 72' lang='grc' dir='ltr'><strong>ο</strong></span> 
     </span>
    </p>
   </div>
   <div class='ocr_carea' id='block_1_50' title="bbox 123 2308 912 2344">
    <p class='ocr_par' dir='ltr' id='par_1_50' title="bbox 123 2308 912 2344">
     <span class='ocr_line' id='line_1_50' title="bbox 123 2308 912 2344; baseline 0.001 -8"><span class='ocrx_word' id='word_1_390' title='bbox 123 2317 168 2341; x_wconf 85' lang='lat' dir='ltr'><strong>re,</strong></span> <span class='ocrx_word' id='word_1_391' title='bbox 185 2312 261 2336; x_wconf 86' lang='lat' dir='ltr'><strong>tanto</strong></span> <span class='ocrx_word' id='word_1_392' title='bbox 275 2316 384 2344; x_wconf 91' lang='lat' dir='ltr'><strong>quoque</strong></span> <span class='ocrx_word' id='word_1_393' title='bbox 405 2308 563 2336; x_wconf 87' lang='lat' dir='ltr'><strong>inferiorem</strong></span> <span class='ocrx_word' id='word_1_394' title='bbox 586 2316 647 2337; x_wconf 82' lang='lat' dir='ltr'><strong>esse</strong></span> <span class='ocrx_word' id='word_1_395' title='bbox 672 2308 824 2344; x_wconf 85' lang='lat' dir='ltr'><strong>Spiritum;</strong></span> <span class='ocrx_word' id='word_1_396' title='bbox 847 2310 912 2337; x_wconf 87' lang='lat' dir='ltr'><strong>huic</strong></span> 
     </span>
    </p>
   </div>
   <div class='ocr_carea' id='block_1_51' title="bbox 122 2355 912 2391">
    <p class='ocr_par' dir='ltr' id='par_1_51' title="bbox 122 2355 912 2391">
     <span class='ocr_line' id='line_1_51' title="bbox 122 2355 912 2391; baseline 0.001 -9"><span class='ocrx_word' id='word_1_397' title='bbox 122 2355 158 2382; x_wconf 86' lang='lat' dir='ltr'><strong>ita</strong></span> <span class='ocrx_word' id='word_1_398' title='bbox 177 2355 405 2390; x_wconf 80' lang='lat' dir='ltr'><strong>respondebimus</strong></span> <span class='ocrx_word' id='word_1_399' title='bbox 434 2365 442 2383; x_wconf 90' lang='lat'><strong>:</strong></span> <span class='ocrx_word' id='word_1_400' title='bbox 469 2355 643 2391; x_wconf 74' lang='lat' dir='ltr'><strong>Unigenitum</strong></span> <span class='ocrx_word' id='word_1_401' title='bbox 666 2355 765 2383; x_wconf 80' lang='lat' dir='ltr'><strong>Filium</strong></span> <span class='ocrx_word' id='word_1_402' title='bbox 794 2364 855 2383; x_wconf 85' lang='lat' dir='ltr'><strong>esse</strong></span> <span class='ocrx_word' id='word_1_403' title='bbox 877 2355 912 2383; x_wconf 88' lang='lat' dir='ltr'><strong>ad</strong></span> 
     </span>
    </p>
   </div>
   <div class='ocr_carea' id='block_1_52' title="bbox 120 2401 913 2437">
    <p class='ocr_par' dir='ltr' id='par_1_52' title="bbox 120 2401 913 2437">
     <span class='ocr_line' id='line_1_52' title="bbox 120 2401 913 2437; baseline 0.004 -10"><span class='ocrx_word' id='word_1_404' title='bbox 120 2402 260 2428; x_wconf 86' lang='lat' dir='ltr'><strong>dexteram</strong></span> <span class='ocrx_word' id='word_1_405' title='bbox 286 2401 351 2433; x_wconf 80' lang='lat' dir='ltr'><strong>Dei,</strong></span> <span class='ocrx_word' id='word_1_406' title='bbox 372 2404 400 2428; x_wconf 90' lang='lat' dir='ltr'><strong>et</strong></span> <span class='ocrx_word' id='word_1_407' title='bbox 422 2401 593 2429; x_wconf 87' lang='lat' dir='ltr'><strong>intercedere</strong></span> <span class='ocrx_word' id='word_1_408' title='bbox 613 2410 663 2437; x_wconf 91' lang='lat' dir='ltr'><strong>pro</strong></span> <span class='ocrx_word' id='word_1_409' title='bbox 685 2403 786 2430; x_wconf 80' lang='lat' dir='ltr'><strong>nobis:</strong></span> <span class='ocrx_word' id='word_1_410' title='bbox 802 2412 810 2428; x_wconf 76' lang='grc' dir='ltr'><strong>ι</strong></span> <span class='ocrx_word' id='word_1_411' title='bbox 823 2402 913 2430; x_wconf 65' lang='lat' dir='ltr'><strong>Nolite</strong></span> 
     </span>
    </p>
   </div>
   <div class='ocr_carea' id='block_1_53' title="bbox 121 2446 907 2483">
    <p class='ocr_par' dir='ltr' id='par_1_53' title="bbox 121 2446 907 2483">
     <span class='ocr_line' id='line_1_53' title="bbox 121 2446 907 2483; baseline 0.004 -11"><span class='ocrx_word' id='word_1_412' title='bbox 121 2446 213 2480; x_wconf 76' lang='lat' dir='ltr'><strong>itaque</strong></span> <span class='ocrx_word' id='word_1_413' title='bbox 233 2446 400 2474; x_wconf 87' lang='lat' dir='ltr'><strong>contristare</strong></span> <span class='ocrx_word' id='word_1_414' title='bbox 421 2446 554 2482; x_wconf 87' lang='lat' dir='ltr'><strong>Spiritum</strong></span> <span class='ocrx_word' id='word_1_415' title='bbox 571 2453 714 2480; x_wconf 78' lang='lat' dir='ltr'><strong>sanctum,</strong></span> <span class='ocrx_word' id='word_1_416' title='bbox 727 2449 822 2483; x_wconf 74' lang='lat' dir='ltr'><strong>)juxta</strong></span> <span class='ocrx_word' id='word_1_417' title='bbox 838 2448 907 2475; x_wconf 82' lang='lat' dir='ltr'><strong>Pau-</strong></span> 
     </span>
    </p>
   </div>
   <div class='ocr_carea' id='block_1_54' title="bbox 120 2492 910 2528">
    <p class='ocr_par' dir='ltr' id='par_1_54' title="bbox 120 2492 910 2528">
     <span class='ocr_line' id='line_1_54' title="bbox 120 2492 910 2528; baseline 0.003 -10"><span class='ocrx_word' id='word_1_418' title='bbox 120 2492 177 2518; x_wconf 90' lang='lat' dir='ltr'><strong>lum</strong></span> <span class='ocrx_word' id='word_1_419' title='bbox 197 2492 238 2523; x_wconf 80' lang='grc'><strong>⁷⁵,</strong></span> <span class='ocrx_word' id='word_1_420' title='bbox 260 2492 297 2519; x_wconf 87' lang='lat' dir='ltr'><strong>ita</strong></span> <span class='ocrx_word' id='word_1_421' title='bbox 320 2492 477 2527; x_wconf 88' lang='lat' dir='ltr'><strong>loquentem</strong></span> <span class='ocrx_word' id='word_1_422' title='bbox 493 2502 521 2518; x_wconf 71' lang='grc' dir='ltr'>ι(</span> <span class='ocrx_word' id='word_1_423' title='bbox 535 2493 565 2519; x_wconf 83' lang='grc' dir='ltr'>1η</span> <span class='ocrx_word' id='word_1_424' title='bbox 590 2500 644 2528; x_wconf 91' lang='lat' dir='ltr'><strong>quo</strong></span> <span class='ocrx_word' id='word_1_425' title='bbox 667 2493 766 2528; x_wconf 81' lang='lat' dir='ltr'><strong>signati</strong></span> <span class='ocrx_word' id='word_1_426' title='bbox 789 2493 858 2521; x_wconf 85' lang='lat' dir='ltr'><strong>estis</strong></span> <span class='ocrx_word' id='word_1_427' title='bbox 882 2493 910 2520; x_wconf 89' lang='lat' dir='ltr'><strong>in</strong></span> 
     </span>
    </p>
   </div>
   <div class='ocr_carea' id='block_1_55' title="bbox 119 2538 907 2574">
    <p class='ocr_par' dir='ltr' id='par_1_55' title="bbox 119 2538 907 2574">
     <span class='ocr_line' id='line_1_55' title="bbox 119 2538 907 2574; baseline 0.003 -10"><span class='ocrx_word' id='word_1_428' title='bbox 119 2538 189 2565; x_wconf 89' lang='lat' dir='ltr'><strong>diem</strong></span> <span class='ocrx_word' id='word_1_429' title='bbox 201 2538 404 2572; x_wconf 84' lang='lat' dir='ltr'><strong>redemptionis.</strong></span> <span class='ocrx_word' id='word_1_430' title='bbox 420 2548 428 2563; x_wconf 78' lang='grc' dir='ltr'><strong>ι</strong></span> <span class='ocrx_word' id='word_1_431' title='bbox 439 2538 511 2571; x_wconf 85' lang='lat' dir='ltr'><strong>Quin</strong></span> <span class='ocrx_word' id='word_1_432' title='bbox 519 2543 546 2566; x_wconf 91' lang='lat' dir='ltr'><strong>et</strong></span> <span class='ocrx_word' id='word_1_433' title='bbox 556 2538 712 2574; x_wconf 84' lang='lat' dir='ltr'><strong>Stephanus</strong></span> <span class='ocrx_word' id='word_1_434' title='bbox 723 2539 758 2566; x_wconf 88' lang='lat' dir='ltr'><strong>ita</strong></span> <span class='ocrx_word' id='word_1_435' title='bbox 769 2539 907 2574; x_wconf 85' lang='lat' dir='ltr'><strong>loquitur:</strong></span> 
     </span>
    </p>
   </div>
   <div class='ocr_carea' id='block_1_56' title="bbox 145 2582 907 2619">
    <p class='ocr_par' dir='ltr' id='par_1_56' title="bbox 145 2582 907 2619">
     <span class='ocr_line' id='line_1_56' title="bbox 145 2582 907 2619; baseline 0.001 -10"><span class='ocrx_word' id='word_1_436' title='bbox 145 2583 198 2610; x_wconf 85' lang='lat' dir='ltr'><strong>Vos</strong></span> <span class='ocrx_word' id='word_1_437' title='bbox 213 2591 321 2618; x_wconf 89' lang='lat' dir='ltr'><strong>semper</strong></span> <span class='ocrx_word' id='word_1_438' title='bbox 331 2582 444 2618; x_wconf 88' lang='lat' dir='ltr'><strong>Spiritui</strong></span> <span class='ocrx_word' id='word_1_439' title='bbox 455 2588 551 2612; x_wconf 84' lang='lat' dir='ltr'><strong>sancto</strong></span> <span class='ocrx_word' id='word_1_440' title='bbox 565 2585 712 2616; x_wconf 84' lang='lat' dir='ltr'><strong>obsistitis,</strong></span> <span class='ocrx_word' id='word_1_441' title='bbox 730 2585 801 2612; x_wconf 87' lang='lat' dir='ltr'><strong>sicut</strong></span> <span class='ocrx_word' id='word_1_442' title='bbox 815 2589 907 2619; x_wconf 89' lang='lat' dir='ltr'><strong>patres</strong></span> 
     </span>
    </p>
   </div>
   <div class='ocr_carea' id='block_1_57' title="bbox 155 2671 714 2706">
    <p class='ocr_par' dir='ltr' id='par_1_57' title="bbox 155 2671 714 2706">
     <span class='ocr_line' id='line_1_57' title="bbox 155 2671 714 2706; baseline 0.007 -8"><span class='ocrx_word' id='word_1_443' title='bbox 155 2671 201 2698; x_wconf 81' lang='lat' dir='ltr'><strong>“l</strong></span> <span class='ocrx_word' id='word_1_444' title='bbox 218 2672 281 2699; x_wconf 83' lang='lat' dir='ltr'><strong>Cor.</strong></span> <span class='ocrx_word' id='word_1_445' title='bbox 302 2681 339 2704; x_wconf 67' lang='grc' dir='ltr'><strong>γι,</strong></span> <span class='ocrx_word' id='word_1_446' title='bbox 357 2673 400 2699; x_wconf 80' lang='lat' dir='ltr'><strong>ll.</strong></span> <span class='ocrx_word' id='word_1_447' title='bbox 439 2673 461 2688; x_wconf 80' lang='grc' dir='ltr'><strong>θ’</strong></span> <span class='ocrx_word' id='word_1_448' title='bbox 476 2673 550 2701; x_wconf 85' lang='lat' dir='ltr'><strong>Psal.</strong></span> <span class='ocrx_word' id='word_1_449' title='bbox 576 2683 623 2701; x_wconf 88' lang='lat' dir='ltr'><strong>cttt</strong></span> <span class='ocrx_word' id='word_1_450' title='bbox 637 2696 643 2706; x_wconf 86' lang='lat'><strong>,</strong></span> <span class='ocrx_word' id='word_1_451' title='bbox 670 2677 714 2704; x_wconf 81' lang='lat'><strong>50.</strong></span> 
     </span>
    </p>
   </div>
   <div class='ocr_carea' id='block_1_58' title="bbox 926 1583 948 1612">
    <p class='ocr_par' dir='ltr' id='par_1_58' title="bbox 926 1583 948 1612">
     <span class='ocr_line' id='line_1_58' title="bbox 926 1583 948 1612; baseline 0 0"><span class='ocrx_word' id='word_1_452' title='bbox 926 1583 948 1612; x_wconf 89' lang='lat' dir='ltr'><strong>C</strong></span> 
     </span>
    </p>
   </div>
   <div class='ocr_carea' id='block_1_59' title="bbox 770 2675 1041 2706">
    <p class='ocr_par' dir='ltr' id='par_1_59' title="bbox 770 2675 1041 2706">
     <span class='ocr_line' id='line_1_59' title="bbox 770 2675 1041 2706; baseline 0.004 -5"><span class='ocrx_word' id='word_1_453' title='bbox 770 2676 792 2691; x_wconf 70' lang='grc'><strong>⁸³</strong></span> <span class='ocrx_word' id='word_1_454' title='bbox 808 2675 887 2702; x_wconf 77' lang='lat' dir='ltr'><strong>Rom.</strong></span> <span class='ocrx_word' id='word_1_455' title='bbox 918 2682 979 2706; x_wconf 84' lang='lat' dir='ltr'><strong>vttt,</strong></span> <span class='ocrx_word' id='word_1_456' title='bbox 998 2675 1041 2702; x_wconf 80' lang='grc' dir='ltr'><strong>Η.</strong></span> 
     </span>
    </p>
   </div>
   <div class='ocr_carea' id='block_1_60' title="bbox 964 261 1757 300">
    <p class='ocr_par' dir='ltr' id='par_1_60' title="bbox 964 261 1757 300">
     <span class='ocr_line' id='line_1_60' title="bbox 964 261 1757 300; baseline 0.003 -12"><span class='ocrx_word' id='word_1_457' title='bbox 964 271 1010 294; x_wconf 87' lang='grc' dir='ltr'><strong>τος</strong></span> <span class='ocrx_word' id='word_1_458' title='bbox 1033 261 1081 288; x_wconf 80' lang='grc' dir='ltr'><strong>τοῦ</strong></span> <span class='ocrx_word' id='word_1_459' title='bbox 1106 262 1277 298; x_wconf 78' lang='grc' dir='ltr'>Πνεύματος,</span> <span class='ocrx_word' id='word_1_460' title='bbox 1300 262 1443 298; x_wconf 82' lang='grc' dir='ltr'>ἁμαρτιῶν</span> <span class='ocrx_word' id='word_1_461' title='bbox 1464 262 1653 298; x_wconf 66' lang='grc' dir='ltr'><strong>ἀπολύτρωσις</strong></span> <span class='ocrx_word' id='word_1_462' title='bbox 1671 263 1701 290; x_wconf 86' lang='grc' dir='ltr'><strong>ἐν</strong></span> <span class='ocrx_word' id='word_1_463' title='bbox 1720 265 1757 300; x_wconf 78' lang='grc' dir='ltr'>τῇ</span> 
     </span>
    </p>
   </div>
   <div class='ocr_carea' id='block_1_61' title="bbox 964 306 1757 344">
    <p class='ocr_par' dir='ltr' id='par_1_61' title="bbox 964 306 1757 344">
     <span class='ocr_line' id='line_1_61' title="bbox 964 306 1757 344; baseline 0.001 -10"><span class='ocrx_word' id='word_1_464' title='bbox 964 307 1055 344; x_wconf 86' lang='grc' dir='ltr'>χάριτι</span> <span class='ocrx_word' id='word_1_465' title='bbox 1079 307 1126 334; x_wconf 84' lang='grc' dir='ltr'><strong>τοῦ</strong></span> <span class='ocrx_word' id='word_1_466' title='bbox 1151 307 1324 343; x_wconf 80' lang='grc' dir='ltr'>Πνεύματος·</span> <span class='ocrx_word' id='word_1_467' title='bbox 1350 316 1361 333; x_wconf 68' lang='grc' dir='ltr'><strong>ι</strong></span> <span class='ocrx_word' id='word_1_468' title='bbox 1397 306 1594 333; x_wconf 79' lang='grc' dir='ltr'>’Δπελούσασθε</span> <span class='ocrx_word' id='word_1_469' title='bbox 1609 306 1680 342; x_wconf 84' lang='grc' dir='ltr'>γὰρ,</span> <span class='ocrx_word' id='word_1_470' title='bbox 1709 309 1757 335; x_wconf 78' lang='grc' dir='ltr'>καὶ</span> 
     </span>
    </p>
   </div>
   <div class='ocr_carea' id='block_1_62' title="bbox 964 352 1758 390">
    <p class='ocr_par' dir='ltr' id='par_1_62' title="bbox 964 352 1758 390">
     <span class='ocr_line' id='line_1_62' title="bbox 964 352 1758 390; baseline 0 -10"><span class='ocrx_word' id='word_1_471' title='bbox 964 353 1114 390; x_wconf 77' lang='grc' dir='ltr'><strong>ἡγιάσθητε</strong></span> <span class='ocrx_word' id='word_1_472' title='bbox 1129 354 1158 381; x_wconf 86' lang='grc' dir='ltr'><strong>ἐν</strong></span> <span class='ocrx_word' id='word_1_473' title='bbox 1176 353 1215 389; x_wconf 84' lang='grc' dir='ltr'><strong>τῷ</strong></span> <span class='ocrx_word' id='word_1_474' title='bbox 1229 353 1341 389; x_wconf 80' lang='grc' dir='ltr'>ὀνόματι</span> <span class='ocrx_word' id='word_1_475' title='bbox 1354 352 1402 380; x_wconf 88' lang='grc' dir='ltr'><strong>τοῦ</strong></span> <span class='ocrx_word' id='word_1_476' title='bbox 1421 353 1523 389; x_wconf 82' lang='grc' dir='ltr'>Κυρίου</span> <span class='ocrx_word' id='word_1_477' title='bbox 1537 352 1616 388; x_wconf 75' lang='grc' dir='ltr'>ἡμῶν</span> <span class='ocrx_word' id='word_1_478' title='bbox 1631 353 1687 390; x_wconf 71' lang='grc'>(75)</span> <span class='ocrx_word' id='word_1_479' title='bbox 1703 354 1758 388; x_wconf 81' lang='grc' dir='ltr'><strong>⁷1η-</strong></span> 
     </span>
    </p>
   </div>
   <div class='ocr_carea' id='block_1_63' title="bbox 965 398 1758 436">
    <p class='ocr_par' dir='ltr' id='par_1_63' title="bbox 965 398 1758 436">
     <span class='ocr_line' id='line_1_63' title="bbox 965 398 1758 436; baseline -0.001 -10"><span class='ocrx_word' id='word_1_480' title='bbox 965 399 1013 426; x_wconf 85' lang='grc' dir='ltr'><strong>σοῦ</strong></span> <span class='ocrx_word' id='word_1_481' title='bbox 1028 399 1159 436; x_wconf 80' lang='grc' dir='ltr'><strong>Χριστοῦ,</strong></span> <span class='ocrx_word' id='word_1_482' title='bbox 1172 400 1219 426; x_wconf 83' lang='grc' dir='ltr'><strong>καί</strong></span> <span class='ocrx_word' id='word_1_483' title='bbox 1232 400 1261 426; x_wconf 85' lang='grc' dir='ltr'><strong>ἐν</strong></span> <span class='ocrx_word' id='word_1_484' title='bbox 1273 399 1313 435; x_wconf 85' lang='grc' dir='ltr'>τῷ</span> <span class='ocrx_word' id='word_1_485' title='bbox 1334 399 1473 433; x_wconf 83' lang='grc' dir='ltr'>Πνεύματι</span> <span class='ocrx_word' id='word_1_486' title='bbox 1490 398 1528 434; x_wconf 83' lang='grc' dir='ltr'>τῷ</span> <span class='ocrx_word' id='word_1_487' title='bbox 1541 398 1622 434; x_wconf 82' lang='grc' dir='ltr'>ἁγίῳ.</span> <span class='ocrx_word' id='word_1_488' title='bbox 1645 408 1654 424; x_wconf 77' lang='grc' dir='ltr'><strong>ι</strong></span> <span class='ocrx_word' id='word_1_489' title='bbox 1679 399 1710 425; x_wconf 85' lang='grc' dir='ltr'><strong><em>Ἡ</em></strong></span> <span class='ocrx_word' id='word_1_490' title='bbox 1725 400 1758 425; x_wconf 82' lang='grc' dir='ltr'><strong>ἐκ</strong></span> 
     </span>
    </p>
   </div>
   <div class='ocr_carea' id='block_1_64' title="bbox 964 444 1757 483">
    <p class='ocr_par' dir='ltr' id='par_1_64' title="bbox 964 444 1757 483">
     <span class='ocr_line' id='line_1_64' title="bbox 964 444 1757 483; baseline -0.003 -9"><span class='ocrx_word' id='word_1_491' title='bbox 964 447 1069 483; x_wconf 77' lang='grc' dir='ltr'>νεκρῶν</span> <span class='ocrx_word' id='word_1_492' title='bbox 1099 447 1284 478; x_wconf 80' lang='grc' dir='ltr'>ἐπανάστασις</span> <span class='ocrx_word' id='word_1_493' title='bbox 1308 447 1342 482; x_wconf 84' lang='grc' dir='ltr'><strong>τῇ</strong></span> <span class='ocrx_word' id='word_1_494' title='bbox 1368 447 1494 482; x_wconf 75' lang='grc' dir='ltr'><strong>ἐνεργείᾳ</strong></span> <span class='ocrx_word' id='word_1_495' title='bbox 1513 445 1560 473; x_wconf 83' lang='grc' dir='ltr'><strong>τοῦ</strong></span> <span class='ocrx_word' id='word_1_496' title='bbox 1588 444 1757 481; x_wconf 78' lang='grc' dir='ltr'><strong>Πνεύματος⁸</strong></span> 
     </span>
    </p>
   </div>
   <div class='ocr_carea' id='block_1_65' title="bbox 968 491 1757 528">
    <p class='ocr_par' dir='ltr' id='par_1_65' title="bbox 968 491 1757 528">
     <span class='ocr_line' id='line_1_65' title="bbox 968 491 1757 528; baseline -0.003 -8"><span class='ocrx_word' id='word_1_497' title='bbox 968 503 977 520; x_wconf 76' lang='grc' dir='ltr'><strong>ε</strong></span> <span class='ocrx_word' id='word_1_498' title='bbox 1003 493 1207 526; x_wconf 75' lang='grc' dir='ltr'>Ἐξαποστελείς</span> <span class='ocrx_word' id='word_1_499' title='bbox 1226 492 1276 528; x_wconf 74' lang='grc' dir='ltr'><strong>γὰρ</strong></span> <span class='ocrx_word' id='word_1_500' title='bbox 1289 492 1320 520; x_wconf 80' lang='grc' dir='ltr'>τὸ</span> <span class='ocrx_word' id='word_1_501' title='bbox 1334 493 1446 528; x_wconf 85' lang='grc' dir='ltr'>Πνεῦμά</span> <span class='ocrx_word' id='word_1_502' title='bbox 1462 501 1521 526; x_wconf 87' lang='grc' dir='ltr'>σου,</span> <span class='ocrx_word' id='word_1_503' title='bbox 1538 493 1586 519; x_wconf 79' lang='grc' dir='ltr'>καὶ</span> <span class='ocrx_word' id='word_1_504' title='bbox 1598 491 1757 528; x_wconf 82' lang='grc' dir='ltr'>κτισθήσον-</span> 
     </span>
    </p>
   </div>
   <div class='ocr_carea' id='block_1_66' title="bbox 964 539 1758 575">
    <p class='ocr_par' dir='ltr' id='par_1_66' title="bbox 964 539 1758 575">
     <span class='ocr_line' id='line_1_66' title="bbox 964 539 1758 575; baseline -0.003 -8"><span class='ocrx_word' id='word_1_505' title='bbox 964 549 1026 568; x_wconf 85' lang='grc' dir='ltr'>ται·</span> <span class='ocrx_word' id='word_1_506' title='bbox 1046 541 1093 567; x_wconf 79' lang='grc' dir='ltr'>καὶ</span> <span class='ocrx_word' id='word_1_507' title='bbox 1110 540 1278 572; x_wconf 84' lang='grc' dir='ltr'>ἀνακαινιεῖς</span> <span class='ocrx_word' id='word_1_508' title='bbox 1301 539 1331 566; x_wconf 80' lang='grc' dir='ltr'><strong>τὸ</strong></span> <span class='ocrx_word' id='word_1_509' title='bbox 1353 540 1499 575; x_wconf 82' lang='grc' dir='ltr'>πρόσωπον</span> <span class='ocrx_word' id='word_1_510' title='bbox 1517 539 1568 575; x_wconf 83' lang='grc' dir='ltr'>τῆς</span> <span class='ocrx_word' id='word_1_511' title='bbox 1589 539 1650 574; x_wconf 84' lang='grc' dir='ltr'>γῆς.</span> <span class='ocrx_word' id='word_1_512' title='bbox 1671 548 1682 565; x_wconf 68' lang='grc' dir='ltr'><em>υ</em></span> <span class='ocrx_word' id='word_1_513' title='bbox 1702 539 1758 566; x_wconf 69' lang='grc' dir='ltr'><strong>Καὶ</strong></span> 
     </span>
    </p>
   </div>
   <div class='ocr_carea' id='block_1_67' title="bbox 965 584 1759 622">
    <p class='ocr_par' dir='ltr' id='par_1_67' title="bbox 965 584 1759 622">
     <span class='ocr_line' id='line_1_67' title="bbox 965 584 1759 622; baseline -0.005 -7"><span class='ocrx_word' id='word_1_514' title='bbox 965 589 1046 615; x_wconf 78' lang='grc' dir='ltr'>πάλιν</span> <span class='ocrx_word' id='word_1_515' title='bbox 1062 588 1159 622; x_wconf 80' lang='grc' dir='ltr'>λέγει·</span> <span class='ocrx_word' id='word_1_516' title='bbox 1180 597 1189 613; x_wconf 71' lang='grc' dir='ltr'><strong>ι</strong></span> <span class='ocrx_word' id='word_1_517' title='bbox 1208 587 1238 613; x_wconf 83' lang='grc' dir='ltr'><strong>Εἰ</strong></span> <span class='ocrx_word' id='word_1_518' title='bbox 1253 586 1282 613; x_wconf 81' lang='grc' dir='ltr'><strong>δὲ</strong></span> <span class='ocrx_word' id='word_1_519' title='bbox 1296 586 1326 613; x_wconf 80' lang='grc' dir='ltr'>τὸ</span> <span class='ocrx_word' id='word_1_520' title='bbox 1343 587 1464 622; x_wconf 77' lang='grc' dir='ltr'><strong>Πνεῦμα,</strong></span> <span class='ocrx_word' id='word_1_521' title='bbox 1483 586 1513 612; x_wconf 83' lang='grc' dir='ltr'>τδ</span> <span class='ocrx_word' id='word_1_522' title='bbox 1525 587 1634 621; x_wconf 82' lang='grc' dir='ltr'>ἐγεῖραν</span> <span class='ocrx_word' id='word_1_523' title='bbox 1655 584 1759 620; x_wconf 83' lang='grc' dir='ltr'>Ἰησοῦν</span> 
     </span>
    </p>
   </div>
   <div class='ocr_carea' id='block_1_68' title="bbox 965 630 1760 669">
    <p class='ocr_par' dir='ltr' id='par_1_68' title="bbox 965 630 1760 669">
     <span class='ocr_line' id='line_1_68' title="bbox 965 630 1760 669; baseline -0.005 -8"><span class='ocrx_word' id='word_1_524' title='bbox 965 637 997 662; x_wconf 79' lang='grc' dir='ltr'><strong>ἐκ</strong></span> <span class='ocrx_word' id='word_1_525' title='bbox 1009 634 1124 669; x_wconf 78' lang='grc' dir='ltr'>νεκρῶν.</span> <span class='ocrx_word' id='word_1_526' title='bbox 1143 643 1152 659; x_wconf 68' lang='grc' dir='ltr'><strong>ι</strong></span> <span class='ocrx_word' id='word_1_527' title='bbox 1170 633 1203 659; x_wconf 82' lang='grc' dir='ltr'><strong>Εἴ</strong></span> <span class='ocrx_word' id='word_1_528' title='bbox 1224 641 1266 665; x_wconf 87' lang='grc' dir='ltr'><strong>τις</strong></span> <span class='ocrx_word' id='word_1_529' title='bbox 1291 630 1337 659; x_wconf 80' lang='grc' dir='ltr'>οὖν</span> <span class='ocrx_word' id='word_1_530' title='bbox 1352 633 1401 668; x_wconf 83' lang='grc' dir='ltr'>τὴν</span> <span class='ocrx_word' id='word_1_531' title='bbox 1416 632 1504 659; x_wconf 81' lang='grc' dir='ltr'><strong>κτίσιν</strong></span> <span class='ocrx_word' id='word_1_532' title='bbox 1523 631 1688 667; x_wconf 81' lang='grc' dir='ltr'>ἐκλαμϐάνει</span> <span class='ocrx_word' id='word_1_533' title='bbox 1711 631 1760 657; x_wconf 75' lang='grc' dir='ltr'><strong>ἐπὶ</strong></span> 
     </span>
    </p>
   </div>
   <div class='ocr_carea' id='block_1_69' title="bbox 965 677 1758 717">
    <p class='ocr_par' dir='ltr' id='par_1_69' title="bbox 965 677 1758 717">
     <span class='ocr_line' id='line_1_69' title="bbox 965 677 1758 717; baseline -0.004 -10"><span class='ocrx_word' id='word_1_534' title='bbox 965 682 1014 717; x_wconf 78' lang='grc' dir='ltr'>τῆς</span> <span class='ocrx_word' id='word_1_535' title='bbox 1036 680 1089 707; x_wconf 78' lang='grc' dir='ltr'>τῶν</span> <span class='ocrx_word' id='word_1_536' title='bbox 1111 679 1290 707; x_wconf 80' lang='grc' dir='ltr'>διαλυθέντων</span> <span class='ocrx_word' id='word_1_537' title='bbox 1311 678 1495 711; x_wconf 83' lang='grc' dir='ltr'>ἀναϐιώσεως,</span> <span class='ocrx_word' id='word_1_538' title='bbox 1520 678 1578 710; x_wconf 84' lang='grc' dir='ltr'>πῶς</span> <span class='ocrx_word' id='word_1_539' title='bbox 1595 677 1627 704; x_wconf 80' lang='grc' dir='ltr'>οὐ</span> <span class='ocrx_word' id='word_1_540' title='bbox 1652 677 1758 713; x_wconf 80' lang='grc' dir='ltr'><strong>μεγάλη</strong></span> 
     </span>
    </p>
   </div>
   <div class='ocr_carea' id='block_1_70' title="bbox 965 724 1761 762">
    <p class='ocr_par' dir='ltr' id='par_1_70' title="bbox 965 724 1761 762">
     <span class='ocr_line' id='line_1_70' title="bbox 965 724 1761 762; baseline -0.004 -9"><span class='ocrx_word' id='word_1_541' title='bbox 965 727 1012 754; x_wconf 81' lang='grc' dir='ltr'><strong>τοῦ</strong></span> <span class='ocrx_word' id='word_1_542' title='bbox 1028 726 1186 762; x_wconf 81' lang='grc' dir='ltr'>Πνεύματος</span> <span class='ocrx_word' id='word_1_543' title='bbox 1209 727 1226 761; x_wconf 83' lang='grc' dir='ltr'>ἡ</span> <span class='ocrx_word' id='word_1_544' title='bbox 1246 725 1380 761; x_wconf 79' lang='grc' dir='ltr'>ἐνέργεια,</span> <span class='ocrx_word' id='word_1_545' title='bbox 1395 725 1442 752; x_wconf 81' lang='grc' dir='ltr'><strong>τοῦ</strong></span> <span class='ocrx_word' id='word_1_546' title='bbox 1464 724 1669 760; x_wconf 79' lang='grc' dir='ltr'>οἰκονομοῦντος</span> <span class='ocrx_word' id='word_1_547' title='bbox 1691 725 1761 760; x_wconf 82' lang='grc' dir='ltr'>ἡμῖν</span> 
     </span>
    </p>
   </div>
   <div class='ocr_carea' id='block_1_71' title="bbox 966 770 1760 807">
    <p class='ocr_par' dir='ltr' id='par_1_71' title="bbox 966 770 1760 807">
     <span class='ocr_line' id='line_1_71' title="bbox 966 770 1760 807; baseline -0.005 -7"><span class='ocrx_word' id='word_1_548' title='bbox 966 773 1011 800; x_wconf 78' lang='grc' dir='ltr'>τὸν</span> <span class='ocrx_word' id='word_1_549' title='bbox 1026 773 1056 805; x_wconf 78' lang='grc' dir='ltr'>ἐξ</span> <span class='ocrx_word' id='word_1_550' title='bbox 1073 773 1249 804; x_wconf 67' lang='grc' dir='ltr'><strong>ἀναστάσεως</strong></span> <span class='ocrx_word' id='word_1_551' title='bbox 1266 772 1334 807; x_wconf 83' lang='grc' dir='ltr'>βίον,</span> <span class='ocrx_word' id='word_1_552' title='bbox 1350 771 1398 798; x_wconf 73' lang='grc' dir='ltr'>καὶ</span> <span class='ocrx_word' id='word_1_553' title='bbox 1420 771 1489 806; x_wconf 81' lang='grc' dir='ltr'>πρὸς</span> <span class='ocrx_word' id='word_1_554' title='bbox 1504 771 1554 805; x_wconf 78' lang='grc' dir='ltr'>τὴν</span> <span class='ocrx_word' id='word_1_555' title='bbox 1569 770 1760 806; x_wconf 82' lang='grc' dir='ltr'>πνευματικὴν</span> 
     </span>
    </p>
   </div>
   <div class='ocr_carea' id='block_1_72' title="bbox 965 816 1758 854">
    <p class='ocr_par' dir='ltr' id='par_1_72' title="bbox 965 816 1758 854">
     <span class='ocr_line' id='line_1_72' title="bbox 965 816 1758 854; baseline -0.005 -8"><span class='ocrx_word' id='word_1_556' title='bbox 965 819 1074 854; x_wconf 78' lang='grc' dir='ltr'>ἐκείνην</span> <span class='ocrx_word' id='word_1_557' title='bbox 1099 817 1172 854; x_wconf 77' lang='grc' dir='ltr'><strong>ζωὴν</strong></span> <span class='ocrx_word' id='word_1_558' title='bbox 1193 818 1243 849; x_wconf 79' lang='grc' dir='ltr'>τὰς</span> <span class='ocrx_word' id='word_1_559' title='bbox 1264 817 1354 853; x_wconf 74' lang='grc' dir='ltr'>ψυχὰς</span> <span class='ocrx_word' id='word_1_560' title='bbox 1377 817 1456 852; x_wconf 81' lang='grc' dir='ltr'>ἡμῶν</span> <span class='ocrx_word' id='word_1_561' title='bbox 1474 816 1758 852; x_wconf 78' lang='grc' dir='ltr'>μεταρῤυθμίζοντος;</span> 
     </span>
    </p>
   </div>
   <div class='ocr_carea' id='block_1_73' title="bbox 967 862 1760 900">
    <p class='ocr_par' dir='ltr' id='par_1_73' title="bbox 967 862 1760 900">
     <span class='ocr_line' id='line_1_73' title="bbox 967 862 1760 900; baseline -0.004 -9"><span class='ocrx_word' id='word_1_562' title='bbox 967 865 1022 892; x_wconf 79' lang='grc' dir='ltr'>εἴτε</span> <span class='ocrx_word' id='word_1_563' title='bbox 1035 865 1140 899; x_wconf 81' lang='grc' dir='ltr'>λέγοιτο</span> <span class='ocrx_word' id='word_1_564' title='bbox 1158 865 1247 896; x_wconf 79' lang='grc' dir='ltr'>κτίσις</span> <span class='ocrx_word' id='word_1_565' title='bbox 1261 865 1277 900; x_wconf 83' lang='grc' dir='ltr'>ἡ</span> <span class='ocrx_word' id='word_1_566' title='bbox 1298 863 1414 891; x_wconf 84' lang='grc' dir='ltr'>ἐνταῦθα</span> <span class='ocrx_word' id='word_1_567' title='bbox 1432 863 1485 890; x_wconf 83' lang='grc' dir='ltr'>τῶν</span> <span class='ocrx_word' id='word_1_568' title='bbox 1500 862 1529 895; x_wconf 79' lang='grc' dir='ltr'>ἐξ</span> <span class='ocrx_word' id='word_1_569' title='bbox 1545 862 1686 898; x_wconf 82' lang='grc' dir='ltr'>ἁμαρτιῶν</span> <span class='ocrx_word' id='word_1_570' title='bbox 1699 863 1760 889; x_wconf 89' lang='grc' dir='ltr'>δια-</span> 
     </span>
    </p>
   </div>
   <div class='ocr_carea' id='block_1_74' title="bbox 931 901 1760 945">
    <p class='ocr_par' dir='ltr' id='par_1_74' title="bbox 931 901 1760 945">
     <span class='ocr_line' id='line_1_74' title="bbox 931 901 1760 945; baseline -0.004 -7"><span class='ocrx_word' id='word_1_571' title='bbox 931 901 952 928; x_wconf 73' lang='lat' dir='ltr'><strong>B</strong></span> <span class='ocrx_word' id='word_1_572' title='bbox 968 911 1150 938; x_wconf 72' lang='grc' dir='ltr'><strong>πεπτωκότων</strong></span> <span class='ocrx_word' id='word_1_573' title='bbox 1166 911 1213 937; x_wconf 78' lang='grc' dir='ltr'>ἐπὶ</span> <span class='ocrx_word' id='word_1_574' title='bbox 1227 911 1258 936; x_wconf 86' lang='grc' dir='ltr'>τὸ</span> <span class='ocrx_word' id='word_1_575' title='bbox 1282 910 1384 945; x_wconf 80' lang='grc' dir='ltr'>βέλτιον</span> <span class='ocrx_word' id='word_1_576' title='bbox 1396 909 1600 945; x_wconf 76' lang='grc' dir='ltr'><strong>μετακόσμησις</strong></span> <span class='ocrx_word' id='word_1_577' title='bbox 1610 917 1616 924; x_wconf 90' lang='grc'><strong>·</strong></span> <span class='ocrx_word' id='word_1_578' title='bbox 1638 908 1760 943; x_wconf 77' lang='grc' dir='ltr'>(λέγεται</span> 
     </span>
    </p>
   </div>
   <div class='ocr_carea' id='block_1_75' title="bbox 968 955 1760 992">
    <p class='ocr_par' dir='ltr' id='par_1_75' title="bbox 968 955 1760 992">
     <span class='ocr_line' id='line_1_75' title="bbox 968 955 1760 992; baseline -0.003 -8"><span class='ocrx_word' id='word_1_579' title='bbox 968 957 1022 992; x_wconf 83' lang='grc' dir='ltr'><strong>γὰρ</strong></span> <span class='ocrx_word' id='word_1_580' title='bbox 1037 958 1084 983; x_wconf 82' lang='grc' dir='ltr'>καὶ</span> <span class='ocrx_word' id='word_1_581' title='bbox 1100 957 1172 984; x_wconf 76' lang='grc' dir='ltr'>οὕτω</span> <span class='ocrx_word' id='word_1_582' title='bbox 1187 956 1257 983; x_wconf 80' lang='grc' dir='ltr'>κατὰ</span> <span class='ocrx_word' id='word_1_583' title='bbox 1271 957 1321 992; x_wconf 85' lang='grc' dir='ltr'>τὴν</span> <span class='ocrx_word' id='word_1_584' title='bbox 1342 956 1487 991; x_wconf 75' lang='grc' dir='ltr'>συνήθειαν</span> <span class='ocrx_word' id='word_1_585' title='bbox 1499 956 1548 991; x_wconf 83' lang='grc' dir='ltr'>τῆς</span> <span class='ocrx_word' id='word_1_586' title='bbox 1564 955 1684 992; x_wconf 80' lang='grc' dir='ltr'>Γραφῆς,</span> <span class='ocrx_word' id='word_1_587' title='bbox 1694 955 1760 982; x_wconf 81' lang='grc' dir='ltr'>ὅταν</span> 
     </span>
    </p>
   </div>
   <div class='ocr_carea' id='block_1_76' title="bbox 969 1001 1759 1039">
    <p class='ocr_par' dir='ltr' id='par_1_76' title="bbox 969 1001 1759 1039">
     <span class='ocr_line' id='line_1_76' title="bbox 969 1001 1759 1039; baseline -0.003 -10"><span class='ocrx_word' id='word_1_588' title='bbox 969 1003 1074 1035; x_wconf 83' lang='grc' dir='ltr'>Παῦλος</span> <span class='ocrx_word' id='word_1_589' title='bbox 1090 1003 1173 1039; x_wconf 81' lang='grc' dir='ltr'>λέγῃ·</span> <span class='ocrx_word' id='word_1_590' title='bbox 1198 1012 1207 1028; x_wconf 78' lang='lat' dir='ltr'><strong>t</strong></span> <span class='ocrx_word' id='word_1_591' title='bbox 1232 1004 1267 1030; x_wconf 71' lang='grc' dir='ltr'><strong>Εἴ</strong></span> <span class='ocrx_word' id='word_1_592' title='bbox 1277 1012 1320 1034; x_wconf 78' lang='grc' dir='ltr'><strong>τις</strong></span> <span class='ocrx_word' id='word_1_593' title='bbox 1339 1003 1368 1030; x_wconf 88' lang='grc' dir='ltr'><strong>ἐν</strong></span> <span class='ocrx_word' id='word_1_594' title='bbox 1390 1002 1500 1038; x_wconf 81' lang='grc' dir='ltr'>Χριστῷ</span> <span class='ocrx_word' id='word_1_595' title='bbox 1522 1002 1602 1037; x_wconf 81' lang='grc' dir='ltr'>καινὴ</span> <span class='ocrx_word' id='word_1_596' title='bbox 1623 1001 1727 1033; x_wconf 84' lang='grc' dir='ltr'>κτίσις·</span> <span class='ocrx_word' id='word_1_597' title='bbox 1745 1010 1759 1028; x_wconf 72' lang='grc' dir='ltr'><strong>ι</strong></span> 
     </span>
    </p>
   </div>
   <div class='ocr_carea' id='block_1_77' title="bbox 969 1048 1760 1085">
    <p class='ocr_par' dir='ltr' id='par_1_77' title="bbox 969 1048 1760 1085">
     <span class='ocr_line' id='line_1_77' title="bbox 969 1048 1760 1085; baseline -0.003 -9"><span class='ocrx_word' id='word_1_598' title='bbox 969 1050 1015 1076; x_wconf 68' lang='grc' dir='ltr'>καὶ</span> <span class='ocrx_word' id='word_1_599' title='bbox 1031 1052 1046 1077; x_wconf 89' lang='lat'><strong>6</strong></span> <span class='ocrx_word' id='word_1_600' title='bbox 1058 1050 1174 1077; x_wconf 81' lang='grc' dir='ltr'>ἐνταῦθα</span> <span class='ocrx_word' id='word_1_601' title='bbox 1187 1049 1395 1085; x_wconf 78' lang='grc' dir='ltr'>ἀνακαινισμὸς,</span> <span class='ocrx_word' id='word_1_602' title='bbox 1407 1051 1455 1076; x_wconf 76' lang='grc' dir='ltr'>καὶ</span> <span class='ocrx_word' id='word_1_603' title='bbox 1468 1049 1521 1076; x_wconf 80' lang='grc' dir='ltr'><strong>ἀπὸ</strong></span> <span class='ocrx_word' id='word_1_604' title='bbox 1537 1050 1585 1084; x_wconf 76' lang='grc' dir='ltr'>τῆς</span> <span class='ocrx_word' id='word_1_605' title='bbox 1598 1049 1697 1084; x_wconf 85' lang='grc' dir='ltr'>γηΐνης</span> <span class='ocrx_word' id='word_1_606' title='bbox 1711 1048 1760 1075; x_wconf 77' lang='grc' dir='ltr'>καὶ</span> 
     </span>
    </p>
   </div>
   <div class='ocr_carea' id='block_1_78' title="bbox 968 1094 1760 1132">
    <p class='ocr_par' dir='ltr' id='par_1_78' title="bbox 968 1094 1760 1132">
     <span class='ocr_line' id='line_1_78' title="bbox 968 1094 1760 1132; baseline -0.004 -9"><span class='ocrx_word' id='word_1_607' title='bbox 968 1096 1108 1132; x_wconf 81' lang='grc' dir='ltr'>ἐμπαθοῦς</span> <span class='ocrx_word' id='word_1_608' title='bbox 1122 1095 1194 1131; x_wconf 82' lang='grc' dir='ltr'><strong>ζωῆς</strong></span> <span class='ocrx_word' id='word_1_609' title='bbox 1209 1096 1256 1122; x_wconf 74' lang='grc' dir='ltr'>ἐπὶ</span> <span class='ocrx_word' id='word_1_610' title='bbox 1268 1096 1317 1131; x_wconf 82' lang='grc' dir='ltr'>τὴν</span> <span class='ocrx_word' id='word_1_611' title='bbox 1333 1096 1457 1131; x_wconf 75' lang='grc' dir='ltr'>οὐράνιον</span> <span class='ocrx_word' id='word_1_612' title='bbox 1474 1095 1612 1122; x_wconf 80' lang='grc' dir='ltr'>πολιτείαν</span> <span class='ocrx_word' id='word_1_613' title='bbox 1625 1094 1760 1130; x_wconf 83' lang='grc' dir='ltr'>μεταϐολὴ</span> 
     </span>
    </p>
   </div>
   <div class='ocr_carea' id='block_1_79' title="bbox 966 1141 1762 1178">
    <p class='ocr_par' dir='ltr' id='par_1_79' title="bbox 966 1141 1762 1178">
     <span class='ocr_line' id='line_1_79' title="bbox 966 1141 1762 1178; baseline -0.004 -8"><span class='ocrx_word' id='word_1_614' title='bbox 966 1143 1010 1170; x_wconf 83' lang='grc' dir='ltr'><strong>διὰ</strong></span> <span class='ocrx_word' id='word_1_615' title='bbox 1024 1143 1071 1170; x_wconf 88' lang='grc' dir='ltr'><strong>τοῦ</strong></span> <span class='ocrx_word' id='word_1_616' title='bbox 1084 1143 1243 1178; x_wconf 88' lang='grc' dir='ltr'>Πνεύματος</span> <span class='ocrx_word' id='word_1_617' title='bbox 1262 1143 1328 1178; x_wconf 84' lang='grc' dir='ltr'>ἡμῖν</span> <span class='ocrx_word' id='word_1_618' title='bbox 1348 1142 1491 1177; x_wconf 79' lang='grc' dir='ltr'>γινομένη,</span> <span class='ocrx_word' id='word_1_619' title='bbox 1503 1142 1549 1168; x_wconf 77' lang='grc' dir='ltr'>ἐπὶ</span> <span class='ocrx_word' id='word_1_620' title='bbox 1565 1142 1656 1168; x_wconf 80' lang='grc' dir='ltr'>πᾶσαν</span> <span class='ocrx_word' id='word_1_621' title='bbox 1674 1141 1762 1177; x_wconf 85' lang='grc' dir='ltr'>ὑπερ-</span> 
     </span>
    </p>
   </div>
   <div class='ocr_carea' id='block_1_80' title="bbox 963 1187 1761 1225">
    <p class='ocr_par' dir='ltr' id='par_1_80' title="bbox 963 1187 1761 1225">
     <span class='ocr_line' id='line_1_80' title="bbox 963 1187 1761 1225; baseline -0.004 -9"><span class='ocrx_word' id='word_1_622' title='bbox 963 1189 1044 1225; x_wconf 78' lang='grc' dir='ltr'>ϐολὴν</span> <span class='ocrx_word' id='word_1_623' title='bbox 1059 1189 1223 1225; x_wconf 82' lang='grc' dir='ltr'>Θαυμαστῶς</span> <span class='ocrx_word' id='word_1_624' title='bbox 1232 1189 1280 1220; x_wconf 77' lang='grc' dir='ltr'><strong>τὰς</strong></span> <span class='ocrx_word' id='word_1_625' title='bbox 1289 1189 1379 1224; x_wconf 69' lang='grc' dir='ltr'>ψυχὰς</span> <span class='ocrx_word' id='word_1_626' title='bbox 1392 1188 1471 1224; x_wconf 83' lang='grc' dir='ltr'>ἡμῶν</span> <span class='ocrx_word' id='word_1_627' title='bbox 1485 1189 1546 1222; x_wconf 80' lang='grc' dir='ltr'>ἄγει</span> <span class='ocrx_word' id='word_1_628' title='bbox 1558 1188 1577 1222; x_wconf 89' lang='grc'>·)</span> <span class='ocrx_word' id='word_1_629' title='bbox 1593 1187 1640 1214; x_wconf 78' lang='grc' dir='ltr'>ἐπὶ</span> <span class='ocrx_word' id='word_1_630' title='bbox 1654 1187 1761 1219; x_wconf 80' lang='grc' dir='ltr'>τούτοις</span> 
     </span>
    </p>
   </div>
   <div class='ocr_carea' id='block_1_81' title="bbox 965 1233 1760 1271">
    <p class='ocr_par' dir='ltr' id='par_1_81' title="bbox 965 1233 1760 1271">
     <span class='ocr_line' id='line_1_81' title="bbox 965 1233 1760 1271; baseline -0.003 -9"><span class='ocrx_word' id='word_1_631' title='bbox 965 1235 1079 1271; x_wconf 81' lang='grc' dir='ltr'>πότερον</span> <span class='ocrx_word' id='word_1_632' title='bbox 1102 1235 1276 1270; x_wconf 77' lang='grc' dir='ltr'>φοϐηθῶμεν,</span> <span class='ocrx_word' id='word_1_633' title='bbox 1303 1236 1340 1271; x_wconf 81' lang='grc' dir='ltr'>μὴ</span> <span class='ocrx_word' id='word_1_634' title='bbox 1357 1235 1406 1270; x_wconf 82' lang='grc' dir='ltr'>τὴν</span> <span class='ocrx_word' id='word_1_635' title='bbox 1423 1235 1504 1269; x_wconf 80' lang='grc' dir='ltr'>ἁγίαν</span> <span class='ocrx_word' id='word_1_636' title='bbox 1528 1235 1607 1267; x_wconf 80' lang='grc' dir='ltr'>δόξαν</span> <span class='ocrx_word' id='word_1_637' title='bbox 1632 1233 1760 1269; x_wconf 75' lang='grc' dir='ltr'>ὑπερθὼ-</span> 
     </span>
    </p>
   </div>
   <div class='ocr_carea' id='block_1_82' title="bbox 966 1278 1758 1316">
    <p class='ocr_par' dir='ltr' id='par_1_82' title="bbox 966 1278 1758 1316">
     <span class='ocr_line' id='line_1_82' title="bbox 966 1278 1758 1316; baseline -0.004 -9"><span class='ocrx_word' id='word_1_638' title='bbox 966 1280 1036 1315; x_wconf 83' lang='grc' dir='ltr'>μεθα</span> <span class='ocrx_word' id='word_1_639' title='bbox 1048 1281 1095 1308; x_wconf 82' lang='grc' dir='ltr'><strong>τοῦ</strong></span> <span class='ocrx_word' id='word_1_640' title='bbox 1112 1281 1269 1316; x_wconf 81' lang='grc' dir='ltr'>Πνεύματος</span> <span class='ocrx_word' id='word_1_641' title='bbox 1289 1283 1348 1312; x_wconf 86' lang='grc' dir='ltr'>ταῖς</span> <span class='ocrx_word' id='word_1_642' title='bbox 1364 1279 1529 1316; x_wconf 79' lang='grc' dir='ltr'>ὑπερϐολαῖς</span> <span class='ocrx_word' id='word_1_643' title='bbox 1542 1279 1596 1306; x_wconf 82' lang='grc' dir='ltr'>τῶν</span> <span class='ocrx_word' id='word_1_644' title='bbox 1618 1279 1723 1314; x_wconf 70' lang='grc' dir='ltr'>τιμᾶν;</span> <span class='ocrx_word' id='word_1_645' title='bbox 1741 1278 1758 1313; x_wconf 75' lang='grc' dir='ltr'>ἦ</span> 
     </span>
    </p>
   </div>
   <div class='ocr_carea' id='block_1_83' title="bbox 964 1323 1760 1363">
    <p class='ocr_par' dir='ltr' id='par_1_83' title="bbox 964 1323 1760 1363">
     <span class='ocr_line' id='line_1_83' title="bbox 964 1323 1760 1363; baseline -0.003 -11"><span class='ocrx_word' id='word_1_646' title='bbox 964 1326 994 1352; x_wconf 81' lang='grc' dir='ltr'><strong>τὸ</strong></span> <span class='ocrx_word' id='word_1_647' title='bbox 1013 1327 1145 1359; x_wconf 79' lang='grc' dir='ltr'>ἐναντίον,</span> <span class='ocrx_word' id='word_1_648' title='bbox 1163 1328 1200 1363; x_wconf 86' lang='grc' dir='ltr'>μὴ</span> <span class='ocrx_word' id='word_1_649' title='bbox 1224 1329 1263 1358; x_wconf 75' lang='grc' dir='ltr'>εἰς</span> <span class='ocrx_word' id='word_1_650' title='bbox 1275 1327 1403 1354; x_wconf 80' lang='grc' dir='ltr'>ταπεινὸν</span> <span class='ocrx_word' id='word_1_651' title='bbox 1417 1326 1619 1361; x_wconf 78' lang='grc' dir='ltr'>καταγάγωμεν</span> <span class='ocrx_word' id='word_1_652' title='bbox 1631 1325 1680 1360; x_wconf 80' lang='grc' dir='ltr'>τὴν</span> <span class='ocrx_word' id='word_1_653' title='bbox 1695 1323 1760 1359; x_wconf 62' lang='grc' dir='ltr'><strong>περ)¹</strong></span> 
     </span>
    </p>
   </div>
   <div class='ocr_carea' id='block_1_84' title="bbox 965 1370 1760 1409">
    <p class='ocr_par' dir='ltr' id='par_1_84' title="bbox 965 1370 1760 1409">
     <span class='ocr_line' id='line_1_84' title="bbox 965 1370 1760 1409; baseline -0.004 -10"><span class='ocrx_word' id='word_1_654' title='bbox 965 1373 1048 1400; x_wconf 80' lang='grc' dir='ltr'>αὑτοῦ</span> <span class='ocrx_word' id='word_1_655' title='bbox 1073 1374 1194 1408; x_wconf 75' lang='grc' dir='ltr'>ἐννοιαν;</span> <span class='ocrx_word' id='word_1_656' title='bbox 1212 1374 1294 1408; x_wconf 86' lang='grc' dir='ltr'>Λέγει</span> <span class='ocrx_word' id='word_1_657' title='bbox 1307 1374 1361 1409; x_wconf 79' lang='grc' dir='ltr'><strong>γὰρ</strong></span> <span class='ocrx_word' id='word_1_658' title='bbox 1382 1372 1422 1408; x_wconf 85' lang='grc' dir='ltr'>τῷ</span> <span class='ocrx_word' id='word_1_659' title='bbox 1445 1373 1554 1408; x_wconf 75' lang='grc' dir='ltr'>Ἀνανίᾳ.</span> <span class='ocrx_word' id='word_1_660' title='bbox 1574 1373 1589 1398; x_wconf 87' lang='lat'><strong>6</strong></span> <span class='ocrx_word' id='word_1_661' title='bbox 1611 1370 1760 1401; x_wconf 75' lang='grc' dir='ltr'>ἀπόστολος</span> 
     </span>
    </p>
   </div>
   <div class='ocr_carea' id='block_1_85' title="bbox 933 1418 1759 1457">
    <p class='ocr_par' dir='ltr' id='par_1_85' title="bbox 933 1418 1759 1457">
     <span class='ocr_line' id='line_1_85' title="bbox 933 1418 1759 1457; baseline -0.002 -11"><span class='ocrx_word' id='word_1_662' title='bbox 933 1428 990 1453; x_wconf 85' lang='grc' dir='ltr'>σου,</span> <span class='ocrx_word' id='word_1_663' title='bbox 1006 1421 1158 1456; x_wconf 72' lang='grc' dir='ltr'>ψεύσασθαί</span> <span class='ocrx_word' id='word_1_664' title='bbox 1174 1430 1204 1448; x_wconf 86' lang='grc' dir='ltr'><strong>σε</strong></span> <span class='ocrx_word' id='word_1_665' title='bbox 1218 1421 1248 1448; x_wconf 72' lang='grc' dir='ltr'>τὸ</span> <span class='ocrx_word' id='word_1_666' title='bbox 1263 1421 1377 1457; x_wconf 83' lang='grc' dir='ltr'>Πνεῦμα</span> <span class='ocrx_word' id='word_1_667' title='bbox 1395 1421 1426 1448; x_wconf 78' lang='grc' dir='ltr'>τὸ</span> <span class='ocrx_word' id='word_1_668' title='bbox 1445 1421 1539 1455; x_wconf 80' lang='grc' dir='ltr'>ᾶγιον;</span> <span class='ocrx_word' id='word_1_669' title='bbox 1572 1419 1621 1446; x_wconf 76' lang='grc' dir='ltr'>οὐκ</span> <span class='ocrx_word' id='word_1_670' title='bbox 1651 1418 1759 1453; x_wconf 72' lang='grc' dir='ltr'>ἐψεύσω</span> 
     </span>
    </p>
   </div>
   <div class='ocr_carea' id='block_1_86' title="bbox 968 1532 1763 1567">
    <p class='ocr_par' dir='ltr' id='par_1_86' title="bbox 968 1532 1763 1567">
     <span class='ocr_line' id='line_1_86' title="bbox 968 1532 1763 1567; baseline -0.005 -5"><span class='ocrx_word' id='word_1_671' title='bbox 968 1535 1012 1562; x_wconf 72' lang='lat'><strong>25.</strong></span> <span class='ocrx_word' id='word_1_672' title='bbox 1035 1535 1099 1562; x_wconf 87' lang='grc' dir='ltr'>Ὅτι</span> <span class='ocrx_word' id='word_1_673' title='bbox 1118 1536 1135 1562; x_wconf 83' lang='grc' dir='ltr'><em>ὁ</em></span> <span class='ocrx_word' id='word_1_674' title='bbox 1148 1534 1258 1567; x_wconf 74' lang='grc' dir='ltr'>Πατὴρ.</span> <span class='ocrx_word' id='word_1_675' title='bbox 1271 1533 1319 1560; x_wconf 68' lang='grc' dir='ltr'>καὶ</span> <span class='ocrx_word' id='word_1_676' title='bbox 1339 1534 1355 1560; x_wconf 78' lang='grc' dir='ltr'>ὁ</span> <span class='ocrx_word' id='word_1_677' title='bbox 1374 1533 1450 1566; x_wconf 69' lang='grc' dir='ltr'><strong>Υιὸς.</strong></span> <span class='ocrx_word' id='word_1_678' title='bbox 1465 1532 1512 1559; x_wconf 80' lang='grc' dir='ltr'>καὶ</span> <span class='ocrx_word' id='word_1_679' title='bbox 1530 1532 1563 1558; x_wconf 85' lang='grc' dir='ltr'>τὸ</span> <span class='ocrx_word' id='word_1_680' title='bbox 1582 1532 1703 1567; x_wconf 78' lang='grc' dir='ltr'>Πνεῦμα</span> <span class='ocrx_word' id='word_1_681' title='bbox 1724 1532 1763 1559; x_wconf 68' lang='grc' dir='ltr'>τὸ</span> 
     </span>
    </p>
   </div>
   <div class='ocr_carea' id='block_1_87' title="bbox 1124 1567 1581 1604">
    <p class='ocr_par' dir='ltr' id='par_1_87' title="bbox 1124 1567 1581 1604">
     <span class='ocr_line' id='line_1_87' title="bbox 1124 1567 1581 1604; baseline -0.002 -8"><span class='ocrx_word' id='word_1_682' title='bbox 1124 1570 1210 1604; x_wconf 69' lang='grc' dir='ltr'>ἅγιον</span> <span class='ocrx_word' id='word_1_683' title='bbox 1225 1568 1363 1604; x_wconf 60' lang='grc' dir='ltr'>ὠδήπηισε</span> <span class='ocrx_word' id='word_1_684' title='bbox 1377 1569 1430 1595; x_wconf 78' lang='grc' dir='ltr'><strong>τὸν</strong></span> <span class='ocrx_word' id='word_1_685' title='bbox 1449 1567 1581 1601; x_wconf 78' lang='grc' dir='ltr'>Ἰσραήλ.</span> 
     </span>
    </p>
   </div>
   <div class='ocr_carea' id='block_1_88' title="bbox 1009 1610 1761 1651">
    <p class='ocr_par' dir='ltr' id='par_1_88' title="bbox 1009 1610 1761 1651">
     <span class='ocr_line' id='line_1_88' title="bbox 1009 1610 1761 1651; baseline -0.004 -8"><span class='ocrx_word' id='word_1_686' title='bbox 1009 1616 1038 1643; x_wconf 87' lang='grc' dir='ltr'><strong>Ὀ</strong></span> <span class='ocrx_word' id='word_1_687' title='bbox 1056 1616 1104 1651; x_wconf 85' lang='grc' dir='ltr'>μὲν</span> <span class='ocrx_word' id='word_1_688' title='bbox 1117 1613 1162 1642; x_wconf 78' lang='grc' dir='ltr'><strong>οὖν</strong></span> <span class='ocrx_word' id='word_1_689' title='bbox 1183 1614 1239 1651; x_wconf 80' lang='grc'>(76)</span> <span class='ocrx_word' id='word_1_690' title='bbox 1258 1615 1399 1650; x_wconf 65' lang='grc' dir='ltr'>προφήτης</span> <span class='ocrx_word' id='word_1_691' title='bbox 1421 1613 1556 1649; x_wconf 82' lang='grc' dir='ltr'>Ἱερεμίας</span> <span class='ocrx_word' id='word_1_692' title='bbox 1580 1613 1655 1647; x_wconf 82' lang='grc' dir='ltr'>λέγει</span> <span class='ocrx_word' id='word_1_693' title='bbox 1670 1610 1761 1646; x_wconf 75' lang='grc' dir='ltr'>οὕτως</span> 
     </span>
    </p>
   </div>
   <div class='ocr_carea' id='block_1_89' title="bbox 966 1659 1760 1699">
    <p class='ocr_par' dir='ltr' id='par_1_89' title="bbox 966 1659 1760 1699">
     <span class='ocr_line' id='line_1_89' title="bbox 966 1659 1760 1699; baseline -0.004 -9"><span class='ocrx_word' id='word_1_694' title='bbox 966 1664 1031 1699; x_wconf 74' lang='grc' dir='ltr'>περὶ</span> <span class='ocrx_word' id='word_1_695' title='bbox 1049 1663 1155 1699; x_wconf 79' lang='grc' dir='ltr'>Πατρός</span> <span class='ocrx_word' id='word_1_696' title='bbox 1166 1671 1172 1677; x_wconf 90' lang='grc'>·</span> <span class='ocrx_word' id='word_1_697' title='bbox 1199 1662 1240 1688; x_wconf 72' lang='grc' dir='ltr'>ὅτι</span> <span class='ocrx_word' id='word_1_698' title='bbox 1259 1671 1268 1686; x_wconf 71' lang='grc' dir='ltr'><strong>ι</strong></span> <span class='ocrx_word' id='word_1_699' title='bbox 1295 1660 1380 1692; x_wconf 73' lang='grc' dir='ltr'>Αὐτὸς</span> <span class='ocrx_word' id='word_1_700' title='bbox 1396 1659 1522 1694; x_wconf 83' lang='grc' dir='ltr'>ὡδήγησε</span> <span class='ocrx_word' id='word_1_701' title='bbox 1537 1659 1582 1686; x_wconf 84' lang='grc' dir='ltr'>τὸν</span> <span class='ocrx_word' id='word_1_702' title='bbox 1606 1659 1712 1695; x_wconf 78' lang='grc' dir='ltr'>Ἰσραὴλ</span> <span class='ocrx_word' id='word_1_703' title='bbox 1728 1661 1760 1687; x_wconf 85' lang='grc' dir='ltr'>ὲν</span> 
     </span>
    </p>
   </div>
   <div class='ocr_carea' id='block_1_90' title="bbox 965 1705 1758 1745">
    <p class='ocr_par' dir='ltr' id='par_1_90' title="bbox 965 1705 1758 1745">
     <span class='ocr_line' id='line_1_90' title="bbox 965 1705 1758 1745; baseline -0.008 -9"><span class='ocrx_word' id='word_1_704' title='bbox 965 1711 998 1745; x_wconf 83' lang='grc' dir='ltr'>τῇ</span> <span class='ocrx_word' id='word_1_705' title='bbox 1019 1710 1126 1744; x_wconf 80' lang='grc' dir='ltr'>ἐρήμῳ.</span> <span class='ocrx_word' id='word_1_706' title='bbox 1144 1718 1152 1733; x_wconf 80' lang='grc' dir='ltr'><strong>ι</strong></span> <span class='ocrx_word' id='word_1_707' title='bbox 1167 1707 1240 1734; x_wconf 71' lang='grc' dir='ltr'>Καί*</span> <span class='ocrx_word' id='word_1_708' title='bbox 1266 1715 1274 1732; x_wconf 81' lang='lat' dir='ltr'><strong>t</strong></span> <span class='ocrx_word' id='word_1_709' title='bbox 1296 1706 1353 1733; x_wconf 76' lang='grc' dir='ltr'><strong>Οὐκ</strong></span> <span class='ocrx_word' id='word_1_710' title='bbox 1377 1705 1484 1735; x_wconf 70' lang='grc' dir='ltr'>εἴπατε,</span> <span class='ocrx_word' id='word_1_711' title='bbox 1502 1705 1584 1740; x_wconf 75' lang='grc' dir='ltr'>φησὶ,</span> <span class='ocrx_word' id='word_1_712' title='bbox 1615 1705 1758 1731; x_wconf 52' lang='lat' dir='ltr'><strong>Ilo-3551&#39;s;</strong></span> 
     </span>
    </p>
   </div>
   <div class='ocr_carea' id='block_1_91' title="bbox 964 1750 1757 1788">
    <p class='ocr_par' dir='ltr' id='par_1_91' title="bbox 964 1750 1757 1788">
     <span class='ocr_line' id='line_1_91' title="bbox 964 1750 1757 1788; baseline -0.006 -6"><span class='ocrx_word' id='word_1_713' title='bbox 964 1757 979 1782; x_wconf 90' lang='lat'><strong>6</strong></span> <span class='ocrx_word' id='word_1_714' title='bbox 995 1755 1070 1786; x_wconf 74' lang='grc' dir='ltr'>Θεὸς,</span> <span class='ocrx_word' id='word_1_715' title='bbox 1088 1756 1102 1781; x_wconf 97' lang='lat'><strong>6</strong></span> <span class='ocrx_word' id='word_1_716' title='bbox 1117 1752 1264 1788; x_wconf 83' lang='grc' dir='ltr'>ἀναγαγὼν</span> <span class='ocrx_word' id='word_1_717' title='bbox 1283 1753 1356 1788; x_wconf 80' lang='grc' dir='ltr'>ἡμᾶς</span> <span class='ocrx_word' id='word_1_718' title='bbox 1374 1753 1405 1778; x_wconf 84' lang='grc' dir='ltr'><strong>ἐκ</strong></span> <span class='ocrx_word' id='word_1_719' title='bbox 1417 1751 1468 1786; x_wconf 83' lang='grc' dir='ltr'>γῆς</span> <span class='ocrx_word' id='word_1_720' title='bbox 1482 1751 1632 1786; x_wconf 76' lang='grc' dir='ltr'>Αἰγύπτου,</span> <span class='ocrx_word' id='word_1_721' title='bbox 1646 1752 1660 1777; x_wconf 86' lang='grc' dir='ltr'>ὁ</span> <span class='ocrx_word' id='word_1_722' title='bbox 1674 1750 1757 1778; x_wconf 82' lang='grc' dir='ltr'>καθο-</span> 
     </span>
    </p>
   </div>
   <div class='ocr_carea' id='block_1_92' title="bbox 965 1797 1755 1837">
    <p class='ocr_par' dir='ltr' id='par_1_92' title="bbox 965 1797 1755 1837">
     <span class='ocr_line' id='line_1_92' title="bbox 965 1797 1755 1837; baseline -0.006 -9"><span class='ocrx_word' id='word_1_723' title='bbox 965 1802 1086 1837; x_wconf 77' lang='grc' dir='ltr'>δηγήσας</span> <span class='ocrx_word' id='word_1_724' title='bbox 1107 1801 1182 1836; x_wconf 83' lang='grc' dir='ltr'>ἡμᾶς</span> <span class='ocrx_word' id='word_1_725' title='bbox 1197 1801 1226 1826; x_wconf 82' lang='grc' dir='ltr'><strong>ἐν</strong></span> <span class='ocrx_word' id='word_1_726' title='bbox 1241 1801 1275 1834; x_wconf 83' lang='grc' dir='ltr'>τῇ</span> <span class='ocrx_word' id='word_1_727' title='bbox 1294 1799 1408 1834; x_wconf 77' lang='grc' dir='ltr'>ερήμῳ;</span> <span class='ocrx_word' id='word_1_728' title='bbox 1428 1807 1437 1823; x_wconf 81' lang='grc'><strong>)</strong></span> <span class='ocrx_word' id='word_1_729' title='bbox 1455 1799 1501 1824; x_wconf 70' lang='grc' dir='ltr'><strong>καὶ</strong></span> <span class='ocrx_word' id='word_1_730' title='bbox 1519 1799 1533 1824; x_wconf 81' lang='grc' dir='ltr'>ὁ</span> <span class='ocrx_word' id='word_1_731' title='bbox 1553 1797 1635 1824; x_wconf 80' lang='grc' dir='ltr'>Δαϐίδ</span> <span class='ocrx_word' id='word_1_732' title='bbox 1654 1805 1737 1832; x_wconf 80' lang='grc' dir='ltr'>φησιν</span> <span class='ocrx_word' id='word_1_733' title='bbox 1749 1806 1755 1812; x_wconf 78' lang='lat'>&#39;</span> 
     </span>
    </p>
   </div>
   <div class='ocr_carea' id='block_1_93' title="bbox 968 1843 1758 1882">
    <p class='ocr_par' dir='ltr' id='par_1_93' title="bbox 968 1843 1758 1882">
     <span class='ocr_line' id='line_1_93' title="bbox 968 1843 1758 1882; baseline -0.006 -8"><span class='ocrx_word' id='word_1_734' title='bbox 968 1857 977 1873; x_wconf 72' lang='grc' dir='ltr'><strong>ι</strong></span> <span class='ocrx_word' id='word_1_735' title='bbox 1005 1847 1164 1882; x_wconf 75' lang='grc' dir='ltr'>Ὠδήγησας,</span> <span class='ocrx_word' id='word_1_736' title='bbox 1187 1845 1225 1876; x_wconf 86' lang='grc' dir='ltr'>ὡς</span> <span class='ocrx_word' id='word_1_737' title='bbox 1249 1845 1383 1880; x_wconf 82' lang='grc' dir='ltr'>πρόϐατα,</span> <span class='ocrx_word' id='word_1_738' title='bbox 1406 1844 1452 1870; x_wconf 80' lang='grc' dir='ltr'>τὸν</span> <span class='ocrx_word' id='word_1_739' title='bbox 1475 1844 1538 1870; x_wconf 82' lang='grc' dir='ltr'>λαόν</span> <span class='ocrx_word' id='word_1_740' title='bbox 1561 1852 1618 1870; x_wconf 88' lang='grc' dir='ltr'>σου.</span> <span class='ocrx_word' id='word_1_741' title='bbox 1641 1853 1650 1869; x_wconf 79' lang='grc' dir='ltr'><strong>ι</strong></span> <span class='ocrx_word' id='word_1_742' title='bbox 1678 1843 1706 1870; x_wconf 91' lang='lat'><strong>&#39;0</strong></span> <span class='ocrx_word' id='word_1_743' title='bbox 1728 1843 1758 1870; x_wconf 78' lang='grc' dir='ltr'><strong>δὲ</strong></span> 
     </span>
    </p>
   </div>
   <div class='ocr_carea' id='block_1_94' title="bbox 971 1888 1757 1927">
    <p class='ocr_par' dir='ltr' id='par_1_94' title="bbox 971 1888 1757 1927">
     <span class='ocr_line' id='line_1_94' title="bbox 971 1888 1757 1927; baseline -0.008 -6"><span class='ocrx_word' id='word_1_744' title='bbox 971 1894 1084 1925; x_wconf 74' lang='grc' dir='ltr'>Ἡσαΐας</span> <span class='ocrx_word' id='word_1_745' title='bbox 1101 1893 1131 1920; x_wconf 79' lang='grc' dir='ltr'>τὸ</span> <span class='ocrx_word' id='word_1_746' title='bbox 1154 1892 1265 1927; x_wconf 81' lang='grc' dir='ltr'>Πνεῦμα</span> <span class='ocrx_word' id='word_1_747' title='bbox 1278 1892 1309 1917; x_wconf 84' lang='grc' dir='ltr'>τὸ</span> <span class='ocrx_word' id='word_1_748' title='bbox 1332 1891 1408 1925; x_wconf 83' lang='grc' dir='ltr'>ἆγιον</span> <span class='ocrx_word' id='word_1_749' title='bbox 1430 1888 1506 1917; x_wconf 80' lang='grc' dir='ltr'>εἶπεν</span> <span class='ocrx_word' id='word_1_750' title='bbox 1523 1889 1695 1926; x_wconf 77' lang='grc' dir='ltr'>ὠδηγηκέναι</span> <span class='ocrx_word' id='word_1_751' title='bbox 1711 1888 1757 1916; x_wconf 82' lang='grc' dir='ltr'>τὸν</span> 
     </span>
    </p>
   </div>
   <div class='ocr_carea' id='block_1_95' title="bbox 971 1935 1757 1976">
    <p class='ocr_par' dir='ltr' id='par_1_95' title="bbox 971 1935 1757 1976">
     <span class='ocr_line' id='line_1_95' title="bbox 971 1935 1757 1976; baseline -0.006 -9"><span class='ocrx_word' id='word_1_752' title='bbox 971 1940 1079 1976; x_wconf 80' lang='grc' dir='ltr'>Ἰσραὴλ</span> <span class='ocrx_word' id='word_1_753' title='bbox 1092 1941 1122 1967; x_wconf 90' lang='grc' dir='ltr'><strong>ἐν</strong></span> <span class='ocrx_word' id='word_1_754' title='bbox 1136 1941 1169 1975; x_wconf 84' lang='grc' dir='ltr'><strong>τῇ</strong></span> <span class='ocrx_word' id='word_1_755' title='bbox 1186 1940 1292 1975; x_wconf 70' lang='grc' dir='ltr'>ὲρὴμῳ.</span> <span class='ocrx_word' id='word_1_756' title='bbox 1315 1939 1408 1964; x_wconf 82' lang='grc' dir='ltr'>Ἔστιν</span> <span class='ocrx_word' id='word_1_757' title='bbox 1429 1935 1475 1964; x_wconf 75' lang='grc' dir='ltr'>οὖν</span> <span class='ocrx_word' id='word_1_758' title='bbox 1486 1937 1568 1963; x_wconf 76' lang='grc' dir='ltr'>αὐτοῦ</span> <span class='ocrx_word' id='word_1_759' title='bbox 1585 1936 1700 1963; x_wconf 84' lang='grc' dir='ltr'>ἀκοῦσαι</span> <span class='ocrx_word' id='word_1_760' title='bbox 1714 1935 1757 1962; x_wconf 69' lang='grc' dir='ltr'>λέ-</span> 
     </span>
    </p>
   </div>
   <div class='ocr_carea' id='block_1_96' title="bbox 964 1981 1756 2022">
    <p class='ocr_par' dir='ltr' id='par_1_96' title="bbox 964 1981 1756 2022">
     <span class='ocr_line' id='line_1_96' title="bbox 964 1981 1756 2022; baseline -0.009 -8"><span class='ocrx_word' id='word_1_761' title='bbox 964 1995 1075 2022; x_wconf 81' lang='grc' dir='ltr'>γοντο;’</span> <span class='ocrx_word' id='word_1_762' title='bbox 1095 1996 1104 2012; x_wconf 80' lang='grc' dir='ltr'><strong>ι</strong></span> <span class='ocrx_word' id='word_1_763' title='bbox 1124 1987 1246 2020; x_wconf 83' lang='grc' dir='ltr'>Ἦγαγεν</span> <span class='ocrx_word' id='word_1_764' title='bbox 1262 1985 1360 2016; x_wconf 69' lang='grc' dir='ltr'>αὐτοὺς</span> <span class='ocrx_word' id='word_1_765' title='bbox 1377 1984 1433 2018; x_wconf 89' lang='grc'>(77)</span> <span class='ocrx_word' id='word_1_766' title='bbox 1447 1983 1490 2010; x_wconf 79' lang='grc' dir='ltr'><strong>διὰ</strong></span> <span class='ocrx_word' id='word_1_767' title='bbox 1504 1983 1553 2018; x_wconf 82' lang='grc' dir='ltr'>τῆς</span> <span class='ocrx_word' id='word_1_768' title='bbox 1572 1982 1701 2014; x_wconf 80' lang='grc' dir='ltr'>ἀϐύσσου,</span> <span class='ocrx_word' id='word_1_769' title='bbox 1717 1981 1756 2013; x_wconf 82' lang='grc' dir='ltr'>ὡς</span> 
     </span>
    </p>
   </div>
   <div class='ocr_carea' id='block_1_97' title="bbox 965 2027 1756 2068">
    <p class='ocr_par' dir='ltr' id='par_1_97' title="bbox 965 2027 1756 2068">
     <span class='ocr_line' id='line_1_97' title="bbox 965 2027 1756 2068; baseline -0.009 -8"><span class='ocrx_word' id='word_1_770' title='bbox 965 2034 1048 2061; x_wconf 77' lang='grc' dir='ltr'>ἵππον</span> <span class='ocrx_word' id='word_1_771' title='bbox 1071 2034 1100 2059; x_wconf 84' lang='grc' dir='ltr'>ὲν</span> <span class='ocrx_word' id='word_1_772' title='bbox 1129 2034 1163 2068; x_wconf 82' lang='grc' dir='ltr'><strong>τῇ</strong></span> <span class='ocrx_word' id='word_1_773' title='bbox 1191 2032 1297 2067; x_wconf 82' lang='grc' dir='ltr'><strong>ἐρήμῳ,</strong></span> <span class='ocrx_word' id='word_1_774' title='bbox 1319 2031 1366 2058; x_wconf 75' lang='grc' dir='ltr'>καὶ</span> <span class='ocrx_word' id='word_1_775' title='bbox 1393 2030 1442 2056; x_wconf 77' lang='grc' dir='ltr'>οὐκ</span> <span class='ocrx_word' id='word_1_776' title='bbox 1466 2029 1624 2060; x_wconf 70' lang='grc' dir='ltr'>ἐκοπίασαν,</span> <span class='ocrx_word' id='word_1_777' title='bbox 1647 2028 1695 2054; x_wconf 77' lang='grc' dir='ltr'>καὶ</span> <span class='ocrx_word' id='word_1_778' title='bbox 1717 2027 1756 2059; x_wconf 85' lang='grc' dir='ltr'>ὼς</span> 
     </span>
    </p>
   </div>
   <div class='ocr_carea' id='block_1_98' title="bbox 966 2073 1754 2115">
    <p class='ocr_par' dir='ltr' id='par_1_98' title="bbox 966 2073 1754 2115">
     <span class='ocr_line' id='line_1_98' title="bbox 966 2073 1754 2115; baseline -0.011 -8"><span class='ocrx_word' id='word_1_779' title='bbox 966 2081 1051 2115; x_wconf 83' lang='grc' dir='ltr'>κτήνη</span> <span class='ocrx_word' id='word_1_780' title='bbox 1067 2079 1110 2106; x_wconf 74' lang='grc' dir='ltr'><strong>διὰ</strong></span> <span class='ocrx_word' id='word_1_781' title='bbox 1123 2078 1226 2109; x_wconf 80' lang='grc' dir='ltr'>πεδίου,</span> <span class='ocrx_word' id='word_1_782' title='bbox 1242 2076 1344 2111; x_wconf 79' lang='grc' dir='ltr'>κατέϐη</span> <span class='ocrx_word' id='word_1_783' title='bbox 1361 2075 1474 2110; x_wconf 87' lang='grc' dir='ltr'>Πνεῦμα</span> <span class='ocrx_word' id='word_1_784' title='bbox 1491 2074 1565 2110; x_wconf 85' lang='grc' dir='ltr'>παρὰ</span> <span class='ocrx_word' id='word_1_785' title='bbox 1580 2073 1694 2109; x_wconf 77' lang='grc' dir='ltr'>Κυρίου,</span> <span class='ocrx_word' id='word_1_786' title='bbox 1705 2073 1754 2099; x_wconf 70' lang='grc' dir='ltr'>καὶ</span> 
     </span>
    </p>
   </div>
   <div class='ocr_carea' id='block_1_99' title="bbox 964 2118 1756 2160">
    <p class='ocr_par' dir='ltr' id='par_1_99' title="bbox 964 2118 1756 2160">
     <span class='ocr_line' id='line_1_99' title="bbox 964 2118 1756 2160; baseline -0.008 -10"><span class='ocrx_word' id='word_1_787' title='bbox 964 2125 1105 2160; x_wconf 82' lang='grc' dir='ltr'>ὡδήγησεν</span> <span class='ocrx_word' id='word_1_788' title='bbox 1129 2122 1244 2153; x_wconf 73' lang='grc' dir='ltr'>αὐτούς.</span> <span class='ocrx_word' id='word_1_789' title='bbox 1271 2131 1279 2146; x_wconf 84' lang='grc' dir='ltr'><strong>ι</strong></span> <span class='ocrx_word' id='word_1_790' title='bbox 1308 2121 1381 2155; x_wconf 80' lang='grc' dir='ltr'>Πρὸς</span> <span class='ocrx_word' id='word_1_791' title='bbox 1403 2120 1432 2146; x_wconf 77' lang='grc' dir='ltr'>δὲ</span> <span class='ocrx_word' id='word_1_792' title='bbox 1458 2119 1616 2155; x_wconf 82' lang='grc' dir='ltr'>Κορινθίους</span> <span class='ocrx_word' id='word_1_793' title='bbox 1640 2118 1713 2152; x_wconf 82' lang='grc' dir='ltr'>λέγει</span> <span class='ocrx_word' id='word_1_794' title='bbox 1741 2119 1756 2145; x_wconf 84' lang='lat'><strong>6</strong></span> 
     </span>
    </p>
   </div>
   <div class='ocr_carea' id='block_1_100' title="bbox 965 2165 1756 2204">
    <p class='ocr_par' dir='ltr' id='par_1_100' title="bbox 965 2165 1756 2204">
     <span class='ocr_line' id='line_1_100' title="bbox 965 2165 1756 2204; baseline -0.009 -7"><span class='ocrx_word' id='word_1_795' title='bbox 965 2170 1081 2202; x_wconf 86' lang='grc' dir='ltr'>Παῦλος,</span> <span class='ocrx_word' id='word_1_796' title='bbox 1100 2169 1140 2195; x_wconf 81' lang='grc' dir='ltr'>ὅτι</span> <span class='ocrx_word' id='word_1_797' title='bbox 1153 2167 1268 2204; x_wconf 81' lang='grc' dir='ltr'>Χριστὸς</span> <span class='ocrx_word' id='word_1_798' title='bbox 1278 2165 1312 2202; x_wconf 77' lang='grc' dir='ltr'>ἦν</span> <span class='ocrx_word' id='word_1_799' title='bbox 1324 2175 1330 2181; x_wconf 90' lang='grc'><strong>·</strong></span> <span class='ocrx_word' id='word_1_800' title='bbox 1344 2176 1352 2192; x_wconf 79' lang='grc' dir='ltr'><strong>ι</strong></span> <span class='ocrx_word' id='word_1_801' title='bbox 1365 2167 1476 2193; x_wconf 74' lang='grc' dir='ltr'>Ἐπινον</span> <span class='ocrx_word' id='word_1_802' title='bbox 1488 2176 1496 2191; x_wconf 77' lang='grc' dir='ltr'><strong>ι</strong></span> <span class='ocrx_word' id='word_1_803' title='bbox 1506 2165 1570 2201; x_wconf 81' lang='grc' dir='ltr'>γὰρ,</span> <span class='ocrx_word' id='word_1_804' title='bbox 1589 2165 1681 2200; x_wconf 83' lang='grc' dir='ltr'>φησὶν,</span> <span class='ocrx_word' id='word_1_805' title='bbox 1693 2173 1702 2190; x_wconf 73' lang='grc' dir='ltr'><strong>ι</strong></span> <span class='ocrx_word' id='word_1_806' title='bbox 1723 2165 1756 2191; x_wconf 80' lang='grc' dir='ltr'><strong>ἐκ</strong></span> 
     </span>
    </p>
   </div>
   <div class='ocr_carea' id='block_1_101' title="bbox 966 2207 1756 2251">
    <p class='ocr_par' dir='ltr' id='par_1_101' title="bbox 966 2207 1756 2251">
     <span class='ocr_line' id='line_1_101' title="bbox 966 2207 1756 2251; baseline -0.01 -9"><span class='ocrx_word' id='word_1_807' title='bbox 966 2215 1156 2251; x_wconf 76' lang='grc' dir='ltr'>πνευματικῆς</span> <span class='ocrx_word' id='word_1_808' title='bbox 1171 2212 1369 2248; x_wconf 80' lang='grc' dir='ltr'>ἀκολουθούσης</span> <span class='ocrx_word' id='word_1_809' title='bbox 1379 2212 1482 2248; x_wconf 83' lang='grc' dir='ltr'>πέτρας</span> <span class='ocrx_word' id='word_1_810' title='bbox 1493 2219 1499 2225; x_wconf 90' lang='grc'><strong><em>“</em></strong></span> <span class='ocrx_word' id='word_1_811' title='bbox 1517 2211 1534 2246; x_wconf 82' lang='grc' dir='ltr'>ἡ</span> <span class='ocrx_word' id='word_1_812' title='bbox 1549 2210 1576 2236; x_wconf 75' lang='grc' dir='ltr'><strong>δὲ</strong></span> <span class='ocrx_word' id='word_1_813' title='bbox 1591 2209 1678 2246; x_wconf 85' lang='grc' dir='ltr'>πέτρα</span> <span class='ocrx_word' id='word_1_814' title='bbox 1691 2207 1725 2244; x_wconf 78' lang='grc' dir='ltr'>ἦν</span> <span class='ocrx_word' id='word_1_815' title='bbox 1741 2209 1756 2234; x_wconf 84' lang='lat'><strong>6</strong></span> 
     </span>
    </p>
   </div>
   <div class='ocr_carea' id='block_1_102' title="bbox 964 2255 1757 2297">
    <p class='ocr_par' dir='ltr' id='par_1_102' title="bbox 964 2255 1757 2297">
     <span class='ocr_line' id='line_1_102' title="bbox 964 2255 1757 2297; baseline -0.009 -10"><span class='ocrx_word' id='word_1_816' title='bbox 964 2261 1090 2297; x_wconf 85' lang='grc' dir='ltr'>Χριστός.</span> <span class='ocrx_word' id='word_1_817' title='bbox 1105 2270 1115 2286; x_wconf 68' lang='grc' dir='ltr'><strong>ι</strong></span> <span class='ocrx_word' id='word_1_818' title='bbox 1135 2259 1198 2286; x_wconf 73' lang='grc' dir='ltr'>Ἐὰν</span> <span class='ocrx_word' id='word_1_819' title='bbox 1220 2259 1249 2285; x_wconf 80' lang='grc' dir='ltr'><strong>δὲ</strong></span> <span class='ocrx_word' id='word_1_820' title='bbox 1270 2258 1335 2295; x_wconf 86' lang='grc' dir='ltr'>εῐπῃ</span> <span class='ocrx_word' id='word_1_821' title='bbox 1355 2266 1407 2290; x_wconf 82' lang='grc' dir='ltr'>τις,</span> <span class='ocrx_word' id='word_1_822' title='bbox 1430 2257 1471 2284; x_wconf 76' lang='grc' dir='ltr'>ὅτι</span> <span class='ocrx_word' id='word_1_823' title='bbox 1487 2257 1518 2283; x_wconf 80' lang='grc' dir='ltr'><strong>τὸ</strong></span> <span class='ocrx_word' id='word_1_824' title='bbox 1534 2255 1646 2291; x_wconf 89' lang='grc' dir='ltr'>Πνεῦμα</span> <span class='ocrx_word' id='word_1_825' title='bbox 1661 2255 1757 2287; x_wconf 79' lang='grc' dir='ltr'>ἐντυγ-</span> 
     </span>
    </p>
   </div>
   <div class='ocr_carea' id='block_1_103' title="bbox 964 2300 1755 2342">
    <p class='ocr_par' dir='ltr' id='par_1_103' title="bbox 964 2300 1755 2342">
     <span class='ocr_line' id='line_1_103' title="bbox 964 2300 1755 2342; baseline -0.009 -8"><span class='ocrx_word' id='word_1_826' title='bbox 964 2307 1041 2342; x_wconf 82' lang='grc' dir='ltr'>χάνει</span> <span class='ocrx_word' id='word_1_827' title='bbox 1058 2306 1127 2341; x_wconf 86' lang='grc' dir='ltr'>ὑπὲρ</span> <span class='ocrx_word' id='word_1_828' title='bbox 1139 2305 1228 2341; x_wconf 82' lang='grc' dir='ltr'>ήμῶν,</span> <span class='ocrx_word' id='word_1_829' title='bbox 1241 2305 1311 2332; x_wconf 78' lang='grc' dir='ltr'>ὥστε</span> <span class='ocrx_word' id='word_1_830' title='bbox 1325 2302 1371 2331; x_wconf 84' lang='grc' dir='ltr'>οὖν</span> <span class='ocrx_word' id='word_1_831' title='bbox 1383 2304 1445 2331; x_wconf 79' lang='grc' dir='ltr'>ὅσον</span> <span class='ocrx_word' id='word_1_832' title='bbox 1457 2304 1472 2330; x_wconf 88' lang='lat'><strong>6</strong></span> <span class='ocrx_word' id='word_1_833' title='bbox 1485 2302 1578 2339; x_wconf 79' lang='grc' dir='ltr'>ἱκέτης</span> <span class='ocrx_word' id='word_1_834' title='bbox 1591 2302 1648 2337; x_wconf 86' lang='grc'>(78)</span> <span class='ocrx_word' id='word_1_835' title='bbox 1664 2300 1755 2328; x_wconf 85' lang='grc' dir='ltr'>λείπε-</span> 
     </span>
    </p>
   </div>
   <div class='ocr_carea' id='block_1_104' title="bbox 963 2346 1754 2388">
    <p class='ocr_par' dir='ltr' id='par_1_104' title="bbox 963 2346 1754 2388">
     <span class='ocr_line' id='line_1_104' title="bbox 963 2346 1754 2388; baseline -0.01 -8"><span class='ocrx_word' id='word_1_836' title='bbox 963 2362 1008 2380; x_wconf 83' lang='grc' dir='ltr'><strong>ται</strong></span> <span class='ocrx_word' id='word_1_837' title='bbox 1030 2353 1078 2380; x_wconf 81' lang='grc' dir='ltr'><strong>τοῦ</strong></span> <span class='ocrx_word' id='word_1_838' title='bbox 1104 2351 1259 2388; x_wconf 78' lang='grc' dir='ltr'>εὐεργέτου,</span> <span class='ocrx_word' id='word_1_839' title='bbox 1278 2350 1404 2377; x_wconf 83' lang='grc' dir='ltr'>τοσοῦτον</span> <span class='ocrx_word' id='word_1_840' title='bbox 1428 2349 1551 2376; x_wconf 81' lang='grc' dir='ltr'>λείπεται</span> <span class='ocrx_word' id='word_1_841' title='bbox 1572 2348 1603 2374; x_wconf 83' lang='grc' dir='ltr'>τὸ</span> <span class='ocrx_word' id='word_1_842' title='bbox 1625 2346 1754 2382; x_wconf 78' lang='grc' dir='ltr'>Πνεῦμα·</span> 
     </span>
    </p>
   </div>
   <div class='ocr_carea' id='block_1_105' title="bbox 962 2391 1756 2435">
    <p class='ocr_par' dir='ltr' id='par_1_105' title="bbox 962 2391 1756 2435">
     <span class='ocr_line' id='line_1_105' title="bbox 962 2391 1756 2435; baseline -0.01 -9"><span class='ocrx_word' id='word_1_843' title='bbox 962 2400 1087 2435; x_wconf 84' lang='grc' dir='ltr'>λέγωμεν</span> <span class='ocrx_word' id='word_1_844' title='bbox 1103 2397 1187 2433; x_wconf 80' lang='grc' dir='ltr'>αὐτῷ,</span> <span class='ocrx_word' id='word_1_845' title='bbox 1203 2398 1244 2424; x_wconf 82' lang='grc' dir='ltr'>ὅτι</span> <span class='ocrx_word' id='word_1_846' title='bbox 1258 2398 1272 2424; x_wconf 89' lang='lat'><strong>6</strong></span> <span class='ocrx_word' id='word_1_847' title='bbox 1285 2396 1444 2431; x_wconf 83' lang='grc' dir='ltr'>Μονογενής</span> <span class='ocrx_word' id='word_1_848' title='bbox 1465 2396 1538 2422; x_wconf 79' lang='grc' dir='ltr'>ἐστιν</span> <span class='ocrx_word' id='word_1_849' title='bbox 1563 2395 1594 2421; x_wconf 85' lang='grc' dir='ltr'><strong>ἐν</strong></span> <span class='ocrx_word' id='word_1_850' title='bbox 1610 2393 1686 2430; x_wconf 77' lang='grc' dir='ltr'>δεξιᾷ</span> <span class='ocrx_word' id='word_1_851' title='bbox 1707 2391 1756 2419; x_wconf 74' lang='grc' dir='ltr'><strong>τοῦ</strong></span> 
     </span>
    </p>
   </div>
   <div class='ocr_carea' id='block_1_106' title="bbox 963 2438 1756 2479">
    <p class='ocr_par' dir='ltr' id='par_1_106' title="bbox 963 2438 1756 2479">
     <span class='ocr_line' id='line_1_106' title="bbox 963 2438 1756 2479; baseline -0.008 -7"><span class='ocrx_word' id='word_1_852' title='bbox 963 2445 1042 2477; x_wconf 85' lang='grc' dir='ltr'>Θεοῦ,</span> <span class='ocrx_word' id='word_1_853' title='bbox 1063 2445 1110 2472; x_wconf 73' lang='grc' dir='ltr'>κα).</span> <span class='ocrx_word' id='word_1_854' title='bbox 1132 2444 1291 2479; x_wconf 70' lang='grc' dir='ltr'>ἐντυγχάνει</span> <span class='ocrx_word' id='word_1_855' title='bbox 1313 2443 1382 2478; x_wconf 81' lang='grc' dir='ltr'>ὑπὲρ</span> <span class='ocrx_word' id='word_1_856' title='bbox 1405 2441 1502 2477; x_wconf 71' lang='grc' dir='ltr'><strong>ήμῶνθ</strong></span> <span class='ocrx_word' id='word_1_857' title='bbox 1528 2450 1538 2467; x_wconf 73' lang='grc' dir='ltr'><strong>ι</strong></span> <span class='ocrx_word' id='word_1_858' title='bbox 1567 2440 1612 2476; x_wconf 83' lang='grc' dir='ltr'><strong>Μὴ</strong></span> <span class='ocrx_word' id='word_1_859' title='bbox 1636 2438 1683 2466; x_wconf 83' lang='grc' dir='ltr'>οὖν</span> <span class='ocrx_word' id='word_1_860' title='bbox 1708 2439 1756 2467; x_wconf 87' lang='grc' dir='ltr'>λυ-</span> 
     </span>
    </p>
   </div>
   <div class='ocr_carea' id='block_1_107' title="bbox 963 2485 1757 2526">
    <p class='ocr_par' dir='ltr' id='par_1_107' title="bbox 963 2485 1757 2526">
     <span class='ocr_line' id='line_1_107' title="bbox 963 2485 1757 2526; baseline -0.008 -7"><span class='ocrx_word' id='word_1_861' title='bbox 963 2494 1039 2519; x_wconf 85' lang='grc' dir='ltr'>πεῖτε</span> <span class='ocrx_word' id='word_1_862' title='bbox 1056 2491 1086 2518; x_wconf 84' lang='grc' dir='ltr'><strong>τὺ</strong></span> <span class='ocrx_word' id='word_1_863' title='bbox 1101 2491 1213 2526; x_wconf 83' lang='grc' dir='ltr'>Πνεῦμα</span> <span class='ocrx_word' id='word_1_864' title='bbox 1226 2490 1256 2517; x_wconf 83' lang='grc' dir='ltr'>τὸ</span> <span class='ocrx_word' id='word_1_865' title='bbox 1276 2490 1364 2524; x_wconf 73' lang='grc' dir='ltr'>ἅγιον,</span> <span class='ocrx_word' id='word_1_866' title='bbox 1393 2498 1402 2514; x_wconf 76' lang='grc' dir='ltr'><strong>ι</strong></span> <span class='ocrx_word' id='word_1_867' title='bbox 1418 2487 1489 2515; x_wconf 80' lang='grc' dir='ltr'>κατὰ</span> <span class='ocrx_word' id='word_1_868' title='bbox 1514 2487 1559 2514; x_wconf 78' lang='grc' dir='ltr'><strong>τὸν</strong></span> <span class='ocrx_word' id='word_1_869' title='bbox 1582 2486 1688 2514; x_wconf 86' lang='grc' dir='ltr'>Παῦλον</span> <span class='ocrx_word' id='word_1_870' title='bbox 1710 2485 1757 2514; x_wconf 74' lang='grc' dir='ltr'><strong>τὸν</strong></span> 
     </span>
    </p>
   </div>
   <div class='ocr_carea' id='block_1_108' title="bbox 963 2531 1757 2572">
    <p class='ocr_par' dir='ltr' id='par_1_108' title="bbox 963 2531 1757 2572">
     <span class='ocr_line' id='line_1_108' title="bbox 963 2531 1757 2572; baseline -0.01 -7"><span class='ocrx_word' id='word_1_871' title='bbox 963 2538 1075 2572; x_wconf 87' lang='grc' dir='ltr'>λέγοντα</span> <span class='ocrx_word' id='word_1_872' title='bbox 1086 2546 1092 2552; x_wconf 94' lang='grc'><strong>·</strong></span> <span class='ocrx_word' id='word_1_873' title='bbox 1111 2547 1121 2563; x_wconf 85' lang='grc'><strong><em>‹</em></strong></span> <span class='ocrx_word' id='word_1_874' title='bbox 1138 2537 1183 2564; x_wconf 87' lang='grc' dir='ltr'>Ἐν</span> <span class='ocrx_word' id='word_1_875' title='bbox 1205 2533 1228 2571; x_wconf 80' lang='grc' dir='ltr'>ᾧ</span> <span class='ocrx_word' id='word_1_876' title='bbox 1252 2534 1454 2570; x_wconf 76' lang='grc' dir='ltr'>ἐσφραγίσθητε</span> <span class='ocrx_word' id='word_1_877' title='bbox 1470 2534 1509 2565; x_wconf 77' lang='grc' dir='ltr'><strong>είς</strong></span> <span class='ocrx_word' id='word_1_878' title='bbox 1526 2532 1633 2569; x_wconf 79' lang='grc' dir='ltr'>ἡμέραν</span> <span class='ocrx_word' id='word_1_879' title='bbox 1654 2531 1757 2558; x_wconf 83' lang='grc' dir='ltr'>ἀπολυ-</span> 
     </span>
    </p>
   </div>
   <div class='ocr_carea' id='block_1_109' title="bbox 964 2578 1756 2619">
    <p class='ocr_par' dir='ltr' id='par_1_109' title="bbox 964 2578 1756 2619">
     <span class='ocr_line' id='line_1_109' title="bbox 964 2578 1756 2619; baseline -0.009 -9"><span class='ocrx_word' id='word_1_880' title='bbox 964 2583 1099 2619; x_wconf 79' lang='grc' dir='ltr'>τρώσεως.</span> <span class='ocrx_word' id='word_1_881' title='bbox 1121 2593 1130 2610; x_wconf 85' lang='grc'><strong>›</strong></span> <span class='ocrx_word' id='word_1_882' title='bbox 1155 2583 1210 2610; x_wconf 75' lang='grc' dir='ltr'><strong>Καὶ</strong></span> <span class='ocrx_word' id='word_1_883' title='bbox 1225 2582 1239 2608; x_wconf 85' lang='grc' dir='ltr'>ὁ</span> <span class='ocrx_word' id='word_1_884' title='bbox 1257 2581 1391 2615; x_wconf 79' lang='grc' dir='ltr'>Στέφανος</span> <span class='ocrx_word' id='word_1_885' title='bbox 1409 2580 1438 2607; x_wconf 81' lang='grc' dir='ltr'><strong>δὲ</strong></span> <span class='ocrx_word' id='word_1_886' title='bbox 1453 2579 1544 2614; x_wconf 84' lang='grc' dir='ltr'>λέγει·</span> <span class='ocrx_word' id='word_1_887' title='bbox 1565 2588 1574 2605; x_wconf 77' lang='grc' dir='ltr'><strong>ι</strong></span> <span class='ocrx_word' id='word_1_888' title='bbox 1600 2578 1696 2613; x_wconf 83' lang='grc' dir='ltr'>Ὑμεῖς</span> <span class='ocrx_word' id='word_1_889' title='bbox 1711 2578 1756 2604; x_wconf 74' lang='grc' dir='ltr'><strong>ἀεὶ</strong></span> 
     </span>
    </p>
   </div>
   <div class='ocr_carea' id='block_1_110' title="bbox 1658 2668 1754 2696">
    <p class='ocr_par' dir='ltr' id='par_1_110' title="bbox 1658 2668 1754 2696">
     <span class='ocr_line' id='line_1_110' title="bbox 1658 2668 1754 2696; baseline 0 0"><span class='ocrx_word' id='word_1_890' title='bbox 1658 2669 1680 2686; x_wconf 84' lang='grc'>⁷¹</span> <span class='ocrx_word' id='word_1_891' title='bbox 1697 2668 1754 2696; x_wconf 83' lang='lat' dir='ltr'><strong>Jer.</strong></span> 
     </span>
    </p>
   </div>
   <div class='ocr_carea' id='block_1_111' title="bbox 1094 2668 1607 2706">
    <p class='ocr_par' dir='ltr' id='par_1_111' title="bbox 1094 2668 1607 2706">
     <span class='ocr_line' id='line_1_111' title="bbox 1094 2668 1607 2706; baseline -0.01 -5"><span class='ocrx_word' id='word_1_892' title='bbox 1094 2675 1116 2691; x_wconf 77' lang='lat'>&quot;</span> <span class='ocrx_word' id='word_1_893' title='bbox 1129 2673 1150 2701; x_wconf 88' lang='lat' dir='ltr'><strong>ll</strong></span> <span class='ocrx_word' id='word_1_894' title='bbox 1165 2668 1227 2701; x_wconf 76' lang='lat' dir='ltr'><strong>Cor.</strong></span> <span class='ocrx_word' id='word_1_895' title='bbox 1244 2682 1271 2706; x_wconf 73' lang='grc' dir='ltr'><strong>ν,</strong></span> <span class='ocrx_word' id='word_1_896' title='bbox 1285 2673 1329 2701; x_wconf 76' lang='grc'><strong>17.</strong></span> <span class='ocrx_word' id='word_1_897' title='bbox 1381 2672 1404 2688; x_wconf 79' lang='grc'>⁷⁸</span> <span class='ocrx_word' id='word_1_898' title='bbox 1420 2671 1481 2698; x_wconf 82' lang='lat' dir='ltr'><strong>Act.</strong></span> <span class='ocrx_word' id='word_1_899' title='bbox 1498 2679 1525 2703; x_wconf 78' lang='grc' dir='ltr'><strong>ν,</strong></span> <span class='ocrx_word' id='word_1_900' title='bbox 1537 2671 1564 2701; x_wconf 75' lang='grc'><strong>5.</strong></span> <span class='ocrx_word' id='word_1_901' title='bbox 1581 2669 1607 2697; x_wconf 71' lang='grc'><strong>4.</strong></span> 
     </span>
    </p>
   </div>
   <div class='ocr_carea' id='block_1_112' title="bbox 120 2704 903 2745">
    <p class='ocr_par' dir='ltr' id='par_1_112' title="bbox 120 2704 890 2745">
     <span class='ocr_line' id='line_1_112' title="bbox 120 2704 890 2745; baseline 0.001 -9"><span class='ocrx_word' id='word_1_902' title='bbox 120 2715 198 2740; x_wconf 75' lang='lat' dir='ltr'><strong>unt,</strong></span> <span class='ocrx_word' id='word_1_903' title='bbox 213 2707 238 2734; x_wconf 88' lang='lat'><strong>7.</strong></span> <span class='ocrx_word' id='word_1_904' title='bbox 276 2709 298 2725; x_wconf 83' lang='lat'><strong><em>&quot;</em></strong></span> <span class='ocrx_word' id='word_1_905' title='bbox 314 2708 413 2739; x_wconf 70' lang='lat' dir='ltr'><strong>let-.11.</strong></span> <span class='ocrx_word' id='word_1_906' title='bbox 427 2707 453 2735; x_wconf 88' lang='grc'><strong>6.</strong></span> <span class='ocrx_word' id='word_1_907' title='bbox 491 2711 514 2725; x_wconf 84' lang='grc'><strong>⁷³</strong></span> <span class='ocrx_word' id='word_1_908' title='bbox 526 2710 599 2737; x_wconf 72' lang='lat' dir='ltr'><strong>l’sal.</strong></span> <span class='ocrx_word' id='word_1_909' title='bbox 613 2704 692 2738; x_wconf 57' lang='lat' dir='ltr'><strong>tim</strong></span> <span class='ocrx_word' id='word_1_910' title='bbox 703 2734 710 2745; x_wconf 79' lang='lat'><strong>,</strong></span> <span class='ocrx_word' id='word_1_911' title='bbox 721 2712 766 2739; x_wconf 75' lang='lat'><strong>21.</strong></span> <span class='ocrx_word' id='word_1_912' title='bbox 787 2711 820 2726; x_wconf 80' lang='grc'><strong>⁷³·</strong></span> <span class='ocrx_word' id='word_1_913' title='bbox 838 2711 890 2738; x_wconf 89' lang='lat' dir='ltr'><strong>lsa.</strong></span> 
     </span>
    </p>
   </div>
   <div class='ocr_carea' id='block_1_113' title="bbox 992 2704 1636 2745">
    <p class='ocr_par' dir='ltr' id='par_1_113' title="bbox 994 2704 1636 2743">
     <span class='ocr_line' id='line_1_113' title="bbox 994 2704 1636 2743; baseline -0.009 -6"><span class='ocrx_word' id='word_1_914' title='bbox 994 2710 1037 2743; x_wconf 78' lang='grc'><strong>15,</strong></span> <span class='ocrx_word' id='word_1_915' title='bbox 1050 2710 1093 2739; x_wconf 71' lang='grc'><strong>14.</strong></span> <span class='ocrx_word' id='word_1_916' title='bbox 1131 2711 1154 2726; x_wconf 69' lang='grc'><strong>⁷⁵</strong></span> <span class='ocrx_word' id='word_1_917' title='bbox 1169 2710 1177 2736; x_wconf 89' lang='lat' dir='ltr'><strong>l</strong></span> <span class='ocrx_word' id='word_1_918' title='bbox 1195 2704 1298 2743; x_wconf 42' lang='lat' dir='ltr'><strong>Corfx,</strong></span> <span class='ocrx_word' id='word_1_919' title='bbox 1314 2709 1340 2736; x_wconf 73' lang='grc'><strong>4.</strong></span> <span class='ocrx_word' id='word_1_920' title='bbox 1380 2707 1403 2724; x_wconf 88' lang='lat'>&quot;</span> <span class='ocrx_word' id='word_1_921' title='bbox 1419 2707 1518 2741; x_wconf 86' lang='lat' dir='ltr'><strong>Ephes.</strong></span> <span class='ocrx_word' id='word_1_922' title='bbox 1538 2713 1576 2737; x_wconf 88' lang='lat' dir='ltr'><strong>tv,</strong></span> <span class='ocrx_word' id='word_1_923' title='bbox 1591 2704 1636 2732; x_wconf 81' lang='grc'><strong>50.</strong></span> 
     </span>
    </p>
   </div>
   <div class='ocr_carea' id='block_1_114' title="bbox 153 2831 906 2869">
    <p class='ocr_par' dir='ltr' id='par_1_114' title="bbox 153 2831 906 2869">
     <span class='ocr_line' id='line_1_114' title="bbox 153 2831 906 2869; baseline -0.001 -10"><span class='ocrx_word' id='word_1_924' title='bbox 153 2833 208 2866; x_wconf 81' lang='lat'><strong>(75)</strong></span> <span class='ocrx_word' id='word_1_925' title='bbox 228 2831 300 2869; x_wconf 56' lang='lat' dir='ltr'><strong>ﬁdit.</strong></span> <span class='ocrx_word' id='word_1_926' title='bbox 312 2831 433 2869; x_wconf 72' lang='lat' dir='ltr'><strong>Commel</strong></span> <span class='ocrx_word' id='word_1_927' title='bbox 449 2854 456 2864; x_wconf 84' lang='lat'><strong>,</strong></span> <span class='ocrx_word' id='word_1_928' title='bbox 467 2833 559 2869; x_wconf 48' lang='grc' dir='ltr'>ὑμῶν,</span> <span class='ocrx_word' id='word_1_929' title='bbox 572 2833 658 2869; x_wconf 80' lang='lat' dir='ltr'><strong>Reliq.</strong></span> <span class='ocrx_word' id='word_1_930' title='bbox 669 2837 694 2862; x_wconf 85' lang='lat' dir='ltr'><strong>et</strong></span> <span class='ocrx_word' id='word_1_931' title='bbox 714 2841 793 2865; x_wconf 66' lang='lat' dir='ltr'><strong>mss,</strong></span> <span class='ocrx_word' id='word_1_932' title='bbox 817 2831 906 2869; x_wconf 50' lang='grc' dir='ltr'>ἠμκῦν.</span> 
     </span>
    </p>
   </div>
   <div class='ocr_carea' id='block_1_115' title="bbox 152 2867 908 2904">
    <p class='ocr_par' dir='ltr' id='par_1_115' title="bbox 152 2867 908 2904">
     <span class='ocr_line' id='line_1_115' title="bbox 152 2867 908 2904; baseline 0.001 -11"><span class='ocrx_word' id='word_1_933' title='bbox 152 2869 209 2900; x_wconf 64' lang='grc' dir='ltr'><strong>ὶ76)</strong></span> <span class='ocrx_word' id='word_1_934' title='bbox 227 2867 299 2894; x_wconf 76' lang='lat' dir='ltr'><strong>Eilit.</strong></span> <span class='ocrx_word' id='word_1_935' title='bbox 316 2868 394 2904; x_wconf 75' lang='lat' dir='ltr'><strong>Cum.</strong></span> <span class='ocrx_word' id='word_1_936' title='bbox 408 2867 494 2896; x_wconf 61' lang='lat' dir='ltr'><strong>VaticL</strong></span> <span class='ocrx_word' id='word_1_937' title='bbox 510 2873 536 2897; x_wconf 83' lang='lat' dir='ltr'><strong>et</strong></span> <span class='ocrx_word' id='word_1_938' title='bbox 555 2867 651 2903; x_wconf 37' lang='lat' dir='ltr'><strong>Basili,</strong></span> <span class='ocrx_word' id='word_1_939' title='bbox 668 2869 743 2904; x_wconf 76' lang='grc' dir='ltr'>γοῦν.</span> <span class='ocrx_word' id='word_1_940' title='bbox 760 2867 908 2896; x_wconf 53' lang='grc' dir='ltr'>ΕίίἰιξΡει-</span> 
     </span>
    </p>
   </div>
   <div class='ocr_carea' id='block_1_116' title="bbox 117 2901 411 2938">
    <p class='ocr_par' dir='ltr' id='par_1_116' title="bbox 117 2901 411 2938">
     <span class='ocr_line' id='line_1_116' title="bbox 117 2901 411 2938; baseline 0 -8"><span class='ocrx_word' id='word_1_941' title='bbox 117 2911 165 2930; x_wconf 84' lang='lat' dir='ltr'><strong>rts.</strong></span> <span class='ocrx_word' id='word_1_942' title='bbox 181 2909 207 2931; x_wconf 89' lang='lat' dir='ltr'><strong>ct</strong></span> <span class='ocrx_word' id='word_1_943' title='bbox 222 2903 341 2938; x_wconf 55' lang='lat' dir='ltr'><strong>Anglia,</strong></span> <span class='ocrx_word' id='word_1_944' title='bbox 354 2901 411 2930; x_wconf 70' lang='grc' dir='ltr'>οὖν.</span> 
     </span>
    </p>
   </div>
   <div class='ocr_carea' id='block_1_117' title="bbox 997 2831 1751 2869">
    <p class='ocr_par' dir='ltr' id='par_1_117' title="bbox 997 2831 1751 2869">
     <span class='ocr_line' id='line_1_117' title="bbox 997 2831 1751 2869; baseline -0.003 -11"><span class='ocrx_word' id='word_1_945' title='bbox 997 2831 1055 2869; x_wconf 62' lang='grc'>(77)</span> <span class='ocrx_word' id='word_1_946' title='bbox 1073 2833 1198 2869; x_wconf 50' lang='grc' dir='ltr'><strong>Αρτούς.</strong></span> <span class='ocrx_word' id='word_1_947' title='bbox 1208 2835 1234 2859; x_wconf 93' lang='lat' dir='ltr'><strong>et</strong></span> <span class='ocrx_word' id='word_1_948' title='bbox 1249 2840 1323 2869; x_wconf 80' lang='lat' dir='ltr'><strong>mox,</strong></span> <span class='ocrx_word' id='word_1_949' title='bbox 1342 2831 1406 2869; x_wconf 59' lang='grc' dir='ltr'>τῆς,</span> <span class='ocrx_word' id='word_1_950' title='bbox 1423 2832 1524 2869; x_wconf 82' lang='lat' dir='ltr'><strong>desunt</strong></span> <span class='ocrx_word' id='word_1_951' title='bbox 1538 2832 1564 2859; x_wconf 92' lang='lat' dir='ltr'><strong>in</strong></span> <span class='ocrx_word' id='word_1_952' title='bbox 1573 2831 1734 2869; x_wconf 60' lang='lat' dir='ltr'><strong>Angligano.</strong></span> <span class='ocrx_word' id='word_1_953' title='bbox 1747 2865 1751 2869; x_wconf 39' lang='lat'><strong><em>.</em></strong></span> 
     </span>
    </p>
   </div>
   <div class='ocr_carea' id='block_1_118' title="bbox 998 2865 1753 2902">
    <p class='ocr_par' dir='ltr' id='par_1_118' title="bbox 998 2865 1753 2902">
     <span class='ocr_line' id='line_1_118' title="bbox 998 2865 1753 2902; baseline -0.001 -9"><span class='ocrx_word' id='word_1_954' title='bbox 998 2867 1055 2899; x_wconf 81' lang='lat'><strong>(78)</strong></span> <span class='ocrx_word' id='word_1_955' title='bbox 1075 2867 1148 2894; x_wconf 86' lang='lat' dir='ltr'><strong>Edit.</strong></span> <span class='ocrx_word' id='word_1_956' title='bbox 1164 2868 1296 2894; x_wconf 74' lang='lat' dir='ltr'><strong>L‘ommel.</strong></span> <span class='ocrx_word' id='word_1_957' title='bbox 1320 2873 1347 2894; x_wconf 88' lang='lat' dir='ltr'><strong>et</strong></span> <span class='ocrx_word' id='word_1_958' title='bbox 1370 2867 1506 2899; x_wconf 86' lang='lat' dir='ltr'><strong>Vatican.,</strong></span> <span class='ocrx_word' id='word_1_959' title='bbox 1521 2865 1641 2902; x_wconf 73' lang='grc' dir='ltr'>οἰκέτης.</span> <span class='ocrx_word' id='word_1_960' title='bbox 1655 2865 1753 2893; x_wconf 67' lang='lat' dir='ltr'><strong>Gmteri</strong></span> 
     </span>
    </p>
   </div>
   <div class='ocr_carea' id='block_1_119' title="bbox 961 2902 1627 2937">
    <p class='ocr_par' dir='ltr' id='par_1_119' title="bbox 961 2902 1627 2937">
     <span class='ocr_line' id='line_1_119' title="bbox 961 2902 1627 2937; baseline 0 -7"><span class='ocrx_word' id='word_1_961' title='bbox 961 2906 988 2931; x_wconf 83' lang='lat' dir='ltr'><strong>et</strong></span> <span class='ocrx_word' id='word_1_962' title='bbox 1005 2903 1071 2930; x_wconf 83' lang='lat' dir='ltr'><strong>edit.</strong></span> <span class='ocrx_word' id='word_1_963' title='bbox 1084 2902 1182 2934; x_wconf 74' lang='lat' dir='ltr'><strong>Paris,</strong></span> <span class='ocrx_word' id='word_1_964' title='bbox 1202 2903 1304 2937; x_wconf 74' lang='grc' dir='ltr'>ἱκέτης,</span> <span class='ocrx_word' id='word_1_965' title='bbox 1322 2902 1399 2930; x_wconf 71' lang='lat' dir='ltr'><strong>etita</strong></span> <span class='ocrx_word' id='word_1_966' title='bbox 1415 2903 1477 2936; x_wconf 70' lang='lat' dir='ltr'><strong>legit</strong></span> <span class='ocrx_word' id='word_1_967' title='bbox 1494 2902 1627 2930; x_wconf 76' lang='lat' dir='ltr'><strong>Nannius.</strong></span> 
     </span>
    </p>
   </div>
  </div>
