1898 3053
101 155 153 193 ,ει

464 154 509 182 DE
528 153 689 186 COMMUNl
709 155 880 183 ESSENTIA
901 156 908 183 Ι

998 157 1030 184 iS
1050 156 1094 184 ET
1115 156 1197 184 FiLll’
1213 155 1257 184 ΕΤ
1280 154 1371 185 Sl’lR.
1393 156 1421 183 S.
1726 157 1763 184 62η

118 211 177 247 ἔχει
192 219 289 246 τομην,
305 211 367 243 οὐδὲ
380 210 510 246 διαίρεσιν
523 213 539 246 ἠ
557 211 621 245 δόξα
635 212 684 247 τῆς
696 211 836 247 ἀληθείας.
849 212 908 238 Πότε

1008 216 1182 240 coreternus:
1198 219 1286 246 neque
1304 211 1407 245 accipit
1421 210 1569 238 sectionem
1587 214 1635 237 aut
1649 210 1763 239 divisio—

118 255 166 284 οὖν
177 257 279 292 ἐκλήθη
291 257 359 288 Θεὸς
368 257 415 285 τοῦ
425 256 489 285 Υἰοῦ
504 258 518 283 6
533 257 626 293 Πατὴρ
642 257 687 284 διὰ
700 258 748 293 τὴν
758 258 846 293 σάρκα
855 267 862 290 ;
871 258 916 291 ἀφ’

117 299 150 328 οὗ
170 302 306 338 προῆλθεν
321 303 353 328 ὲκ
361 302 464 333 κοιλίας
479 302 592 337 μητρός.
606 301 656 328 Διὰ
666 301 746 328 τοῦτο
761 303 789 328 ὲν
799 302 838 337 τῷ
849 310 916 337 προ-

119 350 204 384 φήτῃ,
219 348 381 384 βουλόμενος
397 348 482 381 δεῖξαι
499 348 596 387 ὲαοτοῦ
609 349 655 375 καὶ
668 349 717 384 τὴν
739 348 854 383 θεότητα
871 347 917 374 καὶ

117 394 169 429 τὴν
184 394 273 429 σάρκα
283 393 480 429 ἁληθεὺουσαν,
491 393 582 428 ἔλεγεν
594 403 600 408 ·
614 404 623 419 ‹
641 394 689 421 Ἐκ
699 394 802 425 κοιλίας
814 393 917 429 μητρός

120 447 185 475 μου,
199 439 266 471 Θεός
279 448 329 474 μου
346 437 371 465 εἴ
385 439 428 465 σύ.
443 449 451 465 ι
464 440 494 466 Εἰ
509 439 536 465 δὲ
553 439 641 474 βούλει
652 440 686 466 τὰ
699 439 832 466 ὑπόλοιπα
846 439 916 473 γνῶ-

119 494 176 518 ναι,
189 486 218 511 ἐν
232 485 271 520 τῷ
289 485 406 520 εἰκοστῷ
418 485 535 521 δευτέρῳ
550 485 650 522 ψαλμῷ
667 486 826 522 διδαχθήσῃ.

119 587 165 614 52.
187 586 265 621 Πρὸς
282 586 354 619 τοὺς
366 566 521 622 ,λέγοντας
543 587 640 620 μέγαν
668 587 743 613 Θεὸν
760 585 836 614 εἶναι
862 586 915 613 τὸν

273 621 402 655 Πατέρα,
422 622 477 649 τὸν
491 622 524 648 δὲ
543 622 611 649 Υίὸν
624 622 667 656 μὴ
684 622 762 648 ἴσον.

111 663 114 665 λ
154 668 188 694 Εἰ
203 668 250 694 καὶ
262 667 296 694 τὰ
314 667 431 703 μάλιστα
443 668 492 703 τὴν
507 667 609 704 Τριάδα
624 668 688 703 μίαν
700 667 814 703 θεότητα
824 667 915 701 λέγον-

118 722 176 745 τες,
191 714 356 749 εὑρίσκομεν
371 714 416 740 τὸν
427 714 490 740 Υἰδν
504 715 532 741 ὲν
548 715 580 749 τῇ
598 714 705 750 Γραφῇ,
719 714 787 749 πρὸς
800 714 831 740 τὸ
846 714 915 750 φρά-

120 760 164 792 ξαι
177 761 210 788 τὰ
233 761 355 795 στόματα
369 761 424 788 τῶν
441 761 583 791 ἐναντίων.
604 761 690 796 μέγαν
703 761 780 797 παρὰ
795 761 840 787 τὸν
856 761 912 787 Πα-

118 807 200 843 τέρα·
220 807 293 841 λέγει
311 808 366 842 γὰρ
387 808 400 833 ὁ
424 807 519 833 Δαὸίδ·
538 817 547 831 ι
560 807 684 839 Γνωατδς
701 808 729 833 ὲν
748 808 781 843 τῇ
799 807 914 842 Ἰουδαίᾳ

118 855 134 881 6
149 854 229 886 Θεός·
248 855 277 880 ὲν
293 853 332 888 τῷ
350 853 459 889 Ἰσραὴλ
478 853 548 888 μέγα
564 853 594 880 τὸ
610 853 694 887 ὖνομα
706 852 805 879 αὑτοῦ·
821 863 830 878 ι
849 853 866 887 ἡ
883 851 911 877 δὲ

969 266 1030 285 nem
1048 258 1135 292 gloria
1151 258 1285 286 veritatis.
1303 257 1487 290 Quandonam
1504 257 1588 291 igitur
1607 256 1699 288 Pater,
1716 256 1762 284 Fi-

969 303 997 330 lii
1015 303 1086 330 Deus
1101 304 1137 330 ob
1160 311 1269 330 carnem
1295 302 1536 330 nominatusest-‘I
1552 302 1585 329 ab
1603 310 1635 329 eo
1656 302 1763 330 scilicet

968 352 1101 383 tempore.
1117 358 1172 384 quo
1190 350 1290 384 prodiit
1307 357 1340 376 ex
1369 352 1447 375 utero
1469 349 1575 375 matris.
1601 347 1664 375 Ideo
1689 348 1761 383 apud

967 393 1132 428 Prophetam
1153 395 1248 422 volens
1270 394 1418 422 ostendere
1440 398 1467 420 et
1489 393 1618 420 deitatem
1641 400 1719 420 suam
1735 395 1763 419 et

966 447 1077 467 carnem
1096 447 1188 467 veram
1206 448 1278 471 esse.
1290 440 1374 466 dicit:
1389 449 1397 463 ι
1411 439 1449 466 De
1465 443 1559 466 ventre
1571 439 1667 467 matris
1684 446 1762 471 meae,

967 485 1038 513 Deus
1054 494 1132 513 meus
1147 494 1177 514 es
1195 491 1222 513 tu
1231 488 1251 513 '.
1261 496 1269 512 ι
1287 486 1364 519 Quod
1378 486 1403 514 si
1421 486 1705 521 reliqua'coguoscere
1715 493 1763 513 ve-

966 531 1011 563 lis,
1029 532 1056 559 in
1072 533 1204 560 vicesimo
1218 532 1340 560 secundo
1359 532 1469 560 Psalmo
1484 532 1601 560 edisces.

966 589 1010 616 52.
1030 582 1162 616 Adversus
1184 597 1228 616 eos
1244 590 1291 624 qni
1313 589 1406 616 dicunt
1435 588 1540 614 Patrem
1563 596 1619 617 esse
1638 596 1761 624 maguum

1112 625 1205 655 Deum.
1227 624 1328 651 Filium
1342 633 1401 651 vero
1416 624 1440 650 ei
1456 623 1623 658 imrqualem.

1001 670 1058 699 Etsi
1083 671 1200 698 maxime
1219 670 1382 698 Trinitatem
1415 677 1499 698 unam
1533 669 1663 696 deitatem
1686 669 1763 696 dica-

965 724 1036 748 mus,
1053 717 1209 744 invenimus
1233 721 1324 744 tamen
1343 717 1371 744 in
1394 716 1483 744 sacris
1497 715 1607 746 litteris.
1624 715 1658 742 ad
1679 715 1761 741 obtu-

964 763 1050 790 randa
1064 763 1285 790 adversariorum
1297 771 1356 796 ora,
1373 763 1473 790 Filium
1487 766 1615 797 magnum
1630 761 1761 796 appellari

964 817 1088 836 seorsum
1107 817 1121 835 a
1138 809 1234 836 Patre:
1248 810 1286 836 ait
1299 810 1371 837 enim
1386 809 1469 836 David
1486 817 1491 834 :
1508 817 1516 832 ι
1533 807 1619 835 Notus
1633 808 1658 834 in
1669 807 1762 835 Iudaea

966 855 1036 882 Deus
1061 865 1068 883 ε
1093 855 1119 882 in
1147 856 1231 883 Israel
1254 858 1387 890 magnum‘
1406 863 1507 883 nomen
1533 855 1624 890 ejus’.
1643 864 1651 880 ι
1667 854 1762 882 Judaa

126 900 241 927 Ἰουδαία
253 899 418 936 περιώριστο
430 900 505 935 τόπῳ
516 899 636 935 φανερῷ.
645 899 712 934 Περὶ
727 899 754 926 δὲ
768 897 816 925 τοῦ
830 898 908 924 Υὶοῦ·

993 906 1058 928 item
1084 902 1168 929 certis
1195 903 1264 929 locis
1282 902 1394 929 deﬁnita
1414 907 1482 931 erat.
1506 901 1546 930 De
1562 901 1631 928 Filio
1650 905 1761 929 autem:

123 955 133 971 ι
147 947 236 982 Κύριε
249 947 263 972 ὁ
279 946 382 981 Κύριος
397 945 486 981 ἡμῶν,
503 947 541 978 ὡς
555 945 712 980 Θαυμαστδν
725 945 756 972 τὸ
768 945 854 980 ὄνομά
867 953 914 970 σου

120 991 149 1017 ἐν
168 991 242 1026 πάσῃ
257 992 290 1027 τῇ
307 993 342 1026 γῇ
354 991 360 1017 !
373 1001 382 1017 ι
394 1019 397 1022 ,
408 990 518 1026 Ἐπειδὴ
535 991 623 1018 πᾶσαν
637 991 780 1027 ¹επλὴρωοέ
793 990 841 1025 τὴν
862 989 914 1023 γῆν

119 1038 137 1072 ἡ
151 1036 269 1072 Χριστοῦ
281 1037 451 1072 προσηγορία
461 1046 467 1052 ·
484 1038 524 1068 εἰς
540 1038 629 1063 πᾶσαν
647 1036 701 1073 γὰρ
712 1036 760 1072 τὴν
775 1037 826 1071 γῆν
837 1035 915 1070 ἐξῆλ-

120 1082 167 1108 θεν
183 1083 197 1108 6
210 1082 327 1116 φθόγγος
349 1082 403 1108 τῶν
421 1082 507 1116 ἁγίων
518 1101 525 1108 .
541 1082 588 1108 καὶ
614 1082 655 1113 είς
676 1081 709 1107 τὰ
737 1081 845 1117 πέρατα
865 1081 915 1116 τῆς

120 1128 283 1163 οἰκουμένης
297 1128 331 1154 τὰ
345 1129 456 1164 ῥήματα
470 1128 575 1155 αὑτῶν’
596 1128 708 1159 εἰκότως
724 1127 799 1162 λέγει
815 1127 829 1153 ὁ
845 1126 914 1161 ψαλ-

121 1174 187 1209 μὸς·
210 1183 219 1200 ι
234 1174 396 1209 Θαυμαπτὸν
416 1174 446 1200 τὸ
465 1173 551 1209 ὄνομά
577 1182 622 1200 σου
642 1175 670 1200 ὲν
691 1174 765 1210 πάσῃ
788 1175 820 1209 τῇ
837 1175 883 1208 γῇ.
901 1182 911 1199 ι

120 1220 176 1246 Καὶ
188 1220 215 1246 τί
231 1219 261 1246 τὸ
283 1219 462 1255 ἐπαγόμενον,
478 1229 487 1245 ι
508 1219 569 1246 Ὅτι
590 1218 728 1254 ὲπήρϐηή
746 1217 915 1254 μεγαλοπρέ-

120 1267 187 1293 πειά
212 1275 260 1292 σου
283 1266 411 1301 ὑπεράνω
435 1265 490 1292 τῶν
513 1265 651 1300 οὑρανῶν;
671 1274 680 1290 ι
707 1264 862 1300 Πληροῦται
886 1263 914 1290 δὲ

118 1312 210 1344 τοῦτο,
220 1313 264 1339 ὅτε
280 1311 418 1347 ἀνέϐησαν
432 1312 472 1344 εἰς
488 1311 518 1338 τὸ
534 1311 595 1346 ὄρος
610 1312 634 1337 οἱ
651 1310 770 1346 μαθηταὶ
786 1310 854 1346 μετὰ
867 1309 912 1336 τοῦ

119 1359 267 1394 Σωτῆρος,
293 1358 436 1394 μέλλοντος
461 1357 701 1392 ἀναλαμϐάνεσθαι
715 1377 722 1389 ,
749 1356 826 1390 ἔλεγε
846 1356 914 1391 πρὸς

118 1405 233 1436 αὐτούς·
252 1413 260 1429 ι
274 1404 393 1431 Μείνατε
404 1405 443 1435 εἰς
459 1404 643 1439 Ἰεροσόλυμα,
655 1404 707 1435 ἕως
723 1400 753 1430 οὗ
768 1401 914 1437 ἐνδύσησθε

118 1450 234 1486 δύναμιν
251 1451 279 1483 ἐξ
293 1450 390 1485 ὕψους·
409 1460 416 1475 ι
429 1449 473 1476 διὰ
482 1449 514 1476 τὸ
525 1449 659 1485 ὲπῆρθαι’
676 1449 764 1484 «ίὉτι
778 1448 884 1484 ἐπήρθη
897 1449 913 1483 ἡ

120 1496 343 1533 μεγαλοπρέπειὰ
365 1505 411 1522 σου
433 1496 560 1530 ὑπεράνω
585 1495 639 1521 τῶν
654 1495 812 1531 οὐρανῶν.»
836 1494 914 1529 Αὐτῷ

118 1540 166 1568 οὖν
195 1542 278 1568 Δαίῖιδ
301 1543 458 1577 προσφωνεῖ
482 1541 584 1575 λέγων·
614 1550 622 1565 ι
643 1541 704 1567 Ὅτι
729 1540 828 1576 ὄψομαι
851 1541 913 1573 τοὺς

119 1588 262 1624 οὐρανοὺς,
279 1588 348 1623 ἔργα
363 1588 417 1614 τῶν
427 1587 567 1614 δακτύλων
583 1595 639 1613 σου.
652 1596 660 1612 ι

119 1645 165 1673 35.
187 1645 248 1672 Ὅτι
266 1644 369 1679 ὥσπερ
386 1646 402 1671 ὁ
419 1644 520 1677 Πατὴρ
536 1645 644 1677 Κύριος
662 1644 794 1677 Σαϐαὼθ,
819 1644 913 1678 οὕτως

367 1680 417 1707 καὶ
428 1682 444 1706 ό
464 1681 530 1711 Υἱὸς
544 1680 662 1713 ὁμοίως.

161 1726 191 1752 '0
209 1726 322 1757 Ἡσαΐας
337 1726 430 1761 λέγει·
455 1726 654 1761 «Καὶβημεῖα
681 1725 728 1752 καὶ
753 1725 855 1761 τέρατα
884 1725 912 1752 ὲν

118 1773 158 1808 τῷ
173 1773 240 1808 οἴκῳ
262 1772 372 1809 Ἰσραὴλ
387 1772 462 1807 παρὰ
480 1773 583 1807 Κυρίου
602 1771 727 1803 Σαϐαὼθ,
745 1772 774 1804 ὃς
791 1773 913 1799 κατοικεῖ

118 1820 147 1847 ἐν
163 1819 202 1854 τῷ
215 1819 273 1855 ὄρει
285 1819 363 1845 Σιών.
378 1829 387 1844 ›
407 1819 450 1844 Ἐν
461 1819 488 1845 δὲ
504 1818 543 1854 τῷ
561 1817 672 1853 ψαλιμῷο
687 1828 696 1843 ι
715 1818 785 1852 Ἐγὼ
799 1818 828 1845 δὲ
845 1826 911 1844 κατ-

117 1864 236 1900 εστάθην
253 1863 379 1899 βασιλεὺς
394 1864 439 1890 ὑπ’
454 1863 536 1890 αὐτοῦ
550 1864 596 1890 ἐπὶ
614 1863 682 1890 Σιὼν
699 1863 761 1897 ὅρος
777 1863 807 1889 τὸ
833 1863 911 1897 ἅγιον

116 1908 214 1936 αὐτοῦ.
238 1918 248 1935 ι

117 1965 163 1994 34.
180 1965 259 2000 Πρὸς
279 1965 351 1998 τοὺς
371 1964 516 1999 λέγω-τας
529 1962 620 1999 ἧττον
635 1963 712 1992 εἶναι
730 1965 764 1991 τὸ
791 1965 911 1999 Πνεῦμα

152 1999 208 2027 τοῦ
227 2001 367 2034 Χριστοῦ,
395 2000 499 2035 ἐπειδὴ
515 2000 652 2034 άρῤαϐὼν
664 1999 789 2034 ἐκλήθη,
808 2000 909 2034 μέρος,

151 2037 259 2070 φησὶν,
273 2037 350 2063 ἐστι.

152 2083 310 2118 Γέγραπται
335 2083 365 2109 ὲν
385 2083 417 2118 τῇ
444 2081 511 2117 πρὸς
536 2082 692 2116 Ἐφεσίους·
715 2091 724 2107 ι
753 2082 796 2108 Ἐν
818 2078 840 2115 ᾧ
864 2081 910 2108 καὶ

116 2129 311 2160 πιστεύταντες
332 2128 534 2164 ἐσφραγίσθητε
550 2127 589 2163 τῷ
607 2128 746 2163 Πνεύματι
759 2128 808 2163 τῆς
825 2129 910 2161 ἑπαγ-

116 2175 208 2209 γελίας
222 2175 260 2209 τῷ
281 2174 361 2210 ἁγίῳ,
374 2175 388 2200 ὅ
405 2175 460 2209 (85)
477 2175 551 2200 ἐστιν
566 2175 580 2200 ὁ
596 2174 724 2210 ἀρραϐὼν
743 2174 794 2209 τῆς
811 2174 910 2209 κληρο-

115 2220 305 2256 ωμίαςὴμῶν,
313 2222 354 2252 είς
362 2220 547 2256 ἀπολύτρωσιν
555 2220 603 2255 τῆς
610 2220 812 2256 περιποιήσεως
819 2221 835 2255 ἠ
840 2219 908 2255 μῶν,

115 2270 154 2299 είς
184 2268 293 2294 ἔπαινον
321 2268 371 2302 τῆς
392 2267 469 2302 δόξης
493 2266 586 2293 αὑτοῦ.
605 2276 613 2292 ι
632 2267 801 2302 Εὑρίσκομεν
816 2266 843 2292 δὲ
861 2265 907 2293 τὸν

115 2314 225 2350 Πατέρα
242 2316 270 2340 ὲν
286 2315 320 2350 τῇ
340 2315 435 2349 Γραφῇ
455 2314 537 2349 μέρος
559 2312 726 2348 καλούμενον
745 2313 800 2348 (86)
813 2321 819 2327 ·
832 2312 906 2347 λέγει

116 2361 169 2397 γὰρ
183 2362 212 2386 ἐν
224 2360 263 2395 τῷ
276 2359 377 2395 ψαλμῷ
387 2368 393 2374 ⁸
409 2368 418 2384 ι
436 2359 522 2394 Μερίς
539 2367 590 2395 μου
606 2356 632 2384 εἶ
656 2359 684 2384 ἐν
702 2360 736 2394 γῇ
754 2357 863 2390 ζώντων
873 2367 879 2373 ·
893 2367 902 2383 ›

116 2407 162 2433 καὶ
174 2406 256 2434 πάλιν
269 2407 298 2432 ὲν
312 2404 351 2440 τῷ
368 2405 554 2440 ἑκκαιδεκάτῳ
573 2404 688 2440 ψαλμῷ·
711 2413 720 2429 ι
740 2404 840 2439 Κύριος
858 2413 905 2438 με-

116 2453 157 2488 ρὶς
173 2452 223 2486 τῆς
240 2451 422 2487 κληρονομίας
440 2459 501 2486 μου,
528 2450 574 2477 καὶ
596 2450 643 2476 τοῦ
667 2449 797 2484 ποτηρίου
818 2458 879 2485 μου.
894 2459 903 2475 ι

115 2509 158 2537 55.
180 2509 258 2543 Πρὸς
282 2509 354 2541 τοὺς
369 2509 515 2543 λέγοντας
542 2507 596 2534 τὸν
621 2507 691 2534 Υἰὸν
710 2507 750 2541 μὴ
763 2506 838 2534 εἶναι
852 2507 907 2542 τῆς

149 2546 256 2577 οὐσίας
271 2544 325 2571 τοῦ
339 2544 463 2577 Πατρός,
480 2543 524 2570 ὅτι
541 2544 596 2577 pla
610 2543 736 2574 ἐξουσία
750 2544 798 2570 καὶ
818 2543 908 2570 δύνα-

147 2589 207 2620 μις,
221 2579 444 2642 αἱαὶ-βασιλεία,
460 2579 508 2607 καὶ
527 2579 637 2613 ὶθεότης
656 2578 709 2605 τοῦ
729 2578 845 2612 Πατρός
858 2578 908 2605 καὶ

151 2624 204 2642 του
247 2623 304 2641 ιου.

151 2624 204 2642 του
226 2623 238 2642 ι
247 2623 304 2641 ιου.

150 2661 229 2695 Λέγει
243 2662 257 2687 ὸ
274 2660 330 2695 (87)
352 2660 512 2695 προφήτης·
531 2668 540 2685 ι
564 2659 710 2694 Ἐξαίφνης
729 2658 788 2694 ἥξει
808 2659 848 2690 εἰς
861 2658 907 2686 τὸν

151 2771 160 2786 ³
180 2769 254 2797 Psal.
271 2777 330 2800 χιι,
353 2769 395 2796 12.
435 2769 445 2784 ³
459 2768 532 2797 Psal.
557 2777 638 2800 Lxxv,
657 2769 683 2796 l.

969 946 1113 975 «'Domine
1139 948 1272 976 Dominus
1297 952 1402 982 noster,
1428 956 1510 983 quam
1536 947 1700 975 admirabile
1720 951 1763 975 est

966 1001 1065 1020 nomen
1077 997 1155 1020 tuum
1169 993 1195 1019 in
1210 994 1337 1019 universa
1353 997 1425 1020 terra
1436 993 1461 1020 ‘l
1479 1003 1487 1019 ι
1503 993 1638 1026 Quoniam
1654 1000 1762 1020 omnem

965 1043 1066 1066 terram
1085 1039 1206 1075 implevit
1223 1039 1325 1066 Christi
1342 1039 1515 1066 vocabulum.
1534 1039 1644 1067 Etenim
1657 1039 1686 1065 in
1701 1046 1763 1065 om—

965 1092 1027 1111 nem
1046 1089 1147 1111 lerram
1165 1084 1249 1111 exivit
1269 1092 1354 1112 sonus
1375 1089 1552 1116 sanctorum,
1573 1089 1598 1112 et
1619 1091 1708 1118 usque
1727 1084 1763 1111 ad

966 1131 1034 1158 ﬁnes
1052 1130 1128 1158 orbis
1143 1131 1226 1158 verba
1244 1138 1350 1157 eorum.
1374 1130 1471 1157 Merito
1486 1138 1561 1166 ergo
1575 1130 1703 1158 l’salmus
1717 1128 1761 1155 di-

965 1178 1013 1209 cit,
1029 1186 1038 1202 ι
1049 1176 1218 1204 Admirabile
1229 1180 1270 1204 est
1280 1185 1378 1204 nomen
1391 1167 1465 1204 tuum
1476 1177 1502 1203 in
1515 1177 1642 1204 universa
1650 1180 1736 1204 terra.
1749 1184 1759 1200 ι

964 1223 1103 1257 Quorsum
1121 1223 1198 1255 illud,
1220 1224 1293 1258 quod
1311 1223 1463 1258 subiungit,
1480 1233 1490 1248 ι
1505 1223 1639 1256 Quoniam
1655 1223 1762 1250 elevata

965 1272 1007 1295 est
1031 1268 1235 1303 magniﬁcentia
1260 1272 1305 1294 tua
1331 1276 1414 1302 super
1438 1267 1561 1295 cmlos'?
1576 1277 1585 1294 ι
1604 1267 1682 1301 Quod
1701 1271 1762 1295 tum

965 1314 1106 1349 impletum
1122 1317 1176 1345 est.
1192 1322 1253 1341 cum
1275 1315 1459 1342 ascenderunt
1480 1315 1607 1349 discipuli
1632 1315 1659 1341 in
1681 1322 1762 1342 mon—

960 1353 1019 1388 item
1036 1369 1098 1388 cum
1117 1360 1259 1388 Salvatore
1284 1361 1310 1387 in
1335 1361 1420 1388 cmlos
1435 1361 1613 1394 assumendo,
1636 1361 1760 1396 dixitque

965 1406 999 1433 ad
1021 1413 1088 1433 eos:
1106 1415 1115 1430 ‹
1132 1405 1238 1433 Mauete
1262 1406 1289 1432 in
1311 1405 1476 1436 Jerusalem,
1498 1405 1586 1432 donec
1607 1404 1761 1431 induamini

958 1453 1065 1491 Vvirlute
1092 1460 1125 1480 ex
1150 1452 1249 1479 alto“:
1274 1463 1282 1478 ι
1307 1452 1370 1487 quia
1400 1452 1506 1479 scilicet
1530 1455 1688 1486 assumptus
1714 1450 1760 1477 ille

965 1502 1045 1525 erat:
1060 1507 1068 1523 ι
1085 1497 1218 1531 Quoniam
1232 1498 1337 1525 elevata
1351 1502 1394 1525 est
1406 1497 1609 1532 magniﬁcentia
1621 1502 1667 1524 tua
1678 1505 1760 1532 super

966 1545 1062 1571 cmlos.
1078 1554 1086 1569 ›
1099 1544 1182 1578 Igitur
1194 1551 1255 1570 eum
1269 1543 1354 1570 David
1371 1544 1530 1581 alloquitur,
1545 1543 1640 1570 dicens
1652 1553 1658 1570 :
1670 1553 1679 1568 ι
1690 1543 1759 1576 Quo~

966 1591 1039 1617 niam
1056 1590 1153 1616 videbo
1166 1590 1262 1622 caelos,
1278 1597 1362 1624 opera
1379 1590 1526 1624 digitorum
1542 1594 1652 1616 tuorum
1663 1589 1684 1616 ".
1703 1599 1712 1615 ι

964 1645 1006 1672 53.
1031 1645 1066 1672 Ut
1091 1645 1173 1673 Pater
1187 1651 1225 1673 est
1251 1646 1382 1673 Dominus
1407 1645 1535 1679 Sabaolh,
1554 1646 1592 1672 ita
1613 1651 1638 1672 et
1658 1645 1758 1676 Filius.

959 1729 961 1731 '
1002 1723 1088 1750 Isaias
1102 1723 1169 1750 dicit
1184 1731 1191 1749 ι
1208 1732 1217 1748 ι
1237 1722 1319 1759 Signa
1337 1727 1364 1750 et
1389 1723 1513 1758 prodigia
1536 1723 1563 1750 in
1578 1723 1659 1750 domo
1675 1723 1759 1750 Israel

964 1775 978 1794 a
994 1767 1110 1795 Domino
1127 1768 1257 1799 Sabaoth,
1278 1769 1324 1803 qui
1340 1768 1444 1795 habitat
1469 1768 1495 1795 in
1521 1772 1612 1795 niontc
1633 1768 1728 1796 Sion”.
1746 1778 1756 1794 ι

962 1815 992 1843 lu
1010 1815 1121 1843 Psalmo
1146 1821 1236 1843 autem
1264 1816 1351 1843 dicit:
1367 1825 1375 1840 ι
1392 1815 1448 1850 Ego
1476 1819 1566 1842 autem
1590 1816 1759 1843 constitutus

964 1870 1024 1890 sm
1044 1870 1091 1890 rex
1104 1862 1138 1890 ab
1148 1870 1191 1896 eo,
1205 1870 1288 1897 super
1300 1861 1365 1888 Sion
1378 1865 1496 1889 montem
1510 1866 1633 1888 sanetum
1646 1861 1733 1896 ejus“.
1745 1871 1756 1887 ι

964 1965 1015 2000 15
1045 1965 1089 1992 54.
1110 1964 1242 1991 Adversus
1268 1973 1330 1996 eos,
1355 1966 1399 2000 qui
1427 1965 1517 1992 dicunt
1554 1966 1680 1992 minorem
1704 1974 1760 1992 esse

998 2001 1126 2034 Spiritum
1155 2005 1276 2027 sanciunt
1305 2001 1432 2031 Christo.
1461 2002 1606 2035 aiuntque,
1634 2002 1759 2027 quoniam

998 2036 1078 2062 arrlia
1092 2040 1197 2062 vocatus
1210 2041 1264 2067 est,
1281 2041 1382 2070 partem
1398 2037 1516 2072 aliquam
1532 2045 1598 2064 esse.

998 2082 1136 2117 Scriptum
1160 2086 1202 2110 est
1219 2083 1245 2109 in
1262 2082 1383 2117 Epistula
1400 2083 1432 2110 ad
1450 2082 1580 2119 Ephesios
1595 2093 1602 2110 :
1622 2092 1631 2108 ι
1653 2082 1681 2109 In
1703 2090 1758 2117 quo

961 2128 1105 2156 credentes
1122 2128 1219 2163 signati
1232 2130 1299 2155 estis
1316 2128 1419 2164 Spiritu
1439 2129 1628 2163 promissionis
1643 2131 1758 2156 sancto:

960 2175 1007 2210 qui
1026 2178 1069 2202 est
1079 2175 1160 2202 arrha
1175 2175 1340 2202 haereditatis
1362 2179 1474 2207 nostrae.
1491 2175 1523 2202 ad
1542 2175 1758 2210 redemptionem

961 2221 1151 2256 acquisitiouis
1164 2226 1277 2253 nostrae,
1306 2221 1334 2249 in
1352 2222 1459 2249 laudem
1475 2222 1568 2256 gloriae
1592 2222 1678 2256 ipsius
1690 2220 1722 2247 ¹⁰.
1746 2230 1755 2246 ι

962 2267 1014 2294 Sed
1027 2272 1053 2295 et
1062 2267 1170 2295 Patrem
1184 2268 1340 2295 invenimus
1354 2268 1381 2294 iu
1396 2267 1544 2302 Scripturis
1553 2273 1656 2302 partem
1667 2267 1759 2302 appel—

961 2315 1029 2346 lari,
1054 2314 1081 2341 in
1097 2313 1207 2341 Psalmo
1222 2314 1295 2342 enim
1312 2313 1413 2340 dicitur
1428 2323 1433 2341 :
1456 2323 1465 2339 ‹
1497 2313 1590 2339 Portio
1607 2320 1666 2339 mea
1683 2321 1712 2340 es
1729 2316 1757 2340 tu

960 2360 986 2387 in
999 2365 1070 2388 terra
1084 2361 1233 2388 viventium
1244 2361 1276 2387 ¹¹.
1290 2370 1299 2385 ι
1314 2361 1405 2395 Atque
1423 2360 1521 2387 iterum
1532 2359 1559 2385 in
1568 2359 1758 2386 deeimosexto

960 2407 1064 2441 psalmo
1078 2415 1084 2432 :
1105 2416 1114 2430 ι
1138 2405 1269 2433 Dominus
1287 2413 1353 2441 pars
1373 2405 1540 2433 luereditatis
1557 2412 1633 2436 meae,
1647 2409 1674 2432 et
1689 2405 1756 2432 cali.

960 2451 1000 2478 eis
1013 2451 1066 2478 mei
1082 2451 1116 2477 ¹¹.
1135 2460 1144 2476 ι

961 2507 1005 2534 55.
1026 2507 1159 2534 Adversus
1175 2516 1219 2535 eos
1236 2508 1281 2541 qui
1300 2507 1391 2534 dicunt
1417 2506 1519 2533 Filium
1543 2515 1595 2533 non
1619 2515 1674 2534 esse
1693 2507 1756 2534 sub-

996 2543 1103 2570 stantia:
1127 2543 1216 2569 Patris
1233 2552 1240 2570 :
1257 2543 1375 2577 quodque
1389 2550 1442 2569 una
1457 2542 1597 2576 cadentque
1612 2543 1645 2569 sit
1665 2548 1756 2576 polen-

997 2578 1045 2611 tia,
1061 2579 1156 2609 virtus,
1173 2586 1291 2613 regnum,
1308 2583 1333 2604 et
1348 2577 1474 2604 divinitas
1494 2577 1585 2604 Patris
1596 2582 1618 2604 et
1632 2577 1707 2605 Filii.

997 2659 1068 2687 Dicit
1095 2659 1253 2694 propheta:
1275 2669 1284 2685 ‹
1315 2659 1414 2686 Statim
1445 2659 1534 2687 veniet
1562 2659 1595 2686 ad
1625 2659 1756 2695 templum

723 2769 733 2784 ⁸
749 2768 823 2798 Psal.
843 2777 903 2802 vui.

993 2771 997 2786 ί
1014 2770 1081 2798 ibid.
1119 2770 1129 2785 ‘
1145 2772 1207 2799 Act.
1228 2778 1248 2804 ι,
1267 2771 1294 2798 4.
1333 2771 1342 2786 ⁷
1358 2770 1431 2798 Psal.
1450 2778 1511 2804 vm,
1527 2770 1555 2798 4.
1593 2770 1604 2786 ⁸
1621 2770 1674 2798 lsa.
1689 2777 1752 2804 vui,

116 2806 158 2834 l8.
195 2806 205 2821 '
232 2804 306 2832 Psal.
334 2812 371 2836 II,
388 2804 415 2831 6.
455 2804 590 2839 "Ephes.
615 2813 632 2836 ι,
651 2805 700 2838 15,
727 2805 769 2832 Μ.
810 2805 905 2835 “Psal

999 2826 1005 2838 ,
1023 2806 1049 2833 6.
1089 2806 1110 2821 ¹¹
1126 2805 1198 2834 Psal.
1216 2814 1259 2839 xv,
1275 2807 1301 2833 5.

149 2863 205 2897 (85)
223 2862 257 2897 Ὅ
272 2861 349 2888 deest
365 2862 392 2888 iu
407 2861 566 2895 Anglicauo.

148 2896 204 2932 (86)
226 2896 377 2924 Vaticanus
397 2902 422 2924 et
437 2898 612 2931 Anglicanus,
626 2897 771 2932 λεγόμενον

999 2863 1113 2926 f87)dlta
1127 2864 1280 2927 tVaticanus
1300 2867 1326 2892 et
1347 2864 1527 2900 Anglicanus.
1546 2862 1576 2891 In
1590 2863 1674 2891 editis
1691 2863 1754 2891 arti-

1010 2907 1040 2927 us
1078 2907 1123 2927 ccs
1139 2919 1146 2926 .

962 2907 1040 2927 ('UlllS
1060 2907 1146 2927 προδῑ.
