1898 3053
88 107 126 136 69

89 166 121 193 δὲ
140 165 181 193 τὰ
195 165 324 202 δαιμόνια
336 167 364 193 ὲν
380 167 492 203 ὀνόματι
510 168 595 203 Ἰησοῦ
611 167 659 194 τοῦ
674 166 842 202 Ναζαραίου,
857 165 894 197 ὥς

90 221 185 248 φησιν
197 221 204 227 ·
220 213 252 239 Εἰ
264 213 298 240 τὰ
307 213 390 240 τέκνα
404 213 479 249 ὑμῶν
491 214 560 249 πρὸς
574 214 604 240 τὸ
615 214 749 241 ἀπελάσαι
763 213 893 247 δαίμονας

90 257 251 292 ἀρκοῦνται
263 257 303 292 τῷ
325 257 436 292 ὀνόματί
451 266 512 293 μου,
528 257 584 291 ἐγὼ
602 258 642 289 εἰς
658 258 688 283 τὺ
707 257 793 292 ὄνομα
813 256 892 283 Βεελ-

90 302 199 335 ζεὸοὺλ
213 304 264 329 οὑκ
279 303 402 330 manu
416 303 451 330 τὰ
463 303 599 339 δαιμόνια.

167 359 215 386 42.
234 359 314 393 Πρὸς
329 359 401 392 τοὺς
412 359 559 394 λέγοντας
573 359 618 386 ὅτι
633 359 710 386 αἰτεῖ
724 360 740 385 ὀ
763 359 839 391 Υἱός.

131 417 342 449 Κατασκευάζει
355 418 369 443 ὁ
389 417 535 453 αἱρετικὶς,
552 418 597 444 καὶ
609 418 682 452 λέγει
700 418 810 445 ἔλαττον
823 416 892 445 εἶναι

92 459 145 488 τὸν
157 461 286 488 αἰτοῦντα
301 462 428 494 διδόντος.
443 462 504 489 Ἐὰν
516 458 562 489 οὖν
576 463 622 489 τὸν
640 463 749 498 Πατέρα
767 462 893 489 αἰτοῦντα

94 506 180 542 παρὰ
193 506 346 542 ἀνθρώπων
366 508 491 543 εὕρωμεν
508 509 537 535 ὲν
553 511 585 544 τῇ
599 509 704 544 Παλαιᾷ
715 509 848 544 Διαθήκῃ,
865 509 892 535 τί

94 553 209 587 λέγειςς
228 562 238 579 ί
260 554 315 580 Καὶ
330 554 388 586 νῦν,
412 555 528 590 Ἰσραὴλ,
548 556 574 581 τί
599 556 701 591 Κύριος
722 557 793 582 αίτεί
817 556 891 591 παρὰ

96 598 160 632 σοῦ,
179 599 236 626 ἀλλ’
250 600 267 635 ἢ
278 600 308 626 τὸ
327 600 467 635 φοϐεῖσθαι
479 601 578 632 dimov;
597 611 606 626 ι

94 651 144 681 £3.
168 655 240 689 Περὶ
262 656 316 682 τοῦ
337 657 535 690 ὁμοιοτρόπως
561 656 702 683 δεδόσθαι
723 657 776 683 τὸν·
798 658 892 691 ’νόμω-

132 690 196 716 im}
224 691 294 717 τοῦ⁸
307 692 493 726 Πνεύματος,
515 691 564 717 ὅτε
585 692 674 725 ἐδόθη
701 694 716 718 ό
741 690 838 726 ’νόμος-⁷
855 692 891 726 τῇ

132 725 344 759 Πεντηκοστῇ,
360 727 400 758 ὡς
415 727 448 753 ἐν
460 726 500 759 τῷ
513 727 572 760 ὄρει
586 726 669 754 Σίνᾶ.

132 771 280 807 Μαρτυρεῖ
307 772 534 807 Μωσῆς“λέγων·
562 781 570 798 ι
591 773 646 799 Καὶ
668 770 701 808 ἦν
724 773 820 808 ὴδέξα.
844 773 890 800 τοῦ

96 815 169 841 Θεοῦ
186 815 295 851 Ἰσραὴλ
311 817 341 842 ἐν
353 816 392 852 τῷ
405 817 463 852 ὄρει
479 818 553 850 Σινᾶ,
569 818 606 849 ὡς
623 817 678 853 πῦρ
699 818 860 853 καιόμενον·
879 828 888 843 ι

97 861 144 887 ἴνα
159 861 290 896 πληρωθῇ
315 862 345 888 τό
355 870 367 886 ·.
379 871 387 888 ι
399 862 457 898 Πῦρ
472 860 553 898 ἦλθον
569 863 660 897 βαλεῖν
672 863 717 889 ἐπὶ
732 863 780 898 τὴν
803 863 864 898 γῆν,
879 873 888 889 ι

97 906 156 942 πῦρ
170 908 219 933 οὐκ
233 908 420 941 ἁφανιστιχὸν,
434 908 501 934 ἀλλὰ
515 909 689 944 καθαρτικόν.
702 909 751 935 Διὰ
761 909 840 935 τοῦτο
854 909 892 944 τῷ

103 951 206 988 Ἡσαΐᾳ
214 952 314 979 δίδοται
323 954 414 985 ἐντοῖς
423 954 533 988 χείλεσι.
543 955 598 980 Καὶ
608 955 681 989 λέγει
691 963 713 980 ⁸(
726 954 790 981 Ίδοὺ
798 954 892 989 ἀφῆκα

96 998 149 1037 τᾲς
159 998 295 1036 ἁμαρτίας
303 1007 359 1024 σου”
367 1009 375 1024 ι
382 999 452 1026 οὕτω
463 1000 523 1026 τότε
532 1000 616 1035 ἐφάνη
623 1001 652 1026 τὸ
662 1000 773 1036 Πνεῦμα
781 1000 810 1026 τὸ
817 999 905 1034 ἅγιον,

97 1045 127 1070 ὲν
141 1046 174 1080 τῇ
188 1045 362 1081 Πεντηκοστῇ
381 1047 410 1072 ἐν
426 1047 492 1080 εῖδει
507 1047 602 1081 πυρός,
626 1047 824 1082 Ἐμερίσοησαν
838 1046 893 1082 γὰρ

97 1082 220 1125 γλῶσσαι
236 1091 302 1117 ὡσεὶ
315 1091 410 1127 πυρὸς,
420 1093 466 1118 καὶ
479 1092 604 1118 ἐκάθισεν
618 1092 656 1127 (2)
667 1093 708 1127 ἐφ’
719 1092 767 1119 ἕνα
777 1092 892 1118 ἕκαστον

97 1137 201 1163 αὐτῶν.
218 1138 272 1164 Καὶ
289 1137 384 1173 ὥσπερ
396 1139 424 1165 ἐν
438 1140 471 1174 τῇ
491 1139 605 1174 Παλαιᾷ,
619 1139 831 1174 ἐπιᾳαινομένου
844 1137 890 1164 τοῦ

97 1183 179 1214 Θεοῦ,
196 1185 281 1211 πολλὰ.
300 1183 335 1220 ἦν
351 1185 386 1211 τὰ
405 1185 603 1221 δορυφοροῦντα
623 1186 760 1220 φόϐητρα,
776 1184 890 1218 γνόφος,

98 1230 148 1257 καὶ
163 1230 270 1263 θύελλα,
293 1231 340 1257 καὶ
357 1231 484 1264 σάλπιγξ,
502 1232 547 1258 καὶ
565 1231 688 1266 βρονταὶ,
709 1230 892 1266 περιηχοῦντα

98 1276 129 1302 τὸ
149 1275 224 1311 ὅρος,
248 1276 326 1303 ἅτινα
347 1274 380 1311 ἦν
394 1271 692 1313 προπαρασκευάζοντα
706 1277 750 1303 τὸν
771 1276 834 1303 λαὸν
852 1277 891 1307 εἰς

99 1322 183 1356 φόϐον
196 1322 244 1348 τοῦ
257 1322 401 1357 νομοθέτου
412 1331 418 1338 ·
431 1322 517 1355 οὕτως
533 1323 634 1350 καὶτοῦ
648 1323 725 1357 ἁγίου
734 1322 892 1357 Πνεύματος

100 1368 247 1402 μέλλοντος
273 1369 430 1404 ἐπιφοιτᾷνο
455 1369 498 1396 ἵνα
523 1369 628 1403 μάθωσι
656 1369 702 1395 τοῦ
734 1369 892 1403 Πνεύματος

99 1414 148 1449 τὴν
165 1413 243 1447 ἀξίαν
260 1413 373 1446 ἐνδόξως
388 1414 582 1448 ὲπιφοιτῶσαν.
608 1414 712 1450 Ὥσπερ
728 1415 756 1441 ὲν
775 1413 813 1448 τῷ
834 1413 891 1447 ὄρει

99 1461 199 1494 γνόιρος
216 1460 263 1486 καὶ
287 1460 384 1486 θύελλα
404 1459 590 1496 προέδραμεν,
605 1459 676 1487 οὕτω
699 1461 745 1487 καὶ
772 1460 818 1486 ἐπὶ
842 1457 890 1485 τοῦ

99 1505 258 1540 Πνεύματος
283 1505 404 1539 ἐγένετο
430 1515 439 1531 ι
461 1506 504 1533 Ἐν
531 1506 570 1542 τῷ
594 1505 819 1541 συμπληροῦσθαι
841 1505 891 1539 τὴν

101 1551 207 1586 ἡμέραν
222 1551 270 1585 τῆς
288 1552 488 1587 Πεντηκοστῆς,
504 1551 612 1586 ἐγένετο
627 1550 692 1587 ἦχος
705 1552 798 1587 ὥσπερ
810 1559 890 1587 φερο-

101 1596 187 1632 μένης
203 1597 287 1631 πνοῆς
306 1596 406 1630 βιαίας,
424 1597 470 1623 καὶ
485 1598 545 1623 τότε
558 1597 637 1632 ὤφθη
650 1598 681 1624 τὸ
698 1597 823 1632 Πνεῦμα,
843 1597 890 1623 καὶ

101 1643 240 1669 συνέσεισε
256 1643 302 1669 τὸν
316 1641 400 1670 οἷκον.
416 1653 425 1669 ι

371 1747 397 1772 οἱ
407 1746 558 1779 αἰρετικοὶ.
568 1745 611 1772 ὅτι
621 1745 654 1772 τὸ
666 1745 785 1780 Πνεῦμα
794 1745 890 1779 δῶρόν

101 1744 209 1771 ΗῖὉτι
216 1744 361 1779 λέγουσιν

224 1803 227 1805 .
362 1780 427 1806 ἐστι
445 1781 525 1815 παρὰ
539 1781 623 1807 Θεοῦ.

142 1836 237 1872 Ἡμεῖς
261 1837 377 1872 λέγομεν
401 1838 485 1874 δῶρον
515 1838 588 1873 ζωῆς
618 1838 806 1873 (ἠλευθέρωσε
833 1837 887 1873 γὰρ

102 1882 176 1917 ἡμᾶς
188 1891 195 1896 ·
217 1882 232 1907 ὁ
249 1881 304 1917 γὰρ
323 1883 404 1917 νόμος
423 1883 469 1909 τοῦ
483 1883 641 1918 Πνεύματος
661 1883 709 1918 τῆς
722 1883 794 1918 ζωῆς
807 1883 887 1918 ¹Ῑχλευ-

103 1929 219 1964 θέρωσεν
244 1928 356 1964 ἡμᾶς),
373 1928 420 1955 καὶ
444 1928 531 1964 δῶρον
555 1928 711 1963 δυνάμεως·
736 1938 745 1953 ι
762 1928 886 1962 Λήψεσθε

102 1975 155 2010 γὰρ
168 1974 292 2010 δύναμιν,
311 1975 469 2006 ἐπελθόντος
485 1975 532 2001 τοῦ
556 1975 634 2009 ἁγίου
658 1974 816 2010 Πνεύματος
845 1974 886 2008 ἐφ’

102 2021 184 2056 ὑμᾶς.
199 2030 208 2047 ι
225 2021 321 2056 Ἡμεῖς
335 2021 363 2047 δὲ
379 2022 424 2047 καὶ
436 2021 499 2048 Υἱὺν
509 2021 556 2048 καὶ
567 2021 701 2047 υἱοθεσίαν
718 2020 886 2055 δεικνὺομεν,

101 2066 142 2092 ὃτι
157 2065 302 2101 ἐχαρίσατο
321 2067 351 2092 τὸ
365 2066 476 2102 Πνεῦμα
494 2067 525 2092 τὸ
543 2066 620 2100 ἅγιον
639 2068 695 2098 τοῖς
715 2065 868 2101 ἀνθρώποις
879 2074 885 2081 ·

103 2111 148 2138 καὶ
164 2113 221 2146 μετ’
234 2111 329 2145 ὸλίγα’
346 2120 355 2136 ι
373 2110 433 2142 Πῶς
452 2111 511 2146 οὐχὶ
527 2111 574 2137 καὶ¹
590 2111 639 2137 σὺν
661 2111 735 2146 αὐτῷ
749 2111 783 2137 τὰ
799 2111 887 2137 πάντα

101 2157 166 2190 ἡμῖν
189 2156 348 2191 χαρίσηται;
365 2165 374 2181 ι
397 2156 443 2182 καὶ
465 2155 593 2191 ἑτέρωθι·
610 2165 619 2181 ι
643 2156 701 2182 ἰνα
728 2155 827 2190 ἴδωμεν
852 2155 887 2181 τὰ

104 2201 154 2228 ὑπο
174 2201 221 2228 τοῦ
242 2202 310 2228 Θεοῦ
332 2201 495 2236 χαρισθέντα
509 2202 574 2236 ἡμῖν
592 2202 640 2236 (5).
655 2211 665 2226 ι
684 2201 752 2237 Περὶ
768 2201 815 2227 τοῦ
833 2210 885 2250 μυ-
900 2220 925 2250 D

105 2247 211 2282 στηρίου
219 2247 268 2281 τῆς
278 2246 480 2281 ἀνθρωπήσεως
489 2245 575 2280 λέγων
583 2246 611 2272 ὲν
621 2246 654 2281 τῇ
665 2245 733 2281 πρὸς
745 2245 885 2280 Ἑϐραίους

46 2294 51 2298 “
104 2293 227 2328 ἐπιστολῇ
254 2292 388 2327 παραθεὶς
412 2291 590 2327 Παῦλος’τὴν
617 2291 772 2326 φάσκουσαν
795 2291 884 2323 λέξιν·

106 2348 115 2363 ι
131 2338 195 2364 Ἰδοὺ
217 2338 273 2372 ἐγὼ
298 2337 344 2364 καὶ
357 2337 397 2363 τὰ
405 2337 508 2367 παιδία,
523 2336 541 2363 Et
555 2345 598 2372 μοι
619 2327 726 2363 ἕδωκεν¹
740 2338 754 2363 ὁ
770 2337 836 2368 Θεός
847 2345 854 2352 ·
875 2345 884 2362 ι
904 2351 907 2353 -

105 2382 279 2418 ὲπεργάζεται
297 2382 361 2417 περὶ
382 2380 500 2415 Χριστοῦ
523 2381 625 2414 λέγων’
651 2389 661 2406 ι
688 2380 764 2407 Ἐπεὶ
784 2377 830 2407 οὖν
852 2379 887 2407 τὰ

106 2429 194 2456 παιδία
208 2427 405 2464 κεκοινώνηκεν
418 2427 531 2462 αἵματος
545 2427 591 2453 καὶ
613 2426 723 2462 σαρκὸς,
741 2427 787 2452 καὶ
806 2426 886 2458 αὐτὸς

105 2464 295 2510 παραπλησίως
311 2474 426 2509 μετέσχε
439 2473 494 2500 τῶν
507 2472 610 2500 αὐτῶν·
625 2473 668 2499 ἵνα
685 2472 729 2499 διὰ
741 2472 787 2499 τοῦ
801 2472 883 2499 θανά·
904 2504 908 2507 _

106 2518 148 2547 τᾱυ
158 2516 324 2557 ’καταργήσῃ
338 2519 384 2546 τὸν
403 2519 433 2545 τὸ
453 2519 552 2554 κράτος
571 2519 667 2554 ἔχοντα
680 2518 727 2545 τοῦ
751 2518 864 2546 θανάτου
875 2538 882 2550 ,

105 2566 220 2594 τουτέστι
232 2567 279 2593 τὸν
294 2565 425 2595 διάϐολον.
437 2575 446 2591 ι
460 2565 561 2596 Παῖδας
580 2565 609 2591 δὲ
624 2564 706 2591 αὑτοῦ
731 2565 760 2592 ἐν
779 2564 884 2596 τούτοις

124 2645 160 2661 ’⁵⁸
171 2644 249 2672 Deut.
267 2652 295 2676 ι,
312 2643 370 2671 12.‘
395 2643 419 2660 ⁸⁸
437 2642 523 2669 Exod.
540 2650 614 2673 xxw,
633 2641 677 2668 16.
715 2642 738 2658 ⁸⁸
755 2641 821 2669 Luc.
847 2649 886 2669 xu
899 2662 907 2675 ,

438 107 483 134 DE
501 107 661 136 COMMUNI
681 103 852 134 ESSENTIA
873 104 998 132 PATRIS
1018 103 1061 132 ET
1084 104 1159 132 FILII
1176 105 1221 134 ET
1248 106 1334 134 SPIII.
1357 107 1386 134 S.

1699 110 1732 137 70

910 170 930 198 Α
946 165 1078 193 daemonia
1100 167 1265 202 expellerent
1280 187 1287 197 ,
1317 167 1343 193 in
1363 167 1472 194 nomine
1495 166 1560 195 Iesu
1586 167 1732 195 Nazareni,

947 212 1025 246 quasi
1045 211 1171 239 diceret:
1191 212 1220 239 Si
1248 213 1327 240 liberi
1350 214 1434 241 vestri
1458 213 1492 240 ad
1513 213 1650 242 daemones
1676 214 1733 248 pel-

947 258 1051 290 lendos,
1073 258 1185 285 nomine
1197 266 1256 286 meo
1269 259 1336 286 satis
1348 259 1475 286 instructi
1493 263 1567 292 sunt,
1584 260 1670 295 egoiu
1684 267 1734 287 no—

946 304 1019 331 mine
1030 304 1196 331 Beelzebulis
1212 312 1266 331 non
1281 305 1360 338 ejieio
1377 305 1520 333 dmntonia.

980 358 1025 385 42.
1044 358 1175 386 Adversus
1187 366 1229 385 eos
1250 359 1293 394 qui
1308 359 1399 385 dicunt
1423 359 1525 386 Filium
1537 359 1682 393 postulare.

980 415 1075 448 Arguit
1101 415 1257 447 luereticus,
1286 419 1367 450 atque
1385 415 1433 444 ait.
1463 416 1595 442 minorem
1610 423 1670 442 esse
1686 423 1733 450 pe-

946 465 1046 488 tentem
1063 462 1167 488 datore.
1185 461 1238 489 Sed
1253 463 1275 490 si
1294 463 1400 488 Patrem
1417 463 1450 489 ab
1466 462 1622 490 hominibus
1640 467 1733 497 peten-

946 511 1000 532 tem
1016 506 1187 534 inveniamus
1216 507 1243 533 in
1266 506 1357 534 Veteri
1374 507 1559 539 Testamento,
1587 507 1651 542 quid
1667 507 1733 534 mihi

946 552 1000 583 hic,
1018 560 1120 586 qiueso,
1145 553 1344 587 respondebis?
1370 562 1379 578 ι
1398 553 1431 579 Ει
1452 561 1535 584 nunc,
1553 553 1646 586 Israel,
1666 553 1731 588 quid

945 597 1076 624 Dominus
1088 601 1178 625 tuus‘a
1196 602 1223 625 te
1238 599 1314 633 petit,
1335 598 1388 625 nisi
1402 603 1429 625 ut
1447 599 1535 634 ipsum
1549 603 1654 627 metuas
1663 599 1708 626 "?
1721 609 1730 625 ι

944 655 990 682 45.
1010 655 1087 688 Quod
1102 657 1162 690 pari
1180 657 1256 683 modo
1269 657 1333 684 data
1349 658 1383 684 sit
1404 658 1445 684 lea:
1457 667 1472 684 α
1494 658 1594 692 Spiritu
1620 660 1646 686 in
1661 659 1732 687 Pen-

1122 696 1228 724 tecoste,
1249 698 1327 728 atque
1342 694 1369 719 in
1381 699 1467 720 monte
1480 694 1556 722 Sina.

979 768 1108 796 Testatur
1126 768 1225 800 Moses,
1253 769 1348 797 dicens
1369 779 1374 796 :
1397 779 1406 796 ι
1428 770 1459 797 Ει
1481 775 1541 798 erat
1569 771 1655 806 gloria
1685 771 1731 799 Dei

944 812 1027 841 Israel
1044 814 1072 841 in
1088 820 1178 842 monte
1197 815 1272 847 Sina,
1300 816 1383 843 veluti
1413 816 1484 851 ignis
1504 817 1652 850 ardens“;
1668 826 1677 843 ι
1702 821 1733 844 ut

908 853 928 879 Β
943 860 1209 894 adimplereturillud
1219 871 1241 899 ς(
1253 861 1343 897 Ignem
1352 863 1411 890 veni
1421 864 1528 891 mittere
1536 865 1564 891 in
1572 865 1729 897 terram",v

946 906 1046 940 ignem,
1060 914 1113 932 non
1128 907 1173 941 qui
1190 912 1373 938 consumeret.
1384 909 1431 935 sed
1443 909 1490 943 qui
1506 914 1642 944 purgaret.
1654 909 1733 937 Ideo-

943 959 996 986 que
1012 952 1057 979 ille
1070 952 1150 979 datus
1165 958 1206 980 est
1221 952 1297 980 Isaia:
1313 954 1339 980 in
1358 954 1435 982 labiis
1452 955 1510 982 suis
1518 956 1551 982 ”.
1566 957 1654 992 Atque
1667 957 1733 985 hinc

943 1001 995 1030 est,
1012 998 1084 1032 quod
1100 998 1167 1024 dicit
1184 1007 1190 1024 :
1206 1007 1214 1023 ι
1233 998 1302 1026 Ecce
1314 999 1404 1027 dimisi
1423 1005 1533 1034 peccata
1553 1005 1599 1028 tua
1612 1002 1646 1029 ".
1666 1012 1675 1029 ι
1692 1001 1732 1030 Ita

943 1047 1009 1070 tunc
1030 1051 1139 1078 quoque
1160 1045 1288 1078 apparuit
1317 1044 1436 1079 Spiritus
1454 1050 1568 1074 sanctus
1590 1047 1617 1074 in
1634 1047 1732 1076 Pente-

943 1094 1028 1122 coste,
1048 1092 1074 1116 in
1092 1090 1283 1125 specieignis;
1303 1091 1539 1125 dispartitaeenim
1555 1097 1618 1119 sunt
1633 1093 1732 1128 Iingme

942 1136 1021 1170 quasi
1045 1136 1126 1170 ignis,
1150 1141 1177 1163 et
1200 1137 1271 1164 sedit
1291 1145 1374 1171 supra
1399 1138 1521 1172 singulos
1543 1146 1636 1166 eorum
1648 1140 1681 1167 ".
1698 1140 1731 1167 Et

944 1185 973 1208 ut
989 1181 1016 1208 in
1034 1181 1125 1208 Veteri
1142 1182 1319 1211 Testamento
1331 1184 1364 1216 δ’,
1382 1184 1415 1210 ad
1430 1183 1477 1211 Dei
1494 1185 1666 1219 pnesentiam
1683 1185 1731 1212 ad-

942 1232 1107 1263 ventumque
1118 1229 1202 1255 multa
1216 1229 1344 1256 terricula
1365 1230 1579 1265 pavefaeiehant,
1592 1231 1678 1267 caligo
1688 1232 1731 1259 ni-

943 1273 1053 1306 mirum,
1072 1275 1200 1307 procella,
1222 1275 1297 1307 tuba,
1315 1276 1367 1311 18
1381 1280 1407 1302 et
1419 1276 1540 1311 tonitrua
1558 1277 1591 1314 ad
1611 1282 1730 1305 montem

943 1320 1101 1352 reltoantia,
1120 1329 1180 1355 qtae
1206 1322 1335 1355 populum
1361 1321 1394 1348 ad
1414 1323 1546 1353 timorem
1565 1323 1730 1357 Iegislatoris

943 1365 1148 1400 praeparabant;
1177 1366 1213 1392 ita
1231 1374 1341 1401 quoque
1371 1366 1471 1394 factum
1492 1371 1533 1395 est
1550 1375 1611 1394 cum
1629 1369 1730 1396 adven-

944 1416 1021 1438 turus
1036 1419 1096 1437 mox
1114 1416 1187 1438 esset
1203 1411 1321 1446 Spiritus
1338 1415 1451 1439 sanctus
1466 1422 1472 1439 :
1490 1417 1520 1439 ut
1533 1418 1729 1448 cognoscerent

942 1457 1070 1492 discipuli
1083 1457 1242 1492 dig-nitatem
1257 1457 1376 1492 Spiritus
1398 1466 1460 1485 cum
1479 1459 1564 1493 gloria
1581 1459 1729 1487 advenien-
1743 1464 1747 1466 ‘

943 1508 1007 1531 tem.
1023 1503 1067 1536 Ut,
1085 1503 1206 1538 inquam,
1224 1503 1251 1530 in
1264 1509 1365 1535 monte,
1379 1505 1467 1538 caligo
1483 1509 1509 1531 et
1523 1505 1642 1539 procella
1658 1513 1728 1540 prte-

942 1550 1091 1581 cedebant,
1107 1550 1144 1576 ita
1161 1558 1269 1584 quoque
1286 1550 1312 1576 in
1334 1550 1451 1577 adventu
1467 1549 1585 1585 Spiritus
1603 1560 1608 1578 ι
1628 1560 1636 1576 ι
1658 1551 1726 1578 Cum

940 1595 1124 1629 compleretur
1138 1595 1197 1622 dies
1211 1595 1397 1627 Pentecostes,
1408 1595 1494 1623 factus
1509 1600 1552 1624 est
1567 1605 1652 1625 sonus
1667 1601 1728 1625 tan-

940 1648 1021 1675 quam
1034 1640 1203 1668 advenientis
1223 1634 1336 1676 spiritus
1353 1641 1521 1670 vehementis
1538 1643 1559 1658 “
1573 1653 1579 1670 :
1596 1654 1604 1668 ι
1618 1648 1646 1670 et
1659 1647 1725 1672 tunc

940 1686 1067 1720 apparuit
1083 1683 1202 1721 Spiritus
1217 1697 1223 1713 :
1239 1692 1266 1714 et
1277 1687 1417 1714 concussit
1431 1686 1551 1714 domum.

939 1741 982 1768 44.
997 1741 1073 1775 Quod
1094 1741 1212 1769 hwretici
1227 1742 1326 1777 dicant,
1345 1743 1473 1778 Spiritum
1488 1744 1585 1771 donum
1598 1743 1646 1772 Dei
1657 1752 1723 1772 esse.

974 1831 1029 1859 Nos
1055 1839 1116 1859 eum
1143 1831 1260 1859 dicimus
1276 1832 1377 1859 donum
1394 1833 1456 1859 vitze
1483 1832 1626 1868 (liberavit
1651 1834 1724 1861 enim

939 1886 1008 1910 nos;
1026 1885 1090 1904 nam
1114 1877 1156 1904 lex
1170 1877 1298 1912 Spiritus
1319 1878 1381 1904 vitae
1410 1878 1535 1905 liberavit
1562 1887 1613 1907 nos
1623 1880 1668 1915 “),
1697 1885 1725 1908 et

939 1923 1039 1950 donum
1058 1923 1201 1958 potentiae:
1217 1933 1226 1949 ι
1241 1923 1388 1958 Accipietis
1398 1924 1470 1950 enim
1488 1925 1615 1951 virtutem
1630 1934 1725 1960 super-

939 1969 1073 1997 venientis
1083 1969 1109 1995 in
1119 1976 1167 1996 vos
1178 1968 1296 2003 Spiritus
1306 1970 1404 1996 sancti.
1415 1970 1452 1995 ⁶¹ι
1463 1969 1518 1998 Nos
1534 1974 1623 1998 autem
1632 1976 1725 1998 esten--

938 2014 1029 2042 dimus
1044 2015 1116 2050 quod
1135 2014 1254 2049 Spiritus
1272 2018 1384 2042 sanctus
1401 2019 1428 2043 et
1447 2014 1543 2043 Filium
1559 2019 1586 2043 et
1599 2017 1725 2052 adoptio-

938 2068 1000 2088 nem
1014 2061 1119 2088 dederit
1135 2060 1291 2088 hominibus
1304 2069 1310 2087 :
1323 2067 1350 2088 et
1365 2062 1446 2096 paqu
1457 2066 1519 2097 post
1536 2072 1542 2090 :
1562 2072 1570 2088 ι
1583 2062 1725 2096 Quomodo

938 2114 993 2134 non
1007 2107 1089 2134 etiam
1101 2114 1163 2133 cum
1178 2114 1211 2134 eo
1222 2107 1302 2134 nobis
1316 2107 1406 2135 omnia
1421 2108 1563 2136 donaverit
1573 2109 1615 2136 “‘1
1630 2119 1640 2136 ι
1658 2109 1724 2137 Item

939 2151 1029 2178 alibi:
1049 2161 1058 2177 ι
1079 2151 1116 2178 Ut
1131 2152 1273 2180 videamus
1297 2160 1358 2188 qua:
1385 2153 1484 2180 donata
1511 2155 1590 2182 nobis
1618 2158 1683 2182 sunt
1707 2163 1723 2182 a

939 2196 1032 2225 Deo“.
1046 2206 1055 2223 ι
1068 2196 1106 2225 De
1115 2199 1246 2233 mysterio
1261 2203 1395 2234 susceptae
1409 2200 1586 2227 humanitatis
1597 2200 1722 2235 loquens,

939 2245 966 2270 in
984 2243 1106 2279 Epistola
1125 2244 1159 2271 ad
1180 2243 1307 2273 Hebraeos
1333 2244 1445 2277 Paulus,
1468 2250 1535 2281 post
1554 2246 1610 2272 haec
1631 2245 1722 2273 addita

938 2289 1021 2316 verba
1036 2298 1042 2316 :
1055 2298 1064 2314 ί
1075 2289 1144 2316 Ecce
1155 2297 1215 2325 ego,
1227 2294 1254 2317 et
1269 2290 1356 2325 pueri.
1366 2298 1434 2325 quos
1442 2290 1508 2317 mihi
1521 2290 1596 2318 dedit
1608 2289 1697 2324 Deus;
1709 2300 1720 2317 ι

938 2334 972 2362 de
987 2334 1098 2362 Christo
1115 2335 1163 2362 ita‘
1177 2336 1398 2364 sermocinatur:
1425 2345 1435 2361 ι
1455 2336 1524 2368 Quia
1550 2343 1615 2371 ergo
1644 2337 1722 2371 pueri

938 2381 1207 2409 communicaverunt
1228 2382 1354 2417 sanguini
1370 2386 1397 2409 et
1410 2382 1496 2414 carni,
1522 2382 1581 2417 ipse
1598 2382 1723 2410 similiter

939 2427 1111 2462 participavit
1124 2427 1244 2461 eisdem;
1271 2432 1301 2454 ut
1321 2435 1369 2462 per
1386 2431 1501 2455 mortem
1523 2428 1642 2454 aboleret
1660 2436 1721 2455 eum

938 2472 983 2506 qui
998 2473 1114 2500 habebat
1127 2474 1221 2501 mortis
1238 2474 1393 2509 imperium,
1409 2473 1435 2500 id
1452 2476 1503 2506 est,
1520 2473 1656 2501 diabolum
1667 2474 1719 2499 ⁸⁵.»

937 2518 1021 2547 Filios
1042 2524 1133 2547 autem
1161 2527 1226 2547 suos
1248 2520 1292 2547 his
1309 2519 1399 2547 verbis
1418 2520 1556 2554 apostolos
1579 2521 1721 2553 nominat;

936 2572 985 2600 per
998 2572 1068 2600 quos
1080 2565 1158 2600 signa
1172 2570 1199 2593 et
1212 2565 1334 2601 prodigia
1348 2565 1377 2592 in
1390 2565 1472 2593 domo
1491 2565 1572 2594 Israel
1585 2566 1721 2593 facturum

930 2641 976 2678 479.
1014 2642 1038 2658 “
1059 2642 1110 2670 Isa.
1126 2650 1170 2672 vi.
1196 2642 1240 2678 7.”
1256 2641 1283 2678 ξ’
1297 2641 1364 2670 Luc.
1380 2651 1408 2675 v,
1422 2642 1512 2671 25.7"
1529 2644 1589 2672 Act.
1606 2652 1636 2676 ιι,
1653 2645 1720 2678 1,ὅ.

108 2681 127 2697 ⁸⁹
138 2680 219 2708 Exod.
236 2687 294 2710 ιιι.
314 2679 358 2709 18,
373 2678 426 2706 19.’
453 2678 475 2694 ⁶⁰
487 2678 546 2704 Act.
566 2685 595 2710 ιι,
609 2677 622 2703 1
635 2683 645 2709 ‘,
665 2677 694 2703 ‘2.
731 2677 752 2692 "
767 2676 846 2703 Rom.
864 2684 887 2704 v1

944 2677 968 2704 2.
1007 2677 1029 2694 δ’
1046 2677 1106 2704 Act.
1119 2685 1137 2710 I,
1153 2678 1181 2705 8.
1220 2677 1242 2692 ⁶¹
1255 2676 1334 2704 Rom.
1349 2685 1410 2710 vni,
1423 2679 1467 2707 52.
1508 2680 1529 2696 “
1544 2679 1551 2705 I
1571 2679 1633 2707 Cor.
1648 2676 1676 2711 ιζ
1689 2680 1718 2708 ‘2.

108 2717 127 2732 ⁸⁵
142 2715 220 2743 Hebr.
235 2722 265 2748 II,
279 2715 324 2747 15,
337 2714 381 2741 14.

125 2797 172 2868 iii

192 2797 264 2824 Edit.
279 2795 424 2826 CommeI.,
439 2794 582 2830 ἐκάθησεν.

190 2832 262 2861 Edit.
278 2824 422 2866 Commel.,
444 2824 524 2865 ὑμῖν.”
536 2828 691 2864 Vaticanus,
707 2827 877 2861 Basiliensis,
892 2826 998 2863 Anglic.
1013 2830 1040 2855 et
1054 2825 1117 2854 edit.
1137 2824 1296 2859 Parisiens.,
1314 2826 1391 2860 ἡμῖν.
