1898 3053
139 91 169 114 7t
708 83 737 110 S.
759 79 992 110 ATHANASIUS.
1012 95 1047 100 —-
1067 78 1180 106 DUBlA.

1744 75 1788 104 τὶ

140 144 285 171 Dominum
307 143 445 174 Sabaoth,
479 142 646 169 habitantem
674 142 702 168 in
733 145 826 169 monte
853 139 927 172 Sionl

1003 139 1046 170 οὺς
1058 138 1222 169 ἀποστόλους
1238 137 1375 172 ὀνομάζει,
1387 136 1429 170 ἐφ’
1442 132 1479 162 ὧν
1494 137 1595 171 σημεῖα
1611 135 1659 163 καὶ
1671 136 1787 172 τέρατα

137 191 245 218 edocet.
255 189 326 223 Quin
336 191 417 217 etiam
432 189 553 216 illustres
571 189 628 216 fore
640 188 809 223 pronuntiat,
821 195 930 215 eorum-

139 246 194 273 que
209 237 293 265 facies
310 235 497 271 obsignandas
512 242 574 262 esse
593 234 685 270 sigillo
707 234 820 264 Christi,
837 232 931 260 erudi-

143 290 249 319 tesque,
268 291 321 310 non
337 283 394 318 jam
411 282 541 315 deinceps
559 281 616 316 lege
636 280 731 312 Mosis,
755 280 855 315 quippe
871 286 932 314 qua).

142 330 257 357 ulterius
271 337 324 355 non
346 327 488 358 consistat,
505 331 532 353 et
545 325 619 361 quod
629 326 728 354 domus
742 334 803 361 qua:
818 329 931 352 vocatur

140 377 224 406 Jacob
237 376 365 403 derelicta
382 375 444 403 sita
458 374 523 402 Deo.

173 529 304 564 £5.Quod
321 529 391 556 Deus
411 526 668 568 Verbum'defendat,
685 525 775 552 Patris
789 530 813 552 et
829 523 895 550 Filii

402 567 572 590 concordiam
595 570 661 589 esse.

173 621 208 650 Et
223 630 256 650 ne
272 621 422 649 credideris
438 621 550 648 vilitatis
564 628 624 647 csse
639 620 733 652 verba,
756 619 805 647 sed
833 619 931 646 huma-

139 669 234 697 nitatis
251 678 256 695 :
273 668 386 694 vilitatis
409 667 519 702 quidem
552 667 674 701 species,
697 667 813 692 amantis
839 670 930 692 tamen

141 714 266 742 homines
277 713 423 748 promissio
438 716 489 739 est.
506 711 633 738 Christus
650 713 721 738 enim
739 710 862 737 omnium
878 709 931 736 Βο-

140 761 242 792 minus,
257 760 329 786 idem
351 759 395 785 ille
419 758 464 793 qui
484 757 586 785 Judaeis
602 757 658 784 haec
672 757 738 784 dicit
757 766 763 783 ε
781 765 790 781 ι
810 755 878 788 Quis
897 763 928 782 ex

140 806 220 833 vobis
239 805 330 840 arguit
350 812 392 831 me
419 804 453 831 de
474 807 586 838 peucato
598 803 637 829 “i
652 812 661 828 ι
683 801 769 829 Filius
791 802 852 836 ejus
874 806 928 833 est,

982 185 1010 210 ὲν
1023 183 1061 219 τῷ
1087 183 1154 219 οἴκῳ
1178 183 1283 219 Ἰσραὴλ
1309 184 1432 215 ποιήσειν
1447 181 1550 217 Κύριον
1577 181 1710 215 Σαϐαὼθ,
1733 183 1787 209 τὸν

982 230 1159 258 κατοικοῦντα
1171 231 1201 257 ὲν
1226 229 1265 265 τῷ
1288 230 1346 265 δρει
1362 228 1447 260 Σιὼν,
1464 228 1593 255 διδάσκει.
1611 228 1732 261 Τούτους
1752 228 1788 256 δὲ

981 277 1080 308 αὐτοὺς
1094 276 1227 312 φανερούς
1241 285 1323 311 φησιν
1343 275 1463 306 ἔσεσθαι,
1477 274 1507 300 τὸ
1523 275 1668 310 πρόσωπον
1685 284 1783 311 σφρα-

981 323 1184 360 γιζομὲνους¹τῇ
1201 323 1248 350 τοῦ
1270 322 1388 359 Χριστοῦ
1403 322 1542 359 σφραγῖδι,
1562 321 1783 358 παιδευομένους

981 379 1010 396 τε
1024 370 1122 405 μηκέτι
1144 370 1190 396 τὸν
1210 369 1332 401 Μωσέως
1347 369 1430 404 νόμον
1447 368 1602 404 μανθάνειν,
1619 368 1658 404 τῷ
1676 369 1783 404 μηκέτι

983 416 1136 442 συνιστάναι
1151 416 1243 447 αὑτὸν,
1261 415 1309 442 καὶ
1333 415 1380 442 τὸν
1402 415 1569 451 καλούμενον
1585 413 1658 442 οἷκον
1676 408 1782 442 ’Ῐακιῖὅ

981 461 1192 490 καταλελεῖφθαι
1206 461 1259 487 ὑπὸ
1274 461 1354 488 Θεοῦ.

981 528 1024 555 45.
1043 528 1103 555 Ὅτι
1113 528 1166 555 τοῦ
1181 528 1297 562 Πατρὸς
1311 529 1360 555 καὶ
1375 529 1429 555 τοῦ
1449 529 1517 556 Υὶοῦ
1527 528 1584 563 τὴν
1594 528 1782 564 συμφωνίαν

1158 564 1351 598 ἀπολογεῖται
1369 565 1386 590 ὁ
1398 564 1471 597 Θεὸς
1489 565 1594 598 Λόγος.

1015 619 1070 646 Καὶ
1088 619 1125 655 μὴ
1139 620 1253 656 νομίσῃς
1273 620 1409 652 εὐτελείας
1425 619 1494 647 εἶναι
1519 621 1553 647 τὰ
1570 621 1691 655 ῥήματα,
1705 619 1781 646 ἀλλὰ

982 664 1200 700 φιλανθρωπίας*
1219 665 1358 697 εὐτελείας
1379 666 1429 700 μὲν
1443 665 1497 701 γὰρ
1510 665 1540 692 τὸ
1555 665 1658 700 σχῆμα.
1680 665 1781 700 φιλαν-

981 711 1091 747 θρώπου
1104 711 1132 738 δὲ
1147 712 1177 738 τὸ
1193 711 1356 747 ἐπάγγελμα
1370 712 1409 747 (ὦ)
1418 720 1425 726 ·
1436 712 1554 748 Χριστὸς
1567 712 1622 748 γὰρ
1637 713 1652 739 ὁ
1664 713 1779 740 πάντων

981 758 1092 792 Κύριος,
1109 755 1187 789 οὗτος
1213 758 1295 790 αὐτὸς
1310 759 1324 784 ὸ
1349 758 1435 792 λέγων
1465 759 1615 790 Ἰουδαίοις·
1639 769 1649 785 ί
1671 760 1719 791 Τίς
1745 759 1781 793 ἐξ

980 805 1057 840 ὑμῶν
1072 805 1177 840 ἐλέγχει
1194 814 1228 841 με
1248 806 1311 841 περὶ
1327 806 1479 841 ἁμαρτίαςς
1494 815 1503 830 ι
1520 806 1583 838 Υἱὸς
1595 807 1652 832 ἐστι
1665 806 1713 833 τοῦ
1728 806 1778 833 λέ-

140 853 188 888 qui
214 860 262 887 per
282 851 440 886 prophetarit
461 850 600 877 Miehceam
629 849 750 884 loquitur
772 858 777 875 :
799 857 808 873 ι
828 848 927 883 Popule

1003 861 1076 884 οντος
1091 852 1134 878 διὰ
1157 852 1205 878 τοῦ
1222 853 1363 888 προφήτου
1390 853 1508 888 Μιχαίου
1520 862 1526 868 ·
1548 862 1557 879 ‹
1574 853 1644 885 Λαὸς
1662 862 1725 888 μου,
1749 853 1779 881 τί

142 898 188 929 iui,
205 897 271 932 quid
285 897 335 923 feci
351 896 422 922 tibi?
440 900 484 921 aut
501 902 553 929 qua
568 894 595 920 in
613 901 642 920 re
661 893 793 920 molestus
810 891 848 918 fui
863 891 930 917 tibi?

141 944 276 979 responde
295 943 360 969 milii
376 942 396 957 ε’
412 951 418 967 :
434 951 443 967 ι
457 945 484 968 et
499 941 545 976 qui
559 941 585 967 in
601 938 755 974 Evangeliis
770 937 856 964 dicit:
873 946 882 963 ι
901 936 930 963 Si

140 989 210 1016 male
219 989 327 1015 locutus
336 994 408 1018 sum,
424 985 611 1014 testimonium
626 984 738 1019 pei'liibe
748 983 781 1011 de
796 983 906 1010 malo“.
918 992 928 1008 ι

140 1034 226 1062 Filius
241 1034 301 1069 ejus
325 1033 428 1066 itidem,
447 1032 495 1068 qui
519 1039 570 1067 per
593 1030 738 1058 Jereiniam
760 1030 821 1056 ait:
843 1038 851 1054 ι
871 1028 930 1055 Dixi

138 1081 327 1108 habitantibus
341 1079 435 1110 lsrael,
453 1078 524 1111 Quid
542 1078 701 1105 invenerunt
731 1077 758 1103 in
784 1083 827 1102 me
839 1080 931 1110 palles

139 1127 223 1154 vestri
239 1125 331 1152 delicti
349 1127 396 1151 aut
421 1124 540 1158 injuriae,
564 1122 638 1158 quod
656 1122 735 1156 longe
749 1128 765 1147 ιι
781 1128 823 1148 me
840 1128 931 1147 reces-

139 1173 227 1200 serint
241 1171 283 1198 "1’
300 1180 309 1196 ι
326 1169 349 1197 Ο
360 1170 467 1205 qualem
485 1170 694 1199 humanitatem,
711 1168 738 1194 in
753 1174 807 1201 qua
823 1166 930 1193 bonitas

140 1223 285 1250 naturam,
308 1217 363 1244 inio
387 1217 478 1252 politis
503 1223 557 1243 non
590 1219 645 1242 tam
674 1219 812 1246 natumut,
848 1221 931 1248 quam

140 1269 251 1293 nostras
270 1264 452 1299 cogitationes
464 1262 648 1297 (exsuperat)!

253 1333 297 1361 46.
316 1334 453 1375 Quomodo
467 1334 571 1361 bonitas
595 1333 641 1360 Dei
659 1332 824 1360 ostendatur.

175 1392 246 1420 Dicit
260 1392 344 1420 Mosi:
360 1401 369 1417 ‹
387 1391 443 1427 Ego
452 1400 514 1419 sum
529 1391 611 1422 Deus.
626 1391 671 1426 qui
687 1390 810 1418 retribuo
821 1393 932 1425 peccata

141 1443 284 1473 parentum
314 1438 342 1464 in
366 1437 436 1465 ﬁlios
449 1437 483 1464 7°.
502 1447 511 1463 ι
528 1437 561 1464 Et
577 1436 740 1472 quousque?
757 1445 766 1461 ε
785 1435 879 1470 Usque
898 1436 932 1462 ad

140 1484 249 1512 tertiam
260 1487 288 1511 et
304 1487 429 1518 quartam
445 1482 646 1517 generationem
655 1482 688 1508 ⁷⁸.
701 1491 710 1507 ι
721 1481 838 1508 Attende
853 1481 930 1512 mihi,

981 898 1098 934 ἠδίκησα
1113 906 1153 931 οέι
1169 898 1223 933 ἣτί
1233 898 1435 934 παρηνώχλησὰ
1444 899 1669 936 σοι;ἀποκρίθητί
1687 908 1748 936 μοι·
1764 909 1775 925 δ

982 945 1029 970 καὶ
1050 946 1064 971 ὁ
1139 945 1184 972 διὰ
1208 945 1261 972 τῶν
1281 946 1456 980 Εὐαγγελίων
1477 946 1576 973 εἰπών·
1597 956 1606 972 ε
1627 947 1659 973 Εἰ
1681 946 1777 979 κακῶς

982 991 1112 1026 ἐλάλησα,
1133 991 1309 1028 μαρτύρησον
1328 992 1391 1027 περὶ
1406 992 1454 1019 τοῦ
1468 993 1565 1025 κακοῦ,
1584 1003 1593 1019 ι
1606 994 1619 1020 ὁ
1636 993 1701 1024 Υἱός
1715 994 1777 1020 ἐστι

982 1036 1028 1062 τοῦ
1046 1036 1170 1070 λέγοντος
1199 1037 1266 1072 πρὸς
1283 1038 1435 1073 Ἰερεμίανο
1454 1048 1464 1063 ι
1484 1037 1568 1065 Εἶπον
1588 1040 1621 1074 τῇ
1648 1040 1777 1075 κατοικίᾳ

989 1082 1110 1118 Ἰσραήλ·
1127 1083 1160 1109 Τί
1174 1079 1252 1118 εὖρον
1269 1084 1296 1110 ὲν
1308 1084 1370 1118 ἐμοὶ
1382 1085 1406 1110 οἱ
1422 1085 1540 1120 πατέρες
1553 1085 1629 1120 ὑμῶν
1645 1085 1776 1120 πλημμέ-

983 1128 1057 1163 λημα
1071 1128 1087 1164 ἢ
1104 1128 1235 1164 ἀδίκημα,
1251 1130 1292 1155 ὅτι
1305 1130 1463 1166 ἀπέστησαν
1480 1131 1526 1157 ἀπ’
1537 1130 1604 1166 ἐμοῦ
1622 1131 1748 1167 μακράνς
1763 1141 1774 1158 ι

985 1175 1018 1200 Ὢ
1035 1174 1086 1210 τῆς
1110 1174 1315 1210 φιλανθρωπίας
1337 1177 1460 1212 ἐκείνης,
1483 1177 1511 1202 ἐν
1574 1177 1709 1212 ἀγαθότης
1724 1177 1777 1212 τὴν

984 1221 1075 1256 φύσιν,
1092 1222 1192 1256 μᾶλλον
1208 1223 1236 1248 δὲ
1256 1223 1287 1249 ού
1305 1223 1356 1258 τὴν
1374 1223 1469 1258 φύσιν,
1487 1223 1555 1250 ἁλλά
1571 1224 1620 1260 τὴν
1637 1224 1779 1260 ἡμετέραν

983 1267 1131 1303 ἐνθύμησιν
1142 1269 1148 1295 ι

998 1340 1003 1347 λ
1036 1334 1080 1361 46.
1098 1335 1165 1368 Πῶς
1177 1336 1197 1370 ὴ
1213 1336 1361 1370 amadth
1370 1335 1424 1363 τοῦ
1438 1337 1511 1364 Θεοῦ
1523 1337 1720 1365 ἐνδείκνυται.

1018 1391 1100 1425 Λέγει
1123 1391 1162 1426 τῷ
1192 1392 1300 1418 Μωσεῖ”
1318 1402 1327 1419 α
1357 1392 1426 1427 Ἐγὼ
1447 1393 1462 1419 ό
1487 1393 1571 1426 Θεὸς,
1595 1395 1608 1420 ὁ
1634 1394 1777 1426 ἀποδιδοὺς

983 1437 1122 1472 ἁμαρτίας
1147 1438 1273 1473 πατέρων
1295 1439 1341 1464 ἐπὶ
1357 1440 1449 1466 τέκνα.
1469 1449 1477 1465 ι
1503 1440 1558 1466 Καὶ
1579 1440 1658 1476 μέχρι
1683 1441 1774 1474 τίνος;

987 1492 995 1507 ι
1013 1483 1075 1509 Ἐπὶ
1088 1483 1182 1518 τρίτην
1205 1484 1252 1510 καὶ
1271 1484 1404 1520 τετάρτην
1421 1485 1526 1519 γενεάν.
1543 1495 1552 1511 ι
1575 1486 1695 1522 Πρόσεχε
1717 1487 1776 1518 πῶς

139 1538 242 1567 quaeso,
255 1538 310 1565 quo
320 1535 401 1566 pacto
410 1529 542 1556 ultionem
556 1528 687 1556 extendat
698 1536 786 1563 usque
801 1527 835 1554 ad
851 1535 927 1562 quar-

1003 1529 1032 1564 ὴν
1045 1529 1180 1565 τιμωρίαν
1197 1529 1323 1564 ἥπλωσεν
1338 1531 1386 1557 ἐπὶ
1405 1531 1540 1566 τέσσαρας
1553 1532 1659 1565 γενεάς.
1675 1533 1731 1568 Τὴν
1747 1533 1776 1559 δὲ

140 1583 195 1606 tam
212 1578 426 1613 generationem.
445 1576 528 1604 Suam
546 1585 610 1605 vero
622 1585 688 1613 erga
707 1577 835 1605 homines
853 1577 932 1604 beni-

140 1625 272 1659 gnitatem
286 1624 449 1659 quousque?
465 1633 474 1650 I
495 1623 529 1650 Et
545 1624 649 1652 faciens
667 1623 887 1651 misericordiam
903 1624 931 1650 in

141 1670 215 1697 mille
231 1670 445 1705 (generationes)
460 1670 640 1705 diligentibus
666 1679 709 1698 me
721 1671 755 1698 ".
780 1680 789 1696 ι

141 1726 184 1752 Π.
206 1725 283 1758 Quod
304 1734 392 1753 omnes
409 1727 541 1761 prophette
562 1728 588 1754 in
604 1735 686 1754 unum
699 1727 814 1758 collecti,
843 1735 932 1755 rerum.

175 1769 193 1787 α
207 1761 314 1802 Christo
338 1761 365 1787 ir.
385 1769 462 1788 carne
484 1767 630 1797 gestarum,
664 1763 819 1789 memoriam
843 1762 932 1788 absol-

175 1803 271 1824 vernn.

177 1853 266 1882 Moses
282 1854 394 1890 figuram
416 1857 508 1884 crucis
523 1856 668 1883 constituit
683 1866 689 1883 :
707 1855 779 1890 quod
801 1859 931 1883 testatum

143 1908 251 1936 quoque
265 1902 331 1929 facit
352 1903 412 1938 ipse
431 1903 556 1930 Salvator
572 1911 578 1929 :
597 1913 607 1931 ι
624 1903 872 1936 Quemadmodum,
890 1903 932 1930 in-

145 1947 254 1981 quiens,
277 1947 366 1976 Moses
378 1949 508 1976 exaltavit
521 1953 673 1984 serpentem
688 1948 716 1975 in
728 1949 837 1976 deserto
848 1949 880 1981 ⁷³,
895 1949 931 1975 ita

143 1996 252 2027 oportet
259 1993 530 2029 exaltarilsFilium
540 1994 660 2022 hominis
667 1994 701 2021 ".
709 1994 816 2022 iltidem
824 2002 932 2029 quoque

142 2045 171 2066 et
178 2038 261 2067 Jonas
272 2041 368 2068 mortis
379 2041 440 2076 ejus
451 2041 610 2069 memoriam
623 2041 726 2068 fecit".
738 2041 878 2076 Siquidem
888 2041 933 2068 ille

143 2084 287 2112 descendit
307 2085 335 2112 in
350 2090 453 2118 cetum,
464 2089 545 2121 atque
569 2087 641 2113 intra
660 2086 781 2114 triduum
796 2086 860 2114 inde
871 2095 934 2122 pro—

142 2130 205 2162 diit,
222 2130 365 2166 factusque
381 2136 422 2160 est
435 2135 515 2168 typus
531 2133 753 2160 resurrectionis.
769 2133 824 2161 Hoc
842 2134 932 2169 ipsum

144 2177 236 2204 denuo
251 2176 377 2206 Salvator
390 2183 528 2213 repetens,
545 2182 639 2214 typum
653 2179 729 2206 illum
744 2179 851 2207 veritati
868 2187 934 2207 con.

982 1575 1187 1610 φιλανθρωπίαν
1218 1576 1270 1608 ἓως
1300 1576 1388 1609 τίνος;
1414 1587 1422 1603 ι
1445 1578 1500 1604 Καὶ
1527 1578 1611 1604 ποιῶν
1635 1577 1709 1610 ἔλεος
1735 1579 1776 1611 είς

982 1621 1104 1656 χιλιάδας
1120 1623 1176 1653 τοῖς
1189 1622 1318 1655 ὰγαπῶσί
1333 1631 1377 1658 με.
1392 1633 1401 1649 ι

982 1723 1026 1750 47.
1039 1724 1135 1760 Ὅπως
1145 1723 1256 1760 πάντες
1265 1726 1292 1751 ol
1304 1724 1464 1759 προφῆται,
1474 1725 1548 1759 ὁμοῦ
1560 1725 1774 1760 συναχθέντες,

1090 1759 1147 1793 τὴν
1155 1759 1281 1794 μνήμην
1293 1761 1465 1795 οἰκονομίας
1476 1759 1668 1794 ἐπλήρωσηᾷέ.

1018 1850 1122 1885 Μωσῆς
1136 1850 1182 1877 τὸν
1199 1850 1284 1877 τύπον
1301 1851 1347 1877 τοῦ
1366 1850 1483 1886 σταυροῦ
1503 1851 1624 1885 εποίησε,
1637 1851 1684 1877 καὶ
1704 1859 1773 1888 μαρ-

982 1897 1060 1931 τυρεῖ
1072 1897 1086 1922 ὁ
1098 1896 1204 1932 Σωτὴρ,
1222 1896 1309 1930 λέγων
1318 1906 1324 1911 ·
1337 1905 1346 1922 ι
1357 1897 1412 1924 Καὶ
1421 1897 1457 1933 (6)
1471 1897 1561 1929 καθὼς
1573 1897 1674 1933 Μωσῆς
1683 1896 1773 1932 fidem

982 1941 1027 1968 τὸν
1039 1941 1100 1975 ὅφιν
1115 1943 1143 1968 ὲν
1159 1943 1191 1977 τῇ
1217 1943 1322 1978 ἐρήμῳ,
1341 1942 1428 1974 οὕτως
1441 1943 1482 1969 δεῖ
1495 1942 1634 1978 ὑψωθῆναι
1651 1943 1696 1969 τὸν
1711 1943 1773 1970 Υἰὺν

982 1988 1029 2014 τοῦ
1040 1988 1195 2023 ἀνθρώπου.
1208 1999 1217 2014 ν
1234 1989 1349 2024 Ὁμοίως
1357 1989 1404 2015 καὶ
1423 1990 1514 2021 Ἰωνᾶς
1522 1989 1634 2024 ἐποίησε
1645 1989 1695 2024 τὴν
1711 1989 1772 2025 μνή-

985 2044 1038 2070 μην
1050 2035 1097 2061 τοῦ
1111 2035 1237 2062 θανάτου.
1253 2034 1379 2070 Κατῆλθε
1395 2035 1448 2071 γὰρ
1464 2035 1504 2067 εἰς
1518 2035 1548 2062 τὸ
1560 2035 1652 2071 κῆτος,
1667 2036 1715 2062 καί
1729 2035 1772 2062 διὰ

983 2081 1066 2116 τριῶν
1080 2081 1192 2117 ἡμερῶν
1211 2081 1336 2116 ἀνεδόθη,
1354 2082 1401 2108 καὶ
1425 2082 1528 2115 ἐγίνετο
1541 2081 1626 2113 τύπος
1637 2081 1687 2116 τῆς
1707 2081 1771 2108 ἀνα.-

984 2128 1116 2159 στάσεως.
1135 2127 1221 2153 Τοῦτο
1243 2127 1323 2153 πάλιν
1344 2127 1391 2153 καὶ
1408 2127 1422 2152 ὸ
1443 2127 1538 2162 Σωτὴρ
1560 2125 1712 2158 ἀναλαϐὼν,
1728 2126 1772 2153 τὸν

984 2174 1067 2200 τύπον
1080 2176 1118 2205 εἰς
1130 2173 1258 2209 ἀλήθειαν
1274 2173 1385 2208 ἐκφέρει
1402 2173 1451 2208 (6‘)
1468 2173 1565 2207 λέγων·
1587 2182 1596 2199 1
1613 2173 1667 2200 Καὶ
1683 2172 1770 2205 καθὼς

143 2222 342 2251 eiliatdicens:
359 2233 369 2250 ‹
391 2223 467 2250 Sicut
486 2223 538 2251 fuit
551 2223 637 2252 Jonas
662 2225 689 2251 in
702 2229 797 2252 ventre
811 2225 864 2252 ceti
884 2226 927 2252 tri-

1003 2221 1111 2255 ποίησεν
1132 2221 1224 2252 Ἰωνᾶς
1238 2221 1266 2246 ἐν
1280 2221 1312 2255 τῇ
1333 2220 1420 2255 κοιλίᾳ
1437 2220 1483 2246 τοῦ
1503 2221 1604 2255 κήτους
1618 2221 1692 2255 τρεῖς
1708 2220 1771 2255 ὴμέ-

144 2267 194 2295 bus
221 2267 317 2295 diebus
338 2272 365 2295 et
375 2268 474 2302 Ltribus
493 2268 632 2299 noctibus.
663 2268 701 2295 ita
715 2275 824 2303 quoque
849 2275 931 2303 agere

144 2318 253 2348 oportet
269 2313 368 2341 Filium
385 2313 505 2342 hominis
519 2314 547 2341 in
560 2314 642 2341 corde
653 2318 734 2342 terra:
745 2315 778 2341 "°.
796 2325 806 2340 ο

246 2382 291 2408 48.
309 2381 386 2415 Quod
402 2382 520 2410 Trinitas
532 2382 565 2408 sit
581 2381 826 2409 consubstantiatis.

180 2437 251 2471 Quid
277 2443 319 2466 est
343 2438 434 2467 Deus?
448 2438 576 2466 Omnium
591 2439 766 2474 principium,
782 2439 932 2466 secundum

145 2485 316 2519 Apostolum,
331 2486 466 2513 dicentem
483 2495 488 2512 :
506 2495 514 2512 ι
533 2485 610 2513 Unus
626 2485 697 2512 Deus
715 2485 804 2518 Pater,
822 2493 856 2512 ex
876 2493 931 2520 quo

144 2532 236 2557 omnia
250 2530 282 2557 ⁷⁷.
296 2540 304 2556 ι
322 2530 441 2559 Verbum
455 2533 528 2559 enim
546 2532 606 2566 ejus
623 2539 656 2558 ex
674 2532 734 2567 ipso
752 2539 799 2566 per
814 2539 930 2566 genera-

184 2610 208 2625 “
220 2609 299 2636 Joan.
313 2618 373 2641 νιιι,
392 2610 432 2637 ιϐ.
472 2611 493 2626 ⁸⁷
510 2610 590 2638 Mich.
603 2619 641 2640 v1.
656 2611 682 2638 5.

186 2645 266 2673 Num.
279 2653 335 2678 XXI,
349 2645 375 2673 9.
413 2646 437 2661 ⁷⁸
453 2645 532 2674 Joan.
549 2655 589 2679 ni,
602 2647 645 2674 M.
684 2646 794 2676 "Joan.
808 2647 873 2681 ",1.

193 2757 220 2822 ἐξ
239 2758 416 2820 ᾼὸιῇὶὶείιηιις.
432 2759 461 2786 τὸ
470 2760 619 2801 ἐπίταγμα,
632 2768 658 2790 ct
673 2763 710 2790 ita
723 2763 788 2800 legit
798 2763 930 2792 Nannius.

302 2798 361 2821 eest
375 2803 400 2822 in
413 2795 517 2822 ADEIIC.

302 2798 361 2821 eest
375 2795 400 2822 in
413 2795 517 2830 Anglic.

182 2827 221 2864 (6)
242 2828 269 2856 In
285 2830 391 2865 Anglic.
406 2827 549 2860 xatdecsl.

985 2277 1034 2304 ρας
1045 2268 1091 2295 καὶ
1104 2268 1177 2303 τρεῖς
1190 2266 1300 2299 νύκτας,
1311 2267 1398 2299 οὕτως
1411 2268 1450 2294 δεῖ
1465 2268 1575 2303 ποιῆσαι
1591 2267 1636 2294 τὸν
1649 2267 1713 2294 Υἱὸν
1725 2267 1769 2295 τοῦ

984 2313 1126 2350 ἀνθρώπου
1144 2315 1172 2340 ὲν
1186 2315 1219 2348 τῇ
1237 2313 1398 2349 καρδίᾳιτῆς
1413 2314 1474 2349 γῆς.
1493 2323 1502 2340 ι

1125 2381 1168 2408 48.
1184 2382 1247 2408 Ὅτι
1263 2383 1281 2416 ἠ
1298 2381 1335 2416 (7)
1353 2383 1437 2415 Τριὰς
1461 2382 1629 2417 ὀγιοοὺονιος,

1020 2440 1051 2466 Τί
1069 2440 1126 2466 ἐστι
1140 2439 1223 2472 Θεός;
1242 2440 1274 2466 Ἢ
1289 2440 1396 2466 πάντων
1411 2441 1482 2476 ἀρχὴ
1499 2441 1568 2468 κατὰ
1584 2441 1630 2468 τὸν
1648 2442 1770 2469 Ἀπόστο-

984 2486 1038 2518 λον,
1050 2486 1163 2520 λέγοντα
1172 2494 1178 2501 ·
1200 2495 1209 2511 ι
1223 2483 1270 2517 Εἷς
1286 2486 1351 2517 Θεὸς
1366 2487 1380 2512 ὁ
1394 2487 1499 2522 Πατὴρ,
1516 2487 1546 2519 ἐξ
1559 2485 1589 2514 οὗ
1606 2487 1640 2514 τὰ
1651 2487 1746 2516 πάντα.
1757 2497 1766 2514 ι

985 2532 1040 2558 Καὶ
1055 2532 1109 2566 γὰρ
1120 2533 1133 2558 ὁ
1141 2531 1226 2565 Λόγος
1235 2531 1263 2565 ἐξ
1275 2532 1357 2559 αὐτοῦ
1375 2532 1507 2568 γενητῶς,
1519 2533 1566 2559 καὶ
1579 2532 1609 2559 τὸ
1620 2532 1733 2568 Πνεῦμα
1744 2533 1770 2566 ἐξ

721 2611 743 2627 ⁶⁸
753 2610 833 2638 Joan.
845 2619 924 2640 xvni.

1019 2610 1040 2625 ⁵³⁵
1056 2609 1110 2637 Jer.
1129 2619 1159 2642 ιι,
1170 2611 1197 2638 5.
1235 2611 1258 2646 ⁷9
1272 2610 1356 2638 Exod.
1370 2619 1416 2642 xx,
1430 2611 1456 2638 5.
1474 2611 1507 2646 δτι
1521 2611 1586 2639 ibid.
1625 2612 1648 2627 ⁷¹
1664 2611 1730 2639 ibid.
1745 2611 1768 2639 6.

912 2646 934 2661 ⁷⁸
952 2645 1046 2672 Matth.
1065 2653 1116 2678 xu,
1129 2647 1176 2674 40.
1216 2646 1237 2661 ⁷⁷
1253 2645 1261 2671 l
1278 2646 1341 2674 Cor.
1368 2654 1429 2678 vui,
1446 2647 1472 2674 6.

1022 2762 1071 2796 (ϐ’)
1092 2763 1268 2798 Anglicanus.
1284 2763 1411 2798 ἐμφέρει.

1023 2798 1064 2833 (7)
1083 2796 1224 2825 Articulus
1239 2796 1315 2825 deest
1328 2796 1459 2831 in'editis,
1479 2803 1505 2827 et
1520 2798 1549 2827 in
1565 2798 1708 2833 Vaticano,
1724 2796 1767 2826 sed

987 2833 1105 2861 habetur
1121 2834 1149 2861 in
1165 2833 1247 2861 Basil.
1262 2837 1290 2862 et
1306 2834 1333 2862 in
1348 2833 1454 2866 Anglic.
