1898 3053
131 103 176 132 73

478 103 523 130 DE
541 101 701 131 COMMUNI
721 101 892 129 ESSENTIA
913 100 1040 130 PATRIS
1060 101 1103 129 ET
1123 101 1200 130 FlLlI
1220 101 1264 129 ET
1286 101 1372 130 SPIR.
1394 100 1423 130 S.

1737 101 1770 129 Ἠ

129 163 221 190 αὐτοῦ
243 163 281 198 (8)
301 164 483 200 ἐκωρευτῶς.
503 164 569 190 Εἶτα
594 164 669 190 πᾶσα
686 164 702 199 ὴ
721 163 809 195 κτίσις
823 163 866 190 διὰ
888 163 929 190 τοί

1006 171 1100 195 onem,
1130 167 1156 190 et
1193 163 1312 198 Spiritus
1347 170 1394 198 per
1425 162 1629 196 processionem
1655 162 1771 190 exsrstit.

131 210 227 244 Λόγου
243 210 272 236 ἐν
287 209 426 246 Πνεύματι
443 210 559 245 συνέστη
573 209 788 245 δημιουργικῶς.

131 321 182 348 49.
203 321 267 348 ὀτι
282 321 315 347 τι)
333 320 370 356 (9)
385 320 659 356 ,βλασφημῆσαιεὶς
674 320 726 346 τὸν
740 319 808 356 my
819 321 862 353 εις
875 319 932 353 τὴν

260 357 348 391 ἁγίαν
372 356 477 389 Τριὰὃα
493 355 718 390 ,ϐλασφημῆσαί
733 355 808 382 ἐστι.

173 411 284 444 Πολλοῖς
300 411 354 438 τῶν
366 411 412 438 ὲπὶ
426 412 479 446 γῆς
491 411 607 447 φοϐερὸς
619 412 633 438 ὀ
645 411 747 446 Κυρίου
760 411 837 445 λόγος
849 411 932 438 καοέ-

134 465 249 493 στηκεν,
258 458 272 484 ὁ
282 457 404 491 φάσκωψ
416 457 509 484 suam
521 457 641 493 ἁμαρτία
649 457 696 483 καὶ
705 457 862 492 βλασφημία
869 458 932 492 ἀφε-

133 503 251 539 θήσεται
265 504 322 535 τοῖς
335 502 489 539 ἀνθρώποις
498 512 504 518 ”
519 503 549 535 ὸς
562 503 583 529 δ’
594 502 627 530 ἂν
639 503 702 539 εἴπῃ
712 504 790 538 λόγον
801 504 872 530 κατὰ
883 504 930 530 τοῦ

132 549 299 585 Πνεύματος
318 548 365 576 τοῦ
388 549 478 583 ἁγίου,
493 550 543 576 οὐκ
560 549 724 585 ἀφεθήσεται
739 550 813 585 αὐτῷ
825 550 886 576 οὐδὲ
901 551 929 576 ὲν

131 594 226 630 τούτῳ
235 594 275 630 τῷ
289 595 378 626 αἰῶνι,
389 594 448 621 οὐδὲ
459 596 488 621 ὲν
498 595 537 630 τῷ
547 595 678 630 μέλλοντι.
691 605 699 621 ι
712 595 761 621 Διὰ
770 595 848 622 τοῦτο
860 604 931 631 παρ-

133 642 209 668 αινεῖ
227 642 311 667 πᾶσιν
327 642 340 667 ὁ
356 641 425 673 θεῖος
447 642 615 673 ἈπόστςιλΟς,
633 635 784 675 λέγὼν,¹ὃτι
796 641 827 668 τὸ
840 642 929 676 γράμ-

135 694 176 719 μα
187 686 355 716 ἀποκτείνει,
367 686 397 712 τὸ
407 686 434 712 δὲ
446 686 553 721 πνεῦμα
564 686 698 718 ζωοποιεῖ.
713 686 800 712 Πολλὰ
812 686 866 722 γὰρ
876 686 929 712 τῶν

132 730 219 757 θείων
225 731 245 757 Γ
249 730 342 766 ραφῶν
348 731 395 757 ὲὰν
404 730 475 758 κατὰ
483 731 515 758 τὸ
522 732 638 767 γράμμα
647 732 797 766 νοήσωμεν,
813 731 852 763 εἰς
871 731 929 757 ἀθέ-

134 784 225 812 σμους
234 777 407 812 βλασφημίας
416 777 626 813 περιπίτπομεψ
636 774 690 804 οἶόν
703 778 761 803 ἐστι
770 776 854 803 καὶτὸ
864 785 929 811 προ-

133 824 264 858 κείμενον
278 824 343 858 ἡμῖν
354 823 401 849 τοῦ
418 823 519 857 Κυρίου
535 822 638 857 λόγιον·
654 823 722 858 ὅπερ
734 822 780 849 ἐὰν
797 822 868 849 κατὰ
880 822 928 857 ξη-

136 856 190 904 ροῦ-
203 869 253 900 τὰς
273 856 360 901 λέξεις
384 856 557 904 ἐκλάϐωμεν,
575 868 605 895 οὐ
630 856 712 904 μόνον
728 869 767 900 εἰς
781 867 926 903 ἀθεμίτους
942 856 963 884 Β

134 915 243 946 ἑννοίας
266 914 488 950 περιπεσοὺμεοα
498 934 504 946 ,
524 914 590 941 ἀλλὰ
603 914 650 941 καὶ
666 913 748 941 αὐτὸν
764 913 809 940 τὸν
826 913 927 948 Κύριον

135 960 344 996 ἐναντιούμενον
354 961 441 996 ἐαυτῷ
456 961 617 996 εὑρήσομεν.
642 960 704 987 Ἐὰν
715 959 769 996 γὰρ
777 959 805 991 ὃς
815 960 836 986 δ’
847 959 879 985 ἂν
890 960 928 986 εῖ-

135 1014 177 1043 πῃ
194 1006 250 1041 (10)
263 1006 342 1041 λόγον
358 1006 429 1033 κατὰ
440 1005 486 1032 τοῦ
500 1005 575 1037 Υἱοῦ,
590 1005 755 1041 ἀφεθήσεται
768 1004 857 1040 αὐτῷ,
872 1003 930 1035 πῶς

135 1053 221 1084 αὐτὸς
232 1053 247 1079 ὁ
263 1052 328 1084 Υἱὸς
339 1051 430 1079 εἶπεν·
451 1062 461 1078 ι
479 1053 507 1079 '0
528 1052 757 1088 ἀπαρνησάμενός
772 1060 806 1087 με
829 1051 932 1086 ἐμπρο-

137 1100 203 1127 σθεν
219 1100 275 1127 τῶν
289 1100 454 1136 ἀνθρώπων,
469 1100 662 1135 ἀπαρνήσομαι
683 1099 760 1134 κάγὼ
781 1098 861 1126 αὑτὸν
883 1098 932 1134 ἔμ-

136 1147 259 1183 προσθεν
284 1146 338 1173 τῶν
359 1146 483 1181 ἀγγέλων
502 1146 549 1173 τοῦ
565 1146 651 1173 Θεοῦ”
673 1156 682 1172 ι
702 1146 750 1172 καὶ
779 1145 870 1176 πάλιν,
883 1143 931 1171 ἐὰν

137 1194 215 1220 πᾶσα
227 1193 350 1229 ἁμαρτία
363 1193 410 1219 καὶ
424 1192 579 1229 βλασφημία
589 1192 755 1228 ἀφεθήσεται
766 1192 821 1222 τοῖς
829 1189 932 1226 ἀνθρώ-

136 1247 213 1272 ποις,
228 1240 276 1267 καὶ
287 1240 358 1275 ὑπὲρ
370 1239 456 1275 ἀργοῦ
469 1239 548 1273 λόγου
564 1238 711 1272 ἀπολογίαν
723 1237 845 1273 δώσομεν
854 1245 860 1252 ·
873 1237 933 1269 πῶς

136 1289 153 1314 ὁ
161 1287 248 1321 λέγων
257 1286 302 1313 τὸν
310 1286 423 1320 ἀδελφὸν
432 1286 514 1312 αὑτοῦ
522 1305 529 1317 ,
548 1285 633 1320 μωρὲ,
643 1284 733 1320 ἔνοχος
749 1283 824 1310 ἔσται
835 1284 874 1315 εἰς
883 1283 933 1318 τὴν

137 1333 250 1368 γέενναν
260 1332 283 1367 (l
290 1331 314 1366 l)
326 1331 372 1358 τοῦ
384 1331 469 1366 πυρός
478 1339 485 1363 ;
496 1330 553 1362 πῶς
560 1330 589 1357 δὲ
598 1330 644 1357 καὶ
653 1330 667 1356 ὁ
675 1329 821 1361 ἀπόστολος
830 1329 935 1360 Παῦλός

137 1386 216 1415 φησι·
223 1387 232 1404 ι
243 1377 289 1413 Μὴ
298 1377 443 1404 πλανᾶσθε·
453 1376 515 1404 οὔτε
524 1377 629 1412 πόρνοι,
637 1376 699 1402 οὗτε
709 1376 808 1412 μοιχοὶ,
817 1375 877 1402 οὔτε
888 1383 937 1410 μα-

138 1424 227 1457 λακοὶ,
246 1425 276 1452 οὐ
287 1424 411 1460 λοίδοροι,
420 1424 449 1450 οὑ
462 1422 584 1459 μέθυσοι,
593 1423 641 1457 οὐχ
650 1423 772 1458 ἅρπαγες
781 1421 849 1457 (12),
859 1421 936 1457 βασι-

140 1471 215 1498 λείαν
224 1470 293 1497 Θεοῦ
301 1470 544 1506 κληρονομήσουσι.
552 1479 561 1496 ι
571 1470 625 1496 Καὶ
638 1470 662 1496 εἰ
680 1468 767 1496 ταῦτα
775 1468 860 1500 οὕτως
869 1468 936 1506 ἔχει1

141 1518 199 1550 πῶς
207 1518 380 1550 λοιπὸν,εἰπὲ
390 1526 444 1553 μοι,
455 1517 496 1543 ὅτι
506 1518 580 1544 πᾶσα
588 1515 709 1552 ἁμαρτία
720 1515 766 1542 καὶ
777 1514 936 1550 βλασφημία

140 1563 308 1600 ἀφεθήσεται
317 1564 373 1596 τοῖς
382 1563 536 1598 ἀνθρώποις
546 1572 553 1596 ;
564 1563 619 1590 Καὶ
631 1562 676 1589 ἐὰν
687 1561 767 1588 πάλιν
779 1560 858 1588 τοῦτο
867 1560 934 1595 ἀλη-

142 1610 198 1643 θὲς,
210 1610 255 1637 διὰ
266 1610 294 1636 τί
309 1610 402 1636 λοιπὸν
415 1608 570 1643 ἐγκαλεῖται
582 1608 636 1643 (15)
649 1609 662 1634 ὁ
675 1608 766 1639 ἄθλιος
784 1606 932 1642 Ὤριγένης,

142 1656 218 1688 τέλος
240 1656 383 1692 κηρύττων
398 1655 448 1691 τῆς
465 1655 617 1686 κολάσεως,
639 1655 668 1680 ὲν
686 1650 727 1686 οἷς
744 1661 809 1688 φησι
826 1651 933 1688 συγχώ-

145 1711 222 1738 ρησιν
235 1703 325 1738 πάσης
341 1702 478 1738 ἁμαρτίας
494 1700 619 1735 γενέσθαι
634 1700 681 1727 καὶ
701 1701 757 1731 τοῖς
780 1699 934 1735 ἀνθρώποις

144 1748 258 1779 καὶτοῖς
273 1747 382 1782 δαίμοσι
394 1746 470 1781 παρὰ
485 1745 568 1778 θεοῦ;
585 1745 669 1772 Πάλιν
684 1753 714 1771 τε
726 1764 734 1776 ,
749 1744 797 1771 ἐὰν
810 1745 826 1779 ή
847 1744 887 1776 εἰς
903 1744 934 1771 τὸ

145 1793 257 1829 Πνεῦμα
270 1793 300 1821 τὸ
315 1793 391 1827 ἆγιον
411 1791 568 1827 βλασφημία
582 1792 632 1818 οὐκ
649 1791 698 1828 ἔχῃ
714 1791 769 1826 (14)
791 1789 934 1826 συγχώρη-

145 1848 196 1872 σιν,
215 1840 240 1866 τί
256 1839 392 1875 μέμφεται
409 1839 425 1874 ἠ
447 1838 592 1873 Ἐκκλησία
606 1838 729 1865 Νουάτον
744 1837 933 1873 ἀποϐαλλόμε-

144 1895 187 1913 νον
197 1885 246 1921 τὴν
261 1885 421 1921 μετάνοιαν;
437 1884 473 1911 Τὸ
481 1885 509 1912 δὲ
524 1885 723 1920 σκοτεινότερον
739 1885 785 1911 καὶ
799 1884 934 1911 δυσκατά-

145 1931 244 1966 ληπτον
258 1931 348 1958 ἐκείνὸ
358 1932 442 1963 ἐστιν,
457 1931 497 1957 ὅτι
508 1930 538 1962 ὃς
552 1930 573 1956 δ’
587 1930 619 1956 ἂν
635 1931 700 1966 εἴπῃ
712 1930 790 1964 λόγον
806 1930 876 1956 κατὰ
886 1929 933 1956 τοῦ

146 1978 220 2009 Υἱοῦ,
235 1977 398 2013 ἀφεθήσεται
417 1977 492 2012 αὐτῷ
501 1985 507 1992 ”
521 1977 549 2008 ὃς
560 1977 582 2003 δ’
595 1976 628 2003 ἂν
641 1976 705 2012 εἴπῃ
715 1976 793 2010 λόγον
804 1975 874 2002 κατὰ
887 1974 934 2002 τοῦ

147 2024 312 2059 Πνεύματος,
324 2024 373 2050 οὐκ
383 2022 548 2058 ἀφεθήσεται
557 2022 631 2058 αὐτῴ
639 2031 645 2038 ο
654 2021 725 2049 ὥστε
736 2021 852 2048 ἐλάττων
861 2021 935 2047 ἐστὶν

146 2071 159 2096 ὁ
170 2070 232 2101 Υἱὸς
248 2069 324 2105 παρὰ
334 2069 364 2095 τὸ
372 2068 483 2104 Πνεῦμα
498 2069 528 2095 τὸ
541 2068 615 2102 ἆγιον
632 2069 678 2095 καὶ
690 2068 734 2095 τὸν
746 2068 862 2104 Πατέρα.
881 2068 935 2095 Καὶ

147 2115 203 2147 πῶς
211 2115 276 2147 Υἱὸς
283 2112 356 2149 λὲγει
366 2135 374 2147 ,
387 2124 396 2142 ι
412 2114 482 2149 Ἐγὼ
499 2115 546 2141 καὶ
557 2115 571 2140 ὁ
585 2115 679 2150 Πατὴρ
691 2114 720 2141 ἓν
736 2115 819 2150 ἐσμεν
829 2135 836 2147 ,
849 2123 858 2139 ι
876 2113 935 2146 καὶ,

150 2171 158 2186 ι
169 2161 198 2189 ’0
210 2161 248 2196 μὴ
259 2161 347 2197 τιμῶν
356 2161 400 2187 τὸν
410 2161 473 2187 Υἰὸν
484 2161 514 2187 οὐ
525 2161 592 2196 τιμᾷ
602 2161 646 2187 τὸν
655 2160 764 2196 Πατέρα
775 2168 781 2192 ;
799 2171 808 2186 ι
819 2160 872 2187 Καὶ
885 2160 936 2186 πά-

148 2208 187 2235 λιν
203 2208 321 2235 ἐνταῦθά
335 2216 431 2243 φησιν,
449 2208 489 2234 ὅτι
518 2216 528 2233 ‹
543 2208 589 2239 Ὃς
602 2207 624 2234 δ’
642 2207 674 2234 ἂν
690 2207 754 2243 εἴπῃ
772 2206 849 2241 λόγον
866 2206 936 2233 κατὰ
952 2216 973 2242 ι)

147 2254 192 2281 τοῦ
204 2255 270 2282 Υἱοῦ
283 2274 290 2286 ,
308 2254 474 2289 ἀφεθήσεται
492 2253 582 2287 αὺτῷς
598 2263 607 2279 ι
634 2251 706 2288 *Αρα
721 2251 782 2283 οὖν,
798 2252 859 2278 εἰπέ
879 2260 933 2287 μοι,

149 2300 309 2337 συγχωρηθή
315 2309 389 2327 σεται
399 2301 415 2335 ή
426 2301 464 2332 εἰς
472 2299 516 2326 τὺν
526 2300 587 2326 Υἰὸν
597 2298 700 2334 βλασφη
707 2298 755 2334 μία
761 2299 818 2329 τοῖς
830 2298 935 2332 Ἀρεια-

149 2352 210 2383 vuig,
221 2350 460 2385 καὶΣιμωνιανοῖς.
471 2348 518 2375 καὶ
526 2347 722 2378 Σαῦελλιανοῖς,
735 2347 781 2373 καὶ
791 2346 935 2373 Φωτεινια-

189 2439 212 2455 ⁷⁸
228 2439 324 2466 Matth.
338 2445 387 2468 ut.
402 2438 448 2468 3|.
465 2437 509 2464 52.
549 2437 570 2452 ⁷³
594 2436 661 2464 Luc.
680 2444 728 2467 xu,
743 2435 769 2462 9.
809 2435 831 2450 ⁸⁵
848 2434 941 2461 Matth.
958 2442 985 2466 v,

150 2482 173 2506 ν,
185 2474 231 2503 2?.
269 2474 294 2491 “
308 2474 404 2500 Matth.
419 2480 467 2504 xu,
484 2473 528 2499 ὅτι.

185 2555 223 2590 (8)
250 2553 295 2586 Ἐξ
305 2551 401 2590 αὑτοῦ.ἱ
413 2551 489 2578 deest
501 2551 529 2578 in
543 2549 741 2590 ed..JCornmel..
757 2548 803 2576 sed
813 2547 930 2590 habetur

151 2590 177 2618 in
188 2585 304 2618 reliquis
318 2588 446 2614 omnibus
461 2593 522 2613 eum
537 2585 629 2616 editis,
646 2589 702 2611 tum
723 2585 929 2617 manuscriptis.

185 2625 221 2661 (9)
240 2618 287 2661 S_ic
303 2622 402 2654 Vatic.,
419 2619 679 2661 Anglic.,_Basil._ln
694 2619 775 2661 editis
794 2625 869 2661 vero,
888 2618 930 2658 τρς

152 2653 232 2689 (ιεὲεί.
250 2659 337 2686 Porro
354 2653 596 2692 segmen'turmlioc
614 2654 648 2682 ad
665 2655 777 2682 verbum
793 2654 890 2688 legitur
904 2653 932 2679 in

153 2696 248 2730 Quaest.
265 2698 298 2721 ad
313 2690 482 2730 Antiochum,
499 2690 594 2730 infra,_
685 2724 696 2730 _
730 2723 742 2730 _
755 2723 761 2730 .
780 2723 790 2730 _
836 2723 845 2730 _

183 2731 239 2764 (ω)
259 2730 328 2756 Edit.
345 2727 477 2764 Contmel.
495 2725 672 2764 et_Vatican.,
684 2724 713 2756 ὃς
728 2723 761 2750 δι’
778 2723 807 2750 ὃν
821 2723 896 2759 εἰπῃ.

199 2761 240 2798 tl)
259 2761 634 2798 Edit.Commel.,77éwa}v._
671 2795 687 2798 __
723 2795 728 2798 _
840 2792 863 2798 -ν
885 2792 901 2798 ν.

198 2792 239 2836 1εῇ
257 2801 313 2835 οὐχ
326 2799 461 2836 ἅρπαγες,
472 2792 561 2836 _;deest
574 2795 700 2836 in_Bas_il_.
716 2795 785 2836 A‘ng‘.
801 2792 931 2836 eti'Vaticv

153 2829 220 2869 lldx,
230 2829 352 2870 ληίζίῖεᾴ
370 2829 507 2866 νείἱεζϋι]
527 2838 582 2866 quo
596 2831 671 2858 deest
686 2830 748 2865 ὅτι),
762 2829 932 2860 Basiliensis,

285 2881 421 2919 Pnnon.
438 2878 497 2910 Gn.
512 2878 646 2909 XXVIII
652 2899 658 2907 .

987 209 1088 237 Deinde
1105 211 1231 238 universa
1247 218 1337 236 rerum
1358 214 1454 236 natura
1472 216 1519 243 per
1537 207 1652 235 Verbum
1669 209 1696 235 in
1711 208 1774 243 Spi-

986 257 1040 281 ritu
1055 257 1194 283 creatione
1206 256 1354 283 constituta
1370 259 1421 282 est.

985 325 1029 352 49.
1053 325 1131 357 Quod
1161 325 1342 359 blaspltemare
1369 326 1396 351 in
1418 324 1518 351 Filium
1541 326 1574 352 sit
1596 325 1778 359 blasphemarc

1206 361 1231 387 in
1247 366 1367 387 sanctum
1381 361 1548 387 Trinitatem.

1020 418 1160 453 Plerisque
1177 425 1282 449 eorum,
1298 418 1345 453 qui
1367 418 1394 444 in
1416 420 1497 445 terris
1519 417 1629 452 degunt,
1645 419 1776 446 terribilis

984 469 1027 492 est
1044 472 1134 492 sermo
1149 464 1208 495 Dei,
1225 471 1279 499 quo
1288 464 1324 491 ait
1343 473 1349 490 :
1371 473 1380 489 ι
1401 463 1487 490 Omne
1505 468 1646 499 peccatum
1659 468 1686 491 et
1702 464 1777 492 blas-

985 510 1091 546 phemia
1111 511 1264 537 remittetur
1281 510 1447 542 hominibus,
1464 510 1512 537 sed
1527 511 1572 545 qui
1587 511 1686 538 dixerit
1714 518 1773 538 ver-

984 556 1046 583 bum
1072 560 1168 583 contra
1191 555 1321 590 Spiritum
1343 559 1479 586 sanctum.
1497 563 1549 583 non
1571 557 1726 584 remittetur
1737 558 1774 590 ei,

985 609 1035 629 nec
1061 603 1088 629 in
1108 602 1160 629 hoc
1183 602 1294 633 steculo,
1316 609 1366 628 nec
1383 602 1409 628 in
1429 601 1562 630 futuro“.
1578 612 1587 628 ι
1605 602 1777 638 Quapropter

984 655 1079 675 omnes
1088 648 1215 674 admonet
1223 647 1462 682 dirusApostolus,
1473 647 1597 674 indicans
1607 647 1724 675 litteram
1732 655 1776 676 oe-

982 694 1083 726 cidere,
1093 693 1219 728 spiritum
1232 692 1378 719 viviiicare.
1391 692 1523 728 Pleraque
1536 693 1670 728 siquidem
1683 701 1775 721 sacra-

983 748 1043 767 rum
1056 739 1260 774 Scripturarum
1277 739 1299 766 si
1315 739 1391 774 juxta
1407 739 1524 766 litteram
1536 739 1680 771 sentimus,
1690 739 1716 766 in
1728 748 1776 768 ne-

983 786 1066 814 farias
1074 786 1236 813 collabimur
1249 785 1433 820 blasphemias
1445 795 1452 812 :
1463 786 1553 820 qualis
1565 791 1607 814 cst
1616 787 1660 818 illa
1669 786 1776 814 Domini

982 830 1116 857 sententia
1135 830 1263 864 superius
1283 830 1459 865 allata;quod
1475 831 1597 866 quidem,
1614 832 1636 860 si
1653 832 1777 859 absolute

979 876 1128 904 secundum
1138 876 1219 903 verba
1235 877 1428 911 intelligamus,
1446 885 1500 904 non
1522 878 1641 913 modo',in
1656 878 1776 906 nefarias

980 921 1138 949 delabemur
1153 922 1314 954 sententias,
1333 923 1398 958 quin
1413 929 1438 950 et
1456 923 1545 958 ipsum
1561 923 1706 951 Dominum
1724 924 1776 952 sibi

982 966 1034 1001 ipsi
1064 967 1230 994 contrarium
1247 967 1493 1002 deprehendemus.
1515 968 1543 995 Si
1560 969 1633 996 enim
1651 969 1777 1005 quisquis

981 1013 1092 1039 verbum
1102 1013 1203 1040 dixerit
1215 1018 1311 1040 contra
1327 1013 1436 1045 Filium,
1461 1014 1487 1041 id
1504 1015 1529 1041 ei
1547 1015 1710 1047 remittetur,
1727 1023 1778 1042 cur

982 1059 1064 1094 igitur
1081 1058 1167 1085 Filius
1185 1058 1251 1086 dicit
1274 1068 1279 1086 :
1300 1068 1309 1083 ι
1327 1058 1379 1092 Qui
1403 1067 1446 1086 tne
1462 1060 1600 1094 negaverit
1616 1066 1708 1086 coram
1725 1059 1776 1087 ho-

982 1105 1114 1136 minibus.
1130 1106 1236 1140 negabo
1249 1109 1276 1133 et
1291 1112 1342 1140 ego
1356 1112 1418 1132 eum
1434 1112 1527 1132 coram
1539 1105 1642 1141 angelis
1653 1105 1700 1133 Dei
1709 1106 1731 1122 "
1742 1106 1754 1133 ?
1765 1116 1774 1132 ν

984 1151 1050 1179 item
1081 1152 1105 1180 si
1129 1159 1210 1179 omne
1253 1155 1397 1186 peccatum
1421 1155 1449 1178 et
1470 1150 1642 1186 blasphemia
1656 1151 1778 1179 remitte-

984 1202 1030 1225 tur
1054 1197 1222 1228 hominibus.
1239 1201 1265 1225 et
1279 1197 1313 1225 de
1328 1197 1411 1224 verbo
1429 1198 1520 1225 otioso
1537 1197 1671 1225 rationem
1695 1197 1775 1225 dabi-

985 1251 1063 1276 mus;
1077 1244 1123 1278 qui
1151 1243 1180 1270 ﬁt
1208 1247 1238 1270 ut
1259 1243 1283 1270 is
1305 1242 1352 1277 qui
1368 1243 1486 1278 appellat
1504 1243 1615 1271 fratrem
1637 1251 1717 1271 suum
1733 1243 1777 1270 fa-

986 1294 1075 1322 tuum,
1084 1297 1146 1317 reus
1154 1289 1325 1325 sitgehennze
1336 1290 1406 1325 ignis
1415 1290 1438 1306 ⁸⁸⁵
1448 1290 1460 1317 ?
1470 1295 1517 1317 aut
1531 1298 1581 1318 cur
1589 1290 1691 1318 Paulus
1703 1298 1772 1325 apo-

987 1336 1074 1363 stolas
1088 1335 1153 1362 dicit
1171 1345 1177 1362 :
1196 1345 1204 1361 ι
1223 1335 1261 1363 Ne
1279 1335 1378 1363 erretis
1392 1344 1399 1362 :
1412 1343 1501 1371 neque
1521 1335 1674 1369 fornicarii,
1689 1343 1778 1371 neque

987 1382 1114 1413 adulteri,
1140 1389 1229 1417 neque
1263 1382 1371 1416 molles,
1404 1390 1494 1418 neque
1525 1382 1663 1414 maledici,
1689 1389 1778 1416 neque

988 1427 1099 1460 ebriosi,
1111 1435 1198 1462 neque
1212 1434 1325 1463 rapaces
1336 1435 1450 1463 regnum
1461 1427 1509 1455 Dei
1523 1427 1703 1463 possidebunt
1713 1427 1756 1455 “1'
1765 1437 1774 1453 ι

989 1471 1066 1504 Quod
1084 1472 1108 1500 si
1123 1472 1180 1499 htec
1196 1472 1234 1500 ita
1249 1481 1279 1500 se
1295 1472 1395 1500 habent
1410 1483 1416 1500 :
1433 1473 1477 1500 die
1495 1472 1560 1499 mihi
1578 1472 1713 1508 quomodo
1728 1473 1777 1505 ait,

990 1523 1071 1544 omne
1102 1522 1242 1551 peccatum
1265 1521 1293 1544 et
1319 1517 1409 1545 omnis
1432 1517 1601 1552 blasphemia
1623 1517 1779 1545 remittetur

986 1561 1164 1590 hominibus?
1186 1563 1372 1598 Rursumque,
1389 1563 1412 1591 si
1429 1571 1523 1591 verum
1551 1563 1618 1591 illud
1653 1567 1707 1596 est,
1729 1572 1779 1592 cur

985 1608 1067 1636 miser
1080 1613 1227 1636 accusatur
1238 1608 1382 1644 Origenes,
1396 1609 1468 1644 quod
1486 1610 1567 1637 linem
1583 1610 1702 1646 aliquem
1717 1618 1778 1645 pae-

985 1661 1082 1680 narttm
1095 1654 1253 1684 constituat.
1267 1661 1298 1681 ac
1313 1654 1424 1681 tandem
1445 1655 1637 1682 remissionem
1653 1656 1778 1683 omnium

986 1704 1160 1734 peccatorum
1177 1699 1334 1727 hominibus
1349 1700 1451 1734 pariter
1467 1704 1493 1727 et
1508 1700 1678 1729 rlmmonibus
1693 1708 1707 1728 a
1723 1701 1779 1728 Deo

984 1746 1098 1774 concedi
1115 1747 1261 1782 praedicet?
1277 1745 1395 1774 Rursum
1415 1746 1438 1774 si
1455 1746 1626 1782 blasphemia
1644 1747 1673 1775 in
1690 1747 1779 1783 Spiri-

986 1797 1042 1819 tum
1055 1796 1181 1819 sanctum
1197 1792 1386 1819 remissionem
1407 1800 1462 1820 non
1484 1793 1575 1825 habet,
1591 1801 1677 1828 quare
1688 1793 1779 1828 culpat

985 1838 1107 1866 Ecclesia
1127 1837 1257 1865 Novatum
1282 1838 1447 1872 rejicientem
1466 1839 1673 1874 paenitentiam?
1701 1839 1780 1873 Quod

986 1889 1075 1912 autem
1087 1884 1314 1912 obscurissimum
1330 1889 1356 1912 et
1370 1884 1508 1912 intellectu
1518 1884 1707 1912 diﬂicillimum
1724 1888 1779 1917 est,

987 1930 1072 1966 quod,
1088 1931 1112 1958 ei
1130 1930 1176 1965 qui
1193 1931 1301 1958 locutus
1319 1930 1400 1958 fuerit
1417 1934 1512 1958 contra
1527 1930 1640 1963 Filium,
1655 1931 1780 1958 remitta-

986 1981 1052 2004 tur:
1069 1977 1093 2004 ei
1106 1984 1172 2003 vero
1202 1977 1248 2012 qui
1273 1976 1372 2004 dixerit
1395 1977 1508 2004 verbum
1531 1981 1626 2004 contra
1645 1977 1778 2011 Spiritum

987 2027 1126 2054 sanctum,
1154 2029 1328 2057 nequaquam
1352 2024 1524 2055 remittatur;
1539 2023 1576 2050 ita
1591 2028 1620 2049 ut
1637 2024 1726 2050 minor
1743 2023 1780 2050 sit

989 2068 1076 2096 Filius
1087 2068 1191 2103 Spiritu
1210 2073 1307 2096 sancto
1321 2072 1348 2095 et
1361 2067 1452 2095 Patre.
1469 2067 1560 2101 Quare
1583 2069 1668 2103 igitur
1682 2069 1719 2095 ait
1735 2067 1780 2095 Fi-

986 2115 1039 2143 lius
1056 2123 1083 2140 τι
1097 2114 1152 2149 Ego
1169 2118 1195 2141 et
1212 2113 1291 2142 Pater
1299 2122 1384 2141 unum
1394 2122 1489 2142 sumus
1499 2114 1521 2130 ⁸¹
1534 2122 1542 2146 ;
1553 2124 1562 2140 ι
1577 2118 1614 2145 ct,
1633 2124 1641 2140 ι
1656 2113 1708 2146 Qui
1723 2121 1779 2141 non

987 2160 1220 2192 honoratFilinm,
1231 2167 1285 2187 non
1295 2160 1412 2187 honorat
1422 2165 1448 2188 et
1456 2159 1564 2187 Patrem
1575 2160 1616 2186 "1’
1632 2169 1641 2185 ι
1656 2160 1778 2195 itumque

988 2207 1031 2233 lnc
1044 2207 1100 2234 ait:
1117 2215 1126 2232 ι
1142 2205 1304 2240 Quicunque
1319 2206 1542 2233 dixerit-verbum
1558 2209 1653 2233 contra
1668 2204 1778 2237 Filium,

988 2252 1143 2279 remittetur
1152 2251 1226 2278 ei“?
1237 2261 1246 2277 ι
1259 2250 1364 2286 Ergone
1380 2251 1485 2279 scilicet
1494 2251 1694 2278 condonabitur
1706 2251 1781 2278 blasa

990 2298 1098 2333 phemia
1114 2298 1141 2325 in
1157 2297 1255 2324 Filium
1272 2297 1393 2328 Arianis.
1411 2296 1588 2327 Simonianis,
1605 2295 1779 2329 Sabellianis,

990 2343 1172 2376 Photinianis,
1187 2347 1214 2371 et
1229 2343 1346 2379 reliquis
1367 2343 1494 2370 omnibus
1517 2342 1564 2377 qui
1591 2341 1723 2369 adversus
1739 2342 1781 2369 in-

1000 2433 1044 2460 22.
1077 2433 1098 2449 ⁸¹
1115 2433 1124 2460 l
1147 2432 1209 2461 Cor.
1229 2441 1266 2467 vt,
1281 2432 1308 2465 9,
1324 2431 1369 2460 10.
1405 2431 1428 2447 ⁸¹
1440 2430 1520 2458 Joan.
1535 2438 1563 2463 ι,
1581 2430 1626 2459 30.
1665 2430 1688 2446 ⁸³
1699 2429 1780 2460 Joan.

985 2546 1076 2580 λοιπὸν
1089 2544 1148 2571 εἰπέ
1167 2553 1211 2580 μοι
1226 2543 1278 2575 ὅτι,
1297 2547 1323 2572 et
1338 2542 1376 2570 ita
1393 2541 1457 2577 legit
1474 2540 1607 2570 Nannius.
1625 2540 1708 2573 Editi,
1725 2541 1780 2568 λοι-

986 2582 1035 2607 πὸν
1050 2579 1136 2611 εἶπεν,
1150 2579 1202 2607 ὅτι.

1022 2616 1077 2650 (15)
1099 2615 1141 2650 De,
1160 2616 1211 2641 hoc
1232 2613 1378 2650 locoqvide
1399 2620 1461 2647 qua:
1477 2611 1597 2639 diximus
1614 2612 1642 2639 in
1664 2611 1777 2640 Monito.

986 2648 1058 2681 Mox.
1069 2648 1153 2685 φησί,
1169 2650 1246 2685 deest
1256 2649 1284 2676 in
1296 2648 1457 2685 Anglicano.

1024 2682 1087 2721 (Hi
1101 2682 1272 2721 Basiliensis,
1295 2687 1323 2710 et
1340 2682 1520 2718 Anglicanus,
1542 2682 1780 2721 Exsuyatieanus

987 2726 1015 2748 et
1029 2718 1106 2751 editi.
1117 2719 1176 2755 ἔχῃ.
1188 2719 1254 2752 Quae
1268 2726 1331 2746 mox
1346 2724 1499 2755 sequuntur
1510 2719 1604 2755 eadem
1618 2718 1702 2746 ferme
1716 2726 1780 2755 sen—

987 2757 1071 2783 tentia
1087 2750 1214 2782 feruntur
1229 2755 1256 2782 in
1273 2758 1371 2789 quarta
1386 2750 1627 2789 'atl_Serapionem
1649 2754 1778 2789 epistola,

987 2791 1055 2817 Vide
1077 2797 1138 2825 quae
1161 2790 1212 2819 hac
1235 2789 1269 2818 de
1283 2787 1318 2817 're
1339 2788 1458 2817 dicimus
1474 2789 1508 2825 _in
1520 2787 1730 2822 ’Qucestioviibus
1744 2787 1780 2816 ad

988 2826 1156 2853 Antiochum.

1645 2870 1663 2900 3
