1898 3053
110 127 145 154 75
696 118 724 146 S.

748 115 979 145 ATHANASIUS.
998 131 1034 136 -—-
1053 115 1154 143 DUBIA
1162 137 1168 143 .
1709 111 1745 139 76

108 185 294 213 earnatlunem
317 182 378 210 Filii
398 180 582 216 blasphemias
599 179 789 215 protulerunt?
803 179 894 214 Apage

991 175 1077 211 :(l5),
1091 176 1137 202 καὶ
1151 176 1207 206 τοῖς
1219 175 1322 206 λοιποῖς
1337 174 1420 206 πᾶσι,
1438 174 1493 204 τοῖς
1506 173 1546 203 είς
1556 172 1605 207 τὴν
1618 169 1666 197 τοῦ
1681 169 1746 196 Υἰοῦ

108 232 180 258 hanc
196 229 402 258 absurditatcm.
418 227 447 255 Si
460 227 532 256 enim
544 225 589 262 qui
600 225 654 261 20
663 225 730 252 dicit
743 224 820 251 fratri
832 231 893 255 suo,

109 277 204 309 Fatue,
221 283 285 304 reus
299 278 340 303 est
365 274 495 309 gehennae
508 273 579 308 ignis
587 272 621 305 ⁸⁸,
639 272 667 299 in
684 278 777 306 quant,
792 277 895 306 quaso,

109 324 261 359 gehennam
283 322 470 358 gehennarum
501 320 675 355 conjicietur,
704 318 752 354 qui
781 317 897 345 allirmat

110 370 194 398 Deum
208 376 288 397 suum
305 372 459 396 creaturam
483 375 554 399 esse.
576 374 632 394 non
646 365 745 393 Filium
765 365 824 398 Dei,
847 364 895 392 sed

109 423 229 447 servum.
241 415 289 442 sed
300 414 492 441 administrum
507 417 533 441 et
549 412 704 441 minutum?
722 411 754 439 Et
770 412 793 440 si
812 412 834 439 is
849 411 896 447 qui

109 466 205 489 contra
220 460 318 488 Filium
341 460 454 488 verbum
470 459 581 492 dixerit,
606 458 796 487 remissionem
813 459 898 492 impe-

109 509 202 540 trabit,
216 507 353 543 quomodo
374 507 445 534 idem
462 506 547 534 Filius
569 506 639 533 dixit
657 515 664 533 :
685 515 695 533 ι
713 505 765 540 Qui
786 513 840 532 non
851 513 899 532 co-

108 554 193 581 medit
206 561 318 580 carnem
336 560 432 586 meam,
450 560 500 580 nec
522 552 591 579 bibit
617 553 779 588 sanguinem
795 559 897 583 meum,

110 608 165 627 non
178 600 259 627 habet
269 599 352 627 vitam
368 599 546 626 :eternam”?
557 608 566 624 ι
580 598 634 626 Aut
643 599 701 634 qui,
712 606 814 634 quaeso,
823 603 900 634 pote-

110 647 146 673 rit
160 647 206 681 qui
225 646 373 681 ignominia
387 645 469 673 aﬂicit
483 644 581 672 Filium
593 654 648 673 non
663 646 854 681 blasphemare
871 646 900 673 in

110 691 290 720 Trinitatem?
308 692 360 724 Qui
377 699 442 719 vero
459 691 485 718 in
498 700 558 718 eam
571 692 767 727 blasphemiam
780 692 856 724 dicit,
876 693 899 720 is

109 737 183 765 haud
201 737 282 764 dubie
302 737 417 772 abnegat
437 740 563 764 sanctum
580 737 724 772 baptisma.
741 737 793 770 Qui
809 741 900 765 autem

110 788 237 812 sanctum
267 783 402 818 baptisma
424 783 552 819 abnegat,
568 783 591 811 is
616 783 746 810 nimirum
767 783 900 819 Spiritum

111 834 237 858 sanctum
263 830 348 857 exuit.
366 829 398 856 Et
417 829 646 865 quemadmodum
660 830 688 856 in
701 829 758 857 sole
772 829 826 857 isto
840 837 902 857 sen-

111 875 195 906 sibili,
216 875 240 902 si
268 874 352 901 calori
375 874 491 902 radiisve
508 874 568 909 ejus
579 875 772 902 contumeliam
789 875 898 907 feceris,

112 921 139 947 in
157 925 242 947 totam
265 924 391 947 naturam
408 921 475 948 solis
491 921 608 948 recurrit
623 921 780 956 hujusmodi
801 924 900 948 contu-

111 967 192 994 Inelia
208 977 214 994 :
232 966 269 993 ita
285 974 393 1002 quoque
416 974 446 994 se
465 974 510 995 res
529 966 612 994 habet
633 967 662 994 in
678 966 825 1002 trigemino
842 967 901 995 sole

111 1012 255 1040 Trinitatis
270 1016 298 1040 et
311 1012 434 1048 mystcrii
451 1022 458 1040 :
473 1012 640 1040 contumelia
661 1013 746 1040 unius
762 1020 898 1048 personae,

112 1058 280 1093 blasphemia
294 1063 338 1086 est
353 1059 380 1085 in
395 1058 551 1086 universam
568 1059 763 1094 plenitudinem
776 1059 899 1088 Deitatis.

112 1104 183 1137 Quid
198 1105 282 1140 igitur
307 1105 359 1132 sibi
374 1104 432 1131 vult
449 1104 554 1132 dictum
575 1104 642 1131 illud
661 1104 768 1132 Domini
796 1104 830 1132 ad
850 1104 902 1132 Ju-

112 1151 186 1178 ilreos
207 1160 212 1177 :
234 1159 242 1176 I
261 1149 348 1178 Omne
362 1155 504 1185 peccatum
521 1154 548 1177 et
565 1150 732 1185 blasphemia
748 1151 903 1179 remittetur

113 1195 291 1223 hominibus:
305 1197 353 1232 qui
369 1201 460 1224 autem
475 1196 575 1224 dixerit
594 1197 708 1224 verbum
729 1201 824 1225 contra
841 1197 904 1233 Spi-

113 1241 196 1268 ritum
222 1244 359 1272 sanetum,
381 1249 437 1268 non
464 1242 618 1269 remittetur
642 1241 677 1274 ci,
706 1249 794 1278 neque
809 1242 836 1269 in
852 1243 904 1270 hoc

114 1287 225 1319 smculo,
241 1295 329 1321 neque
355 1288 383 1314 in
401 1286 494 1314 futuro
502 1287 546 1313 ‘7?
565 1297 574 1313 ι
591 1286 744 1315 Prudenter
760 1287 904 1314 audiamus

113 1337 140 1360 ct
155 1340 189 1360 ne
204 1332 526 1368 seducamur.Duplicem
558 1341 619 1360 esse
635 1333 774 1361 Christum
790 1337 852 1368 post
863 1333 905 1360 in-

112 1380 296 1408 enarrabilem
321 1380 460 1412 unionem,
475 1380 537 1407 dico
547 1385 638 1407 autem
650 1387 684 1407 ex
698 1379 800 1407 deitate
814 1383 840 1407 et
852 1380 903 1407 hu-

113 1426 256 1458 manitate,
283 1433 369 1453 sacra:
398 1426 478 1453 nobis
512 1426 684 1461 proclamant
719 1425 868 1461 Scriptum
896 1435 903 1454 :

117 1482 126 1498 ι
144 1469 263 1500 Verbum
285 1482 294 1498 ι
312 1473 384 1500 enim
404 1481 413 1498 ‹
430 1480 494 1500 caro
517 1473 619 1499 factum
641 1476 683 1500 est
698 1471 730 1499 ³³.
748 1482 756 1498 ι
773 1471 904 1499 Deitatem

949 223 1085 259 σάρκωσιν
1102 223 1346 258 βλασφημήσασιπκ
1374 221 1480 255 ’Ἄπαγε
1495 219 1544 254 τῆς
1565 218 1694 249 ἀτοπίαςε
1711 218 1748 252 Eg

949 268 1003 304 γὰρ
1018 270 1032 295 ὁ
1047 268 1133 302 λέγων
1147 268 1192 294 τὸν
1206 267 1319 302 ἀδελφὸν
1336 266 1428 298 αὑτοῦ,
1452 266 1546 302 Μωρὲ,
1565 264 1656 300 ἔνοχός
1669 264 1746 290 ἐστιν

949 316 989 346 εἰς
999 314 1048 350 τὴν
1057 314 1168 348 γέενναν
1181 313 1226 340 τοῦ
1240 313 1340 349 πυρὸς,
1352 313 1392 344 είς
1405 312 1484 339 ποίαν
1496 311 1599 342 λοιπὸν,
1614 309 1674 337 εῑπέ
1688 318 1746 344 μοι,

951 361 1059 395 γέενναν
1067 360 1178 395 γεέννης
1190 359 1386 394 ἐκϐληθήσεται
1397 359 1411 384 ὁ
1420 358 1507 397 λέγων
1521 357 1566 383 τὸν
1579 357 1646 384 Θεὸν
1662 354 1746 383 αὑτοῦ

951 406 1067 442 κτίσμα,
1089 407 1135 433 καὶ
1149 407 1208 441 οὐχὶ
1218 405 1286 433 Θεοῦ
1306 405 1380 437 Υἱὸν,
1393 404 1461 431 ἀλλὰ
1471 403 1573 436 δοῦλον,
1586 403 1632 429 καὶ
1648 403 1747 438 ὑπουρ-

951 452 1009 486 γὸν,
1018 453 1063 479 καὶ
1073 452 1168 489 μικρόν
1177 461 1184 485 ;
1194 452 1248 479 Καὶ
1255 453 1289 483 εὶ,
1297 451 1370 483 ὅστις
1379 452 1442 486 εἴπῃ
1451 451 1528 486 λόγον
1536 449 1606 476 κατὰ
1612 449 1658 475 τοῦ
1668 448 1744 480 Υἰοῦ,

951 499 1117 534 ἀσεθήσεται
1133 498 1222 533 αὐτῷ,
1240 497 1299 530 πῶς
1313 497 1395 528 αὐτὸς
1406 498 1420 524 ὁ
1436 497 1500 528 Υἱὸς
1515 494 1607 527 εἶπεν,
1629 496 1668 522 ὅτι
1688 505 1697 521 ι
1715 495 1744 522 '0

954 546 991 580 μὴ
1004 544 1116 580 τρώγων
1139 553 1190 580 μου
1211 544 1259 579 τὴν
1276 543 1380 578 σάρκα,
1407 543 1454 569 καὶ
1465 542 1551 568 πίνων
1566 550 1615 577 μου
1628 541 1659 568 τὸ
1675 539 1746 576 αἷμα

951 591 1002 618 οὐκ
1013 591 1069 626 ἔχει
1080 590 1152 626 ζωὴν
1163 590 1268 617 αἰώνιον
1278 598 1286 622 ;
1301 600 1310 615 ι
1334 589 1396 621 Πῶς
1404 589 1432 615 δὲ
1443 589 1488 616 καὶ
1498 588 1608 615 δύναταί
1617 597 1668 620 τις,
1686 588 1747 614 ἀτι-

955 637 1048 673 μάζων
1058 638 1102 664 τὸν
1114 637 1187 670 Υίδν,
1202 637 1238 672 μὴ
1254 637 1422 672 βλασφημεῖν
1433 636 1473 667 εἰς
1481 635 1530 671 τὴν
1543 635 1660 671 Τριάδα;
1675 635 1704 662 '0
1715 635 1746 662 δὲ

953 684 993 714 εἰς
1014 683 1098 718 αὐτὴν
1123 682 1294 718 βλασφημῶν
1308 681 1429 718 δηλονότι
1450 680 1653 716 ἀπαρνείταιτδ
1668 680 1746 714 ἅγιον

955 729 1106 764 βάπτισμα.
1140 729 1168 755 Ὁ
1188 729 1216 755 δὲ
1237 729 1267 755 τὸ
1284 728 1361 763 ἅγιον
1380 727 1521 762 βάπτισμα
1541 726 1748 763 ἁπαρνούμενος

954 776 1032 811 δῆλον
1048 777 1089 803 ὃτι
1103 774 1132 801 τὺ
1149 774 1262 810 Πνεῦμα
1277 775 1307 801 τὸ
1323 775 1400 808 ἅγιον
1415 774 1570 802 ἀποδύεται.
1585 773 1639 800 Καὶ
1651 772 1747 807 ὥσπερ

955 823 1000 848 ἐπὶ
1012 822 1059 848 τοῦ
1071 821 1199 858 αίσθητοῦ
1213 821 1300 857 ἡλίου,
1317 821 1364 847 ἐὰν
1380 820 1429 856 τὴν
1442 820 1546 856 Θέρμην
1560 820 1577 856 ἣ
1589 819 1638 855 τὴν
1648 820 1746 846 ἀκτῖνα

952 869 1034 896 αὑτοῦ
1052 868 1229 904 καθυϐρίσῃς,
1245 869 1285 899 εἰς
1297 867 1360 903 ὃλην
1377 867 1426 902 τὴν
1441 866 1521 901 φύσιν
1532 865 1614 892 αὑτοῦ
1631 865 1746 900 ἀνατρέ-

950 924 992 950 χει
1009 917 1025 951 ἡ
1050 915 1141 952 ὕϐρις·
1160 914 1246 946 οὕτως
1263 914 1310 940 καὶ
1322 914 1368 940 ἐπὶ
1381 913 1428 940 τοῦ
1445 912 1583 949 τρισηλίου
1599 912 1648 947 τῆς
1665 912 1746 946 ἁγίας

951 961 1063 997 Τριάδος
1074 961 1162 996 φωτὸς
1169 961 1216 988 καὶ⁸
1225 960 1386 996 μυστηρίου,
1395 961 1428 995 τῇ
1440 961 1488 994 τῆς
1500 960 1563 994 μιᾶς
1573 959 1746 990 ὑποστάσεως

951 1009 1049 1044 ἀτιμίᾳ⁵
1074 1008 1175 1040 παντὸς
1201 1007 1248 1034 τοῦ
1265 1006 1447 1043 πληρώματος
1462 1005 1511 1040 τῆς
1526 1005 1652 1040 θεότητος
1672 1005 1745 1031 ἐστιν

951 1055 969 1089 ἡ
982 1054 1150 1090 βλασφημία.
1168 1054 1200 1080 Τί
1210 1052 1256 1080 οὖν
1269 1054 1343 1080 ἐστιν
1358 1053 1409 1079 ὑπὸ
1423 1052 1470 1079 τοῦ
1485 1051 1586 1087 Κυρίου
1598 1051 1666 1087 πρὸς
1682 1051 1747 1078 Ἰου-

951 1101 1040 1133 δαίους
1054 1101 1208 1137 λεγόμενον,
1218 1101 1260 1126 ὃτι
1275 1109 1283 1125 ι
1296 1101 1374 1126 Πᾶσα
1388 1099 1510 1134 ἁμαρτία
1527 1099 1574 1125 καὶ
1589 1097 1747 1133 βλασφημία

953 1149 1118 1184 ἀφεθήσεται
1133 1149 1189 1179 τοῖς
1205 1148 1372 1184 ἀνθρώποις·
1390 1146 1419 1178 ὃς
1433 1146 1454 1172 δ’
1470 1146 1502 1172 ἂν
1517 1145 1581 1180 εἴπῃ
1598 1144 1652 1179 (16)
1668 1144 1746 1178 λόγον

953 1195 1024 1222 κατά
1034 1195 1080 1221 τοῦ
1094 1194 1250 1230 Πνεύματος
1262 1194 1350 1228 ἁγίου⁷
1361 1193 1410 1219 οὑκ
1424 1192 1590 1227 ἀφεθήσεται
1604 1190 1677 1226 αὖτῷ
1687 1190 1748 1217 οὐδὲ

955 1243 983 1268 ἐν
999 1241 1038 1277 τῷ
1053 1241 1100 1268 νῦν
1123 1241 1212 1271 αἰῶνι,
1235 1240 1295 1267 οὐδὲ
1311 1241 1340 1266 ἐν
1358 1239 1396 1274 τῷ
1422 1239 1559 1274 μέλλοντις
1572 1248 1580 1263 ι
1604 1237 1748 1272 Νουνεχῶς

955 1289 1126 1323 ἀκούσωμεν,
1137 1288 1184 1314 καὶ
1195 1287 1233 1323 μὴ
1242 1286 1431 1322 πλανηθῶμεν.
1439 1286 1531 1312 Ama»:
1545 1283 1613 1312 εἶναι
1625 1284 1669 1311 τὸν
1680 1285 1748 1320 Χρι-

955 1337 1018 1362 στὸν
1037 1335 1105 1371 μετὰ
1123 1335 1171 1370 τὴν
1185 1335 1322 1370 ἄφραστον
1339 1334 1454 1364 ἕνωσιν,
1473 1333 1544 1367 φημὶ
1559 1331 1590 1367 δὴ
1603 1332 1635 1357 ὲκ
1652 1331 1748 1366 θεότη·

955 1389 1001 1412 τος
1018 1381 1064 1407 καὶ
1080 1379 1301 1415 ἀνθρωπότητος,
1315 1380 1343 1405 αἱ
1364 1378 1435 1414 ἱεραὶ
1453 1378 1507 1413 (17)
1532 1378 1597 1411 ἡμῖν
1618 1375 1747 1402 διαϐοῶσι

956 1427 1071 1463 Γραφαί·
1090 1437 1098 1453 1
1110 1428 1139 1454 ’0
1149 1427 1202 1463 γὰρ
1218 1426 1303 1460 Λόγος
1318 1424 1386 1460 σὰρξ
1403 1425 1521 1459 ἐγένετο.
1538 1433 1546 1449 ι
1559 1423 1614 1458 Τὴν
1625 1422 1690 1457 γοῦν
1699 1421 1746 1448 τοῦ

957 1475 1042 1508 Λόγου
1053 1474 1167 1510 θεότητα
1183 1475 1197 1500 ό
1211 1474 1292 1504 αὐτὸς
1308 1473 1423 1508 Χριστὸς
1434 1471 1546 1506 Πνεῦμα
1558 1469 1635 1504 ἆγιον
1647 1468 1747 1504 ὀνομά-

112 1527 179 1554 ergo
193 1518 276 1547 Verbi
292 1518 351 1554 ipse
372 1518 502 1546 Christus
513 1518 646 1554 Spiritum
664 1522 790 1546 sanctum
811 1518 901 1553 appel-

991 1530 996 1547 ι
1006 1529 1011 1536 ·
1021 1520 1092 1548 καθὰ
1102 1520 1149 1547 καὶ
1161 1520 1227 1556 πρὸς
1238 1519 1287 1554 τὴν
1296 1519 1460 1554 Σαμαρεῖτιν
1471 1517 1562 1550 ἔλεγεν
1570 1525 1576 1531 ·
1588 1516 1629 1542 ὃτι
1645 1515 1747 1542 «Πνεῦ-

114 1566 161 1596 lat,
190 1564 418 1600 quemadmodum
438 1565 471 1592 ad
494 1565 696 1592 Samaritanam
713 1565 821 1594 locutus
837 1571 877 1593 est
895 1573 902 1592 :

116 1622 124 1637 α
146 1612 278 1646 Spiritus.
297 1621 306 1637 ›
323 1611 462 1647 inquiens,
487 1621 496 1637 ι
519 1611 591 1639 Deus
605 1612 688 1639 est”.
706 1621 715 1637 )
740 1611 903 1639 Humanita-

112 1662 168 1685 tem
195 1665 260 1685 vero
276 1665 365 1689 suam,
381 1657 479 1684 Filiqu
502 1657 620 1685 hominis
643 1658 794 1685 nominavit
811 1667 817 1684 :
834 1657 905 1685 sicut

113 1706 195 1730 etiam
219 1703 284 1730 alibi
297 1703 331 1731 de
350 1711 400 1731 sua
416 1711 500 1731 carne
515 1703 638 1738 loquitur
654 1713 661 1730 :
682 1714 691 1728 ι
711 1703 790 1730 Nunc
804 1704 906 1739 glorill-

113 1756 191 1777 catus
211 1753 254 1778 est
266 1748 338 1776 [ilius
355 1749 473 1776 hominis
481 1749 515 1776 9°.
532 1758 542 1774 ι
558 1748 644 1776 Judaei
662 1748 754 1784 igitur,
771 1749 819 1784 qui
833 1756 906 1776 som-

114 1804 165 1830 per
179 1795 206 1822 in
223 1794 309 1822 Deum
320 1794 471 1826 offendunt,
485 1794 604 1830 duplicis
615 1794 748 1822 adversus
764 1795 905 1822 Christum

115 1842 292 1878 blasphemia:
304 1842 342 1869 rei
359 1845 432 1868 sunt.
442 1841 565 1874 Quorum
578 1841 626 1868 alii
640 1841 668 1868 in
685 1849 796 1869 carnem
808 1842 907 1877 impin-

114 1891 193 1923 gunt,
212 1887 264 1915 hoc
279 1890 333 1918 est,
355 1887 383 1913 in
398 1886 497 1913 Filium
513 1886 643 1919 hominis,
659 1894 722 1917 eum
734 1887 905 1923 prophetam,

116 1941 171 1961 non
194 1933 278 1960 Deum
301 1932 492 1960 existimantes
510 1941 517 1959 :
536 1932 637 1968 quibus
658 1932 765 1960 veniam
776 1932 862 1965 dedit,
879 1933 907 1961 id

115 1979 189 2011 enim
205 1979 313 2006 initium
329 1982 390 2006 erat
409 1978 622 2013 praedicationis,
638 1986 701 2006 cum
718 1978 841 2006 nondum
858 1987 905 2007 ca-

116 2035 169 2062 pax
188 2031 247 2054 erat
262 2026 392 2058 mundus,
403 2029 433 2052 ut
447 2025 531 2052 Deum
544 2025 620 2052 illum
635 2033 697 2052 esse
712 2026 848 2059 crederet,
861 2026 906 2063 qui

116 2074 200 2107 homo
226 2073 384 2108 apparebat.
400 2072 490 2107 Atque
513 2071 577 2098 hinc
606 2075 659 2104 est.
688 2073 763 2107 quod
781 2072 908 2101 Christus

117 2119 156 2146 ait
177 2128 186 2147 :
209 2129 218 2145 ι
240 2118 293 2152 Qui
310 2118 410 2146 dixerit
425 2116 545 2145 Verbum
571 2120 669 2144 contra
693 2117 792 2145 Filium
821 2119 910 2146 bomi-

115 2165 171 2198 nis,
189 2175 197 2191 ι
215 2165 267 2192 hoc
282 2169 324 2192 est
350 2165 378 2191 in
401 2171 503 2198 corpus
519 2162 588 2197 ejus,
609 2171 619 2189 ‹
640 2164 793 2192 remittetur
803 2165 869 2193 ei“.
894 2174 904 2191 ι

115 2211 212 2238 Ausim
242 2211 315 2237 enim
342 2209 443 2243 dicere,
460 2219 498 2239 ne
511 2211 586 2247 ipsos
609 2211 720 2247 quidem
737 2211 833 2239 beatos
846 2211 907 2246 ejus

114 2257 267 2292 discipulos
289 2256 437 2292 perfectam
455 2257 491 2285 de
509 2258 569 2293 ejus
585 2258 729 2286 divinitate
744 2258 907 2286 sententiam

116 2303 257 2335 habuisse,
271 2303 358 2330 donec
372 2302 492 2338 Spiritus
517 2307 630 2332 sanctus
649 2304 678 2330 in
708 2303 753 2331 die
775 2303 909 2331 Penteco-

117 2353 174 2376 stes
187 2356 235 2376 eos
251 2348 402 2376 visitassct.
422 2348 564 2384 Siquidem
589 2353 652 2384 post
675 2351 907 2378 resurrectionem

118 2395 206 2428 ipsum
223 2394 356 2427 videntes,
371 2393 416 2421 alii
439 2394 551 2429 quidem
569 2394 753 2422 adoraverunt
769 2403 842 2428 eum,
862 2396 909 2423 alii

116 2447 181 2466 vero
192 2440 385 2468 hmsitaverunt
399 2450 406 2468 :
422 2448 473 2468 nec
485 2445 578 2468 tamen
593 2441 628 2468 ob
639 2449 699 2469 eam
713 2449 770 2469 rem
787 2442 909 2469 damnati

119 2489 192 2513 sunt.
210 2484 333 2512 Suntalii
350 2485 397 2520 qui
412 2485 440 2513 in
456 2485 591 2521 Spiritum
605 2491 730 2514 sanctum
744 2487 907 2522 impingunt,

958 1575 995 1602 μα
1008 1568 1022 1593 ὀ
1036 1567 1102 1599 Θεός
1111 1575 1118 1581 ”
1132 1577 1141 1592 ι
1154 1566 1202 1602 τὴν
1217 1565 1245 1592 δὲ
1261 1565 1460 1600 ἀνθρωπότητα
1472 1563 1554 1590 αὑτοῦ
1566 1562 1629 1590 Υίὺν
1643 1561 1748 1597 ἀνθρώ-

955 1623 1006 1641 που
1015 1622 1021 1629 ⁸
1038 1613 1128 1646 καθὼς
1143 1613 1222 1640 πάλιν
1234 1611 1351 1647 ἀλλαχοῦ
1365 1610 1430 1646 περὶ
1441 1610 1489 1645 τῆς
1505 1609 1571 1641 ἰδίας
1586 1609 1685 1645 σαρκὸς
1699 1608 1748 1635 αὺ-

955 1659 1002 1686 τοῦ
1017 1667 1097 1694 φησν
1127 1667 1136 1684 ‹
1149 1658 1207 1684 Νῦν
1231 1656 1359 1691 ἐδοξάσθη
1385 1657 1400 1682 ὁ
1418 1655 1481 1687 Υἱὸς
1502 1655 1548 1682 τοῦ
1567 1654 1722 1691 ἀνθρώπου.
1735 1663 1746 1681 ι

955 1707 988 1732 Εἰ
999 1705 1053 1740 (18)
1068 1703 1115 1732 οὖν
1130 1704 1174 1731 ἀεὶ
1192 1703 1231 1739 τῷ
1246 1702 1305 1738 Θεῷ
1319 1701 1535 1738 προσκρούοντες
1555 1701 1676 1728 Ἰουδαῖοι
1691 1701 1749 1728 διτ-

956 1752 1006 1788 τὴν
1031 1750 1100 1787 πρὸς
1120 1749 1237 1786 Χριστὸν
1255 1749 1304 1784 τὴν
1325 1747 1499 1783 βλασφημίαν
1517 1747 1674 1783 ἐκέκτηντο.
1717 1749 1749 1776 0i

959 1799 1006 1833 μὲν
1032 1798 1063 1832 τῇ
1081 1796 1163 1832 σαρκὶ
1175 1795 1255 1822 αὑτοῦ
1269 1816 1276 1826 ,
1291 1795 1374 1830 ἤγουν
1391 1794 1430 1829 τῷ
1447 1793 1504 1828 Υἱῷ
1527 1794 1575 1820 τοῦ
1594 1793 1748 1828 ἀνθρώπου,

958 1843 1175 1879 προσκόπτοντες
1185 1862 1192 1874 ,
1208 1842 1351 1877 προσήτην
1366 1840 1448 1868 αὑτὸν
1458 1860 1465 1873 ,
1482 1839 1539 1867 ἀλλ’
1555 1839 1584 1866 οὐ
1601 1839 1667 1866 Θεὺν
1681 1837 1749 1866 εἶναι.

958 1889 1090 1925 ἐνόμιζονο
1101 1887 1141 1920 οἷς
1152 1889 1197 1915 καὶ
1212 1887 1375 1923 συγγνώμην
1386 1887 1486 1913 ἔδωκεν
1496 1894 1502 1901 ·
1511 1885 1582 1922 ἁρχὴ
1594 1886 1648 1921 γὰρ
1657 1883 1690 1921 ἧν
1701 1885 1748 1912 τοῦ

958 1934 1145 1971 κηρύγματος,
1157 1935 1204 1961 καὶ
1212 1934 1283 1960 οὓτω
1295 1931 1328 1970 ἦν
1344 1933 1439 1969 χωρῶν
1453 1935 1467 1960 ὸ
1481 1932 1582 1967 κόσμος
1596 1931 1668 1966 (19),
1684 1931 1751 1957 Θεδν

959 1980 1112 2012 πιστεύειν,
1134 1981 1295 2015 φαινόμενον
1321 1979 1483 2015 ἄνθρωπον·
1502 1978 1542 2005 διὸ
1564 1978 1611 2005 καί
1635 1986 1716 2012 φησιν
1735 1977 1750 2004 ὁ

958 2027 1086 2063 Χριστὸς,
1098 2027 1138 2054 ὅτι
1157 2037 1166 2052 ι
1180 2028 1228 2058 ’ος
1242 2026 1290 2053 ἐὰν
1305 2026 1369 2062 εἴπῃ
1383 2025 1460 2059 λόγον
1472 2023 1542 2051 κατὰ
1558 2023 1606 2050 τοῦ
1621 2023 1686 2050 Tia-3
1701 2022 1749 2049 τοῦ

959 2073 1104 2110 ἀνθρώπου
1114 2094 1121 2106 ,
1132 2083 1141 2099 ν
1161 2073 1209 2100 εἴτ’
1221 2073 1266 2100 οὗν
1280 2074 1335 2108 (‘20)
1352 2072 1400 2099 τοῦ
1415 2071 1541 2106 σώματος
1552 2069 1646 2103 αὑτοῦ,
1663 2079 1673 2095 ι
1682 2070 1750 2103 ἀφε-

960 2120 1071 2155 θήσεται
1094 2118 1179 2154 αὐτῷ.
1194 2129 1203 2143 ι
1221 2118 1318 2154 Τολμῶ
1339 2118 1392 2154 γὰρ
1413 2117 1519 2152 λέγειν,
1538 2117 1579 2144 ὅτι
1598 2116 1659 2143 οὐδὲ
1673 2116 1751 2143 αὐτοὶ

960 2167 985 2192 οἱ
1000 2165 1127 2201 μακάριοι
1141 2165 1223 2192 αὑτοῦ
1243 2165 1360 2200 μαθηταὶ
1373 2164 1402 2191 τὸ
1415 2164 1516 2190 τέλειον
1528 2163 1592 2200 περὶ
1606 2163 1656 2198 τῆς
1667 2161 1750 2190 αὑτοῦ

923 2205 946 2232 Ῑ)
961 2211 1086 2246 θεότητος
1105 2209 1176 2246 εἶχον
1197 2212 1341 2247 φρόνημα,
1367 2211 1421 2242 ἓως
1445 2211 1475 2237 τὸ
1491 2210 1604 2243 Πνεῦμα
1623 2209 1653 2236 τὸ
1673 2209 1750 2243 ἆγιον

961 2258 1052 2289 αὐτοῖς
1068 2258 1100 2292 τῇ
1118 2257 1290 2292 Πεντηκοστῇ
1314 2256 1500 2291 ὲπεφοίτησεν.
1525 2255 1601 2281 Ἐπεὶ
1619 2254 1666 2282 καὶ
1681 2255 1750 2289 μετὰ

961 2304 1010 2338 τὴν
1027 2303 1172 2329 ἀνάστασιν
1197 2302 1295 2333 ἰδόντες
1315 2302 1412 2332 αὐτὸν,
1427 2302 1451 2328 ot
1467 2302 1516 2337 μὲν
1533 2301 1765 2336 προσεκύνησαν,,

963 2350 987 2374 οἱ
1006 2348 1034 2374 δὲ
1049 2347 1207 2374 ἐδίστασαν·
1224 2347 1280 2374 ἀλλ’
1301 2348 1352 2374 οὐκ
1367 2348 1400 2374 ἐκ
1420 2347 1513 2374 τούτου
1538 2346 1748 2383 κατεκρίθησαν.

963 2397 994 2422 Oi
1005 2396 1032 2422 δὲ
1043 2396 1082 2426 εἰς
1092 2395 1121 2421 τὸ
1129 2395 1242 2429 Πνεῦμα
1257 2394 1286 2421 τὸ
1297 2394 1383 2428 ἆγιον⁷
1394 2394 1442 2420 εἴτ’
1453 2393 1499 2421 οὖν
1512 2395 1551 2426 είς
1565 2393 1614 2430 τὴν
1625 2393 1672 2420 τοῦ
1683 2394 1750 2428 Χρι-

964 2442 1027 2468 στοῦ
1039 2442 1151 2476 θεότητα
1163 2441 1407 2476 βλασφημήσαντες
1415 2461 1422 2473 ,
1432 2441 1478 2467 καὶ
1489 2441 1622 2475 λέγοντες,
1631 2441 1672 2467 ὃτι
1687 2449 1695 2465 ι
1708 2440 1752 2466 Ἐν

964 2487 1139 2520 Βεελζεὸοὺλ,
1156 2487 1196 2523 τῷ
1215 2488 1325 2522 ἄρχοντι
1342 2486 1396 2513 τῶν
1411 2486 1557 2522 δαιμονίων
1575 2486 1699 2513 ἐκϐάλλει
1719 2486 1751 2512 τὰ

149 2563 171 2578 ⁸⁵
194 2561 290 2589 Matth.
308 2571 341 2594 v,
361 2563 406 2591 22.
444 2564 467 2580 '°
481 2563 560 2592 Joan.
576 2565 672 2597 v1.54.
707 2564 729 2581 ⁸⁷
743 2563 838 2593 Matth.
863 2573 900 2592 ιιι

996 2565 1043 2592 32.
1079 2565 1103 2581 ⁸⁵
1119 2564 1198 2592 Joan.
1217 2572 1235 2598 l,
1260 2565 1304 2592 M.
1342 2565 1364 2581 "
1385 2564 1465 2592 Joan.
1482 2573 1517 2598 iv,
1539 2564 1583 2591 2-1.
1624 2563 1646 2579 ⁹⁰
1668 2563 1749 2592 Joan.

118 2605 177 2630 xm,
193 2597 238 2625 3i.
276 2599 297 2614 "
315 2598 410 2626 Matth.
427 2607 478 2633 ιιι,
491 2600 535 2628 '52.

155 2675 211 2711 (I5)
232 2676 322 2704 Editio
339 2676 565 2707 Commeliniana.
588 2677 760 2709 Φωτειανοίς.
777 2677 912 2706 Basilien-

121 2713 170 2748 εἰς,
186 2712 278 2748 Angl.,
295 2711 451 2743 Vaticanus,
480 2713 649 2748 Φωτιανοῖςι
664 2712 770 2748 Reliqui
793 2717 820 2740 et
845 2713 911 2741 editi

119 2745 283 2783 Parisiens..
301 2748 498 2779 Φυπεινιανοῖς,
522 2751 608 2783 recte.
630 2746 663 2774 Et
677 2748 715 2775 ita
729 2745 827 2783 legitur
839 2748 910 2776 infra

121 2783 148 2808 in
165 2782 361 2814 Quwuionibus
377 2783 411 2808 ad
423 2782 589 2809 Antiochum

157 2817 212 2852 (16)
233 2817 402 2853 Basiliensis,
420 2817 482 2852 εἴπῃ
502 2817 581 2851 λόγον
597 2818 669 2845 κατὰ
690 2817 737 2844 τοῦ
760 2817 826 2845 Υἱοῦ
845 2818 911 2853 ἀφε-

121 2851 231 2880 θήσεται
251 2852 335 2880 αὐτῶ·
353 2852 383 2883 ὃς
396 2853 418 2879 δ’
434 2851 554 2884 ἂννεῐπη.
572 2857 627 2881 etc.

999 2679 1055 2714 (l7)
1076 2678 1158 2710 Editi,
1172 2678 1219 2705 καὶ
1230 2679 1257 2704 αἱ
1273 2677 1356 2713 ἱεραί,
1367 2677 1415 2706 sed
1426 2677 1556 2705 xatdeest
1567 2677 1594 2704 in
1606 2676 1750 2712 Vaticano,

964 2713 1046 2741 Basil.
1063 2717 1094 2749 et
1106 2714 1266 2749 Anglicano.

1013 2749 1056 2784 l8)
1075 2748 1166 2780 Forte,
1184 2749 1219 2776 οἱ.

999 2751 1054 2818 119)
1075 2783 1224 2812 Vaticanus
1254 2788 1282 2812 et
1310 2784 1488 2818 Anglicanus,
1514 2783 1592 2812 οὔπω
1613 2782 1661 2818 ὲχιί

1012 2781 1054 2817 19)
1075 2783 1224 2812 Vaticanus
1254 2788 1282 2812 et
1310 2784 1488 2819 Anglicanus,
1514 2783 1592 2812 οὔπω
1613 2782 1712 2820 ἐχώρει
1733 2781 1759 2812 ἁ

963 2819 1076 2854 κόσμος.

999 2855 1053 2888 (20)
1075 2854 1156 2882 Basil.
1172 2854 1217 2881 hic
1234 2858 1261 2882 et
1278 2854 1359 2887 inl'ra,
1376 2853 1473 2880 είτουν.
