1898 3053
151 182 193 212 ’79
737 180 767 208 S.
786 179 1015 207 ATHANASIUS.
1035 194 1070 200 —
1089 179 1202 208 DL'BIA.
1738 178 1772 205 80

155 243 237 269 ritum
263 241 302 269 ait
325 248 457 277 pugnare,
476 247 529 268 non
549 247 608 267 eam
624 238 734 275 quidem
757 238 933 271 immobilem,

987 238 1176 274 διαμάχεσθαι,
1191 239 1221 266 οὑ
1236 238 1286 274 τὴν
1299 238 1435 273 ἀκίνητον,
1451 237 1511 264 οὐδὲ
1531 237 1581 272 τὴν
1594 236 1706 272 ἄψυχον.
1721 236 1774 262 Φυ-

153 293 201 315 aut
225 288 408 316 inanimalem.
432 286 568 314 Naturalis
585 286 658 313 enirn
678 285 850 313 allectionum
877 293 935 312 mo-

153 338 198 361 tus
224 334 249 361 ei
275 333 372 361 insitus
384 336 435 364 est,
449 332 507 366 qui,
520 338 581 358 cum
597 338 662 357 caro
678 329 845 362 nominatur,
863 333 891 356 ut
907 330 935 356 in

153 378 272 413 Epistola
286 377 320 404 ad
335 377 473 404 Romanos
485 375 656 403 manifestius
670 375 866 409 interpretatus
881 379 934 407 est,

153 425 294 452 declarans
321 427 440 455 motum,
468 423 514 458 qui
549 422 577 449 in
603 429 686 449 carne
710 425 763 454 est,
790 421 937 456 conﬂigere

153 470 284 497 adversus
304 474 433 501 mentem,
449 473 476 496 et
502 468 617 496 invicem
643 468 804 504 oppugnari,
819 472 849 494 ut
878 475 935 494 rem

152 522 324 550 nequaquam
341 514 463 542 eamdem
477 518 557 548 atque
569 518 698 546 mentem,
714 513 761 541 sed
777 521 889 548 prorsus
901 514 935 540 ab

151 569 183 588 ea
197 562 331 589 diversam
350 571 355 588 :
374 569 383 586 1
405 560 584 588 Condelector
597 561 688 592 enim,
706 568 716 586 ι
734 559 833 594 inquit,
850 568 861 585 ι
883 559 936 593 legi

153 606 210 639 Dei,
226 606 378 634 secundum
394 606 552 633 interiorem
566 605 703 633 hominem
720 614 727 632 :
743 604 823 632 video
844 608 934 632 autem

151 652 232 678 aliam
254 651 340 686 legem
369 651 397 678 in
420 651 551 678 membris
577 650 656 682 meis,
672 650 818 677 bellantem
839 653 935 677 contra

150 697 236 732 legem
250 696 350 723 mentis
362 703 439 728 mete,
451 699 479 723 et
489 696 670 730 captivantem
688 695 786 722 me9‘.)
798 694 873 722 Hanc
887 702 935 722 vo-

151 742 294 775 luntatem,
305 745 333 769 et
348 741 466 768 animam
483 742 591 776 proprie
599 740 864 776 appellavitPaulus,
879 740 936 781 dis-

151 787 278 822 tinguens
307 794 366 815 eam
382 787 524 821 aspiritu,
555 794 617 814 cum
644 786 729 814 dicit:
749 796 758 812 1
776 785 848 813 Deus
873 784 936 813 san-

151 833 251 860 ctiﬁcet
266 840 314 861 vos
333 841 381 868 per
397 833 498 865 omnia,
511 836 538 860 et
551 833 655 868 integer
669 832 783 867 spiritus
794 837 893 865 vester,
909 836 936 859 et

151 885 251 913 corpus
273 883 300 906 et
324 879 414 906 anima
434 879 493 906 sine
508 879 587 913 culpa
606 879 633 905 in
659 878 806 905 adventum
828 877 935 905 Domini

988 284 1063 310 σικὸν
1078 285 1132 320 γὰρ
1146 285 1310 320 ὲνὲσπαρται
1328 283 1412 320 ταύτῃ
1425 284 1527 319 κίνημα
1543 282 1701 318 παθητικὸν,
1714 281 1772 317 μεθ’

987 327 1017 356 οὗ
1039 330 1107 365 σὰρξ
1123 329 1293 364 ὀνομάζεται,
1309 329 1346 361 ὡς
1362 330 1390 356 ὲν
1411 331 1444 365 τῇ
1469 329 1538 364 προς
1556 327 1707 363 Ῥωμαίους
1733 327 1773 355 ἔτι

988 376 1151 412 σαφέστερον
1164 376 1328 412 ἡρμήνευσε,
1343 376 1374 402 τὸ
1391 376 1418 402 ὲν
1442 377 1474 411 τῇ
1499 375 1580 410 σαρκὶ
1605 375 1773 408 διασαφήσας

987 422 1100 457 κίνημα,
1125 422 1323 457 διαμαχόμενον
1347 422 1415 457 πρὸς
1438 421 1499 448 νοῦν
1528 421 1574 448 καὶ
1596 421 1770 456 ἀντιπάσχον,

986 467 1024 499 ὡς
1037 468 1066 494 οὐ
1082 467 1178 494 ταύτὸν
1195 467 1291 503 δήπου,
1306 467 1362 494 ἀλλ’
1380 468 1472 504 ἕτερον
1487 467 1516 494 ὃν
1532 467 1569 502 τῷ
1582 467 1634 503 νῷ·
1655 477 1663 492 1
1684 468 1772 503 Συνή-

987 513 1066 549 δομαι
1083 513 1146 548 γὰρ,
1167 523 1176 539 ι
1200 513 1276 549 φησι,
1294 523 1303 538 1
1324 513 1362 549 τῷ
1384 514 1458 548 νόμῳ
1479 513 1525 539 τοῦ
1541 513 1618 545 Θεοῦ,
1635 513 1704 540 κατὰ
1727 514 1771 540 τὸν

987 558 1041 585 ἔσω
1057 559 1197 594 ἄνθρωπον
1208 568 1215 575 ο
1241 559 1332 594 βλέπω
1351 560 1379 586 δὲ
1395 559 1487 594 ἓτερον
1509 559 1589 594 νόμον
1607 559 1636 585 ὲν
1652 560 1705 590 τοῖς
1722 558 1771 594 μέ-

987 605 1044 632 λεσί
1059 614 1119 640 μου,
1136 605 1411 641 ἀντιστρατευόμενον
1431 604 1469 640 τῷ
1484 607 1557 640 νόμῳ
1569 604 1615 631 τοῦ
1631 604 1691 636 νοός
1709 612 1770 638 μου.

987 649 1034 676 καὶ
1057 649 1291 684 αἰχμαλωτίζοντά
1313 659 1355 685 με.
1387 659 1395 675 ι
1412 649 1497 675 Τοῦτο
1512 649 1540 676 δὲ
1562 650 1592 675 τὸ
1608 648 1711 684 θέλημα
1725 648 1773 676 καὶ

985 695 1074 730 ψυχὴν
1097 695 1168 727 ἰδίως
1189 697 1202 723 ὁ
1226 695 1332 727 Παῦλος
1355 695 1491 726 ἐκάλεσεν,
1509 695 1630 730 χωρίσας
1656 695 1709 722 ἀπὸ
1723 694 1771 721 τοῦ

988 740 1152 776 πνεύματος,
1172 742 1215 767 ὅτε
1231 741 1328 776 φησιν·
1347 750 1357 766 1
1382 741 1410 768 Ὀ
1426 741 1489 772 Θεὸς
1504 741 1604 777 ἁγιάσῃ
1620 741 1692 776 ὑμᾶς
1714 740 1771 768 ὁλο-

986 788 1082 820 τελεῖς,
1098 788 1144 814 καὶ
1157 787 1302 823 ὀλόκληρον
1316 787 1392 823 ὑμῶν
1409 786 1439 812 τὸ
1456 786 1573 821 πνεῦμα,
1593 787 1639 813 καὶ
1654 787 1670 822 ἡ
1686 786 1769 821 ψυχὴ,

987 833 1076 860 καὶτὸ
1091 832 1169 868 σῶμα
1183 832 1335 867 ἀμέμπτως
1351 833 1378 859 ὲν
1394 833 1426 867 τῇ
1450 831 1583 867 παρουσίᾳ
1604 831 1650 858 τοῦ
1669 832 1771 868 Κυρίου

990 879 1067 914 ἡμῶν
1080 878 1135 914 (26)
1151 878 1237 914 Ἰησοῦ
1250 877 1367 914 Χριστοῦ
1379 878 1509 913 τηρηθείη
1519 887 1525 892 ·
1549 887 1556 903 ι
1570 879 1597 904 ὲν
1607 877 1634 903 δὲ
1642 877 1727 913 τούτῳ
1741 879 1772 905 τὸ

150 923 310 951 nostriJesu
320 923 420 952 Christi
429 924 591 952 servetur”.
607 933 616 949 ι
636 923 684 951 His
699 923 787 951 verbis
797 923 933 959 spiritum,

987 924 1104 960 πνεῦμα,
1121 925 1166 951 καὶ
1177 925 1274 960 ψυχὴν,
1291 925 1337 951 καὶ
1349 924 1437 959 σῶμα,
1450 924 1495 950 τὸν
1509 924 1618 959 ὁλοτελῆ
1631 924 1771 959 ἄνθρωπον

149 970 268 996 animam
289 973 316 997 et
343 977 443 1005 corpus
466 978 516 1005 pro
538 970 643 1005 integro
657 969 767 997 homine
785 977 935 1004 exponens,

149 1021 302 1049 rogansque
330 1022 392 1042 eum
418 1015 595 1046 sanctiﬁcari,
611 1018 638 1042 et
652 1015 712 1042 sine
733 1015 813 1049 culpa
826 1022 936 1042 conser-

148 1060 215 1087 vari.
233 1060 304 1096 Ergo
327 1061 480 1096 designavit
505 1062 642 1097 spiritum,
659 1061 705 1096 qui
720 1062 934 1089 sanctiﬁcandus

147 1110 229 1138 esset,
245 1107 297 1134 hoc
317 1112 359 1134 est
372 1104 490 1135 mentem
511 1108 667 1135 humanam.
681 1108 805 1136 Animam
826 1108 933 1140 deimle,

148 1152 204 1179 vim
217 1153 439 1188 concupiscendi,
457 1157 484 1181 et
498 1161 598 1189 corpus
625 1154 831 1182 tabernaculum
849 1158 934 1182 terre-

148 1202 205 1225 stre
235 1199 380 1233 appcllat:
408 1203 438 1226 ut
466 1200 615 1227 secundum
629 1200 700 1228 hanc
730 1200 933 1228 distinctionem

148 1243 237 1270 tribus
253 1248 360 1272 constet
388 1245 470 1272 homo
488 1245 634 1280 terrigena,
649 1246 824 1282 intelligibili,
837 1254 934 1274 concu-

148 1290 275 1326 piscibili,
287 1291 431 1326 corporali.
445 1291 574 1319 Voluntas
592 1300 672 1327 porro
689 1292 745 1320 sive
763 1293 863 1325 anima,
873 1300 934 1328 qum

148 1340 190 1364 est
212 1337 254 1364 vis
278 1338 511 1372 concupiscibilis,
527 1338 605 1367 unita
616 1343 658 1367 est
673 1338 767 1370 menti,
783 1342 811 1366 et
824 1339 932 1374 corpori

148 1381 278 1410 humano.
294 1382 478 1411 lnvalescente
505 1383 588 1418 igitur
608 1383 778 1418 intelligendi
796 1383 834 1415 vi,
859 1387 932 1411 totus

148 1426 229 1454 homo
244 1426 359 1454 edicitur
382 1427 584 1461 intellectualis,
602 1435 756 1463 quanquam
778 1428 932 1464 implicatus

146 1473 183 1500 sit
210 1472 365 1500 carnalibus
384 1473 625 1509 concupiscentiis,
645 1475 795 1501 secundum
823 1474 931 1509 conspi-

105 1548 110 1554 ‘
146 1526 227 1546 cuam
253 1519 452 1549 dissensionem
476 1524 503 1547 et
520 1527 637 1555 pugnam
652 1520 727 1555 ejus.
743 1528 803 1555 qua
827 1520 856 1548 in
882 1520 931 1547 bo-

146 1564 219 1592 mine
233 1568 286 1598 est,
306 1565 449 1593 rationalis
466 1565 507 1592 vis
524 1573 586 1592 cum
609 1566 772 1598 irrationali,
790 1573 845 1593 non
870 1565 930 1600 qui-

989 971 1170 1007 ὲρμηνεύσας,
1184 971 1230 998 καὶ
1243 969 1426 1005 ὑπενξὰμενος
1440 971 1519 997 αὐτὸν
1536 971 1707 1005 ἁγιασοῆναι,
1725 971 1771 997 καὶ

988 1017 1139 1052 ἀμέμπτως
1162 1017 1322 1053 τηρηθῆναι.
1349 1017 1460 1053 Πνεῦμα
1483 1017 1531 1052 μὲν
1555 1015 1601 1043 οὖν
1629 1017 1712 1050 ἔδειξε
1742 1016 1771 1042 τὸ

987 1061 1177 1097 ἁγιαζόμενον,
1204 1061 1272 1096 ὅπερ
1288 1061 1360 1087 ἐστὶν
1372 1061 1393 1087 ’ὀ
1411 1060 1472 1092 νοῦς
1493 1062 1506 1087 ὁ
1523 1059 1706 1095 ἀνθρώπινος·
1722 1059 1771 1093 ψυ-

987 1106 1038 1142 χὴν
1053 1107 1083 1133 δὲ
1103 1107 1171 1142 μετὰ
1183 1107 1261 1133 τοῦτο
1276 1107 1305 1133 τὺ
1323 1106 1528 1142 ἐπιθυμητικὸν,
1543 1106 1590 1133 καὶ
1610 1106 1689 1140 σῶμα
1707 1105 1771 1138 σκῆ-

987 1161 1030 1184 νος
1043 1153 1073 1178 τὸ
1086 1154 1178 1188 γήϊνον
1189 1161 1194 1167 ·
1211 1152 1281 1179 ὥστε
1306 1153 1376 1179 κατὰ
1391 1153 1492 1188 ταύτην
1503 1152 1551 1187 τὴν
1566 1151 1695 1187 διαίρεσιν
1708 1151 1771 1186 τρια

987 1196 1055 1225 εἶναι
1062 1198 1106 1224 τὸν
1114 1198 1255 1234 ἄνθρωπον
1264 1198 1309 1225 τὸν
1319 1199 1420 1234 γηγενῆ
1431 1206 1436 1212 ·
1446 1198 1476 1224 τὺ
1489 1198 1590 1232 νοερὸν,
1599 1197 1628 1223 τὸ
1638 1196 1716 1223 ἐπιθυ
1721 1205 1771 1232 μη-

985 1243 1076 1275 τικὸν,
1093 1244 1123 1270 τὸ
1140 1245 1304 1279 σωματικόν.
1326 1243 1410 1270 Τοῦτο
1427 1244 1482 1280 (‘27)
1498 1244 1528 1270 τὸ
1551 1243 1664 1279 θέλημα,
1681 1243 1736 1278 ἦτοι
1753 1244 1769 1278 ἡ

985 1289 1067 1325 ψυχη,
1076 1290 1105 1316 τὸ
1112 1289 1318 1325 ἐπιθυμητικὸν,
1325 1290 1427 1325 ἥνωται
1435 1289 1473 1324 τῷ
1479 1289 1516 1324 νῷ
1527 1289 1564 1324 τῷ
1573 1289 1618 1316 τοῦ
1628 1288 1770 1324 ἀνθρώπου

985 1336 1032 1363 καὶ
1044 1336 1083 1371 τῷ
1101 1340 1217 1371 σώματι.
1241 1336 1466 1372 Ἐπικρατοῦντος
1479 1334 1525 1363 οὖν
1547 1336 1594 1363 τοῦ
1616 1335 1719 1371 νοεροῦ,
1739 1334 1769 1361 τὸ

984 1381 1043 1408 ὅλον
1061 1382 1118 1408 ἐστὶ
1132 1381 1222 1417 νοερὸς
1241 1382 1397 1417 ἄνθρωπος·
1415 1382 1537 1416 καίτοιγε
1559 1380 1770 1416 συμπεπλεγμέ-

985 1435 1029 1453 νον
1046 1426 1114 1461 ἕχων
1137 1428 1165 1453 ἐν
1189 1427 1250 1458 ταῖς
1275 1428 1419 1462 σαρκικαίς
1445 1427 1610 1462 ἐπιθυμίαις,
1627 1427 1697 1452 κατὰ
1721 1431 1771 1460 τὴν

985 1472 1115 1507 πρόδηλον
1128 1472 1258 1508 διαφορὰν
1273 1472 1320 1499 καὶ
1334 1473 1423 1508 μάχην
1437 1473 1544 1507 λογικοῦ
1557 1481 1585 1498 τε
1598 1472 1644 1499 καὶ
1660 1472 1767 1505 ἀλόγου,

983 1516 1030 1542 τοῦ
1049 1517 1077 1543 ὲν
1091 1516 1129 1551 τῷ
1145 1516 1289 1552 ἀνθρώπῳ,
1313 1516 1369 1544 ἀλλ’
1385 1518 1435 1543 οὐκ
1459 1517 1678 1553 ἐπικρατοῦντος,
1702 1516 1770 1542 ἀλλὰ

984 1562 1224 1597 ὲπικρατουμένου.
1247 1563 1422 1598 Ἡγεμονικὸν
1447 1562 1475 1589 δὲ
1499 1562 1617 1597 λέγεται,
1645 1562 1735 1593 καθὼς
1755 1563 1770 1588 ὁ

145 1609 206 1637 dem
223 1610 390 1642 dominante,
404 1610 452 1638 sed
482 1609 632 1637 dominium
649 1611 781 1646 patiente.
795 1610 928 1638 Caeterum

987 1607 1042 1640 toﬁ;
1057 1609 1161 1643 ἡγεῖται
1178 1609 1224 1634 τοῦ
1246 1608 1362 1640 ζωτικοῦ
1387 1607 1520 1644 σώματος.
1537 1608 1695 1645 ιἈνθρωπος
1721 1607 1768 1634 οὖν

145 1655 305 1691 principalis
321 1656 375 1692 22
386 1656 486 1683 dicitur
495 1654 585 1688 'mens,
595 1660 730 1691 quatenus
747 1657 873 1692 princeps
889 1660 931 1684 est

987 1653 1042 1682 καθ’
1053 1654 1202 1689 ἡγεμονίαν
1213 1654 1257 1680 νοῦ
1270 1654 1324 1689 (28)
1333 1654 1445 1690 μετέσχε
1457 1654 1689 1690 θεότητος,νοερὸν
1698 1653 1767 1686 ζῶον

144 1701 237 1728 etdux
260 1702 384 1736 corporis
405 1701 539 1728 animalis.
554 1700 641 1727 Homo
665 1701 758 1736 igitur,
781 1701 930 1728 secundum

987 1697 1019 1724 ὢν
1031 1707 1038 1712 ·
1064 1698 1108 1724 διὰ
1128 1698 1205 1725 τοῦτο
1222 1699 1309 1734 λέγει·
1328 1709 1337 1726 ι
1355 1699 1383 1726 '0
1399 1699 1564 1735 κολλώμενος
1576 1700 1614 1735 τῷ
1631 1699 1724 1736 Κυρίῳ
1738 1701 1767 1727 ἐν

143 1746 328 1781 principatum
355 1747 466 1778 mentis,
482 1746 618 1781 particeps
633 1749 675 1773 est
689 1745 808 1777 deitatis,
821 1754 883 1773 cum
896 1747 932 1774 sit

987 1743 1091 1780 πνεῦμά
1105 1744 1186 1770 ἐστιν.
1211 1754 1221 1770 ι

145 1793 246 1819 animal
274 1792 456 1819 intellectuale
473 1801 480 1823 ς
496 1791 610 1827 ideoque
634 1791 699 1820 dicit
716 1802 722 1819 :
738 1801 748 1818 1
763 1791 814 1825 Qui
840 1793 931 1820 adhae-

144 1843 185 1866 rct
201 1837 326 1870 Domino,
344 1846 415 1866 unus
429 1838 541 1873 spiritus
549 1843 591 1867 est
601 1839 634 1864 ".
652 1847 662 1864 ι

178 1919 202 1935 ἰ
217 1917 295 1946 Rom.
309 1926 358 1952 vn,
369 1918 405 1945 22
428 1919 472 1946 23.
512 1919 535 1936 ³³
551 1919 669 1948 lTbcss.
681 1927 711 1947 ν.
725 1919 772 1947 25.
809 1919 833 1935 “
848 1919 932 1948 lCor.
948 1920 985 1953 vi.
999 1921 1043 1949 l7.

178 2006 233 2042 (26)
253 2007 283 2034 ln
305 2007 398 2037 verbo.
424 2007 513 2042 ἡμῶν,
537 2007 627 2035 deﬁcit
647 2008 732 2036 codex
756 2007 926 2037 Basiliensis.

143 2041 222 2079 Mos:
231 2042 348 2079 Anglia,
364 2043 393 2068 ὲν
407 2041 439 2068 δε
452 2042 557 2074 τούτοις
569 2043 686 2079 πνεῦμα,
699 2047 753 2071 etc.

178 2077 234 2112 (27)
253 2077 347 2109 Τοῦτο,
362 2078 438 2104 deest
455 2079 481 2104 in
497 2078 602 2113 Anglic.

1017 2010 1233 2050 (28)_Vox,_rvoﬁ,
1251 2013 1368 2041 habetur
1382 2015 1408 2041 in
1423 2014 1583 2050 Anglicano.
1603 2018 1630 2042 et
1651 2015 1678 2042 in
1699 2016 1764 2044 edit.

981 2045 1068 2073 Paris;
1084 2046 1112 2074 In
1128 2048 1240 2083 reliquis
1252 2053 1279 2076 et
1294 2049 1322 2076 in
1337 2050 1402 2078 edit.
1418 2045 1548 2078 Commel.
1565 2045 1745 2079 desideratur.

531 2230 572 2260 IN
588 2230 818 2261 EPISTOLAM
840 2230 1105 2262 CATHOLICAM
1128 2231 1371 2261 ADMONITIO.

178 2315 240 2343 Hcce
272 2315 388 2350 Epistula
413 2322 463 2340 non
484 2313 594 2339 habetur
606 2314 633 2339 in
655 2313 770 2348 antiquis
800 2312 938 2341 Athanasii
955 2313 1068 2348 Operum
1083 2314 1289 2347 collectionibus,
1302 2314 1507 2350 ambigimusque
1519 2323 1553 2341 an
1569 2315 1602 2342 sit
1617 2324 1648 2342 ea
1658 2324 1763 2351 germa-

141 2371 203 2388 num
227 2362 367 2388 Athanasii
386 2367 469 2394 opus;
487 2359 615 2386 nonnulla
637 2359 730 2393 quippe
754 2364 815 2385 sunt
838 2359 878 2384 hic
894 2359 1015 2393 loquendi
1033 2367 1128 2394 genera
1141 2360 1166 2385 in
1183 2360 1250 2386 veris
1278 2359 1420 2386 Athanasii
1435 2359 1554 2394 operibus
1575 2368 1626 2386 non
1649 2362 1759 2394 usitata,

139 2417 287 2443 quanquam
300 2408 440 2434 sexcenties
457 2413 511 2433 sese
524 2405 566 2431 illi
582 2405 706 2431 obtulerit
717 2413 749 2431 ea
766 2405 912 2438 usurpandi
925 2413 933 2431 ί

990 2405 1040 2437 sio,
1057 2413 1080 2432 υ.
1096 2413 1122 2440 g.
1141 2405 1273 2440 σύμϐολον
1286 2406 1333 2439 τῆς
1345 2405 1463 2436 πίστεως
1473 2424 1480 2436 ,
1491 2405 1575 2440 stylus
1594 2406 1653 2432 item
1666 2406 1759 2432 remis-

139 2454 194 2481 sior
210 2462 288 2488 quam
306 2454 515 2481 Athanasianus.
536 2452 568 2479 In
584 2453 660 2479 titulo
673 2453 753 2479 etiam
768 2453 890 2488 quaedam
906 2461 933 2479 oc

987 2458 1047 2479 runt
1062 2452 1167 2484 νοθείας
1180 2454 1255 2488 signa
1269 2462 1278 2480 .'
1294 2461 1353 2484 vox,
1370 2453 1394 2480 οἱ
1410 2453 1614 2484 συνεπίσκοποι,
1629 2461 1758 2487 nusquam

139 2499 171 2525 ab
186 2499 332 2526 Athanasio
357 2504 496 2533 usurpata,
512 2498 577 2525 solet
592 2499 684 2533 quippe
698 2498 792 2533 ubique
809 2498 852 2524 ille
869 2500 1031 2532 coepiscopos
1048 2506 1139 2525 vocare
1162 2497 1393 2533 συλλειτουργούς.
1413 2497 1536 2526 Nomina
1549 2499 1611 2526 item
1623 2500 1756 2534 regionum

138 2546 275 2579 pauciora.
293 2553 371 2580 quam
385 2553 443 2580 qua:
456 2544 581 2580 Epistola:
596 2543 739 2572 Catholica:
757 2551 815 2579 qum
828 2543 960 2579 encyclica
972 2548 1020 2575 est,
1039 2543 1119 2570 inseri
1133 2544 1244 2570 soleant.
1261 2543 1394 2571 Prmterea
1411 2545 1475 2571 solet
1494 2543 1656 2572 Athanasius
1670 2545 1758 2579 fusius

138 2597 162 2618 et
183 2592 308 2627 liquidius
323 2601 363 2619 res
378 2598 464 2628 gestas
485 2593 511 2620 in
529 2591 646 2627 epistolis
663 2592 718 2619 suis
738 2598 874 2624 enarrare,
892 2599 971 2626 quam
991 2590 1032 2617 hic
1056 2590 1212 2618 habeantur.
1226 2590 1390 2625 Quapropter
1406 2590 1474 2617 inter
1497 2588 1578 2616 dubia
1605 2597 1681 2624 opera
1697 2597 1757 2617 eam

138 2636 261 2672 ablegare
278 2637 362 2664 visum
380 2642 428 2665 est.
