1898 3053
140 131 173 160 87
738 133 766 161 S.
787 132 1016 161 ATHANASIUS.
1037 148 1071 154 -
1090 132 1203 161 DUBIA.
1733 133 1768 158 88

143 189 193 217 Ubi
207 196 288 224 porro
301 188 395 216 eadem
412 187 469 223 ipsa
482 192 524 216 est
538 187 704 220 substantia,
719 188 756 216 ibi
773 189 927 217 substantia

990 176 1065 221 ιῦτως
1077 189 1142 224 (47),
1154 190 1169 216 6
1182 189 1211 215 δὲ
1226 187 1327 223 Κύριος
1338 188 1352 214 6
1366 187 1446 219 αὐτὸς
1460 187 1519 214 ἀεί’
1536 188 1582 215 καὶ
1597 187 1626 214 οὐ
1642 188 1705 214 ποτὲ
1719 189 1769 221 μὲν

142 243 195 261 non
213 234 330 270 prolicit,
345 242 396 262 nec
420 234 540 261 admittit
567 234 667 269 majus,
687 234 728 262 vel
755 235 856 265 minus.
881 236 928 263 sed

142 277 260 304 hominis
277 277 342 304 illud
356 280 420 303 est:
441 279 468 302 at
496 275 628 303 Dominus
651 276 721 303 idem
739 285 847 312 semper
871 278 929 311 ipse

141 327 194 353 est,
208 330 257 350 nec
274 323 354 350 modo
370 322 469 353 minor,
489 322 569 349 modo
595 322 693 356 major,
721 325 816 357 utpote
833 322 904 350 Deus
921 332 927 349 :

145 375 153 391 ι
173 366 264 398 Jesus,
279 376 288 392 ι
314 367 413 402 inquit,
433 376 442 392 ι
462 367 520 394 heri
540 371 567 394 et
593 367 683 400 hodie,
702 367 760 402 ipse
773 371 801 395 et
830 368 857 395 in
879 376 930 395 ste-

142 413 203 439 cula
216 414 235 438 ‘.
257 422 267 437 ι
283 412 334 445 Qui
349 413 432 448 igitur
449 412 516 439 illud
536 411 604 439 Filio
623 412 731 444 adimit,
749 412 822 447 quod
835 413 869 440 sit
883 412 930 439 Pa-

142 459 175 485 tri
192 457 449 489 consubstantialis,
461 457 634 492 similemque
659 458 749 493 ipsum
779 457 828 490 ait,
845 457 928 484 Deum

142 504 218 531 illum
238 511 298 532 esse
311 508 399 539 negat.
419 503 617 540 Similiterque,
633 504 680 539 qui
696 505 930 533 consubstantiale

141 550 245 583 deﬁnit,
261 555 291 578 ut
312 552 466 578 substantia
483 551 583 583 simile,
605 552 628 579 is
643 552 755 578 alteram
781 551 841 586 ejus
865 552 930 579 sub-

142 596 270 623 stantiam
290 595 404 628 inducit,
423 595 531 631 Deoque
550 595 666 624 similem
683 595 793 623 factam.
810 595 869 623 Non
880 597 931 623 ita-

142 649 195 677 que
219 642 265 668 ille
284 646 485 677 consequenter
507 643 545 669 ait
569 650 631 670 eum
645 650 707 670 esse
727 650 760 669 ex
779 642 930 670 substantia

143 687 241 718 Patris,
257 694 319 714 cum
331 687 592 715 consubstantialem
604 695 659 715 non
670 688 785 722 sentiat;
801 688 931 723 quemad-

142 733 253 760 modum
271 736 314 760 est
328 733 409 760 homo
426 734 518 768 quiex
536 734 655 762 hominis
669 734 824 762 substantia
843 734 932 770 gigni-

144 783 200 807 tur.
216 779 295 812 Quod
313 779 336 807 si
353 779 439 807 Filius
453 788 485 807 ex
502 779 558 807 Deo
571 788 626 808 non
641 784 684 809 est
701 781 851 808 secundum
867 781 933 808 sub-

145 826 286 859 stantiam,
302 826 532 861 quemadmodum
545 827 626 853 homo
636 835 668 854 ex
684 827 803 860 homine,
825 828 872 854 scd
894 827 932 855 si-

143 870 297 899 militudine
310 871 439 907 quadam,
455 877 484 899 ut
497 877 588 900 statua
606 873 710 900 homini
725 878 766 901 est
779 873 887 904 similis,
903 878 930 900 ct
945 869 966 898 Β

142 920 173 944 ut
186 917 267 944 homo
281 917 356 951 Deo;
372 919 460 953 palam
482 923 557 946 certe
588 923 630 946 est
653 927 716 947 eum
733 920 779 954 qui
801 920 841 947 sic
867 927 930 947 sen-

142 964 204 996 tiat,
231 964 495 991 consubstantialem
520 965 634 992 minime
658 966 761 993 sentire
780 973 786 990 :
804 973 858 993 non
873 966 930 992 vult

141 1010 241 1046 quipm
254 1010 298 1037 ille
314 1011 551 1039 consubstantiale
568 1019 618 1047 pro
635 1016 746 1040 moreet
763 1020 815 1039 nsu
830 1012 928 1047 accipi,

142 1056 175 1084 de
195 1064 249 1084 una
270 1056 374 1085 scilicet
387 1061 414 1084 et
435 1058 530 1085 eadem
549 1058 715 1090 substantia,
731 1058 778 1085 sed
804 1062 835 1085 ut
860 1059 930 1085 mala

142 1103 180 1130 uti
198 1107 286 1138 possrt
312 1104 546 1138 interpretatione,
571 1103 695 1131 Graecam
715 1111 811 1131 vocem
831 1107 930 1139 praeter

143 1149 369 1177 consuetudinem
398 1154 513 1185 usurpat
539 1150 697 1185 ὸμοούσιον,
723 1157 835 1185 nempe,
869 1157 930 1185 quae

144 1203 198 1223 non
214 1203 266 1231 pro
278 1195 331 1225 alia
356 1203 387 1223 re
409 1196 482 1231 apud
514 1195 624 1224 Graecos
649 1197 787 1228 usuvenit,
799 1204 880 1231 quam
897 1196 931 1223 ad

142 1241 267 1269 eamdem
282 1245 410 1268 naturam
433 1241 637 1270 declarandam.
659 1250 740 1277 quam
766 1242 929 1270 credendum

142 1292 186 1315 est
200 1295 262 1315 esse
277 1288 306 1314 in
327 1287 420 1320 Patre,
439 1292 467 1315 et
484 1287 563 1319 Filio,
578 1292 605 1315 et
634 1288 737 1323 Spiritu
753 1293 858 1316 sancto.
872 1288 929 1320 Ille,

143 1333 266 1368 inquam,
284 1341 338 1361 una
358 1334 670 1362 consubstantialitatem
693 1335 801 1365 evertit,
823 1341 930 1361 vocem-

143 1386 197 1414 que
207 1379 367 1407 substantia:
393 1380 487 1415 spurie
505 1384 629 1415 usurpat,
647 1379 711 1406 dum
738 1388 798 1407 eam
825 1380 930 1415 cogitat

142 1433 204 1453 esse
216 1433 296 1461 opus.
311 1433 366 1453 non
377 1434 443 1454 vero
456 1426 550 1454 fetum.
577 1426 693 1461 Ideoque
715 1433 808 1453 vocem
834 1426 932 1461 impas-

143 1470 266 1502 albilirer,
276 1471 373 1500 callide
385 1472 497 1507 adjicit;
513 1480 567 1499 non
580 1477 609 1500 ut
622 1473 757 1508 passionis
767 1472 931 1499 calumniam

143 1518 196 1554 25
216 1518 372 1553 dimoveat;
388 1520 451 1554 quis
465 1520 538 1547 enim
550 1519 634 1547 Deum
647 1519 814 1554 passibilem,
833 1519 874 1546 rel
889 1518 931 1546 di-

143 1572 206 1592 cere
221 1564 314 1592 ausit?
329 1565 377 1593 sed
393 1570 422 1593 ut
439 1565 540 1593 factum
552 1573 585 1593 ex
609 1565 664 1593 Deo
681 1565 767 1597 dicat,
785 1573 835 1592 nec
852 1565 928 1599 geni—
944 1555 966 1585 (ἶ

142 1613 201 1637 tum
214 1618 247 1638 ex
264 1610 319 1638 Dco
336 1612 507 1646 processisse
531 1612 650 1639 fateatur
667 1611 765 1647 :quasi
790 1611 930 1646 processio

143 1657 300 1691 hujusmodi
312 1658 434 1693 passioni
447 1659 483 1686 sit
495 1659 624 1690 obnoxia,
643 1658 873 1694 quemadmodum
888 1657 931 1685 di-

143 1709 205 1730 cere
219 1703 307 1730 solent
321 1703 367 1738 qui
394 1703 598 1738 processionem
618 1711 651 1730 ex
675 1704 828 1731 substantia
851 1702 930 1738 quasi

143 1747 300 1782 passionem
322 1755 454 1784 respuunt
471 1757 477 1774 :
494 1757 575 1784 quam
602 1756 668 1777 vero
698 1753 796 1776 vocant
812 1757 845 1776 ex
865 1749 931 1776 sub-

144 1793 244 1820 stantia
261 1793 405 1826 facturam,
422 1795 500 1829 quasi
515 1795 641 1830 passione
660 1794 773 1821 liberam
795 1802 932 1821 commen-
946 1824 948 1826 τ

143 1838 219 1866 dant.
232 1838 394 1874 Quanquam
407 1840 512 1867 factura
531 1841 601 1876 ipsa,
618 1841 640 1868 si
656 1840 776 1868 humano
799 1848 874 1867 more
889 1840 931 1867 in-

143 1885 292 1920 telligatur,
313 1889 340 1912 et
351 1890 455 1913 motum
471 1886 579 1918 habeat,
595 1891 622 1914 et
636 1895 669 1913 ex
693 1890 766 1913 motu
781 1886 901 1914 laborem
922 1894 928 1911 :

142 1939 205 1967 quae
216 1939 282 1959 sane
297 1931 331 1959 ab
343 1932 440 1968 opilice
455 1931 509 1960 Deo
522 1933 610 1960 aliena
627 1938 701 1960 sunt.
714 1933 840 1960 Attamen
867 1932 930 1960 licet

143 1985 192 2014 per
203 1978 359 2013 hujusmodi
388 1979 619 2014 explanationem,
642 1979 844 2014 processionem
870 1978 929 2006 Filii

143 2024 223 2059 quasi
240 2024 441 2058 generationem
464 2025 660 2059 impassibilem
689 2025 851 2061 intelligant,
869 2024 931 2060 Spi-

143 2070 225 2097 ritum
257 2077 323 2097 sane
353 2077 368 2096 a
392 2069 472 2098 Patre
493 2077 519 2098 et
549 2070 618 2098 Filio
640 2071 758 2098 alienum
782 2076 928 2099 statuunt:

143 2114 363 2151 quandoquidem
378 2124 432 2143 non
447 2117 615 2152 generat-ioni
637 2117 734 2145 similis
747 2117 806 2152 ejus
820 2124 930 2152 proccs-

143 2163 185 2190 sio
206 2167 258 2194 est,
285 2163 331 2190 sed
362 2163 516 2198 spirationi,
540 2164 668 2191 nimirum
690 2164 726 2191 ob
746 2163 928 2199 participandi

144 2208 267 2240 modum,
279 2209 359 2244 quasi
373 2209 478 2237 scilicet
490 2210 579 2237 clllatu
593 2210 711 2244 quodam
735 2219 769 2237 ex
797 2218 845 2237 ore
866 2218 929 2245 pro~

979 234 1079 269 ἤττων,
1100 234 1164 261 ποτὲ
1186 233 1214 260 δὲ
1233 234 1343 269 μείζων,
1356 234 1394 265 ὡς
1407 233 1473 265 Θεός
1486 242 1492 248 ·
1514 242 1523 258 ι
1545 232 1657 268 Ἰησοῦς,
1674 234 1767 268 φησὶν,

979 280 1042 316 χθὲς
1063 282 1109 307 καὶ
1128 282 1245 316 σήμερον
1258 281 1273 307 6
1287 280 1368 312 αὐτὸς
1381 280 1427 306 καὶ
1440 281 1479 311 είς
1497 279 1559 310 τοὺς
1576 279 1686 310 αἰῶνας.
1706 289 1715 305 ι
1738 279 1768 306 ’0

979 327 1068 353 τοίνυν
1087 326 1216 363 ἀναιρῶν,
1231 326 1261 353 τὺ
1278 324 1346 353 εἶναι
1365 326 1410 353 τὸν
1431 326 1493 353 Υἱδν
1508 326 1649 361 ὁμοούσιον
1663 325 1701 361 τῷ
1714 326 1769 352 [Ια-

979 373 1035 409 τρὶ,
1050 373 1136 408 λέγων
1152 373 1180 399 δὲ
1194 373 1297 408 ὅμοιον,
1311 373 1420 408 ἀναιρεῖ
1438 373 1468 398 τὸ
1488 370 1556 399 εἶναι
1575 372 1650 399 Θεόν.
1673 371 1769 398 Ὡσαύ-

979 429 1033 452 τως
1049 420 1078 447 δὲ
1099 421 1146 447 καὶ
1163 420 1178 446 6
1199 419 1381 455 ἐξηγούμενος
1400 418 1431 445 τὺ
1451 418 1602 454 ὁμοούσιον,
1623 418 1660 449 ὡς
1677 419 1768 453 ὅμοιον

979 468 1013 502 τῇ
1028 467 1115 502 οὐσίᾳ,
1129 466 1225 502 ἑτέραν
1245 465 1293 501 τὴν
1307 465 1400 492 οὐσίαν
1414 465 1496 500 λέγει,
1515 464 1573 499 Θεῷ
1589 464 1617 490 δὲ
1633 463 1768 499 ὁμοιωμέ-

980 522 1038 548 νην.
1056 513 1092 539 Οὺ
1110 513 1199 539 τοίνυν
1210 512 1271 538 οὐδὲ
1284 512 1314 538 τὸ
1329 512 1361 538 ὲκ
1384 511 1432 547 τῆς
1451 511 1542 542 οὖσίας
1567 508 1636 536 εῖναι
1653 509 1767 544 πρεπόν-

980 568 1035 590 τως
1057 559 1140 592 λέγει,
1162 558 1199 594 μὴ
1222 558 1328 594 φρονῶν
1348 557 1499 592 ὁμοούσιον,
1523 556 1559 588 ὡς
1579 555 1719 590 ἄνθρωπος
1737 555 1769 581 ὲκ

981 605 1030 640 τῆς
1042 604 1184 639 ἀνθρώπου
1202 604 1307 635 οὐσίας.
1323 603 1354 629 El
1366 602 1394 629 δὲ
1412 601 1458 637 μὴ,
1477 601 1514 634 ὡς
1527 601 1668 636 ἄνθρωπος
1683 600 1712 632 ἐξ
1723 600 1768 627 ἀν-

982 647 1090 684 θρώπου
1114 649 1173 674 κατ’
1196 647 1300 679 οὐσίαν,
1319 648 1350 673 ὲκ
1374 646 1441 674 Θεοῦ
1465 648 1479 673 6
1501 646 1574 677 Υἱὸς,
1599 644 1657 672 ἀλλ’
1681 645 1718 677 ὼς
1741 646 1769 671 ὲν

981 693 1144 729 ὁμοιώματι,
1159 693 1283 730 καθάπερ
1297 693 1407 729 ἀνδριὰς
1425 692 1571 728 ἀνθρώπῳ,
1583 691 1599 727 ἢ
1612 691 1649 722 ὡς
1663 691 1769 727 ἄνθρω-

983 749 1032 772 πος
1049 740 1108 775 Θεῷ
1118 749 1124 755 ·
1141 740 1220 775 δῆλός
1235 741 1308 766 ἐστιν
1327 740 1340 766 ὁ
1355 739 1474 770 τοιοῦτος
1490 737 1631 774 ὁμοούσιον
1647 737 1701 772 (48)
1720 737 1769 772 μὲν

982 787 1079 820 λέγων,
1097 786 1238 822 ὁμοούσιον
1261 786 1289 813 δὲ
1313 786 1343 812 οὑ
1358 785 1479 821 φρονῶν·
1500 785 1530 811 οὐ
1551 784 1605 820 γὰρ
1629 783 1699 810 κατὰ
1721 782 1770 817 τὴν

985 833 1128 869 συνήθειαν
1152 832 1275 867 βούλεται
1300 831 1329 858 τὸ
1353 832 1494 867 ὁμοούσιον
1519 829 1673 861 ἀκούεσθαι,
1701 830 1769 864 ὅπερ

981 879 1064 908 ἐστὶν,
1074 878 1120 904 ἐπὶ
1135 878 1198 913 μιᾶς
1211 877 1266 912 (49)
1278 877 1325 904 καὶ
1340 877 1389 911 τῆς
1402 875 1485 911 αὐτῆς
1499 875 1602 906 οὐσίας,
1615 874 1682 901 ἀλλὰ
1695 874 1769 909 παρὰ

981 925 1030 959 τὴν
1042 923 1185 959 συνήθειαν
1195 931 1201 938 ’
1218 923 1265 949 καὶ
1278 923 1322 949 ἵνα
1338 922 1465 957 διαῦἀλλῃ
1481 922 1592 957 ταύτην,
1612 921 1769 956 Ἑλληνικὴν

982 968 1060 1003 ῥῆσιν
1076 968 1226 1003 εἰρηκέναι,
1242 966 1272 992 τὺ
1288 965 1429 1002 ὁμοούσιον
1447 966 1523 1001 ῥῆμα
1535 965 1581 992 τοῦ
1599 965 1627 990 ὲν
1642 963 1769 999 Ἕλλησιν

981 1013 1058 1045 ἔθους
1072 1014 1114 1040 ἐπ’
1128 1012 1215 1040 οὐδενὶ
1229 1012 1315 1047 ἑτέρῳ
1330 1011 1466 1047 κείμενον,
1481 1011 1497 1046 ἢ
1510 1011 1556 1037 ἐπὶ
1570 1010 1608 1046 τῷ
1624 1010 1672 1045 τὴν
1685 1010 1769 1045 αὐτὴν

982 1059 1062 1094 φύσιν
1079 1059 1270 1095 παραστῆσαι’
1288 1058 1356 1093 ὅπερ
1371 1057 1410 1084 δεῖ
1427 1056 1569 1083 πιστεῦσαι
1583 1056 1629 1083 ἐπὶ
1652 1055 1769 1091 Πατρὸς,

982 1106 1030 1132 καὶ
1052 1104 1129 1136 Υῑοῦ,
1153 1105 1199 1131 καὶ
1221 1104 1298 1139 ἁγίου
1327 1103 1495 1138 Πνεύματος.
1518 1103 1594 1138 Ἅμα
1617 1111 1647 1129 τε
1669 1100 1715 1128 οὖν
1739 1100 1770 1127 τὸ

980 1152 1122 1188 ὁμοούσιον
1135 1149 1212 1183 οὗτος
1231 1150 1368 1187 ἐκτρέπει,
1384 1150 1431 1176 καὶ
1452 1149 1482 1176 τὸ
1501 1149 1551 1184 τῆς
1573 1148 1666 1180 οὐσίας
1685 1147 1769 1179 νόθως

981 1198 1122 1235 ὀνομάζει·
1138 1199 1176 1229 ὡς
1197 1198 1276 1233 ἔργον
1292 1197 1370 1229 νοῶν,
1390 1197 1440 1231 οὐχ
1459 1196 1496 1228 ὡς
1513 1196 1645 1230 γέννημα,
1666 1194 1713 1221 καὶ
1726 1194 1770 1221 διὰ

981 1245 1060 1271 τοῦτο
1081 1244 1128 1270 καὶ
1147 1243 1177 1270 τὸ
1190 1243 1312 1275 ἀπαθῶς
1333 1242 1494 1278 προστίθησι
1512 1241 1646 1273 πιθανῶς·
1661 1241 1711 1276 οὐχ
1725 1241 1770 1268 ῐνα

982 1290 1083 1322 πάθους
1096 1289 1183 1326 ἀφέλῃ
1197 1289 1336 1324 διαϐολήν·
1354 1289 1396 1320 τίς
1413 1289 1467 1324 γὰρ
1482 1289 1528 1315 καὶ
1547 1288 1620 1322 λέγει
1636 1287 1704 1315 Θεοῦ
1716 1287 1770 1314 πά-

982 1337 1042 1369 θος;
1058 1337 1115 1364 αλλ’
1128 1337 1172 1363 ἵνα
1184 1335 1293 1370 ποιητὸν
1307 1336 1337 1362 ὲκ
1359 1335 1426 1361 Θεοῦ
1439 1334 1515 1370 λέγῃ,
1531 1335 1578 1361 καὶ
1593 1334 1630 1370 μὴ
1642 1334 1770 1369 γεννητὸν

982 1384 1014 1410 ὲκ
1027 1382 1094 1410 Θεοῦ
1109 1382 1322 1418 προεληλυθότα·
1337 1381 1374 1413 ὡς
1386 1381 1435 1416 τῆς
1445 1381 1572 1416 τοιαύτης
1586 1379 1698 1416 προοδου
1718 1389 1771 1406 πα-

983 1429 1095 1465 θητικῆς
1114 1428 1196 1464 οὔσης
1208 1437 1214 1442 ·
1231 1427 1301 1454 καθὰ
1316 1427 1344 1453 δὲ
1360 1427 1450 1461 λέγειν
1472 1426 1598 1453 εἰώθασιν
1612 1426 1636 1452 οἱ
1657 1425 1706 1462 τὴν
1721 1427 1770 1461 μὲν

983 1476 1015 1502 ὲκ
1032 1476 1080 1510 τῆς
1100 1474 1192 1506 οὐσίας
1206 1473 1318 1509 πρόοδον
1332 1473 1370 1505 ὼς
1387 1472 1472 1503 πάθος
1487 1471 1673 1504 ὲκὸόιλλοντες,
1694 1471 1728 1506 ἢν
1741 1471 1771 1497 δὲ

983 1521 1106 1555 λέγουσιν
1121 1521 1152 1546 ὲκ
1166 1520 1215 1554 τῆς
1230 1519 1324 1550 οὐσίας
1340 1519 1448 1553 ποίησιν
1463 1517 1501 1548 ὡς
1520 1518 1610 1553 ἀπαθῆ
1629 1516 1772 1543 συνιστῶν-

982 1576 1037 1599 τες.
1051 1567 1155 1601 Ὠσπερ
1171 1565 1226 1601 (50)
1239 1566 1263 1591 εί
1279 1565 1326 1591 καὶ
1338 1566 1386 1600 τῆς
1402 1564 1546 1599 ποιήσεως,
1559 1563 1582 1590 εί
1594 1561 1770 1598 ἀνθρωπίνως

981 1613 1154 1648 λαμϐάνοιτο,
1166 1611 1270 1647 κίνησιν
1283 1610 1407 1646 ἐχούσης,
1419 1610 1520 1636 καὶτὸν
1531 1611 1562 1635 ὲκ
1575 1609 1624 1644 τῆς
1636 1609 1769 1643 κινήσεως

981 1659 1103 1694 κάματον
1116 1667 1122 1672 ·
1137 1657 1207 1692 ἅπερ
1218 1657 1344 1691 ἀλλότρια
1359 1655 1587 1691 δημιουργοῦντος
1597 1653 1665 1681 Θεοῦ
1676 1663 1682 1670 ·
1695 1653 1769 1688 ὅμως

981 1704 1056 1738 γοῦν,
1076 1704 1112 1736 ὡς
1135 1704 1260 1739 γέννησιν
1284 1702 1376 1738 ἀπαθῆ
1396 1702 1439 1730 διὰ
1464 1702 1592 1737 τοιαύτης
1614 1701 1770 1737 ἐξηγήσεως

981 1751 1028 1785 τὴν
1049 1750 1095 1777 τοῦ
1123 1749 1188 1776 Υἱοῦ
1207 1749 1330 1780 νοοῦντες
1355 1749 1478 1784 πρόοδον,
1504 1749 1533 1774 τὸ
1557 1748 1669 1783 Πνεῦμα
1690 1747 1769 1774 ἅλλο-

980 1796 1085 1832 τριοῦσι
1099 1796 1203 1831 Πατρὸς
1223 1795 1270 1822 καὶ
1285 1794 1348 1821 Υἱοῦ
1359 1803 1365 1810 ’
1389 1795 1430 1821 ὅτι
1448 1795 1485 1830 μὴ
1504 1795 1630 1828 γεννήσει
1643 1795 1659 1829 ἡ
1673 1793 1768 1820 τούτου

981 1842 1104 1878 πρόοδος,
1123 1842 1189 1869 ἀλλὰ
1204 1841 1313 1868 πνεύσει
1324 1841 1463 1876 ὁμοιοῦται
1480 1841 1524 1868 διὰ
1537 1841 1585 1876 τὴν
1607 1839 1767 1876 μετάληψιν,

980 1888 1018 1919 ὡς
1032 1888 1114 1922 πνοῆς
1128 1888 1159 1913 ἐκ
1176 1887 1308 1921 στόματος
1328 1885 1478 1922 ἐρχομένης
1490 1885 1545 1920 (51)
1561 1886 1608 1912 καὶ
1627 1885 1672 1911 τὸν
1687 1893 1771 1920 μετα-

980 1934 1152 1969 λαμὸάνοντα
1177 1932 1352 1968 ἁγιαζούσης,
1373 1931 1444 1958 καθὰ
1466 1931 1498 1966 δὴ
1519 1931 1626 1965 λέγεται
1648 1931 1770 1965 πνεύμα-

980 1989 1025 2012 τος
1043 1980 1108 2015 (52).
1127 1978 1179 2006 Ἦν
1197 1980 1225 2006 δὲ
1239 1979 1367 2006 ἀδύνατον
1381 1979 1410 2004 ὲν
1425 1979 1458 2013 τῇ
1474 1978 1523 2013 τῆς
1537 1977 1649 2013 Τριᾰδος
1660 1977 1723 2013 δόξῃ
1739 1977 1770 2003 τὺ

981 2027 1092 2062 Πνεῦμα
1103 2025 1269 2058 δοξάζεσθαι,
1287 2025 1324 2061 μὴ
1338 2025 1486 2060 προοδικῶς
1500 2024 1529 2051 ὂν
1543 2025 1575 2050 ἐκ
1585 2023 1652 2050 Θεοῦ
1666 2024 1699 2050 δι’
1713 2022 1769 2058 (55)

981 2072 1057 2103 Υίοῦ,
1073 2072 1139 2098 ἀλλὰ
1153 2071 1300 2106 ποιητικῶς
1315 2071 1348 2096 ἐκ
1359 2070 1426 2096 Θεοῦ
1438 2070 1558 2103 γεγονὸς,
1581 2070 1619 2101 ὡς
1633 2069 1768 2102 λέγουσιν.

981 2119 1017 2145 Οὐ
1031 2118 1084 2153 γὰρ
1097 2117 1288 2150 συνδοξὰζεται
1304 2116 1408 2151 ποίημα
1421 2117 1530 2151 ποιητῇ,
1543 2116 1602 2142 οὑδὲ
1612 2115 1703 2147 δοῦλος
1713 2115 1769 2157 (δι)

980 2164 1113 2200 δεσπότῃ·
1130 2163 1190 2190 οὐδὲ
1206 2164 1223 2198 ὴ
1242 2163 1290 2198 τῆς
1309 2162 1451 2197 ἀλλοτρίας
1467 2162 1534 2189 Θεοῦ
1554 2162 1648 2192 οὐσίας
1661 2161 1770 2196 μέθεξις

981 2211 1013 2238 ἂν
1027 2211 1067 2246 εἴη
1080 2210 1161 2236 Θεοῦ“
1178 2219 1187 2235 ί
1199 2210 1242 2236 Ἐν
1254 2209 1340 2244 τούτῳ
1353 2209 1417 2245 γὰρ,
1430 2219 1439 2234 ι
1453 2209 1688 2244 φησὶνὸῚωὰννης
1701 2208 1768 2243 (55),

143 2254 260 2288 deuote;
276 2263 308 2282 ac
323 2255 498 2291 recipientem
518 2265 559 2287 se,
585 2257 784 2288 sanctiﬁcante,
799 2256 873 2291 quod
895 2256 927 2283 de

990 2267 994 2283 ι
1012 2257 1192 2292 γινώσκομεν,
1206 2257 1247 2283 ὅτι
1263 2257 1291 2283 ἐν
1310 2257 1375 2292 ἡμῖν
1392 2257 1475 2288 ἐστιν,
1494 2257 1525 2283 ἐκ
1541 2256 1587 2282 τοῦ
1601 2255 1769 2290 Πνεῦματος,

145 2299 249 2336 Spiritu
263 2301 373 2329 dicitur.
388 2302 469 2338 Atqui
503 2302 673 2338 impossibile
688 2307 762 2330 esset
784 2301 928 2330 Trinitatis

180 2381 189 2397 ¹
210 2380 293 2411 Hebr.
309 2390 358 2410 xm
371 2403 378 2414 ,
396 2382 424 2409 8.

179 2459 237 2495 (Π)
254 2459 395 2494 Ottobon.,
410 2455 496 2491 οὗτος.
519 2459 591 2486 lnlra
606 2457 686 2491 idem,
714 2457 828 2494 Ἰησοῦς,
852 2458 929 2493 φησὶ,

144 2494 350 2531 Χριετδςθχθές-

257 2529 329 2566 ξεΙε.
344 2531 372 2561 2,
386 2529 562 2566 ὁμοιοούσιος.
643 2563 664 2566 _
682 2564 688 2566 _
739 2563 753 2566 μ
823 2564 828 2566 _
852 2563 858 2566 _
887 2563 894 2566 _
922 2551 929 2557 .

192 2563 237 2599 L9)
258 2564 304 2592 Sic
321 2563 417 2593 omnes
439 2574 506 2593 mss.
527 2568 622 2600 praeter
643 2563 719 2600 Felc.
738 2563 765 2595 5,
783 2564 831 2598 qui
852 2563 934 2600 habet

144 2598 207 2640 curn
224 2598 317 2640 editis,
333 2601 398 2640 περ).
415 2598 598 2640 μιᾱςί-ξξίιιιιο
620 2603 691 2640 post,
707 2598 932 2640 Anglican.__6ta_—

143 2633 382 2697 magna.
395 2633 465 2697 2“?“
482 2633 628 2671 ἐλλησινέ
651 2635 728 2662 ἀείδει
749 2635 777 2661 in
801 2633 884 2662 Bas".
905 2634 932 2667 ι,

143 2670 250 2732 Anglic.
266 2675 293 2697 et
308 2670 382 2698 Felc.
395 2671 423 2697 ‘2.
560 2670 563 2671 ⁷

129 2722 133 2742 ,
152 2740 160 2742 4
181 2705 238 2742 (70)
256 2705 389 2742 Suspecta
406 2706 495 2742 lectio.
507 2705 684 2742 Anglicanus,
699 2705 733 2742 ᾖν
747 2704 928 2742 δὲΑλξγουσιν,

143 2739 228 2772 ὼςὲκ
237 2741 287 2772 τῆς
294 2739 387 2772 οὐσίας
399 2741 514 2775 πρόησιν
528 2740 631 2773 (sic)th
641 2739 732 2774 ἀπαθῆ
744 2739 928 2771 ἐκϐάλλοντες,

144 2775 221 2803 ὦσπε
243 2795 250 2808 ,
266 2779 319 2803 etc.
333 2775 416 2802 Paulo
431 2780 502 2810 post,
518 2775 661 2807 0ttobon.,
675 2775 781 2810 κίνησιν
794 2775 909 2810 ἔχουσιν.

180 2784 240 2845 (δίς
254 2810 430 2845 Anglicanus,
445 2811 586 2845 ἐχομένης.

352 2817 430 2837 anns.
445 2817 586 2837 εγοιιεντις.

180 2810 235 2881 fil)
254 2810 430 2846 Anglicanus,
445 2811 586 2846 ἐχομένης.

191 2845 237 2881 52)
257 2845 320 2874 Haec
341 2845 497 2874 referuntur
512 2846 540 2873 in
555 2845 668 2873 concilio
682 2845 741 2874 Flor
772 2845 851 2874 itino.
863 2852 924 2877 nan.

982 2300 1011 2330 οὗ
1024 2303 1122 2329 ἔδωκεν
1138 2302 1212 2337 ἡμῖν.
1229 2311 1239 2327 ι

983 2458 1044 2488 M5.
1064 2459 1173 2487 nomine
1191 2458 1342 2486 Athanasii.

1019 2495 1072 2529 (55)
1095 2494 1131 2522 Ita
1144 2496 1241 2530 legitur
1254 2495 1280 2521 in
1292 2494 1408 2522 concilio
1420 2492 1587 2530 Florentino.
1600 2491 1671 2530 Felc.
1687 2499 1769 2530 porro

983 2527 1044 2557 loco
1059 2527 1141 2558 saria:
1159 2527 1294 2561 lectionis,
1312 2537 1392 2564 quam
1407 2537 1439 2556 ex
1454 2529 1538 2555 Basil.
1558 2528 1568 2554 l
1590 2532 1616 2554 ct
1629 2527 1656 2558 2,
1671 2534 1698 2554 ct
1713 2527 1769 2564 All-

983 2565 1046 2600 glic.
1064 2570 1160 2592 notare
1174 2566 1292 2597 volebat,
1313 2561 1445 2600 eamdem"
1454 2564 1575 2600 reposuit
1587 2571 1647 2595 qua:
1662 2563 1689 2600 in
1707 2561 1752 2589 edi

984 2596 1021 2627 iis
1036 2601 1161 2631 habetur.
1172 2601 1288 2630 scilicet.
1299 2599 1344 2626 διὰ
1360 2598 1458 2634 Ἰησοῦ.
1470 2596 1630 2634 Quanquam
1645 2596 1769 2634 videatur

984 2643 1058 2667 eum,
1073 2636 1107 2662 δι’
1125 2634 1202 2666 Υἱοῦ,
1223 2636 1321 2670 legisse
1336 2632 1479 2670 in‘iisdem
1494 2633 1644 2670 codicibus,
1660 2636 1689 2659 ut
1705 2632 1770 2670 legit

985 2670 1049 2697 item
1070 2670 1203 2698 Nannius.
1233 2666 1334 2698 Ibidem
1364 2668 1436 2697 Felc.
1462 2669 1610 2701 secundus,
1637 2666 1769 2703 γεγονώς,

983 2706 1125 2733 mendose.
1370 2710 1374 2714 '

1018 2741 1075 2776 (54)
1094 2740 1167 2769 Felc.
1180 2740 1211 2776 2.7
1225 2740 1328 2768 δοῦλον.

1018 2774 1074 2810 (55)
1100 2777 1129 2803 '0
1155 2775 1388 2812 'lmdyvqc,_deest
1409 2775 1437 2803 in
1458 2774 1603 2812 _Basiliensi
1621 2775 1717 2812 primo
1741 2775 1768 2801 et

981 2807 1053 2839 Felc.
1066 2807 1198 2840 secundo.
1214 2807 1275 2839 Μοὶ
1290 2810 1430 2844 Ottobon,
1443 2807 1473 2838 οὗ
1486 2811 1602 2838 δέδωκεν
1616 2807 1689 2846 ἡμῖν.

1073 2890 1111 2898 κ)
