1898 3053
175 108 210 135 89
757 111 799 139 DE
823 111 1078 141 INCARNATIUNE
1100 114 1152 141 DEI
1176 113 1286 141 VERBI.
1771 112 1807 140 90

180 167 267 201 gloria
284 166 418 202 Spiritum
431 168 588 203 gloriﬁcari,
605 169 628 197 si
647 177 694 204 per
706 172 909 205 processiouetn
933 179 964 198 ex
980 171 1034 199 Deo
1050 180 1096 207 per
1112 172 1130 199 1⁵
1133 172 1208 199 iliqu
1231 180 1284 200 non
1309 176 1392 202 esset.
1420 171 1498 206 sique
1525 179 1569 199 res
1587 170 1681 198 eﬂ‘ecta
1712 177 1726 197 a
1753 170 1807 198 Deo

176 216 263 244 esset,
277 217 306 240 ut
343 214 421 241 aiunt
451 214 514 249 ipsi.
530 215 591 243 Non
614 216 685 244 enim
719 224 762 244 res
795 217 829 244 fu
840 222 866 244 ta
890 226 953 245 cum
972 218 1075 246 factore
1105 227 1155 246 suo
1180 219 1411 254 cuuglorilicatur,
1438 227 1526 254 neque
1554 226 1650 246 servus
1675 225 1737 244 cum
1759 218 1807 243 dn-

178 258 255 285 mino
273 267 280 284 ;
298 266 387 293 neque
399 261 573 294 participatio
586 261 745 290 substantiae
759 270 773 289 a
791 262 845 290 Deo
860 263 967 295 alienae.
988 264 1162 299 participatio
1176 264 1222 291 Dei
1233 264 1324 291 fuerit.
1339 274 1347 290 ι
1373 263 1401 291 lu
1426 263 1480 293 hoc
1504 263 1575 291 enim
1587 261 1803 298 cognoscimus»

176 305 215 331 ait
231 303 365 332 Joannes.
383 313 393 331 ι
411 307 476 341 quia
488 306 515 334 in
533 307 613 335 nobis
626 312 679 340 est,
693 315 727 335 ex
745 308 849 344 Spiritu
864 313 961 338 sancto
980 318 1060 345 quem
1076 310 1151 338 dedit
1166 311 1276 339 nobis’.
1294 320 1304 336 ι

213 383 224 397 ²
243 381 252 408 Ι
269 380 349 410 Joan.
366 390 414 414 tu,
431 382 476 410 24.

180 472 1795 486 ———-—_—__————_————

417 529 457 559 IN
473 530 701 560 EPISTOLAM
717 531 771 560 DE
786 530 1089 560 INCARNATIONE
1107 530 1173 560 DEI
1190 530 1268 559 VEB
1276 530 1310 559 BI
1330 529 1567 560 ADMONITIO.

211 608 363 643 Epistoiam
377 610 409 637 de
422 611 605 638 incarnatione
617 610 665 638 Dei
689 611 764 638 Verbi
777 611 919 638 Athanasii
938 620 989 638 non
1005 619 1072 643 esse,
1087 611 1184 638 eruditi
1202 611 1348 644 complures
1364 612 1542 644 suspicantur,
1561 620 1672 646 quorum
1688 613 1805 646 opinioni

175 658 204 682 ω
219 655 408 688 assentiamur,
440 655 510 682 haud
541 656 635 683 levibus
669 665 731 683 sane
759 665 891 683 movemur
912 656 1082 690 argumentis.
1111 655 1162 682 Illo
1197 664 1308 691 uanique
1329 664 1383 683 wvo
1412 657 1511 690 scripta
1538 660 1587 687 est,
1613 665 1661 691 qua
1691 653 1804 684 ha'retici

174 703 242 730 duas
257 711 314 730 esse
329 704 357 730 in
371 703 476 731 Christo
496 711 622 738 personas
647 708 735 738 aperte
755 710 780 731 et
798 712 901 731 summa
914 703 937 730 vi
955 702 1156 734 contendebant,
1177 708 1205 729 ut
1219 703 1304 737 fertur
1317 711 1389 730 num.
1404 703 1431 736 2,
1442 703 1510 737 quod
1529 711 1596 730 certe
1616 703 1650 730 ad
1666 704 1805 730 Athanasii

174 752 281 775 «etatem
298 757 374 776 nemo
396 749 488 777 doctus
502 750 608 784 referat,
636 750 681 777 sed
702 751 789 785 potius
813 750 847 777 ad
869 756 986 784 tempora
1008 749 1240 782 Nrstarianorum,
1264 759 1375 785 quorum
1395 751 1436 777 hic
1458 750 1564 778 Itwresis
1584 750 1746 785 confutatur.
1771 750 1804 777 Et

174 801 238 820 sane
253 802 330 828 quem
353 794 440 821 locum
455 794 601 830 Scriptura:
622 795 663 822 hic
678 796 787 831 legimus
806 803 831 822 η.
849 795 874 827 Ι,
896 794 944 821 Θεὸ

1021 794 1143 831 ανερώθη
1160 795 1189 821 ἐν
1210 795 1302 831 σαρκί,
1329 801 1396 827 ctc.,
1414 797 1437 822 si
1453 805 1482 823 eo
1510 797 1566 830 ipso
1594 796 1672 823 modo
1701 796 1804 832 legisset

173 840 350 872 Athanasius,
369 841 445 867 olane
462 846 615 876 usurpasset
630 841 706 868 illum
729 841 764 868 ad
789 840 854 868 Filii
874 840 1039 867 divinitatem
1056 845 1148 867 contra
1167 841 1280 867 Arianos
1301 842 1480 869 asserendam.
1504 842 1556 870 Sed
1571 843 1604 869 iis
1618 851 1682 869 usus
1703 843 1804 870 videtur

173 886 368 920 exemplaribus
387 888 433 922 qui
461 888 599 922 habebant,
622 888 635 914 ὃ
655 887 814 923 ἐφανερώθη
840 888 868 915 ἐν
895 895 944 923 σαρ

1019 891 1079 920 Ξῑο..
1097 892 1163 914 utet
1184 887 1298 923 Vulgata
1323 889 1460 920 hodierna,
1488 890 1516 916 in
1541 898 1593 924 qua
1622 890 1660 917 sic
1684 889 1802 924 legitur:

173 933 251 967 Quod
269 935 473 962 manifestatum
490 942 533 963 est
556 937 584 963 in
609 944 701 969 carne,
726 940 790 969 etc.,
810 935 856 962 ubi
879 935 957 966 illud,
980 935 1064 970 quod,
1093 936 1281 969 prtecedentem
1301 944 1399 968 uocem,
1428 937 1599 971 mysterium,
1632 937 1749 971 respicit.
1772 935 1803 963 Si

172 979 262 1006 Priore
277 980 365 1015 utique
385 980 461 1007 modo
485 981 587 1016 legisset
609 981 783 1012 Athanasius,
800 986 854 1007 tam
876 980 1003 1015 insignem
1019 980 1105 1006 locant
1123 989 1173 1007 non
1188 981 1415 1014 pra'termissurus
1431 986 1497 1013 erat,
1511 982 1587 1009 ltomo
1603 982 1802 1017 Scripturarum

171 1026 376 1054 scientissimus.
391 1027 502 1054 Demum
527 1029 550 1055 si
569 1028 709 1056 Athanasii
722 1033 799 1060 esset,
816 1037 832 1055 a
855 1026 957 1063 Cyrillo
972 1027 1010 1054 vel
1029 1036 1046 1054 a
1067 1028 1168 1063 synodo
1185 1027 1316 1058 ΕμΙιεδίηιι
1333 1029 1444 1055 laudata
1467 1029 1559 1064 fuisset
1575 1038 1584 1058 :
1601 1026 1688 1063 a'ptior
1707 1031 1801 1065 quippe

171 1070 208 1097 al
235 1071 426 1100 Nestorianam
443 1074 633 1108 confutandam
659 1074 791 1106 ha’resim,
807 1082 887 1110 quam
914 1073 1026 1105 epistola
1042 1074 1076 1100 ad
1104 1073 1262 1108 Epictetum.
1286 1074 1493 1110 frequentissime
1513 1076 1545 1102 ab
1562 1076 1654 1103 iisdem
1678 1075 1800 1102 laudata.

173 1118 206 1145 In
225 1118 276 1145 hac
292 1120 373 1152 enim,
392 1120 432 1147 uti
453 1120 580 1155 diximus,
605 1122 662 1156 ipsa
678 1120 797 1148 Nestorii
819 1120 924 1147 hwresis
940 1120 1119 1155 impugnatur,
1140 1126 1167 1146 ut
1187 1121 1268 1148 etiam
1287 1120 1385 1148 codicis
1407 1120 1565 1149 Basiliensis
1592 1121 1747 1149 scholiaues
1767 1120 1802 1148 ad

171 1166 320 1202 marginem
336 1165 479 1194 adnotavit.

721 1277 789 1304 ΤΟΥ
808 1278 852 1304 ΕΝ
872 1278 983 1305 ΔΓῙΟΙΣ
999 1278 1134 1305 ΠΑΤΡυΣ
1154 1279 1253 1306 ῙΙΜΩΝ

828 1362 1147 1407 ΑΘΑΝΑΣΙΟΥ

561 1457 651 1484 ΠΕΡΙ
672 1457 738 1484 ΤΗΣ
752 1457 969 1485 ΣΔΡΚΩΣΕΩΣ
990 1457 1060 1483 ΤΟΥ
1083 1457 1175 1483 QEO)~
1191 1456 1317 1483 ΛΟΓΟΥ
1339 1453 1408 1491 (56).

683 1581 728 1625 S.
769 1583 822 1625 P.
863 1583 920 1626 N.
960 1580 1282 1626 ATHANASII

649 1677 706 1708 DE
736 1673 1057 1710 ΙΝΕΑΒΝἉΤΙΟΝΕ
1078 1675 1155 1706 DEI
1183 1675 1318 1706 VERBI.

207 1796 233 1825 Ι.
250 1795 359 1824 Ἐλύπει
371 1796 420 1833 μὲν
436 1796 486 1832 τὴν
504 1797 584 1831 ἁγίαν
604 1797 711 1824 σύνοδον
727 1797 831 1824 Παύλου
849 1797 895 1825 τοῦ
911 1798 944 1825 Σο

1048 1799 1074 1825 1.
1095 1793 1208 1822 Sacram
1221 1793 1286 1820 olim
1300 1791 1434 1829 synodum
1453 1791 1547 1819 dolore
1565 1789 1696 1819 alliciebat
1720 1790 1801 1819 .lnso—

168 1844 312 1880 μθσατέως
325 1845 341 1879 ἡ
357 1844 527 1879 καινοτομία,
543 1844 573 1871 τὸ
591 1844 661 1880 μέγα
672 1845 829 1880 μυστήριον,
847 1845 878 1871 τὺ
890 1854 944 1872 xum

1022 1852 1072 1873 ens
1086 1843 1132 1871 illa
1144 1841 1221 1868 Pauli
1235 1839 1439 1867 Samosatensis
1451 1838 1587 1870 doctrina,
1598 1845 1652 1872 qua
1672 1844 1800 1872 magnum

167 1890 298 1925 Χριστὸν,
313 1890 476 1924 ἀνατρέπειν
495 1890 685 1926 ἐπιχειροῦσα·
703 1890 782 1917 λυπεῖ
802 1890 831 1917 δὲ
848 1891 894 1917 καὶ
912 1890 942 1917 νῦ

1019 1890 1112 1920 ΞΙη-ίςιὶ
1127 1887 1286 1924 mysterium
1303 1885 1461 1914 subvertere
1472 1885 1624 1912 conabatur
1640 1892 1646 1909 ε
1661 1883 1717 1918 jam
1735 1890 1800 1910 vero

167 1937 233 1967 τοὺς
262 1936 458 1971 ἀντεχομένους
485 1936 535 1970 τῆς
559 1937 638 1970 ἁγίας
660 1936 805 1972 πίστεωςή
823 1937 886 1972 περὶ
904 1936 959 1963 τῶν

169 1981 260 2008 αὐτῶν
283 1982 461 2018 βλασφημιῶν
483 1982 538 2017 (57)
567 1982 721 2016 βλάπτουσα
743 1983 805 2014 τοὺς
829 1982 956 2014 πολλούς’

171 2028 290 2063 μέλιττα
315 2029 377 2060 τοὺς
405 2028 612 2063 ἠλαττωμένους
626 2029 690 2064 περὶ
711 2028 759 2064 τὴν
781 2028 898 2055 σύνεσιν.
919 2028 959 2055 Τὰ

169 2075 225 2109 γὰρ
244 2074 366 2109 μεγάλα,
385 2075 432 2100 καὶ
458 2074 670 2109 δυσκατάληπτα
691 2074 746 2101 τῶν
770 2075 958 2110 πραγμάτων,

170 2119 300 2155 πίστειτῇ
316 2121 383 2155 πρὸς
394 2120 439 2146 τὸν
455 2120 583 2155 (58)Θεὺν
591 2120 758 2155 λαμϐάνεται
768 2129 774 2134 ·
793 2121 853 2147 ὃθεν
863 2120 959 2156 οἱπερὶ

169 2166 219 2201 τὴν
229 2165 328 2200 γνῶσιν
345 2165 547 2198 ἀδυνατοῦντες,
575 2166 784 2197 ἀποπίπτουσιν,
797 2167 820 2192 εί
841 2166 877 2201 μὴ
897 2175 958 2192 πει-

170 2212 258 2238 σθεῖεν
266 2211 395 2247 ἐμμένειν
401 2213 433 2248 τῇ
446 2212 545 2243 πίστει,
556 2212 602 2239 καὶ
610 2212 658 2244 τὰς
665 2213 825 2248 περιέργους
832 2213 958 2248 ζητήσεις

169 2257 360 2292 ἐκτρέπεσθαι.
377 2257 425 2284 Διὰ
447 2257 526 2284 τοῦτο
537 2258 551 2284 ὁ
564 2258 697 2293 μακάριος
717 2257 822 2288 Παῦλος
845 2257 936 2292 ἔλεγεν
950 2265 956 2272 ·

171 2313 181 2328 Ι
203 2303 443 2339 Ὀμολογουμένως
452 2305 522 2339 μέγα
533 2305 590 2331 ἐστὶ
601 2304 630 2331 τὺ
642 2304 692 2339 τῆς
705 2304 844 2335 εὐσεϐείας
857 2305 958 2339 μυστή-

170 2358 239 2385 ριον,
250 2348 316 2381 Θεὸς
335 2349 494 2385 ἐφανερώθη
510 2351 539 2376 ἐν
552 2350 643 2385 σαρκὶ,
661 2348 806 2384 ἐδικαιώθη
825 2350 853 2375 ἐν
877 2348 958 2375 Πνεῦ-

171 2404 245 2430 ματι,
258 2395 336 2431 ὤφθη
352 2395 486 2430 ἀγγέλοις,
496 2396 636 2432 ἐκηρύχθη
651 2396 680 2422 ἐν
688 2396 802 2427 ἔθνεσιν,
811 2394 956 2431 ἐπιστεύθη

168 2441 198 2468 ἐν
213 2441 318 2476 κόσμῳ,
333 2440 472 2476 ἀνελήφθη
488 2442 516 2468 ὲν
530 2441 602 2478 δόξῃ.
621 2451 630 2467 ι

203 2486 230 2513 ‘2.
253 2487 329 2513 Ἐπεὶ
352 2487 442 2514 τοίνυν
466 2487 622 2522 ἠκούσαμεν
643 2488 707 2522 παρ’
731 2488 794 2523 ὑμῖν
809 2487 865 2522 (59)
881 2495 957 2518 τινας

167 2532 360 2566 ταράττεσθαι,
382 2533 429 2559 καὶ
450 2532 540 2568 ζητεῖν
556 2533 708 2569 γράμματα
725 2533 791 2569 παρ’
806 2533 883 2568 ἡμῶν
896 2533 958 2568 περὶ

204 2608 216 2624 ⁸
235 2609 244 2636 Ι
261 2608 333 2636 Tim.
351 2617 400 2642 tu,
421 2609 464 2637 16.

205 2699 260 2734 (56)
281 2698 352 2726 Editi
372 2699 460 2726 Latini
479 2699 592 2732 addunt,
613 2705 706 2727 contra
724 2699 838 2727 Paulum
856 2700 952 2728 Samo-

168 2739 310 2764 satensem.
323 2742 383 2769 qua
398 2735 481 2762 verba
500 2743 562 2762 cum
579 2743 628 2762 nec
645 2736 671 2762 in
686 2743 751 2762 mss.
769 2743 819 2762 nec
835 2735 862 2762 in
877 2740 952 2763 textu

167 2769 263 2797 Graeco
275 2769 349 2796 edito
360 2771 493 2805 legantur,
508 2774 600 2805 aperte
611 2771 783 2805 supposititia
798 2774 872 2798 sunt.
884 2770 951 2798 Nam

169 2805 289 2840 alioquin
314 2809 386 2838 patet
406 2813 465 2832 eam
489 2814 541 2833 non
567 2806 697 2833 adversus
719 2805 949 2840 Samosatensem,

168 2839 217 2868 sed
233 2840 364 2873 adversus
380 2840 520 2868 hzerelicos
536 2841 603 2869 alios
618 2842 802 2870 conscriptam
821 2849 891 2869 esse.

1012 1941 1115 1966 sancta:
1133 1935 1195 1962 ﬁdei
1224 1932 1348 1960 vindices
1377 1938 1550 1966 summopere
1573 1930 1716 1957 contristat
1742 1929 1800 1957 illa.

1012 1991 1072 2020 qua:
1091 1982 1187 2009 iisdem
1202 1987 1250 2007 usa
1271 1978 1459 2013 blasphemiis,
1486 1976 1694 2012 quamplurimis
1718 1972 1800 2002 noxi:

1010 2034 1052 2058 est
1069 2039 1075 2056 :
1092 2029 1125 2056 iis
1137 2034 1201 2054 vero
1216 2025 1352 2061 prmcipue
1364 2023 1410 2059 qui
1426 2023 1561 2050 diminuto
1572 2026 1636 2049 sunt
1648 2021 1798 2048 intellectu.

1011 2075 1065 2103 Res
1076 2075 1148 2102 enim
1169 2080 1284 2108 magum,
1297 2076 1324 2098 et
1341 2069 1587 2104 comprehensione
1603 2067 1725 2095 dilliciles
1741 2067 1798 2094 sola

1011 2119 1038 2146 in
1065 2119 1150 2146 Deum
1175 2117 1227 2144 lide
1249 2115 1455 2151 perspiciuntur
1472 2124 1477 2141 :
1493 2113 1565 2141 unde
1586 2113 1631 2148 qui
1660 2111 1798 2139 imbecilla

1011 2168 1076 2193 sunt
1096 2163 1286 2197 intelligentia,
1311 2162 1452 2193 labuntur,
1471 2160 1523 2188 nisi
1544 2159 1599 2194 26
1626 2159 1654 2185 in
1670 2157 1722 2184 [ide
1736 2165 1798 2192 per-

1011 2218 1123 2238 manere
1153 2209 1330 2241 suadcantur,
1354 2212 1379 2236 et
1396 2208 1522 2236 curiosas
1549 2210 1710 2233 averseutur
1723 2212 1797 2240 quaa-

1011 2260 1125 2286 stiones.
1146 2256 1318 2291 Quapropter
1346 2255 1442 2282 beatus
1459 2253 1561 2280 Paulus
1586 2252 1674 2279 aiebat
1690 2259 1696 2276 :
1712 2260 1721 2277 ι
1741 2250 1797 2277 Ma-

1011 2303 1110 2331 nifesta
1126 2309 1254 2337 maguum
1270 2305 1312 2328 est
1345 2301 1454 2336 pictatis
1487 2301 1702 2329 sacramentum,
1725 2296 1796 2324 Deus

1010 2349 1200 2378 manifestatus
1210 2352 1252 2376 cst
1269 2347 1297 2375 in
1308 2355 1402 2377 carne,
1425 2345 1594 2381 justiﬁcatus
1617 2348 1659 2370 est
1689 2343 1717 2370 in
1734 2342 1796 2378 Spi-

1009 2397 1074 2427 ritu,
1106 2395 1235 2431 apparuit
1259 2393 1374 2429 angelis,
1391 2392 1555 2428 praedicatus
1581 2394 1624 2417 est
1655 2389 1794 2424 gentibus.

1008 2442 1128 2470 creditus
1140 2445 1182 2469 est
1196 2441 1222 2468 in
1239 2440 1350 2472 mundo,
1366 2442 1523 2473 assumptus
1536 2440 1576 2464 est
1593 2437 1619 2463 in
1635 2436 1721 2472 gloria
1739 2435 1759 2462 ³.
1783 2445 1793 2462 ι

1042 2487 1070 2515 ‘2.
1092 2487 1319 2522 Quandoquidem
1348 2486 1431 2520 igitur
1460 2483 1615 2511 audivimus
1645 2482 1794 2510 nonnullos

975 2521 995 2548 Β
1010 2538 1131 2562 vestrum
1143 2533 1259 2566 turbari,
1277 2538 1438 2566 nostrasque
1461 2530 1567 2558 litteras
1581 2530 1654 2558 circa
1671 2536 1795 2557 commu-

1044 2700 1100 2735 (57)
1119 2700 1237 2735 Anglia,
1254 2698 1432 2735 βλασφημιῶν
1444 2697 1573 2735 φλυαρία,
1596 2695 1655 2725 sed.
1671 2694 1791 2735 φλυαρία

1007 2731 1085 2763 deest
1098 2736 1124 2762 in
1139 2731 1229 2766 editis,
1245 2731 1273 2761 et
1286 2734 1312 2761 in
1326 2731 1433 2760 caeteris
1446 2731 1574 2760 omnibus
1585 2731 1789 2765 mauuscriptis.

1041 2769 1098 2803 (58)
1118 2771 1179 2801 Τόν,
1190 2769 1267 2797 deest
1278 2770 1305 2796 in
1318 2768 1472 2796 Basiliensi.

1041 2770 1087 2803 (58
1118 2771 1179 2801 Τόν,
1190 2770 1267 2797 deest
1278 2770 1305 2796 in
1318 2770 1472 2796 Basiliensi.

1041 2770 1098 2841 (ὅθί
1117 2805 1274 2834 Basilicusis
1288 2809 1315 2833 et
1330 2804 1409 2839 Angl.
1431 2803 1541 2837 habent,
1558 2802 1615 2836 καί,
1635 2807 1706 2833 ante,
1726 2798 1791 2835 παρ’

1004 2841 1076 2869 ὑιιίν.
