1898 3053
116 115 147 142 91
697 113 725 141 S.
745 113 973 142 ATHANASIUS.
994 129 1027 134 --
1045 114 1157 142 DUBIA.
1703 115 1744 142 92

116 181 178 201 nem
191 177 218 200 et
245 172 279 199 ab
309 170 440 207 apostolis
466 171 604 198 inductam
634 171 713 198 iidem
747 172 896 206 postulare,

954 171 998 207 τῆς
1013 171 1105 206 κοινῆς
1123 171 1170 198 καὶ
1195 171 1225 203 ἐξ
1242 171 1399 199 ἀποστόλων
1414 171 1586 206 είσαχθείσης
1603 170 1723 202 πίστεως

117 220 264 247 scribimus
281 225 428 254 paucorum
441 225 502 246 esse
518 218 592 244 illam
609 217 705 244 sedulo
724 217 876 252 disquirere
890 227 897 243 :

117 265 196 292 iidem
213 270 302 292 autem
320 265 446 295 retinere,
460 263 581 290 omnium
593 271 654 291 esse
668 271 764 290 eorum
781 265 826 298 qui
845 264 900 291 Deo

116 311 297 345 obsequentes
310 314 384 342 sunt,
400 309 446 344 qui
463 313 491 336 et
506 317 630 344 magnam
644 310 727 339 studii
739 310 781 337 sui
795 311 900 338 laudem

117 355 246 382 referunt.
263 354 313 388 Qui
327 355 400 382 enim
417 363 477 389 quae
495 355 565 382 ultra
580 356 652 382 vires
673 364 738 383 suas
767 361 832 383 sunt
859 356 901 383 in-

116 402 206 437 dagat,
222 402 248 428 in
264 402 385 436 periculo
401 405 525 429 versatur
542 409 548 424 τ
567 402 613 436 qui
630 407 718 429 autem
734 403 843 429 traditis
864 403 902 429 in-

117 448 211 478 hurret.
223 451 298 474 extra
312 447 463 482 periculum
480 451 532 475 est.
549 447 701 481 Suademus
717 449 799 483 igitur
813 450 899 480 vobis,

117 493 190 527 quod
203 497 230 520 et
257 493 336 520 nobis
360 493 428 527 ipsis
451 493 608 524 suademus,
633 496 662 519 ut
676 494 804 520 traditam
821 493 899 521 ﬁdem

117 539 252 570 servetis,
277 538 446 573 profanaque
484 546 561 566 none
594 539 742 573 cujuslibet
770 539 902 567 doctrina:

115 585 197 611 verba
225 584 400 614 aversemini,
427 591 577 619 omnesque
603 584 762 616 hortemini.
783 588 812 612 ut
833 586 901 612 tanti

115 630 238 665 mysterii
255 630 459 664 inquisitionem
475 630 694 658 exhorrescant':
709 635 736 658 et
751 631 901 658 conﬁtean-

115 681 170 708 Iur,
187 680 242 703 tum
260 675 305 702 Dei
321 675 348 702 in
364 683 446 703 carne
461 675 722 708 manifestationem,
750 676 899 704 secundum

115 721 289 748 traditionem
301 721 480 756 apostolicam
492 729 498 753 ;
512 726 568 748 tum
594 722 730 756 justitiam
753 730 835 757 quam
849 722 902 749 Do-

115 768 207 794 minus
220 767 314 794 habuit
340 767 366 793 in
390 766 504 802 Spiritu,
521 767 546 794 id
568 772 620 800 est,
637 775 692 795 non
707 768 824 794 humana
841 776 901 795 mu-

116 813 227 844 tatione,
242 812 288 840 sed
316 813 407 840 divina
433 813 562 848 puritate.
580 813 748 848 lmpossibile
761 815 833 841 enim
858 819 900 842 est

949 218 1102 253 γράφομεν,
1119 218 1160 244 ὅτι
1174 218 1224 253 τὴν
1241 218 1289 253 μὲν
1310 217 1451 253 ἀκρίϐειαν
1468 217 1552 252 αὐτῆς
1570 217 1626 252 (60)
1643 217 1744 252 ἐπιζη-

949 265 1005 289 τεῖν
1020 263 1117 298 ὀλίγων
1132 263 1200 295 ἐστὶ,
1216 264 1265 298 τὴν
1276 263 1303 289 δὲ
1313 263 1403 289 πίστιν
1416 262 1539 298 κατέχειν
1548 262 1672 288 ἁπάντων
1682 261 1743 288 τῶν

951 310 1018 344 πρὸς
1041 309 1086 336 τὸν
1107 309 1174 335 Θεὸν
1197 309 1341 339 εὐπειθῶν,
1367 308 1391 335 οἳ
1414 309 1460 335 καὶ
1483 308 1608 344 μέγιστον
1628 307 1741 333 ἔπαινον

950 355 1131 390 ἀποφέρονται
1157 356 1208 390 τῆς
1234 354 1391 390 ἐπιθυμίας.
1420 355 1449 380 Ὁ
1465 355 1514 390 μὲν
1530 353 1585 389 γὰρ
1603 353 1691 388 ζητῶν
1702 353 1740 380 τὰ

951 401 1021 436 ὑπὲρ
1035 400 1128 427 ἑαυτὸν
1143 400 1311 432 ἐπικίνδυνος
1324 408 1330 415 ’
1343 401 1357 426 6
1369 400 1397 426 δὲ
1415 401 1471 431 τοῖς
1483 399 1674 434 παραδοθεῖσιν
1687 400 1741 435 ἑμ-

952 447 1038 481 μένων
1068 446 1216 477 ἀκίνδυνος.
1248 445 1436 481 Παραινοῦμεν
1457 446 1484 472 δὲ
1505 446 1568 481 ὑμῖν
1583 445 1650 480 (61),
1669 445 1743 480 ὅπερ

951 492 996 518 καὶ
1012 493 1116 523 ἑαυτοῖς
1143 491 1338 528 παραινοῦμεν,
1363 491 1411 527 τὴν
1431 492 1626 528 παραδοθεῖσαν
1647 491 1742 518 πίστιν

952 537 1104 572 φυλάττειν,
1134 538 1313 574 ἐκτρέπεσθαι
1336 538 1364 564 δὲ
1385 538 1434 570 τὰς
1452 537 1582 573 βεϐήλους
1603 545 1740 572 καινοφω-

951 585 1020 617 νίας,
1036 584 1172 611 καὶτοῦτο
1192 585 1258 611 πᾶσι
1279 585 1439 620 παρεγγυᾷν
1453 583 1592 618 φοϐεῖσθαι
1605 583 1654 619 τὴν
1675 583 1741 619 περὶ

950 627 997 654 τοῦ
1026 627 1185 662 τηλικούτου
1215 627 1364 664 μυστηρίου
1386 628 1513 663 ζήτησιν·
1535 627 1674 662 ὁμολογεῖν
1694 628 1740 662 δὲ,

951 674 991 700 ὅτι
1011 674 1200 708 πεφανέρωται
1222 673 1287 705 Θεὸς
1307 675 1336 700 ὲν
1352 674 1432 710 σαρκὶ
1454 673 1524 700 κατὰ
1540 673 1588 709 τὴν
1602 674 1743 701 ἀποστολι-

952 719 1001 755 κὴν
1017 719 1175 756 παράδοσιν,
1198 720 1244 747 καὶ
1257 719 1305 756 τὴν
1319 719 1500 754 δικαιοσύνην,
1518 719 1551 754 ἢν
1562 719 1637 755 ἔσχεν
1651 721 1664 746 6
1682 719 1742 747 Κύ-

954 775 1010 801 ριος
1035 767 1067 793 ὲν,
1080 766 1230 801 Πνεύματι,
1245 766 1391 798 τουτέστιν,
1405 766 1454 792 οὐκ
1467 765 1625 804 ἀνθρωπίνῃ
1638 767 1740 803 τροπῇ,

952 812 1018 839 ἀλλὰ
1043 812 1119 848 θεῖκῇ
1136 815 1169 848 τῇ
1192 813 1377 848 καθαρότητι·
1401 813 1529 840 ἀδύνατον
1555 813 1609 849 γὰρ
1635 814 1741 850 ἑτέρως

117 859 263 885 humanam
290 863 427 891 naturam,
443 866 538 893 puram
564 864 590 886 et
609 859 669 886 sine
697 864 808 895 peccato
828 860 898 886 exhi-

954 857 981 882 τὺ
995 857 1112 892 καθαρὸν
1127 858 1173 884 καὶ
1184 858 1375 893 ἀναμάρτητον
1391 858 1434 884 ἐπ’
1448 858 1621 894 ἀνθρωπίνης
1633 859 1741 894 φύσεως

116 904 186 937 beri,
208 903 260 931 nisi
277 904 348 932 Deus
375 905 402 934 in
432 912 513 932 carne
528 913 589 932 esse
605 905 744 937 credatur,
758 906 803 940 qui
818 906 900 940 justi-

116 949 180 977 tiam
198 951 301 985 peccati
318 955 456 986 expertem
481 951 508 978 in
535 952 664 978 mundum
687 952 835 983 induxerit,
853 960 900 978 cu-

113 995 160 1031 jus
188 996 334 1031 parlicipes
363 996 462 1029 eﬂecti,
491 998 614 1024 vivemus
641 1001 668 1024 et
693 998 759 1024 salvi
786 998 898 1024 erimus.

116 1040 184 1068 lllud
199 1043 270 1069 enim
289 1051 296 1069 :
315 1051 324 1067 ι
339 1041 399 1069 Non
411 1048 452 1070 est
464 1043 555 1077 justus
567 1043 594 1069 in
607 1047 680 1069 terra
695 1045 741 1078 qui
756 1043 836 1070 faciat
850 1044 898 1070 ho-

115 1096 180 1115 num
210 1093 236 1115 et
267 1097 321 1115 non
338 1093 431 1124 peccet
446 1090 467 1122 ’⁸,
480 1099 489 1115 ι
509 1090 536 1116 in
564 1097 709 1116 commune
724 1090 757 1117 de
773 1091 900 1118 omnibus

115 1134 272 1162 hominibus
301 1135 403 1162 dictum
427 1140 469 1162 est
487 1145 492 1161 :
512 1135 592 1167 unde,
617 1144 626 1160 ι
650 1134 686 1162 De
702 1135 772 1162 cado
788 1136 869 1168 venit,
888 1146 897 1162 ι

115 1180 213 1214 inquit,
232 1189 243 1206 ι
263 1180 335 1214 quod
364 1181 566 1207 immaculatam
596 1181 732 1215 justitiam
753 1189 786 1208 ex
811 1189 841 1208 sc.
856 1182 901 1208 dat

115 1225 244 1252 Verbum.
264 1236 273 1252 ι
292 1226 324 1252 Et
347 1226 450 1260 liquido
477 1227 567 1253 dieit:
589 1236 597 1253 ι
616 1227 700 1253 Nemo
724 1228 847 1254 ascendit
873 1228 900 1254 in

114 1271 225 1302 malum,
244 1271 296 1298 nisi
325 1272 371 1306 qui
400 1271 541 1298 descendit
556 1273 589 1299 de
604 1272 675 1299 ccelo
701 1271 787 1300 Filius
811 1273 899 1299 homi-

71 1338 75 1339 ν
114 1316 185 1343 nis‘.
207 1326 216 1342 ι
231 1315 263 1343 Ει
280 1323 412 1344 rursum:
432 1325 441 1342 ι
461 1315 489 1343 Si
507 1317 630 1344 videritis
655 1316 754 1344 Filium
781 1317 900 1345 hominis

114 1361 304 1388 ascendentem
330 1360 375 1387 ubi
403 1364 462 1388 erat
489 1361 594 1395 prius“.
618 1370 627 1386 ι
645 1359 678 1387 Et
701 1368 733 1386 ει
756 1360 811 1396 Ego
837 1369 897 1388 sum

114 1406 203 1441 panis,
221 1406 267 1440 qui
278 1405 311 1433 de
319 1406 388 1432 ccclo
405 1405 544 1438 descendi,
556 1406 645 1438 vivus,
659 1410 686 1433 et
697 1406 743 1440 qui
757 1406 802 1433 dat
817 1407 897 1434 vitam

115 1451 244 1478 mundo".
266 1460 275 1476 ι
302 1450 408 1483 Quibus
435 1458 513 1478 suam
539 1450 626 1485 ipsius
651 1450 779 1478 deitatem
807 1456 899 1486 aperte

115 1504 165 1524 nos
176 1496 282 1528 edocet,
300 1503 350 1523 nec
365 1500 455 1523 tamen
472 1495 561 1522 aufert
578 1495 650 1530 quod
671 1496 821 1523 secundum
837 1505 899 1524 car-

951 903 1161 938 παραδεχθῆναι,
1179 905 1203 930 εί
1225 903 1262 938 μὴ
1283 903 1348 935 θεὸς
1364 905 1392 930 ὲν
1409 904 1490 939 σαρκὶ
1508 903 1659 931 πιστεύοιτο
1670 901 1741 931 εἶναι

950 950 963 975 ὁ
971 949 1019 985 τὴν
1031 950 1218 984 ἀναμάρτητον
1228 949 1399 985 δικαιοσύνην
1413 951 1453 982 είς
1462 950 1506 977 τὸν
1520 950 1621 984 κόσμον
1629 951 1741 984 εἰσαγα-

949 994 1019 1028 γὼν,
1033 991 1066 1029 ἧς
1085 994 1244 1029 μετέχοντες
1266 993 1403 1030 ζησόμεθα
1425 995 1472 1021 καὶ
1488 995 1646 1029 σωσόμεθα
1660 994 1739 1030 (δί’).

951 1040 989 1066 Τὸ
999 1040 1062 1076 γὰρ,
1074 1049 1084 1065 1
1098 1040 1154 1066 Οὐκ
1168 1040 1225 1066 ἐστι
1234 1040 1336 1072 δίκαιος
1348 1041 1393 1066 ἐπὶ
1407 1041 1456 1076 τῆς
1466 1041 1527 1076 γῆς,
1550 1040 1579 1072 ὃς
1591 1041 1695 1076 ποιήσει
1709 1041 1740 1067 τὸ

950 1086 1060 1120 ἀγαθὸν,
1089 1087 1136 1112 καὶ
1153 1087 1202 1121 οὺχ
1222 1087 1420 1122 ἁμαρτήσεται,
1439 1096 1448 1112 ι
1464 1087 1552 1114 κοινδν
1568 1087 1653 1122 δήπου
1669 1086 1741 1114 κατὰ

951 1132 1059 1158 πάντων
1075 1131 1225 1168 ἀνθρώπων
1237 1133 1310 1158 ἐστίν
1322 1141 1329 1147 ⁸
1344 1132 1414 1165 ὅθεν,
1435 1141 1444 1158 ‹
1467 1132 1510 1165 Ἐξ
1526 1131 1638 1168 οὐρανοῦ
1655 1141 1740 1159 κατα-

950 1178 1061 1212 ϐέϐηκε,
1084 1188 1092 1203 ι
1111 1179 1202 1214 φησὶν,
1217 1188 1226 1204 ε
1243 1179 1257 1204 6
1273 1178 1321 1214 τὴν
1338 1178 1469 1214 ἄχραντον
1483 1178 1655 1214 δικαιοσύνην
1671 1179 1738 1215 παρ’

950 1224 1046 1250 ἑαυτοῦ
1060 1224 1229 1259 δωρούμενος
1244 1224 1338 1257 Λόγος.
1355 1233 1364 1249 ι
1379 1224 1432 1250 Καὶ
1446 1223 1518 1258 λέγει
1530 1224 1622 1258 σαφῶς
1633 1233 1639 1239 ³
1657 1234 1666 1250 ι
1682 1224 1738 1252 Οὐ-

948 1269 1002 1301 δεὶς
1013 1270 1181 1305 ἁναὸέϐηκεν
1196 1271 1235 1301 είς
1247 1270 1292 1296 τὸν
1309 1269 1422 1305 οὐρανὸν
1437 1271 1461 1296 εί
1474 1269 1511 1305 μὴ
1525 1271 1539 1296 6
1549 1271 1581 1296 ὲκ
1594 1270 1640 1297 τοῦ
1656 1270 1738 1306 οὐρα-

949 1313 995 1339 νοῦ
1011 1313 1144 1345 καταϐὰς,
1159 1315 1173 1339 6
1193 1313 1256 1345 Υἱὸς
1276 1313 1322 1340 τοῦ
1347 1313 1506 1349 ἀνθρώπου·
1530 1323 1539 1340 ι
1565 1315 1612 1341 καὶ
1637 1315 1736 1342 πάλιν·

952 1368 961 1384 ‹
989 1359 1050 1386 Ἐὰν
1064 1358 1183 1395 θεωρῆτε
1197 1359 1253 1395 (62)
1269 1359 1314 1386 τὸν
1328 1359 1391 1387 Υἰὺν
1406 1359 1453 1386 τοῦ
1467 1359 1610 1395 ἀνθρώπου
1625 1361 1738 1388 ἀναϐαί-

949 1414 1037 1438 νοντα,
1055 1406 1121 1432 amo
1137 1403 1171 1441 ἦν
1183 1405 1214 1432 τὸ
1237 1406 1368 1440 πρότερον
1378 1414 1384 1420 ·
1403 1415 1411 1431 ι
1429 1405 1485 1439 καὶ,
1508 1405 1579 1440 Ἐγώ
1592 1407 1648 1442 εἰμι
1662 1408 1677 1433 6
1687 1407 1737 1442 ἄρ-

949 1460 1003 1484 τος,
1016 1452 1029 1477 6
1040 1452 1073 1478 ἐκ
1082 1451 1129 1478 τοῦ
1144 1451 1174 1477 οὺ
1180 1451 1259 1487 ρανοῦ
1277 1451 1407 1482 καταϐὰς,
1420 1452 1434 1478 6
1445 1451 1499 1483 ζῶν
1511 1452 1557 1479 καὶ
1567 1451 1637 1488 ζωὴν
1648 1452 1737 1484 διδοὺς

949 1497 988 1532 τῷ
1017 1497 1127 1532 κόσμῳ·
1156 1506 1165 1522 ›
1185 1496 1279 1531 σαφῶς
1301 1497 1344 1523 διὰ
1371 1496 1471 1523 τούτων
1494 1496 1550 1532 (65)
1571 1497 1736 1524 ἐκδιδάσκων

113 1553 174 1572 nem
191 1545 392 1580 assumpseratj;
408 1545 455 1572 sed
470 1545 591 1580 seipsum
604 1553 666 1573 cum
681 1553 763 1573 carne
784 1546 898 1579 conjun-

954 1544 965 1577 ἡ
971 1545 1022 1578 μᾶς
1036 1544 1085 1578 τὴν
1104 1542 1218 1577 θεότητα
1239 1542 1287 1577 τὴν
1304 1541 1412 1573 ἑαυτοῦ,
1427 1543 1477 1568 οὐκ
1492 1542 1610 1578 ἀναιρῶν
1620 1543 1651 1569 τὸ
1665 1543 1736 1569 κατὰ

113 1591 151 1624 git
167 1599 173 1616 :
189 1590 408 1626 quandoquidem
425 1591 503 1625 juxta
517 1590 632 1618 Paulum
647 1592 674 1618 in
690 1591 897 1619 similitudinem

114 1636 254 1662 hominum
281 1635 371 1662 factus
398 1640 455 1668 est,
480 1640 507 1663 et
533 1636 627 1663 habitu
653 1637 780 1664 inventus
802 1640 842 1663 est
869 1640 899 1663 ut

114 1680 222 1708 homo“.
242 1679 328 1707 llomo
341 1685 430 1707 autem
446 1689 499 1707 una
515 1688 632 1715 persona
648 1685 674 1708 et
689 1689 772 1707 unum
799 1681 898 1707 animal

113 1730 166 1756 est,
182 1733 216 1753 es
237 1725 334 1760 spiritu
352 1730 378 1753 et
394 1734 476 1753 carne
499 1727 682 1761 composnum
699 1726 768 1762 (ὅθ’)
782 1736 787 1753 :
803 1726 836 1753 ad
851 1734 899 1753 cu-

111 1772 158 1806 jus
170 1772 376 1799 similitudinem
389 1771 594 1808 intelligendum
606 1777 649 1800 est
660 1771 801 1800 Christum
817 1780 897 1805 unam

113 1826 176 1845 esse
201 1825 356 1852 personam,
371 1823 398 1845 et
427 1825 481 1844 non
505 1818 583 1850 duas,
602 1823 632 1845 ut
648 1818 704 1852 jam
722 1817 899 1846 incredulitas

114 1863 302 1898 magnitudine
331 1863 430 1890 divina:
452 1864 545 1898 gratia).
567 1863 706 1895 destituta,
718 1869 744 1892 et
769 1864 797 1890 in
813 1864 899 1899 genti-

113 1909 179 1936 lium
194 1909 353 1936 scandalum
366 1909 504 1944 prolapsa,
521 1913 613 1943 aperte
628 1913 654 1936 et
673 1916 780 1937 summa
795 1909 820 1936 vi
832 1917 898 1936 con-

114 1954 213 1982 tendit.
229 1953 297 1981 Cum
317 1954 389 1982 enim
402 1962 457 1981 non
467 1954 561 1981 credat
584 1954 714 1989 possibile
739 1962 799 1982 esse
814 1954 898 1982 Deum

116 1999 252 2026 hominem
267 1999 336 2031 ﬁeri,
352 1999 429 2035 juxta
446 1999 562 2027 Joannis
573 2000 654 2027 verba
677 1999 754 2026 initio
784 1999 870 2034 posita
890 2007 896 2025 :

116 2056 125 2069 ι
145 2045 262 2073 Verbum
278 2053 342 2072 caro
363 2046 464 2073 factum
483 2046 555 2077 est“,
572 2056 580 2071 ι
596 2045 657 2072 ideo
669 2045 746 2077 dicit,
761 2045 898 2072 hominem

114 2092 223 2127 quidem
240 2100 301 2120 eum
314 2099 374 2119 esse
386 2101 417 2119 ex
433 2091 543 2127 Virgine
555 2092 688 2127 genitum,
707 2095 734 2119 et
749 2100 782 2119 ex
802 2096 898 2119 natura

115 2145 165 2164 sua
191 2137 260 2164 nihil
284 2137 406 2164 divinum
435 2138 553 2171 habere;
570 2137 654 2164 Deum
678 2145 742 2164 vero
771 2137 796 2164 in
827 2137 898 2164 hunc

114 2183 203 2216 ipsum
228 2183 414 2210 descendisse.
443 2182 529 2210 Porro
556 2183 601 2217 qui
623 2182 681 2210 hmc
710 2183 815 2215 dicunl,
846 2183 898 2210 sibi

951 1589 1040 1624 σάρκα
1065 1588 1290 1624 προσειληφέναι,
1318 1587 1372 1614 ἀλλ’
1398 1587 1465 1614 ἑνῶν
1489 1587 1583 1614 ἑαυτὸν
1605 1587 1672 1623 πρὸς
1686 1588 1735 1624 τὴν

951 1634 1039 1669 σάρκα
1051 1643 1058 1649 ·
1086 1633 1179 1669 ἐπειδὴ
1205 1633 1275 1660 κατὰ
1292 1633 1397 1660 Παῦλον
1413 1633 1468 1668 (64)
1485 1634 1514 1659 ἐν
1525 1634 1675 1669 ὁμοιώματι
1689 1634 1735 1661 ἀν-

950 1679 1065 1716 θρώπων
1075 1679 1179 1714 γέγονε,
1197 1680 1244 1706 καὶ
1255 1681 1372 1714 σχήματι
1396 1680 1516 1714 εὑρεθεὶς
1529 1680 1566 1711 ὡς
1582 1679 1733 1715 ἄνθρωπος.

956 1726 984 1752 'U
995 1725 1023 1751 δὲ
1035 1725 1176 1760 ἄνθρωπος
1200 1725 1228 1753 ἓν
1256 1725 1409 1761 πρόσωπον,
1429 1726 1476 1752 καὶ
1498 1726 1566 1757 ζῶον
1579 1725 1617 1758 ἓν,
1636 1725 1690 1752 ἀπό
1704 1733 1734 1753 τε

950 1771 1103 1807 πνεύματος
1123 1771 1170 1798 καὶ
1200 1771 1317 1807 σαρκόςο
1345 1771 1415 1798 κατὰ
1434 1771 1463 1798 δὲ
1486 1771 1516 1798 τὸ
1537 1772 1663 1807 ὁμοίωμα
1687 1772 1735 1799 αὑ-

949 1817 996 1844 τοῦ
1011 1817 1066 1852 (65)
1088 1818 1196 1852 νοητέον
1209 1817 1253 1843 τὸν
1272 1817 1386 1853 Χριστὸν
1401 1817 1457 1849 ἕνα,
1475 1818 1521 1844 καὶ
1546 1818 1576 1844 οὐ
1592 1817 1637 1844 δύο
1652 1818 1735 1854 πρόσ-

950 1871 1021 1893 ωπα,
1042 1863 1110 1898 ὅπερ
1129 1862 1205 1898 ὴνῦν
1230 1862 1341 1889 ἀπιστία
1359 1861 1491 1898 βιάζεται,
1518 1863 1610 1897 σαφῶς
1631 1863 1735 1889 ἀπολει-

950 1909 1056 1944 πομένη
1070 1909 1117 1935 τοῦ
1134 1909 1264 1944 μεγέθους
1276 1909 1326 1944 τῆς
1340 1909 1415 1941 θείας
1426 1909 1545 1945 χάριτος,
1558 1910 1605 1936 καὶ
1617 1909 1654 1945 τῷ
1676 1909 1734 1936 Ἐλ-

948 1955 1050 1991 ληνικῷ
1068 1955 1206 1990 σκανδάλῳ
1218 1956 1428 1991 περιπίπτουσα.
1449 1956 1556 1992 Ἐπειδὴ
1569 1955 1623 1992 γὰρ
1642 1957 1671 1982 οὑ
1689 1965 1733 1982 πι-

951 2001 1039 2028 στεύει
1065 2001 1177 2028 δυνατὸν
1199 2000 1267 2028 εἶναι
1295 2001 1340 2028 τὸν
1369 2001 1434 2028 Θεὸν
1450 2002 1591 2038 ἄνθρωπον
1609 2001 1733 2036 γενέσθαι

950 2047 1021 2074 κατὰ
1047 2048 1096 2083 τὴν
1118 2047 1147 2079 ἐξ
1163 2048 1250 2083 ἀρχῆς
1279 2047 1369 2082 φωνὴν
1388 2047 1522 2080 Ἰωάννου,
1543 2048 1676 2081 λέγοντος,
1693 2048 1733 2074 ὅτι

952 2103 961 2119 ι
986 2094 1015 2119 '0
1030 2093 1114 2128 Λόγος
1133 2094 1200 2129 σὰρξ
1221 2094 1338 2127 ἐγένετο,
1354 2103 1362 2119 υ
1379 2093 1422 2120 διὰ
1435 2093 1512 2120 τοῦτὸ
1531 2102 1612 2128 φησιν
1624 2093 1678 2129 (66)
1692 2093 1733 2120 ἄνω

949 2139 1057 2174 θρωπον
1085 2139 1134 2174 μὲν
1150 2137 1218 2165 εἶναι
1245 2139 1276 2166 ἐκ
1298 2140 1348 2174 τῆς
1364 2138 1501 2174 Παρθένου
1524 2138 1663 2173 τεχθέντα,
1686 2138 1732 2165 καὶ

952 2185 1033 2220 μηδὲν
1051 2185 1121 2220 ἔχειν
1128 2188 1160 2222 τῇ
1176 2186 1254 2221 φύσει
1269 2186 1357 2213 θεῖκόν
1367 2196 1373 2201 -
1390 2187 1455 2213 Θεὸν
1468 2186 1496 2213 δὲ
1505 2187 1545 2217 εἰς
1559 2185 1639 2212 αὑτὸν
1652 2193 1732 2211 κατα-

113 2228 165 2263 ipsi
182 2228 294 2257 adversa
305 2229 456 2264 proferunt,
472 2229 550 2264 quasi
565 2228 652 2256 Verbo
665 2229 895 2261 contradicentes,

954 2230 1105 2266 ΰεόηκέναι.
1129 2233 1160 2258 Οί
1186 2232 1213 2258 δὲ
1234 2232 1320 2258 ταῦτα
1343 2232 1476 2266 λέγοντες,
1486 2231 1554 2258 αὐτὰ
1569 2230 1604 2257 τὰ
1624 2231 1730 2257 ἐναντία

113 2274 178 2300 dum
194 2274 279 2306 aiunt,
304 2273 401 2301 Filium
433 2273 551 2301 hominis
579 2281 633 2301 non
649 2282 664 2302 e
682 2275 750 2302 caelo
779 2274 895 2301 descen-

116 2320 237 2353 dentem,
255 2321 302 2349 sed
316 2329 331 2349 e
352 2325 424 2348 terra
441 2325 610 2356 surgentem,
623 2319 708 2348 Deum
725 2329 740 2349 e
755 2322 825 2349 cmlo
849 2321 898 2348 de-

113 2366 285 2395 scendentem
298 2367 324 2393 in
337 2375 366 2394 se
382 2367 526 2402 recepisse.

148 2412 174 2439 5.
195 2411 250 2439 Nos
263 2413 352 2448 itaque
363 2414 440 2441 decet
454 2414 553 2442 divinis
581 2415 713 2443 inhaerere
729 2414 832 2447 verbis,
845 2421 895 2442 nec

150 2491 160 2504 ⁸
180 2490 269 2518 Eccle.
287 2499 324 2518 vn
339 2491 382 2518 21.

150 2548 217 2582 (59‘)
237 2548 266 2574 ln
278 2547 405 2583 Symbolo
420 2559 426 2575 :
445 2549 515 2576 Nam
531 2550 598 2576 sicut
610 2550 700 2577 anima
715 2550 854 2577 rationalis
869 2553 894 2576 et

113 2591 175 2612 caro
188 2591 255 2609 unus
269 2590 305 2609 est
323 2584 409 2614 homo,
421 2588 474 2611 etc.

148 2618 203 2654 «60)
222 2618 321 2654 ᾼύτῆς,
337 2619 412 2645 deest
428 2619 454 2645 in
473 2619 582 2654 Seguer.

149 2653 210 2690 (6|)
223 2652 305 2690 Basil.
322 2653 468 2690 Anglicqet
484 2652 606 2690 SEgucr.,
620 2655 647 2681 δὲ
663 2655 709 2681 καὶ
723 2656 795 2690 ὑμῖν.
812 2655 895 2682 Paulo

113 2692 190 2726 post,
201 2688 314 2726 6é,_ante
329 2688 377 2726 τὰς
394 2688 625 2726 βεϐήλουςξψόεθει
639 2691 666 2717 in
679 2688 785 2725 Anglic.

150 2723 302 2759 (61‘)7Leg.
320 2723 508 2759 σωθησόμεθα.
531 2725 606 2751 Enn.

149 2758 204 2795 (6i)
226 2758 421 2795 [Basiliensis'et
434 2759 552 2795 ᾼιιεῌρη
570 2760 617 2785 ἐὰν
632 2758 678 2786 οὖν
694 2760 821 2795 θεωρῆτε.

161 2794 205 2830 65)
227 2793 504 2830 δοριθηηὲαφῶςδέ
520 2803 571 2820 που
588 2794 630 2820 διὰ
644 2795 674 2830 δὴ
690 2793 800 2821 τούτων.

161 2794 194 2820 65
227 2794 352 2827 Seguer.,
368 2794 466 2826 Σαφῶς
476 2794 504 2820 δέ
520 2803 571 2820 που
588 2794 630 2820 διὰ
644 2795 674 2830 δὴ
690 2794 800 2821 τούτων.

150 2794 206 2866 jth
227 2828 521 2863 Basiliensis,Ang|ic.,
540 2829 664 2865 Segumz,
681 2832 750 2856 κατὰ
764 2829 890 2856 Ἀπόστο-

422 2493 432 2507 ⁸
445 2492 522 2519 Joan.
550 2492 656 2523 111,13.
695 2493 706 2508 ⁸
722 2491 801 2520 Joan.
819 2500 866 2525 vr,
884 2492 898 2520 θ

965 2493 976 2509 ⁷
995 2493 1060 2520 ibid.
1077 2493 1128 2526 51,
1145 2493 1188 2520 53.
1226 2493 1237 2508 '
1256 2492 1372 2529 Philipp.
1393 2501 1411 2519 ll
1424 2513 1431 2526 ,
1450 2493 1475 2521 7.

951 2277 1083 2312 λέγουσιν,
1098 2278 1192 2313 ὥσπερ
1205 2278 1388 2312 ἀντιλέγοντες
1404 2278 1442 2313 τῷ
1455 2278 1543 2313 Λόγῳ,
1559 2277 1598 2304 ὅτι
1609 2277 1667 2312 οὐχ)
1683 2286 1731 2303 κα-

951 2322 1108 2358 ταϐεϐηκὼς
1131 2323 1160 2356 ἐξ
1179 2323 1291 2358 οὐρανοῦ
1316 2323 1378 2354 Υἱδς
1394 2322 1547 2358 ἀνθρώπου,
1562 2322 1618 2349 ἀλλ’
1632 2323 1664 2349 ὲκ
1680 2323 1730 2359 γῆς

950 2370 1079 2401 ἀναστὰς,
1094 2369 1239 2402 ὑπεδέξατο
1251 2369 1306 2405 (67)
1323 2369 1367 2395 τὸν
1382 2369 1411 2401 ἐξ
1422 2368 1536 2405 οὐρανοῦ
1548 2368 1622 2394 Θεόν.

983 2415 1009 2441 2.
1037 2416 1125 2450 Ἠμᾶς
1134 2413 1180 2454 οὖν
1207 2415 1295 2446 καλῶς
1311 2415 1367 2450 ἔχει
1389 2415 1445 2446 τοῖς
1458 2414 1538 2446 θείοις
1549 2413 1661 2441 ἕπεσθαι
1681 2414 1729 2450 ῥή-

1521 2494 1531 2510 ⁹
1543 2492 1621 2520 Joan.
1639 2501 1658 2526 ι,
1677 2494 1718 2521 14.

945 2553 1001 2581 λον.
1017 2549 1100 2582 Editi,
1112 2551 1182 2577 κατὰ
1194 2550 1307 2577 Παῦλον.

983 2586 1039 2621 (65)
1060 2585 1184 2620 Seguer.,
1201 2586 1299 2612 αὐτῶν.
1315 2585 1386 2612 infra
1413 2585 1527 2621 Gobler.
1543 2588 1568 2612 et
1584 2585 1656 2621 Eelc.
1674 2586 1727 2620 pri-

948 2619 1019 2650 mus.
1031 2619 1235 2655 'dﬁoXmopévq.
1247 2621 1306 2647 Mox
1320 2621 1442 2655 Seguer.,
1451 2620 1569 2655 Anglic.,
1584 2619 1692 2647 Gobler.
1702 2625 1727 2647 et

948 2657 1021 2698 Felc.
1040 2657 1131 2698 ιίτῆς
1145 2656 1218 2698 θείας
1232 2655 1352 2698 χάριτος.
1369 2655 1439 2683 Editi
1457 2659 1483 2682 et
1498 2655 1588 2682 ceteri
1603 2662 1724 2683 manusr.

949 2693 1028 2722 male,
1043 2692 1092 2726 τῆς
1104 2690 1361 2726 ἀληθείαςχάριτος.

982 2727 1039 2759 (66)
1059 2726 1095 2753 ita
1112 2733 1179 2753 mss.
1195 2726 1265 2754 Editi
1282 2730 1382 2758 autem,
1403 2726 1464 2760 ἔφη.

982 2762 1038 2798 (67)
1057 2761 1202 2798 Basiliens.
1227 2767 1253 2790 et
1275 2761 1399 2798 Seguer.,
1420 2759 1551 2795 ὑπεδέξω,
1567 2767 1628 2796 qua
1646 2760 1725 2789 lectio

943 2796 998 2827 non
1014 2796 1174 2833 spernenda.
