1898 3053
124 109 159 137 95

710 108 742 136 S.
762 108 991 136 ATHANASIUS.
1011 123 1044 129 —
1067 107 1181 135 DUBIA.

1718 112 1754 138 96

127 168 160 194 ad
177 166 386 195 similitudinem
401 175 508 203 quoque
527 175 604 195 suam
623 167 701 195 illum
725 168 855 200 restituit,
873 169 911 196 si-

974 168 1090 203 ιμοίωσιν
1107 167 1156 202 τὴν
1172 165 1240 201 πρὸς
1256 165 1337 192 αὑτὸν
1351 166 1482 201 ἐπανάγει
1500 166 1590 199 πάλιν,
1611 169 1754 203 ὁμοιωθεὶς

127 213 191 241 mile
206 212 305 240 factum
325 214 399 248 operi
414 221 474 245 suo,
492 214 555 248 quia
570 222 602 241 ex
630 217 724 242 sancta
753 218 781 242 et
799 213 912 249 Deipara

127 258 212 286 Maria
225 258 333 294 Virgine
343 267 452 286 carnem
465 259 591 294 sumpsit,
608 263 635 287 et
650 260 732 287 homo
745 260 846 287 factum
861 263 913 292 est,

127 311 242 331 manens
253 308 344 331 tamen
359 303 441 335 Deus,
458 309 487 331 ut
500 304 637 337 homines,
648 306 698 333 etsi
716 305 840 333 homines
857 313 916 332 ma-

128 352 222 380 neant,
238 349 304 376 deos
318 349 445 377 alliceret.
464 349 575 384 Unaque
588 358 705 385 persona
719 354 761 378 est
786 355 848 378 ante
877 351 916 377 in-

129 395 314 423 carnationem
330 401 357 423 et
370 401 430 430 post
442 396 668 427 incarnationem.
686 396 757 424 Deus
773 404 856 424 carne
871 397 914 423 in-

130 440 394 475 comprehensibilis,
409 440 436 467 in
451 447 563 467 carnem
596 439 781 470 indivisibilis,
796 440 824 466 in
853 447 916 474 pas-

130 486 253 515 sionibus
267 486 358 514 carnis
380 486 568 520 impassihilis,
583 486 630 521 qui
659 490 776 513 mortem
801 486 865 513 vicit
888 489 915 513 et

130 533 209 560 tertia
223 533 266 560 die
282 533 433 560 resurrexit
451 541 456 558 :
473 533 519 567 qui
545 531 667 559 ascendit
699 532 726 558 in
752 532 853 559 caelum
884 532 913 558 in

129 579 216 614 gloria
227 579 280 606 sibi
295 578 424 610 naturali,
442 581 469 605 et
497 586 550 605 non
566 585 613 613 per
636 579 751 614 gratiam
769 588 775 605 :
790 578 836 613 qui
853 586 916 613 pro-

130 625 218 661 palam
232 626 259 652 in
272 632 320 652 sua
340 624 441 652 (leitate
468 629 600 651 venturus
613 630 664 658 est,
682 632 797 659 corpore
821 628 916 652 sancto

131 678 192 701 suo.
205 670 277 705 quod
289 678 321 697 ex
339 670 423 696 Maria
437 670 564 704 sumpsit,
580 669 712 704 ell'ulgens
736 670 821 704 gloria
847 669 917 697 inel-

132 715 220 747 l'abili,
233 715 462 750 quemadmodum
477 722 538 742 sese
553 715 581 741 in
604 719 695 741 monte
711 722 743 742 es
761 719 837 749 parte
853 719 916 742 tan-

131 764 190 787 tum
205 759 335 791 ostendit,
352 763 381 786 ut
396 759 506 787 doceret
521 767 550 786 se
564 764 592 786 et
607 763 687 787 antea
704 764 730 787 et
743 767 816 786 nunc
839 767 917 787 eum-

133 805 194 834 dem
216 806 304 840 ipsum
321 813 392 838 esse,
418 813 469 833 nec
497 805 525 832 in
548 806 672 840 sequenti
687 809 808 839 tempore
830 805 915 832 Deum

965 213 1004 248 τῷ
1016 213 1072 248 ίδίῳ
1087 213 1228 247 ποιήματι,
1248 211 1292 238 διὰ
1303 211 1334 237 τὸ
1347 213 1535 247 σεσαρκῶσθαι
1549 214 1578 246 ἐξ
1597 215 1677 248 ἁγίας
1693 215 1755 241 Θεο“

965 260 1045 286 τόκου
1061 259 1169 294 Μαρίας
1185 257 1332 293 Παρθένου,
1346 259 1393 284 καὶ
1414 258 1554 294 ἅνθρωπος
1579 260 1752 296 γεγενῆσθαι,

967 305 1054 341 μένων
1069 305 1145 336 Θεὸς,
1160 304 1201 330 ἵνα
1211 305 1274 335 τοὺς
1286 303 1445 339 ἀνθρώπους
1466 305 1541 337 θεοὺς
1561 306 1687 341 ἀποδείξῃ
1706 307 1754 341 μέ-

966 359 1060 382 νοντας
1074 349 1242 385 ἀνθρώπους.
1259 350 1279 375 [1
1285 349 1405 385 ρύσωπον
1418 350 1447 376 ἒν
1457 350 1503 376 καὶ
1517 351 1570 386 πρὸ
1585 352 1634 386 τῆς
1646 355 1755 387 σαρκώ-

967 403 1045 427 σεως,
1076 395 1122 421 καὶ
1146 394 1214 429 μετὰ
1237 394 1285 428 τὴν
1308 393 1444 429 σάρκωσιν
1467 395 1650 431 ἀπερίληπτος
1672 397 1754 431 σαρκὶ

966 439 1041 471 Θεὸς,
1061 440 1207 474 ἀμέριστος
1229 440 1269 470 εἰς
1291 439 1389 473 σάρκα,
1412 439 1518 475 ἀπαθὴς
1541 442 1569 467 ὲν
1589 441 1754 476 τοῖςηπαοὴ-

968 494 1033 520 μασι
1049 486 1098 519 τῆς
1115 485 1224 520 σαρκὸς,
1244 486 1356 520 νικήσας
1370 485 1492 518 θάνατον,
1512 486 1558 513 καὶ
1581 487 1700 519 ἀναστὰς
1718 489 1752 523 τῇ

966 530 1058 567 ἡμέρᾳ
1076 532 1108 566 τῇ
1125 531 1217 566 τρίτῃ·
1242 530 1360 557 ἀνελθὼν
1384 532 1423 562 είς
1443 531 1488 558 τὸν
1510 532 1622 567 οὐρανὸν
1642 533 1670 559 ἐν
1690 533 1752 568 δόξῃ

967 578 1080 612 φυσικῇ,
1094 577 1141 603 καὶ
1154 576 1203 602 οὐκ
1218 577 1246 602 ἐν
1259 577 1351 612 χάριτι
1362 586 1368 592 ·
1390 577 1535 612 ἐρχόμενος
1556 578 1582 605 ἓν
1604 581 1636 614 τῇ
1656 580 1753 606 ἑαυτοῦ

967 623 1073 659 Θεὸτητι
1090 625 1228 659 ἐμφανῶς,
1248 625 1397 660 ὲκλάμπων
1416 626 1448 651 ἐκ
1459 625 1506 651 τοῦ
1524 626 1552 651 ἑ)
1577 626 1685 661 Μαρίας
1702 626 1755 652 σώ-

969 679 1053 705 ματος
1065 670 1146 697 αὑτοῦ
1163 671 1209 697 τοῦ
1227 671 1304 705 ἁγίου
1322 671 1371 706 τὴν
1384 671 1461 703 δόξαν
1475 671 1522 705 τὴν
1534 671 1698 706 ἁτιὸρῤητον,
1716 671 1755 703 ὡς

968 716 1014 743 καὶ
1037 717 1084 742 ἐπὶ
1106 715 1153 743 τοῦ
1177 717 1257 752 ὅρους
1279 716 1378 748 ἔδειξεν
1403 717 1456 743 ἀπὸ
1480 717 1597 752 μέρους,
1621 717 1755 744 διδάσκων

967 762 1050 796 ἡμᾶς,
1063 761 1103 787 ὃτι
1121 762 1167 787 καὶ
1179 761 1310 796 πρότερον
1327 761 1374 787 καὶ
1387 761 1434 787 νῦν
1445 762 1460 787 ὁ
1475 762 1554 792 αὐτός
1567 763 1634 792 ἐστι,
1650 762 1695 787 καὶ
1706 762 1756 796 οὐχ

969 808 1081 842 ὕστερον
1096 807 1261 839 ἀποθεωθείς
1273 816 1279 822 ·
1296 807 1334 839 ὡς
1347 809 1362 842 ἡ
1378 807 1425 833 νῦν
1441 807 1598 842 βλασφημία
1616 806 1754 842 βιάζεται*

134 851 236 879 factum
258 851 344 879 fuisse
368 852 410 887 (ut
434 851 490 886 jam
507 852 648 878 contendit
673 850 872 886 blasphemia):
889 859 916 878 se

974 852 1029 878 οὐδὲ
1041 852 1214 887 παυσάμενος
1230 853 1276 880 τοῦ
1291 851 1360 879 εἶναι
1376 853 1438 884 Υἱὸς
1451 852 1603 888 ἀνθρώπου,
1616 853 1676 879 οὐδὲ
1692 853 1757 880 ἀπο-

133 899 198 926 item
212 905 300 933 neque
323 897 458 925 hominem
472 905 534 925 esse
563 897 688 930 desiisse,
706 905 794 932 neque
806 904 917 924 carnem

134 944 302 979 deposuisse.
314 943 419 972 Etenim
433 951 494 971 cum
512 943 672 979 Unigenitus
687 944 732 971 ille
750 944 846 979 incipit
858 951 918 971 esse

134 991 221 1019 Filius
238 991 368 1022 hominis,
383 994 440 1017 turn
457 990 539 1017 etiam
562 991 674 1025 angelos
687 998 753 1017 suos
768 990 860 1020 mittit.
875 990 918 1016 in-

133 1036 273 1064 variabilis
289 1043 405 1070 semper,
423 1039 450 1062 et
482 1035 586 1061 nullam
614 1035 792 1062 mutationem
820 1034 847 1060 in
866 1041 915 1060 sua

133 1082 234 1110 deitate
251 1089 359 1117 passus,
374 1080 524 1108 secundum
542 1088 652 1107 carnem
664 1088 738 1111 vero,
755 1079 834 1107 nobis
851 1087 920 1106 cou-

134 1129 279 1159 formatus,
293 1131 320 1154 et
337 1135 388 1154 nos
404 1126 455 1153 sibi
473 1127 524 1161 ipsi
536 1126 722 1154 conformans.

971 897 1082 932 θέμενος
1101 897 1150 932 τὴν
1167 898 1265 933 σάρκα.
1285 898 1340 924 Καὶ
1351 898 1404 933 γὰρ
1419 899 1463 924 ὅτε
1477 898 1589 933 ἄρχεται
1607 895 1674 924 εἶναι
1693 897 1756 929 ris;

969 942 1113 978 ἀνθρώπου
1135 944 1148 970 ὁ
1170 944 1326 979 Μονογενὴς
1349 944 1404 979 (75)
1426 944 1596 970 ἀποστέλλων
1618 943 1676 970 ἐστὶ
1692 944 1756 976 τοὺς

969 989 1103 1023 ἀγγέλους
1122 989 1214 1021 αὑτοῦ,
1232 990 1409 1025 ἀναλλοίωτος
1423 990 1460 1016 ὢν
1479 991 1532 1022 ἀεὶ,
1547 991 1594 1016 καὶ
1606 990 1756 1025 μεταϐολὴν

969 1035 1096 1070 οὐδεμίαν
1107 1036 1175 1070 ἔχων
1191 1036 1254 1070 περὶ
1269 1024 1324 1071 τὴν⁵
1333 1036 1456 1070 θεότητα,
1473 1035 1543 1062 κατὰ
1558 1036 1585 1062 δὲ
1602 1036 1651 1070 τὴν
1667 1024 1757 1071 σάρὶια

972 1081 1167 1115 σχηματισθεὶς
1183 1082 1248 1117 ἡμῖν
1270 1082 1316 1108 καὶ
1336 1081 1542 1117 συσχηματίζων
1563 1082 1636 1116 ἡμᾶς
1657 1080 1757 1115 ἐαυτῷ.

170 1209 225 1243 (73)
247 1207 421 1235 Felckmanni
446 1207 559 1243 primus
573 1211 600 1234 et
622 1207 687 1234 edit.
718 1206 869 1239 Commel.,
885 1207 916 1241 ὀμ

974 1207 1028 1241 νὴς.
1057 1207 1185 1234 mendose
1204 1217 1211 1234 :
1229 1208 1272 1234 alii
1305 1216 1418 1240 omnes,
1441 1207 1454 1232 ὁ
1474 1207 1636 1242 Μονογενής.
1663 1204 1748 1238 Infra,

133 1242 220 1272 Basili
239 1244 324 1275 solus,
346 1242 584 1277 συσχηματισθείς.

1535 1316 1746 1329 -.---,

490 1374 530 1404 ΙΝ
550 1373 698 1403 LIBRUM
720 1373 880 1404 CONTRA
901 1371 1176 1403 SABELLIANOS
1197 1371 1400 1402 MONITUM.

170 1472 225 1507 28
241 1471 328 1499 Tanta
356 1474 395 1497 est
422 1469 536 1504 afﬁnitas
562 1467 640 1502 hujus
657 1468 717 1495 libri
744 1475 802 1493 cum
831 1467 939 1493 hamilia
966 1467 1001 1493 Ξῖ
1017 1467 1114 1494 Basilii
1136 1470 1232 1493 contra
1252 1466 1432 1498 Sabellianos,
1456 1467 1550 1494 Arium
1567 1471 1593 1495 et
1610 1467 1758 1495 Anommos

134 1526 296 1554 nancitpata,
310 1522 339 1545 ut
354 1517 510 1544 alterutrum
527 1516 682 1551 opusculum
706 1523 738 1542 ea;
755 1515 837 1542 altero
852 1522 1003 1549 expressum
1024 1513 1106 1546 fuisse
1133 1514 1271 1548 propalam
1286 1514 1330 1541 sit.
1349 1513 1382 1540 Et
1401 1522 1464 1540 sane
1487 1513 1579 1541 iisdem
1595 1516 1758 1549 argumentis

133 1567 163 1594 in
182 1570 292 1601 utroque
311 1564 462 1600 proceditur
484 1562 519 1589 ad
539 1563 677 1589 Inercticos
694 1560 883 1595 confutandos,
908 1559 998 1586 eadem
1026 1560 1084 1594 ipsa
1110 1564 1272 1594 usurpentur
1295 1559 1440 1594 Scriptum
1468 1560 1534 1592 loca,
1553 1569 1605 1588 uno
1621 1565 1646 1587 et
1661 1559 1758 1596 a'quali

135 1613 226 1641 ordine
243 1612 339 1645 posita.
362 1610 548 1644 Neminemque
562 1612 685 1643 putamus
710 1615 766 1634 esse
794 1607 856 1642 quin
864 1605 976 1640 judicet,
992 1605 1020 1631 id
1041 1606 1155 1639 artiﬁcio
1169 1605 1306 1639 cujusdam
1325 1605 1440 1632 Graeculi
1460 1607 1596 1640 scriptoris
1611 1607 1758 1634 admissum

135 1661 218 1697 fuisse
244 1658 289 1694 qui
313 1657 467 1684 alterutrius
494 1655 582 1682 Patris
600 1654 696 1680 librum
713 1653 795 1680 verbis
811 1653 897 1680 solum
914 1651 1081 1678 commutatis
1101 1651 1179 1678 alteri
1204 1652 1365 1686 ascripserit.
1380 1651 1412 1678 Et
1428 1652 1532 1686 quidem
1548 1653 1574 1679 in
1587 1653 1655 1679 hunc
1677 1653 1759 1680 Atha-

135 1707 212 1736 nasio
228 1705 384 1732 attributum
405 1703 498 1730 cadere
517 1701 619 1729 videtur
642 1701 757 1735 suspicio
773 1708 782 1726 :
808 1708 869 1727 nam
893 1705 988 1733 prmter
1014 1699 1076 1734 styli
1104 1699 1281 1726 diversitatem
1307 1708 1370 1726 sane
1393 1701 1570 1734 conspicuam.
1595 1709 1759 1735 nequaquam

136 1753 263 1782 memoria
277 1752 410 1786 proditum
423 1754 462 1777 est
477 1757 535 1776 cum
550 1749 584 1774 iis
607 1747 735 1774 lia-reﬁcis
751 1754 880 1781 pugnasse
904 1745 1089 1777 Athanasium,
1105 1746 1150 1780 qui
1164 1753 1222 1772 cum
1245 1745 1371 1778 Sabellio,
1391 1746 1497 1772 Patrem
1515 1746 1664 1780 Filiumqne
1678 1754 1758 1772 unum

136 1808 192 1828 esse
205 1805 354 1833 personam.
371 1796 427 1823 solo
452 1795 554 1822 nomine
569 1793 721 1820 distinctam
742 1792 923 1827 afﬁrmarent:
942 1792 1010 1826 quod
1027 1797 1114 1818 tamen
1134 1800 1215 1817 unum
1236 1792 1324 1826 agitur
1345 1792 1371 1818 in
1397 1792 1445 1818 hoc
1459 1793 1592 1826 opusculo.
1610 1789 1641 1819 I’n
1663 1792 1760 1821 Basilii

137 1852 196 1871 vero
219 1843 330 1870 homilia
355 1842 382 1868 in
406 1841 544 1867 Anomaeos
569 1839 683 1864 maxime
709 1837 765 1871 ejus
792 1837 914 1870 temporis
938 1836 1073 1863 ltwreticos
1101 1837 1211 1863 vertitur
1235 1838 1316 1870 acies,
1345 1837 1403 1864 licet
1421 1837 1552 1865 Sabellius
1571 1846 1669 1872 quoque
1689 1837 1759 1863 haud

136 1889 249 1923 segniter
264 1888 439 1922 impugnelur.
462 1885 514 1912 Sed
530 1886 573 1920 qui
590 1893 622 1911 ex
650 1884 752 1912 Basilio
767 1884 814 1910 hoc
836 1884 991 1918 opusculum
1014 1885 1155 1911 Athanasii
1178 1886 1281 1912 nomine
1305 1887 1443 1920 expressit,
1467 1885 1500 1912 ad
1522 1885 1640 1919 fraudem
1656 1890 1684 1911 ut
1710 1893 1761 1919 pu-

137 1940 224 1961 tamus
240 1933 425 1969 contegendam
446 1933 631 1960 Anomoeorum
646 1939 775 1966 nusquam
802 1930 929 1956 meminit.
953 1929 1007 1957 Nec
1022 1931 1079 1965 quis
1101 1933 1241 1964 putaverit.
1262 1932 1391 1959 Basilium
1408 1937 1489 1964 tanta-
1514 1933 1761 1967 virumeloquenlia.’

137 1986 161 2008 ct
179 1982 345 2013 eruditionis,
363 1981 466 2012 alienis,
481 1985 509 2006 ut
526 1981 611 2011 aiunt,
625 1987 679 2006 sese
693 1978 782 2012 pennis
797 1982 964 2004 exornatum.
986 1977 1055 2004 Sane
1083 1978 1144 2005 talis
1158 1985 1195 2006 est
1215 1980 1302 2012 homo,
1318 1985 1347 2006 ut
1363 1989 1394 2007 ne
1409 1980 1434 2006 in
1460 1979 1633 2013 suspicionem
1654 1979 1761 2013 quidem

138 2029 205 2065 furti
222 2030 352 2064 plagiique
373 2029 468 2055 veniat.
497 2026 643 2053 llomiliam
664 2026 752 2060 itaque
775 2025 810 2051 Ἡ
824 2025 962 2059 genuinum
987 2024 1081 2051 Basilii
1103 2033 1158 2052 csse
1183 2034 1258 2060 opus,
1286 2027 1333 2054 hoc
1355 2035 1413 2054 vero
1433 2026 1580 2053 Athanasio
1604 2026 1760 2060 ascriptum,

137 2076 256 2109 spurium
274 2075 436 2102 arbitramur
451 2083 460 2101 :
473 2075 532 2101 licet
543 2073 648 2108 jamdiu
670 2073 737 2099 inter
754 2071 938 2098 Athanasium:
955 2077 1121 2106 compareat;
1144 2074 1170 2100 in
1187 2074 1302 2108 antiquis
1320 2074 1388 2101 enim
1410 2073 1605 2100 collectionibus
1620 2072 1761 2100 Athanasii

137 2130 244 2158 operum
260 2122 379 2150 habetur.

683 2245 751 2272 ΤΟΥ
771 2246 815 2272 EN
833 2247 944 2273 ΔΓΙΟῙΣ
959 2245 1096 2272 ΠΑΤΡΟΣ
1111 2245 1210 2271 ΗΜΩΝ

797 2328 1115 2373 ΑΘΑΝΑΣΙΟΥ

175 2422 245 2458 Περὶ
261 2422 317 2458 τῆς
334 2422 432 2451 ἀϊδίου
447 2422 601 2458 ὑπάρξεως
614 2421 666 2449 τοῦ
688 2421 756 2449 Υιοῦ
771 2421 819 2449 καὶ
840 2422 892 2448 τοῦ
913 2421 1086 2455 Ili-stipator;
1101 2419 1162 2446 σὺν
1178 2417 1248 2450 Θεῷ,
1265 2416 1313 2444 aut!
1326 2416 1402 2450 πρὸς
1418 2416 1488 2448 τοὺς
1499 2413 1739 2446 Σαϐελλίζωτας.

634 2547 681 2591 S.
722 2548 774 2591 Ρ.
816 2548 875 2591 Ν.
913 2544 1240 2591 ATHANASII

277 2625 322 2655 De
337 2629 452 2655 (eterna
465 2623 543 2655 Filii
558 2628 586 2654 at
603 2623 744 2663 Spiritus
761 2624 861 2654 sancti
873 2623 1020 2662 cumlDeo
1034 2620 1232 2657 exsistentia,
1249 2623 1277 2650 et
1294 2622 1404 2649 contra
1418 2617 1622 2648 Sabellianos.

178 2739 203 2766 Ι.
223 2737 379 2766 Jndaismus
398 2737 540 2774 gentilitati
555 2748 558 2750 ν
571 2738 725 2765 contrarius
753 2741 804 2769 est,
824 2742 919 2765 neutra

140 2787 233 2813 tamen
258 2784 353 2818 religio
385 2784 439 2819 pia.
460 2783 507 2811 sed
536 2787 652 2817 utraque
674 2788 751 2811 extra
782 2784 923 2811 veritatem

144 2830 282 2858 consistit.
305 2828 445 2865 Siquidem
466 2833 492 2857 et
518 2829 660 2864 Babylonii
687 2829 786 2857 bellum
813 2836 922 2863 gessere

1009 2736 1034 2762 Ι.
1060 2733 1226 2769 ἰουδαῐσμδς
1247 2733 1395 2759 ἀντίκειται
1421 2730 1487 2765 πρὸς
1508 2729 1691 2764 Ἑλληνισμὺν,
1716 2729 1762 2755 καὶ

979 2781 1117 2815 οὐδέτερος
1147 2778 1278 2813 εὐσεϐὴς,
1304 2776 1360 2803 ἀλλ’
1387 2775 1536 2810 ἀμφότεροι
1559 2775 1608 2808 τῆς
1636 2773 1761 2809 ἀληθείας

976 2827 1052 2858 ἐκτός
1089 2825 1163 2852 Ἐπεὶ
1180 2824 1225 2851 καὶ
1249 2822 1411 2851 Βαϐυλώνιοι
1439 2821 1659 2856 πεπηλεμήκατιν
1685 2820 1763 2855 Αἰγυ-
