  <div class='ocr_page' id='page_1' title='image "/cluster/home/n/w/nwhite01/storage/ocr_20150623/28/njp.32101007506148/054.png"; bbox 0 0 1898 3053; ppageno 0'>
   <div class='ocr_carea' id='block_1_1' title="bbox 123 157 1755 189">
    <p class='ocr_par' dir='ltr' id='par_1_1' title="bbox 123 157 1755 189">
     <span class='ocr_line' id='line_1_1' title="bbox 123 157 1755 189; baseline 0 -2"><span class='ocrx_word' id='word_1_1' title='bbox 123 161 156 189; x_wconf 81' lang='lat'><strong>97</strong></span> <span class='ocrx_word' id='word_1_2' title='bbox 747 157 888 186; x_wconf 75' lang='lat' dir='ltr'><strong>CONTRA</strong></span> <span class='ocrx_word' id='word_1_3' title='bbox 908 157 1143 185; x_wconf 78' lang='lat' dir='ltr'><strong>SABELLIANOS</strong></span> <span class='ocrx_word' id='word_1_4' title='bbox 1721 159 1755 188; x_wconf 79' lang='lat'><strong>93</strong></span> 
     </span>
    </p>
   </div>
   <div class='ocr_carea' id='block_1_2' title="bbox 123 215 923 254">
    <p class='ocr_par' dir='ltr' id='par_1_2' title="bbox 123 215 918 251">
     <span class='ocr_line' id='line_1_2' title="bbox 123 215 918 251; baseline -0.006 -5"><span class='ocrx_word' id='word_1_5' title='bbox 123 219 228 250; x_wconf 78' lang='grc' dir='ltr'>πτίους,</span> <span class='ocrx_word' id='word_1_6' title='bbox 249 218 297 244; x_wconf 79' lang='grc' dir='ltr'>καὶ</span> <span class='ocrx_word' id='word_1_7' title='bbox 309 217 383 244; x_wconf 77' lang='grc' dir='ltr'>ἄλλοι</span> <span class='ocrx_word' id='word_1_8' title='bbox 400 216 492 243; x_wconf 77' lang='grc' dir='ltr'>πολλοὶ</span> <span class='ocrx_word' id='word_1_9' title='bbox 503 215 611 248; x_wconf 76' lang='grc' dir='ltr'>ἀσεϐεῖς</span> <span class='ocrx_word' id='word_1_10' title='bbox 626 215 683 251; x_wconf 69' lang='grc'><strong>(74)</strong></span> <span class='ocrx_word' id='word_1_11' title='bbox 701 215 826 242; x_wconf 75' lang='grc' dir='ltr'>ἀσεϐέσιν</span> <span class='ocrx_word' id='word_1_12' title='bbox 839 215 918 249; x_wconf 78' lang='grc' dir='ltr'>ἠναν-</span> 
     </span>
    </p>
   </div>
   <div class='ocr_carea' id='block_1_3' title="bbox 979 215 1758 254">
    <p class='ocr_par' dir='ltr' id='par_1_3' title="bbox 979 216 1758 254">
     <span class='ocr_line' id='line_1_3' title="bbox 979 216 1758 254; baseline 0.004 -11"><span class='ocrx_word' id='word_1_13' title='bbox 979 220 1065 243; x_wconf 83' lang='lat' dir='ltr'><strong>:ontra</strong></span> <span class='ocrx_word' id='word_1_14' title='bbox 1083 216 1227 252; x_wconf 64' lang='lat' dir='ltr'><strong>Egyptios</strong></span> <span class='ocrx_word' id='word_1_15' title='bbox 1245 226 1251 243; x_wconf 72' lang='grc' dir='ltr'>ε</span> <span class='ocrx_word' id='word_1_16' title='bbox 1272 216 1373 252; x_wconf 79' lang='lat' dir='ltr'><strong>aliique</strong></span> <span class='ocrx_word' id='word_1_17' title='bbox 1386 218 1540 253; x_wconf 82' lang='lat' dir='ltr'><strong>complures</strong></span> <span class='ocrx_word' id='word_1_18' title='bbox 1561 218 1648 253; x_wconf 82' lang='lat' dir='ltr'><strong>impii,</strong></span> <span class='ocrx_word' id='word_1_19' title='bbox 1666 219 1758 254; x_wconf 79' lang='lat' dir='ltr'><strong>lmpiis</strong></span> 
     </span>
    </p>
   </div>
   <div class='ocr_carea' id='block_1_4' title="bbox 122 261 920 300">
    <p class='ocr_par' dir='ltr' id='par_1_4' title="bbox 122 261 920 300">
     <span class='ocr_line' id='line_1_4' title="bbox 122 261 920 300; baseline -0.005 -9"><span class='ocrx_word' id='word_1_20' title='bbox 122 265 271 300; x_wconf 79' lang='grc' dir='ltr'>τιώθησαν.</span> <span class='ocrx_word' id='word_1_21' title='bbox 289 264 327 289; x_wconf 76' lang='grc' dir='ltr'><strong>Οὐ</strong></span> <span class='ocrx_word' id='word_1_22' title='bbox 345 263 434 289; x_wconf 77' lang='grc' dir='ltr'>τοίνυν</span> <span class='ocrx_word' id='word_1_23' title='bbox 452 261 563 297; x_wconf 73' lang='grc' dir='ltr'>ἐξαρκεῖ</span> <span class='ocrx_word' id='word_1_24' title='bbox 576 261 608 288; x_wconf 61' lang='grc' dir='ltr'>εδ</span> <span class='ocrx_word' id='word_1_25' title='bbox 619 261 687 297; x_wconf 84' lang='grc' dir='ltr'>πρὸς</span> <span class='ocrx_word' id='word_1_26' title='bbox 699 261 828 288; x_wconf 79' lang='grc' dir='ltr'>ἀσέϐειαν</span> <span class='ocrx_word' id='word_1_27' title='bbox 845 261 920 288; x_wconf 84' lang='grc' dir='ltr'>ἀνθί-</span> 
     </span>
    </p>
   </div>
   <div class='ocr_carea' id='block_1_5' title="bbox 123 306 921 344">
    <p class='ocr_par' dir='ltr' id='par_1_5' title="bbox 123 306 921 344">
     <span class='ocr_line' id='line_1_5' title="bbox 123 306 921 344; baseline -0.005 -7"><span class='ocrx_word' id='word_1_28' title='bbox 123 310 251 342; x_wconf 80' lang='grc' dir='ltr'>στασθαι,</span> <span class='ocrx_word' id='word_1_29' title='bbox 273 309 298 335; x_wconf 84' lang='grc' dir='ltr'><strong>εί</strong></span> <span class='ocrx_word' id='word_1_30' title='bbox 324 308 361 344; x_wconf 86' lang='grc' dir='ltr'>μὴ</span> <span class='ocrx_word' id='word_1_31' title='bbox 377 309 412 335; x_wconf 69' lang='grc' dir='ltr'><strong>δι’</strong></span> <span class='ocrx_word' id='word_1_32' title='bbox 429 307 572 335; x_wconf 71' lang='grc' dir='ltr'>εὐσέϐειαν</span> <span class='ocrx_word' id='word_1_33' title='bbox 597 308 614 342; x_wconf 80' lang='grc' dir='ltr'>ἡ</span> <span class='ocrx_word' id='word_1_34' title='bbox 638 307 706 342; x_wconf 83' lang='grc' dir='ltr'>πρὸς</span> <span class='ocrx_word' id='word_1_35' title='bbox 729 307 778 342; x_wconf 87' lang='grc' dir='ltr'><strong>τὴν</strong></span> <span class='ocrx_word' id='word_1_36' title='bbox 794 306 921 333; x_wconf 79' lang='grc' dir='ltr'>ἀσέδειαν</span> 
     </span>
    </p>
   </div>
   <div class='ocr_carea' id='block_1_6' title="bbox 122 354 922 390">
    <p class='ocr_par' dir='ltr' id='par_1_6' title="bbox 122 354 922 390">
     <span class='ocr_line' id='line_1_6' title="bbox 122 354 922 390; baseline -0.003 -7"><span class='ocrx_word' id='word_1_37' title='bbox 122 356 283 386; x_wconf 76' lang='grc' dir='ltr'><strong>ἀντίστασις</strong></span> <span class='ocrx_word' id='word_1_38' title='bbox 293 354 420 390; x_wconf 80' lang='grc' dir='ltr'>γίγνηται</span> <span class='ocrx_word' id='word_1_39' title='bbox 433 354 498 389; x_wconf 77' lang='lat'><strong>(75).</strong></span> <span class='ocrx_word' id='word_1_40' title='bbox 509 354 597 381; x_wconf 85' lang='grc' dir='ltr'>Πολλά</span> <span class='ocrx_word' id='word_1_41' title='bbox 609 354 656 381; x_wconf 78' lang='grc' dir='ltr'><strong>καὶ</strong></span> <span class='ocrx_word' id='word_1_42' title='bbox 670 354 775 389; x_wconf 81' lang='grc' dir='ltr'>μεγάλα</span> <span class='ocrx_word' id='word_1_43' title='bbox 786 354 857 380; x_wconf 77' lang='grc' dir='ltr'>κατὰ</span> <span class='ocrx_word' id='word_1_44' title='bbox 868 354 922 381; x_wconf 86' lang='grc' dir='ltr'>τῶν</span> 
     </span>
    </p>
   </div>
   <div class='ocr_carea' id='block_1_7' title="bbox 123 399 923 436">
    <p class='ocr_par' dir='ltr' id='par_1_7' title="bbox 123 399 923 436">
     <span class='ocr_line' id='line_1_7' title="bbox 123 399 923 436; baseline -0.003 -8"><span class='ocrx_word' id='word_1_45' title='bbox 123 401 390 436; x_wconf 81' lang='grc' dir='ltr'>εἱδωλολατρούντων</span> <span class='ocrx_word' id='word_1_46' title='bbox 406 400 497 435; x_wconf 73' lang='grc' dir='ltr'>ἔχουσι</span> <span class='ocrx_word' id='word_1_47' title='bbox 517 400 606 434; x_wconf 80' lang='grc' dir='ltr'>λέγειν</span> <span class='ocrx_word' id='word_1_48' title='bbox 622 400 646 426; x_wconf 74' lang='grc' dir='ltr'><strong>οἱ</strong></span> <span class='ocrx_word' id='word_1_49' title='bbox 670 399 803 431; x_wconf 85' lang='grc' dir='ltr'>Ἰουδαῖοι,</span> <span class='ocrx_word' id='word_1_50' title='bbox 821 399 868 426; x_wconf 73' lang='grc' dir='ltr'>καὶ</span> <span class='ocrx_word' id='word_1_51' title='bbox 887 399 923 426; x_wconf 88' lang='grc' dir='ltr'><strong>δί-</strong></span> 
     </span>
    </p>
   </div>
   <div class='ocr_carea' id='block_1_8' title="bbox 124 445 923 482">
    <p class='ocr_par' dir='ltr' id='par_1_8' title="bbox 124 445 923 482">
     <span class='ocr_line' id='line_1_8' title="bbox 124 445 923 482; baseline -0.003 -9"><span class='ocrx_word' id='word_1_52' title='bbox 124 456 190 474; x_wconf 56' lang='lat' dir='ltr'><strong>una</strong></span> <span class='ocrx_word' id='word_1_53' title='bbox 207 447 317 481; x_wconf 77' lang='grc' dir='ltr'>λέγουσι</span> <span class='ocrx_word' id='word_1_54' title='bbox 333 445 548 482; x_wconf 79' lang='grc' dir='ltr'>κατηγοροῦντες</span> <span class='ocrx_word' id='word_1_55' title='bbox 559 445 649 472; x_wconf 84' lang='grc' dir='ltr'>αὐτῶν</span> <span class='ocrx_word' id='word_1_56' title='bbox 662 446 695 480; x_wconf 83' lang='grc' dir='ltr'>τῇ</span> <span class='ocrx_word' id='word_1_57' title='bbox 707 445 795 472; x_wconf 80' lang='grc' dir='ltr'><strong>κτίσει</strong></span> <span class='ocrx_word' id='word_1_58' title='bbox 809 445 923 481; x_wconf 88' lang='grc' dir='ltr'>λατρευ-</span> 
     </span>
    </p>
   </div>
   <div class='ocr_carea' id='block_1_9' title="bbox 124 490 922 527">
    <p class='ocr_par' dir='ltr' id='par_1_9' title="bbox 124 490 922 527">
     <span class='ocr_line' id='line_1_9' title="bbox 124 490 922 527; baseline -0.003 -9"><span class='ocrx_word' id='word_1_59' title='bbox 124 492 212 518; x_wconf 77' lang='grc' dir='ltr'>ὀντων</span> <span class='ocrx_word' id='word_1_60' title='bbox 228 493 305 527; x_wconf 75' lang='grc' dir='ltr'>παρὰ</span> <span class='ocrx_word' id='word_1_61' title='bbox 321 492 377 527; x_wconf 87' lang='grc'><strong>(76)</strong></span> <span class='ocrx_word' id='word_1_62' title='bbox 395 491 441 517; x_wconf 79' lang='grc' dir='ltr'><strong>τὸν</strong></span> <span class='ocrx_word' id='word_1_63' title='bbox 459 491 601 517; x_wconf 83' lang='grc' dir='ltr'>κτίσαντα.</span> <span class='ocrx_word' id='word_1_64' title='bbox 623 490 691 516; x_wconf 84' lang='grc' dir='ltr'>Ἀλλ’</span> <span class='ocrx_word' id='word_1_65' title='bbox 709 491 759 525; x_wconf 83' lang='grc' dir='ltr'><strong>οὐχ</strong></span> <span class='ocrx_word' id='word_1_66' title='bbox 770 490 810 516; x_wconf 83' lang='grc' dir='ltr'>ὅτι</span> <span class='ocrx_word' id='word_1_67' title='bbox 825 490 922 516; x_wconf 75' lang='grc' dir='ltr'>δυσσέ-</span> 
     </span>
    </p>
   </div>
   <div class='ocr_carea' id='block_1_10' title="bbox 124 534 923 572">
    <p class='ocr_par' dir='ltr' id='par_1_10' title="bbox 124 534 923 572">
     <span class='ocr_line' id='line_1_10' title="bbox 124 534 923 572; baseline -0.004 -8"><span class='ocrx_word' id='word_1_68' title='bbox 124 537 201 565; x_wconf 78' lang='grc' dir='ltr'>ϐειαν</span> <span class='ocrx_word' id='word_1_69' title='bbox 223 537 376 572; x_wconf 71' lang='grc' dir='ltr'><strong>ἐλέγχουσι,</strong></span> <span class='ocrx_word' id='word_1_70' title='bbox 402 536 446 563; x_wconf 73' lang='grc' dir='ltr'><strong>διὰ</strong></span> <span class='ocrx_word' id='word_1_71' title='bbox 461 535 539 562; x_wconf 74' lang='grc' dir='ltr'>τοῦτο</span> <span class='ocrx_word' id='word_1_72' title='bbox 565 535 687 562; x_wconf 75' lang='grc' dir='ltr'>εὐσεϐεῖν</span> <span class='ocrx_word' id='word_1_73' title='bbox 706 534 923 570; x_wconf 78' lang='grc' dir='ltr'>ὁμολογηθήσον-</span> 
     </span>
    </p>
   </div>
   <div class='ocr_carea' id='block_1_11' title="bbox 123 577 921 615">
    <p class='ocr_par' dir='ltr' id='par_1_11' title="bbox 123 577 921 615">
     <span class='ocr_line' id='line_1_11' title="bbox 123 577 921 615; baseline -0.004 -5"><span class='ocrx_word' id='word_1_74' title='bbox 123 591 180 614; x_wconf 80' lang='grc' dir='ltr'>ται,</span> <span class='ocrx_word' id='word_1_75' title='bbox 203 584 249 609; x_wconf 78' lang='grc' dir='ltr'><strong>τὸν</strong></span> <span class='ocrx_word' id='word_1_76' title='bbox 267 583 331 610; x_wconf 69' lang='grc' dir='ltr'>ἴίὸν</span> <span class='ocrx_word' id='word_1_77' title='bbox 353 582 400 608; x_wconf 82' lang='grc' dir='ltr'>τοῦ</span> <span class='ocrx_word' id='word_1_78' title='bbox 422 581 500 612; x_wconf 76' lang='grc' dir='ltr'>Θεοῦ,</span> <span class='ocrx_word' id='word_1_79' title='bbox 515 581 549 607; x_wconf 86' lang='grc' dir='ltr'>δι’</span> <span class='ocrx_word' id='word_1_80' title='bbox 574 577 605 606; x_wconf 75' lang='grc' dir='ltr'>οὗ</span> <span class='ocrx_word' id='word_1_81' title='bbox 626 582 660 608; x_wconf 80' lang='grc' dir='ltr'><strong>τὰ</strong></span> <span class='ocrx_word' id='word_1_82' title='bbox 686 581 775 608; x_wconf 81' lang='grc' dir='ltr'>πάντα</span> <span class='ocrx_word' id='word_1_83' title='bbox 799 581 921 615; x_wconf 70' lang='grc' dir='ltr'>γέγονεν»</span> 
     </span>
    </p>
   </div>
   <div class='ocr_carea' id='block_1_12' title="bbox 123 626 922 665">
    <p class='ocr_par' dir='ltr' id='par_1_12' title="bbox 123 626 922 665">
     <span class='ocr_line' id='line_1_12' title="bbox 123 626 922 665; baseline -0.006 -8"><span class='ocrx_word' id='word_1_84' title='bbox 123 629 298 665; x_wconf 73' lang='grc' dir='ltr'>ἀρνούμενοι,</span> <span class='ocrx_word' id='word_1_85' title='bbox 319 628 366 655; x_wconf 65' lang='grc' dir='ltr'><strong>καὶ</strong></span> <span class='ocrx_word' id='word_1_86' title='bbox 387 629 443 659; x_wconf 83' lang='grc' dir='ltr'>τοῖς</span> <span class='ocrx_word' id='word_1_87' title='bbox 457 627 490 654; x_wconf 80' lang='grc' dir='ltr'><strong>δι’</strong></span> <span class='ocrx_word' id='word_1_88' title='bbox 507 627 591 654; x_wconf 83' lang='grc' dir='ltr'>αὐτοῦ</span> <span class='ocrx_word' id='word_1_89' title='bbox 613 627 659 653; x_wconf 76' lang='grc' dir='ltr'><strong>τὸν</strong></span> <span class='ocrx_word' id='word_1_90' title='bbox 676 627 788 663; x_wconf 84' lang='grc' dir='ltr'>Πατέρα</span> <span class='ocrx_word' id='word_1_91' title='bbox 808 626 922 661; x_wconf 73' lang='grc' dir='ltr'>σεϐομέ-</span> 
     </span>
    </p>
   </div>
   <div class='ocr_carea' id='block_1_13' title="bbox 123 672 923 709">
    <p class='ocr_par' dir='ltr' id='par_1_13' title="bbox 123 672 923 709">
     <span class='ocr_line' id='line_1_13' title="bbox 123 672 923 709; baseline -0.005 -7"><span class='ocrx_word' id='word_1_92' title='bbox 123 684 182 707; x_wconf 82' lang='grc' dir='ltr'>νοις</span> <span class='ocrx_word' id='word_1_93' title='bbox 202 674 382 709; x_wconf 73' lang='grc' dir='ltr'><strong>ἐγκαλοῦντες</strong></span> <span class='ocrx_word' id='word_1_94' title='bbox 400 673 593 709; x_wconf 81' lang='grc' dir='ltr'>πολυθεότητα.</span> <span class='ocrx_word' id='word_1_95' title='bbox 608 674 707 708; x_wconf 80' lang='grc' dir='ltr'>Διόπερ</span> <span class='ocrx_word' id='word_1_96' title='bbox 723 672 923 708; x_wconf 76' lang='grc' dir='ltr'>ἐξεληλύθαμεν</span> 
     </span>
    </p>
   </div>
   <div class='ocr_carea' id='block_1_14' title="bbox 123 719 923 757">
    <p class='ocr_par' dir='ltr' id='par_1_14' title="bbox 123 719 923 757">
     <span class='ocr_line' id='line_1_14' title="bbox 123 719 923 757; baseline -0.004 -9"><span class='ocrx_word' id='word_1_97' title='bbox 123 722 156 755; x_wconf 76' lang='grc' dir='ltr'><strong>ἐξ</strong></span> <span class='ocrx_word' id='word_1_98' title='bbox 174 720 321 757; x_wconf 80' lang='grc' dir='ltr'>Ἑλλήνων,</span> <span class='ocrx_word' id='word_1_99' title='bbox 337 721 385 747; x_wconf 78' lang='grc' dir='ltr'>καὶ</span> <span class='ocrx_word' id='word_1_100' title='bbox 401 719 589 756; x_wconf 79' lang='grc' dir='ltr'>ἁφωρίσμεῧα,</span> <span class='ocrx_word' id='word_1_101' title='bbox 607 719 675 755; x_wconf 76' lang='grc' dir='ltr'>πρὸς</span> <span class='ocrx_word' id='word_1_102' title='bbox 688 719 717 746; x_wconf 75' lang='grc' dir='ltr'>τὸ</span> <span class='ocrx_word' id='word_1_103' title='bbox 735 719 771 754; x_wconf 86' lang='grc' dir='ltr'>μὴ</span> <span class='ocrx_word' id='word_1_104' title='bbox 787 720 846 750; x_wconf 83' lang='grc' dir='ltr'>ταῖς</span> <span class='ocrx_word' id='word_1_105' title='bbox 858 719 923 745; x_wconf 85' lang='grc' dir='ltr'>ἀκα-</span> 
     </span>
    </p>
   </div>
   <div class='ocr_carea' id='block_1_15' title="bbox 125 764 922 803">
    <p class='ocr_par' dir='ltr' id='par_1_15' title="bbox 125 764 922 803">
     <span class='ocr_line' id='line_1_15' title="bbox 125 764 922 803; baseline -0.005 -9"><span class='ocrx_word' id='word_1_106' title='bbox 125 768 238 803; x_wconf 82' lang='grc' dir='ltr'>Θάρτοις</span> <span class='ocrx_word' id='word_1_107' title='bbox 256 766 492 802; x_wconf 83' lang='grc' dir='ltr'>είδωλολατρείαις</span> <span class='ocrx_word' id='word_1_108' title='bbox 514 765 715 800; x_wconf 79' lang='grc' dir='ltr'>ἀναμίγνυσθαι</span> <span class='ocrx_word' id='word_1_109' title='bbox 728 774 734 780; x_wconf 81' lang='grc'><strong>·</strong></span> <span class='ocrx_word' id='word_1_110' title='bbox 754 764 922 799; x_wconf 76' lang='grc' dir='ltr'>ἐξεληλύθα-</span> 
     </span>
    </p>
   </div>
   <div class='ocr_carea' id='block_1_16' title="bbox 126 811 921 849">
    <p class='ocr_par' dir='ltr' id='par_1_16' title="bbox 126 811 921 849">
     <span class='ocr_line' id='line_1_16' title="bbox 126 811 921 849; baseline -0.005 -9"><span class='ocrx_word' id='word_1_111' title='bbox 126 823 178 849; x_wconf 85' lang='grc' dir='ltr'><strong>μεν</strong></span> <span class='ocrx_word' id='word_1_112' title='bbox 199 814 229 840; x_wconf 78' lang='grc' dir='ltr'><strong>δὲ</strong></span> <span class='ocrx_word' id='word_1_113' title='bbox 246 814 292 840; x_wconf 68' lang='grc' dir='ltr'>καὶ</span> <span class='ocrx_word' id='word_1_114' title='bbox 309 814 340 839; x_wconf 83' lang='grc' dir='ltr'>ὲκ</span> <span class='ocrx_word' id='word_1_115' title='bbox 364 813 413 848; x_wconf 84' lang='grc' dir='ltr'>τῆς</span> <span class='ocrx_word' id='word_1_116' title='bbox 433 812 486 839; x_wconf 83' lang='grc' dir='ltr'>τῶν</span> <span class='ocrx_word' id='word_1_117' title='bbox 508 812 642 838; x_wconf 74' lang='grc' dir='ltr'><strong>Ἰουδαίων</strong></span> <span class='ocrx_word' id='word_1_118' title='bbox 670 811 854 846; x_wconf 70' lang='grc' dir='ltr'><strong>βλασφημίας,</strong></span> <span class='ocrx_word' id='word_1_119' title='bbox 876 811 921 836; x_wconf 79' lang='grc' dir='ltr'><strong>τὸν</strong></span> 
     </span>
    </p>
   </div>
   <div class='ocr_carea' id='block_1_17' title="bbox 126 856 921 895">
    <p class='ocr_par' dir='ltr' id='par_1_17' title="bbox 126 856 921 895">
     <span class='ocr_line' id='line_1_17' title="bbox 126 856 921 895; baseline -0.005 -9"><span class='ocrx_word' id='word_1_120' title='bbox 126 860 193 886; x_wconf 80' lang='grc' dir='ltr'>Υἱδν</span> <span class='ocrx_word' id='word_1_121' title='bbox 203 860 422 895; x_wconf 79' lang='grc' dir='ltr'>ὁμολογήσαντες</span> <span class='ocrx_word' id='word_1_122' title='bbox 435 857 482 884; x_wconf 82' lang='grc' dir='ltr'>τοῦ</span> <span class='ocrx_word' id='word_1_123' title='bbox 495 858 574 889; x_wconf 78' lang='grc' dir='ltr'>Θεοῦ,</span> <span class='ocrx_word' id='word_1_124' title='bbox 593 858 640 884; x_wconf 82' lang='grc' dir='ltr'><strong>καὶ</strong></span> <span class='ocrx_word' id='word_1_125' title='bbox 657 858 787 892; x_wconf 74' lang='grc' dir='ltr'>φυγόντες</span> <span class='ocrx_word' id='word_1_126' title='bbox 799 857 847 891; x_wconf 78' lang='grc' dir='ltr'>τὴν</span> <span class='ocrx_word' id='word_1_127' title='bbox 864 856 921 882; x_wconf 79' lang='grc' dir='ltr'><strong>ὀλέ-</strong></span> 
     </span>
    </p>
   </div>
   <div class='ocr_carea' id='block_1_18' title="bbox 972 262 1758 299">
    <p class='ocr_par' dir='ltr' id='par_1_18' title="bbox 972 262 1758 299">
     <span class='ocr_line' id='line_1_18' title="bbox 972 262 1758 299; baseline 0.004 -11"><span class='ocrx_word' id='word_1_128' title='bbox 972 262 1108 290; x_wconf 85' lang='lat' dir='ltr'><strong>adversati</strong></span> <span class='ocrx_word' id='word_1_129' title='bbox 1124 266 1198 290; x_wconf 86' lang='lat' dir='ltr'><strong>sunt.</strong></span> <span class='ocrx_word' id='word_1_130' title='bbox 1212 262 1331 298; x_wconf 87' lang='lat' dir='ltr'><strong>Ideoque</strong></span> <span class='ocrx_word' id='word_1_131' title='bbox 1347 271 1401 291; x_wconf 84' lang='lat' dir='ltr'><strong>non</strong></span> <span class='ocrx_word' id='word_1_132' title='bbox 1420 263 1518 291; x_wconf 80' lang='lat' dir='ltr'><strong>sulﬁcit</strong></span> <span class='ocrx_word' id='word_1_133' title='bbox 1539 264 1672 299; x_wconf 86' lang='lat' dir='ltr'><strong>impietati</strong></span> <span class='ocrx_word' id='word_1_134' title='bbox 1683 264 1758 292; x_wconf 86' lang='lat' dir='ltr'><strong>obsi-</strong></span> 
     </span>
    </p>
   </div>
   <div class='ocr_carea' id='block_1_19' title="bbox 971 308 1758 343">
    <p class='ocr_par' dir='ltr' id='par_1_19' title="bbox 971 308 1758 343">
     <span class='ocr_line' id='line_1_19' title="bbox 971 308 1758 343; baseline 0.004 -9"><span class='ocrx_word' id='word_1_135' title='bbox 971 313 1054 340; x_wconf 86' lang='lat' dir='ltr'><strong>stere,</strong></span> <span class='ocrx_word' id='word_1_136' title='bbox 1071 308 1124 336; x_wconf 89' lang='lat' dir='ltr'><strong>nisi</strong></span> <span class='ocrx_word' id='word_1_137' title='bbox 1138 309 1248 343; x_wconf 83' lang='lat' dir='ltr'><strong>pietatis</strong></span> <span class='ocrx_word' id='word_1_138' title='bbox 1261 317 1345 337; x_wconf 87' lang='lat' dir='ltr'><strong>causa</strong></span> <span class='ocrx_word' id='word_1_139' title='bbox 1367 309 1405 337; x_wconf 82' lang='lat' dir='ltr'><strong>illi</strong></span> <span class='ocrx_word' id='word_1_140' title='bbox 1430 310 1590 337; x_wconf 90' lang='lat' dir='ltr'><strong>obsistatur.</strong></span> <span class='ocrx_word' id='word_1_141' title='bbox 1612 309 1641 336; x_wconf 94' lang='lat' dir='ltr'><strong>ln</strong></span> <span class='ocrx_word' id='word_1_142' title='bbox 1664 311 1758 338; x_wconf 85' lang='lat' dir='ltr'><strong>multis</strong></span> 
     </span>
    </p>
   </div>
   <div class='ocr_carea' id='block_1_20' title="bbox 972 355 1758 390">
    <p class='ocr_par' dir='ltr' id='par_1_20' title="bbox 972 355 1758 390">
     <span class='ocr_line' id='line_1_20' title="bbox 972 355 1758 390; baseline 0.001 -9"><span class='ocrx_word' id='word_1_143' title='bbox 972 355 1156 389; x_wconf 74' lang='lat' dir='ltr'><strong>gravibusque</strong></span> <span class='ocrx_word' id='word_1_144' title='bbox 1171 355 1254 383; x_wconf 87' lang='lat' dir='ltr'><strong>rebus</strong></span> <span class='ocrx_word' id='word_1_145' title='bbox 1278 355 1362 383; x_wconf 64' lang='lat' dir='ltr'><strong>Judaei</strong></span> <span class='ocrx_word' id='word_1_146' title='bbox 1390 355 1549 382; x_wconf 79' lang='lat' dir='ltr'><strong>idololatras</strong></span> <span class='ocrx_word' id='word_1_147' title='bbox 1564 362 1679 390; x_wconf 69' lang='lat' dir='ltr'><strong>arguere</strong></span> <span class='ocrx_word' id='word_1_148' title='bbox 1694 363 1758 390; x_wconf 89' lang='lat' dir='ltr'><strong>pos-</strong></span> 
     </span>
    </p>
   </div>
   <div class='ocr_carea' id='block_1_21' title="bbox 972 400 1757 437">
    <p class='ocr_par' dir='ltr' id='par_1_21' title="bbox 972 400 1757 437">
     <span class='ocr_line' id='line_1_21' title="bbox 972 400 1757 437; baseline 0.004 -11"><span class='ocrx_word' id='word_1_149' title='bbox 972 405 1046 431; x_wconf 81' lang='lat' dir='ltr'><strong>sunt.</strong></span> <span class='ocrx_word' id='word_1_150' title='bbox 1063 400 1184 435; x_wconf 88' lang='lat' dir='ltr'><strong>ipsisque</strong></span> <span class='ocrx_word' id='word_1_151' title='bbox 1192 401 1267 436; x_wconf 83' lang='lat' dir='ltr'><strong>justa</strong></span> <span class='ocrx_word' id='word_1_152' title='bbox 1279 401 1313 429; x_wconf 86' lang='lat' dir='ltr'><strong>de</strong></span> <span class='ocrx_word' id='word_1_153' title='bbox 1325 409 1408 429; x_wconf 87' lang='lat' dir='ltr'><strong>causa</strong></span> <span class='ocrx_word' id='word_1_154' title='bbox 1424 402 1532 429; x_wconf 88' lang='lat' dir='ltr'><strong>crimini</strong></span> <span class='ocrx_word' id='word_1_155' title='bbox 1549 405 1669 433; x_wconf 76' lang='lat' dir='ltr'><strong>vertunt,</strong></span> <span class='ocrx_word' id='word_1_156' title='bbox 1684 401 1757 437; x_wconf 70' lang='lat' dir='ltr'><strong>quod</strong></span> 
     </span>
    </p>
   </div>
   <div class='ocr_carea' id='block_1_22' title="bbox 972 447 1756 482">
    <p class='ocr_par' dir='ltr' id='par_1_22' title="bbox 972 447 1756 482">
     <span class='ocr_line' id='line_1_22' title="bbox 972 447 1756 482; baseline 0 -10"><span class='ocrx_word' id='word_1_157' title='bbox 972 450 1106 473; x_wconf 69' lang='lat' dir='ltr'><strong>creatura:</strong></span> <span class='ocrx_word' id='word_1_158' title='bbox 1120 447 1210 481; x_wconf 88' lang='lat' dir='ltr'><strong>potius</strong></span> <span class='ocrx_word' id='word_1_159' title='bbox 1228 455 1310 482; x_wconf 89' lang='lat' dir='ltr'><strong>quam</strong></span> <span class='ocrx_word' id='word_1_160' title='bbox 1337 448 1453 475; x_wconf 73' lang='lat' dir='ltr'><strong>creatori</strong></span> <span class='ocrx_word' id='word_1_161' title='bbox 1480 449 1610 475; x_wconf 74' lang='lat' dir='ltr'><strong>serviant.</strong></span> <span class='ocrx_word' id='word_1_162' title='bbox 1633 447 1689 474; x_wconf 86' lang='lat' dir='ltr'><strong>Nec</strong></span> <span class='ocrx_word' id='word_1_163' title='bbox 1715 453 1756 475; x_wconf 77' lang='lat' dir='ltr'><strong>In-</strong></span> 
     </span>
    </p>
   </div>
   <div class='ocr_carea' id='block_1_23' title="bbox 973 492 1758 528">
    <p class='ocr_par' dir='ltr' id='par_1_23' title="bbox 973 492 1758 528">
     <span class='ocr_line' id='line_1_23' title="bbox 973 492 1758 528; baseline 0.003 -10"><span class='ocrx_word' id='word_1_164' title='bbox 973 499 1034 519; x_wconf 93' lang='lat' dir='ltr'><strong>men</strong></span> <span class='ocrx_word' id='word_1_165' title='bbox 1048 500 1081 519; x_wconf 91' lang='lat' dir='ltr'><strong>eo</strong></span> <span class='ocrx_word' id='word_1_166' title='bbox 1095 492 1169 527; x_wconf 92' lang='lat' dir='ltr'><strong>quod</strong></span> <span class='ocrx_word' id='word_1_167' title='bbox 1185 492 1353 527; x_wconf 76' lang='lat' dir='ltr'><strong>impietatem</strong></span> <span class='ocrx_word' id='word_1_168' title='bbox 1377 498 1503 528; x_wconf 77' lang='lat' dir='ltr'><strong>arguant,</strong></span> <span class='ocrx_word' id='word_1_169' title='bbox 1521 493 1585 520; x_wconf 85' lang='lat' dir='ltr'><strong>hinc</strong></span> <span class='ocrx_word' id='word_1_170' title='bbox 1601 494 1642 528; x_wconf 89' lang='lat' dir='ltr'><strong>pie</strong></span> <span class='ocrx_word' id='word_1_171' title='bbox 1656 493 1758 520; x_wconf 84' lang='lat' dir='ltr'><strong>sentire</strong></span> 
     </span>
    </p>
   </div>
   <div class='ocr_carea' id='block_1_24' title="bbox 973 538 1758 575">
    <p class='ocr_par' dir='ltr' id='par_1_24' title="bbox 973 538 1758 575">
     <span class='ocr_line' id='line_1_24' title="bbox 973 538 1758 575; baseline 0.003 -11"><span class='ocrx_word' id='word_1_172' title='bbox 973 542 1168 573; x_wconf 80' lang='lat' dir='ltr'><strong>agnoscentur,</strong></span> <span class='ocrx_word' id='word_1_173' title='bbox 1183 538 1247 565; x_wconf 88' lang='lat' dir='ltr'><strong>dum</strong></span> <span class='ocrx_word' id='word_1_174' title='bbox 1273 538 1373 565; x_wconf 83' lang='lat' dir='ltr'><strong>Filium</strong></span> <span class='ocrx_word' id='word_1_175' title='bbox 1400 538 1458 572; x_wconf 90' lang='lat' dir='ltr'><strong>Dei,</strong></span> <span class='ocrx_word' id='word_1_176' title='bbox 1490 547 1539 575; x_wconf 86' lang='lat' dir='ltr'><strong>per</strong></span> <span class='ocrx_word' id='word_1_177' title='bbox 1562 547 1642 574; x_wconf 84' lang='lat' dir='ltr'><strong>quem</strong></span> <span class='ocrx_word' id='word_1_178' title='bbox 1666 540 1758 566; x_wconf 85' lang='lat' dir='ltr'><strong>omnia</strong></span> 
     </span>
    </p>
   </div>
   <div class='ocr_carea' id='block_1_25' title="bbox 975 583 1757 620">
    <p class='ocr_par' dir='ltr' id='par_1_25' title="bbox 975 583 1757 620">
     <span class='ocr_line' id='line_1_25' title="bbox 975 583 1757 620; baseline 0 -10"><span class='ocrx_word' id='word_1_179' title='bbox 975 583 1044 610; x_wconf 81' lang='lat' dir='ltr'><strong>facta</strong></span> <span class='ocrx_word' id='word_1_180' title='bbox 1063 589 1137 617; x_wconf 85' lang='lat' dir='ltr'><strong>sunt,</strong></span> <span class='ocrx_word' id='word_1_181' title='bbox 1161 588 1262 619; x_wconf 82' lang='lat' dir='ltr'><strong>negant</strong></span> <span class='ocrx_word' id='word_1_182' title='bbox 1279 593 1285 610; x_wconf 90' lang='lat'><strong>:</strong></span> <span class='ocrx_word' id='word_1_183' title='bbox 1304 589 1330 612; x_wconf 90' lang='lat' dir='ltr'><strong>et</strong></span> <span class='ocrx_word' id='word_1_184' title='bbox 1343 584 1407 612; x_wconf 91' lang='lat' dir='ltr'><strong>dum</strong></span> <span class='ocrx_word' id='word_1_185' title='bbox 1435 592 1492 616; x_wconf 90' lang='lat' dir='ltr'><strong>eos,</strong></span> <span class='ocrx_word' id='word_1_186' title='bbox 1509 585 1555 619; x_wconf 90' lang='lat' dir='ltr'><strong>qui</strong></span> <span class='ocrx_word' id='word_1_187' title='bbox 1582 593 1629 619; x_wconf 82' lang='lat' dir='ltr'><strong>per</strong></span> <span class='ocrx_word' id='word_1_188' title='bbox 1656 585 1757 620; x_wconf 77' lang='lat' dir='ltr'><strong>ipsum.</strong></span> 
     </span>
    </p>
   </div>
   <div class='ocr_carea' id='block_1_26' title="bbox 974 629 1758 666">
    <p class='ocr_par' dir='ltr' id='par_1_26' title="bbox 974 629 1758 666">
     <span class='ocr_line' id='line_1_26' title="bbox 974 629 1758 666; baseline 0.003 -10"><span class='ocrx_word' id='word_1_189' title='bbox 974 629 1080 656; x_wconf 81' lang='lat' dir='ltr'><strong>Patrem</strong></span> <span class='ocrx_word' id='word_1_190' title='bbox 1093 630 1198 661; x_wconf 88' lang='lat' dir='ltr'><strong>colunt,</strong></span> <span class='ocrx_word' id='word_1_191' title='bbox 1208 631 1327 657; x_wconf 76' lang='lat' dir='ltr'><strong>inductre</strong></span> <span class='ocrx_word' id='word_1_192' title='bbox 1338 631 1451 658; x_wconf 87' lang='lat' dir='ltr'><strong>deorum</strong></span> <span class='ocrx_word' id='word_1_193' title='bbox 1465 631 1675 666; x_wconf 85' lang='lat' dir='ltr'><strong>multiplicitatis</strong></span> <span class='ocrx_word' id='word_1_194' title='bbox 1688 631 1758 658; x_wconf 55' lang='lat' dir='ltr'><strong>insi‘</strong></span> 
     </span>
    </p>
   </div>
   <div class='ocr_carea' id='block_1_27' title="bbox 974 675 1758 709">
    <p class='ocr_par' dir='ltr' id='par_1_27' title="bbox 974 675 1758 709">
     <span class='ocr_line' id='line_1_27' title="bbox 974 675 1758 709; baseline 0.003 -8"><span class='ocrx_word' id='word_1_195' title='bbox 974 676 1087 702; x_wconf 86' lang='lat' dir='ltr'><strong>mulant.</strong></span> <span class='ocrx_word' id='word_1_196' title='bbox 1100 675 1235 708; x_wconf 81' lang='lat' dir='ltr'><strong>Quocirca</strong></span> <span class='ocrx_word' id='word_1_197' title='bbox 1254 676 1287 702; x_wconf 92' lang='lat' dir='ltr'><strong>ab</strong></span> <span class='ocrx_word' id='word_1_198' title='bbox 1315 675 1431 704; x_wconf 87' lang='lat' dir='ltr'><strong>ethnicis</strong></span> <span class='ocrx_word' id='word_1_199' title='bbox 1454 677 1644 709; x_wconf 82' lang='lat' dir='ltr'><strong>discessimus,</strong></span> <span class='ocrx_word' id='word_1_200' title='bbox 1663 677 1697 703; x_wconf 89' lang='lat' dir='ltr'><strong>ab</strong></span> <span class='ocrx_word' id='word_1_201' title='bbox 1714 677 1758 704; x_wconf 90' lang='lat' dir='ltr'><strong>iis-</strong></span> 
     </span>
    </p>
   </div>
   <div class='ocr_carea' id='block_1_28' title="bbox 972 721 1758 756">
    <p class='ocr_par' dir='ltr' id='par_1_28' title="bbox 972 721 1758 756">
     <span class='ocr_line' id='line_1_28' title="bbox 972 721 1758 756; baseline 0.001 -9"><span class='ocrx_word' id='word_1_202' title='bbox 972 729 1025 755; x_wconf 84' lang='lat' dir='ltr'><strong>que</strong></span> <span class='ocrx_word' id='word_1_203' title='bbox 1043 721 1178 756; x_wconf 74' lang='lat' dir='ltr'><strong>segregati</strong></span> <span class='ocrx_word' id='word_1_204' title='bbox 1198 729 1304 752; x_wconf 83' lang='lat' dir='ltr'><strong>smnus,</strong></span> <span class='ocrx_word' id='word_1_205' title='bbox 1321 729 1355 748; x_wconf 84' lang='lat' dir='ltr'><strong>ne</strong></span> <span class='ocrx_word' id='word_1_206' title='bbox 1377 721 1485 755; x_wconf 84' lang='lat' dir='ltr'><strong>impuro</strong></span> <span class='ocrx_word' id='word_1_207' title='bbox 1514 721 1648 748; x_wconf 71' lang='lat' dir='ltr'><strong>idolorum</strong></span> <span class='ocrx_word' id='word_1_208' title='bbox 1673 722 1758 748; x_wconf 84' lang='lat' dir='ltr'><strong>cultui</strong></span> 
     </span>
    </p>
   </div>
   <div class='ocr_carea' id='block_1_29' title="bbox 973 766 1759 803">
    <p class='ocr_par' dir='ltr' id='par_1_29' title="bbox 973 766 1759 803">
     <span class='ocr_line' id='line_1_29' title="bbox 973 766 1759 803; baseline 0.003 -11"><span class='ocrx_word' id='word_1_209' title='bbox 973 766 1189 793; x_wconf 83' lang='lat' dir='ltr'><strong>admisceremur</strong></span> <span class='ocrx_word' id='word_1_210' title='bbox 1206 777 1212 794; x_wconf 87' lang='lat'><strong>:</strong></span> <span class='ocrx_word' id='word_1_211' title='bbox 1232 774 1246 793; x_wconf 85' lang='lat' dir='ltr'><strong>a</strong></span> <span class='ocrx_word' id='word_1_212' title='bbox 1270 766 1425 794; x_wconf 74' lang='lat' dir='ltr'><strong>Judzeorum</strong></span> <span class='ocrx_word' id='word_1_213' title='bbox 1451 775 1561 802; x_wconf 90' lang='lat' dir='ltr'><strong>quoque</strong></span> <span class='ocrx_word' id='word_1_214' title='bbox 1590 768 1759 803; x_wconf 74' lang='lat' dir='ltr'><strong>blaSpbemia</strong></span> 
     </span>
    </p>
   </div>
   <div class='ocr_carea' id='block_1_30' title="bbox 973 812 1760 846">
    <p class='ocr_par' dir='ltr' id='par_1_30' title="bbox 973 812 1760 846">
     <span class='ocr_line' id='line_1_30' title="bbox 973 812 1760 846; baseline 0.004 -9"><span class='ocrx_word' id='word_1_215' title='bbox 973 813 1172 845; x_wconf 84' lang='lat' dir='ltr'><strong>abscessimus,</strong></span> <span class='ocrx_word' id='word_1_216' title='bbox 1185 821 1247 840; x_wconf 86' lang='lat' dir='ltr'><strong>cum</strong></span> <span class='ocrx_word' id='word_1_217' title='bbox 1265 812 1312 840; x_wconf 87' lang='lat' dir='ltr'><strong>Dei</strong></span> <span class='ocrx_word' id='word_1_218' title='bbox 1342 813 1439 840; x_wconf 80' lang='lat' dir='ltr'><strong>Filium</strong></span> <span class='ocrx_word' id='word_1_219' title='bbox 1464 813 1583 841; x_wconf 76' lang='lat' dir='ltr'><strong>confessi</strong></span> <span class='ocrx_word' id='word_1_220' title='bbox 1599 821 1706 846; x_wconf 74' lang='lat' dir='ltr'><strong>sumus,</strong></span> <span class='ocrx_word' id='word_1_221' title='bbox 1718 818 1760 840; x_wconf 85' lang='lat' dir='ltr'><strong>at-</strong></span> 
     </span>
    </p>
   </div>
   <div class='ocr_carea' id='block_1_31' title="bbox 973 859 1759 896">
    <p class='ocr_par' dir='ltr' id='par_1_31' title="bbox 973 859 1759 896">
     <span class='ocr_line' id='line_1_31' title="bbox 973 859 1759 896; baseline 0.003 -10"><span class='ocrx_word' id='word_1_222' title='bbox 973 867 1025 894; x_wconf 91' lang='lat' dir='ltr'><strong>que</strong></span> <span class='ocrx_word' id='word_1_223' title='bbox 1054 859 1199 894; x_wconf 78' lang='lat' dir='ltr'><strong>cﬁ&#39;ugimus</strong></span> <span class='ocrx_word' id='word_1_224' title='bbox 1217 860 1400 895; x_wconf 82' lang='lat' dir='ltr'><strong>perniciosam</strong></span> <span class='ocrx_word' id='word_1_225' title='bbox 1425 860 1631 896; x_wconf 80' lang='lat' dir='ltr'><strong>abuegatiouem</strong></span> <span class='ocrx_word' id='word_1_226' title='bbox 1653 860 1759 888; x_wconf 79' lang='lat' dir='ltr'><strong>Domini</strong></span> 
     </span>
    </p>
   </div>
   <div class='ocr_carea' id='block_1_32' title="bbox 126 903 923 942">
    <p class='ocr_par' dir='ltr' id='par_1_32' title="bbox 126 903 920 941">
     <span class='ocr_line' id='line_1_32' title="bbox 126 903 920 941; baseline -0.005 -9"><span class='ocrx_word' id='word_1_227' title='bbox 126 906 204 941; x_wconf 83' lang='grc' dir='ltr'>θριον</span> <span class='ocrx_word' id='word_1_228' title='bbox 218 906 333 941; x_wconf 76' lang='grc' dir='ltr'>ἄρνησιν</span> <span class='ocrx_word' id='word_1_229' title='bbox 347 905 394 931; x_wconf 71' lang='grc' dir='ltr'><strong>τοῦ</strong></span> <span class='ocrx_word' id='word_1_230' title='bbox 411 904 513 940; x_wconf 78' lang='grc' dir='ltr'>Κυρίου</span> <span class='ocrx_word' id='word_1_231' title='bbox 529 903 618 939; x_wconf 76' lang='grc' dir='ltr'>ἡμῶν,</span> <span class='ocrx_word' id='word_1_232' title='bbox 635 903 681 929; x_wconf 81' lang='grc' dir='ltr'>τοῦ</span> <span class='ocrx_word' id='word_1_233' title='bbox 693 903 832 937; x_wconf 77' lang='grc' dir='ltr'>λέγοντος·</span> <span class='ocrx_word' id='word_1_234' title='bbox 851 912 860 928; x_wconf 67' lang='grc' dir='ltr'><strong>ι</strong></span> <span class='ocrx_word' id='word_1_235' title='bbox 873 903 920 934; x_wconf 81' lang='grc' dir='ltr'>Ὃς</span> 
     </span>
    </p>
   </div>
   <div class='ocr_carea' id='block_1_33' title="bbox 979 903 1759 942">
    <p class='ocr_par' dir='ltr' id='par_1_33' title="bbox 979 904 1759 940">
     <span class='ocr_line' id='line_1_33' title="bbox 979 904 1759 940; baseline 0 -8"><span class='ocrx_word' id='word_1_236' title='bbox 979 906 1060 933; x_wconf 66' lang='grc' dir='ltr'>ιοειιεί</span> <span class='ocrx_word' id='word_1_237' title='bbox 1077 906 1212 933; x_wconf 84' lang='lat' dir='ltr'><strong>dicentis:</strong></span> <span class='ocrx_word' id='word_1_238' title='bbox 1228 915 1237 930; x_wconf 77' lang='grc' dir='ltr'><strong>ι</strong></span> <span class='ocrx_word' id='word_1_239' title='bbox 1253 905 1303 938; x_wconf 86' lang='lat' dir='ltr'><strong>Qui</strong></span> <span class='ocrx_word' id='word_1_240' title='bbox 1322 904 1411 932; x_wconf 77' lang='lat' dir='ltr'><strong>autem</strong></span> <span class='ocrx_word' id='word_1_241' title='bbox 1443 907 1581 940; x_wconf 79' lang='lat' dir='ltr'><strong>negaverit</strong></span> <span class='ocrx_word' id='word_1_242' title='bbox 1604 913 1647 934; x_wconf 91' lang='lat' dir='ltr'><strong>me</strong></span> <span class='ocrx_word' id='word_1_243' title='bbox 1668 913 1759 933; x_wconf 87' lang='lat' dir='ltr'><strong>coram</strong></span> 
     </span>
    </p>
   </div>
   <div class='ocr_carea' id='block_1_34' title="bbox 125 949 920 987">
    <p class='ocr_par' dir='ltr' id='par_1_34' title="bbox 125 949 920 987">
     <span class='ocr_line' id='line_1_34' title="bbox 125 949 920 987; baseline -0.006 -8"><span class='ocrx_word' id='word_1_244' title='bbox 125 953 150 979; x_wconf 76' lang='grc' dir='ltr'><strong>δ’</strong></span> <span class='ocrx_word' id='word_1_245' title='bbox 167 952 200 979; x_wconf 77' lang='grc' dir='ltr'><strong>ἂν</strong></span> <span class='ocrx_word' id='word_1_246' title='bbox 215 951 367 987; x_wconf 81' lang='grc' dir='ltr'>ἀρνήσηταί</span> <span class='ocrx_word' id='word_1_247' title='bbox 380 959 413 986; x_wconf 90' lang='grc' dir='ltr'><strong>με</strong></span> <span class='ocrx_word' id='word_1_248' title='bbox 427 950 581 986; x_wconf 79' lang='grc' dir='ltr'>ἔμπροσθεν</span> <span class='ocrx_word' id='word_1_249' title='bbox 593 949 646 975; x_wconf 82' lang='grc' dir='ltr'><strong>τῶν</strong></span> <span class='ocrx_word' id='word_1_250' title='bbox 659 949 820 985; x_wconf 78' lang='grc' dir='ltr'>ἀνθρώπων,</span> <span class='ocrx_word' id='word_1_251' title='bbox 835 949 920 983; x_wconf 86' lang='grc' dir='ltr'>ἀρνή-</span> 
     </span>
    </p>
   </div>
   <div class='ocr_carea' id='block_1_35' title="bbox 128 994 921 1033">
    <p class='ocr_par' dir='ltr' id='par_1_35' title="bbox 128 994 921 1033">
     <span class='ocr_line' id='line_1_35' title="bbox 128 994 921 1033; baseline -0.006 -8"><span class='ocrx_word' id='word_1_252' title='bbox 128 1007 214 1033; x_wconf 79' lang='grc' dir='ltr'>σομαι</span> <span class='ocrx_word' id='word_1_253' title='bbox 233 998 313 1025; x_wconf 69' lang='grc' dir='ltr'>αὑτὸν</span> <span class='ocrx_word' id='word_1_254' title='bbox 331 997 484 1032; x_wconf 72' lang='grc' dir='ltr'>ἔμπροσθεν</span> <span class='ocrx_word' id='word_1_255' title='bbox 501 996 547 1022; x_wconf 82' lang='grc' dir='ltr'>τοῦ</span> <span class='ocrx_word' id='word_1_256' title='bbox 566 995 672 1031; x_wconf 79' lang='grc' dir='ltr'>Πατρός</span> <span class='ocrx_word' id='word_1_257' title='bbox 687 1004 737 1030; x_wconf 79' lang='grc' dir='ltr'><strong>μου</strong></span> <span class='ocrx_word' id='word_1_258' title='bbox 754 994 801 1021; x_wconf 81' lang='grc' dir='ltr'>τοῦ</span> <span class='ocrx_word' id='word_1_259' title='bbox 820 995 848 1020; x_wconf 77' lang='grc' dir='ltr'>ἐν</span> <span class='ocrx_word' id='word_1_260' title='bbox 866 996 921 1026; x_wconf 88' lang='grc' dir='ltr'>τοῖς</span> 
     </span>
    </p>
   </div>
   <div class='ocr_carea' id='block_1_36' title="bbox 127 1040 920 1080">
    <p class='ocr_par' dir='ltr' id='par_1_36' title="bbox 127 1040 920 1080">
     <span class='ocr_line' id='line_1_36' title="bbox 127 1040 920 1080; baseline -0.009 -8"><span class='ocrx_word' id='word_1_261' title='bbox 127 1045 263 1080; x_wconf 73' lang='grc' dir='ltr'>οὐρανοῖς.</span> <span class='ocrx_word' id='word_1_262' title='bbox 284 1053 293 1069; x_wconf 75' lang='grc' dir='ltr'><strong>ι</strong></span> <span class='ocrx_word' id='word_1_263' title='bbox 319 1042 517 1078; x_wconf 77' lang='grc' dir='ltr'>Ὀμολογοῦμεν</span> <span class='ocrx_word' id='word_1_264' title='bbox 538 1041 566 1068; x_wconf 80' lang='grc' dir='ltr'><strong>δὲ</strong></span> <span class='ocrx_word' id='word_1_265' title='bbox 591 1041 637 1068; x_wconf 75' lang='grc' dir='ltr'><strong>τὸν</strong></span> <span class='ocrx_word' id='word_1_266' title='bbox 658 1041 722 1067; x_wconf 78' lang='grc' dir='ltr'>Υίὸν</span> <span class='ocrx_word' id='word_1_267' title='bbox 745 1042 778 1067; x_wconf 77' lang='grc' dir='ltr'>ὲκ</span> <span class='ocrx_word' id='word_1_268' title='bbox 804 1040 920 1076; x_wconf 78' lang='grc' dir='ltr'>Πατρὸς,</span> 
     </span>
    </p>
   </div>
   <div class='ocr_carea' id='block_1_37' title="bbox 127 1086 921 1125">
    <p class='ocr_par' dir='ltr' id='par_1_37' title="bbox 127 1086 921 1125">
     <span class='ocr_line' id='line_1_37' title="bbox 127 1086 921 1125; baseline -0.005 -9"><span class='ocrx_word' id='word_1_269' title='bbox 127 1091 177 1117; x_wconf 76' lang='grc' dir='ltr'>καὶ</span> <span class='ocrx_word' id='word_1_270' title='bbox 193 1091 237 1116; x_wconf 73' lang='grc' dir='ltr'>ἀεὶ</span> <span class='ocrx_word' id='word_1_271' title='bbox 258 1090 327 1125; x_wconf 77' lang='grc' dir='ltr'>μετὰ</span> <span class='ocrx_word' id='word_1_272' title='bbox 338 1088 384 1115; x_wconf 79' lang='grc' dir='ltr'>τοῦ</span> <span class='ocrx_word' id='word_1_273' title='bbox 406 1089 522 1124; x_wconf 76' lang='grc' dir='ltr'>Πατρὸς,</span> <span class='ocrx_word' id='word_1_274' title='bbox 538 1088 710 1119; x_wconf 77' lang='grc' dir='ltr'>πιστεύοντες</span> <span class='ocrx_word' id='word_1_275' title='bbox 725 1086 798 1122; x_wconf 84' lang='grc' dir='ltr'>αὐτῷ</span> <span class='ocrx_word' id='word_1_276' title='bbox 816 1086 921 1123; x_wconf 80' lang='grc' dir='ltr'>λέγοντι</span> 
     </span>
    </p>
   </div>
   <div class='ocr_carea' id='block_1_38' title="bbox 127 1134 922 1170">
    <p class='ocr_par' dir='ltr' id='par_1_38' title="bbox 127 1134 922 1170">
     <span class='ocr_line' id='line_1_38' title="bbox 127 1134 922 1170; baseline -0.005 -7"><span class='ocrx_word' id='word_1_277' title='bbox 127 1137 178 1163; x_wconf 68' lang='grc' dir='ltr'><strong>καὶ</strong></span> <span class='ocrx_word' id='word_1_278' title='bbox 197 1135 424 1170; x_wconf 73' lang='grc' dir='ltr'><strong>ἐπαγγελλομένῳ</strong></span> <span class='ocrx_word' id='word_1_279' title='bbox 445 1135 516 1168; x_wconf 78' lang='grc'><strong>(77)·</strong></span> <span class='ocrx_word' id='word_1_280' title='bbox 538 1144 547 1160; x_wconf 77' lang='grc' dir='ltr'><strong>ι</strong></span> <span class='ocrx_word' id='word_1_281' title='bbox 571 1135 626 1166; x_wconf 82' lang='grc' dir='ltr'><strong>Πᾶς</strong></span> <span class='ocrx_word' id='word_1_282' title='bbox 645 1135 719 1165; x_wconf 84' lang='grc' dir='ltr'>ὅστις</span> <span class='ocrx_word' id='word_1_283' title='bbox 732 1134 922 1169; x_wconf 80' lang='grc' dir='ltr'>ὁμολογήσειεν</span> 
     </span>
    </p>
   </div>
   <div class='ocr_carea' id='block_1_39' title="bbox 128 1178 923 1218">
    <p class='ocr_par' dir='ltr' id='par_1_39' title="bbox 128 1178 923 1218">
     <span class='ocr_line' id='line_1_39' title="bbox 128 1178 923 1218; baseline -0.003 -10"><span class='ocrx_word' id='word_1_284' title='bbox 128 1182 181 1218; x_wconf 68' lang='grc' dir='ltr'><strong>ἐμὲ</strong></span> <span class='ocrx_word' id='word_1_285' title='bbox 209 1181 364 1217; x_wconf 71' lang='grc' dir='ltr'>ἔμπροσθεν</span> <span class='ocrx_word' id='word_1_286' title='bbox 391 1180 446 1207; x_wconf 86' lang='grc' dir='ltr'>τῶν</span> <span class='ocrx_word' id='word_1_287' title='bbox 471 1179 633 1215; x_wconf 82' lang='grc' dir='ltr'>ἀνθρώπων,</span> <span class='ocrx_word' id='word_1_288' title='bbox 660 1179 819 1215; x_wconf 83' lang='grc' dir='ltr'>ὁμολογήσω</span> <span class='ocrx_word' id='word_1_289' title='bbox 845 1178 923 1214; x_wconf 80' lang='grc' dir='ltr'>κάγὼ</span> 
     </span>
    </p>
   </div>
   <div class='ocr_carea' id='block_1_40' title="bbox 128 1223 922 1262">
    <p class='ocr_par' dir='ltr' id='par_1_40' title="bbox 128 1223 922 1262">
     <span class='ocr_line' id='line_1_40' title="bbox 128 1223 922 1262; baseline -0.004 -8"><span class='ocrx_word' id='word_1_290' title='bbox 128 1227 213 1254; x_wconf 72' lang='grc' dir='ltr'>αὐτὸν</span> <span class='ocrx_word' id='word_1_291' title='bbox 232 1225 386 1262; x_wconf 76' lang='grc' dir='ltr'>ἔμπροσθεν</span> <span class='ocrx_word' id='word_1_292' title='bbox 400 1225 447 1252; x_wconf 82' lang='grc' dir='ltr'>τοῦ</span> <span class='ocrx_word' id='word_1_293' title='bbox 464 1226 570 1261; x_wconf 81' lang='grc' dir='ltr'>Πατρός</span> <span class='ocrx_word' id='word_1_294' title='bbox 587 1234 638 1260; x_wconf 87' lang='grc' dir='ltr'><strong>μου</strong></span> <span class='ocrx_word' id='word_1_295' title='bbox 656 1223 702 1252; x_wconf 75' lang='grc' dir='ltr'>τοῦ</span> <span class='ocrx_word' id='word_1_296' title='bbox 721 1225 750 1251; x_wconf 83' lang='grc' dir='ltr'><strong>ὲν</strong></span> <span class='ocrx_word' id='word_1_297' title='bbox 767 1226 824 1257; x_wconf 85' lang='grc' dir='ltr'>τοῖς</span> <span class='ocrx_word' id='word_1_298' title='bbox 840 1224 922 1261; x_wconf 87' lang='grc' dir='ltr'>οὐρα-</span> 
     </span>
    </p>
   </div>
   <div class='ocr_carea' id='block_1_41' title="bbox 127 1276 227 1306">
    <p class='ocr_par' dir='ltr' id='par_1_41' title="bbox 127 1276 227 1306">
     <span class='ocr_line' id='line_1_41' title="bbox 127 1276 227 1306; baseline -0.01 -5"><span class='ocrx_word' id='word_1_299' title='bbox 127 1276 195 1306; x_wconf 85' lang='grc' dir='ltr'>νοῖς.</span> <span class='ocrx_word' id='word_1_300' title='bbox 218 1284 227 1300; x_wconf 77' lang='grc' dir='ltr'><strong>ι</strong></span> 
     </span>
    </p>
   </div>
   <div class='ocr_carea' id='block_1_42' title="bbox 165 1328 924 1366">
    <p class='ocr_par' dir='ltr' id='par_1_42' title="bbox 165 1328 924 1366">
     <span class='ocr_line' id='line_1_42' title="bbox 165 1328 924 1366; baseline -0.004 -9"><span class='ocrx_word' id='word_1_301' title='bbox 165 1331 194 1358; x_wconf 70' lang='grc'><strong>2.</strong></span> <span class='ocrx_word' id='word_1_302' title='bbox 213 1330 299 1357; x_wconf 84' lang='grc' dir='ltr'>Τοῦτο</span> <span class='ocrx_word' id='word_1_303' title='bbox 311 1330 429 1366; x_wconf 82' lang='grc' dir='ltr'>ὁρῶντες</span> <span class='ocrx_word' id='word_1_304' title='bbox 443 1329 473 1356; x_wconf 85' lang='grc' dir='ltr'>τὸ</span> <span class='ocrx_word' id='word_1_305' title='bbox 484 1329 668 1364; x_wconf 62' lang='grc' dir='ltr'>παράδειγμα,</span> <span class='ocrx_word' id='word_1_306' title='bbox 686 1329 733 1355; x_wconf 74' lang='grc' dir='ltr'><strong>καὶ</strong></span> <span class='ocrx_word' id='word_1_307' title='bbox 748 1328 795 1355; x_wconf 83' lang='grc' dir='ltr'>νῦν</span> <span class='ocrx_word' id='word_1_308' title='bbox 805 1328 924 1362; x_wconf 78' lang='grc' dir='ltr'>ἀπηλλο-</span> 
     </span>
    </p>
   </div>
   <div class='ocr_carea' id='block_1_43' title="bbox 127 1375 924 1414">
    <p class='ocr_par' dir='ltr' id='par_1_43' title="bbox 127 1375 924 1414">
     <span class='ocr_line' id='line_1_43' title="bbox 127 1375 924 1414; baseline -0.005 -10"><span class='ocrx_word' id='word_1_309' title='bbox 127 1376 288 1414; x_wconf 74' lang='grc' dir='ltr'>τριώθημεν</span> <span class='ocrx_word' id='word_1_310' title='bbox 303 1377 356 1403; x_wconf 82' lang='grc' dir='ltr'><strong>τῶν</strong></span> <span class='ocrx_word' id='word_1_311' title='bbox 375 1375 582 1412; x_wconf 81' lang='grc' dir='ltr'>Ἐλληνιζόντων</span> <span class='ocrx_word' id='word_1_312' title='bbox 597 1375 640 1402; x_wconf 76' lang='grc' dir='ltr'>ὲπ“</span> <span class='ocrx_word' id='word_1_313' title='bbox 661 1375 772 1410; x_wconf 72' lang='grc' dir='ltr'>ὀνόματι</span> <span class='ocrx_word' id='word_1_314' title='bbox 794 1375 924 1411; x_wconf 79' lang='grc' dir='ltr'>Χριστια-</span> 
     </span>
    </p>
   </div>
   <div class='ocr_carea' id='block_1_44' title="bbox 126 1421 924 1459">
    <p class='ocr_par' dir='ltr' id='par_1_44' title="bbox 126 1421 924 1459">
     <span class='ocr_line' id='line_1_44' title="bbox 126 1421 924 1459; baseline -0.004 -9"><span class='ocrx_word' id='word_1_315' title='bbox 126 1423 241 1459; x_wconf 82' lang='grc' dir='ltr'>νισμοῦ,</span> <span class='ocrx_word' id='word_1_316' title='bbox 260 1422 313 1449; x_wconf 86' lang='grc' dir='ltr'><strong>τῶν</strong></span> <span class='ocrx_word' id='word_1_317' title='bbox 333 1422 413 1457; x_wconf 75' lang='grc' dir='ltr'>ἔργον</span> <span class='ocrx_word' id='word_1_318' title='bbox 425 1421 494 1448; x_wconf 87' lang='grc' dir='ltr'>Θεοῦ</span> <span class='ocrx_word' id='word_1_319' title='bbox 507 1421 667 1456; x_wconf 83' lang='grc' dir='ltr'>τολμώντων</span> <span class='ocrx_word' id='word_1_320' title='bbox 683 1421 817 1456; x_wconf 81' lang='grc' dir='ltr'>θεολογεῖν</span> <span class='ocrx_word' id='word_1_321' title='bbox 833 1429 861 1447; x_wconf 87' lang='grc' dir='ltr'><strong>τε</strong></span> <span class='ocrx_word' id='word_1_322' title='bbox 876 1421 924 1448; x_wconf 74' lang='grc' dir='ltr'>καὶ</span> 
     </span>
    </p>
   </div>
   <div class='ocr_carea' id='block_1_45' title="bbox 130 1467 923 1504">
    <p class='ocr_par' dir='ltr' id='par_1_45' title="bbox 130 1467 923 1504">
     <span class='ocr_line' id='line_1_45' title="bbox 130 1467 923 1504; baseline -0.005 -7"><span class='ocrx_word' id='word_1_323' title='bbox 130 1470 309 1504; x_wconf 80' lang='grc' dir='ltr'>προσκυνεῖν.</span> <span class='ocrx_word' id='word_1_324' title='bbox 333 1468 514 1504; x_wconf 79' lang='grc' dir='ltr'>Χωριζόμεθα</span> <span class='ocrx_word' id='word_1_325' title='bbox 536 1467 565 1494; x_wconf 82' lang='grc' dir='ltr'><strong>δὲ</strong></span> <span class='ocrx_word' id='word_1_326' title='bbox 588 1468 635 1494; x_wconf 71' lang='grc' dir='ltr'>καὶ</span> <span class='ocrx_word' id='word_1_327' title='bbox 650 1467 705 1494; x_wconf 81' lang='grc' dir='ltr'><strong>τῶν</strong></span> <span class='ocrx_word' id='word_1_328' title='bbox 727 1467 923 1499; x_wconf 74' lang='grc' dir='ltr'>Ἰουδαῖζόντων</span> 
     </span>
    </p>
   </div>
   <div class='ocr_carea' id='block_1_46' title="bbox 128 1513 924 1550">
    <p class='ocr_par' dir='ltr' id='par_1_46' title="bbox 128 1513 924 1550">
     <span class='ocr_line' id='line_1_46' title="bbox 128 1513 924 1550; baseline -0.004 -8"><span class='ocrx_word' id='word_1_329' title='bbox 128 1517 178 1542; x_wconf 74' lang='grc' dir='ltr'><strong>καὶ</strong></span> <span class='ocrx_word' id='word_1_330' title='bbox 198 1515 244 1542; x_wconf 76' lang='grc' dir='ltr'>τὸν</span> <span class='ocrx_word' id='word_1_331' title='bbox 266 1515 480 1550; x_wconf 79' lang='grc' dir='ltr'>Χριστιανισμὺν</span> <span class='ocrx_word' id='word_1_332' title='bbox 502 1515 531 1541; x_wconf 86' lang='grc' dir='ltr'>ὲν</span> <span class='ocrx_word' id='word_1_333' title='bbox 550 1513 707 1549; x_wconf 81' lang='grc' dir='ltr'>Ἰουδαϊσμῷ</span> <span class='ocrx_word' id='word_1_334' title='bbox 729 1513 924 1549; x_wconf 70' lang='grc' dir='ltr'>παραφθειρὸψ</span> 
     </span>
    </p>
   </div>
   <div class='ocr_carea' id='block_1_47' title="bbox 128 1559 922 1595">
    <p class='ocr_par' dir='ltr' id='par_1_47' title="bbox 128 1559 922 1595">
     <span class='ocr_line' id='line_1_47' title="bbox 128 1559 922 1595; baseline -0.005 -7"><span class='ocrx_word' id='word_1_335' title='bbox 128 1570 200 1588; x_wconf 79' lang='grc' dir='ltr'>των·</span> <span class='ocrx_word' id='word_1_336' title='bbox 232 1561 273 1593; x_wconf 80' lang='grc' dir='ltr'>οἴ,</span> <span class='ocrx_word' id='word_1_337' title='bbox 299 1561 345 1587; x_wconf 77' lang='grc' dir='ltr'><strong>τὸν</strong></span> <span class='ocrx_word' id='word_1_338' title='bbox 363 1562 395 1587; x_wconf 81' lang='grc' dir='ltr'>ὲκ</span> <span class='ocrx_word' id='word_1_339' title='bbox 413 1561 460 1587; x_wconf 77' lang='grc' dir='ltr'>τοῦ</span> <span class='ocrx_word' id='word_1_340' title='bbox 481 1559 548 1586; x_wconf 83' lang='grc' dir='ltr'>Θεοῦ</span> <span class='ocrx_word' id='word_1_341' title='bbox 568 1560 634 1586; x_wconf 74' lang='grc' dir='ltr'>Θεὸν</span> <span class='ocrx_word' id='word_1_342' title='bbox 658 1559 832 1595; x_wconf 82' lang='grc' dir='ltr'>ἀρνούμενοι,</span> <span class='ocrx_word' id='word_1_343' title='bbox 857 1559 922 1585; x_wconf 79' lang='grc' dir='ltr'>Θεὸν</span> 
     </span>
    </p>
   </div>
   <div class='ocr_carea' id='block_1_48' title="bbox 129 1605 922 1643">
    <p class='ocr_par' dir='ltr' id='par_1_48' title="bbox 129 1605 922 1643">
     <span class='ocr_line' id='line_1_48' title="bbox 129 1605 922 1643; baseline -0.004 -9"><span class='ocrx_word' id='word_1_344' title='bbox 129 1609 180 1635; x_wconf 72' lang='grc' dir='ltr'>ἕνα</span> <span class='ocrx_word' id='word_1_345' title='bbox 213 1608 412 1643; x_wconf 75' lang='grc' dir='ltr'>παραπλησίως</span> <span class='ocrx_word' id='word_1_346' title='bbox 446 1607 582 1638; x_wconf 85' lang='grc' dir='ltr'>Ἰουδαίοις</span> <span class='ocrx_word' id='word_1_347' title='bbox 616 1605 740 1640; x_wconf 82' lang='grc' dir='ltr'>λέγουσιν</span> <span class='ocrx_word' id='word_1_348' title='bbox 760 1614 766 1621; x_wconf 81' lang='grc'><em>’</em></span> <span class='ocrx_word' id='word_1_349' title='bbox 801 1605 850 1640; x_wconf 80' lang='grc' dir='ltr'><strong>οὐκ</strong></span> <span class='ocrx_word' id='word_1_350' title='bbox 881 1605 922 1631; x_wconf 78' lang='grc' dir='ltr'><strong>ὅτι</strong></span> 
     </span>
    </p>
   </div>
   <div class='ocr_carea' id='block_1_49' title="bbox 132 1649 922 1691">
    <p class='ocr_par' dir='ltr' id='par_1_49' title="bbox 132 1649 922 1691">
     <span class='ocr_line' id='line_1_49' title="bbox 132 1649 922 1691; baseline -0.008 -10"><span class='ocrx_word' id='word_1_351' title='bbox 132 1656 214 1691; x_wconf 74' lang='grc' dir='ltr'>μὸνος</span> <span class='ocrx_word' id='word_1_352' title='bbox 244 1653 469 1689; x_wconf 67' lang='grc' dir='ltr'>ἀγέννητοςσκαὶ</span> <span class='ocrx_word' id='word_1_353' title='bbox 500 1652 579 1688; x_wconf 84' lang='grc' dir='ltr'>μόνος</span> <span class='ocrx_word' id='word_1_354' title='bbox 607 1650 683 1687; x_wconf 79' lang='grc' dir='ltr'>πηγὴ</span> <span class='ocrx_word' id='word_1_355' title='bbox 712 1651 848 1686; x_wconf 72' lang='grc' dir='ltr'>θεότητος.</span> <span class='ocrx_word' id='word_1_356' title='bbox 879 1649 922 1675; x_wconf 79' lang='grc' dir='ltr'><strong>διὰ</strong></span> 
     </span>
    </p>
   </div>
   <div class='ocr_carea' id='block_1_50' title="bbox 129 1695 921 1735">
    <p class='ocr_par' dir='ltr' id='par_1_50' title="bbox 129 1695 921 1735">
     <span class='ocr_line' id='line_1_50' title="bbox 129 1695 921 1735; baseline -0.009 -7"><span class='ocrx_word' id='word_1_357' title='bbox 129 1702 212 1728; x_wconf 80' lang='grc' dir='ltr'>τοῦτο</span> <span class='ocrx_word' id='word_1_358' title='bbox 242 1701 391 1735; x_wconf 75' lang='grc' dir='ltr'>φάσκοντες</span> <span class='ocrx_word' id='word_1_359' title='bbox 421 1699 501 1726; x_wconf 73' lang='grc' dir='ltr'>αὑτὸν</span> <span class='ocrx_word' id='word_1_360' title='bbox 533 1697 602 1725; x_wconf 77' lang='grc' dir='ltr'>εἶναι</span> <span class='ocrx_word' id='word_1_361' title='bbox 635 1697 713 1732; x_wconf 87' lang='grc' dir='ltr'>μόνον</span> <span class='ocrx_word' id='word_1_362' title='bbox 746 1697 828 1723; x_wconf 85' lang='grc' dir='ltr'>Θεόν·</span> <span class='ocrx_word' id='word_1_363' title='bbox 865 1695 921 1722; x_wconf 79' lang='grc' dir='ltr'>ἀλλ’</span> 
     </span>
    </p>
   </div>
   <div class='ocr_carea' id='block_1_51' title="bbox 131 1741 923 1781">
    <p class='ocr_par' dir='ltr' id='par_1_51' title="bbox 131 1741 923 1781">
     <span class='ocr_line' id='line_1_51' title="bbox 131 1741 923 1781; baseline -0.009 -8"><span class='ocrx_word' id='word_1_364' title='bbox 131 1747 170 1778; x_wconf 85' lang='grc' dir='ltr'>ὼς</span> <span class='ocrx_word' id='word_1_365' title='bbox 198 1747 294 1781; x_wconf 78' lang='grc' dir='ltr'>ἄγονον</span> <span class='ocrx_word' id='word_1_366' title='bbox 322 1744 386 1771; x_wconf 84' lang='grc' dir='ltr'><strong>Υἱοῦ</strong></span> <span class='ocrx_word' id='word_1_367' title='bbox 414 1744 461 1771; x_wconf 72' lang='grc' dir='ltr'><strong>καὶ</strong></span> <span class='ocrx_word' id='word_1_368' title='bbox 490 1743 612 1779; x_wconf 76' lang='grc' dir='ltr'>ἄκαρπον</span> <span class='ocrx_word' id='word_1_369' title='bbox 636 1741 735 1774; x_wconf 81' lang='grc' dir='ltr'>ζῶντος</span> <span class='ocrx_word' id='word_1_370' title='bbox 761 1741 847 1775; x_wconf 84' lang='grc' dir='ltr'>Λόγου</span> <span class='ocrx_word' id='word_1_371' title='bbox 877 1741 923 1766; x_wconf 82' lang='grc' dir='ltr'><strong>καὶ</strong></span> 
     </span>
    </p>
   </div>
   <div class='ocr_carea' id='block_1_52' title="bbox 133 1786 923 1826">
    <p class='ocr_par' dir='ltr' id='par_1_52' title="bbox 133 1786 923 1826">
     <span class='ocr_line' id='line_1_52' title="bbox 133 1786 923 1826; baseline -0.009 -7"><span class='ocrx_word' id='word_1_372' title='bbox 133 1793 231 1826; x_wconf 60' lang='grc' dir='ltr'>σοᾷίας</span> <span class='ocrx_word' id='word_1_373' title='bbox 254 1791 392 1826; x_wconf 74' lang='grc' dir='ltr'><strong>ἀληθινῆς.</strong></span> <span class='ocrx_word' id='word_1_374' title='bbox 417 1790 503 1824; x_wconf 80' lang='grc' dir='ltr'>Λόγον</span> <span class='ocrx_word' id='word_1_375' title='bbox 527 1789 581 1825; x_wconf 84' lang='grc' dir='ltr'>γὰρ</span> <span class='ocrx_word' id='word_1_376' title='bbox 603 1786 659 1815; x_wconf 72' lang='grc' dir='ltr'>οἷον</span> <span class='ocrx_word' id='word_1_377' title='bbox 683 1788 730 1814; x_wconf 82' lang='grc' dir='ltr'><strong>τὸν</strong></span> <span class='ocrx_word' id='word_1_378' title='bbox 754 1787 786 1813; x_wconf 78' lang='grc' dir='ltr'><strong>ὲκ</strong></span> <span class='ocrx_word' id='word_1_379' title='bbox 811 1786 923 1821; x_wconf 82' lang='grc' dir='ltr'>καρδίας</span> 
     </span>
    </p>
   </div>
   <div class='ocr_carea' id='block_1_53' title="bbox 132 1831 923 1873">
    <p class='ocr_par' dir='ltr' id='par_1_53' title="bbox 132 1831 923 1873">
     <span class='ocr_line' id='line_1_53' title="bbox 132 1831 923 1873; baseline -0.009 -9"><span class='ocrx_word' id='word_1_380' title='bbox 132 1837 278 1873; x_wconf 79' lang='grc' dir='ltr'>ἀνθρώπου</span> <span class='ocrx_word' id='word_1_381' title='bbox 310 1835 447 1872; x_wconf 77' lang='grc' dir='ltr'>νομίζουσι</span> <span class='ocrx_word' id='word_1_382' title='bbox 482 1836 526 1861; x_wconf 81' lang='grc' dir='ltr'>τὸν</span> <span class='ocrx_word' id='word_1_383' title='bbox 556 1833 604 1860; x_wconf 78' lang='grc' dir='ltr'>τοῦ</span> <span class='ocrx_word' id='word_1_384' title='bbox 635 1833 722 1865; x_wconf 75' lang='grc' dir='ltr'>Θεοῦ,</span> <span class='ocrx_word' id='word_1_385' title='bbox 753 1833 800 1859; x_wconf 74' lang='grc' dir='ltr'>καὶ</span> <span class='ocrx_word' id='word_1_386' title='bbox 828 1831 923 1866; x_wconf 73' lang='grc' dir='ltr'>σοφίαν</span> 
     </span>
    </p>
   </div>
   <div class='ocr_carea' id='block_1_54' title="bbox 131 1876 923 1918">
    <p class='ocr_par' dir='ltr' id='par_1_54' title="bbox 131 1876 923 1918">
     <span class='ocr_line' id='line_1_54' title="bbox 131 1876 923 1918; baseline -0.01 -8"><span class='ocrx_word' id='word_1_387' title='bbox 131 1884 230 1910; x_wconf 83' lang='grc' dir='ltr'>ὁποίαν</span> <span class='ocrx_word' id='word_1_388' title='bbox 252 1883 300 1918; x_wconf 83' lang='grc' dir='ltr'><strong>τὴν</strong></span> <span class='ocrx_word' id='word_1_389' title='bbox 319 1883 347 1908; x_wconf 84' lang='grc' dir='ltr'>ὲν</span> <span class='ocrx_word' id='word_1_390' title='bbox 366 1882 438 1916; x_wconf 75' lang='grc' dir='ltr'><strong>ψυχῇ</strong></span> <span class='ocrx_word' id='word_1_391' title='bbox 451 1889 457 1896; x_wconf 89' lang='grc'>·</span> <span class='ocrx_word' id='word_1_392' title='bbox 486 1881 532 1907; x_wconf 65' lang='grc' dir='ltr'><strong>καὶ</strong></span> <span class='ocrx_word' id='word_1_393' title='bbox 557 1879 602 1906; x_wconf 80' lang='grc' dir='ltr'><strong>διὰ</strong></span> <span class='ocrx_word' id='word_1_394' title='bbox 618 1879 697 1905; x_wconf 83' lang='grc' dir='ltr'>τοῦτο</span> <span class='ocrx_word' id='word_1_395' title='bbox 725 1878 869 1913; x_wconf 76' lang='grc' dir='ltr'>πρόσωπον</span> <span class='ocrx_word' id='word_1_396' title='bbox 894 1876 923 1902; x_wconf 79' lang='grc' dir='ltr'>ἓν</span> 
     </span>
    </p>
   </div>
   <div class='ocr_carea' id='block_1_55' title="bbox 131 1923 924 1964">
    <p class='ocr_par' dir='ltr' id='par_1_55' title="bbox 131 1923 924 1964">
     <span class='ocr_line' id='line_1_55' title="bbox 131 1923 924 1964; baseline -0.01 -7"><span class='ocrx_word' id='word_1_397' title='bbox 131 1929 179 1957; x_wconf 74' lang='grc' dir='ltr'>τὸν</span> <span class='ocrx_word' id='word_1_398' title='bbox 192 1929 259 1955; x_wconf 73' lang='grc' dir='ltr'>Θεὸν</span> <span class='ocrx_word' id='word_1_399' title='bbox 274 1929 332 1964; x_wconf 76' lang='grc' dir='ltr'><strong>ἅμα</strong></span> <span class='ocrx_word' id='word_1_400' title='bbox 346 1928 384 1962; x_wconf 85' lang='grc' dir='ltr'><strong>τῷ</strong></span> <span class='ocrx_word' id='word_1_401' title='bbox 391 1928 469 1962; x_wconf 77' lang='grc' dir='ltr'>Λόγῳ</span> <span class='ocrx_word' id='word_1_402' title='bbox 485 1926 564 1961; x_wconf 84' lang='grc' dir='ltr'>φασίν</span> <span class='ocrx_word' id='word_1_403' title='bbox 573 1935 579 1941; x_wconf 87' lang='grc'><strong>·</strong></span> <span class='ocrx_word' id='word_1_404' title='bbox 590 1925 684 1959; x_wconf 75' lang='grc' dir='ltr'>ὥσπερ</span> <span class='ocrx_word' id='word_1_405' title='bbox 700 1925 746 1951; x_wconf 71' lang='grc' dir='ltr'><strong>καὶ</strong></span> <span class='ocrx_word' id='word_1_406' title='bbox 759 1924 805 1950; x_wconf 76' lang='grc' dir='ltr'><strong>τὸν</strong></span> <span class='ocrx_word' id='word_1_407' title='bbox 820 1923 924 1959; x_wconf 77' lang='grc' dir='ltr'>ἄνθρω-</span> 
     </span>
    </p>
   </div>
   <div class='ocr_carea' id='block_1_56' title="bbox 132 1968 924 2010">
    <p class='ocr_par' dir='ltr' id='par_1_56' title="bbox 132 1968 924 2010">
     <span class='ocr_line' id='line_1_56' title="bbox 132 1968 924 2010; baseline -0.013 -6"><span class='ocrx_word' id='word_1_408' title='bbox 132 1984 184 2003; x_wconf 74' lang='grc' dir='ltr'><strong>πον</strong></span> <span class='ocrx_word' id='word_1_409' title='bbox 200 1976 259 2010; x_wconf 68' lang='grc' dir='ltr'><strong>ἅμα</strong></span> <span class='ocrx_word' id='word_1_410' title='bbox 267 1974 304 2009; x_wconf 79' lang='grc' dir='ltr'>τῷ</span> <span class='ocrx_word' id='word_1_411' title='bbox 315 1973 410 2000; x_wconf 76' lang='grc' dir='ltr'>ἑαυτοῦ</span> <span class='ocrx_word' id='word_1_412' title='bbox 424 1973 502 2008; x_wconf 76' lang='grc' dir='ltr'>Λόγῳ</span> <span class='ocrx_word' id='word_1_413' title='bbox 516 1971 658 2007; x_wconf 79' lang='grc' dir='ltr'>ἄνθρωπον</span> <span class='ocrx_word' id='word_1_414' title='bbox 674 1970 732 2000; x_wconf 71' lang='grc' dir='ltr'>ἕνα,</span> <span class='ocrx_word' id='word_1_415' title='bbox 750 1969 825 1996; x_wconf 74' lang='grc' dir='ltr'>οὐδὲν</span> <span class='ocrx_word' id='word_1_416' title='bbox 844 1968 924 1994; x_wconf 73' lang='grc' dir='ltr'>πλέον</span> 
     </span>
    </p>
   </div>
   <div class='ocr_carea' id='block_1_57' title="bbox 140 2013 924 2052">
    <p class='ocr_par' dir='ltr' id='par_1_57' title="bbox 140 2013 924 2052">
     <span class='ocr_line' id='line_1_57' title="bbox 140 2013 924 2052; baseline -0.011 -3"><span class='ocrx_word' id='word_1_417' title='bbox 140 2022 276 2049; x_wconf 79' lang='grc' dir='ltr'>Ἰουδαίων</span> <span class='ocrx_word' id='word_1_418' title='bbox 298 2018 471 2052; x_wconf 73' lang='grc' dir='ltr'>δοξάζοντες,</span> <span class='ocrx_word' id='word_1_419' title='bbox 495 2018 548 2044; x_wconf 78' lang='grc' dir='ltr'>τῶν</span> <span class='ocrx_word' id='word_1_420' title='bbox 575 2018 626 2044; x_wconf 76' lang='grc' dir='ltr'>οὐκ</span> <span class='ocrx_word' id='word_1_421' title='bbox 649 2015 857 2050; x_wconf 79' lang='grc' dir='ltr'>ἀποδεξαμένων</span> <span class='ocrx_word' id='word_1_422' title='bbox 880 2013 924 2040; x_wconf 70' lang='grc' dir='ltr'><strong>τον</strong></span> 
     </span>
    </p>
   </div>
   <div class='ocr_carea' id='block_1_58' title="bbox 135 2059 925 2102">
    <p class='ocr_par' dir='ltr' id='par_1_58' title="bbox 135 2059 925 2102">
     <span class='ocr_line' id='line_1_58' title="bbox 135 2059 925 2102; baseline -0.011 -8"><span class='ocrx_word' id='word_1_423' title='bbox 135 2066 330 2102; x_wconf 71' lang='grc' dir='ltr'>εὐαγγελιστὴν</span> <span class='ocrx_word' id='word_1_424' title='bbox 345 2067 390 2092; x_wconf 72' lang='grc' dir='ltr'><strong>τδν</strong></span> <span class='ocrx_word' id='word_1_425' title='bbox 409 2065 489 2096; x_wconf 71' lang='grc' dir='ltr'>εὐθὺς</span> <span class='ocrx_word' id='word_1_426' title='bbox 505 2064 558 2099; x_wconf 84' lang='grc'><strong>(78)</strong></span> <span class='ocrx_word' id='word_1_427' title='bbox 578 2062 607 2095; x_wconf 75' lang='grc' dir='ltr'>ἐξ</span> <span class='ocrx_word' id='word_1_428' title='bbox 621 2063 707 2098; x_wconf 80' lang='grc' dir='ltr'>ἀρχῆς</span> <span class='ocrx_word' id='word_1_429' title='bbox 724 2061 842 2096; x_wconf 84' lang='grc' dir='ltr'>βοῶντα·</span> <span class='ocrx_word' id='word_1_430' title='bbox 860 2070 869 2085; x_wconf 77' lang='grc' dir='ltr'><strong>ι</strong></span> <span class='ocrx_word' id='word_1_431' title='bbox 881 2059 925 2086; x_wconf 82' lang='grc' dir='ltr'>Ἐν</span> 
     </span>
    </p>
   </div>
   <div class='ocr_carea' id='block_1_59' title="bbox 136 2104 925 2148">
    <p class='ocr_par' dir='ltr' id='par_1_59' title="bbox 136 2104 925 2148">
     <span class='ocr_line' id='line_1_59' title="bbox 136 2104 925 2148; baseline -0.01 -9"><span class='ocrx_word' id='word_1_432' title='bbox 136 2114 206 2148; x_wconf 79' lang='grc' dir='ltr'>ἀρχῇ</span> <span class='ocrx_word' id='word_1_433' title='bbox 222 2110 255 2146; x_wconf 81' lang='grc' dir='ltr'>ἦν</span> <span class='ocrx_word' id='word_1_434' title='bbox 269 2112 283 2137; x_wconf 86' lang='lat'><strong>6</strong></span> <span class='ocrx_word' id='word_1_435' title='bbox 299 2111 393 2145; x_wconf 78' lang='grc' dir='ltr'>Λόγος,</span> <span class='ocrx_word' id='word_1_436' title='bbox 408 2110 455 2136; x_wconf 67' lang='grc' dir='ltr'><strong>καὶ</strong></span> <span class='ocrx_word' id='word_1_437' title='bbox 470 2111 484 2136; x_wconf 97' lang='lat'><strong>6</strong></span> <span class='ocrx_word' id='word_1_438' title='bbox 496 2110 581 2143; x_wconf 83' lang='grc' dir='ltr'>Λόγος</span> <span class='ocrx_word' id='word_1_439' title='bbox 597 2106 630 2143; x_wconf 78' lang='grc' dir='ltr'><strong>ἦν</strong></span> <span class='ocrx_word' id='word_1_440' title='bbox 645 2107 712 2143; x_wconf 75' lang='grc' dir='ltr'>πρὸς</span> <span class='ocrx_word' id='word_1_441' title='bbox 724 2107 769 2133; x_wconf 82' lang='grc' dir='ltr'><strong>τὸν</strong></span> <span class='ocrx_word' id='word_1_442' title='bbox 784 2106 861 2138; x_wconf 80' lang='grc' dir='ltr'>Θεὸν,</span> <span class='ocrx_word' id='word_1_443' title='bbox 878 2104 925 2132; x_wconf 74' lang='grc' dir='ltr'><strong>καὶ</strong></span> 
     </span>
    </p>
   </div>
   <div class='ocr_carea' id='block_1_60' title="bbox 136 2150 925 2192">
    <p class='ocr_par' dir='ltr' id='par_1_60' title="bbox 136 2150 925 2192">
     <span class='ocr_line' id='line_1_60' title="bbox 136 2150 925 2192; baseline -0.01 -9"><span class='ocrx_word' id='word_1_444' title='bbox 136 2158 202 2188; x_wconf 75' lang='grc' dir='ltr'>Θεὸς</span> <span class='ocrx_word' id='word_1_445' title='bbox 222 2155 257 2192; x_wconf 79' lang='grc' dir='ltr'>ἦν</span> <span class='ocrx_word' id='word_1_446' title='bbox 271 2158 285 2182; x_wconf 84' lang='grc' dir='ltr'>ὁ</span> <span class='ocrx_word' id='word_1_447' title='bbox 301 2156 396 2190; x_wconf 74' lang='grc' dir='ltr'>Λόγος.</span> <span class='ocrx_word' id='word_1_448' title='bbox 410 2164 418 2180; x_wconf 70' lang='grc' dir='ltr'><strong>ι</strong></span> <span class='ocrx_word' id='word_1_449' title='bbox 448 2155 479 2181; x_wconf 80' lang='grc' dir='ltr'><strong>Εἰ</strong></span> <span class='ocrx_word' id='word_1_450' title='bbox 492 2155 545 2189; x_wconf 75' lang='grc' dir='ltr'><strong>γὰρ</strong></span> <span class='ocrx_word' id='word_1_451' title='bbox 562 2154 591 2179; x_wconf 83' lang='grc' dir='ltr'><strong>ἐν</strong></span> <span class='ocrx_word' id='word_1_452' title='bbox 611 2152 710 2188; x_wconf 76' lang='grc' dir='ltr'>καρδίᾳ</span> <span class='ocrx_word' id='word_1_453' title='bbox 729 2151 814 2185; x_wconf 86' lang='grc' dir='ltr'>Λόγον</span> <span class='ocrx_word' id='word_1_454' title='bbox 833 2151 846 2176; x_wconf 91' lang='lat'><strong>6</strong></span> <span class='ocrx_word' id='word_1_455' title='bbox 860 2150 925 2181; x_wconf 67' lang='grc' dir='ltr'>Θεὸς</span> 
     </span>
    </p>
   </div>
   <div class='ocr_carea' id='block_1_61' title="bbox 137 2196 924 2239">
    <p class='ocr_par' dir='ltr' id='par_1_61' title="bbox 137 2196 924 2239">
     <span class='ocr_line' id='line_1_61' title="bbox 137 2196 924 2239; baseline -0.011 -9"><span class='ocrx_word' id='word_1_456' title='bbox 137 2204 193 2239; x_wconf 79' lang='grc' dir='ltr'>ἔχει</span> <span class='ocrx_word' id='word_1_457' title='bbox 210 2204 247 2238; x_wconf 86' lang='grc' dir='ltr'>μὴ</span> <span class='ocrx_word' id='word_1_458' title='bbox 270 2201 467 2236; x_wconf 77' lang='grc' dir='ltr'>γεγεννημένον</span> <span class='ocrx_word' id='word_1_459' title='bbox 487 2200 541 2235; x_wconf 82' lang='grc'><strong>(79)</strong></span> <span class='ocrx_word' id='word_1_460' title='bbox 559 2200 587 2232; x_wconf 77' lang='grc' dir='ltr'>ἐξ</span> <span class='ocrx_word' id='word_1_461' title='bbox 601 2198 683 2226; x_wconf 77' lang='grc' dir='ltr'>αὐτοῦ</span> <span class='ocrx_word' id='word_1_462' title='bbox 701 2198 770 2225; x_wconf 76' lang='grc' dir='ltr'>κατὰ</span> <span class='ocrx_word' id='word_1_463' title='bbox 786 2196 924 2231; x_wconf 74' lang='grc' dir='ltr'>ἀλήθειαν,</span> 
     </span>
    </p>
   </div>
   <div class='ocr_carea' id='block_1_62' title="bbox 137 2243 964 2290">
    <p class='ocr_par' dir='ltr' id='par_1_62' title="bbox 137 2243 964 2290">
     <span class='ocr_line' id='line_1_62' title="bbox 137 2243 964 2290; baseline -0.011 -14"><span class='ocrx_word' id='word_1_464' title='bbox 137 2250 174 2282; x_wconf 81' lang='grc' dir='ltr'><strong>ὡς</strong></span> <span class='ocrx_word' id='word_1_465' title='bbox 191 2250 257 2275; x_wconf 73' lang='grc' dir='ltr'>Θεὸν</span> <span class='ocrx_word' id='word_1_466' title='bbox 268 2250 299 2275; x_wconf 83' lang='grc' dir='ltr'><strong>ὲκ</strong></span> <span class='ocrx_word' id='word_1_467' title='bbox 308 2248 387 2278; x_wconf 81' lang='grc' dir='ltr'>Θεοῦ,</span> <span class='ocrx_word' id='word_1_468' title='bbox 399 2248 456 2278; x_wconf 83' lang='grc' dir='ltr'><strong>πῶς</strong></span> <span class='ocrx_word' id='word_1_469' title='bbox 470 2247 503 2273; x_wconf 84' lang='grc' dir='ltr'>ἂν</span> <span class='ocrx_word' id='word_1_470' title='bbox 518 2246 560 2280; x_wconf 70' lang='grc' dir='ltr'><strong>εἴη</strong></span> <span class='ocrx_word' id='word_1_471' title='bbox 577 2246 645 2281; x_wconf 85' lang='grc' dir='ltr'>πρὸς</span> <span class='ocrx_word' id='word_1_472' title='bbox 657 2245 703 2271; x_wconf 77' lang='grc' dir='ltr'>τὸν</span> <span class='ocrx_word' id='word_1_473' title='bbox 717 2244 782 2270; x_wconf 80' lang='grc' dir='ltr'>Θεὸν</span> <span class='ocrx_word' id='word_1_474' title='bbox 796 2243 810 2268; x_wconf 86' lang='grc' dir='ltr'>ὁ</span> <span class='ocrx_word' id='word_1_475' title='bbox 825 2243 924 2276; x_wconf 80' lang='grc' dir='ltr'>Λόγος;</span> <span class='ocrx_word' id='word_1_476' title='bbox 943 2264 964 2290; x_wconf 77' lang='lat' dir='ltr'><strong>D</strong></span> 
     </span>
    </p>
   </div>
   <div class='ocr_carea' id='block_1_63' title="bbox 140 2287 926 2328">
    <p class='ocr_par' dir='ltr' id='par_1_63' title="bbox 140 2287 926 2328">
     <span class='ocr_line' id='line_1_63' title="bbox 140 2287 926 2328; baseline -0.011 -6"><span class='ocrx_word' id='word_1_477' title='bbox 140 2296 184 2322; x_wconf 74' lang='grc' dir='ltr'><strong>καὶ</strong></span> <span class='ocrx_word' id='word_1_478' title='bbox 195 2295 253 2326; x_wconf 81' lang='grc' dir='ltr'>πῶς</span> <span class='ocrx_word' id='word_1_479' title='bbox 262 2294 294 2321; x_wconf 85' lang='grc' dir='ltr'><strong>ἂν</strong></span> <span class='ocrx_word' id='word_1_480' title='bbox 303 2294 345 2328; x_wconf 71' lang='grc' dir='ltr'><strong>εἴη</strong></span> <span class='ocrx_word' id='word_1_481' title='bbox 354 2292 420 2324; x_wconf 80' lang='grc' dir='ltr'>Θεός</span> <span class='ocrx_word' id='word_1_482' title='bbox 431 2301 438 2324; x_wconf 88' lang='grc'><strong>;</strong></span> <span class='ocrx_word' id='word_1_483' title='bbox 451 2293 488 2318; x_wconf 82' lang='grc' dir='ltr'><strong>Οὐ</strong></span> <span class='ocrx_word' id='word_1_484' title='bbox 495 2291 548 2327; x_wconf 80' lang='grc' dir='ltr'><strong>γὰρ</strong></span> <span class='ocrx_word' id='word_1_485' title='bbox 555 2291 569 2316; x_wconf 79' lang='grc' dir='ltr'>ὁ</span> <span class='ocrx_word' id='word_1_486' title='bbox 578 2291 656 2325; x_wconf 78' lang='grc' dir='ltr'>λόγος</span> <span class='ocrx_word' id='word_1_487' title='bbox 664 2290 719 2324; x_wconf 82' lang='lat'><strong>(80)</strong></span> <span class='ocrx_word' id='word_1_488' title='bbox 728 2288 773 2315; x_wconf 83' lang='grc' dir='ltr'>τοῦ</span> <span class='ocrx_word' id='word_1_489' title='bbox 784 2287 926 2323; x_wconf 82' lang='grc' dir='ltr'>ἀνθρώπου</span> 
     </span>
    </p>
   </div>
   <div class='ocr_carea' id='block_1_64' title="bbox 139 2334 926 2377">
    <p class='ocr_par' dir='ltr' id='par_1_64' title="bbox 139 2334 926 2377">
     <span class='ocr_line' id='line_1_64' title="bbox 139 2334 926 2377; baseline -0.011 -9"><span class='ocrx_word' id='word_1_490' title='bbox 139 2341 280 2377; x_wconf 75' lang='grc' dir='ltr'>ἅνθρωπός</span> <span class='ocrx_word' id='word_1_491' title='bbox 298 2341 356 2366; x_wconf 75' lang='grc' dir='ltr'>ἔστι</span> <span class='ocrx_word' id='word_1_492' title='bbox 376 2339 444 2374; x_wconf 77' lang='grc' dir='ltr'>πρὸς</span> <span class='ocrx_word' id='word_1_493' title='bbox 459 2338 612 2373; x_wconf 73' lang='grc' dir='ltr'>ἄνθρωπον,</span> <span class='ocrx_word' id='word_1_494' title='bbox 634 2337 694 2362; x_wconf 71' lang='grc' dir='ltr'>ἐπεὶ</span> <span class='ocrx_word' id='word_1_495' title='bbox 709 2336 777 2371; x_wconf 83' lang='grc' dir='ltr'>μήτε</span> <span class='ocrx_word' id='word_1_496' title='bbox 791 2334 846 2365; x_wconf 80' lang='grc' dir='ltr'><strong>ζῶν</strong></span> <span class='ocrx_word' id='word_1_497' title='bbox 858 2334 926 2366; x_wconf 76' lang='grc' dir='ltr'>ἐστι,</span> 
     </span>
    </p>
   </div>
   <div class='ocr_carea' id='block_1_65' title="bbox 143 2378 928 2422">
    <p class='ocr_par' dir='ltr' id='par_1_65' title="bbox 143 2378 928 2422">
     <span class='ocr_line' id='line_1_65' title="bbox 143 2378 928 2422; baseline -0.011 -9"><span class='ocrx_word' id='word_1_498' title='bbox 143 2388 209 2422; x_wconf 79' lang='grc' dir='ltr'>μήτε</span> <span class='ocrx_word' id='word_1_499' title='bbox 225 2384 358 2420; x_wconf 65' lang='grc' dir='ltr'>ὑφεστὼς,</span> <span class='ocrx_word' id='word_1_500' title='bbox 372 2383 440 2411; x_wconf 75' lang='grc' dir='ltr'>ἀλλὰ</span> <span class='ocrx_word' id='word_1_501' title='bbox 463 2382 552 2418; x_wconf 74' lang='grc' dir='ltr'>ζώσης</span> <span class='ocrx_word' id='word_1_502' title='bbox 571 2382 684 2417; x_wconf 75' lang='grc' dir='ltr'>καρδίας</span> <span class='ocrx_word' id='word_1_503' title='bbox 703 2381 750 2407; x_wconf 71' lang='grc' dir='ltr'><strong>καὶ</strong></span> <span class='ocrx_word' id='word_1_504' title='bbox 770 2378 928 2414; x_wconf 70' lang='grc' dir='ltr'>ὑφεστώσης</span> 
     </span>
    </p>
   </div>
   <div class='ocr_carea' id='block_1_66' title="bbox 143 2425 928 2468">
    <p class='ocr_par' dir='ltr' id='par_1_66' title="bbox 143 2425 928 2468">
     <span class='ocr_line' id='line_1_66' title="bbox 143 2425 928 2468; baseline -0.011 -9"><span class='ocrx_word' id='word_1_505' title='bbox 143 2433 244 2468; x_wconf 77' lang='grc' dir='ltr'>κίνημα</span> <span class='ocrx_word' id='word_1_506' title='bbox 263 2432 356 2467; x_wconf 82' lang='grc' dir='ltr'>μόνον·</span> <span class='ocrx_word' id='word_1_507' title='bbox 385 2430 432 2455; x_wconf 74' lang='grc' dir='ltr'><strong>καὶ</strong></span> <span class='ocrx_word' id='word_1_508' title='bbox 456 2429 562 2462; x_wconf 76' lang='grc' dir='ltr'>λέγεται</span> <span class='ocrx_word' id='word_1_509' title='bbox 591 2427 780 2462; x_wconf 71' lang='grc' dir='ltr'>παραχρῆμα,</span> <span class='ocrx_word' id='word_1_510' title='bbox 806 2426 852 2451; x_wconf 73' lang='grc' dir='ltr'><strong>καὶ</strong></span> <span class='ocrx_word' id='word_1_511' title='bbox 878 2425 928 2451; x_wconf 73' lang='grc' dir='ltr'><strong>οὐκ</strong></span> 
     </span>
    </p>
   </div>
   <div class='ocr_carea' id='block_1_67' title="bbox 144 2472 928 2511">
    <p class='ocr_par' dir='ltr' id='par_1_67' title="bbox 144 2472 928 2511">
     <span class='ocr_line' id='line_1_67' title="bbox 144 2472 928 2511; baseline -0.013 -5"><span class='ocrx_word' id='word_1_512' title='bbox 144 2480 209 2511; x_wconf 72' lang='grc' dir='ltr'>ἔστι,</span> <span class='ocrx_word' id='word_1_513' title='bbox 230 2478 277 2505; x_wconf 78' lang='grc' dir='ltr'>καὶ</span> <span class='ocrx_word' id='word_1_514' title='bbox 294 2476 423 2508; x_wconf 82' lang='grc' dir='ltr'>πολλάκις</span> <span class='ocrx_word' id='word_1_515' title='bbox 444 2475 608 2509; x_wconf 84' lang='grc' dir='ltr'>λαλούμενος</span> <span class='ocrx_word' id='word_1_516' title='bbox 632 2474 687 2508; x_wconf 84' lang='lat' dir='ltr'><strong>(8i)</strong></span> <span class='ocrx_word' id='word_1_517' title='bbox 715 2472 841 2499; x_wconf 66' lang='grc' dir='ltr'>οὐδέποτε</span> <span class='ocrx_word' id='word_1_518' title='bbox 870 2472 928 2498; x_wconf 84' lang='grc' dir='ltr'>δια-</span> 
     </span>
    </p>
   </div>
   <div class='ocr_carea' id='block_1_68' title="bbox 180 2549 898 2587">
    <p class='ocr_par' dir='ltr' id='par_1_68' title="bbox 180 2549 898 2587">
     <span class='ocr_line' id='line_1_68' title="bbox 180 2549 898 2587; baseline -0.014 -2"><span class='ocrx_word' id='word_1_519' title='bbox 180 2557 201 2573; x_wconf 86' lang='grc'>²⁸</span> <span class='ocrx_word' id='word_1_520' title='bbox 219 2557 314 2584; x_wconf 79' lang='lat' dir='ltr'><strong>Matlb.</strong></span> <span class='ocrx_word' id='word_1_521' title='bbox 333 2565 369 2587; x_wconf 71' lang='grc' dir='ltr'><strong>ι.</strong></span> <span class='ocrx_word' id='word_1_522' title='bbox 385 2556 430 2583; x_wconf 77' lang='grc'><strong>55.</strong></span> <span class='ocrx_word' id='word_1_523' title='bbox 470 2554 492 2569; x_wconf 71' lang='grc'>⁸⁸</span> <span class='ocrx_word' id='word_1_524' title='bbox 512 2553 577 2580; x_wconf 89' lang='lat' dir='ltr'><strong>ibid.</strong></span> <span class='ocrx_word' id='word_1_525' title='bbox 596 2552 640 2580; x_wconf 69' lang='lat'><strong>5&#39;2.</strong></span> <span class='ocrx_word' id='word_1_526' title='bbox 681 2552 704 2567; x_wconf 82' lang='grc'><strong>¹¹</strong></span> <span class='ocrx_word' id='word_1_527' title='bbox 722 2551 802 2577; x_wconf 78' lang='lat' dir='ltr'><strong>Joan.</strong></span> <span class='ocrx_word' id='word_1_528' title='bbox 821 2558 848 2581; x_wconf 90' lang='grc' dir='ltr'><strong>ι,</strong></span> <span class='ocrx_word' id='word_1_529' title='bbox 870 2549 898 2576; x_wconf 76' lang='lat' dir='ltr'><strong>l.</strong></span> 
     </span>
    </p>
   </div>
   <div class='ocr_carea' id='block_1_69' title="bbox 179 2629 911 2669">
    <p class='ocr_par' dir='ltr' id='par_1_69' title="bbox 179 2629 911 2669">
     <span class='ocr_line' id='line_1_69' title="bbox 179 2629 911 2669; baseline -0.012 -7"><span class='ocrx_word' id='word_1_530' title='bbox 179 2635 234 2668; x_wconf 62' lang='lat' dir='ltr'><strong>(7A)</strong></span> <span class='ocrx_word' id='word_1_531' title='bbox 254 2634 448 2669; x_wconf 81' lang='lat' dir='ltr'><strong>Seguerianus,</strong></span> <span class='ocrx_word' id='word_1_532' title='bbox 469 2630 597 2669; x_wconf 75' lang='grc' dir='ltr'>πολλάκις</span> <span class='ocrx_word' id='word_1_533' title='bbox 613 2629 731 2669; x_wconf 73' lang='grc' dir='ltr'>ἀσεϐεῖς.</span> <span class='ocrx_word' id='word_1_534' title='bbox 851 2660 871 2669; x_wconf 50' lang='grc' dir='ltr'>ἢ</span> <span class='ocrx_word' id='word_1_535' title='bbox 906 2661 911 2665; x_wconf 33' lang='grc' dir='ltr'>ι</span> 
     </span>
    </p>
   </div>
   <div class='ocr_carea' id='block_1_70' title="bbox 180 2660 929 2704">
    <p class='ocr_par' dir='ltr' id='par_1_70' title="bbox 180 2660 929 2704">
     <span class='ocr_line' id='line_1_70' title="bbox 180 2660 929 2704; baseline -0.015 -7"><span class='ocrx_word' id='word_1_536' title='bbox 254 2660 448 2704; x_wconf 56' lang='lat' dir='ltr'><strong>Goblerianuj:</strong></span> <span class='ocrx_word' id='word_1_537' title='bbox 460 2671 488 2704; x_wconf 81' lang='lat' dir='ltr'><strong>et</strong></span> <span class='ocrx_word' id='word_1_538' title='bbox 507 2660 680 2700; x_wconf 82' lang='lat' dir='ltr'><strong>Seguerian.,</strong></span> <span class='ocrx_word' id='word_1_539' title='bbox 693 2663 830 2704; x_wconf 75' lang='grc' dir='ltr'>γίγνηται.</span> <span class='ocrx_word' id='word_1_540' title='bbox 851 2660 929 2704; x_wconf 69' lang='lat' dir='ltr'><strong>Basi-</strong></span> 
     </span>
    </p>
   </div>
   <div class='ocr_carea' id='block_1_71' title="bbox 147 2696 929 2738">
    <p class='ocr_par' dir='ltr' id='par_1_71' title="bbox 147 2696 929 2738">
     <span class='ocr_line' id='line_1_71' title="bbox 147 2696 929 2738; baseline -0.013 -6"><span class='ocrx_word' id='word_1_541' title='bbox 147 2696 249 2735; x_wconf 72' lang='lat' dir='ltr'><strong>lieiisis,</strong></span> <span class='ocrx_word' id='word_1_542' title='bbox 270 2704 384 2738; x_wconf 85' lang='grc' dir='ltr'>γίνεται.</span> <span class='ocrx_word' id='word_1_543' title='bbox 410 2702 482 2729; x_wconf 89' lang='lat' dir='ltr'><strong>Editi</strong></span> <span class='ocrx_word' id='word_1_544' title='bbox 497 2696 561 2728; x_wconf 73' lang='lat' dir='ltr'><strong>vero</strong></span> <span class='ocrx_word' id='word_1_545' title='bbox 581 2704 608 2727; x_wconf 87' lang='lat' dir='ltr'><strong>et</strong></span> <span class='ocrx_word' id='word_1_546' title='bbox 630 2696 720 2726; x_wconf 69' lang='lat' dir='ltr'><strong>caeteri</strong></span> <span class='ocrx_word' id='word_1_547' title='bbox 738 2696 929 2731; x_wconf 74' lang='lat' dir='ltr'><strong>manuscripti,</strong></span> 
     </span>
    </p>
   </div>
   <div class='ocr_carea' id='block_1_72' title="bbox 166 2740 276 2766">
    <p class='ocr_par' dir='ltr' id='par_1_72' title="bbox 166 2740 276 2766">
     <span class='ocr_line' id='line_1_72' title="bbox 166 2740 276 2766; baseline -0.009 0"><span class='ocrx_word' id='word_1_548' title='bbox 166 2740 276 2766; x_wconf 77' lang='grc' dir='ltr'>ίγνεται.</span> 
     </span>
    </p>
   </div>
   <div class='ocr_carea' id='block_1_73' title="bbox 146 2749 718 2809">
    <p class='ocr_par' dir='ltr' id='par_1_73' title="bbox 146 2749 718 2809">
     <span class='ocr_line' id='line_1_73' title="bbox 146 2749 718 2809; baseline -0.01 -8"><span class='ocrx_word' id='word_1_549' title='bbox 146 2749 436 2809; x_wconf 50' lang='grc' dir='ltr'>γιῖζὲζαὲοδιετὶσιιυε</span> <span class='ocrx_word' id='word_1_550' title='bbox 450 2771 532 2809; x_wconf 79' lang='lat' dir='ltr'><strong>habet</strong></span> <span class='ocrx_word' id='word_1_551' title='bbox 545 2770 632 2809; x_wconf 71' lang='lat' dir='ltr'><strong>mp£,_</strong></span> <span class='ocrx_word' id='word_1_552' title='bbox 638 2769 718 2796; x_wconf 90' lang='lat' dir='ltr'><strong>male.</strong></span> 
     </span>
    </p>
   </div>
   <div class='ocr_carea' id='block_1_74' title="bbox 186 2801 931 2844">
    <p class='ocr_par' dir='ltr' id='par_1_74' title="bbox 186 2801 931 2844">
     <span class='ocr_line' id='line_1_74' title="bbox 186 2801 931 2844; baseline -0.013 -7"><span class='ocrx_word' id='word_1_553' title='bbox 186 2801 242 2844; x_wconf 55' lang='lat' dir='ltr'><strong>(Ti)</strong></span> <span class='ocrx_word' id='word_1_554' title='bbox 260 2801 587 2844; x_wconf 20' lang='lat' dir='ltr'><strong>Katréizaqrexlopéwp:</strong></span> <span class='ocrx_word' id='word_1_555' title='bbox 616 2805 695 2844; x_wconf 76' lang='lat' dir='ltr'><strong>Deest</strong></span> <span class='ocrx_word' id='word_1_556' title='bbox 721 2804 748 2844; x_wconf 78' lang='lat' dir='ltr'><strong>in</strong></span> <span class='ocrx_word' id='word_1_557' title='bbox 766 2801 876 2844; x_wconf 50' lang='lat' dir='ltr'><strong>(Eobler:</strong></span> <span class='ocrx_word' id='word_1_558' title='bbox 903 2803 931 2828; x_wconf 90' lang='lat' dir='ltr'><strong>et</strong></span> 
     </span>
    </p>
   </div>
   <div class='ocr_carea' id='block_1_75' title="bbox 147 2837 925 2876">
    <p class='ocr_par' dir='ltr' id='par_1_75' title="bbox 147 2837 925 2876">
     <span class='ocr_line' id='line_1_75' title="bbox 147 2837 925 2876; baseline -0.012 -5"><span class='ocrx_word' id='word_1_559' title='bbox 147 2837 265 2872; x_wconf 52' lang='lat' dir='ltr'><strong>Fel‘ckr&#39;n.</strong></span> <span class='ocrx_word' id='word_1_560' title='bbox 280 2844 306 2872; x_wconf 81' lang='lat' dir='ltr'><strong>l.</strong></span> <span class='ocrx_word' id='word_1_561' title='bbox 319 2843 380 2869; x_wconf 80' lang='lat' dir='ltr'><strong>Mox</strong></span> <span class='ocrx_word' id='word_1_562' title='bbox 391 2837 486 2868; x_wconf 67' lang='lat' dir='ltr'><strong>omnes</strong></span> <span class='ocrx_word' id='word_1_563' title='bbox 494 2837 607 2876; x_wconf 76' lang='lat' dir='ltr'><strong>omnino</strong></span> <span class='ocrx_word' id='word_1_564' title='bbox 617 2838 847 2876; x_wconf 35' lang='lat' dir='ltr'><strong>codices‘habent.</strong></span> <span class='ocrx_word' id='word_1_565' title='bbox 853 2837 925 2876; x_wconf 44' lang='grc' dir='ltr'>νεῖμο-</span> 
     </span>
    </p>
   </div>
   <div class='ocr_carea' id='block_1_76' title="bbox 150 2871 929 2916">
    <p class='ocr_par' dir='ltr' id='par_1_76' title="bbox 150 2871 929 2916">
     <span class='ocr_line' id='line_1_76' title="bbox 150 2871 929 2916; baseline -0.012 -10"><span class='ocrx_word' id='word_1_566' title='bbox 150 2871 257 2916; x_wconf 77' lang='grc' dir='ltr'>λογήσει</span> <span class='ocrx_word' id='word_1_567' title='bbox 274 2880 302 2905; x_wconf 78' lang='grc' dir='ltr'>ἐν</span> <span class='ocrx_word' id='word_1_568' title='bbox 318 2877 390 2913; x_wconf 72' lang='grc' dir='ltr'>ἐμοί,</span> <span class='ocrx_word' id='word_1_569' title='bbox 403 2876 449 2904; x_wconf 86' lang='lat' dir='ltr'><strong>sed</strong></span> <span class='ocrx_word' id='word_1_570' title='bbox 462 2876 540 2904; x_wconf 86' lang='lat' dir='ltr'><strong>male.</strong></span> <span class='ocrx_word' id='word_1_571' title='bbox 557 2875 618 2903; x_wconf 80' lang='lat' dir='ltr'><strong>Mox</strong></span> <span class='ocrx_word' id='word_1_572' title='bbox 633 2873 709 2908; x_wconf 81' lang='grc' dir='ltr'>κάγώ</span> <span class='ocrx_word' id='word_1_573' title='bbox 721 2873 796 2901; x_wconf 80' lang='lat' dir='ltr'><strong>deest</strong></span> <span class='ocrx_word' id='word_1_574' title='bbox 814 2873 842 2899; x_wconf 91' lang='lat' dir='ltr'><strong>in</strong></span> <span class='ocrx_word' id='word_1_575' title='bbox 853 2871 929 2898; x_wconf 58' lang='grc' dir='ltr'>Βασί-</span> 
     </span>
    </p>
   </div>
   <div class='ocr_carea' id='block_1_77' title="bbox 974 951 1760 987">
    <p class='ocr_par' dir='ltr' id='par_1_77' title="bbox 974 951 1760 987">
     <span class='ocr_line' id='line_1_77' title="bbox 974 951 1760 987; baseline -0.001 -8"><span class='ocrx_word' id='word_1_576' title='bbox 974 952 1143 983; x_wconf 76' lang='lat' dir='ltr'><strong>hominibus.</strong></span> <span class='ocrx_word' id='word_1_577' title='bbox 1161 952 1266 987; x_wconf 75' lang='lat' dir='ltr'><strong>negabo</strong></span> <span class='ocrx_word' id='word_1_578' title='bbox 1280 960 1341 979; x_wconf 91' lang='lat' dir='ltr'><strong>eum</strong></span> <span class='ocrx_word' id='word_1_579' title='bbox 1357 959 1448 978; x_wconf 84' lang='lat' dir='ltr'><strong>coram</strong></span> <span class='ocrx_word' id='word_1_580' title='bbox 1471 951 1552 978; x_wconf 88' lang='lat' dir='ltr'><strong>Patre</strong></span> <span class='ocrx_word' id='word_1_581' title='bbox 1576 959 1645 983; x_wconf 90' lang='lat' dir='ltr'><strong>meo,</strong></span> <span class='ocrx_word' id='word_1_582' title='bbox 1665 952 1712 986; x_wconf 91' lang='lat' dir='ltr'><strong>qui</strong></span> <span class='ocrx_word' id='word_1_583' title='bbox 1732 952 1760 978; x_wconf 93' lang='lat' dir='ltr'><strong>in</strong></span> 
     </span>
    </p>
   </div>
   <div class='ocr_carea' id='block_1_78' title="bbox 973 997 1760 1032">
    <p class='ocr_par' dir='ltr' id='par_1_78' title="bbox 973 997 1760 1032">
     <span class='ocr_line' id='line_1_78' title="bbox 973 997 1760 1032; baseline 0.001 -8"><span class='ocrx_word' id='word_1_584' title='bbox 973 998 1051 1025; x_wconf 71' lang='lat' dir='ltr'><strong>cmlis</strong></span> <span class='ocrx_word' id='word_1_585' title='bbox 1063 1001 1105 1025; x_wconf 88' lang='lat' dir='ltr'><strong>est</strong></span> <span class='ocrx_word' id='word_1_586' title='bbox 1118 997 1151 1025; x_wconf 73' lang='grc' dir='ltr'><strong>ι’.</strong></span> <span class='ocrx_word' id='word_1_587' title='bbox 1166 1007 1176 1023; x_wconf 74' lang='grc' dir='ltr'><strong>ι</strong></span> <span class='ocrx_word' id='word_1_588' title='bbox 1195 997 1251 1025; x_wconf 83' lang='lat' dir='ltr'><strong>Nos</strong></span> <span class='ocrx_word' id='word_1_589' title='bbox 1264 1005 1346 1032; x_wconf 91' lang='lat' dir='ltr'><strong>porro</strong></span> <span class='ocrx_word' id='word_1_590' title='bbox 1358 997 1521 1025; x_wconf 87' lang='lat' dir='ltr'><strong>conﬁtemur</strong></span> <span class='ocrx_word' id='word_1_591' title='bbox 1544 997 1642 1024; x_wconf 81' lang='lat' dir='ltr'><strong>Filium</strong></span> <span class='ocrx_word' id='word_1_592' title='bbox 1658 1005 1691 1025; x_wconf 83' lang='lat' dir='ltr'><strong>ex</strong></span> <span class='ocrx_word' id='word_1_593' title='bbox 1707 997 1760 1025; x_wconf 86' lang='lat' dir='ltr'><strong>Pa-</strong></span> 
     </span>
    </p>
   </div>
   <div class='ocr_carea' id='block_1_79' title="bbox 972 1043 1760 1078">
    <p class='ocr_par' dir='ltr' id='par_1_79' title="bbox 972 1043 1760 1078">
     <span class='ocr_line' id='line_1_79' title="bbox 972 1043 1760 1078; baseline 0 -8"><span class='ocrx_word' id='word_1_594' title='bbox 972 1047 1014 1070; x_wconf 91' lang='lat' dir='ltr'><strong>tre</strong></span> <span class='ocrx_word' id='word_1_595' title='bbox 1027 1051 1097 1076; x_wconf 83' lang='lat' dir='ltr'><strong>esse,</strong></span> <span class='ocrx_word' id='word_1_596' title='bbox 1114 1050 1146 1070; x_wconf 88' lang='lat' dir='ltr'><strong>ac</strong></span> <span class='ocrx_word' id='word_1_597' title='bbox 1160 1051 1267 1078; x_wconf 88' lang='lat' dir='ltr'><strong>semper</strong></span> <span class='ocrx_word' id='word_1_598' title='bbox 1277 1051 1339 1071; x_wconf 88' lang='lat' dir='ltr'><strong>esse</strong></span> <span class='ocrx_word' id='word_1_599' title='bbox 1355 1051 1416 1070; x_wconf 93' lang='lat' dir='ltr'><strong>cum</strong></span> <span class='ocrx_word' id='word_1_600' title='bbox 1428 1043 1507 1071; x_wconf 83' lang='lat' dir='ltr'><strong>Patre</strong></span> <span class='ocrx_word' id='word_1_601' title='bbox 1525 1051 1531 1070; x_wconf 94' lang='lat'>:</span> <span class='ocrx_word' id='word_1_602' title='bbox 1551 1048 1632 1078; x_wconf 89' lang='lat' dir='ltr'><strong>atque</strong></span> <span class='ocrx_word' id='word_1_603' title='bbox 1650 1043 1689 1070; x_wconf 89' lang='lat' dir='ltr'><strong>illi</strong></span> <span class='ocrx_word' id='word_1_604' title='bbox 1700 1051 1760 1071; x_wconf 82' lang='lat' dir='ltr'><strong>cre-</strong></span> 
     </span>
    </p>
   </div>
   <div class='ocr_carea' id='block_1_80' title="bbox 973 1089 1761 1125">
    <p class='ocr_par' dir='ltr' id='par_1_80' title="bbox 973 1089 1761 1125">
     <span class='ocr_line' id='line_1_80' title="bbox 973 1089 1761 1125; baseline 0.004 -10"><span class='ocrx_word' id='word_1_605' title='bbox 973 1089 1064 1118; x_wconf 88' lang='lat' dir='ltr'><strong>dimus</strong></span> <span class='ocrx_word' id='word_1_606' title='bbox 1083 1089 1129 1124; x_wconf 90' lang='lat' dir='ltr'><strong>qui</strong></span> <span class='ocrx_word' id='word_1_607' title='bbox 1141 1089 1193 1116; x_wconf 90' lang='lat' dir='ltr'><strong>hoc</strong></span> <span class='ocrx_word' id='word_1_608' title='bbox 1206 1090 1243 1116; x_wconf 86' lang='lat' dir='ltr'><strong>ait</strong></span> <span class='ocrx_word' id='word_1_609' title='bbox 1259 1093 1285 1117; x_wconf 90' lang='lat' dir='ltr'><strong>et</strong></span> <span class='ocrx_word' id='word_1_610' title='bbox 1296 1090 1441 1125; x_wconf 86' lang='lat' dir='ltr'><strong>pollicetur</strong></span> <span class='ocrx_word' id='word_1_611' title='bbox 1459 1099 1466 1118; x_wconf 88' lang='lat'><strong>:</strong></span> <span class='ocrx_word' id='word_1_612' title='bbox 1484 1100 1493 1117; x_wconf 79' lang='grc' dir='ltr'><strong>ι</strong></span> <span class='ocrx_word' id='word_1_613' title='bbox 1510 1089 1606 1117; x_wconf 87' lang='lat' dir='ltr'><strong>Omnis</strong></span> <span class='ocrx_word' id='word_1_614' title='bbox 1616 1091 1662 1125; x_wconf 85' lang='lat' dir='ltr'><strong>qui</strong></span> <span class='ocrx_word' id='word_1_615' title='bbox 1676 1091 1761 1118; x_wconf 92' lang='lat' dir='ltr'><strong>conﬁ-</strong></span> 
     </span>
    </p>
   </div>
   <div class='ocr_carea' id='block_1_81' title="bbox 973 1134 1759 1172">
    <p class='ocr_par' dir='ltr' id='par_1_81' title="bbox 973 1134 1759 1172">
     <span class='ocr_line' id='line_1_81' title="bbox 973 1134 1759 1172; baseline 0 -10"><span class='ocrx_word' id='word_1_616' title='bbox 973 1134 1075 1162; x_wconf 85' lang='lat' dir='ltr'><strong>tebitur</strong></span> <span class='ocrx_word' id='word_1_617' title='bbox 1091 1142 1134 1162; x_wconf 89' lang='lat' dir='ltr'><strong>me</strong></span> <span class='ocrx_word' id='word_1_618' title='bbox 1149 1142 1242 1162; x_wconf 85' lang='lat' dir='ltr'><strong>coram</strong></span> <span class='ocrx_word' id='word_1_619' title='bbox 1255 1135 1422 1167; x_wconf 81' lang='lat' dir='ltr'><strong>hominibus.</strong></span> <span class='ocrx_word' id='word_1_620' title='bbox 1434 1135 1585 1163; x_wconf 86' lang='lat' dir='ltr'><strong>conﬁtebor</strong></span> <span class='ocrx_word' id='word_1_621' title='bbox 1596 1139 1623 1163; x_wconf 89' lang='lat' dir='ltr'><strong>et</strong></span> <span class='ocrx_word' id='word_1_622' title='bbox 1637 1143 1687 1172; x_wconf 75' lang='lat' dir='ltr'><strong>ego</strong></span> <span class='ocrx_word' id='word_1_623' title='bbox 1697 1143 1759 1163; x_wconf 89' lang='lat' dir='ltr'><strong>eum</strong></span> 
     </span>
    </p>
   </div>
   <div class='ocr_carea' id='block_1_82' title="bbox 974 1180 1534 1216">
    <p class='ocr_par' dir='ltr' id='par_1_82' title="bbox 974 1180 1534 1216">
     <span class='ocr_line' id='line_1_82' title="bbox 974 1180 1534 1216; baseline 0.004 -8"><span class='ocrx_word' id='word_1_624' title='bbox 974 1188 1066 1208; x_wconf 83' lang='lat' dir='ltr'><strong>coram</strong></span> <span class='ocrx_word' id='word_1_625' title='bbox 1079 1180 1160 1208; x_wconf 85' lang='lat' dir='ltr'><strong>Patre</strong></span> <span class='ocrx_word' id='word_1_626' title='bbox 1176 1188 1247 1214; x_wconf 88' lang='lat' dir='ltr'><strong>meo,</strong></span> <span class='ocrx_word' id='word_1_627' title='bbox 1260 1181 1306 1216; x_wconf 92' lang='lat' dir='ltr'><strong>qui</strong></span> <span class='ocrx_word' id='word_1_628' title='bbox 1322 1181 1349 1208; x_wconf 93' lang='lat' dir='ltr'><strong>in</strong></span> <span class='ocrx_word' id='word_1_629' title='bbox 1361 1181 1438 1210; x_wconf 83' lang='lat' dir='ltr'><strong>caelis</strong></span> <span class='ocrx_word' id='word_1_630' title='bbox 1453 1186 1495 1210; x_wconf 90' lang='lat' dir='ltr'><strong>est</strong></span> <span class='ocrx_word' id='word_1_631' title='bbox 1503 1181 1534 1210; x_wconf 77' lang='lat'><strong>&quot;.</strong></span> 
     </span>
    </p>
   </div>
   <div class='ocr_carea' id='block_1_83' title="bbox 1008 1320 1762 1357">
    <p class='ocr_par' dir='ltr' id='par_1_83' title="bbox 1008 1320 1762 1357">
     <span class='ocr_line' id='line_1_83' title="bbox 1008 1320 1762 1357; baseline -0.004 -8"><span class='ocrx_word' id='word_1_632' title='bbox 1008 1322 1036 1350; x_wconf 80' lang='grc'><strong>2.</strong></span> <span class='ocrx_word' id='word_1_633' title='bbox 1056 1321 1114 1349; x_wconf 83' lang='lat' dir='ltr'><strong>Hoc</strong></span> <span class='ocrx_word' id='word_1_634' title='bbox 1125 1321 1263 1357; x_wconf 85' lang='lat' dir='ltr'><strong>exemplar</strong></span> <span class='ocrx_word' id='word_1_635' title='bbox 1272 1328 1333 1348; x_wconf 91' lang='lat' dir='ltr'><strong>cum</strong></span> <span class='ocrx_word' id='word_1_636' title='bbox 1345 1325 1511 1352; x_wconf 68' lang='lat' dir='ltr'><strong>intueamur,</strong></span> <span class='ocrx_word' id='word_1_637' title='bbox 1521 1320 1576 1355; x_wconf 84' lang='lat' dir='ltr'><strong>jam</strong></span> <span class='ocrx_word' id='word_1_638' title='bbox 1586 1327 1762 1356; x_wconf 76' lang='lat' dir='ltr'><strong>segregamur</strong></span> 
     </span>
    </p>
   </div>
   <div class='ocr_carea' id='block_1_84' title="bbox 976 1365 1761 1403">
    <p class='ocr_par' dir='ltr' id='par_1_84' title="bbox 976 1365 1761 1403">
     <span class='ocr_line' id='line_1_84' title="bbox 976 1365 1761 1403; baseline -0.005 -7"><span class='ocrx_word' id='word_1_639' title='bbox 976 1369 1011 1396; x_wconf 86' lang='lat' dir='ltr'><strong>ab</strong></span> <span class='ocrx_word' id='word_1_640' title='bbox 1029 1369 1063 1396; x_wconf 92' lang='lat' dir='ltr'><strong>iis</strong></span> <span class='ocrx_word' id='word_1_641' title='bbox 1079 1369 1126 1403; x_wconf 93' lang='lat' dir='ltr'><strong>qui</strong></span> <span class='ocrx_word' id='word_1_642' title='bbox 1139 1368 1191 1395; x_wconf 92' lang='lat' dir='ltr'><strong>sub</strong></span> <span class='ocrx_word' id='word_1_643' title='bbox 1213 1368 1323 1395; x_wconf 91' lang='lat' dir='ltr'><strong>nomine</strong></span> <span class='ocrx_word' id='word_1_644' title='bbox 1337 1367 1542 1394; x_wconf 77' lang='lat' dir='ltr'><strong>Cbristianismi</strong></span> <span class='ocrx_word' id='word_1_645' title='bbox 1565 1374 1626 1394; x_wconf 89' lang='lat' dir='ltr'><strong>cum</strong></span> <span class='ocrx_word' id='word_1_646' title='bbox 1644 1365 1761 1393; x_wconf 84' lang='lat' dir='ltr'><strong>ethnicis</strong></span> 
     </span>
    </p>
   </div>
   <div class='ocr_carea' id='block_1_85' title="bbox 975 1409 1763 1447">
    <p class='ocr_par' dir='ltr' id='par_1_85' title="bbox 975 1409 1763 1447">
     <span class='ocr_line' id='line_1_85' title="bbox 975 1409 1763 1447; baseline -0.006 -5"><span class='ocrx_word' id='word_1_647' title='bbox 975 1414 1109 1445; x_wconf 85' lang='lat' dir='ltr'><strong>sentiunt,</strong></span> <span class='ocrx_word' id='word_1_648' title='bbox 1127 1412 1284 1447; x_wconf 85' lang='lat' dir='ltr'><strong>audentque</strong></span> <span class='ocrx_word' id='word_1_649' title='bbox 1301 1411 1348 1439; x_wconf 91' lang='lat' dir='ltr'><strong>Dei</strong></span> <span class='ocrx_word' id='word_1_650' title='bbox 1368 1411 1518 1446; x_wconf 87' lang='lat' dir='ltr'><strong>opiﬁcium,</strong></span> <span class='ocrx_word' id='word_1_651' title='bbox 1535 1410 1619 1437; x_wconf 87' lang='lat' dir='ltr'><strong>Deum</strong></span> <span class='ocrx_word' id='word_1_652' title='bbox 1633 1409 1763 1438; x_wconf 80' lang='lat' dir='ltr'><strong>dicereet</strong></span> 
     </span>
    </p>
   </div>
   <div class='ocr_carea' id='block_1_86' title="bbox 975 1453 1761 1493">
    <p class='ocr_par' dir='ltr' id='par_1_86' title="bbox 975 1453 1761 1493">
     <span class='ocr_line' id='line_1_86' title="bbox 975 1453 1761 1493; baseline -0.009 -7"><span class='ocrx_word' id='word_1_653' title='bbox 975 1458 1100 1486; x_wconf 82' lang='lat' dir='ltr'><strong>adorare.</strong></span> <span class='ocrx_word' id='word_1_654' title='bbox 1120 1457 1302 1493; x_wconf 73' lang='lat' dir='ltr'><strong>Segregamur</strong></span> <span class='ocrx_word' id='word_1_655' title='bbox 1316 1463 1426 1491; x_wconf 88' lang='lat' dir='ltr'><strong>quoque</strong></span> <span class='ocrx_word' id='word_1_656' title='bbox 1440 1463 1455 1482; x_wconf 90' lang='lat' dir='ltr'><strong>a</strong></span> <span class='ocrx_word' id='word_1_657' title='bbox 1481 1454 1699 1486; x_wconf 80' lang='lat' dir='ltr'><strong>Judaizantibus,</strong></span> <span class='ocrx_word' id='word_1_658' title='bbox 1713 1453 1761 1488; x_wconf 91' lang='lat' dir='ltr'><strong>qui</strong></span> 
     </span>
    </p>
   </div>
   <div class='ocr_carea' id='block_1_87' title="bbox 974 1499 1760 1535">
    <p class='ocr_par' dir='ltr' id='par_1_87' title="bbox 974 1499 1760 1535">
     <span class='ocr_line' id='line_1_87' title="bbox 974 1499 1760 1535; baseline -0.011 -2"><span class='ocrx_word' id='word_1_659' title='bbox 974 1504 1215 1534; x_wconf 82' lang='lat' dir='ltr'><strong>Christianismum</strong></span> <span class='ocrx_word' id='word_1_660' title='bbox 1232 1503 1260 1530; x_wconf 95' lang='lat' dir='ltr'><strong>in</strong></span> <span class='ocrx_word' id='word_1_661' title='bbox 1274 1501 1418 1529; x_wconf 79' lang='lat' dir='ltr'><strong>Judaisnio</strong></span> <span class='ocrx_word' id='word_1_662' title='bbox 1432 1500 1601 1535; x_wconf 84' lang='lat' dir='ltr'><strong>depravant:</strong></span> <span class='ocrx_word' id='word_1_663' title='bbox 1620 1499 1666 1534; x_wconf 91' lang='lat' dir='ltr'><strong>qui</strong></span> <span class='ocrx_word' id='word_1_664' title='bbox 1687 1506 1760 1530; x_wconf 87' lang='lat' dir='ltr'><strong>eum,</strong></span> 
     </span>
    </p>
   </div>
   <div class='ocr_carea' id='block_1_88' title="bbox 974 1545 1762 1587">
    <p class='ocr_par' dir='ltr' id='par_1_88' title="bbox 974 1545 1762 1587">
     <span class='ocr_line' id='line_1_88' title="bbox 974 1545 1762 1587; baseline -0.01 -9"><span class='ocrx_word' id='word_1_665' title='bbox 974 1551 1021 1587; x_wconf 91' lang='lat' dir='ltr'><strong>qui</strong></span> <span class='ocrx_word' id='word_1_666' title='bbox 1036 1559 1068 1578; x_wconf 82' lang='lat' dir='ltr'><strong>ex</strong></span> <span class='ocrx_word' id='word_1_667' title='bbox 1082 1550 1136 1577; x_wconf 91' lang='lat' dir='ltr'><strong>Deo</strong></span> <span class='ocrx_word' id='word_1_668' title='bbox 1150 1553 1203 1582; x_wconf 90' lang='lat' dir='ltr'><strong>est,</strong></span> <span class='ocrx_word' id='word_1_669' title='bbox 1219 1548 1302 1575; x_wconf 90' lang='lat' dir='ltr'><strong>Deum</strong></span> <span class='ocrx_word' id='word_1_670' title='bbox 1313 1555 1375 1575; x_wconf 85' lang='lat' dir='ltr'><strong>esse</strong></span> <span class='ocrx_word' id='word_1_671' title='bbox 1387 1551 1486 1582; x_wconf 73' lang='lat' dir='ltr'><strong>negant</strong></span> <span class='ocrx_word' id='word_1_672' title='bbox 1503 1555 1508 1573; x_wconf 90' lang='lat'>:</span> <span class='ocrx_word' id='word_1_673' title='bbox 1527 1545 1667 1580; x_wconf 82' lang='lat' dir='ltr'><strong>Deumque</strong></span> <span class='ocrx_word' id='word_1_674' title='bbox 1677 1552 1762 1571; x_wconf 91' lang='lat' dir='ltr'><strong>unum</strong></span> 
     </span>
    </p>
   </div>
   <div class='ocr_carea' id='block_1_89' title="bbox 976 1590 1762 1633">
    <p class='ocr_par' dir='ltr' id='par_1_89' title="bbox 976 1590 1762 1633">
     <span class='ocr_line' id='line_1_89' title="bbox 976 1590 1762 1633; baseline -0.011 -8"><span class='ocrx_word' id='word_1_675' title='bbox 976 1596 1206 1633; x_wconf 85' lang='lat' dir='ltr'><strong>quemadmodum</strong></span> <span class='ocrx_word' id='word_1_676' title='bbox 1226 1593 1313 1621; x_wconf 68' lang='lat' dir='ltr'><strong>Judaei</strong></span> <span class='ocrx_word' id='word_1_677' title='bbox 1331 1593 1481 1629; x_wconf 57' lang='lat' dir='ltr'><strong>praedicant</strong></span> <span class='ocrx_word' id='word_1_678' title='bbox 1498 1602 1504 1619; x_wconf 90' lang='lat'>:</span> <span class='ocrx_word' id='word_1_679' title='bbox 1521 1592 1566 1626; x_wconf 92' lang='lat' dir='ltr'><strong>qui</strong></span> <span class='ocrx_word' id='word_1_680' title='bbox 1593 1599 1647 1618; x_wconf 88' lang='lat' dir='ltr'><strong>non</strong></span> <span class='ocrx_word' id='word_1_681' title='bbox 1669 1598 1703 1618; x_wconf 91' lang='lat' dir='ltr'><strong>eo</strong></span> <span class='ocrx_word' id='word_1_682' title='bbox 1718 1590 1762 1616; x_wconf 92' lang='lat' dir='ltr'><strong>di-</strong></span> 
     </span>
    </p>
   </div>
   <div class='ocr_carea' id='block_1_90' title="bbox 976 1637 1762 1680">
    <p class='ocr_par' dir='ltr' id='par_1_90' title="bbox 976 1637 1762 1680">
     <span class='ocr_line' id='line_1_90' title="bbox 976 1637 1762 1680; baseline -0.011 -7"><span class='ocrx_word' id='word_1_683' title='bbox 976 1649 1042 1672; x_wconf 78' lang='lat' dir='ltr'><strong>cunt</strong></span> <span class='ocrx_word' id='word_1_684' title='bbox 1060 1645 1149 1680; x_wconf 88' lang='lat' dir='ltr'><strong>ipsum</strong></span> <span class='ocrx_word' id='word_1_685' title='bbox 1163 1650 1225 1670; x_wconf 89' lang='lat' dir='ltr'><strong>esse</strong></span> <span class='ocrx_word' id='word_1_686' title='bbox 1247 1642 1335 1670; x_wconf 89' lang='lat' dir='ltr'><strong>solum</strong></span> <span class='ocrx_word' id='word_1_687' title='bbox 1360 1640 1455 1671; x_wconf 87' lang='lat' dir='ltr'><strong>Deum,</strong></span> <span class='ocrx_word' id='word_1_688' title='bbox 1473 1638 1545 1674; x_wconf 92' lang='lat' dir='ltr'><strong>quod</strong></span> <span class='ocrx_word' id='word_1_689' title='bbox 1556 1637 1634 1666; x_wconf 79' lang='lat' dir='ltr'><strong>solus</strong></span> <span class='ocrx_word' id='word_1_690' title='bbox 1646 1645 1701 1664; x_wconf 91' lang='lat' dir='ltr'><strong>non</strong></span> <span class='ocrx_word' id='word_1_691' title='bbox 1714 1644 1762 1671; x_wconf 77' lang='lat' dir='ltr'><strong>ge-</strong></span> 
     </span>
    </p>
   </div>
   <div class='ocr_carea' id='block_1_91' title="bbox 976 1681 1763 1724">
    <p class='ocr_par' dir='ltr' id='par_1_91' title="bbox 976 1681 1763 1724">
     <span class='ocr_line' id='line_1_91' title="bbox 976 1681 1763 1724; baseline -0.011 -7"><span class='ocrx_word' id='word_1_692' title='bbox 976 1693 1064 1721; x_wconf 83' lang='lat' dir='ltr'><strong>nitus,</strong></span> <span class='ocrx_word' id='word_1_693' title='bbox 1076 1693 1103 1716; x_wconf 89' lang='lat' dir='ltr'><strong>et</strong></span> <span class='ocrx_word' id='word_1_694' title='bbox 1114 1688 1186 1724; x_wconf 86' lang='lat' dir='ltr'><strong>quod</strong></span> <span class='ocrx_word' id='word_1_695' title='bbox 1202 1688 1278 1716; x_wconf 86' lang='lat' dir='ltr'><strong>solus</strong></span> <span class='ocrx_word' id='word_1_696' title='bbox 1291 1685 1352 1713; x_wconf 81' lang='lat' dir='ltr'><strong>fons</strong></span> <span class='ocrx_word' id='word_1_697' title='bbox 1367 1683 1477 1712; x_wconf 83' lang='lat' dir='ltr'><strong>deitatis</strong></span> <span class='ocrx_word' id='word_1_698' title='bbox 1497 1683 1551 1715; x_wconf 86' lang='lat' dir='ltr'><strong>sit;</strong></span> <span class='ocrx_word' id='word_1_699' title='bbox 1568 1681 1701 1717; x_wconf 87' lang='lat' dir='ltr'><strong>sedquod</strong></span> <span class='ocrx_word' id='word_1_700' title='bbox 1718 1681 1763 1708; x_wconf 78' lang='lat' dir='ltr'><strong>Fi-</strong></span> 
     </span>
    </p>
   </div>
   <div class='ocr_carea' id='block_1_92' title="bbox 977 1729 1765 1770">
    <p class='ocr_par' dir='ltr' id='par_1_92' title="bbox 977 1729 1765 1770">
     <span class='ocr_line' id='line_1_92' title="bbox 977 1729 1765 1770; baseline -0.01 -7"><span class='ocrx_word' id='word_1_701' title='bbox 977 1735 1043 1763; x_wconf 85' lang='lat' dir='ltr'><strong>lium</strong></span> <span class='ocrx_word' id='word_1_702' title='bbox 1058 1742 1112 1762; x_wconf 93' lang='lat' dir='ltr'><strong>non</strong></span> <span class='ocrx_word' id='word_1_703' title='bbox 1126 1733 1261 1770; x_wconf 74' lang='lat' dir='ltr'><strong>genuerit,</strong></span> <span class='ocrx_word' id='word_1_704' title='bbox 1274 1738 1326 1759; x_wconf 85' lang='lat' dir='ltr'><strong>nec</strong></span> <span class='ocrx_word' id='word_1_705' title='bbox 1350 1729 1470 1758; x_wconf 79' lang='lat' dir='ltr'><strong>Verbum</strong></span> <span class='ocrx_word' id='word_1_706' title='bbox 1494 1729 1600 1759; x_wconf 85' lang='lat' dir='ltr'><strong>vivens,</strong></span> <span class='ocrx_word' id='word_1_707' title='bbox 1615 1733 1765 1762; x_wconf 84' lang='lat' dir='ltr'><strong>veramque</strong></span> 
     </span>
    </p>
   </div>
   <div class='ocr_carea' id='block_1_93' title="bbox 977 1773 1764 1816">
    <p class='ocr_par' dir='ltr' id='par_1_93' title="bbox 977 1773 1764 1816">
     <span class='ocr_line' id='line_1_93' title="bbox 977 1773 1764 1816; baseline -0.011 -7"><span class='ocrx_word' id='word_1_708' title='bbox 977 1782 1138 1816; x_wconf 84' lang='lat' dir='ltr'><strong>sapientiam</strong></span> <span class='ocrx_word' id='word_1_709' title='bbox 1154 1777 1324 1814; x_wconf 86' lang='lat' dir='ltr'><strong>produxerit.</strong></span> <span class='ocrx_word' id='word_1_710' title='bbox 1341 1775 1408 1803; x_wconf 77' lang='lat' dir='ltr'><strong>Nam</strong></span> <span class='ocrx_word' id='word_1_711' title='bbox 1436 1774 1555 1802; x_wconf 83' lang='lat' dir='ltr'><strong>Verbum</strong></span> <span class='ocrx_word' id='word_1_712' title='bbox 1579 1773 1626 1801; x_wconf 92' lang='lat' dir='ltr'><strong>Dei</strong></span> <span class='ocrx_word' id='word_1_713' title='bbox 1643 1773 1764 1804; x_wconf 73' lang='lat' dir='ltr'><strong>taleexi-</strong></span> 
     </span>
    </p>
   </div>
   <div class='ocr_carea' id='block_1_94' title="bbox 977 1818 1762 1861">
    <p class='ocr_par' dir='ltr' id='par_1_94' title="bbox 977 1818 1762 1861">
     <span class='ocr_line' id='line_1_94' title="bbox 977 1818 1762 1861; baseline -0.013 -6"><span class='ocrx_word' id='word_1_714' title='bbox 977 1829 1100 1857; x_wconf 86' lang='lat' dir='ltr'><strong>stimant.</strong></span> <span class='ocrx_word' id='word_1_715' title='bbox 1119 1825 1199 1861; x_wconf 86' lang='lat' dir='ltr'><strong>quale</strong></span> <span class='ocrx_word' id='word_1_716' title='bbox 1211 1823 1277 1851; x_wconf 90' lang='lat' dir='ltr'><strong>illud</strong></span> <span class='ocrx_word' id='word_1_717' title='bbox 1293 1831 1326 1851; x_wconf 72' lang='lat' dir='ltr'><strong>ex</strong></span> <span class='ocrx_word' id='word_1_718' title='bbox 1347 1822 1467 1849; x_wconf 83' lang='lat' dir='ltr'><strong>humano</strong></span> <span class='ocrx_word' id='word_1_719' title='bbox 1483 1819 1565 1848; x_wconf 86' lang='lat' dir='ltr'><strong>corde</strong></span> <span class='ocrx_word' id='word_1_720' title='bbox 1585 1818 1737 1854; x_wconf 80' lang='lat' dir='ltr'><strong>procedens</strong></span> <span class='ocrx_word' id='word_1_721' title='bbox 1755 1827 1762 1846; x_wconf 91' lang='lat'>:</span> 
     </span>
    </p>
   </div>
   <div class='ocr_carea' id='block_1_95' title="bbox 976 1865 1763 1907">
    <p class='ocr_par' dir='ltr' id='par_1_95' title="bbox 976 1865 1763 1907">
     <span class='ocr_line' id='line_1_95' title="bbox 976 1865 1763 1907; baseline -0.013 -6"><span class='ocrx_word' id='word_1_722' title='bbox 976 1877 1004 1901; x_wconf 87' lang='lat' dir='ltr'><strong>et</strong></span> <span class='ocrx_word' id='word_1_723' title='bbox 1029 1872 1190 1907; x_wconf 86' lang='lat' dir='ltr'><strong>sapientiam</strong></span> <span class='ocrx_word' id='word_1_724' title='bbox 1221 1870 1280 1902; x_wconf 87' lang='lat' dir='ltr'><strong>Dei,</strong></span> <span class='ocrx_word' id='word_1_725' title='bbox 1306 1869 1414 1904; x_wconf 85' lang='lat' dir='ltr'><strong>qualem</strong></span> <span class='ocrx_word' id='word_1_726' title='bbox 1429 1869 1432 1872; x_wconf 66' lang='grc'><em>⁴</em></span> <span class='ocrx_word' id='word_1_727' title='bbox 1447 1867 1519 1894; x_wconf 84' lang='lat' dir='ltr'><strong>illam</strong></span> <span class='ocrx_word' id='word_1_728' title='bbox 1537 1874 1597 1902; x_wconf 74' lang='lat' dir='ltr'><strong>qua:</strong></span> <span class='ocrx_word' id='word_1_729' title='bbox 1623 1866 1650 1893; x_wconf 91' lang='lat' dir='ltr'><strong>in</strong></span> <span class='ocrx_word' id='word_1_730' title='bbox 1673 1865 1763 1892; x_wconf 86' lang='lat' dir='ltr'><strong>anima</strong></span> 
     </span>
    </p>
   </div>
   <div class='ocr_carea' id='block_1_96' title="bbox 976 1911 1765 1952">
    <p class='ocr_par' dir='ltr' id='par_1_96' title="bbox 976 1911 1765 1952">
     <span class='ocr_line' id='line_1_96' title="bbox 976 1911 1765 1952; baseline -0.013 -5"><span class='ocrx_word' id='word_1_731' title='bbox 976 1919 1085 1948; x_wconf 80' lang='lat' dir='ltr'><strong>exsistit</strong></span> <span class='ocrx_word' id='word_1_732' title='bbox 1095 1927 1102 1944; x_wconf 91' lang='lat'>:</span> <span class='ocrx_word' id='word_1_733' title='bbox 1111 1920 1277 1952; x_wconf 84' lang='lat' dir='ltr'><strong>quapropter</strong></span> <span class='ocrx_word' id='word_1_734' title='bbox 1284 1915 1368 1943; x_wconf 88' lang='lat' dir='ltr'><strong>Deum</strong></span> <span class='ocrx_word' id='word_1_735' title='bbox 1380 1921 1441 1941; x_wconf 85' lang='lat' dir='ltr'><strong>cum</strong></span> <span class='ocrx_word' id='word_1_736' title='bbox 1453 1913 1541 1940; x_wconf 87' lang='lat' dir='ltr'><strong>Verbo</strong></span> <span class='ocrx_word' id='word_1_737' title='bbox 1550 1920 1599 1940; x_wconf 91' lang='lat' dir='ltr'><strong>suo</strong></span> <span class='ocrx_word' id='word_1_738' title='bbox 1609 1911 1663 1947; x_wconf 73' lang='lat'><strong>29</strong></span> <span class='ocrx_word' id='word_1_739' title='bbox 1672 1918 1765 1946; x_wconf 87' lang='lat' dir='ltr'><strong>perso-</strong></span> 
     </span>
    </p>
   </div>
   <div class='ocr_carea' id='block_1_97' title="bbox 977 1958 1764 1992">
    <p class='ocr_par' dir='ltr' id='par_1_97' title="bbox 977 1958 1764 1992">
     <span class='ocr_line' id='line_1_97' title="bbox 977 1958 1764 1992; baseline -0.013 1"><span class='ocrx_word' id='word_1_740' title='bbox 977 1973 1040 1992; x_wconf 88' lang='lat' dir='ltr'><strong>nam</strong></span> <span class='ocrx_word' id='word_1_741' title='bbox 1049 1972 1131 1992; x_wconf 88' lang='lat' dir='ltr'><strong>unam</strong></span> <span class='ocrx_word' id='word_1_742' title='bbox 1140 1971 1201 1991; x_wconf 90' lang='lat' dir='ltr'><strong>esse</strong></span> <span class='ocrx_word' id='word_1_743' title='bbox 1210 1963 1316 1992; x_wconf 80' lang='lat' dir='ltr'><strong>dicunt.</strong></span> <span class='ocrx_word' id='word_1_744' title='bbox 1327 1965 1355 1988; x_wconf 89' lang='lat' dir='ltr'><strong>ut</strong></span> <span class='ocrx_word' id='word_1_745' title='bbox 1365 1965 1391 1988; x_wconf 88' lang='lat' dir='ltr'><strong>et</strong></span> <span class='ocrx_word' id='word_1_746' title='bbox 1404 1960 1541 1987; x_wconf 85' lang='lat' dir='ltr'><strong>hominem</strong></span> <span class='ocrx_word' id='word_1_747' title='bbox 1552 1966 1614 1986; x_wconf 87' lang='lat' dir='ltr'><strong>cum</strong></span> <span class='ocrx_word' id='word_1_748' title='bbox 1623 1958 1705 1986; x_wconf 89' lang='lat' dir='ltr'><strong>verbo</strong></span> <span class='ocrx_word' id='word_1_749' title='bbox 1713 1965 1764 1984; x_wconf 84' lang='lat' dir='ltr'><strong>suo</strong></span> 
     </span>
    </p>
   </div>
   <div class='ocr_carea' id='block_1_98' title="bbox 977 2004 1763 2043">
    <p class='ocr_par' dir='ltr' id='par_1_98' title="bbox 977 2004 1763 2043">
     <span class='ocr_line' id='line_1_98' title="bbox 977 2004 1763 2043; baseline -0.013 -5"><span class='ocrx_word' id='word_1_750' title='bbox 977 2011 1114 2038; x_wconf 90' lang='lat' dir='ltr'><strong>hominem</strong></span> <span class='ocrx_word' id='word_1_751' title='bbox 1130 2016 1226 2040; x_wconf 90' lang='lat' dir='ltr'><strong>unum,</strong></span> <span class='ocrx_word' id='word_1_752' title='bbox 1239 2016 1290 2036; x_wconf 88' lang='lat' dir='ltr'><strong>nec</strong></span> <span class='ocrx_word' id='word_1_753' title='bbox 1300 2008 1362 2043; x_wconf 87' lang='lat' dir='ltr'><strong>plus</strong></span> <span class='ocrx_word' id='word_1_754' title='bbox 1374 2013 1455 2042; x_wconf 88' lang='lat' dir='ltr'><strong>quam</strong></span> <span class='ocrx_word' id='word_1_755' title='bbox 1467 2005 1552 2032; x_wconf 57' lang='lat' dir='ltr'><strong>Judaei</strong></span> <span class='ocrx_word' id='word_1_756' title='bbox 1568 2005 1700 2035; x_wconf 87' lang='lat' dir='ltr'><strong>sentiunt,</strong></span> <span class='ocrx_word' id='word_1_757' title='bbox 1717 2004 1763 2038; x_wconf 89' lang='lat' dir='ltr'><strong>qui</strong></span> 
     </span>
    </p>
   </div>
   <div class='ocr_carea' id='block_1_99' title="bbox 977 2049 1764 2091">
    <p class='ocr_par' dir='ltr' id='par_1_99' title="bbox 977 2049 1764 2091">
     <span class='ocr_line' id='line_1_99' title="bbox 977 2049 1764 2091; baseline -0.013 -7"><span class='ocrx_word' id='word_1_758' title='bbox 977 2056 1173 2091; x_wconf 80' lang='lat' dir='ltr'><strong>evangelistam</strong></span> <span class='ocrx_word' id='word_1_759' title='bbox 1198 2062 1254 2081; x_wconf 94' lang='lat' dir='ltr'><strong>non</strong></span> <span class='ocrx_word' id='word_1_760' title='bbox 1273 2053 1421 2088; x_wconf 88' lang='lat' dir='ltr'><strong>recipiunt.</strong></span> <span class='ocrx_word' id='word_1_761' title='bbox 1443 2051 1476 2078; x_wconf 90' lang='lat' dir='ltr'><strong>ab</strong></span> <span class='ocrx_word' id='word_1_762' title='bbox 1490 2051 1550 2085; x_wconf 92' lang='lat' dir='ltr'><strong>ipso</strong></span> <span class='ocrx_word' id='word_1_763' title='bbox 1567 2050 1659 2077; x_wconf 90' lang='lat' dir='ltr'><strong>statim</strong></span> <span class='ocrx_word' id='word_1_764' title='bbox 1687 2049 1764 2075; x_wconf 84' lang='lat' dir='ltr'><strong>initio</strong></span> 
     </span>
    </p>
   </div>
   <div class='ocr_carea' id='block_1_100' title="bbox 978 2094 1765 2135">
    <p class='ocr_par' dir='ltr' id='par_1_100' title="bbox 978 2094 1765 2135">
     <span class='ocr_line' id='line_1_100' title="bbox 978 2094 1765 2135; baseline -0.014 -4"><span class='ocrx_word' id='word_1_765' title='bbox 978 2103 1162 2131; x_wconf 86' lang='lat' dir='ltr'><strong>clamantem:</strong></span> <span class='ocrx_word' id='word_1_766' title='bbox 1183 2110 1193 2126; x_wconf 76' lang='grc' dir='ltr'><strong>ι</strong></span> <span class='ocrx_word' id='word_1_767' title='bbox 1213 2100 1241 2127; x_wconf 93' lang='lat' dir='ltr'><strong>In</strong></span> <span class='ocrx_word' id='word_1_768' title='bbox 1272 2099 1406 2135; x_wconf 90' lang='lat' dir='ltr'><strong>principio</strong></span> <span class='ocrx_word' id='word_1_769' title='bbox 1429 2102 1488 2125; x_wconf 80' lang='lat' dir='ltr'><strong>erat</strong></span> <span class='ocrx_word' id='word_1_770' title='bbox 1505 2097 1634 2128; x_wconf 81' lang='lat' dir='ltr'><strong>Verbum,</strong></span> <span class='ocrx_word' id='word_1_771' title='bbox 1649 2099 1675 2122; x_wconf 86' lang='lat' dir='ltr'><strong>et</strong></span> <span class='ocrx_word' id='word_1_772' title='bbox 1702 2094 1765 2121; x_wconf 86' lang='lat' dir='ltr'><strong>Ver-</strong></span> 
     </span>
    </p>
   </div>
   <div class='ocr_carea' id='block_1_101' title="bbox 978 2141 1761 2182">
    <p class='ocr_par' dir='ltr' id='par_1_101' title="bbox 978 2141 1761 2182">
     <span class='ocr_line' id='line_1_101' title="bbox 978 2141 1761 2182; baseline -0.015 -5"><span class='ocrx_word' id='word_1_773' title='bbox 978 2150 1044 2177; x_wconf 92' lang='lat' dir='ltr'><strong>bum</strong></span> <span class='ocrx_word' id='word_1_774' title='bbox 1067 2152 1125 2176; x_wconf 88' lang='lat' dir='ltr'><strong>erat</strong></span> <span class='ocrx_word' id='word_1_775' title='bbox 1145 2147 1217 2182; x_wconf 89' lang='lat' dir='ltr'><strong>apud</strong></span> <span class='ocrx_word' id='word_1_776' title='bbox 1239 2145 1336 2178; x_wconf 86' lang='lat' dir='ltr'><strong>Deum,</strong></span> <span class='ocrx_word' id='word_1_777' title='bbox 1353 2150 1380 2172; x_wconf 90' lang='lat' dir='ltr'><strong>et</strong></span> <span class='ocrx_word' id='word_1_778' title='bbox 1407 2143 1479 2170; x_wconf 91' lang='lat' dir='ltr'><strong>Deus</strong></span> <span class='ocrx_word' id='word_1_779' title='bbox 1493 2146 1551 2170; x_wconf 86' lang='lat' dir='ltr'><strong>erat</strong></span> <span class='ocrx_word' id='word_1_780' title='bbox 1569 2141 1689 2169; x_wconf 83' lang='lat' dir='ltr'><strong>Verbum</strong></span> <span class='ocrx_word' id='word_1_781' title='bbox 1703 2141 1735 2167; x_wconf 83' lang='lat'><strong>”.</strong></span> <span class='ocrx_word' id='word_1_782' title='bbox 1753 2150 1761 2164; x_wconf 70' lang='grc' dir='ltr'><strong><em>υ</em></strong></span> 
     </span>
    </p>
   </div>
   <div class='ocr_carea' id='block_1_102' title="bbox 981 2189 1764 2222">
    <p class='ocr_par' dir='ltr' id='par_1_102' title="bbox 981 2189 1764 2222">
     <span class='ocr_line' id='line_1_102' title="bbox 981 2189 1764 2222; baseline -0.015 0"><span class='ocrx_word' id='word_1_783' title='bbox 981 2195 1010 2222; x_wconf 81' lang='lat' dir='ltr'><strong>Si</strong></span> <span class='ocrx_word' id='word_1_784' title='bbox 1026 2195 1100 2222; x_wconf 86' lang='lat' dir='ltr'><strong>enim</strong></span> <span class='ocrx_word' id='word_1_785' title='bbox 1115 2193 1187 2220; x_wconf 91' lang='lat' dir='ltr'><strong>Deus</strong></span> <span class='ocrx_word' id='word_1_786' title='bbox 1210 2191 1331 2219; x_wconf 85' lang='lat' dir='ltr'><strong>Verbum</strong></span> <span class='ocrx_word' id='word_1_787' title='bbox 1358 2191 1385 2218; x_wconf 95' lang='lat' dir='ltr'><strong>in</strong></span> <span class='ocrx_word' id='word_1_788' title='bbox 1409 2190 1491 2216; x_wconf 66' lang='lat' dir='ltr'><strong>corde</strong></span> <span class='ocrx_word' id='word_1_789' title='bbox 1512 2189 1604 2218; x_wconf 86' lang='lat' dir='ltr'><strong>habet,</strong></span> <span class='ocrx_word' id='word_1_790' title='bbox 1629 2194 1683 2213; x_wconf 82' lang='lat' dir='ltr'><strong>non</strong></span> <span class='ocrx_word' id='word_1_791' title='bbox 1703 2192 1717 2212; x_wconf 87' lang='lat' dir='ltr'><strong>a</strong></span> <span class='ocrx_word' id='word_1_792' title='bbox 1735 2193 1764 2211; x_wconf 76' lang='lat' dir='ltr'><strong>sc</strong></span> 
     </span>
    </p>
   </div>
   <div class='ocr_carea' id='block_1_103' title="bbox 980 2231 1762 2275">
    <p class='ocr_par' dir='ltr' id='par_1_103' title="bbox 980 2231 1762 2275">
     <span class='ocr_line' id='line_1_103' title="bbox 980 2231 1762 2275; baseline -0.017 -7"><span class='ocrx_word' id='word_1_793' title='bbox 980 2248 1073 2268; x_wconf 82' lang='lat' dir='ltr'><strong>revera</strong></span> <span class='ocrx_word' id='word_1_794' title='bbox 1093 2241 1225 2275; x_wconf 78' lang='lat' dir='ltr'><strong>genitum,</strong></span> <span class='ocrx_word' id='word_1_795' title='bbox 1238 2242 1267 2265; x_wconf 91' lang='lat' dir='ltr'><strong>ut</strong></span> <span class='ocrx_word' id='word_1_796' title='bbox 1278 2237 1362 2265; x_wconf 89' lang='lat' dir='ltr'><strong>Deum</strong></span> <span class='ocrx_word' id='word_1_797' title='bbox 1379 2244 1413 2263; x_wconf 84' lang='lat' dir='ltr'><strong>ex</strong></span> <span class='ocrx_word' id='word_1_798' title='bbox 1442 2235 1515 2263; x_wconf 84' lang='lat' dir='ltr'><strong>Deo:</strong></span> <span class='ocrx_word' id='word_1_799' title='bbox 1531 2231 1667 2269; x_wconf 85' lang='lat' dir='ltr'><strong>quomodo</strong></span> <span class='ocrx_word' id='word_1_800' title='bbox 1693 2231 1762 2265; x_wconf 83' lang='lat' dir='ltr'><strong>apud</strong></span> 
     </span>
    </p>
   </div>
   <div class='ocr_carea' id='block_1_104' title="bbox 981 2279 1764 2316">
    <p class='ocr_par' dir='ltr' id='par_1_104' title="bbox 981 2279 1764 2316">
     <span class='ocr_line' id='line_1_104' title="bbox 981 2279 1764 2316; baseline -0.014 -4"><span class='ocrx_word' id='word_1_801' title='bbox 981 2286 1066 2314; x_wconf 88' lang='lat' dir='ltr'><strong>Deum</strong></span> <span class='ocrx_word' id='word_1_802' title='bbox 1099 2285 1216 2312; x_wconf 88' lang='lat' dir='ltr'><strong>Verbum</strong></span> <span class='ocrx_word' id='word_1_803' title='bbox 1246 2282 1401 2311; x_wconf 77' lang='lat' dir='ltr'><strong>exstiterit?</strong></span> <span class='ocrx_word' id='word_1_804' title='bbox 1415 2285 1442 2309; x_wconf 87' lang='lat' dir='ltr'><strong>et</strong></span> <span class='ocrx_word' id='word_1_805' title='bbox 1465 2281 1511 2316; x_wconf 93' lang='lat' dir='ltr'><strong>qui</strong></span> <span class='ocrx_word' id='word_1_806' title='bbox 1536 2279 1592 2306; x_wconf 90' lang='lat' dir='ltr'><strong>ﬁeri</strong></span> <span class='ocrx_word' id='word_1_807' title='bbox 1620 2281 1709 2313; x_wconf 85' lang='lat' dir='ltr'><strong>potest</strong></span> <span class='ocrx_word' id='word_1_808' title='bbox 1735 2281 1764 2302; x_wconf 85' lang='lat' dir='ltr'><strong>ut</strong></span> 
     </span>
    </p>
   </div>
   <div class='ocr_carea' id='block_1_105' title="bbox 984 2321 1764 2359">
    <p class='ocr_par' dir='ltr' id='par_1_105' title="bbox 984 2321 1764 2359">
     <span class='ocr_line' id='line_1_105' title="bbox 984 2321 1764 2359; baseline -0.015 0"><span class='ocrx_word' id='word_1_809' title='bbox 984 2331 1101 2359; x_wconf 84' lang='lat' dir='ltr'><strong>Verbum</strong></span> <span class='ocrx_word' id='word_1_810' title='bbox 1119 2330 1191 2357; x_wconf 86' lang='lat' dir='ltr'><strong>Deus</strong></span> <span class='ocrx_word' id='word_1_811' title='bbox 1212 2328 1312 2356; x_wconf 81' lang='lat' dir='ltr'><strong>fuerit?</strong></span> <span class='ocrx_word' id='word_1_812' title='bbox 1330 2327 1389 2354; x_wconf 86' lang='lat' dir='ltr'><strong>Non</strong></span> <span class='ocrx_word' id='word_1_813' title='bbox 1409 2326 1482 2353; x_wconf 87' lang='lat' dir='ltr'><strong>enim</strong></span> <span class='ocrx_word' id='word_1_814' title='bbox 1510 2325 1622 2352; x_wconf 87' lang='lat' dir='ltr'><strong>verbum</strong></span> <span class='ocrx_word' id='word_1_815' title='bbox 1646 2321 1764 2349; x_wconf 78' lang='lat' dir='ltr'><strong>hominis</strong></span> 
     </span>
    </p>
   </div>
   <div class='ocr_carea' id='block_1_106' title="bbox 980 2366 1763 2410">
    <p class='ocr_par' dir='ltr' id='par_1_106' title="bbox 980 2366 1763 2410">
     <span class='ocr_line' id='line_1_106' title="bbox 980 2366 1763 2410; baseline -0.017 -6"><span class='ocrx_word' id='word_1_816' title='bbox 980 2377 1062 2404; x_wconf 89' lang='lat' dir='ltr'><strong>homo</strong></span> <span class='ocrx_word' id='word_1_817' title='bbox 1077 2381 1118 2403; x_wconf 91' lang='lat' dir='ltr'><strong>est</strong></span> <span class='ocrx_word' id='word_1_818' title='bbox 1134 2375 1204 2410; x_wconf 83' lang='lat' dir='ltr'><strong>apud</strong></span> <span class='ocrx_word' id='word_1_819' title='bbox 1221 2374 1368 2405; x_wconf 85' lang='lat' dir='ltr'><strong>hominem,</strong></span> <span class='ocrx_word' id='word_1_820' title='bbox 1387 2379 1449 2399; x_wconf 89' lang='lat' dir='ltr'><strong>cum</strong></span> <span class='ocrx_word' id='word_1_821' title='bbox 1472 2378 1523 2398; x_wconf 86' lang='lat' dir='ltr'><strong>nec</strong></span> <span class='ocrx_word' id='word_1_822' title='bbox 1539 2370 1610 2396; x_wconf 86' lang='lat' dir='ltr'><strong>vivat</strong></span> <span class='ocrx_word' id='word_1_823' title='bbox 1634 2374 1683 2394; x_wconf 91' lang='lat' dir='ltr'><strong>nec</strong></span> <span class='ocrx_word' id='word_1_824' title='bbox 1700 2366 1763 2392; x_wconf 86' lang='lat' dir='ltr'><strong>sub-</strong></span> 
     </span>
    </p>
   </div>
   <div class='ocr_carea' id='block_1_107' title="bbox 981 2415 1762 2455">
    <p class='ocr_par' dir='ltr' id='par_1_107' title="bbox 981 2415 1762 2455">
     <span class='ocr_line' id='line_1_107' title="bbox 981 2415 1762 2455; baseline -0.017 -5"><span class='ocrx_word' id='word_1_825' title='bbox 981 2424 1070 2455; x_wconf 81' lang='lat' dir='ltr'><strong>sistat,</strong></span> <span class='ocrx_word' id='word_1_826' title='bbox 1084 2422 1131 2450; x_wconf 90' lang='lat' dir='ltr'><strong>sed</strong></span> <span class='ocrx_word' id='word_1_827' title='bbox 1142 2421 1194 2448; x_wconf 81' lang='lat' dir='ltr'><strong>vivi</strong></span> <span class='ocrx_word' id='word_1_828' title='bbox 1207 2425 1233 2448; x_wconf 88' lang='lat' dir='ltr'><strong>et</strong></span> <span class='ocrx_word' id='word_1_829' title='bbox 1251 2419 1428 2447; x_wconf 88' lang='lat' dir='ltr'><strong>subsistentis</strong></span> <span class='ocrx_word' id='word_1_830' title='bbox 1451 2415 1542 2444; x_wconf 90' lang='lat' dir='ltr'><strong>cordis</strong></span> <span class='ocrx_word' id='word_1_831' title='bbox 1555 2418 1644 2441; x_wconf 87' lang='lat' dir='ltr'><strong>motus</strong></span> <span class='ocrx_word' id='word_1_832' title='bbox 1658 2417 1762 2439; x_wconf 84' lang='lat' dir='ltr'><strong>tantum</strong></span> 
     </span>
    </p>
   </div>
   <div class='ocr_carea' id='block_1_108' title="bbox 981 2458 1764 2503">
    <p class='ocr_par' dir='ltr' id='par_1_108' title="bbox 981 2458 1764 2503">
     <span class='ocr_line' id='line_1_108' title="bbox 981 2458 1764 2503; baseline -0.017 -6"><span class='ocrx_word' id='word_1_833' title='bbox 981 2470 1037 2497; x_wconf 87' lang='lat' dir='ltr'><strong>sit:</strong></span> <span class='ocrx_word' id='word_1_834' title='bbox 1052 2468 1124 2503; x_wconf 86' lang='lat' dir='ltr'><strong>quod</strong></span> <span class='ocrx_word' id='word_1_835' title='bbox 1140 2475 1202 2494; x_wconf 77' lang='lat' dir='ltr'><strong>mox</strong></span> <span class='ocrx_word' id='word_1_836' title='bbox 1224 2469 1253 2493; x_wconf 87' lang='lat' dir='ltr'><strong>ut</strong></span> <span class='ocrx_word' id='word_1_837' title='bbox 1274 2465 1479 2500; x_wconf 87' lang='lat' dir='ltr'><strong>pronuntiatum</strong></span> <span class='ocrx_word' id='word_1_838' title='bbox 1496 2465 1548 2495; x_wconf 88' lang='lat' dir='ltr'><strong>cst,</strong></span> <span class='ocrx_word' id='word_1_839' title='bbox 1571 2467 1624 2487; x_wconf 88' lang='lat' dir='ltr'><strong>non</strong></span> <span class='ocrx_word' id='word_1_840' title='bbox 1647 2458 1764 2493; x_wconf 88' lang='lat' dir='ltr'><strong>amplius</strong></span> 
     </span>
    </p>
   </div>
   <div class='ocr_carea' id='block_1_109' title="bbox 986 2620 1300 2655">
    <p class='ocr_par' dir='ltr' id='par_1_109' title="bbox 986 2620 1300 2655">
     <span class='ocr_line' id='line_1_109' title="bbox 986 2620 1300 2655; baseline -0.016 -6"><span class='ocrx_word' id='word_1_841' title='bbox 986 2623 1063 2649; x_wconf 75' lang='lat' dir='ltr'><strong>liensi</strong></span> <span class='ocrx_word' id='word_1_842' title='bbox 1080 2627 1107 2650; x_wconf 87' lang='lat' dir='ltr'><strong>et</strong></span> <span class='ocrx_word' id='word_1_843' title='bbox 1122 2620 1300 2655; x_wconf 77' lang='lat' dir='ltr'><strong>Segueriano.</strong></span> 
     </span>
    </p>
   </div>
   <div class='ocr_carea' id='block_1_110' title="bbox 1017 2647 1698 2690">
    <p class='ocr_par' dir='ltr' id='par_1_110' title="bbox 1017 2647 1698 2690">
     <span class='ocr_line' id='line_1_110' title="bbox 1017 2647 1698 2690; baseline -0.015 -6"><span class='ocrx_word' id='word_1_844' title='bbox 1017 2647 1073 2690; x_wconf 53' lang='grc' dir='ltr'><strong>(ἦε)</strong></span> <span class='ocrx_word' id='word_1_845' title='bbox 1084 2647 1175 2687; x_wconf 57' lang='grc' dir='ltr'><strong>Ῑιζὺθῦξ</strong></span> <span class='ocrx_word' id='word_1_846' title='bbox 1189 2656 1302 2690; x_wconf 69' lang='grc' dir='ltr'>Ιιιιιιριιιι·</span> <span class='ocrx_word' id='word_1_847' title='bbox 1318 2652 1345 2678; x_wconf 90' lang='lat' dir='ltr'><strong>in</strong></span> <span class='ocrx_word' id='word_1_848' title='bbox 1363 2650 1429 2690; x_wconf 76' lang='lat' dir='ltr'><strong>solis</strong></span> <span class='ocrx_word' id='word_1_849' title='bbox 1450 2648 1531 2690; x_wconf 81' lang='lat' dir='ltr'><strong>Basil.</strong></span> <span class='ocrx_word' id='word_1_850' title='bbox 1544 2652 1570 2676; x_wconf 86' lang='lat' dir='ltr'><strong>et</strong></span> <span class='ocrx_word' id='word_1_851' title='bbox 1586 2647 1698 2690; x_wconf 59' lang='lat' dir='ltr'><strong>Seguer.</strong></span> 
     </span>
    </p>
   </div>
   <div class='ocr_carea' id='block_1_111' title="bbox 1020 2686 1768 2728">
    <p class='ocr_par' dir='ltr' id='par_1_111' title="bbox 1020 2686 1768 2728">
     <span class='ocr_line' id='line_1_111' title="bbox 1020 2686 1768 2728; baseline -0.016 -8"><span class='ocrx_word' id='word_1_852' title='bbox 1020 2686 1075 2728; x_wconf 55' lang='lat'><strong>(79&#39;)</strong></span> <span class='ocrx_word' id='word_1_853' title='bbox 1091 2686 1198 2718; x_wconf 85' lang='lat' dir='ltr'><strong>Goblcr.</strong></span> <span class='ocrx_word' id='word_1_854' title='bbox 1213 2694 1239 2717; x_wconf 87' lang='lat' dir='ltr'><strong>et</strong></span> <span class='ocrx_word' id='word_1_855' title='bbox 1253 2688 1364 2723; x_wconf 75' lang='lat' dir='ltr'><strong>Seguer.</strong></span> <span class='ocrx_word' id='word_1_856' title='bbox 1378 2686 1479 2712; x_wconf 86' lang='lat' dir='ltr'><strong>habent</strong></span> <span class='ocrx_word' id='word_1_857' title='bbox 1500 2686 1689 2719; x_wconf 77' lang='grc' dir='ltr'>γεγενημένον,</span> <span class='ocrx_word' id='word_1_858' title='bbox 1711 2690 1768 2717; x_wconf 73' lang='lat' dir='ltr'><strong>pcr-</strong></span> 
     </span>
    </p>
   </div>
   <div class='ocr_carea' id='block_1_112' title="bbox 985 2736 1524 2797">
    <p class='ocr_par' dir='ltr' id='par_1_112' title="bbox 985 2736 1524 2797">
     <span class='ocr_line' id='line_1_112' title="bbox 985 2736 1524 2797; baseline -0.028 -2"><span class='ocrx_word' id='word_1_859' title='bbox 985 2736 1198 2797; x_wconf 49' lang='grc' dir='ltr'><strong>ρυίὲίίῖᾎότος.</strong></span> <span class='ocrx_word' id='word_1_860' title='bbox 1215 2760 1296 2787; x_wconf 85' lang='lat' dir='ltr'><strong>Deest</strong></span> <span class='ocrx_word' id='word_1_861' title='bbox 1307 2758 1334 2797; x_wconf 80' lang='lat' dir='ltr'><strong>in</strong></span> <span class='ocrx_word' id='word_1_862' title='bbox 1348 2755 1524 2797; x_wconf 72' lang='lat' dir='ltr'><strong>segueriano.</strong></span> 
     </span>
    </p>
   </div>
   <div class='ocr_carea' id='block_1_113' title="bbox 1019 2789 1768 2833">
    <p class='ocr_par' dir='ltr' id='par_1_113' title="bbox 1019 2789 1768 2833">
     <span class='ocr_line' id='line_1_113' title="bbox 1019 2789 1768 2833; baseline -0.013 -8"><span class='ocrx_word' id='word_1_863' title='bbox 1019 2789 1075 2833; x_wconf 61' lang='grc' dir='ltr'><strong>(8ίῇ</strong></span> <span class='ocrx_word' id='word_1_864' title='bbox 1099 2789 1200 2824; x_wconf 76' lang='lat' dir='ltr'><strong>Oninés</strong></span> <span class='ocrx_word' id='word_1_865' title='bbox 1222 2802 1291 2833; x_wconf 77' lang='lat' dir='ltr'><strong>mss.</strong></span> <span class='ocrx_word' id='word_1_866' title='bbox 1315 2789 1436 2833; x_wconf 47' lang='lat' dir='ltr'><strong>&quot;habent</strong></span> <span class='ocrx_word' id='word_1_867' title='bbox 1463 2789 1649 2833; x_wconf 46' lang='grc' dir='ltr'>καλούμενος,-</span> <span class='ocrx_word' id='word_1_868' title='bbox 1671 2791 1768 2823; x_wconf 73' lang='lat' dir='ltr'><strong>praeter</strong></span> 
     </span>
    </p>
   </div>
   <div class='ocr_carea' id='block_1_114' title="bbox 984 2825 1663 2869">
    <p class='ocr_par' dir='ltr' id='par_1_114' title="bbox 984 2825 1663 2869">
     <span class='ocr_line' id='line_1_114' title="bbox 984 2825 1663 2869; baseline -0.018 -8"><span class='ocrx_word' id='word_1_869' title='bbox 984 2825 1096 2869; x_wconf 57' lang='lat' dir='ltr'><strong>Seéue&#39;r.</strong></span> <span class='ocrx_word' id='word_1_870' title='bbox 1113 2832 1158 2867; x_wconf 90' lang='lat' dir='ltr'><strong>qui</strong></span> <span class='ocrx_word' id='word_1_871' title='bbox 1173 2831 1259 2858; x_wconf 86' lang='lat' dir='ltr'><strong>multo</strong></span> <span class='ocrx_word' id='word_1_872' title='bbox 1271 2829 1379 2861; x_wconf 87' lang='lat' dir='ltr'><strong>melius,</strong></span> <span class='ocrx_word' id='word_1_873' title='bbox 1393 2825 1556 2861; x_wconf 82' lang='grc' dir='ltr'>λαλούμενος</span> <span class='ocrx_word' id='word_1_874' title='bbox 1571 2825 1663 2852; x_wconf 72' lang='lat' dir='ltr'><strong>habet.</strong></span> 
     </span>
    </p>
   </div>
  </div>
