1898 3053
105 134 151 164 101

753 134 893 162 CONTRA
911 133 1155 161 SABELLIANOS.

1668 135 1720 162 102

108 203 116 219 α
130 192 225 224 ἄλλος’
238 201 247 218 ι
265 192 325 224 πῶς
349 193 400 220 οὐκ
418 193 571 220 αποστασία
592 193 680 228 σαφὴς
695 193 834 229 ἀρνεῖσθαι
855 201 879 219 τι

944 202 953 216 ι
969 193 1044 219 Alius
1058 201 1064 224 ;
1081 201 1089 218 ι
1107 199 1198 219 nonne
1217 191 1391 226 apertissima
1407 191 1524 220 defectio
1540 196 1566 219 et
1581 193 1718 226 apostasia

104 238 173 274 τρία,
191 237 238 264 καὶ
257 238 337 273 μόνον
356 236 424 264 εἶναι
448 239 535 272 λέγειν
552 239 598 264 τὸν
625 239 762 273 φάσκοντα
774 247 780 254 ’
802 248 811 264 ι
829 239 886 265 Οὐκ

103 283 158 318 εἰμὶ
176 283 265 318 μόνος,
280 284 320 310 ὅτι
332 284 346 310 6
356 284 466 319 πέμψας
480 293 514 319 με
528 284 623 320 Πατὴρ
640 284 698 320 μετ’
709 284 776 319 ἐμοῦ
789 285 857 311 ἐστι,
874 293 883 310 ›

102 328 206 363 Χρῆται
227 328 255 355 δὲ
273 329 319 355 καὶ
334 331 430 364 νομικῇ
446 330 520 364 φωνῇ
531 329 597 364 (90),
611 329 658 355 καὶ
673 329 826 365 διὰταύτης
839 329 886 355 δύο

103 372 263 408 παρίστησιν
278 372 357 404 ὄντας
369 373 450 399 αὐτόν
463 381 492 399 τε
506 374 552 399 καὶ
565 373 610 399 τὸν
627 373 736 408 Πατέρα
747 382 754 388 ⁸
772 383 781 398 ε
793 374 836 400 Ἐν
847 373 885 408 τῷ

104 419 185 455 νόμῳ,
200 419 261 454 Δγάρ
285 427 361 453 φησι,
390 419 429 454 τῷ
462 419 586 455 ὑμετέρῳ
604 420 766 455 γέγραπται,
783 420 822 446 ὄτι
839 420 885 446 δύο

102 465 248 500 ἀνθρώπων
262 465 278 500 ἡ
298 465 433 500 μαρτυρία
445 464 548 499 ἀληθής
562 465 648 490 ἐστιν·
666 465 745 498 Ἐγὼ,
765 475 775 490 ι
791 466 883 500 φησὶν,

104 519 114 536 ί
126 511 205 545 ειμὶό
224 510 371 546 μαρτυρῶν
387 510 451 545 περ).
469 510 597 545 ἐμαυτοῦ,
614 511 660 536 καὶ
679 513 812 547 μαρτυρεῖ
820 513 884 547 περὶ

101 555 164 590 ἐμοῦ
174 557 189 582 6
203 556 314 590 πέμψας
331 564 363 592 με
381 556 485 591 Πατήρ.
498 566 507 581 ι
526 556 592 582 Ἰδοὺ
606 555 659 592 γὰρ
675 556 721 582 δύο
739 557 882 593 πρόσωπα,

101 601 144 627 καὶ
156 601 179 627 εἰ
193 600 230 636 μὴ
246 601 336 635 λέγεις
349 601 394 627 δύο
413 599 482 627 εἶναι
500 600 569 627 κατὰ
588 601 727 636 ἀλήθειαν,
747 601 826 628 τοῦτο
838 602 882 628 λέ-

100 654 151 679 γων
164 647 224 672 οὐδὲ
235 646 286 681 τὴν
303 646 455 682 μαρτυρίαν
467 646 513 681 ἐᾷς
529 645 703 673 συνίστασθαι
723 645 804 673 οὖσαν
815 647 882 682 ἀλη-

101 691 179 727 Θινήν.
196 691 282 718 Τοῦτο
301 692 355 727 γὰρ
378 691 519 718 πιστοῦται
538 691 586 727 τὴν
614 692 776 728 μαρτυρίαν,
800 692 830 719 τὸ
845 693 882 728 μὴ

101 736 142 770 ὑφ’
161 736 219 768 ἑνὸς
235 736 357 770 γενεσθαι
375 737 465 772 μόνου,
481 737 538 764 ἀλλ’
553 738 605 764 ὑπὸ
616 738 672 765 δύο.
691 738 746 764 Καὶ
761 737 815 774 γὰρ
834 747 882 773 με-

101 783 272 818 μαρτύρηκεν
297 784 311 809 6
331 783 424 819 Πατὴρ
449 783 478 816 ἐξ
496 783 610 818 οὐρανοῦ
640 784 741 817 λέγων·
768 793 777 808 ι
799 781 882 815 Οὗτός

100 829 167 854 ιστιν
178 829 191 854 ὀ
208 829 273 860 Υἱός
289 837 339 864 μου
359 830 372 855 6
389 829 544 864 ἀγαπητός
562 839 570 854 ›
586 830 633 855 καὶ
648 828 712 860 Υἱὸς
729 828 797 855 Θεοῦ
813 827 881 855 εἶναι

938 237 1021 264 fuerit
1041 241 1096 264 tres
1111 244 1242 272 personas
1262 244 1372 272 negare,
1385 244 1416 264 ac
1431 236 1522 264 dicere
1540 236 1627 264 solum
1643 236 1719 262 illum

936 289 997 309 esse
1012 282 1058 316 qui
1076 282 1113 308 ait
1132 292 1137 308 :
1158 291 1167 307 ι
1191 281 1250 308 Νοιι
1263 290 1322 309 sum
1340 282 1427 313 solus,
1444 283 1508 316 quia
1525 281 1571 317 qui
1589 289 1631 308 me
1646 281 1720 308 misit

935 327 1026 359 Pater,
1043 335 1149 355 mecum
1164 331 1205 354 est
1221 327 1253 354 ".
1270 337 1279 352 ι
1302 327 1374 355 Voce
1389 335 1497 362 quoque
1521 327 1599 362 legali
1623 327 1718 359 utitur,

936 379 968 400 ac
988 381 1035 408 per
1054 373 1139 404 illam.
1157 381 1186 401 se
1206 377 1233 400 et
1258 373 1367 401 Patrem
1395 373 1465 401 duos
1490 380 1552 400 esse
1575 372 1717 399 declarat:

938 428 947 444 ι
968 420 997 446 In
1013 420 1070 455 lege
1083 428 1092 445 ι
1104 419 1189 451 enim,
1208 420 1305 454 inquit.
1319 429 1328 445 ι
1341 423 1431 447 vestra
1444 420 1573 454 scriptum
1587 422 1638 450 est.
1654 419 1718 454 quia

935 465 1051 493 duorum
1080 466 1219 492 hominum
1243 466 1430 493 testimonium
1459 472 1552 492 verum
1575 469 1616 492 est
1635 473 1641 490 :
1661 465 1718 500 Ego

935 518 1006 544 sum,
1027 519 1036 536 ι
1052 511 1152 546 inquit,
1173 520 1182 536 ι
1196 510 1241 545 qui
1254 510 1441 537 testimonium
1456 509 1584 544 perhibeo
1605 510 1639 536 de
1660 516 1718 536 me-

937 557 998 591 ipso
1016 566 1022 583 ε
1038 557 1092 592 30
1107 561 1133 583 et
1148 556 1332 583 testimonium
1349 556 1472 590 perhibet
1488 555 1521 582 de
1536 564 1587 587 me,
1603 555 1648 590 qui
1667 555 1718 581 mi-

937 603 972 630 sit
998 610 1040 630 me
1057 603 1178 630 Pater“.
1199 612 1208 628 ι
1227 601 1332 629 Etenim
1355 610 1419 629 ecce
1443 601 1512 628 duas
1532 609 1672 635 personas,
1687 605 1715 628 et

934 649 958 676 si
974 648 1049 676 dicas
1068 649 1135 676 duas
1158 657 1252 675 revera
1272 657 1326 675 non
1341 655 1413 679 esse,
1436 647 1501 674 dum
1522 647 1572 673 hoc
1588 646 1717 678 allirmas,

935 701 988 721 non
1009 695 1077 722 sinis
1101 694 1286 721 testimonium
1308 698 1446 725 constare,
1462 692 1535 727 quod
1559 697 1647 719 tamen
1671 700 1717 719 ve-

934 747 993 766 rum
1004 743 1055 766 est.
1074 739 1111 766 Eo
1125 740 1224 774 quippe
1236 739 1422 767 testimoniqu
1442 739 1509 766 illud
1528 738 1716 768 conﬁrmatur.

933 785 1005 820 quod
1020 792 1075 812 non
1093 786 1126 811 ab
1141 793 1195 812 uno
1221 786 1290 817 solo,
1307 785 1353 812 sed
1371 793 1385 812 a
1403 785 1511 812 duobus
1527 785 1715 820 perhibeatur.

933 829 1078 857 Enimvero
1094 831 1257 858 testiﬁcatus
1273 834 1314 858 est
1328 830 1448 858 Paterde
1462 831 1532 858 emlo
1546 831 1589 858 his
1606 831 1695 858 verbis
1708 840 1715 858 :

99 877 112 902 6
126 875 269 911 μονογενὴς
284 875 348 907 Tib;
366 875 420 911 (91)
434 877 575 912 μαρτυρεῖ,
595 875 642 902 καὶ
657 875 696 911 τῷ
712 875 800 911 Πατρὶ
818 875 879 902 διεί-

937 884 946 900 α
964 875 1012 903 llic
1025 881 1066 902 est
1083 876 1170 903 Filius
1196 884 1273 903 meus
1300 876 1414 904 dilectus
1424 877 1468 902 “z
1488 885 1497 901 ›
1514 880 1541 903 et
1555 875 1641 903 Filius
1657 875 1716 909 Dei,

99 921 185 948 λεκται
201 921 296 956 σαφῶς
315 922 344 948 ὲν
358 921 452 953 ἀκοαῖς
473 921 623 957 ἀνθρώπων
636 922 737 956 λέγων·
753 931 762 948 ε
774 922 883 957 Ἐξομο-

99 967 224 1002 λογοῦμαί
239 976 292 999 σοι,
304 967 406 1003 Πάτερ,
417 967 501 1002 Κύριε
515 967 560 994 τοῦ
572 967 685 1003 οὐρανοῦ
694 967 747 996 ,καὶ
758 968 807 1002 τῆς
819 967 880 1003 γῆς,

99 1014 136 1040 ὅτι
159 1013 319 1050 ἀπέκρυψας
342 1013 427 1040 ταῦτα
443 1014 497 1040 ἀπὸ
515 1013 604 1048 σοφῶν
621 1013 668 1039 καὶ
688 1013 816 1045 συνετῶν,
835 1014 881 1039 καὶ

99 1060 268 1094 ἀπεκάλυψας
286 1060 355 1086 αὐτὰ
376 1060 493 1095 νηπίοις.
510 1059 564 1086 Ναὶ
582 1059 596 1085 6
615 1059 726 1094 Πατήρ⁹
742 1060 783 1086 ὅτι
795 1059 881 1090 οὕτως

99 1105 198 1132 εὐδοκεα
212 1106 322 1140 ἐγένετο
338 1096 489 1141 ἔμπροσθέν
507 1114 563 1132 σου,
575 1105 668 1132 Πάντα
681 1114 725 1140 μοι
743 1105 880 1141 παρεδόθη

99 1151 147 1177 ὑπὸ
162 1151 207 1178 τοῦ
224 1151 333 1187 Πατρός
350 1160 410 1186 μου.
427 1161 436 1177 ι
453 1151 534 1177 Ἀλλὰ
554 1152 580 1177 τι
597 1151 665 1187 πρὸς
683 1150 770 1178 ταῦτα
782 1151 880 1177 ἀπολο-

100 1197 200 1230 γοῦνται
222 1197 247 1223 οἱ
268 1197 321 1231 τῆς
339 1197 473 1223 ἰουδαίων
496 1196 551 1231 (9‘2)
575 1197 715 1232 ἀρνήσεως
735 1196 878 1232 ὑπηρέται,

99 1242 162 1278 ὑπὲρ
178 1242 225 1268 τοῦ
250 1242 288 1278 μὴ
319 1242 412 1276 σαφῶς
443 1241 601 1276 ἐλέγχεσθαι
628 1243 683 1272 τοῖς
705 1240 880 1274 Εὑαγγελίοις

99 1289 318 1324 ἀντιπράττοντες
338 1288 385 1314 τοῦ
406 1288 508 1323 Κυρίου
528 1287 604 1323 ἡμῶν
635 1287 721 1323 Ἰησοῦ
743 1286 878 1322 Χριστοῦ·

100 1335 140 1361 mi.
154 1335 236 1367 οὕτως
252 1334 301 1361 δύο
310 1334 474 1366 ὑποστάσεις
486 1333 637 1368 φαίνεσθαι,
651 1333 699 1359 ἓνα
712 1333 757 1360 τὸν
770 1332 880 1368 Πατέρα

100 1381 167 1412 Θεὸν,
189 1381 282 1416 ἓτερον
306 1380 336 1406 δὲ
361 1379 405 1406 τὸν
422 1379 484 1405 Υἱὺν
504 1379 663 1414 ἄνθρωπον;
684 1378 736 1404 Φεῦ
752 1378 801 1413 τῆς
817 1379 880 1404 ἀσε-

100 1425 181 1456 ῦειαςι
197 1425 251 1452 Καὶ
268 1425 296 1451 τί
309 1424 388 1451 τοῦτο
404 1423 527 1458 διαφέρει
546 1423 594 1458 τῆς
612 1423 790 1458 Σαμοσατὲως
812 1424 880 1450 ἀπο-

101 1471 196 1504 ιογίας;
215 1472 373 1499 εἰπάτωσαν
394 1471 422 1498 δὲ
444 1470 501 1502 πῶς
527 1469 670 1505 ἄνθρωπος
694 1469 758 1504 περὶ
781 1468 878 1495 ἑαυτοῦ

101 1517 176 1544 ταῦτα
192 1517 358 1552 φθέγγεσθαι
374 1517 469 1552 τολμᾷ.
485 1526 494 1542 ι
517 1517 545 1543 '0
559 1515 688 1551 ἑωρακὼς
700 1515 760 1550 ἐμὲ,
771 1514 876 1550 ἑώρακε

100 1562 138 1588 νὺν
154 1563 274 1600 Πατέρα;
294 1573 304 1588 ι
329 1562 390 1594 Πῶς
414 1562 442 1588 δὲ
469 1563 484 1588 ὁ
509 1561 704 1595 εὐαγγελιστὴς
719 1560 781 1596 περ).
796 1559 876 1586 αὑτοῦ

101 1608 176 1635 ταῦτα
188 1609 373 1644 φθεγγομένου
390 1610 531 1644 μαρτυρεῖ,
547 1609 587 1635 ὅτι
601 1608 709 1642 Πατέρα
725 1607 789 1633 ἴδιον
802 1606 877 1640 ἔλεγε

100 1653 139 1679 τὸν
156 1653 218 1680 Θεὸν
231 1654 288 1681 ἴσον
303 1654 398 1680 ἑαυτὸν
415 1653 499 1679 ποιῶν
514 1652 553 1687 τῷ
571 1652 631 1687 Θεῷ
644 1660 651 1683 ;
666 1652 722 1678 Οὐκ
737 1651 878 1687 ἄνθρωπος

101 1698 152 1731 ἴσος
162 1700 198 1735 τῷ
211 1700 280 1735 Θεῷ.
301 1699 358 1726 ἀλλ’
372 1700 386 1726 ὁ
400 1699 431 1725 ἐκ
444 1698 490 1725 τοῦ
508 1698 562 1734 (95)
580 1698 647 1724 Θεοῦ
663 1697 728 1729 Θεὸς
757 1698 800 1724 ἴσα
825 1697 878 1730 ἕξει

102 1744 134 1780 τῷ
143 1747 314 1781 γεγεννηκότι
329 1746 401 1772 κατὰ
413 1745 461 1780 τὴν
476 1745 565 1779 φύσιν,
579 1744 615 1776 ὼς
629 1745 674 1771 καὶ
691 1745 794 1776 Παῦλος
810 1753 879 1780 μαρ-

102 1793 178 1826 τυρεῖ,
188 1793 216 1818 οὐ
235 1793 300 1828 περὶ
314 1792 363 1826 τῆς
384 1791 626 1827 ὲνανθρωπήσεως,
641 1791 707 1817 ἀλλὰ
721 1790 756 1817 τὰ
767 1791 819 1826 πρὸ
830 1791 879 1826 τῆς

102 1835 323 1874 ἐνανθρωπήσεως
331 1836 510 1872 ἐξηγούμενος
517 1837 583 1872 (94)·
597 1846 606 1862 ι
614 1838 670 1868 Ὃς,
678 1837 706 1862 ὲν
713 1838 804 1872 μορφῇ
811 1836 878 1863 Θεοῦ

104 1881 231 1918 ὑπάρχων,
243 1883 292 1918 οὐχ
307 1882 453 1918 ἁρπαγμὸν
465 1883 586 1917 ἡγήσατο
598 1881 628 1908 τὸ
643 1879 711 1908 εἶναι
725 1881 768 1907 ἴσα
777 1881 846 1916 Θεῷ.
867 1891 877 1907 ι

104 1927 187 1963 Ἰσμεν
203 1930 249 1956 καὶ
262 1928 442 1964 ἀνθρωπίνως
455 1928 583 1959 πολλάκις
603 1927 648 1954 τὸν
665 1927 781 1962 Σωτῆρα
795 1927 878 1962 φθεγ-

102 1973 219 2008 γόμενον·
232 1975 289 2002 ἀλλ’
307 1975 354 2010 οὐχ
366 1975 410 2000 ὅτε
422 1974 503 2009 φησιν
512 1982 519 1988 “
539 1983 548 1999 ε
560 1973 630 2007 Ἐγώ
643 1974 722 2008 εἱμιό
733 1973 878 2009 μαρτυρῶν

103 2020 159 2055 περὶ
170 2020 298 2056 ἐμαυτοῦ,
317 2020 363 2046 καὶ
382 2020 516 2055 μαρτυρεῖ
532 2020 596 2054 περὶ
610 2018 677 2053 ἐμοῦ
691 2020 705 2045 6
725 2018 836 2053 πέμψας
846 2027 879 2053 με

103 2065 195 2101 Πατήρ.
210 2075 219 2091 ι
236 2067 273 2093 Οὐ
290 2066 347 2101 γὰρ
361 2065 502 2101 ἄνθρωπος
518 2065 533 2090 ὁ
552 2064 688 2100 πεμφθεὶς
706 2065 745 2095 εἰς
766 2065 812 2090 τὸν
834 2065 879 2090 κό-

105 2118 174 2145 σμον,
187 2113 200 2138 6
213 2112 299 2146 λέγων
309 2120 316 2126 ·
339 2122 347 2136 ι
359 2111 406 2137 Ἐκ
422 2111 468 2137 τοῦ
480 2110 586 2146 Πατρὸς
599 2110 709 2145 ἐξῆλθον
725 2110 773 2136 καὶ
785 2111 876 2145 ἥκω-ι

105 2155 118 2180 6
130 2154 219 2189 λέγων·
239 2166 248 2181 l
265 2157 358 2187 Οὕτως
370 2156 424 2190 γὰρ
439 2157 582 2192 ἠγάπησεν
594 2157 607 2182 6
626 2156 691 2188 Θεὸς
703 2156 749 2182 τὸν
765 2156 877 2192 κόσμον,

106 2197 165 2225 ὥστε
178 2200 220 2226 τὸν
238 2200 301 2227 Υἱὸν
315 2200 398 2227 αὐτοῦ
414 2202 461 2227 τὸν
475 2203 605 2236 μονογενῆ
630 2201 739 2234 ἔδωκεν,
764 2201 808 2228 ἵνα
824 2203 878 2234 πᾶς
895 2226 916 2252 D

107 2243 257 2272 ὸπιστεύων
282 2247 322 2278 εἰς
348 2246 428 2272 αὐτὸν
453 2247 509 2281 (95)
531 2247 568 2283 μὴ
588 2247 732 2282 ἀπόληται,
755 2247 812 2274 ἀλλ’
829 2247 878 2282 ἔχῃ

109 2289 168 2325 ζωὴν
180 2291 296 2319 αἰώνιον·
312 2302 321 2318 ι
347 2293 362 2318 6
376 2292 462 2326 λέγων
472 2302 478 2307 ·
496 2302 505 2317 ι
524 2293 708 2328 Καταεέὸηκα
728 2295 760 2320 ἐκ
774 2293 821 2320 τοῦ
835 2294 878 2320 οὺ-

111 2336 186 2368 ρανοῦ,
200 2338 247 2372 οὐχ
255 2338 299 2364 ἶνα
314 2337 383 2364 ποιῶ
393 2338 423 2364 τὸ
439 2337 544 2373 θέλημα
554 2338 621 2373 (95')
634 2339 664 2365 τὸ
681 2338 758 2373 ἐμὸν,
769 2338 836 2365 ἀλλὰ
849 2339 879 2364 τὸ

110 2380 199 2416 θέλημα
217 2383 262 2410 τοῦ
288 2373 445 2419 πέμψαντάς
466 2393 508 2419 με.
526 2394 536 2409 ι
559 2384 627 2410 Ἀλλ’
644 2385 668 2410 ει
692 2384 778 2416 θέλεις
805 2383 879 2418 αὑτῷ

144 2494 163 2509 ’⁵
180 2495 254 2522 Joan.
272 2505 338 2526 vm.
357 2497 399 2525 16.
450 2497 475 2513 ’⁵
494 2495 559 2523 ibid.
580 2496 622 2528 i7,
640 2497 685 2524 18.

731 2497 754 2512 ⁸⁵
786 2495 881 2522 Matth.
901 2504 949 2528 Ill,
970 2496 1019 2528 l7;
1040 2503 1113 2524 xvn.
1132 2495 1158 2521 5.

933 921 1103 956 unigenitum
1122 921 1167 948 Dei
1180 921 1278 948 Filium
1295 929 1324 948 se
1335 929 1397 949 esse
1408 925 1536 953 testatur,
1554 925 1580 949 et
1594 921 1714 954 Patrem,

932 971 1023 1000 aperte
1047 968 1221 995 audientibus
1251 968 1417 1000 hominibus,
1436 968 1478 995 his
1495 969 1584 995 verbis
1611 969 1716 995 allocu-

932 1016 976 1039 tus
997 1017 1060 1040 est:
1093 1023 1102 1038 ι
1120 1013 1258 1041 Conﬁteor
1278 1015 1337 1047 tibi,
1364 1013 1454 1046 Pater,
1475 1014 1587 1042 Domine
1611 1016 1673 1042 eceli
1689 1020 1714 1042 et

931 1062 1020 1091 terrm,
1042 1058 1105 1093 quia
1120 1059 1287 1087 abscondisti
1305 1060 1361 1087 hrec
1383 1068 1397 1087 ιι
1419 1061 1587 1095 sapientibus
1609 1064 1636 1088 et
1650 1069 1716 1095 pru-

930 1104 1068 1137 dentibus,
1082 1110 1109 1132 et
1123 1106 1250 1133 revelasti
1267 1114 1298 1133 ea
1320 1107 1449 1141 parvulis.
1463 1106 1511 1138 Ita,
1527 1105 1608 1134 Pater
1624 1115 1631 1131 :
1650 1107 1714 1140 quia

930 1152 970 1179 sic
988 1151 1040 1178 fuit
1055 1151 1183 1187 placitum
1202 1156 1264 1179 ante
1276 1156 1311 1180 te.
1325 1152 1420 1180 Omnia
1440 1153 1504 1180 mihi
1516 1153 1614 1179 tradita
1624 1157 1686 1180 sunt
1699 1161 1714 1180 ιι

932 1196 1012 1224 Patre
1028 1204 1088 1223 meo
1099 1198 1131 1223 ".
1150 1207 1159 1223 ι
1176 1196 1228 1224 Sed
1240 1198 1304 1232 quid
1317 1198 1349 1225 ad
1365 1198 1422 1225 haec
1433 1198 1598 1233 respondent
1611 1197 1716 1225 Jud:eo-

930 1250 990 1269 rum
1014 1243 1167 1277 negationis
1194 1243 1347 1271 administri
1364 1253 1370 1270 :
1385 1251 1420 1270 ne
1447 1244 1536 1279 palam
1564 1244 1715 1278 deprehen-

930 1287 1032 1315 dantur
1057 1288 1195 1315 adversari
1219 1287 1372 1324 Evangeliis
1397 1288 1506 1316 Domini
1539 1290 1627 1316 nostri
1649 1289 1715 1316 Jesu

929 1332 1032 1360 Christi
1045 1342 1052 1366 ;
1067 1337 1094 1359 et
1110 1341 1144 1360 ne
1153 1333 1266 1366 sic,duae
1280 1333 1441 1368 hypostascs
1455 1337 1614 1369 appareant,
1630 1341 1714 1361 unum

930 1387 1028 1414 nempe
1042 1378 1160 1409 Patrem,
1179 1378 1281 1411 Deum,
1299 1380 1414 1406 alterum
1440 1387 1506 1406 vero
1529 1379 1638 1412 Filium,
1666 1379 1716 1407 ho-

930 1423 1053 1450 minem?
1067 1431 1083 1450 ο
1098 1423 1278 1458 impietatem!
1305 1423 1409 1458 Ecquid
1432 1423 1498 1450 illud
1522 1424 1638 1452 dilTerta
1663 1423 1715 1452 Sa-

931 1470 1096 1497 mosatensis
1111 1468 1289 1497 defensione?
1310 1469 1406 1496 Dicant
1419 1477 1473 1504 quo
1490 1473 1569 1504 pacto
1582 1470 1663 1497 homo
1675 1473 1716 1496 ta-

933 1516 968 1543 lia
988 1516 1022 1543 de
1050 1516 1140 1551 seipso
1165 1516 1238 1551 loqui
1258 1516 1356 1544 audeat
1376 1526 1383 1543 :
1401 1525 1410 1540 σ
1432 1517 1483 1549 Qui
1506 1518 1572 1544 vidit
1587 1525 1630 1545 me
1648 1517 1716 1544 vidit

929 1565 957 1588 et
972 1561 1080 1588 Patrem
1089 1562 1130 1589 ἐἴ
1142 1571 1152 1588 ι
1172 1562 1225 1589 Aut
1241 1570 1291 1588 cur
1306 1562 1471 1597 evangelista
1486 1563 1573 1597 ipsum
1587 1563 1622 1590 ita
1639 1563 1716 1590 locu-

930 1611 988 1633 tum
1006 1610 1125 1634 testatur
1141 1616 1147 1633 :
1162 1615 1258 1642 nempe
1269 1608 1340 1642 quod
1354 1609 1435 1634 Deum
1448 1607 1554 1635 Patrem
1566 1616 1644 1635 suum
1655 1616 1717 1636 esse

929 1651 1029 1679 dixerit
1040 1673 1046 1683 .
1079 1653 1264 1687 aaqualemque
1279 1661 1340 1680 sese
1356 1653 1411 1680 Deo
1435 1653 1547 1681 fecerit?
1563 1653 1622 1680 Non
1642 1655 1714 1681 enim

929 1702 971 1725 est
983 1698 1065 1726 homo
1082 1698 1136 1725 Deo
1151 1699 1282 1733 aequalis;
1302 1699 1349 1726 sed
1375 1698 1447 1727 Deus
1468 1707 1501 1727 ex
1517 1699 1583 1732 Deo,
1601 1700 1715 1734 aequalis

929 1743 1080 1771 secundum
1105 1748 1232 1771 naturam
1249 1745 1301 1772 erit
1327 1746 1351 1772 ei
1367 1745 1414 1780 qui
1427 1753 1456 1772 se
1471 1746 1621 1778 generavit,
1640 1750 1670 1773 ut
1689 1749 1717 1774 et

929 1789 1029 1817 Paulus
1046 1795 1173 1823 testatur,
1205 1791 1249 1830 ubi
1267 1799 1321 1819 non
1346 1790 1380 1818 de
1406 1791 1605 1824 incarnatione,
1619 1793 1665 1820 sed
1683 1792 1717 1820 de

929 1835 963 1863 iis
986 1844 1047 1870 quae
1070 1836 1288 1863 incarnationem
1321 1844 1486 1871 praeessem
1511 1838 1593 1865 verba
1627 1838 1715 1865 facit:

932 1890 942 1906 ‹
959 1881 1011 1914 Qui
1025 1889 1087 1909 cum
1099 1881 1127 1908 in
1148 1882 1235 1909 forma
1250 1881 1297 1909 Dei
1316 1886 1400 1914 esset,
1417 1891 1473 1910 non
1495 1884 1618 1918 rapinam
1638 1885 1714 1910 arhi-

929 1931 1016 1955 tratus
1029 1932 1070 1955 est
1081 1936 1142 1956 esse
1167 1936 1196 1956 se
1213 1929 1345 1963 aequalem
1360 1929 1414 1956 Deo
1425 1930 1459 1956 '9.
1473 1938 1483 1955 ι
1502 1929 1610 1956 Scimus
1626 1934 1716 1957 autem

929 1973 1068 2001 Christum
1082 1975 1241 2009 plerumque
1255 1975 1406 2002 secundum
1419 1975 1616 2002 humanitatem
1639 1977 1713 2003 locu-

929 2024 987 2046 tum
1001 2020 1085 2048 fuisse
1103 2029 1110 2047 :
1129 2025 1156 2047 at
1174 2028 1230 2047 non
1245 2021 1354 2056 quando
1375 2021 1443 2048 dixit
1462 2029 1468 2047 :
1490 2030 1499 2046 ι
1518 2021 1575 2054 Ego
1587 2029 1648 2049 sum
1667 2023 1715 2057 qui

929 2065 1115 2092 testimonium
1130 2066 1262 2100 perhibeo
1277 2067 1310 2093 de
1327 2067 1432 2101 meipso
1458 2074 1464 2092 :
1484 2070 1511 2094 et
1529 2067 1716 2094 testimonium

930 2109 1054 2144 perhibet
1069 2110 1102 2136 de
1114 2117 1168 2142 me,
1183 2111 1229 2144 qui
1246 2111 1321 2138 misit
1332 2119 1384 2142 me,
1405 2110 1484 2138 Pater
1496 2112 1530 2138 ".
1545 2121 1554 2137 ι
1572 2111 1631 2139 Non
1642 2113 1715 2139 enim

930 2156 1013 2182 homo
1024 2160 1066 2184 est
1081 2156 1127 2191 qui
1151 2157 1254 2185 missus
1274 2161 1316 2184 est
1342 2159 1369 2184 in
1385 2157 1528 2190 mundum,
1543 2162 1570 2184 et
1587 2159 1625 2185 ait
1640 2167 1646 2185 :
1665 2167 1675 2184 ε
1693 2159 1716 2186 Α

930 2201 1012 2229 Patre
1039 2202 1111 2229 exivi
1133 2207 1160 2229 et
1181 2203 1262 2231 venio
1272 2204 1293 2219 ³¹
1312 2212 1318 2230 :
1339 2213 1348 2229 ι
1378 2203 1424 2238 qui
1441 2204 1506 2230 item
1532 2204 1598 2231 dicit
1615 2212 1622 2229 :
1642 2213 1651 2229 ι
1671 2203 1715 2231 Sic

930 2247 1002 2274 enim
1018 2246 1091 2275 Deus
1108 2247 1206 2275 dilexit
1225 2248 1369 2278 mundum.
1385 2252 1415 2275 ut
1433 2247 1531 2275 Filium
1548 2256 1627 2275 suum
1651 2249 1714 2276 uni-

931 2295 1052 2328 genitum
1070 2293 1148 2321 daret
1166 2303 1173 2322 :
1190 2298 1221 2321 ut
1235 2294 1325 2322 omnis
1339 2295 1384 2329 qui
1411 2295 1500 2322 credit
1524 2295 1552 2321 in
1572 2302 1644 2324 eum.
1660 2302 1714 2322 non

931 2343 1035 2374 pereat,
1046 2339 1092 2366 sed
1110 2339 1207 2367 habeat
1217 2340 1300 2367 vitam
1317 2344 1446 2367 aeternam
1456 2340 1489 2372 “1,
1504 2350 1513 2366 ι
1523 2340 1568 2374 qui
1578 2340 1659 2366 etiam
1671 2339 1714 2366 di-

933 2385 993 2411 cit:
1015 2394 1023 2410 l
1039 2384 1171 2413 Descendi
1181 2385 1214 2413 de
1229 2386 1310 2417 caelo,
1331 2393 1387 2412 non
1414 2389 1442 2412 ut
1465 2385 1562 2412 faciam
1590 2386 1715 2411 volunta-

1211 2495 1234 2511 "
1254 2494 1350 2522 Matth.
1366 2495 1411 2526 XI',
1428 2492 1542 2520 25—27.
1595 2493 1617 2509 ’⁸
1635 2493 1713 2521 Joan.

112 2534 157 2557 xw.
171 2530 195 2557 9.
231 2532 253 2547 "
271 2531 388 2568 Philipp.
407 2540 437 2564 ιι,
455 2532 483 2559 6.
521 2532 543 2547 ³ο
562 2531 641 2560 Joan.
660 2539 719 2563 vtu,
736 2532 781 2559 l8.
818 2531 839 2546 "
859 2530 879 2557 .Ι‹

934 2549 938 2557 .
957 2539 1013 2562 ινι,
1032 2530 1076 2557 28.
1116 2530 1138 2545 ⁸²
1157 2529 1236 2557 Joan.
1255 2537 1302 2562 Ill,
1322 2529 1361 2556 i6.

104 2607 105 2618 ‘
129 2606 370 2645 ‘(90)_Bas_iliensis.
384 2611 417 2645 τῇ
434 2611 531 2645 νομικῇ
550 2610 634 2645 φωνῇ.
653 2607 737 2642 Intra,
756 2609 795 2644 τῷ
811 2609 877 2644 ὑμε-

111 2639 223 2680 figam-iu
243 2643 334 2671 Graeco
356 2639 504 2680 Scriptura).
519 2639 651 2677 ieitufet
668 2645 695 2671 in
712 2639 878 2680 segu'criano

113 2673 207 2710 legitur,
223 2684 248 2705 at
263 2680 289 2706 iu
300 2685 386 2707 culter.
400 2673 479 2707 codd.
495 2685 522 2706 et
532 2673 666 2708 edit.'n0n
681 2673 806 2708 habe‘t'ur.

143 2712 200 2751 (911
219 2713 341 2751 θρέψει-,ι
364 2715 430 2741 Θεοῦ
455 2724 484 2741 τε
502 2714 570 2742 εἶναι
591 2716 735 2751 μονογενὴς
764 2716 778 2742 6
804 2714 876 2748 Υἱός.

112 2743 165 2806 ζξι
184 2743 274 2780 Βοεὶιῖ,
294 2749 446 2778 διείλεκται.
462 2750 533 2778 Editi
551 2743 616 2778 vero
640 2743 667 2778 et
691 2743 793 2784 caeteri,
817 2743 878 2787 διῆ-

147 2790 203 2806 .τ1.1..

139 2789 203 2808 κτιι.

145 2816 193 2857 (32)
209 2816 383 2857 lta‘Seguer”
403 2826 485 2849 recte.
511 2821 583 2848 Editi
602 2829 677 2853 vero.
699 2823 724 2850 οἱ
743 2823 794 2849 τῶν
814 2824 877 2850 Ἰου-

115 2848 196 2878 δαίων.
218 2848 289 2882 lul‘ra
298 2848 408 2884 “omnes
433 2848 878 2895 manuscripti,"dtintnpdiirrovse;

930 2607 976 2633 τὸν
982 2606 1088 2642 Κύριον
1098 2607 1177 2642 ἡμῶν
1192 2606 1432 2642 ἸησοῦνῗΧριᾳτόῃ
1446 2606 1493 2642 καὶ
1503 2605 1588 2642 οὕτως
1598 2605 1647 2642 τᾲς
1659 2606 1713 2642 δύο.

967 2640 1228 2674 (95)’ϐοιιῐ‹ὲι”ἰ;ιηυέ
1246 2646 1273 2668 et
1292 2640 1447 2669 Fe’lckman.
1460 2641 1486 2673 1,
1509 2641 1551 2676 τῷ
1566 2641 1636 2676 Θεῷ,
1656 2641 1713 2667 ἀλλ’

931 2677 945 2704 6
959 2677 991 2703 ὲκ
1004 2676 1061 2708 τοῦ,
1075 2677 1185 2704 omissis
1200 2677 1305 2704 mediis.

969 2711 1024 2746 (94)
1042 2711 1123 2739 Basil.
1140 2716 1166 2738 et
1186 2711 1310 2746 Seguer.,
1326 2710 1417 2744 φύσιν,
1431 2711 1468 2744 ὡς
1484 2711 1531 2738 καὶ
1554 2711 1646 2746 ἕτερος
1664 2721 1714 2746 μα-

931 2746 1014 2782 θητὴς
1038 2748 1051 2773 6
1081 2746 1133 2773 τῶν
1153 2747 1236 2782 ἐθνῶν
1258 2746 1415 2778 διδάσκαλος
1446 2748 1577 2782 μαρτυρεῖ
1599 2746 1714 2778 Παῦλος,

931 2782 961 2808 οὺ
981 2781 1104 2817 περιτῆς
1121 2781 1350 2816 ἐνανθρωπήσεως
1366 2782 1459 2816 λέγων.

966 2816 1022 2852 (95)
1037 2816 1149 2851 Segucr.
1165 2817 1256 2848 habet,
1273 2817 1316 2843 ἐπ’
1336 2817 1425 2843 αὐτόν.

967 2861 1035 2897 (95‘)
1051 2860 1096 2890 Sic
1111 2861 1255 2889 Basiliens.
1272 2857 1384 2897 Seguer.
1401 2866 1428 2890 et
1439 2861 1549 2890 Graecus
1567 2860 1716 2898 Scriptura:
