1898 3053
171 163 221 192 103

738 158 779 190 ,5.
801 156 1028 185 ATIIANASIUS.
1049 173 1083 178 —
1102 155 1217 185 DUBIA.

1749 163 1802 191 IN

169 225 223 248 tem
241 227 339 252 meam.
356 219 402 247 sed
424 219 590 246 voluntatem
606 217 666 252 ejus
689 219 734 252 qui
752 217 826 244 misit
839 225 882 244 me
897 216 930 243 ".
945 227 951 242 ι

1020 215 1187 251 ινθρωπίνως
1200 214 1324 246 ἀκοῦσαι,
1342 215 1516 250 ἁρμοζόντως
1526 217 1559 251 τῇ
1574 216 1699 252 ὁρωμένῃ
1729 217 1802 245 κατά

171 266 224 294 Sed
239 267 261 293 si
285 266 326 293 vis
349 273 411 293 eum
441 265 536 292 audire
561 265 717 299 loquentem
744 263 914 294 humanitus,
931 267 958 290 et

169 314 354 345 congruenter
378 309 412 336 ad
437 309 575 336 carnalem
593 310 794 344 I'ormam,quae
819 307 954 343 apparuit,

169 361 196 383 et
211 356 244 383 ad
260 356 470 388 humanitatem,
487 362 570 390 quam
588 355 727 382 auditores
740 354 800 388 ejus
815 354 915 381 nudam
931 357 959 380 et

169 402 255 430 solam
269 401 296 427 in
309 408 341 428 eo
356 401 564 431 existimabant.
577 400 730 427 audiverba
744 399 823 434 ejus:
841 408 851 424 ι
869 398 896 426 Si
908 406 958 434 ego

170 447 359 476 testimonium
395 447 527 482 perhich
557 447 591 474 de
621 447 736 481 meipso,
772 446 957 474 testimonium

169 501 258 521 meum
270 501 325 520 non
346 497 389 521 est
407 493 542 520 verum."
562 503 571 518 ›
596 492 672 526 Quod
686 493 791 520 scilicet
803 500 892 527 neque
906 492 958 520 fide

169 538 270 575 dignus
281 539 327 572 sit,
342 547 430 574 neque
442 539 505 566 talis
516 538 688 566 existimetur
701 538 793 571 homo,
811 539 858 573 qui
869 537 903 565 de
913 545 958 565 se-

169 586 228 621 ipso
258 586 445 614 testimonium
472 585 561 612 ferat:
579 593 640 612 cum
655 588 744 612 autem
766 585 831 612 dicit
848 593 854 610 :
870 593 879 609 ι
899 583 958 610 Etsi

167 640 218 667 ego
241 632 427 659 testimonium
451 632 580 666 pcrhibeo
607 631 641 658 dc
663 631 778 666 meipso,
803 638 896 658 verum
916 634 958 657 est

168 679 356 706 testimonium
384 685 486 710 meum,
505 677 568 712 quia
588 677 647 704 scio
661 676 734 703 unde
758 675 822 703 veni
848 680 876 703 et
902 683 958 711 quo

166 723 237 750 vado
247 724 279 750 ³⁸.
298 733 307 749 ι
328 722 443 756 Quando
458 722 565 750 Patrem
582 727 609 749 et
628 729 688 749 sese
713 729 872 754 numerans,
887 721 958 749 duos

166 776 229 797 esse
244 769 311 796 dicit
327 769 421 803 gloriae
445 776 502 795 sum
530 771 625 799 testes,
647 775 820 802 nequaquam
838 767 957 794 humana

168 815 300 850 loquitur.
314 814 360 842 sed
377 823 460 850 supra
476 822 585 842 onmem
605 814 752 840 humanam
769 813 930 848 dignitatem
948 821 955 838 :

167 860 265 895 ecquid
288 860 351 888 dico
381 860 548 887 humanam?
577 867 660 894 supra
689 859 852 895 angelicam,
873 867 956 895 supra

1010 263 1098 298 σάρκα
1127 262 1229 297 μορφῇ,
1254 261 1300 288 καὶ
1323 262 1356 296 τῇ
1379 261 1545 297 νομιζομένῃ
1568 261 1631 297 ψιλῇ
1648 261 1723 298 παρὰ
1744 264 1801 295 τοῖς

1009 308 1156 335 ἀκούσασιν
1183 307 1392 343 ἀνθρωπότητι,
1426 307 1508 334 ἄκουε
1544 308 1668 342 λέγοντος
1697 308 1798 335 αὑτοῦ·

1013 364 1021 380 ι
1039 355 1069 380 Εἰ
1086 354 1142 388 (96)
1159 353 1213 387 ἐγὼ
1237 353 1368 389 μαρτυρῶ
1383 354 1448 388 περ)⁵
1463 354 1592 389 ἐμαυτοῦ,
1615 355 1631 389 ἡ
1661 355 1800 390 μαρτυρία

1011 408 1061 434 μου
1079 399 1181 435 ἀληθὴς
1196 399 1245 425 οὐκ
1259 399 1314 425 ἐστι
1325 407 1332 414 ·
1346 409 1355 424 ›
1370 399 1439 426 κατὰ
1453 399 1484 425 τὸ
1498 399 1534 434 μὴ
1549 399 1704 432 ἀξιόπιστον
1719 397 1798 434 εἶναι,

1011 446 1078 481 μηδὲ
1091 445 1246 481 νομίζεσθαι
1265 445 1407 481 ἄνθρωπον
1425 446 1514 481 ἑαυτῷ
1535 447 1737 482 μαρτυροῦντα·
1754 448 1798 474 ὅτε

1009 491 1038 518 δέ
1055 499 1134 527 φησι⁸
1151 501 1160 517 ι
1185 491 1245 518 Κᾶν
1259 491 1315 525 ἐγὼ
1331 491 1462 527 μαρτυρῶ
1475 492 1539 528 περὶ
1550 492 1679 527 ἐμαυτοῦ,
1697 494 1712 527 ἡ
1729 501 1800 528 μαρ-

1009 538 1089 574 τυρία
1108 547 1157 573 μου
1173 538 1277 574 ἀληθής
1292 538 1376 569 ἐστιν,
1391 538 1432 564 ὅτι
1447 536 1504 565 οῖδα
1522 538 1601 564 πόθεν
1614 539 1739 574 ἔρχομαι,
1752 540 1800 566 καὶ

1009 585 1060 611 ποῦ
1074 585 1180 618 ὑπάγω.
1203 593 1212 610 ι
1229 584 1302 616 “Ora,
1314 583 1438 618 ἀριθμῶν
1449 584 1497 615 ,τὸν
1514 585 1624 620 Πατέρα
1646 585 1692 611 καὶ
1706 585 1798 617 αὑτὸν,

1008 630 1054 657 δύο
1068 631 1149 666 φησὶν
1162 628 1302 662 εἶναιτοὺς
1315 631 1379 666 περὶ
1395 631 1444 665 τῆς
1456 630 1533 665 δόξης
1547 630 1629 657 αὐτοῦ
1648 631 1798 667 μάρτυρας,

1008 677 1057 703 οὐκ
1066 676 1221 712 ἀνθρώπινα
1230 677 1453 712 φθέγγεται,”ἀλλ’
1464 678 1535 713 ὑπὲρ
1554 679 1643 704 πᾶσαν
1658 678 1798 714 ἀνθρωπί-

1008 731 1057 759 νην
1065 723 1153 756 ἀξίαν·
1166 723 1246 750 καὶτί
1261 723 1333 758 λέγω
1350 723 1540 760 ἀνθρωπίνην;
1555 724 1625 760 ὑπὲρ
1639 725 1797 760 ἀγγελικὴν,

1009 769 1079 804 ὑπὲρ
1097 769 1192 804 ἀρχὰς,
1207 769 1276 805 ὑπὲρ
1291 769 1430 804 δυνάμεις,
1449 769 1518 805 ὑπὲρ
1539 769 1711 805 κυριότητας.
1731 771 1800 798 Ποία

1008 814 1061 850 γὰρ
1070 814 1212 850 ἀνθρώπου
1221 815 1267 841 καὶ
1274 814 1341 841 Θεοῦ
1353 814 1550 850 συναρίθμησις
1562 823 1568 847 ς
1591 814 1632 846 τίς
1641 815 1770 851 ἐγγύτης,
1780 815 1796 852 ἢ

1008 862 1048 893 τίς
1061 861 1185 888 κοινωνία
1195 870 1202 893 ;
1211 861 1279 888 ἀλλά
1292 861 1379 895 λέγων
1389 870 1395 876 ·
1409 871 1418 887 ι
1436 861 1663 897 Ἐξομολογοῦμαί
1677 870 1728 893 σοι,
1743 862 1799 888 Πά-

168 907 348 942 principatus,
360 915 443 942 supra
462 911 623 942 potestates,
640 913 726 940 supra
739 905 951 933 dominationes.

1022 915 1063 943 ερ,
1073 907 1160 943 Κύριε
1173 907 1220 934 τοῦ
1228 906 1342 943 οὐρανοῦ
1352 908 1397 935 καὶ
1408 909 1458 943 τῆς
1471 908 1532 943 γῆς.
1547 917 1555 933 ι
1572 907 1715 943 ἄνθρωπος
1726 906 1798 934 εἷναί

167 952 227 985 Qua
242 952 314 979 enim
331 953 436 979 ratione
462 952 544 979 horno
565 951 621 979 Deo
648 951 825 979 annumerari
851 951 958 987 possit?

166 1005 227 1032 qua:
243 998 312 1026 inter
324 1006 372 1026 eos
385 999 519 1030 aﬂinitas.
538 1006 599 1033 qum
618 998 793 1026 communio?
817 997 870 1025 Sed
895 1005 957 1025 cum

1012 962 1052 979 σοι
1063 953 1146 984 δοκεῖ,
1156 951 1306 984 καλῶς’καὶ
1319 953 1374 988 γὰρ
1382 952 1436 987 ἔχει
1448 952 1477 979 τὸ
1490 953 1544 988 (97)
1559 952 1726 988 ἀνθρώπινον
1734 953 1798 980 ἀνα-

1014 998 1180 1034 μεμιγμένον
1193 998 1209 1033 ή
1225 998 1434 1034 παραγενομένη
1447 998 1540 1033 θεότης
1553 999 1593 1030 εἰς
1608 999 1653 1026 τὸν
1669 999 1781 1034 κόσμον.

166 1044 258 1072 dicit:
284 1055 293 1071 ι
322 1045 460 1073 Conﬁteor
487 1046 548 1078 tibi,
569 1045 668 1077 Pater,
694 1045 809 1072 Domine
836 1045 900 1072 cceli
927 1049 954 1072 et
979 1049 1060 1072 terrae
1082 1045 1116 1078 ",
1132 1054 1141 1071 ι
1161 1045 1244 1072 homo
1272 1052 1335 1072 esse
1349 1045 1398 1073 tibi
1422 1046 1539 1078 videtur,
1565 1049 1637 1073 recte
1665 1045 1796 1081 quidem;

166 1091 255 1120 deitas
269 1091 341 1118 enim
358 1091 403 1118 illa
417 1099 478 1126 qua!
490 1091 518 1119 in
538 1091 672 1118 mundum
694 1091 817 1122 advenit,
829 1091 1026 1119 humanitatem
1050 1092 1102 1119 sibi
1113 1091 1270 1125 adjunctam
1283 1091 1374 1119 habet.

201 1150 229 1178 4.
251 1149 304 1176 Sed
325 1157 360 1176 ne
390 1149 425 1176 ob
457 1149 550 1176 carnis
570 1156 696 1176 velamen
725 1149 810 1177 Deum
834 1149 955 1185 ignores,

167 1195 215 1231 qui
227 1195 319 1222 statim
331 1195 365 1222 de
374 1195 466 1229 seipso
475 1195 634 1230 subjungit:
648 1204 657 1220 ι
668 1194 753 1222 Nemo
763 1195 838 1222 novit
847 1194 956 1227 Filium.

167 1242 221 1269 nisi
233 1241 313 1268 Pater
328 1249 334 1268 :
352 1249 440 1276 neque
462 1240 571 1268 Patrem
587 1241 650 1276 quis
666 1243 740 1268 novit
758 1242 810 1269 nisi
822 1240 919 1272 Filius.
931 1246 958 1269 et

166 1289 211 1316 cui
220 1288 335 1316 voluerit
345 1287 429 1316 Filius
442 1289 572 1316 revelare.
584 1287 678 1316 Venite
689 1289 722 1316 ad
735 1296 788 1320 me.
804 1295 899 1316 omnes
911 1287 957 1324 qui

166 1335 298 1362 laboratis
310 1338 337 1362 et
351 1334 456 1361 onerati
468 1334 547 1365 estis,
556 1337 584 1361 et
596 1341 646 1369 ego
658 1333 777 1361 reﬁciam
791 1340 850 1360 vos.
860 1332 958 1360 Tollite

166 1381 218 1416 31
233 1381 328 1415 jugum
344 1387 433 1406 meum
449 1387 531 1414 super
547 1387 607 1412 vos,
623 1384 650 1407 et
671 1379 770 1406 discite
791 1386 806 1406 a
823 1387 877 1410 me,
891 1379 954 1414 quia

167 1427 241 1454 mitis
257 1434 318 1454 sum
335 1430 362 1453 et
379 1426 490 1453 humilis
508 1425 591 1453 corde
606 1435 612 1451 :
630 1430 656 1453 et
672 1425 815 1453 invenietis
832 1426 953 1460 requiem

166 1472 311 1500 animabus
328 1472 439 1502 vestris.
456 1472 551 1506 jugum
563 1472 635 1498 enim
653 1480 742 1499 meum
760 1480 844 1500 suave
858 1475 910 1503 est.
929 1475 955 1500 et

165 1526 236 1546 onus
246 1526 335 1546 meum
353 1518 411 1546 leve
423 1517 455 1544 ".
481 1528 490 1544 ι
507 1517 679 1545 Calumniam
694 1522 768 1545 tuam
778 1519 895 1546 exclusit
906 1518 957 1546 Do-

1045 1151 1072 1178 4.
1082 1150 1160 1177 Ἀλλὰ
1177 1149 1213 1186 μὴ
1224 1150 1268 1177 διὰ
1283 1149 1313 1176 τὸ
1325 1149 1454 1185 κάλυμμα
1468 1149 1518 1185 τῆς
1534 1149 1633 1186 σαρκὸς
1648 1150 1740 1184 ἀγνόει
1752 1150 1798 1178 τὸν

1008 1195 1086 1227 Θεὸν,
1096 1196 1142 1222 τὸν
1154 1195 1234 1227 εὐθὺς
1247 1196 1382 1229 ἐπάγοντα
1394 1195 1458 1231 περὶ
1468 1196 1574 1227 ἑαυτοῦ,
1583 1196 1630 1222 καὶ
1642 1196 1779 1230 φάσκοντα
1787 1204 1794 1213 ε

1009 1250 1018 1267 ι
1031 1239 1124 1272 Οὐδεὶς
1138 1240 1312 1275 ἐπιγινώσκει
1326 1241 1371 1267 τὸν
1386 1240 1448 1267 Υιὸν
1461 1241 1484 1267 εἰ
1498 1241 1534 1277 μὴ
1544 1242 1558 1267 ὁ
1570 1241 1673 1276 Πατὴρ,
1683 1241 1743 1268 οὐδὲ
1751 1243 1797 1268 τὸν

1007 1287 1116 1323 Πατέρα
1123 1296 1164 1318 τις
1174 1287 1347 1321 ἐπιγινώσκει
1358 1288 1382 1314 εἰ
1394 1287 1431 1323 μὴ
1442 1288 1456 1314 ὁ
1466 1287 1538 1319 Υἱὸς,
1547 1288 1593 1314 καὶ
1601 1284 1622 1321 ᾧ
1629 1287 1661 1314 ἂν
1670 1287 1798 1323 βούληται

1006 1334 1020 1360 ὁ
1027 1334 1090 1365 Υἱὸς
1099 1334 1281 1369 ἀποκαλύψαι.
1289 1333 1370 1360 Δεῦτε
1381 1335 1449 1370 πρὸς
1458 1334 1502 1369 μὲ,
1510 1334 1610 1366 πάντες
1617 1335 1641 1360 oi
1650 1335 1798 1367 κοπιῶντες

1009 1379 1055 1405 καὶ
1079 1378 1299 1415 πεφορτισμένοι.
1329 1379 1405 1413 κάγὼ
1425 1379 1574 1406 ἀναπαύσω
1600 1379 1681 1415 ὑμᾶς.
1697 1380 1798 1415 ’Ἄρατε

1007 1425 1053 1451 τὸν
1070 1424 1150 1457 ζυγόν
1171 1434 1220 1460 μου
1241 1426 1282 1460 ἐφ’
1298 1426 1369 1461 ὑμᾶς
1391 1425 1457 1461 (98),
1468 1425 1515 1452 καὶ
1531 1425 1630 1461 μάθετε
1653 1425 1700 1452 ἀπ’
1715 1425 1796 1460 ἐμοῦ,

1007 1471 1048 1497 ὅτι
1061 1471 1147 1507 πρᾶός
1171 1472 1238 1506 εἰμι,
1255 1472 1303 1497 καὶ
1320 1471 1444 1502 ταπεινὸς
1461 1473 1493 1506 τῇ
1515 1471 1613 1507 καρδίᾳ
1624 1480 1632 1487 ο
1656 1472 1704 1498 καὶ
1717 1472 1798 1507 εὑρή-

1009 1526 1069 1543 σετε
1083 1517 1233 1543 ἀνάπαυσιν
1249 1519 1306 1549 ταῖς
1327 1517 1425 1552 ψυχαῖς
1440 1517 1516 1553 ὑμῶν
1527 1526 1533 1532 ·
1552 1518 1566 1543 ὁ
1583 1518 1637 1553 γὰρ
1649 1516 1729 1552 ζυγός
1746 1526 1797 1552 μου

166 1565 259 1592 minus
280 1572 365 1591 :cum
394 1571 423 1591 se
450 1564 509 1598 ipse
541 1563 569 1590 in
591 1564 709 1591 humana
732 1572 842 1599 quoque
869 1563 951 1591 forma

1020 1563 1134 1599 ρηστὸς,
1152 1563 1197 1590 καὶ
1210 1563 1239 1590 τὸ
1259 1564 1367 1599 φορτίον
1389 1572 1439 1599 μου
1454 1563 1569 1598 ἐλαφρόν
1584 1564 1667 1590 ἐστιν.
1683 1573 1691 1589 ι
1718 1563 1798 1590 Ἀπέ-

166 1608 250 1638 Deum
265 1609 398 1640 declarat,
414 1616 429 1635 a
447 1608 527 1635 Patre
550 1609 609 1636 solo
631 1609 774 1643 cognosci,
790 1608 954 1643 Patremque

166 1662 354 1691 cognoscere:
373 1655 421 1689 qui
449 1655 483 1681 iis
508 1661 578 1689 quos
595 1654 735 1689 dignatur,
751 1654 794 1681 sui
817 1658 844 1681 et
864 1653 955 1682 Patris

166 1702 350 1737 cognitionem
368 1700 469 1727 revelat
486 1709 493 1727 :
510 1708 616 1734 nosque
629 1703 708 1726 vocat
726 1700 760 1727 ad
775 1707 814 1732 se,
834 1700 954 1734 requiem

167 1748 239 1782 apud
255 1755 284 1774 se
299 1746 444 1782 promittit,
461 1749 488 1773 et
503 1749 533 1773 ut
552 1746 648 1780 jugum
664 1746 724 1780 ejus
737 1750 876 1780 portemus
893 1746 956 1772 hor-

165 1797 248 1819 tatur.
267 1791 329 1818 Haac
343 1799 405 1818 cum
430 1792 479 1825 ait,
495 1791 666 1818 divinitatem
688 1791 789 1826 detegit
805 1801 811 1818 :
828 1792 956 1818 eximiam

167 1845 244 1864 suam
263 1836 445 1871 majestatem,
463 1844 546 1871 parva
567 1836 654 1863 forma
677 1837 840 1864 occultatam
868 1836 955 1871 expli-

166 1888 230 1909 cat:
246 1887 408 1918 potestatem
425 1890 485 1917 qua:
503 1890 587 1917 supra
608 1883 694 1910 ccelos
709 1887 750 1910 est
768 1887 877 1910 terreno
894 1890 955 1909 cor-

167 1936 234 1963 pore
255 1929 372 1955 velatam
395 1929 526 1956 ostendit.
547 1927 600 1955 Sed
615 1928 680 1963 quid
696 1936 765 1963 opus
782 1936 825 1955 me
840 1935 954 1956 sexcen—

166 1977 209 2000 tas
225 1973 333 2000 Domini
352 1974 441 2001 nostri
459 1973 524 2001 Jesu
540 1973 645 2001 Christi
660 1981 752 2005 voces,
767 1981 837 2008 quas
857 1981 956 2001 secun-

167 2019 232 2046 dum
258 2019 430 2047 divinitatem
457 2020 584 2055 protulit,
601 2020 766 2046 recensere?
781 2019 881 2054 quibus
894 2019 955 2053 jure

166 2068 194 2092 et
210 2065 307 2092 merito
319 2065 476 2100 exploditur
495 2072 564 2092 nova
583 2064 785 2092 Samosatensis
807 2065 953 2096 sententia,

166 2119 220 2146 qua
237 2111 405 2139 Salvator-cm
423 2120 528 2139 merum
546 2113 683 2140 hominem
697 2112 762 2139 dicit
777 2121 783 2139 :
797 2119 850 2138 una
864 2115 954 2139 autem

165 2159 348 2186 exturbantur
362 2161 465 2186 insanae
482 2159 591 2186 illorum
605 2167 692 2194 nugze.
708 2159 754 2194 qui
770 2165 832 2186 eum
847 2158 955 2185 imitan-

166 2206 222 2231 tur.
243 2203 308 2237 Age,
326 2211 412 2238 pauca
423 2204 577 2232 testimonia
590 2204 758 2231 referamus:
775 2204 901 2238 quisnam
913 2206 955 2230 est

1008 1610 1098 1636 κλεισὲ
1125 1618 1165 1636 σοι
1182 1609 1230 1645 τὴν
1249 1610 1427 1643 συκοφαντίαν
1443 1611 1457 1636 ὁ
1482 1610 1598 1645 Κύριος·
1617 1609 1682 1637 Θεὸν
1706 1618 1796 1645 παρα-

1008 1655 1107 1688 στήσας
1121 1653 1215 1680 ἑαυτὸν
1232 1654 1278 1680 καὶ
1301 1653 1346 1679 ἐπὶ
1366 1655 1415 1688 τῆς
1432 1648 1604 1690 ἀνθρωπίνης
1622 1655 1730 1691 μορφῆς
1744 1655 1797 1682 ὑπὸ

1006 1698 1053 1725 τοῦ
1067 1699 1171 1734 Πατρδς
1186 1700 1384 1734 γινωσκόμενον
1400 1699 1479 1734 μόνον
1492 1700 1558 1736 (99),
1573 1701 1618 1727 καὶ
1629 1701 1796 1735 γινώσκοντα

1005 1744 1051 1770 τὸν
1069 1744 1188 1779 Πατέρα,
1202 1744 1248 1770 καὶ
1261 1746 1316 1775 τοῖς
1332 1743 1553 1780 καταξιουμένοις
1572 1745 1796 1773 ἀποκαλύπτοντα

1006 1789 1055 1825 τὴν
1070 1788 1165 1815 ἑαυτοῦ
1180 1789 1280 1823 γνῶσιν
1299 1790 1345 1816 καὶ
1363 1789 1410 1825 τὴν
1428 1790 1475 1816 τοῦ
1496 1791 1612 1827 Πατρὸς,
1632 1792 1795 1828 προσκαλεῖ-

1005 1844 1050 1862 ται
1067 1836 1139 1871 ἡμᾶς
1166 1836 1233 1871 πρὸς
1258 1836 1363 1866 ἑαυτὸν,
1388 1837 1541 1864 ἀνάπαυσιν
1564 1838 1796 1874 ἐπαγγελλόμενος

1007 1881 1082 1916 παρά
1095 1881 1193 1916 ἑαυτῷ,
1207 1881 1253 1907 καὶ
1265 1880 1344 1916 ζυγὸν
1357 1882 1454 1908 ἑαυτοῦ
1469 1882 1600 1917 βαστάσαι
1616 1884 1796 1919 παρακελευό-

1008 1936 1097 1963 μενος.
1125 1928 1216 1954 Ταῦτα
1243 1928 1329 1962 λέγων
1356 1928 1558 1964 ἀπαμφιέννυσι
1587 1929 1635 1966 τὴν
1663 1930 1794 1966 Θεότητα.

1007 1974 1151 2010 ἐρμηνεύει
1165 1975 1195 2000 τὺ
1212 1975 1416 2010 κεκαλυμμένον
1436 1975 1480 2001 διὰ
1502 1975 1552 2010 τῆς
1571 1977 1671 2012 μικρᾶς
1689 1978 1796 2014 μορφῆς

1007 2019 1174 2054 ὑπερϐάλλον
1187 2019 1309 2054 μέγεθος,
1323 2019 1370 2055 τὴν
1387 2019 1582 2055 ὑπερουράνιον
1598 2020 1721 2053 ἐξουσίαν
1734 2023 1794 2048 ὲπι-

1005 2064 1123 2091 δείκνυσι
1143 2065 1230 2100 γηΐνῳ
1248 2066 1533 2101 παραπεπετασμένην
1555 2066 1670 2102 σώματι.
1695 2067 1749 2094 Καὶ
1768 2068 1794 2095 τι

1008 2119 1041 2146 με
1057 2111 1098 2137 δεῖ
1113 2111 1271 2145 καταλέγειν
1295 2111 1393 2147 μυρίας
1415 2111 1498 2143 οὔσας
1523 2112 1616 2145 θεῖκὰς
1632 2114 1723 2147 φωνὰς
1747 2114 1794 2141 τοῦ

1006 2156 1108 2191 Κυρίου
1122 2156 1199 2191 ἡμῶν
1221 2157 1306 2192 Ἰησοῦ
1321 2157 1456 2192 Χριστοῦς
1473 2157 1505 2183 δι’
1522 2155 1559 2183 ὦν
1574 2158 1732 2186 ἐκϐάλλεται
1746 2160 1795 2195 μὲν

1007 2201 1117 2232 εὲκότως
1131 2203 1147 2236 ἡ
1160 2201 1206 2227 τοῦ
1220 2202 1398 2236 Σαμοσατέως
1418 2203 1575 2238 καινοτομία
1593 2205 1658 2239 περὶ
1679 2205 1726 2231 τοῦ
1737 2206 1794 2232 Σω-

166 2249 213 2283 qui
228 2248 286 2275 haec
305 2249 391 2276 dicit:
409 2258 418 2274 ι
437 2249 495 2275 Non
511 2249 601 2276 omnis
618 2249 664 2284 qui
682 2249 748 2276 dicit
767 2249 843 2280 mihi,
862 2247 951 2275 Domi-

1022 2247 1095 2281 ἦρος.
1112 2247 1149 2278 ὡς
1164 2247 1239 2279 bno;
1265 2247 1406 2284 ἀνθρώπου
1428 2248 1516 2282 ψιλοῦ,
1539 2250 1745 2277 συνεκὸάλλεται
1766 2251 1795 2277 δὲ

166 2302 211 2325 ne,
224 2294 346 2327 Domine,
361 2295 472 2321 intrabit
488 2295 514 2321 in
534 2302 646 2329 regnum
665 2295 796 2321 ctelorum
806 2294 848 2320 ³⁵⁸2
867 2303 877 2319 ι
895 2293 953 2321 Νοη

167 2341 286 2369 hominis
300 2342 412 2369 verbum
422 2341 499 2372 illud.
514 2342 561 2368 sed
578 2341 635 2373 Dei.
648 2342 818 2369 ostendentis
847 2348 947 2376 germa-

167 2394 230 2413 nam
253 2395 330 2414 suam
346 2395 380 2415 ex
402 2387 482 2415 Patre
499 2388 714 2422 generationem,
733 2392 814 2422 atque
827 2387 889 2414 ideo
901 2385 954 2413 Do-

167 2431 233 2457 mini
256 2432 364 2458 titulum
383 2440 437 2459 non
463 2432 625 2459 recusantis.
649 2432 780 2460 Dominus
802 2432 875 2459 enim
900 2435 952 2463 est,

165 2482 200 2502 ex
221 2476 281 2503 solo
301 2476 416 2505 Domino
432 2477 551 2512 genitus,
568 2481 598 2503 ut
613 2485 628 2504 a
645 2475 737 2512 Moyse
762 2477 867 2504 dictum
883 2479 925 2503 est
943 2485 950 2502 :

201 2552 225 2569 ⁸³
244 2551 322 2581 Joan.
340 2562 378 2586 vi,
396 2555 440 2582 58.
479 2556 502 2572 ³⁸
522 2554 601 2583 Joan.
619 2564 644 2588 ν,
661 2555 707 2583 3|.

167 2596 222 2620 vn.
239 2588 284 2616 21.

167 2672 268 2730 textis.
286 2667 355 2695 Editi
372 2675 447 2699 vero,
461 2672 488 2694 et
511 2666 622 2702 quidam
645 2665 835 2701 manuscripti,
861 2665 892 2692 τὸ
909 2665 952 2692 θέ-

167 2712 221 2730 Anu.
258 2712 317 2730 μου.

166 2712 242 2730 Απμα
258 2712 317 2730 μου.

203 2712 383 2773 ὢῗίΫέἓᾷιιετ.
397 2741 424 2765 et
435 2737 546 2773 Graecus
558 2736 706 2773 Scriptura:
722 2741 821 2768 textus,
840 2735 896 2762 ἐάν.

203 2773 259 2808 (97)
276 2772 318 2800 Ita,
328 2772 440 2808 Seguer.
451 2772 581 2808 ln‘editis.
594 2772 634 2803 τό,
650 2772 736 2808 deest.

202 2805 258 2842 (98)
276 2805 381 2842 Ἀρατὲ
400 2807 452 2833 τὸν
475 2806 563 2841 ζυγόν
577 2815 635 2840 μου
656 2806 701 2840 ἐφ’
717 2805 804 2840 ὑμᾶς.
823 2805 885 2832 Haec
903 2805 951 2842 de:

167 2843 269 2870 suntin
286 2844 367 2869 editis
387 2848 414 2870 et
438 2842 464 2868 in
490 2841 653 2872 quibusdam
675 2841 880 2876 manuscriptis,
904 2841 951 2868 sed

169 2880 303 2906 habentur
315 2879 341 2905 in
360 2877 440 2904 Basil.
456 2881 481 2903 et
498 2875 675 2911 Segucriuno.

1006 2292 1052 2318 καὶ
1073 2293 1089 2327 ἡ
1110 2292 1164 2318 τῶν
1183 2293 1357 2328 μιμουμένων
1382 2294 1484 2320 ἐκεῖνον
1507 2294 1647 2328 ἀλόγιστος
1665 2295 1792 2331 φλυαρία.

1005 2338 1072 2372 Φέρε
1087 2338 1151 2373 γὰρ,
1167 2338 1199 2363 ἵν’
1217 2338 1314 2372 ὀλίγων
1338 2339 1549 2374 ὲπιμνησθῶμεν
1565 2341 1732 2376 μαρτυριῶν⁹
1752 2341 1795 2372 τίς

1005 2384 1019 2408 ὁ
1035 2383 1068 2410 τὰ
1081 2384 1194 2411 τοιαῦτα
1214 2384 1316 2419 λέγων’
1334 2395 1343 2410 ι
1362 2386 1398 2411 Οὐ
1415 2387 1468 2417 πᾶς
1479 2386 1494 2412 ὁ
1507 2386 1593 2420 λέγων
1611 2395 1654 2421 μοι
1676 2387 1725 2422 (ι),
1737 2386 1794 2413 Κὺσ

1007 2438 1058 2465 ριε,
1083 2430 1179 2466 Κύριε,
1199 2431 1381 2459 εἰσελεύσεται
1398 2433 1437 2463 εἰς
1455 2432 1502 2467 τὴν
1526 2432 1663 2467 βασιλείαν
1678 2433 1731 2459 τῶν
1749 2433 1795 2459 οὑ-

1007 2475 1108 2511 ρανῶν;
1129 2485 1138 2501 ι
1164 2477 1221 2502 οὐκ
1244 2475 1388 2511 ἀνθρώπου
1404 2476 1441 2511 (2)
1463 2477 1494 2502 τὸ
1522 2477 1607 2512 ῥῆμα,
1631 2476 1699 2503 ἀλλά
1726 2476 1794 2503 Θεοῦ

745 2555 767 2572 ³⁸
786 2554 866 2582 Joan.
883 2562 943 2587 vni.

1037 2554 1060 2569 "
1080 2553 1223 2586 Matth.xl,
1241 2553 1286 2580 25.
1324 2553 1345 2570 ³⁷
1366 2553 1459 2580 Matth.
1479 2562 1505 2586 ι,
1523 2554 1616 2582 27-50.
1655 2554 1677 2570 ⁸⁵
1697 2553 1793 2581 Matth.

1055 2666 1108 2703 99)_
1118 2665 1231 2703 Seguer.
1250 2667 1326 2694 solus
1338 2667 1428 2698 habet.
1448 2668 1539 2703 μόνου.

1056 2702 1081 2739 ξ)
1101 2701 1127 2728 In
1147 2702 1228 2739 editis
1251 2706 1278 2729 et
1295 2703 1322 2730 in
1340 2701 1515 2739 _quibu§dam
1541 2711 1607 2731 mss.
1637 2703 1714 2731 deest
1735 2707 1791 2739 μοι.

1005 2737 1034 2764 1η
1049 2736 1162 2771 Seguer.
1181 2737 1289 2764 Gobler.
1303 2742 1329 2765 et
1340 2736 1413 2766 Fclc.
1432 2739 1457 2770 1,
1473 2738 1580 2772 legitur.

1042 2773 1079 2809 (f2)
1098 2772 1126 2799 In
1139 2772 1221 2809 editis
1242 2776 1269 2809 et
1290 2772 1318 2800 in
1340 2773 1451 2808 reliquis
1477 2781 1545 2809 mss.
1563 2774 1671 2809 legitur,
1683 2774 1732 2808 οἰικ
1743 2773 1791 2800 ἀν-

1005 2807 1116 2844 θρώπου
1132 2807 1197 2844 γάρ,
1222 2808 1269 2835 sed
1282 2815 1344 2844 cum
1359 2807 1413 2844 γάρ
1426 2808 1497 2836 desit
1523 2809 1549 2836 in
1564 2807 1675 2844 Séguer.
1687 2807 1714 2837 et
1725 2809 1791 2836 alio-

1005 2842 1051 2878 qui
1070 2842 1260 2878 supereﬂluere
1275 2842 1410 2877 videatur,
1424 2848 1589 2879 expunctum
1601 2842 1659 2872 est.

1896 0 1898 93 ι

1896 928 1898 1048 Ι

1896 0 1898 93 l

1896 928 1898 1049 Ι

1897 1842 1898 1916 l
