1898 3053
104 64 165 93 105

714 65 854 94 CONTRA
877 66 1122 95 SABELLIANOS.

1687 73 1739 103 I08

99 123 265 156 δεικνύντος
274 124 324 161 τὴν
337 125 450 161 γνησίαν
464 124 518 152 ἀπὸ
533 123 639 160 Πατρὸς
655 124 791 161 γέννησιν,
804 126 851 153 καὶ
862 126 892 152 δι(

959 137 969 154 ε
987 127 1058 155 Pluit
1074 127 1204 156 Dominus
1220 128 1333 164 sulphur
1355 133 1382 157 et
1403 129 1491 165 ignem
1507 137 1522 157 a
1545 130 1660 160 Domino
1670 132 1702 162 ⁸⁵.
1725 143 1734 159 ι

98 169 189 196 τοῦτο
199 169 251 205 τὴν
269 169 441 205 κυριολογίαν
453 170 504 196 οὐκ
517 170 681 206 ἀρνουμένου
698 170 747 206 τὴν
761 171 824 207 περὶ
838 171 901 198 ἑαυ-

99 216 167 246 τοῦ.
189 215 291 252 Κύριος
312 217 367 252 γὰρ
390 217 404 242 ὁ
420 217 451 243 ὲκ
468 216 514 243 τοῦ
531 217 610 252 μόνου
630 218 825 253 γεγεννημένος
842 219 897 245 Ku-

100 261 181 296 ρίου,
190 261 229 292 ὡς
243 262 290 288 καὶ
303 261 378 297 παρὰ
389 262 491 296 Μωῡσῇ
507 261 628 288 λέλεκται
637 263 676 289 1:6-
695 272 704 288 ι
720 262 833 299 Ἐὗρεξε
846 263 902 289 K0-

102 315 168 342 ριος
189 306 271 340 Θεῖον,
295 308 342 334 καὶ
359 307 413 342 πῦρ
429 307 503 343 παρὰ
516 308 617 344 Κυρίου
636 308 683 344 (5).
703 318 712 334 ι
731 309 785 335 Καὶ
808 309 900 336 ἄλλοτε

102 353 179 389 πρὸς
199 354 263 386 τοὺς
275 354 439 386 ἀποστόλους
449 355 530 390 φησὶν
544 355 558 381 6
570 356 664 391 Σωτήρ
674 364 680 371 ·
705 365 714 381 ι
733 356 848 383 Φωνεῖτέ
867 365 901 392 με

101 400 116 425 ὁ
133 399 306 432 Διδάσκαλος
326 401 372 427 καὶ
383 402 398 427 6
415 400 525 436 Κύριος,
547 401 595 428 καὶ
609 401 699 433 καλῶς
719 400 829 436 λέγετε·
843 401 901 437 εἰμὶ

100 446 162 481 γάρ
174 454 180 460 ·
196 456 206 472 ι
226 447 274 472 καὶ
285 447 375 477 πάλιν,
390 447 527 482 Δεσπότην
537 447 587 482 τῆς
598 447 727 483 πατρῴας
743 448 830 479 οἰκίας
841 448 902 474 ἑαυ-

99 492 153 519 τὸν
178 493 349 528 ἀποφαίνων,
376 493 414 526 ὠς
435 494 468 521 ἃν
493 494 638 530 μονογενὴς
662 495 741 526 Υἱός·
762 505 771 521 ‹
801 495 832 522 Ei
855 495 901 522 τὸν

101 539 303 574 οἰκοδεσπότην
318 532 478 572 Βεελζεδοὺλ
496 540 674 572 ἐπεκάλεσαν,
701 541 776 576 πόσῳ
802 541 901 576 μᾶλλον

100 585 171 616 τοὺς
186 586 329 617 οἰκιακοὺς
352 586 445 613 αὐτοῦ.
466 596 475 612 ι
492 587 596 614 Οὐκοῦν
609 588 650 614 ὅτι
667 587 715 623 μὲν
729 587 794 619 Θεὸς
809 588 823 614 ό
845 587 902 614 Κύ-

101 639 165 667 ριος
179 631 220 666 (ι)
234 631 289 658 τῶν
304 627 372 658 ὅλων
385 631 488 667 Ἰησοῦς
496 632 621 667 Χριστὸς,
634 632 671 664 ὡς
684 632 721 659 ὢν
735 633 766 659 ἐκ
775 632 820 659 τοῦ
833 632 900 659 Θεοῦ

99 677 317 712 γεγεννημένος,
342 677 421 713 δῆλον
441 678 558 705 ἅπαντι*
574 678 659 705 εἱπὼν
676 678 716 710 δὲ,
732 688 742 704 ι
764 679 801 706 Οὺ
818 679 871 710 πᾶς
886 679 900 705 6

100 722 194 758 λέγων
207 732 263 758 μοι,
277 723 375 759 Κύριε,
388 723 484 759 Κύριε,
501 724 684 751 εἰσελεύσεται
701 725 741 757 εἰς
759 724 808 760 τὴν
822 724 899 760 βασι-

954 171 988 198 Ει
1005 172 1068 200 alibi
1092 173 1223 208 aposmlis
1240 172 1366 200 Salvator
1392 174 1449 201 ait:
1465 183 1474 199 ‹
1494 173 1549 201 Vos
1573 176 1677 204 vocatis
1694 185 1738 205 me

954 218 1092 254 Magister,
1111 223 1138 246 et
1164 218 1315 247 Dominus:
1334 223 1361 247 et
1384 219 1454 247 bene
1469 219 1561 248 dicitis
1583 230 1590 248 :
1609 228 1670 248 sum
1697 229 1738 250 et-

953 263 1026 291 enim
1041 264 1074 291 ⁸⁰.
1095 274 1104 290 ι
1118 263 1156 291 Ac
1171 272 1281 292 rursum
1299 272 1328 292 se
1344 265 1442 292 domus
1459 270 1579 300 paternae
1593 265 1738 294 Dominum

953 310 1085 342 declarat,
1104 314 1197 346 utpote
1223 311 1393 346 unigenitum
1419 310 1539 339 Filium:
1564 320 1574 337 ι
1595 311 1625 338 Si
1645 310 1738 339 Domi-

954 363 1020 383 num
1043 356 1140 384 domus
1162 355 1305 384 Beelzebul
1329 360 1505 389 vocaverunt,
1522 362 1626 393 quanto
1650 358 1737 393 magis

953 401 1119 429 domesticos
1133 401 1192 436 ejus
1203 401 1236 429 δ’.
1248 411 1257 427 ι
1268 400 1362 437 Itaque
1373 402 1446 437 quod
1464 402 1535 431 Deus
1547 402 1667 438 quidem,
1676 403 1737 430 unl-

953 455 1094 475 versorum
1116 447 1248 476 Dominus
1267 448 1303 476 sit
1319 448 1398 477 Jcsus
1422 449 1559 483 Christus,
1571 450 1672 486 quippe
1690 450 1735 486 qui

952 500 987 520 ex
1004 491 1059 520 Deo
1073 493 1180 527 genitus
1201 493 1246 525 sit,
1265 494 1403 528 propalam
1419 495 1506 523 cuivis
1518 499 1571 523 est.
1586 496 1655 524 Cum
1672 502 1735 524 vere

953 538 992 565 ait
1008 547 1015 565 :
1037 547 1047 564 ι
1065 538 1125 566 Non
1139 539 1229 567 omnis
1248 540 1294 574 qui
1309 539 1375 567 dicit
1390 540 1468 573 mihi,
1479 540 1602 575 Domine,
1611 541 1737 576 Domine,

955 585 1067 613 intrabit
1083 586 1111 613 in
1130 593 1244 621 regnum
1269 587 1402 614 caelorum
1416 587 1453 620 “;
1473 597 1482 613 ι
1505 587 1562 615 haec
1583 588 1736 623 subjungit,

951 633 1053 667 quibus
1082 632 1188 660 Patrem
1213 632 1292 661 nobis
1310 633 1454 662 manifeste
1469 634 1609 662 declarat:
1641 643 1650 660 ι
1682 634 1736 662 Sed

953 678 999 714 qui
1020 678 1085 705 facit
1114 679 1281 707 voluntatem
1300 679 1389 709 Patris
1422 679 1496 712 mei,
1526 680 1574 716 qui
1599 680 1628 708 in
1658 679 1737 708 cmlis

951 727 994 751 est
1008 724 1040 751 "'.
1063 734 1073 751 ι

98 770 180 798 λείαν
193 771 249 798 τῶν
259 770 392 806 οὐρανῶν,
407 780 416 797 ι
431 771 555 807 ἐπιφέρει
567 772 613 798 καὶ
621 772 667 799 τὸν
682 771 790 808 Πατέρα
804 772 897 807 σαφῶς
910 772 975 807 ἡμῖν
993 771 1030 808 (5)
1043 771 1216 808 ἑρμηνεύων·
1237 782 1247 799 ι
1284 773 1353 800 Ἀλλ’
1368 774 1383 800 6
1404 773 1488 801 ποιῶν
1509 773 1540 801 τδ
1567 773 1674 810 θέλημα
1688 772 1735 801 τοῦ

99 819 215 855 Πατρός
232 828 293 854 μου,
310 817 357 845 τοῦ
375 819 404 845 ὲν
417 819 549 855 οὐρανοῖς.
568 828 579 846 ν

138 878 167 905 5.
184 878 278 914 Ἔχεις
295 875 342 905 οὖν
363 878 433 911 Υῐὺν,
457 879 529 914 ἔχεις
549 880 658 916 Πατέρα
670 888 676 895 ·
696 880 735 916 μὴ
750 879 833 914 φοϐοῦ
850 879 892 916 rip

984 878 1012 905 5.
1028 877 1117 906 Habes
1143 878 1226 914 igitur
1241 877 1352 911 Filium,
1370 878 1454 907 habes
1479 879 1599 908 Patrem.
1614 880 1653 909 Ne
1670 881 1735 910 time

97 924 188 952 δυάδα
197 933 204 940 ·
228 927 261 961 τῇ
280 925 359 960 φύσει
371 925 425 962 γὰρ
436 927 466 952 οὐ
481 925 631 962 διώρισται,
644 927 698 954 οὐδ’
717 928 731 954 6
743 926 778 953 τὰ
793 927 839 954 δύο
852 927 897 953 λέ-

100 979 162 1005 γων
177 971 383 1008 ἁπηλλοτρίωσε
396 972 441 999 τοῦ
452 974 632 1009 γεννήσαντος
645 973 675 1000 τὸ
687 973 823 1009 γέννημα·
837 973 898 1000 οὐδὲ

98 1017 148 1045 διὰ
166 1018 216 1054 τὴν
244 1018 339 1054 ἑτέραν
359 1019 395 1054 (6)
411 1019 509 1054 μανίαν
535 1019 588 1046 τῶν
610 1019 808 1055 ἀρνησαμένων
834 1019 898 1055 μίαν

95 1061 175 1090 ,εἶναι
187 1064 237 1099 τὴν
252 1064 305 1091 τῶν
315 1064 361 1090 δύο
378 1064 501 1100 θεότητα,
521 1065 567 1092 διὰ
588 1065 667 1092 τοῦτο
682 1066 728 1092 καὶ
745 1065 791 1092 δύο
809 1065 898 1099 λέγειν

101 1109 248 1143 φευκτέον.
262 1107 309 1140 Εἷς
323 1109 400 1142 Θεὸς,
422 1110 463 1136 ὅτι
484 1111 530 1137 κα)⁴
552 1110 647 1146 Πατὴρ
662 1107 702 1141 εἷς
712 1118 718 1124 ·
730 1109 795 1141 Θεὸς
811 1109 840 1135 δὲ
852 1108 898 1135 καὶ

103 1155 180 1187 Υἰδς,
195 1155 349 1191 ταύτότητα
372 1155 450 1191 ἔχων,
468 1155 506 1188 ὼς
525 1156 589 1187 Υἱὸς
613 1156 681 1191 πρὸς
701 1155 826 1191 Πατέρα·
849 1155 898 1182 οὐκ

102 1201 187 1232 αὐτὸς
199 1200 237 1227 ὢν
255 1202 270 1228 6
292 1201 395 1238 Πατὴρ,
413 1202 469 1228 ἀλλ’
485 1202 624 1238 ἡνωμένος
641 1202 709 1238 πρὸς
730 1201 775 1228 τὸν
790 1201 898 1235 Πατέρα

101 1248 136 1282 τῇ
159 1247 255 1281 φύσει·
273 1247 320 1274 δύο
346 1248 394 1283 μὲν
413 1248 533 1284 ἀριθμῷ,
556 1248 605 1284 μία
631 1248 659 1274 δὲ
679 1245 747 1274 οὖσα
766 1247 805 1283 (7)
821 1246 898 1274 οὐσία

99 1291 205 1318 τελεία·
224 1291 281 1323 δύο,
299 1293 349 1319 οὐκ
361 1293 392 1319 ἐκ
409 1292 454 1319 δύο
476 1292 576 1328 μερῶν.
594 1292 702 1324 Τέλειος
721 1293 735 1318 ὁ
755 1291 819 1324 Υἱὸς
836 1292 898 1327 ἥκει

104 1337 180 1372 παρὰ
188 1336 292 1363 τελείου
303 1338 419 1373 Πατρδς,
435 1337 472 1364 ὣν
483 1337 512 1370 ἐξ
531 1337 617 1369 ὄντος,
632 1336 773 1375 χαρακτὴρ
782 1337 832 1372 τῆς
847 1345 899 1363 πα-

101 1383 201 1419 τρικῆς
214 1383 400 1416 ὑποστάσεως,
411 1384 440 1411 οὐ
452 1383 527 1420 ῥῆμα
537 1384 732 1416 ἀνυπόστατον,
745 1383 813 1410 ἀλλὰ
825 1382 898 1415 ζῶσα

101 1429 229 1465 δύναμις,
249 1430 295 1456 καὶ
321 1430 367 1457 τοῦ
383 1430 433 1466 ζῇν
449 1430 523 1457 αἰτία
545 1432 599 1462 τοῖς
619 1431 712 1461 πᾶσιν,
730 1430 778 1465 οὐχ
794 1429 837 1456 οἵα
849 1431 897 1456 ἀν-

102 1476 215 1511 θρώπου
237 1476 361 1512 δύναμις,
380 1477 414 1504 δι’
431 1478 464 1513 ἣν
484 1477 627 1513 ἄνθρωπός
644 1478 701 1503 ὲστι
724 1476 849 1507 δυνατός·
866 1476 896 1502 οὺ

105 1523 159 1557 γὰρ
168 1523 293 1557 γέννημα
311 1522 454 1558 ἀνθρώπου
469 1523 485 1558 ἢ
499 1523 536 1558 (8)
551 1523 618 1555 υἱὸς,
634 1522 775 1558 ἢδύναμις
794 1521 893 1549 αὑτοῦ·

950 924 1120 958 dualitatem,
1138 924 1211 951 nulla
1226 925 1325 960 quippe
1339 929 1442 952 natura:
1456 925 1596 954 distinctio
1607 936 1615 954 :
1628 935 1678 955 nec
1687 929 1734 963 qui

949 970 1003 998 duo
1020 970 1097 1002 dicit,
1118 970 1239 1006 genitum
1257 977 1272 997 a
1296 971 1423 1006 gignente
1449 971 1622 999 abalienavit.
1641 973 1735 1009 Neque

949 1016 984 1044 ob
991 1016 1073 1044 aliam
1083 1024 1176 1044 eorum
1190 1017 1333 1049 insaniam,
1343 1017 1388 1052 qui
1400 1022 1498 1052 negant
1506 1026 1587 1045 unam
1598 1026 1659 1047 esse
1666 1019 1736 1047 duo-

949 1069 1009 1088 rum
1027 1061 1167 1092 deitatem,
1181 1061 1242 1089 ideo
1255 1061 1324 1090 duos
1334 1062 1426 1090 dicere
1440 1063 1581 1091 vitandum
1596 1068 1647 1092 est.
1655 1063 1733 1094 Unus

948 1111 990 1135 est
1004 1106 1086 1139 Deus,
1102 1107 1166 1142 quia
1178 1111 1205 1134 et
1217 1106 1298 1134 Pater
1314 1115 1384 1135 unus
1397 1111 1439 1135 est
1457 1116 1464 1135 :
1479 1107 1551 1136 Deus
1565 1116 1674 1145 quoque
1687 1108 1734 1138 Fi-

949 1153 1003 1180 lius
1017 1157 1045 1180 et
1058 1153 1229 1181 identitatem
1245 1152 1327 1180 habet
1342 1153 1376 1181 ad
1391 1152 1513 1187 Patrem,
1526 1158 1620 1190 utpote
1635 1154 1733 1189 Filius.

949 1205 1010 1225 cum
1023 1202 1113 1225 tamen
1125 1198 1182 1233 ipse
1203 1198 1284 1225 Pater
1302 1205 1356 1225 non
1372 1198 1422 1232 sit,
1438 1199 1485 1226 sed
1501 1204 1599 1228 natura
1610 1199 1685 1227 Patri
1699 1200 1735 1228 sit

949 1244 1115 1279 conjunctus
1136 1253 1143 1271 :
1157 1245 1213 1272 duo
1229 1244 1338 1280 quidem
1358 1252 1483 1277 numero,
1498 1245 1579 1273 unica
1594 1254 1660 1274 vero
1668 1247 1736 1274 sub-

949 1290 1048 1318 stantia
1061 1290 1178 1325 perfecta
1195 1300 1202 1318 :
1215 1290 1280 1322 duo,
1298 1298 1348 1318 nec
1358 1298 1391 1318 ex
1406 1291 1513 1319 duabus
1527 1292 1660 1327 partibus.
1669 1291 1735 1320 Per-

949 1335 1037 1364 fectus
1047 1335 1133 1363 Filius
1146 1344 1161 1363 a
1180 1336 1303 1371 perfecto
1322 1336 1402 1365 Patre
1420 1337 1529 1372 prodit:
1548 1338 1684 1366 exsistens
1700 1339 1734 1366 ab

948 1383 1098 1410 cxsistente
1115 1391 1121 1410 :
1144 1382 1229 1418 ﬁgura
1248 1387 1368 1418 paternae
1394 1383 1570 1418 substantiae;
1587 1391 1642 1411 non
1665 1383 1734 1412 Ver-

948 1427 1012 1455 bum
1027 1427 1205 1456 subsistentia
1220 1435 1335 1455 carens:
1349 1427 1396 1456 sed
1410 1428 1504 1456 vivens
1522 1432 1655 1464 potestas,
1673 1436 1734 1464 qua:

948 1474 1010 1501 vita:
1026 1478 1123 1501 auctor
1137 1477 1179 1502 est
1190 1474 1298 1502 cunctis
1312 1474 1468 1502 hominibus
1485 1484 1492 1502 :
1511 1482 1566 1509 non
1584 1475 1673 1510 qualis
1684 1475 1734 1502 bo-

949 1519 1033 1547 minis
1053 1523 1185 1555 potestas,
1206 1523 1317 1554 propter
1341 1527 1424 1555 quam
1449 1519 1532 1548 homo
1556 1525 1652 1556 potens
1667 1526 1708 1548 est
1725 1531 1732 1548 :

104 1566 172 1593 ιν)εοῦ
182 1567 211 1593 δε
226 1567 290 1598 Υἱὸς
304 1567 320 1602 ἢ
334 1567 459 1602 δύναμις,
479 1567 549 1594 ὥστε
568 1567 681 1598 δυνατὸς
696 1567 744 1602 μὲν
765 1566 780 1592 6
801 1566 892 1602 Πατὴρ

952 1572 1035 1600 neque
1049 1565 1122 1592 enim
1138 1569 1258 1600 potestas
1270 1565 1399 1598 hominis,
1418 1566 1508 1600 proles
1527 1569 1574 1593 aut
1589 1566 1662 1594 ﬁlius
1674 1566 1734 1602 ejus

104 1612 227 1644 τελείως,
246 1613 287 1639 ὅτι
301 1613 396 1648 Πατὴρ
409 1612 559 1648 δυνάμεως,
574 1613 688 1648 δύναμις
699 1612 728 1639 δὲ
741 1613 756 1639 6
775 1611 839 1644 Υἱὸς
850 1620 895 1638 τε-

105 1659 174 1690 λεια,
190 1659 232 1685 ὃτι
254 1658 378 1694 γέννημα
398 1658 491 1688 αὑτοῦ,
506 1659 560 1685 Καὶ
584 1658 664 1693 σοφία
685 1657 731 1685 τοῦ
751 1658 859 1694 Πατρδς
882 1658 897 1684 6

106 1704 180 1735 Υἱδς,
192 1703 250 1730 ἀλλ’
266 1704 315 1739 οὐχ
327 1704 364 1735 ὡς
375 1704 392 1739 ἡ
403 1704 450 1731 τοῦ
465 1704 618 1739 ἀνθρώπου,
631 1704 664 1731 δι’
675 1701 708 1740 ἧς
722 1705 736 1731 ὁ
755 1704 897 1740 ἄνθρωπος

106 1750 199 1784 σοφὸς,
215 1750 271 1777 ἀλλ’
290 1750 344 1776 ἀπὸ
362 1749 443 1785 σοφοῦ
469 1751 566 1785 σοφία·
583 1753 647 1787 ’τιερῖ¹
665 1750 703 1787 (9)
719 1747 749 1778 οὗ
770 1751 894 1785 λέγεται·

109 1807 118 1822 ι
135 1797 217 1832 Μόνῳ
239 1797 312 1833 σοφῷ
328 1797 387 1832 Θεῷ
403 1797 446 1825 διὰ
463 1797 549 1833 Ἰησοῦ
561 1797 692 1834 Χριστοῦ,
711 1794 733 1832 ᾧ
748 1798 764 1833 ἡ
778 1797 841 1830 δόξα
856 1799 897 1830 εις

104 1843 169 1875 τοὺς
184 1843 294 1875 αἰῶνας,
314 1844 398 1879 ἀμήν.
420 1853 429 1870 ι
455 1844 523 1870 Ἀλλ’
535 1843 585 1870 οὐκ
605 1843 748 1879 ἐγέννησεν
761 1844 776 1870 6
791 1843 895 1879 Πατήρ.

106 1889 168 1921 Πῶς
184 1887 231 1916 οὖν
254 1889 359 1926 Πατὴρ,
384 1890 430 1917 καὶ
452 1890 541 1923 τίνος;
562 1891 594 1917 Εἰ
616 1891 644 1918 δὲ
662 1891 842 1926 ὲγέννησεν,ὁ
858 1890 895 1917 ὢν

106 1936 178 1963 ἐστιν
195 1936 209 1962 ὁ
223 1937 430 1972 γεγεννημένος.
449 1936 545 1971 Κάγὼ,
558 1937 650 1972 φησὶν,
660 1937 784 1972 ὁμολογῶ
798 1937 895 1973 γέννη-

107 1988 162 2007 σιν·
186 1982 314 2014 γεννᾶται
327 1981 381 2017 γὰρ
397 1983 412 2009 6
429 1981 517 2014 λόγος,
531 1982 575 2009 ὅτε
589 1982 636 2009 καὶ
649 1982 768 2009 λαλεῑται
791 1982 838 2009 καὶ
854 1991 896 2016 γι-

107 2026 249 2055 νώσκεται.
261 2028 315 2054 Καὶ
326 2028 440 2060 ποσάκις
457 2029 471 2055 ὀ
481 2028 573 2061 αὐτὸς,
587 2028 647 2055 εἰπέ
664 2037 719 2064 μοι,
732 2028 896 2064 γεννηθήσε-

107 2083 165 2106 ut;
181 2073 198 2110 ἢ
223 2074 336 2106 πολλοὺς
353 2076 428 2111 ἐρεῖς
439 2075 485 2102 τοῦ
503 2075 571 2102 Θεοῦ
583 2076 685 2110 Λόγους
698 2076 826 2104 ἑκάστοτε
839 2084 898 2110 γεν-

108 2119 260 2155 νωμένουςς
274 2121 322 2147 καὶ
338 2120 403 2147 ποτὲ
419 2121 467 2156 μὲν
489 2121 633 2149 σιωπῶντα
653 2121 830 2158 φαντασθήσῃ
850 2122 896 2148 τὸν

109 2166 182 2197 Θεὸν,
192 2166 257 2194 ποτὲ
269 2166 298 2193 δὲ
310 2166 451 2200 λαλοῦντα,
464 2168 511 2195 καὶ
525 2168 758 2204 μεταϐαλλόμενον
768 2168 822 2195 ἀπὸ
836 2176 895 2194 σιω·

111 2213 217 2247 «ﬁdem;
243 2214 284 2244 εἰς
306 2212 411 2245 λαλιὰν,
441 2213 489 2241 καὶ
513 2214 629 2250 χείλεσιν
658 2213 854 2250 ἀνοιγομένοις,
877 2213 893 2249 ἢ

110 2259 204 2295 καρδίᾳ
218 2260 380 2296 κινουμένῃ;
394 2262 450 2288 Οὐκ
462 2262 604 2298 ἄνθρωπος
618 2262 633 2288 ό
648 2262 729 2294 Θεός·
748 2261 893 2293 ὑπέλαϐες,

111 2307 200 2342 ἂνομε,
213 2307 253 2334 ὅτι
267 2307 344 2334 ἔσται
359 2316 400 2334 σοι
416 2308 507 2343 ὅμοιος
522 2309 536 2334 6
548 2308 613 2340 Θεός
623 2317 631 2341 ;
642 2306 678 2335 Ὦ
689 2308 825 2344 ἄνθρωπε,
841 2307 894 2334 κᾶν

111 2351 260 2387 ὀφθαλμοὺς
284 2351 404 2388 ἀκούσῃς
415 2351 494 2382 Θεοῦ.
511 2352 562 2379 κᾶν
579 2353 680 2388 (10)·εὲι
689 2353 756 2381 ἄλλα
781 2352 848 2389 μέλη
860 2353 895 2380 τὰ

145 2441 166 2457 ³⁸
183 2441 283 2481 ρευσς.
299 2450 363 2475 ιιι,
379 2441 425 2470 ει.
462 2441 486 2458 ⁸⁸
504 2441 584 2470 Joan.
602 2450 670 2474 xm,
688 2443 731 2470 15.
770 2443 792 2459 ⁵¹
814 2442 892 2470 Matth

952 2462 961 2476 ,
978 2442 1023 2470 25.
1063 2442 1085 2459 “
1106 2441 1202 2481 Matth,
1218 2449 1272 2475 vn,
1288 2441 1332 2469 21.

114 2484 154 2504 xvt
163 2497 171 2510 ,
187 2477 233 2505 27.

149 2556 180 2592 (3)
193 2556 304 2584 Gobler.
325 2559 353 2584 et
373 2555 445 2582 Felc.
459 2563 478 2586 ι,
496 2554 666 2592 Κύριοςῗπῦρ
685 2553 891 2592 παρὰιΚυρίου.

115 2589 178 2625 Hor,
196 2593 222 2619 in
238 2592 351 2626 Seguer.
370 2594 488 2623 tantum,
501 2589 573 2625 post,
587 2589 702 2626 Κυρίου,
722 2589 830 2624 legitur,
857 2589 892 2614 ex

115 2627 156 2654 τοῦ
173 2627 298 2654 οὐρανοῦ.

114 2635 156 2654 του
173 2635 298 2655 οροανου.

145 2636 373 2699 ῖιῖἓῖἷὲὶὲέυετ..
382 2661 492 2690 Gobler.
506 2665 533 2688 et
542 2660 615 2699 Felc.
628 2659 732 2699 t._Editi
739 2657 892 2699 ver_o,

116 2693 157 2727 καὶ
169 2693 298 2734 Κύριοςῖ
307 2693 370 2736 μσς
381 2704 477 2736 omnes
486 2703 576 2736 _ms.s.,
651 2695 693 2736 ἂνΔ
702 2695 735 2722 ὲκ
748 2694 805 2736 τοᾷ.
817 2693 889 2736 βίμιὶ

117 2741 172 2760 vero
184 2728 291 2765 omnes,
302 2733 341 2765 ὼς
354 2732 391 2760 ὢν
408 2733 441 2759 ἐκ
454 2730 512 2758 τοῦ.
531 2730 617 2758 Paulo
635 2733 706 2766 post,
724 2729 800 2762 editi,
813 2730 828 2756 6
845 2728 889 2754 λέ-

115 2775 169 2805 γων
253 2768 384 2805 segnem,
399 2768 513 2805 rectius,
528 2765 642 2805 ό-λέγων
655 2774 711 2802 μοι.

145 2799 185 2840 (5)
196 2804 278 2840 Ἡμῖν
292 2799 389 2838 l'egimr
399 2803 426 2830 in
439 2801 531 2833 Gobl.,
547 2799 620 2828 Felc.
636 2799 661 2835 ι,
670 2805 697 2830 et
712 2800 794 2837 Seg.;
812 2799 890 2828 deest

251 2851 389 2882 PA'I‘IOL.
405 2850 462 2881 Gs.
479 2848 626 2881 XXVIII.

946 1615 999 1639 est.
1016 1610 1064 1639 Dei
1079 1619 1143 1639 vero
1157 1610 1254 1645 Filius,
1271 1615 1392 1647 potestas
1408 1611 1468 1646 ejus
1481 1616 1523 1640 est
1536 1620 1544 1646 ;
1557 1612 1595 1639 ita
1609 1617 1639 1640 ut
1653 1612 1734 1640 Pater

948 1657 1069 1695 perfecte
1087 1662 1184 1693 potens
1198 1657 1244 1690 sit,
1262 1658 1326 1693 quia
1343 1657 1423 1686 Pater
1438 1661 1481 1686 est
1509 1658 1651 1694 potestatis
1668 1666 1675 1685 :
1690 1657 1737 1693 Fi-V
1756 1692 1760 1693 γ

947 1704 1001 1733 lius
1021 1711 1086 1732 vero
1109 1703 1229 1739 perfecta
1253 1703 1376 1738 potentia
1401 1703 1447 1735 sit,
1464 1704 1528 1739 quia
1550 1703 1641 1739 proles
1661 1696 1737 1739 ejus.‘

948 1750 1087 1785 Sapientia
1104 1756 1212 1785 quoque
1227 1748 1317 1777 Patris
1330 1755 1372 1777 est
1391 1748 1488 1783 Filius,
1506 1749 1554 1778 sed
1571 1757 1627 1777 non
1643 1749 1738 1786 qualis

947 1797 1079 1832 sapientia
1093 1796 1221 1828 hominis,
1233 1803 1282 1831 per
1292 1803 1373 1831 quam
1391 1796 1473 1824 homo
1488 1797 1597 1832 sapiens
1609 1800 1666 1830 est;
1683 1796 1738 1824 sed:

947 1852 962 1870 a
973 1843 1096 1878 sapiente
1111 1843 1168 1870 haec
1182 1843 1317 1878 sapientia
1326 1846 1383 1871 est:
1398 1842 1432 1871 de
1446 1850 1501 1878 quo
1514 1843 1615 1871 dicitur
1628 1854 1634 1871 :
1649 1851 1659 1869 ι
1674 1842 1731 1871 Soli

946 1890 1063 1926 sapienti
1079 1889 1144 1922 Deo,
1161 1897 1210 1924 per
1219 1887 1313 1917 Iesum
1327 1888 1533 1921 Christum,cui
1541 1888 1626 1925 gloria
1642 1889 1671 1916 in
1682 1895 1732 1917 sae-

947 1936 1020 1968 cula,
1035 1942 1114 1963 amen
1133 1935 1167 1962 “.
1188 1943 1199 1962 ι
1220 1934 1330 1966 Verum,
1346 1935 1436 1968 aiunt,
1453 1941 1508 1962 non
1527 1934 1622 1970 genuit
1638 1933 1730 1962 Pater.

947 1981 1089 2015 Quomodo
1103 1981 1187 2017 igitur
1199 1984 1226 2009 et
1241 1981 1386 2016 cujusnam
1400 1980 1481 2008 Pater
1499 1979 1599 2008 fuerit?
1618 1979 1668 2008 Sin
1683 1987 1733 2007 au-

946 2032 1001 2055 tem
1018 2027 1122 2063 genuit,
1141 2034 1206 2062 ergo
1221 2026 1268 2062 qui
1283 2030 1337 2059 est,
1352 2026 1377 2054 is
1394 2030 1437 2054 est
1450 2026 1498 2062 qui
1509 2027 1617 2062 genitus
1630 2030 1682 2055 est.
1696 2026 1736 2054 At

947 2082 1008 2109 ego,
1022 2074 1106 2105 dicet,
1124 2074 1328 2109 generationem
1350 2073 1482 2101 conﬁteor
1499 2081 1506 2100 :
1524 2072 1645 2108 gignitur
1659 2072 1733 2100 enim

946 2120 1070 2152 verbum,
1079 2119 1189 2155 quando
1202 2119 1361 2146 enuntiatur
1372 2122 1401 2146 et
1415 2118 1601 2154 cognoscitur.
1609 2119 1649 2146 Ac
1664 2125 1733 2153 quo-

946 2168 1009 2201 ties,
1020 2167 1065 2195 dic
1076 2167 1155 2200 mihi,
1166 2168 1193 2194 id
1204 2168 1293 2203 ipsum
1305 2167 1498 2203 generabitur?
1509 2166 1563 2203 32
1571 2174 1636 2194 num
1647 2166 1733 2193 multa

946 2214 1022 2242 dices
1046 2213 1094 2242 Dei
1117 2213 1218 2246 Verba,
1236 2213 1352 2242 diversis
1374 2213 1546 2249 temporibus
1567 2211 1680 2248 genita?
1697 2219 1731 2239 an

945 2260 1027 2288 modo
1037 2260 1161 2288 silentem
1177 2260 1261 2288 Deum
1277 2259 1506 2291 comminisceris,
1519 2259 1601 2286 modo
1616 2258 1731 2293 loquen—

947 2311 1011 2339 tem,
1025 2313 1057 2334 ac
1070 2311 1257 2335 transeuntem
1276 2314 1292 2334 a
1315 2306 1424 2334 silentio
1440 2305 1473 2333 ad
1492 2305 1638 2340 loquelam,
1652 2303 1737 2339 idque,

946 2352 1047 2388 apertis
1062 2352 1153 2386 labiis,
1166 2356 1214 2380 aut
1229 2355 1367 2380 commoto
1386 2351 1488 2380 corde?
1502 2349 1561 2377 Non
1577 2354 1620 2378 est
1639 2349 1732 2379 homo.

1383 2440 1406 2456 ⁸³
1425 2438 1491 2466 ibid.
1508 2437 1553 2467 ΞΩ.
1599 2438 1622 2455 ⁸⁸
1643 2437 1724 2467 Rom.

947 2552 974 2579 in
993 2552 1085 2580 editis.

993 2587 1020 2622 6)
1034 2587 1203 2623 Basiliensis,
1219 2587 1343 2623 Erépgw,
1379 2622 1382 2623 ν
1479 2621 1487 2623 ξ
1731 2619 1734 2623 ,

993 2623 1019 2657 'l)
1037 2623 1083 2659 Sic
1095 2621 1467 2659 Basilieqsis.'j§oblerianus,
1475 2621 1599 2659 Seguer.;
1612 2623 1639 2650 in
1650 2622 1730 2651 editis

946 2661 973 2685 et
987 2655 1094 2685 caeteris
1107 2665 1175 2685 mss.
1190 2655 1257 2684 οὖσα
1264 2657 1351 2685 deest.

992 2693 1020 2729 8)
1035 2693 1075 2729 ῘΗ
1088 2692 1164 2729 deest
1183 2692 1211 2720 in
1222 2692 1379 2729 gasirliensi.

1010 2726 1018 2761 ')
1035 2726 1202 2764 ltaJSeguer.
1222 2727 1292 2755 Editi
1309 2736 1384 2764 vero.
1404 2728 1450 2755 καὶ
1468 2728 1538 2764 περί.

993 2763 1035 2794 t0)
1050 2761 1118 2796 Κᾶν,
1128 2761 1228 2791 omnes
1241 2770 1308 2791 mss.
1326 2763 1396 2791 Editi
1418 2770 1493 2798 vero,
1504 2761 1560 2792 Stat.

1595 2842 1613 2872 ι
