1898 3053
160 106 210 134 107

736 101 765 128 S.
785 95 1018 126 ATHANASIUS.
1039 110 1075 116 —
1092 94 1207 123 DUBIA.

1725 93 1780 122 108

159 166 248 194 Deus:
260 164 432 195 existimasti,
444 162 547 196 inique,
557 160 629 195 quod
644 159 717 186 Deus
733 159 783 186 erit
799 158 846 184 tibi
862 157 940 185 simi-

1012 155 1144 191 ωματικὰ,
1169 155 1206 190 μὴ
1224 154 1362 190 σαρκικῶς
1383 153 1453 180 νόει·
1479 154 1547 181 ἀλλά
1572 153 1606 180 δι’
1622 154 1782 190 ὁμοιότητος

159 212 217 240 iis?
240 211 315 238 Licet
340 210 433 237 oculos
455 207 501 235 Dei
516 206 646 237 audieris,
661 213 677 232 0
692 205 784 237 homo,
801 204 866 230 licet
888 203 940 229 alia

160 257 283 294 corporis
301 255 434 285 membra,
452 261 486 281 ne
510 251 656 279 carnaliter
686 250 751 277 illud
781 248 939 282 intelligas:

161 303 209 331 sed
237 310 284 338 per
308 300 489 336 corporalium
509 297 711 326 similitudinem
724 315 731 326 ,
750 295 941 328 incorporeum

161 345 403 382 intellige.Etenim
420 345 468 371 tibi
483 344 586 372 dictum
600 346 659 370 est:
677 340 796 376 Spiritus
806 342 848 366 est
858 337 940 370 Deus;

161 394 201 421 sic
214 396 240 420 et
251 391 368 419 Verbum
384 390 460 421 illud,
478 397 530 416 non
550 389 699 415 humanum
716 390 758 413 est
771 405 778 417 ,
795 391 845 411 nec
861 382 941 417 quale

161 446 236 469 tuum
250 448 257 467 :
274 438 344 466 Deus
358 438 430 465 enim
445 442 486 464 est
497 456 503 468 ,
519 436 581 463 licet
605 434 630 462 id
648 434 697 461 tibi
711 432 822 459 minime
846 430 971 457 videatur
985 439 993 458 :

160 488 274 515 diversae
288 485 446 513 substantiae
461 488 503 511 est
516 483 623 518 genitus
639 489 654 508 a
666 482 823 516 generante.

194 557 221 586 6.
239 557 290 591 Qui
303 557 375 584 enim
389 556 444 583 duo
459 554 592 590 principia
614 553 729 586 inducit,
741 553 765 580 is
777 551 846 578 duos
871 549 938 577 Deos

159 604 298 640 praedicat.
320 603 383 630 Hmc
397 606 438 630 est
462 600 607 628 Marcionis
635 599 770 633 impietas,
786 597 833 632 qui
855 595 939 623 Deum

159 652 263 686 justum
288 649 390 684 proprii
410 647 512 675 Christi
533 646 650 678 Patrem,
668 649 694 672 et
717 644 831 671 alterum
856 641 940 669 Deum

160 697 262 724 bonum
273 695 374 731 proprii
391 694 492 722 Christi
510 692 617 720 Patrem
637 691 760 718 ailirmat.
779 689 884 716 Rursus
893 687 941 722 qui

162 741 247 769 Deum
262 749 317 768 non
333 741 446 772 factum,
464 740 546 766 alium
566 745 631 766 vero
645 737 728 764 Deum
744 735 844 762 factum
861 733 939 765 dicit,

163 785 232 813 duos
245 791 272 813 et
287 785 344 820 ipse
359 784 429 811 Deos
444 783 573 814 admittit,
589 785 700 816 propter
715 778 875 806 substantiae
889 775 942 803 dif-

993 201 1047 228 τῶν
1066 201 1229 237 σωματικῶν
1241 197 1325 228 ὲννόεί
1341 200 1371 227 τὸ
1387 201 1540 236 ἀσώματον.
1559 201 1613 228 Καὶ
1631 201 1686 237 γὰρ
1701 201 1781 237 εἴρη-

994 247 1038 274 ταί
1065 256 1121 274 σοι·
1148 247 1260 282 Πνεῦμα
1278 248 1292 274 6
1317 246 1398 278 Θεός-
1416 246 1486 273 οῦτω
1511 247 1558 274 καὶ
1581 247 1596 274 6
1618 247 1703 282 Λόγος
1729 247 1782 274 οὐκ

993 292 1174 328 ἀνθρώπινος,
1190 291 1249 318 οὐδὲ
1266 290 1321 323 οἷος
1336 293 1350 318 6
1364 291 1409 323 σός
1419 300 1425 307 ’
1438 291 1503 323 Θεὸς
1513 291 1567 327 γάρ
1585 292 1653 323 ἐστι,
1671 292 1723 319 κᾶν
1742 293 1781 328 μή

995 346 1035 364 σοι
1049 337 1125 374 δοκῇ,
1143 338 1189 365 καὶ
1205 338 1254 365 οὐκ
1271 339 1325 364 εἰσὶ
1343 337 1389 364 δύο
1405 337 1476 370 Θεοὶ,
1492 338 1532 365 ὃτι
1549 338 1616 373 μηδὲ
1629 337 1675 364 δύο
1691 338 1781 364 Πατέ-

995 391 1051 419 ρες,
1063 385 1128 419 μηδὲ
1138 384 1287 420 έτερούσιος
1300 384 1345 411 τοῦ
1354 385 1532 420 γεννήσαντος
1546 386 1560 411 6
1572 385 1780 420 γεγεννημένος.

1006 432 1117 459 necduo
1134 431 1174 460 Dii
1186 436 1260 465 sunt,
1287 433 1357 461 sicut
1385 440 1436 461 nec
1467 432 1522 460 duo
1551 432 1662 461 Patres:
1692 441 1782 468 neque

1027 549 1053 577 8.
1063 549 1091 577 '0
1101 550 1149 584 μὲν
1156 549 1210 586 γὰρ
1218 549 1304 586 ἀρχὰς
1311 549 1426 584 εἰσάγων
1433 549 1488 581 δύο,
1498 549 1544 576 δύο
1551 549 1678 586 κηρύττει
1686 550 1781 583 Θεούς.

992 593 1064 628 Λῦτη
1086 594 1245 629 Μαρκίωνος
1263 594 1280 629 ὴ
1294 593 1444 625 δυσσέϐεια,
1461 593 1527 621 Θεὸν
1540 593 1662 629 λέγοντος
1677 595 1783 623 δίκαιον

995 640 1058 666 ίδίου
1069 639 1184 675 Χριστοῦ
1200 641 1318 676 Πατέρα,
1336 641 1383 667 καὶ
1397 635 1462 667 Θέδν
1479 641 1572 676 ἕτερον
1594 642 1693 676 ἀγαθὸν
1717 642 1782 669 ἰδίου

993 687 1111 722 Χριστοῦ
1126 687 1243 722 Πατέρα.
1255 687 1340 714 ῐῐάλιν
1354 688 1368 714 6
1378 687 1443 714 Θεὸν
1455 687 1584 722 ἀγένητον
1599 687 1668 715 εἶναι
1683 689 1782 723 λέγων,

993 734 1071 760 ἄλλον
1082 734 1110 760 δὲ
1124 734 1189 760 Θεὸν
1198 734 1252 769 (Η)
1262 735 1382 770 γενητὸν,
1396 734 1441 762 δύο
1452 735 1499 761 καὶ
1512 735 1592 767 αὐτὸς
1602 735 1675 769 λέγει
1686 735 1782 768 Θεοὺς,

993 779 1038 806 διὰ
1050 780 1100 816 τὴν
1126 780 1175 816 τῆς
1197 781 1290 812 οὐσίας
1314 780 1454 817 διαφορὰν,
1479 781 1512 816 ἣν
1536 781 1702 817 βλασφήμως
1724 782 1782 808 εἱσ-

163 831 324 863 ferentiam,
351 836 432 864 quam
466 825 678 862 blasphemando
705 823 862 852 introducit.
890 820 941 849 Ubi

1012 834 1063 860 γει.
1081 826 1168 852 Ὅπου
1184 826 1212 852 δὲ
1230 826 1278 862 μία
1301 826 1349 862 μὲν
1369 827 1386 862 ἡ
1407 827 1490 862 ἀρχὴ,
1505 827 1534 853 ἒν
1550 827 1579 853 δὲ
1591 827 1621 854 τὸ
1645 827 1674 860 ἐξ
1698 827 1784 863 αὐτῆς

162 885 227 906 vero
242 877 351 904 unicum
363 879 404 902 est
419 874 595 910 principium,
613 879 645 899 ac
662 872 742 899 unica
763 870 823 904 ejus
840 869 940 904 proles,

163 922 200 950 ibi
216 921 419 950 absolutissima
439 927 471 946 ac
493 918 626 946 naturalis
646 918 746 951 imago.
761 916 825 951 quia
845 922 878 941 ex
897 914 943 941 illo

163 969 253 1004 genita
266 972 308 996 est
325 977 330 994 :
348 966 384 994 ibi
407 971 433 993 et
453 973 523 993 unus
551 964 640 995 Deus;
658 964 696 990 ita
717 967 746 990 ut
771 961 890 997 perfecta
916 960 944 987 in

163 1014 244 1042 Patre
260 1013 348 1041 deitas
373 1012 550 1046 intelligatur,
566 1009 687 1045 perfecta
702 1015 810 1043 quoque
834 1007 860 1034 in
876 1006 945 1034 Filio

163 1065 277 1096 paterna
288 1058 380 1086 .deitas
393 1058 518 1085 exsistat.
529 1056 663 1083 Ceterum
674 1054 738 1089 quia
751 1062 784 1081 ex
798 1060 882 1088 parvo
893 1053 946 1080 hoc

163 1106 288 1142 exemplo
298 1104 384 1141 (qrwd
396 1105 487 1131 divina
503 1102 644 1137 Scriptura
660 1100 783 1136 protulit,
798 1107 861 1127 cum
875 1099 946 1126 ima-

164 1152 254 1188 ginem
272 1150 318 1178 Dei
334 1150 479 1178 invisibilis
497 1148 636 1176 Christum
656 1146 809 1181 nuncupat)
822 1152 947 1179 compre-

163 1196 284 1225 hendere
294 1196 368 1224 vales
379 1195 450 1231 quod
466 1195 569 1222 dictum
585 1198 642 1226 est;
654 1193 699 1220 hic
713 1193 810 1220 iterum
825 1192 947 1220 dissimi-

160 1243 306 1271 litudinem
334 1250 394 1277 qua:
417 1241 444 1269 in
465 1241 588 1276 exemplo
611 1244 653 1268 est
678 1240 825 1275 fugiamus,
849 1245 947 1273 nempe

160 1289 239 1324 quod
258 1289 305 1316 Dei
323 1289 422 1323 imago,
441 1291 499 1314 arte
514 1287 585 1314 facta
609 1289 636 1314 et
657 1286 770 1313 alterius
786 1285 948 1313 substantia:

165 1335 201 1362 sit
217 1344 223 1362 :
237 1334 355 1370 genitam
373 1339 462 1360 autem
478 1339 504 1360 et
523 1331 786 1360 consubstantialem
808 1338 868 1358 eam
886 1337 947 1358 esse

165 1380 354 1409 conﬁteamur.
375 1381 501 1407 Attamen
527 1379 574 1415 qui
602 1379 674 1414 regis
696 1378 842 1413 imaginem
863 1377 946 1409 videt,

162 1436 257 1463 regem
271 1427 362 1460 videt;
378 1431 405 1455 et
424 1427 479 1454 ait:
500 1425 580 1456 Ecce.
601 1426 645 1453 hic
660 1433 708 1452 rex
735 1428 786 1457 est,
805 1430 857 1451 nec
879 1423 948 1451 duos

162 1481 244 1509 reges
259 1473 410 1505 constituit,
431 1480 518 1507 neque
534 1476 635 1507 partem
656 1471 728 1506 regis
743 1470 887 1505 imaginem
904 1468 946 1496 di-

166 1519 215 1551 cit,
226 1526 278 1554 nec
293 1518 419 1553 imaginis
434 1525 534 1553 regem.
547 1516 593 1544 Sic
616 1516 699 1551 igitur
721 1523 792 1543 unus
811 1518 853 1542 est
876 1513 947 1542 Deus

161 1563 257 1595 Pater,
269 1567 296 1591 et
306 1571 359 1590 una
368 1562 495 1590 divinitas
502 1561 592 1588 Patris
602 1567 628 1588 et
637 1561 708 1588 Filii.
724 1560 770 1591 At.
785 1564 814 1587 ut
829 1565 857 1588 tu
867 1559 947 1592 dicis,

160 1617 239 1637 .unus
256 1610 318 1642 erit,
336 1609 504 1644 compositus
524 1616 558 1636 ex
581 1608 688 1635 duabus
707 1607 830 1642 partibus
849 1608 950 1641 imper—

166 1656 256 1684 fectis.
273 1656 326 1684 Sed
342 1657 376 1684 ad
394 1656 465 1683 hanc
480 1655 647 1691 impietatem
660 1662 740 1682 aures
752 1654 906 1686 occludere,
922 1657 950 1681 et

167 1702 286 1729 animam
308 1702 418 1729 abluere
433 1701 561 1728 convenit
578 1700 644 1735 :qui
658 1700 731 1727 enim
756 1699 813 1726 haec
836 1698 950 1726 commi-

161 1748 295 1780 niscitur,
307 1755 358 1775 nec
368 1746 466 1774 Filium
482 1754 532 1774 nec
543 1746 651 1774 Patrem
663 1745 808 1773 conﬁtetur
818 1756 824 1772 ;
836 1752 897 1772 nam
906 1751 951 1772 nee

167 1801 221 1828 que
236 1793 317 1821 Pater
329 1800 417 1828 neque
426 1792 512 1819 Filius
523 1791 698 1827 imperfectus
718 1790 830 1826 intelligi
850 1794 949 1826 potest.

203 1862 230 1889 '1.
244 1862 324 1896 Atqui
339 1861 442 1888 dictum
455 1864 512 1893 est,
525 1860 562 1888 ait
577 1869 585 1887 :
600 1869 610 1886 ‹
628 1859 698 1892 Quia
712 1867 761 1893 ego
774 1859 800 1886 in
816 1859 906 1891 Patre.
922 1863 950 1887 et

168 1907 250 1934 Pater
264 1908 291 1934 in
303 1914 345 1934 me
361 1911 403 1934 est
414 1907 437 1922 "
453 1916 460 1934 :
478 1916 487 1932 ι
499 1913 553 1933 non
571 1909 612 1933 est
629 1910 719 1933 autem
735 1905 815 1932 Pater
830 1904 950 1932 Verbum

168 1955 196 1980 in
212 1952 384 1981 corde‘Filii:
399 1960 462 1987 ergo
472 1960 523 1980 nec
536 1951 622 1979 Filius
634 1955 676 1978 est
691 1950 810 1978 Verbum
824 1951 852 1978 in
868 1950 952 1978 corde

169 1998 272 2032 Patris;
285 1998 333 2026 sed
346 2002 387 2026 est
401 1997 520 2025 Verbum
535 1998 629 2025 vivens
642 1997 772 2025 avivente
786 1996 868 2024 Patre
882 1996 948 2029 Deo,

170 2044 242 2079 quod
261 2049 362 2072 aeterna
388 2044 561 2079 generatione
586 2043 689 2070 editum
717 2047 769 2075 est,
794 2047 821 2070 et
850 2043 953 2078 absque

170 2090 249 2117 initio
265 2089 339 2117 Patri
357 2089 500 2117 coexsistit
511 2099 518 2116 :
530 2089 566 2116 ita
579 2092 609 2116 ut
626 2087 706 2115 Pater
717 2095 856 2123 nunquam
877 2087 953 2115 solus

169 2136 334 2172 cogitandus
349 2135 394 2163 sit.
411 2134 524 2170 Semper
539 2135 611 2162 enim
627 2133 747 2161 Trinitas
759 2137 802 2161 est
815 2133 950 2166 Trinitas,

991 871 1124 908 γέννημα,
1144 871 1226 898 εἰκὼν
1242 872 1425 908 ἀκριϐεστάτη
1445 873 1492 899 καὶ
1508 874 1608 909 φυσική
1620 882 1626 888 ·
1646 873 1713 899 διότι
1735 874 1783 900 καὶ

992 918 1106 953 γεννητὴ
1123 917 1152 950 ἐξ
1163 917 1244 944 αὑτοῦ
1256 926 1261 932 ·
1275 915 1315 950 εἷς
1326 919 1401 950 Θεὸς,
1415 919 1518 951 τελείας
1531 919 1579 954 μὲν
1593 920 1621 946 ὲν
1637 919 1724 954 Πατρὶ
1733 919 1784 954 τῆς

993 963 1117 999 θεότητος
1128 964 1286 1000 νοουμένης,
1300 964 1405 997 τελείας
1418 965 1446 992 δὲ
1462 966 1507 992 καὶ
1518 966 1546 992 ὲν
1559 965 1615 1000 Υίῷ
1626 965 1676 1001 τῆς
1686 973 1785 1001 πατρι-

994 1010 1044 1045 κῆς
1059 1009 1184 1045 θεότητος
1201 1010 1386 1046 ὑπαρχούσης.
1411 1011 1486 1037 Ἐπεὶ
1500 1011 1546 1038 καὶ
1561 1010 1606 1038 διὰ
1620 1011 1667 1037 τοῦ
1683 1010 1784 1047 μικροῦ

994 1056 1088 1083 τούτου
1103 1056 1333 1092 παραδείγματος,
1357 1057 1426 1092 ὅπερ
1442 1058 1458 1093 ὴ
1473 1057 1534 1083 θεία
1552 1057 1647 1093 Γραφὴ
1669 1057 1785 1093 δεδήλω-

995 1110 1042 1128 κεν
1058 1102 1149 1128 είκόνα
1170 1101 1216 1129 τοῦ
1233 1100 1299 1128 Θεοῦ
1319 1101 1366 1129 τοῦ
1387 1102 1502 1138 ἀοράτου
1520 1103 1564 1129 τὸν
1591 1103 1707 1138 Χριστὸν
1726 1103 1784 1130 dvo—

997 1148 1117 1184 μάσασα,
1128 1148 1239 1175 δύνασαι
1250 1149 1414 1176 καταλαϐεῖν
1430 1149 1460 1176 τὸ
1476 1149 1620 1184 λεγόμενον
1633 1157 1639 1164 ·
1654 1149 1785 1185 φύγωμεν

996 1195 1077 1222 πάλιν
1091 1195 1138 1222 καί⁵
1165 1194 1281 1221 ἐνταῦθα
1303 1195 1334 1221 τὸ
1349 1195 1474 1231 ἀνόμοιον
1489 1195 1519 1222 τδ
1546 1196 1574 1222 ὲν
1591 1195 1630 1231 τῷ
1654 1195 1785 1231 παραδεί-

996 1249 1091 1276 γματι,
1107 1240 1135 1267 τὸ
1148 1240 1272 1276 τεχνίτην
1287 1241 1341 1276 (12)
1356 1242 1402 1268 καὶ
1415 1241 1567 1279 ὲτερούσιον
1583 1240 1652 1269 εἶναι
1671 1241 1721 1277 τὴν
1737 1240 1786 1268 τοῦ

997 1286 1064 1312 θεοῦ
1078 1287 1179 1318 εἰκόνα,
1196 1287 1327 1322 γεννητὴν
1343 1287 1370 1313 δὲ
1382 1288 1428 1314 καὶ
1442 1287 1584 1324 όμοούσιον
1598 1287 1785 1323 ὁμολογῶμεν.

999 1332 1093 1368 Ὅμως
1107 1332 1138 1368 δὴ
1153 1330 1198 1359 οὖν
1215 1332 1269 1368 (i5)
1286 1333 1300 1359 ό
1320 1332 1369 1368 τὴν
1387 1333 1478 1361 είκόνα
1495 1333 1541 1360 τοῦ
1566 1333 1698 1369 βασιλέως
1714 1334 1787 1369 ὁρῶν

998 1379 1042 1405 τδν
1056 1379 1166 1413 βασιλέα
1175 1380 1234 1414 όρᾷ,
1253 1379 1299 1406 καί
1316 1388 1398 1415 φησιν
1410 1388 1416 1395 ·
1433 1380 1510 1412 Ἰδοὺ,
1527 1377 1603 1412 οὗτος
1621 1380 1786 1415 ὀβασιλεὺς,

998 1425 1046 1451 καὶ
1064 1425 1093 1451 οὺ
1107 1425 1154 1452 δύο
1175 1425 1309 1460 πεποίηκε
1330 1425 1457 1460 βασιλεῖς,
1472 1426 1533 1452 οὐδὲ
1553 1426 1635 1461 μέρος
1647 1426 1694 1453 τοῦ
1712 1425 1788 1461 βασι-

1000 1469 1067 1502 λέως
1082 1470 1131 1506 τὴν
1155 1471 1256 1504 εἰκόνα,
1275 1471 1291 1507 ἢ
1308 1471 1358 1506 τῆς
1375 1471 1478 1504 εἰκόνος
1500 1471 1547 1498 τὸν
1573 1471 1692 1507 βασιλέα.
1709 1472 1788 1499 οὕτω

999 1515 1087 1543 τοίνυν
1102 1514 1142 1548 εἷς
1156 1517 1221 1548 Θεὸς
1234 1518 1247 1543 6
1266 1517 1371 1553 Πατὴρ,
1389 1518 1436 1544 καὶ
1451 1518 1500 1553 μία
1515 1518 1609 1554 θεότης
1619 1517 1726 1554 Πατρὺς
1740 1519 1788 1546 καὶ

1000 1562 1077 1589 Υίοῦ.
1101 1563 1144 1595 Ὠς
1162 1563 1191 1590 δι
1212 1564 1244 1590 σὺ
1260 1563 1359 1598 λέγεις,
1383 1563 1423 1596 εἷς
1444 1564 1518 1592 ἔσται
1541 1564 1667 1597 σύνθετος
1686 1567 1718 1593 ὲκ
1741 1567 1789 1593 δύο

1001 1610 1090 1645 μερῶν
1109 1609 1222 1638 ἀτελῶν.
1245 1610 1316 1646 Πρὸς
1331 1610 1358 1637 δὲ
1382 1611 1483 1646 ταύτην
1502 1611 1551 1647 τὴν
1574 1611 1700 1639 ἀσέϐειαν
1725 1613 1789 1639 ἁπο-

1000 1655 1104 1682 κλεῖσαι
1127 1656 1208 1682 καλὸν
1223 1655 1271 1688 τὰς
1286 1657 1382 1689 ἀκοὰς,
1402 1657 1449 1684 καὶ
1464 1657 1520 1692 (ﬂ)
1536 1658 1717 1692 ἀπονίψασθαι
1739 1659 1788 1694 τὴν

999 1700 1104 1735 ψυχήν·
1121 1700 1182 1727 οὔτε
1203 1701 1257 1737 γὰρ
1271 1702 1335 1728 Υίὸν
1357 1702 1418 1729 οὗτε
1438 1703 1547 1738 Πατέρα
1567 1705 1581 1730 6
1593 1703 1671 1730 τοῦτο
1689 1713 1789 1739 φαντα-

1001 1747 1112 1781 ζόμενος
1134 1747 1275 1782 όμολογεῖο
1302 1748 1363 1774 ἐπεὶ
1389 1749 1458 1784 μήτε
1486 1749 1606 1785 Πατέρα,
1633 1751 1702 1786 μήτε
1725 1750 1789 1778 Υίδν

1000 1792 1083 1828 ἀτελῆ
1099 1794 1170 1820 νοεῖν
1185 1794 1310 1830 ἐγχωρεῖ.

1038 1860 1064 1888 7.
1087 1860 1156 1887 Ἀλλ’
1171 1860 1288 1896 εἴρηται,
1310 1861 1406 1897 φησίν·
1427 1871 1436 1887 ε
1456 1862 1518 1889 Ὅτι
1531 1861 1586 1896 ἐγὼ
1601 1862 1629 1888 ὲν
1640 1861 1677 1896 τῷ
1690 1861 1788 1897 Πατρὶ.

1002 1907 1049 1933 καὶ
1063 1908 1078 1934 6
1091 1907 1185 1943 Πατὴρ
1204 1908 1232 1934 ὲν
1247 1907 1322 1943 ὲμοί·
1341 1917 1350 1934 ι
1364 1908 1413 1935 οὐκ
1427 1908 1485 1935 ἐστι
1505 1908 1533 1935 δὲ
1549 1909 1633 1943 Λόγος
1645 1909 1674 1936 ὲν
1693 1908 1790 1944 καρδίᾳ

1001 1952 1048 1978 τοῦ
1064 1952 1128 1979 Υἰοῧ
1142 1953 1156 1979 6
1172 1953 1267 1989 Πατήρ
1277 1962 1284 1969 ν
1301 1953 1331 1980 οὺ
1346 1954 1436 1980 τοίνυν
1451 1954 1511 1980 οὐδὲ
1524 1955 1539 1980 6
1551 1955 1574 1990 (ί
1581 1954 1608 1989 ὅ)
1625 1954 1689 1986 Υἱὸς
1704 1954 1791 1988 Λόγος

1003 1999 1032 2025 ὲν
1046 1999 1144 2034 καρδία
1156 1999 1203 2026 τοῦ
1225 1999 1341 2035 Πατρδς,
1358 1998 1426 2026 ἀλλά
1447 1999 1531 2033 Λόγος
1550 1999 1604 2030 ζῶν
1615 1999 1668 2026 ἀπὸ
1690 1998 1791 2031 ζῶντος

1003 2045 1109 2081 [ἰατρὸς
1127 2045 1205 2078 Θεοῦ,
1226 2045 1304 2080 ἀϊδίῳ
1318 2046 1443 2080 γεννήσει
1457 2045 1595 2081 πεφηνὼς,
1615 2046 1739 2081 ἀνάρχως
1752 2045 1792 2081 τῷ

1003 2090 1091 2126 Πατρὶ
1116 2090 1219 2117 συνών·
1238 2091 1276 2122 ὡς
1301 2090 1435 2126 μηδέποτε
1460 2091 1539 2126 μόνον
1563 2091 1728 2118 ἐπινοεῖσθαι
1745 2091 1792 2118 τὸν

1004 2135 1125 2171 Πατέρα,
1149 2135 1204 2162 Ἀεὶ
1226 2136 1280 2171 γὰρ
1305 2136 1421 2172 Τριάςῆ
1443 2136 1538 2172 Τριὰς,
1561 2136 1607 2163 καὶ
1634 2136 1792 2172 προσθήκην

168 2169 221 2212 nec
254 2188 374 2216 unquam
408 2169 622 2208 additamentum
654 2178 806 2206 divinitatis
839 2178 946 2214 accipit.

1012 2169 1131 2218 ὶεότητος
1144 2182 1175 2208 οὐ
1188 2169 1336 2218 λαμὸἀνειξ
1348 2183 1408 2210 Οὐδ’
1416 2169 1437 2210 -ό
1450 2169 1486 2219 μη
1503 2182 1633 2219 πρότερον
1646 2169 1683 2209 ὧν
1696 2169 1744 2209 σὺν
1753 2169 1792 2217 τῷ

168 2231 262 2267 Neque
276 2229 364 2258 Filius
386 2235 447 2256 cum
473 2227 550 2262 prius
566 2235 621 2254 non
644 2231 718 2255 esset
733 2233 795 2254 cum
808 2225 899 2258 Patre,
925 2226 953 2253 in

170 2282 308 2313 posterum
323 2277 347 2304 ei
365 2273 493 2307 additur;
506 2281 594 2309 neque
614 2272 682 2300 Filio
706 2272 825 2308 Spiritus
843 2276 954 2301 sanctus

147 2328 151 2330 ’
171 2323 285 2351 accedit.
301 2322 368 2356 Quae
390 2320 464 2350 enim
478 2327 493 2346 a
509 2320 625 2355 quodam
640 2319 775 2355 principio
786 2320 857 2346 facta
877 2324 952 2353 sunt,

169 2372 197 2395 et
212 2368 318 2403 opiﬁcia
330 2372 404 2402 sunt,
418 2372 445 2395 et
460 2365 581 2397 subdita,
597 2369 625 2392 et
637 2365 765 2392 Trinitati
785 2365 860 2392 nullo
871 2365 953 2393 modo

170 2419 394 2442 annumerantur.
417 2413 494 2445 Nam.
513 2423 522 2440 ι
546 2416 653 2443 euntes,
673 2421 682 2437 ›
708 2411 807 2446 inquit,
828 2421 838 2438 ‹
859 2411 954 2440 docete

168 2466 265 2487 omnes
281 2465 385 2494 gentes,
397 2460 566 2495 baptizantes
576 2465 636 2491 θυι,
650 2457 677 2484 in
688 2458 798 2485 nomine
807 2457 908 2490 Patris.
925 2462 956 2486 et

114 2541 119 2548 _
166 2505 242 2539 Filii,
257 2511 284 2535 et
298 2507 416 2543 Spiritus
427 2509 516 2536 sancti
526 2508 559 2538 δ’.
580 2518 590 2535 ι
607 2506 718 2536 Nullum
737 2512 827 2536 autem
853 2508 955 2544 princi-

207 2620 229 2637 ⁸⁸
247 2620 325 2648 Joan.
345 2630 400 2656 xiv,
419 2623 459 2651 ιο.
499 2623 525 2644 ⁵⁸-
541 2622 634 2651 Matth.
654 2627 721 2651 xvrit
735 2641 742 2653 .
763 2622 810 2650 19.

206 2709 260 2747 (Η)
284 2709 394 2746 Seguer.
417 2711 525 2740 Gobler.
544 2718 570 2741 et
588 2713 659 2741 Felc.
680 2722 698 2746 ι,
716 2708 953 2747 γεννητόνηιηαιςε.

169 2743 355 2806 Ρέξοέἑξῖόόῦυ
377 2746 443 2774 ibid.
464 2749 591 2776 omittunt
615 2743 696 2776 Θεόνξ
722 2743 803 2776 Basili.
831 2745 885 2772 ibid
905 2743 954 2770 δύο

172 2789 190 2806 μ
255 2790 268 2806 υ
302 2790 324 2806 ε.

170 2789 220 2815 μεν
236 2789 324 2812 αντος.

205 2816 259 2851 (12)
276 2815 368 2849 Forte,
381 2818 521 2853 τεχνητήν.

1006 2228 1094 2264 Πατρὶ
1116 2228 1290 2264 προστίθεται
1305 2228 1416 2264 ὕστερον
1435 2228 1450 2254 6
1471 2228 1543 2260 Υἱὸς,
1558 2228 1618 2255 οὐδὲ
1637 2227 1676 2263 τῷ
1689 2227 1747 2263 Υίῷ
1762 2227 1793 2254 τὸ

1007 2273 1119 2309 Πνεῦμα
1139 2273 1298 2308 ἐπιγίνεται.
1314 2273 1354 2300 Τὰ
1373 2273 1426 2308 γὰρ
1446 2273 1499 2300 ἀπό
1517 2281 1589 2304 τινος
1605 2273 1696 2308 λάρχῆς
1714 2280 1793 2306 γεγε-

1007 2321 1112 2357 νημένα
1124 2320 1179 2356 (16)
1199 2321 1246 2347 κει)⁸
1267 2320 1407 2356 ποιήματά
1426 2320 1484 2346 ἐστι
1505 2319 1552 2346 καὶ
1567 2317 1657 2350 δοῦλα,
1683 2318 1731 2344 καὶ
1759 2318 1792 2352 τῇ

1007 2368 1103 2405 Τριὰδι
1116 2367 1321 2404 συναριθμεῖται
1334 2366 1459 2402 οὐδαμῶς
1468 2374 1475 2381 ·
1492 2375 1501 2391 ι
1515 2364 1694 2401 Πορευθέντες
1705 2363 1770 2400 γὰρ,
1782 2374 1790 2389 ι

1008 2415 1086 2451 φησὶ,
1100 2425 1108 2441 ι
1125 2414 1313 2451 μαθητεύσατε
1327 2414 1415 2441 πάντα
1425 2413 1459 2441 τὰ
1474 2413 1547 2448 ἔθνη,
1560 2412 1735 2448 βαπτίζοντες
1744 2412 1793 2438 αὑ-

1007 2462 1070 2493 τοὺς
1083 2462 1123 2492 είς
1136 2461 1167 2487 τὸ
1175 2460 1266 2496 ὗνομα
1282 2459 1328 2486 τοῦ
1340 2459 1457 2495 Πατρδς,
1471 2458 1518 2485 καὶ
1534 2457 1580 2485 τοῦ
1596 2457 1673 2488 Υίοῦ,
1689 2457 1736 2483 καὶ
1747 2455 1794 2482 τοῦ

1007 2509 1086 2544 ἁγίου
1103 2507 1269 2543 Πνεύματος.
1285 2516 1294 2533 ι
1316 2506 1415 2542 ’Δρχὴν
1430 2505 1459 2532 δὶ
1473 2503 1534 2532 οὔτε
1552 2504 1626 2540 μίαν,
1638 2503 1700 2530 οὒτε
1720 2502 1794 2536 ἔξου-

1045 2707 1099 2742 (15)
1118 2706 1310 2740 Seguerianus,
1331 2706 1352 2732 δ’
1371 2703 1427 2742 οῦν.

1043 2742 1100 2776 (Μ)
1121 2742 1174 2768 Καί
1186 2742 1262 2767 deest
1279 2742 1306 2768 in
1324 2741 1452 2767 omnibus
1467 2747 1533 2776 mss.

1045 2774 1099 2812 (15)
1110 2776 1348 2812 SiciSeguerianu
1366 2777 1380 2801 6
1393 2777 1470 2812 deest
1485 2774 1621 2812 in_cditis.

1037 2806 1099 2847 “(16)
1107 2811 1152 2839 Sic
1160 2806 1253 2846 Basil.,
1261 2810 1370 2839 Goblcr.
1376 2831 1383 2844 ,
1391 2809 1452 2845 Seg.
1461 2808 1586 2842 lneditis,
1595 2806 1792 2843 γεγεννημένα,
