1898 3053
63 135 121 163 109

665 129 804 160 CONTRA
824 129 1068 159 SABELLIANOS.

1641 127 1691 154 “0

63 195 140 226 σῐαν,
157 193 220 221 οὔτε
246 192 359 228 δύναμιν
383 190 601 226 τυνηρίθμησεν·
625 189 704 225 ἀϊδίῳ
723 189 780 225 (Π)
805 189 859 225 γὰρ

915 193 1013 224 patum,
1023 195 1109 223 neque
1117 191 1279 223 potestatem
1286 207 1292 217 .
1300 193 1387 222 neque
1393 186 1521 214 virtutem
1529 192 1692 213 annumera-

61 240 104 267 τὰ
113 239 152 275 μὴ
166 239 242 266 ἀΐδια
254 237 478 274 συναριθμεῖσθαι
491 236 630 268 ἀδύνατον,
647 236 693 262 καὶ
705 237 737 270 τῇ
751 235 856 271 θεότητι

60 286 105 313 τὰ
120 286 158 321 μὴ
173 284 323 321 μετέχοντα
342 284 391 319 τῆς
409 283 534 318 θεότητος
548 282 579 308 οὗ
595 281 778 308 συντάττεται.
795 280 857 311 Πῶς

59 329 116 358 οὖν
130 332 159 358 ὲν
172 330 211 366 τῷ
233 329 407 365 γεγεννηκότι
425 330 440 356 6
460 327 672 363 γεγεννημένος
688 327 735 353 καὶ
750 325 830 353 πάλιν
843 327 857 352 6

58 379 209 414 γεννήτωρ
232 378 262 404 ὲν
287 376 326 412 τῷ
344 376 510 411 γεννήματι;
528 373 586 406 πῶς
603 371 679 404 οὗτος
695 374 724 400 ὲν
751 372 856 407 ἐκείνῳ,

60 425 198 455 κάκεῖνος
209 424 238 449 ὲν
246 422 349 458 more);
367 421 427 448 ’Ότι
439 420 486 447 καὶ
498 419 579 451 αὐτὸς
586 418 703 450 τοιοῦτός
714 419 787 445 ἐστιν
803 414 858 449 οἷος

57 471 210 501 κάκεῖνος,
223 469 348 499 κακεῖνος
367 464 422 498 οἶος
436 463 524 497 οὗτος.
542 465 618 492 Οὕτω
638 464 684 491 καὶ
698 463 729 490 ἓν
754 462 788 490 τὰ
799 463 857 495 δύο,

55 515 107 550 τῷ
125 514 165 550 μὴ
187 513 354 541 διαλλάττειν
373 512 440 547 (l8),
467 511 533 547 μηδὲ
556 510 770 546 ἀπεσχοινίσθαι,
790 510 858 546 μηδὲ

57 560 130 586 καθ’
149 560 243 596 ἓτερον
259 557 329 591 εἶδος
349 559 396 585 καὶ
408 557 482 590 ξένον
501 557 660 593 χαρακτῆρα
682 556 799 583 νοεῖσθαι
813 557 859 583 τὸν

58 605 148 638 Υιὸν,
167 605 226 632 ἀλλ’
247 602 316 631 εἶναι
336 603 413 636 Θεὺν,
441 603 535 638 ὥσπερ
556 602 603 629 καὶ
622 603 637 629 6
652 603 758 638 Πατήρ.
783 602 859 630 Ἑπεὶ

59 652 119 678 καὶ
131 651 254 682 εἰπόντος
265 649 346 676 αὑτοῦ
355 657 363 666 ⁸
382 658 391 675 ι
417 648 488 682 Ἐγὼ
498 649 544 676 καὶ
561 649 576 676 6
585 649 681 685 Πατὴρ
697 648 725 675 ἓν
737 650 831 685 ἐσμεν,
846 659 856 676 ο

60 697 243 731 ἠγανάκτουν
258 697 281 722 οἱ
302 695 421 723 Ἰουδαῖοι
435 695 569 729 λέγοντες,
586 703 596 720 ι
613 695 674 721 Ὅτι
696 695 739 727 σὺ,
755 695 860 730 ἄνθρω-

62 752 122 775 πος
144 743 193 776 ὢν,
216 743 302 774 ποιείς
316 741 427 769 σεαυτὸν
448 741 523 768 Θεόν.
543 751 553 767 ι
568 741 623 768 Καὶ
643 742 656 768 6
679 741 772 776 Σωτὴρ
791 741 860 768 ἀπε-

62 791 183 825 κρίνατο
209 789 264 824 (l9)
287 788 402 824 βεϐαιῶν
429 787 458 814 τὸ
484 787 627 822 εἰρημένον
642 788 686 813 ὑπ’
701 787 800 820 αὐτῶν,
822 787 859 818 ὡς

63 835 148 862 οὐδὲν
175 835 239 862 ἄλλο
265 835 282 870 ἧ
310 835 390 861 τοῦτο
417 833 575 869 δεδηλωκὼς
602 834 630 859 ὲν
657 832 696 868 τῷ
726 833 857 868 φάσκειν·

911 236 959 267 vlt.
977 234 1049 270 quod
1060 234 1228 269 impossibile
1249 234 1284 260 sit
1299 236 1400 260 aeterna
1415 239 1469 259 non
1481 232 1591 259 aeternis
1603 238 1692 257 annu-

910 282 1009 308 merari
1022 290 1028 308 :
1041 281 1082 308 vel
1095 288 1154 316 quae
1165 288 1226 307 cum
1238 279 1338 307 deitate
1345 278 1413 306 nihil
1426 285 1571 305 commune
1582 277 1693 309 habent,

910 334 971 354 cum
988 326 1087 354 deitate
1110 325 1241 353 ordinari.
1260 324 1402 358 Quomodo
1423 324 1506 359 igitur
1522 323 1549 350 in
1572 323 1695 357 genitore

910 373 1018 408 genitus
1032 382 1038 400 ε
1051 376 1097 399 aut
1110 379 1209 399 rursus
1220 371 1326 406 genitor
1341 371 1369 397 in
1394 369 1502 405 genito?
1517 376 1570 404 qua
1587 368 1695 396 ratione

911 419 956 446 th
969 419 997 446 in
1018 418 1074 450 illo,
1087 418 1133 444 ille
1145 417 1172 444 in
1187 417 1257 444 isto?
1273 415 1342 450 Quia
1364 419 1391 443 et
1406 416 1450 442 hic
1470 415 1533 442 talis
1547 418 1589 442 est
1604 413 1693 449 qualis

911 465 966 496 ille,
975 469 1002 492 et
1016 464 1060 491 ille
1074 463 1164 499 qualis
1176 463 1230 490 hic.
1243 463 1331 496 Atque
1344 462 1380 489 ita
1395 461 1424 488 lit
1438 464 1468 488 ut
1482 460 1535 488 duo
1549 460 1593 486 illa
1607 466 1694 486 unum

912 511 984 543 siut;
1005 517 1038 538 eo
1053 508 1125 544 quod
1148 517 1236 544 neque
1256 508 1394 540 diﬂ‘erant,
1417 515 1505 542 neque
1521 509 1692 542 separentur,

911 564 1000 592 neque
1014 556 1066 584 sub
1083 555 1135 582 alia
1147 556 1250 590 specie,
1261 559 1307 582 aut
1317 554 1369 582 sub
1384 553 1437 581 alia
1457 553 1541 588 ﬁgura
1555 550 1640 580 Filius
1651 553 1694 579 in~

912 603 1049 638 telligatur
1067 611 1075 629 :
1094 601 1140 629 sed
1159 601 1230 629 Deus
1247 600 1293 633 sit,
1314 599 1542 635 quemadmodum
1557 603 1584 626 et
1601 596 1693 625 Pater.

911 650 978 676 Cum
995 648 1067 675 enim
1085 647 1132 674 illo
1151 646 1259 674 dicente
1280 654 1286 673 :
1307 654 1317 671 ι
1340 644 1395 680 Ego
1409 647 1436 671 et
1450 643 1531 671 Pater
1545 650 1629 671 unum
1651 650 1695 670 su-

911 694 1021 727 mus",
1050 703 1061 720 ι
1084 692 1292 728 indignarentur
1314 690 1481 725 Judaei,33
1497 697 1529 717 ac
1551 686 1692 716 dicerent:

915 749 924 765 ι
937 739 1006 773 Quia
1020 742 1049 766 tu
1065 738 1146 765 homo
1161 744 1223 765 cum
1243 736 1293 769 sis,
1310 735 1378 763 facis
1395 735 1511 769 teipsum
1529 733 1614 761 Deum
1629 733 1663 766 ⁸³,
1681 741 1691 758 ι

913 784 1053 820 respondit
1077 783 1213 814 Salvator,
1228 781 1300 817 quod
1321 781 1359 807 illi
1373 780 1498 808 dixerant
1516 777 1694 811 conﬁrmans,

913 830 990 866 quasi
1005 829 1073 857 nihil
1086 829 1159 856 aliud
1177 828 1234 862 ipse
1247 825 1494 858 declarasset,duut
1510 824 1578 852 dixit
1591 833 1597 851 :
1615 833 1624 850 ι
1641 823 1695 859 Ego

66 892 77 907 1
105 881 177 916 Ἐγὼ
193 881 240 908 καὶ
261 869 384 916 ὁΘΠατὴρ
399 881 428 907 ἓν
450 881 544 915 ἐσμεν,
564 889 574 906 ι
587 879 618 906 τὸ
634 877 703 906 εἶναι
718 880 766 907 καὶ
779 879 859 907 αὑτὸν

915 881 939 904 et
952 875 1032 902 Pater
1048 882 1130 901 unum
1156 880 1273 905 sumus;
1294 881 1302 897 ι
1325 879 1405 906 quam
1427 879 1456 897 se
1476 877 1585 905 quoque
1609 869 1695 896 Deum

65 927 139 954 Θεὸν
154 927 216 953 Υἱδν
227 927 291 953 ὄντα
304 927 371 953 Θεοῦ
381 935 388 941 θ
407 935 416 952 ι
434 926 465 952 Εἰ
477 926 596 957 ἐκείνους
613 925 690 956 θεοὺς
705 923 775 958 εἷπε,
795 925 862 961 πρὸς

65 973 120 1004 οὓς
134 974 149 998 ὁ
162 973 247 1007 Λόγος
261 972 307 999 τοῦ
322 971 389 998 Θεοῦ
413 972 529 1006 ἐγένετο,
547 972 594 999 καὶ
608 972 637 998 οὺ
654 971 763 998 δύναται
785 971 864 1007 λυθῆ-

66 1027 117 1045 ναι
128 1019 145 1054 ἡ
160 1018 270 1054 Γραφή·
285 1017 315 1044 ὃν
330 1019 344 1044 6
357 1018 451 1054 Πατὴρ
465 1018 572 1053 ἡγίασε,
589 1017 636 1044 καὶ
651 1017 809 1044 ἀπέστειλεν
823 1018 862 1049 εἰς

66 1065 120 1095 τὸν
136 1065 248 1100 κόσμον,
261 1065 339 1099 ὑμεῖς
354 1063 456 1098 λέγετε,
466 1064 526 1089 Ὅτι
537 1062 714 1098 βλασφημεῖς·
724 1063 764 1088 ὃτι
775 1060 861 1094 εἷπον,

66 1112 114 1138 ὅτι
129 1110 194 1142 Υἱὸς
217 1110 284 1136 Θεοῦ
301 1111 375 1145 είμι;
392 1110 416 1136 εἰ
434 1111 463 1136 ού
477 1110 545 1136 ποιῶ
563 1109 598 1136 τὰ
613 1109 681 1145 ἔργα
693 1108 739 1135 τοῦ
757 1109 863 1145 Πατρός

70 1165 138 1191 μου,
156 1155 193 1191 μὴ
212 1155 355 1182 πιστεύετέ
371 1163 430 1190 μοι’
443 1156 467 1181 εἰ
486 1155 514 1182 δὲ
529 1155 607 1187 ποιῶ,
626 1154 676 1181 κᾶν
690 1154 752 1190 ἐμοὶ
767 1154 804 1189 μὴ
823 1153 863 1180 θέ-

68 1202 138 1237 λητε
151 1201 205 1237 (20)
222 1200 371 1232 πιστεύειν,
395 1201 452 1232 τοῖς
477 1200 567 1236 ἔργοις
592 1199 749 1226 πιστεύετεο
769 1199 803 1225 ἵν’
829 1198 864 1224 εί-

68 1248 149 1283 δῆτε,
165 1248 212 1274 καὶ
225 1247 387 1282 γινώσκητε,
402 1247 443 1273 ὅτι
458 1247 513 1281 ἐγὼ
525 1247 554 1273 ὲν
566 1245 604 1281 τῷ
615 1246 712 1282 Πατρὶ,
728 1245 775 1272 καὶ
786 1245 800 1271 ὁ
811 1245 864 1271 Πα-

69 1294 126 1330 τὴρ
138 1295 168 1320 ἐν
189 1293 261 1328 ὲμοί.
279 1302 288 1319 ι
308 1292 412 1319 οὐκοῦν
432 1292 462 1318 ὲν
481 1292 521 1327 τῷ
540 1292 628 1327 Πατρὶ
645 1291 691 1318 τδν
707 1291 770 1317 Υἱδν
783 1289 862 1323 εἶναι,

70 1340 123 1367 καὶ
148 1339 194 1366 τὸν
207 1339 317 1375 Πατέρα
339 1340 368 1366 ὲν
388 1338 428 1374 τῷ
450 1338 516 1374 Υἱῷ,
534 1337 612 1365 τοῦτό
640 1338 698 1364 ἐστι
721 1337 767 1364 καὶ
788 1336 863 1364 οὐδὲν

70 1386 179 1421 ἓτερον,
197 1384 242 1411 τὸν
256 1384 319 1412 Υίὸν
334 1382 404 1411 εἶναι
417 1382 484 1410 Θεοῦ
500 1383 556 1419 (21)
572 1383 617 1410 τὸν
636 1384 668 1410 ὲκ
682 1382 727 1410 τοῦ
743 1381 810 1409 Θεοῦ
823 1390 865 1417 γε-

70 1431 252 1467 γεννημένον,
274 1430 340 1457 Θεὸν
355 1430 419 1457 ὄντα
442 1429 512 1457 κατὰ
529 1429 578 1465 τὴν
597 1429 688 1464 φύσιν,
706 1429 774 1465 ὅπερ
787 1429 801 1455 6
812 1429 865 1455 Πα-

70 1478 138 1514 τὴρ,
155 1477 203 1504 καὶ
224 1476 366 1503 δεικνύντα
379 1475 410 1502 τὸ
434 1475 559 1511 πατρῷον
573 1473 641 1506 εἶδος
660 1474 689 1501 ὲν
703 1473 802 1509 ἑαυτῷ,
817 1473 865 1501 καὶ

71 1523 251 1558 δεικνύμενον
265 1523 313 1550 ἐπὶ
324 1522 373 1558 τῆς
386 1522 522 1557 πατρικῆς
535 1521 718 1552 ὑποστάσεως.

110 1570 137 1598 8.
152 1567 201 1601 Εἷς
216 1567 272 1601 οὖν,
287 1568 335 1596 καὶ
354 1565 404 1600 εἷς,
420 1569 467 1594 καὶ
481 1569 498 1603 ἡ
519 1567 585 1599 δυὰς
602 1566 632 1594 οὐ
655 1566 818 1602 μεμέρισται
831 1567 865 1602 τῇ

72 1614 167 1650 φύσει,
185 1614 311 1649 ἀνενδεὴς
323 1610 389 1640 οὖσα
398 1614 432 1648 τῇ
446 1612 604 1648 τελειότητι,
615 1612 675 1639 ὅλον
695 1612 745 1647 μὲν
757 1611 787 1638 τδ
799 1611 865 1646 πλή-

72 1669 159 1698 ρωμα
180 1660 229 1695 τῆς
245 1660 370 1694 θεότητος
385 1660 399 1686 ό
411 1659 516 1695 Πατὴρ,
532 1658 569 1690 ὡς
588 1657 691 1694 Πατὴρ,
708 1657 767 1684 ὅλον
791 1656 820 1683 δὲ
834 1656 866 1683 τὸ

73 1707 214 1742 πλήρωμα
229 1706 278 1741 τῆς
289 1705 414 1740 θεότητος
428 1705 442 1731 6
458 1705 531 1736 Υἱὸς,
548 1704 586 1736 ὡς
601 1704 674 1735 Υἱός.
683 1703 791 1739 Ἐπειδὴ
808 1702 864 1738 (22)

71 1753 108 1779 δι’
123 1751 289 1787 ἀμφοτέρων
308 1751 337 1777 ἓν
352 1748 420 1783 εἶδος
438 1751 548 1782 νοεῖται,
565 1749 717 1785 ὁλοκλήρως
732 1750 761 1776 ὲν
777 1749 866 1784 ἀμφο-

74 1795 167 1832 τέροις
192 1795 376 1829 δεικνύμενον.
403 1793 505 1829 Μηδεὶς
526 1792 660 1829 ἀρνείσθω
675 1792 725 1828 τὴν
741 1800 865 1828 φανερω-

75 1841 170 1868 θεῖσαν
186 1841 215 1867 ὲν
225 1840 264 1876 τῷ
278 1841 372 1876 κόσμῳ
386 1839 457 1875 ζωήν
467 1848 474 1855 ·
488 1839 582 1871 ιἮτις
595 1836 640 1874 ἦν,
660 1848 669 1864 ι
687 1838 763 1874 φησὶ,
775 1846 784 1862 ι
797 1836 865 1872 πρὸς

74 1888 121 1915 τὸν
134 1888 257 1923 Πατέρα,
272 1887 319 1914 κα)⁸
332 1885 489 1922 ἐφανερώθη
501 1886 576 1921 ἡμῖν.
590 1894 599 1910 ›
617 1883 672 1912 Καὶ
684 1883 738 1919 πρὸ
752 1882 803 1918 τῆς
814 1890 867 1917 φα-

75 1934 221 1970 νερώσεως
240 1933 318 1960 τοῦτο
338 1932 425 1965 ἔδοξεν
448 1930 527 1963 εἶναι,
555 1931 637 1966 ἡνίκα
662 1929 864 1964 πεφανέρωται.

76 1981 242 2015 Γεγέννηται
257 1979 313 2014 γὰρ
330 1979 431 2011 ἀῖὂίως,
449 1979 496 2005 καὶ
511 1979 628 2013 ὑπάρχει
645 1976 714 2012 μετὰ
734 1976 780 2002 τοῦ
800 1975 865 2002 ἰδίου

76 2025 195 2062 Πατρός.
211 2024 313 2059 Μηδεὶς
328 2023 490 2060 ἀρνούμενος
506 2022 540 2049 τὰ
555 2022 617 2057 τρία
633 2021 683 2057 τὴν
701 2020 802 2056 μονάδα
822 2020 867 2046 εὐ-

79 2075 184 2110 ρίσκειν
209 2071 359 2108 νομιζέτω·
377 2071 435 2098 ἀλλ’
447 2072 476 2097 ὲν
499 2072 533 2106 τῇ
548 2069 642 2105 Τριάδι
663 2068 758 2095 νοείτω
774 2067 804 2094 τὸ
826 2066 864 2100 ἓν,

78 2119 147 2155 ἔχων
161 2119 193 2145 τὸ
212 2117 360 2152 κεφάλαιον
375 2117 425 2151 τῆς
449 2116 565 2147 πίστεως
583 2116 611 2141 ὲν
626 2113 665 2150 τῷ
688 2113 864 2149 βαπτίσματι,

79 2165 126 2192 καὶ
139 2166 170 2191 ὲν
193 2163 250 2199 (25)
269 2163 329 2194 ταῖς
346 2162 433 2198 τρισὶν
448 2161 540 2195 ἁγίαις
554 2160 694 2195 σφραγῖσι,
712 2158 745 2184 δι’
765 2154 802 2184 ὧν
827 2158 866 2188 εἰς

81 2210 218 2247 σωτηρίαν
233 2208 458 2244 ἀνα-γεγέννηται,
480 2205 652 2242 μεμνημένος
674 2203 720 2247 τοῦ
740 2202 866 2229 Ἀποστὸ-

79 2257 123 2284 hu
146 2245 271 2290 λέγοντος
281 2263 289 2270 ·
308 2264 317 2280 ι
338 2252 384 2286 Εἷς
399 2253 463 2284 Θεὸς
475 2252 489 2278 ό
509 2252 613 2287 Πατὴρ,
629 2249 659 2282 ἐξ
671 2245 702 2276 οὗ
721 2248 754 2275 τὰ
767 2248 868 2279 πάντα,

79 2303 125 2330 καὶ
143 2300 185 2334 εἷς
200 2302 302 2337 Κύριος
323 2299 425 2336 Ἰησοῦς
439 2298 565 2334 Χριστὸς,
582 2297 615 2323 δι’
626 2293 656 2323 οὗ
679 2294 715 2322 τὰ
732 2294 833 2321 πάντα-
853 2303 863 2320 ι

82 2348 257 2384 μεμνημένος
273 2346 318 2374 τοῦ
329 2343 585 2380 λέγοντος-Πατρός·
598 2352 606 2368 ι
618 2342 666 2368 Ἐκ
682 2340 799 2376 γαστρὸς
814 2339 867 2375 πρὸ

81 2395 220 2430 ἑωσφόρον
240 2392 373 2428 ἐγέννησά
388 2400 427 2423 σε,
442 2400 452 2417 )
466 2390 513 2416 τοῦ
528 2398 557 2416 τε
574 2388 638 2415 Υἱοῦ
655 2385 866 2423 μαρτυροῦντος,

82 2441 122 2476 ὅτι
146 2439 182 2476 ἦν
199 2440 252 2476 πρὸ
268 2439 314 2466 τοῦ
336 2438 438 2473 κόσμου
458 2435 535 2471 1:195:
551 2435 589 2470 τῷ
606 2433 705 2469 Πατρὶ,
723 2432 773 2468 τὴν
790 2431 867 2463 δόξαν

83 2486 149 2521 ἒχων
163 2485 213 2521 τὴν
231 2485 280 2520 τῆς
300 2483 424 2517 θεότητος
435 2490 442 2496 '
459 2490 468 2506 ι
483 2479 598 2513 Δόξασόν
619 2488 652 2515 με
669 2477 734 2513 γὰρ,
751 2487 760 2504 ι
783 2476 862 2512 φησὶ,

116 2565 139 2580 *⁷
158 2563 238 2591 Joan.
256 2571 291 2596 ι,
307 2562 353 2589 50.
390 2561 413 2577 ⁸⁸
431 2560 496 2588 ibid.
514 2559 559 2587 55.
598 2557 620 2574 δ’
638 2556 706 2585 ibid.
724 2553 818 2583 56-38.
863 2554 865 2568 ³

931 2551 1010 2579 Joan.
1029 2558 1056 2583 ι,
1072 2548 1099 2576 2.

118 2640 175 2677 (l7)
191 2639 347 2677 Qoblerian.
363 2641 390 2665 et
403 2636 476 2677 Eelc.
492 2645 511 2670 ι,
525 2635 628 2677 (Ξᾷδίιιξςτ

131 2669 174 2711 is)
193 2675 350 2711 Goblerian.
365 2678 392 2701 et
403 2672 476 2711 reip.
489 2680 509 2704 ι,
522 2672 563 2711 τι,
574 2671 610 2707 μὴ
623 2669 691 2710 διαλ.

131 2679 174 2711 18)
193 2679 350 2702 Goblerian.
365 2679 392 2701 et
403 2679 476 2700 r‘elc.
489 2680 509 2704 ι,
522 2679 553 2698 το
574 2680 610 2707 μη
623 2679 691 2696 οιαλ.

118 2679 178 2748 (19)
193 2709 375 2748 Sic»_S_eg_u_er.
391 2708 434 2748 _At
450 2707 478 2748 i_n
500 2706 581 2734 editis
602 2705 735 2748 omissum
752 2701 868 2748 ᾆξεῇεῇ-

84 2742 155 2778 vit-Eo,
164 2742 236 2773 'item
247 2742 316 2771 illud
328 2744 358 2770 ὲν
369 2742 631 2778 τῷνφάσκεινηιιυηω
649 2745 739 2778 tamen
753 2745 786 2765 ex
801 2745 868 2778 con-

83 2774 157 2809 texui
174 2788 235 2809 esse
253 2774 612 2807 videntur."commeliuia’ni
635 2774 702 2803 nihil
723 2776 866 2809 anhelant.

118 2807 318 2853 (sorsum,
332 2812 440 2853 Gobler.
451 2816 485 2853 _et
493 2811 599 2853 ποιεῖς,
608 2811 709 2853 θέλετε.
717 2807 866 2853 galliae.

89 2842 241 2887 1,5416;
254 2842 326 2883 haec,
343 2848 389 2875 καὶ
399 2847 558 2882 γινώσκητε,
572 2842 705 2874 habentur
716 2844 744 2871 in
757 2842 867 2871 Gobler.

912 929 984 954 esse,
998 928 1061 948 cum
1083 919 1169 947 Filius
1181 918 1228 946 Dei
1249 918 1285 945 sit
1303 927 1309 945 :
1330 927 1338 943 I
1360 915 1388 944 Si
1403 916 1463 944 illos
1478 916 1548 943 dixit
1560 915 1637 947 deos,
1660 915 1693 942 ad

912 975 982 1002 quos
991 974 1081 995 sermo
1092 965 1140 992 Dei
1155 965 1243 992 factus
1256 967 1308 996 est,
1325 967 1351 991 ct
1363 971 1416 990 non
1434 965 1522 997 potest
1536 961 1604 989 solvi
1623 961 1697 988 Scri-

912 1017 1013 1049 ptura:
1033 1019 1114 1047 quem
1129 1010 1208 1038 Pater
1227 1009 1419 1040 sanctilieavit,
1431 1012 1458 1035 et
1474 1007 1549 1034 misit
1567 1006 1595 1033 in
1617 1014 1697 1033 mun-

913 1060 988 1092 dum,
999 1065 1048 1086 vos
1063 1057 1166 1090 dicitis,
1192 1056 1256 1091 quia
1278 1054 1451 1089 blasphemas
1468 1063 1473 1080 :
1489 1053 1552 1088 quia
1570 1052 1638 1084 dixi,
1655 1050 1697 1077 Fi-

913 1103 966 1131 lius
978 1102 1026 1130 Dei
1041 1102 1120 1129 sum?
1131 1101 1160 1127 Si
1178 1108 1232 1128 non
1248 1099 1319 1127 facio
1335 1105 1417 1133 opera
1428 1097 1519 1125 Patris
1530 1096 1594 1129 mei,
1610 1096 1697 1123 nolite

913 1150 1024 1177 credere
1043 1147 1130 1175 mihi:
1148 1146 1171 1174 si
1194 1150 1283 1173 autem
1302 1145 1384 1176 facio,
1397 1147 1425 1171 et
1438 1143 1460 1170 si
1473 1143 1539 1170 mihi
1552 1141 1696 1169 nolueritis

913 1196 1035 1227 credere,
1052 1193 1182 1229 operibus
1200 1191 1321 1220 credite:
1335 1195 1364 1218 ut
1384 1189 1488 1223 sciatis,
1505 1191 1533 1215 et
1547 1194 1698 1223 cognosca-

913 1241 960 1274 tis,
977 1241 1041 1276 quia
1060 1248 1111 1275 ego
1126 1239 1154 1266 in
1167 1236 1258 1269 Patre,
1272 1241 1299 1264 et
1311 1234 1391 1263 Pater
1406 1235 1433 1263 in
1443 1241 1486 1262 me
1501 1233 1534 1260 ⁵³.
1547 1243 1556 1260 ι
1572 1232 1656 1268 Igitur
1669 1231 1698 1258 in

913 1287 994 1315 Patre
1020 1286 1120 1315 Filium
1149 1292 1221 1316 esse,
1237 1287 1265 1311 et
1289 1279 1396 1310 Patrem
1410 1282 1437 1308 in
1452 1279 1531 1312 Filio,
1553 1279 1605 1306 hoc
1627 1277 1698 1305 nihil

914 1333 988 1361 aliud
1010 1336 1062 1365 est,
1084 1339 1166 1366 quam
1186 1338 1248 1357 eum
1267 1330 1313 1364 qui
1336 1336 1369 1356 ex
1389 1328 1444 1355 Deo
1467 1326 1574 1362 genitus
1590 1330 1632 1353 est
1650 1323 1698 1351 Dei

915 1379 1016 1407 Filium
1032 1385 1094 1406 esse
1110 1387 1116 1405 :
1134 1384 1166 1404 ac
1186 1376 1271 1403 Deum
1293 1372 1443 1402 secundum
1459 1377 1596 1403 naturam,
1611 1373 1641 1397 ut
1655 1372 1699 1396 est

914 1425 1007 1458 Pater,
1022 1428 1104 1460 atque
1120 1423 1146 1450 in
1163 1423 1253 1457 seipso
1271 1425 1413 1456 paternam
1430 1418 1545 1446 formam
1557 1416 1697 1447 exhibere,

915 1472 1060 1507 ipsumque
1071 1473 1166 1497 mutuo
1178 1469 1206 1496 in
1223 1471 1337 1504 paterna
1350 1464 1503 1494 substantia
1515 1462 1650 1491 exhiberi.

878 1551 900 1579 C
951 1553 978 1582 8.
995 1552 1072 1580 Unus
1092 1551 1186 1587 igitur,
1206 1552 1233 1577 et
1247 1555 1330 1581 unus,
1356 1550 1384 1575 et
1400 1546 1518 1574 dualitas
1532 1551 1588 1572 non
1609 1542 1699 1570 divisa

915 1605 958 1629 est
973 1605 1069 1627 natura
1081 1606 1142 1630 sua,
1153 1604 1215 1624 cum
1226 1595 1300 1623 nullo
1312 1593 1432 1629 indigeat
1443 1591 1476 1620 ad
1490 1598 1568 1619 suam
1585 1589 1700 1624 integri-

916 1651 1010 1674 tatem.
1036 1644 1169 1672 Universa
1186 1641 1296 1677 quidem
1317 1638 1457 1676 plenitudo
1482 1635 1634 1665 divinitatis
1656 1638 1700 1662 est

916 1693 1007 1724 Pater,
1036 1693 1172 1726 quatenus
1195 1687 1286 1715 Pater.
1310 1685 1444 1713 Universa
1470 1683 1535 1711 item
1558 1681 1700 1718 plenitudo

916 1737 1066 1767 divinitatis
1072 1734 1217 1766 estFilius,
1225 1736 1360 1769 quatenus
1368 1731 1464 1758 Filius.
1474 1726 1700 1763 Quﬁtdoquidem

916 1793 964 1821 per
981 1787 1127 1818 utrumque
1147 1788 1200 1808 una
1221 1780 1308 1807 forma
1328 1777 1498 1812 intelligitur,
1520 1781 1582 1811 qua:
1595 1775 1701 1808 integre

916 1832 944 1858 in
971 1834 1087 1865 utroque
1105 1827 1259 1856 exhibetur.
1280 1825 1367 1852 Nemo
1381 1823 1465 1850 vitam
1491 1824 1571 1856 neget
1588 1827 1650 1855 quae
1672 1827 1701 1846 In

916 1876 1018 1904 mundo
1035 1864 1160 1910 apparuit
1175 1881 1183 1899 :
1202 1881 1212 1898 ι
1227 1871 1293 1904 Quae
1305 1873 1374 1902 erat,
1394 1878 1403 1895 ι
1419 1867 1516 1902 inquit,
1535 1876 1544 1893 ι
1562 1865 1633 1901 apud
1649 1864 1701 1891 Pa-

916 1928 996 1955 trem,
1011 1926 1038 1950 et
1049 1919 1176 1956 apparuit
1186 1917 1266 1946 nobis
1280 1917 1314 1944 ⁸⁸.
1335 1926 1344 1942 ι
1361 1915 1448 1942 Etiam
1460 1918 1604 1948 antequam
1615 1918 1700 1946 appa-

916 1969 989 1993 reret
1009 1964 1036 1992 id
1051 1955 1140 2000 ipsum
1157 1962 1217 1990 visa
1236 1964 1278 1989 est
1298 1967 1369 1992 esse,
1385 1958 1458 1994 quod
1480 1965 1541 1985 cum
1563 1955 1699 1992 apparuit.

916 2011 983 2038 Nam
1005 2010 1039 2037 ab
1059 2012 1163 2036 mter-no
1180 2007 1289 2042 genitus
1303 2009 1355 2037 est,
1371 2008 1398 2032 et
1414 2011 1476 2031 cum
1494 2003 1606 2038 proprio
1619 2000 1702 2028 Patre

916 2056 1034 2085 exsistit.
1052 2055 1137 2083 Nemo
1148 2054 1200 2081 tria
1217 2060 1277 2080 esse
1297 2058 1412 2087 negans,
1426 2049 1557 2077 unitatem
1575 2055 1605 2076 se
1626 2047 1702 2074 inve-

917 2103 975 2129 nire
991 2108 1071 2136 posse
1086 2098 1223 2127 existimet
1239 2107 1246 2124 :
1260 2096 1308 2125 sed
1325 2097 1352 2123 iu
1374 2095 1507 2122 Trinitate
1522 2099 1608 2120 unum
1627 2090 1703 2125 cogi-

917 2153 965 2180 tet,
982 2155 1042 2175 cum
1057 2146 1119 2174 tidei
1134 2150 1279 2175 summam,
1292 2146 1348 2169 tam
1369 2141 1398 2168 in
1419 2140 1578 2175 baptismate
1593 2136 1700 2166 habeat,

917 2201 998 2229 quam
1014 2193 1041 2220 in
1054 2191 1143 2219 tribus
1157 2188 1305 2225 signaculis
1322 2186 1433 2219 sanctis,
1454 2193 1500 2220 per
1514 2191 1575 2220 qua:
1589 2183 1616 2209 in
1628 2181 1703 2209 salu-

884 2235 906 2262 Ῑ)
921 2227 973 2268 tem
998 2239 1174 2273 regeneratus
1200 2240 1261 2268 est,
1281 2239 1387 2261 memor
1409 2230 1533 2266 Apostoli
1553 2227 1670 2256 dicentis
1693 2234 1701 2252 :

922 2297 930 2313 ι
951 2286 1026 2314 Unus
1043 2284 1113 2313 Deus
1127 2283 1217 2316 Pater,
1232 2290 1266 2310 ex
1278 2288 1333 2316 quo
1348 2280 1439 2307 omnia
1455 2287 1462 2305 :
1480 2280 1506 2304 et
1521 2284 1593 2304 unus
1610 2273 1703 2301 Domi-

919 2341 971 2361 uus
985 2331 1065 2360 Jesus
1081 2329 1219 2361 Christus,
1244 2335 1292 2363 per
1308 2333 1389 2362 quem
1407 2324 1499 2351 omnia
1514 2322 1548 2350 ".
1572 2330 1582 2347 ι
1599 2319 1703 2347 Memor
1746 2330 1755 2338 ~

918 2379 955 2406 sit
962 2384 1070 2414 quoque
1077 2375 1167 2403 Patris
1176 2373 1292 2401 dicentis
1303 2382 1310 2400 :
1324 2381 1333 2397 ι
1345 2371 1384 2398 Ex
1396 2374 1475 2398 utero
1482 2372 1545 2396 ante
1558 2365 1703 2394 luciferum

917 2410 998 2462 genui
1025 2410 1051 2452 te
1071 2423 1114 2448 "z
1132 2431 1142 2448 ι
1166 2421 1230 2448 item
1251 2418 1314 2446 Filii
1336 2417 1384 2453 qui
1406 2419 1522 2443 testatur
1553 2420 1583 2440 se
1619 2410 1705 2438 fuisse

917 2456 981 2500 ante
998 2469 1130 2499 mundum
1145 2466 1216 2502 apud
1230 2465 1348 2496 Patrem,
1368 2462 1537 2499 gloriamque
1552 2456 1706 2486 divinitatis

1154 2548 1176 2564 "
1197 2547 1207 2573 Ι
1223 2546 1287 2574 Cor.
1304 2552 1372 2576 vui,
1388 2543 1416 2570 6.
1466 2542 1489 2558 "
1507 2539 1581 2569 Psal.
1597 2546 1642 2567 οιι
1655 2559 1662 2572 ,
1679 2539 1706 2566 5.

920 2629 994 2657 Felc.
1011 2635 1030 2659 ι,
1045 2626 1170 2661 Seguer.,
1186 2625 1234 2653 sed
1246 2623 1345 2651 desunt
1364 2622 1393 2649 in
1404 2619 1485 2648 editis
1505 2622 1531 2647 et
1546 2619 1574 2645 in
1589 2616 1704 2653 quibus-

919 2665 981 2692 dam
993 2661 1198 2696 manuscriptis.
1252 2693 1258 2696 _
1291 2691 1303 2696 _
1368 2691 1384 2696 ⁸
1418 2689 1431 2695 _

955 2698 1012 2734 (21)
1029 2691 1266 2734 Seguerianus,_:6
1279 2691 1444 2734 εἶναιπεξεοῦ.

956 2723 1012 2770 ἰξέἳ
1026 2723 1208 2770 δέεἜθείι-ρι
1217 2723 1331 2770 5253m-
1348 2723 1535 2770 E.d.“,‘:§fi‘:_

955 2757 1020 2804 (ᾗ)
1027 2757 1075 2804 Ἕν
1084 2757 1160 2804 deest
1171 2757 1200 2792 in
1213 2757 1304 2804 editis,
1320 2762 1368 2791 sed
1385 2761 1537 2804 habeturin
1548 2757 1702 2804 Dasilieusi.

920 2793 1113 2835 Mo‘rlBaisiL,
1123 2793 1326 2836 Seguerianus,_
1338 2795 1509 2836 μεμνημένος
1523 2793 1569 2821 τοῦ
1585 2793 1700 2829 κήρυκος

916 2831 968 2875 ,τῆς
980 2831 1106 2874 ἀληθείας
1123 2831 1282 2864 ’Δτῖοστόλου
1298 2831 1421 2868 λέγοντος
1439 2831 1514 2865 ἡμῖν.
