1898 3053
98 190 157 217 1ιὸ

703 188 843 216 CONTRA
866 186 1106 215 SABELLIANOS.

1671 185 1722 212 ιη

95 246 132 274 τὸ
151 246 223 281 ὓδωρ
237 247 272 281 τῇ
300 246 388 282 χειρὶ,
417 247 463 273 καὶ
486 246 535 282 τὴν
556 247 608 281 γῆν
633 248 722 274 πᾶσαν
747 247 836 282 δρακί.
852 243 886 280 ᾯ

939 253 1048 273 mensus
1062 249 1113 275 est,
1128 252 1158 271 ac
1172 249 1254 271 totam
1271 247 1371 270 terram
1388 242 1488 277 pugillo
1500 242 1532 268 ".
1547 241 1624 275 Quod
1639 241 1662 268 si
1676 249 1723 269 ea-

95 293 121 319 δ⁹
136 291 225 324 οὓτως
238 291 294 327 (50)
307 291 434 327 ἐλάχιστα
449 293 547 323 πάντα,
557 292 594 324 ὡς
605 293 622 328 ὴ
635 292 789 328 προφητικὴ
803 300 891 328 παρα-

96 338 169 374 ϐολὴ
185 338 304 373 μετρίως
316 338 496 369 ὑποδείκνυσι,
506 338 564 370 πῶς
575 339 608 366 ἂν
621 340 654 374 τῇ
669 339 754 374 μικρᾷ
769 338 816 365 καὶ
828 337 889 364 ἐλα-

95 377 183 420 χίᾶτῃ
207 384 293 411 κτίσει
318 385 596 420 συμπαρεκτείνεσθαι
615 385 730 418 δόξειεν;
761 385 798 412 Οὐ
820 393 890 421 συμ-

93 429 351 465 παρεκτεινὸμενος
368 431 423 461 τοῖς
444 431 510 456 πᾶσι
531 430 694 465 πεπλήρωκε
717 430 752 456 τὰ
777 430 890 457 πάνταὸ

92 473 184 505 Gelu;-
201 473 358 508 σωματικὸν
369 473 422 509 γὰρ
439 473 526 503 τοῦτο,
539 473 633 509 ὥσπερ
646 474 670 499 εί
684 473 729 499 τὸν
745 472 813 507 ἀέρα
824 473 889 508 φαίη

94 519 311 555 πεπληρωκέναι
329 529 372 551 τις
383 520 428 547 τὸν
443 520 543 555 μεταξὺ
563 521 614 555 γῆς
629 520 675 547 καὶ
685 519 799 555 οὐρανοῦ
809 527 816 534 ·
832 518 889 545 ἀλλ’

93 567 137 598 ὼς
156 567 270 601 δύναμις
287 567 394 602 συνέχει
412 567 446 593 τὰ
463 568 565 594 πάντα⁸
579 567 693 602 δύναμις
711 566 764 602 γὰρ
779 566 891 602 ἀσώμα-

95 621 160 644 τος,
177 612 303 648 ἀόρατος,
316 613 347 638 οὐ
361 612 507 644 κυκλοῦσα,
522 613 552 639 οὺ
568 612 748 647 κυκλουμένη.
773 612 809 638 Th
824 611 891 639 αὐτὸ

94 657 126 684 δὲ
139 658 189 684 καὶ
206 658 269 692 περὶ
283 657 339 692 (51)
353 657 400 684 τοῦ
418 657 493 689 Υἱοῦ,
512 659 558 684 καὶ
575 658 639 693 περὶ
655 658 701 684 τοῦ
717 658 794 691 ἁγίου
806 657 890 684 Πνεύ-

98 711 206 739 ματος·
225 703 269 730 διὰ
293 703 347 738 γὰρ
374 703 437 730 Υἱοῦ
453 704 499 730 καὶ
519 705 547 730 ὲν
565 704 702 740 Πνεύματι
723 704 759 730 τὰ
775 703 862 730 πάντα
875 704 890 730 ὁ

92 750 169 780 Θεὸς
190 750 237 776 καὶ
264 749 455 784 συνεστήσατο,
482 749 529 776 καὶ
557 749 676 784 συνέχων
704 749 887 783 διαφυλάττει.

102 794 218 826 ’Δσεδὲς
225 794 315 820 τοίνυν
330 794 377 820 καὶ
386 794 476 829 ζητεῖν
489 795 535 821 καὶ
551 795 651 821 ἐννοεῖν
662 794 692 820 τὸ
709 794 760 820 ποῦ
773 794 828 829 (δῖ)
841 803 890 820 πο-

94 841 127 867 τέ
146 841 222 867 ἐστιν
238 841 253 866 ὁ
266 840 342 872 Θεὸς,
362 840 378 875 ἢ
394 841 407 867 ό
427 840 512 874 Λόγος
525 841 585 866 τινα
599 840 680 866 τόπον
694 839 811 874 εἴληχεν,
828 839 844 875 ἢ
860 839 890 866 τὸ

95 885 215 921 Πνεῦμα
227 885 288 912 τινα
303 885 409 921 οἴκησιν
421 885 602 921 ἐκληρώσατο.
612 886 643 912 Εἰ
655 885 684 912 δὲ
696 885 740 912 διὰ
755 885 832 911 τοῦτο
843 885 888 911 τὸν

96 931 167 958 Υἱὸν
190 932 242 958 οὐκ
255 930 324 958 εἷναί
340 940 383 963 τις
398 931 458 958 οὐδὲ
472 931 649 966 γεγεννῆσθαι
668 931 724 967 (55)
744 931 827 964 λέγοι,
847 932 887 957 ὃτι

95 976 183 1008 τόπος
198 976 280 1002 αὐτοῦ
293 976 342 1011 τῆς
356 976 449 1007 οὐσίας
464 975 638 1011 ἀνεπινόητος
652 977 698 1002 καὶ
710 975 889 1011 ἀνεύρητος,ό

95 1021 223 1053 τοιοῦτος
244 1021 304 1048 οὐδὲ
319 1022 365 1048 τὸν
382 1021 491 1057 Πατέρα
507 1021 574 1057 φαίη
589 1019 659 1048 εἶναι
684 1021 819 1054 καθάπαξ,
835 1022 888 1048 οὐδ’

94 1066 236 1102 ὑπάρχειν
250 1067 315 1094 Θεόν
327 1076 332 1082 ·
349 1068 409 1094 ἐπεὶ
422 1067 488 1102 μηδὲ
496 1067 576 1099 τόπος
590 1076 632 1099 τις
643 1067 798 1104 εὑρίσκεται
809 1067 888 1094 Θεοῦ.

98 1122 110 1138 ί
124 1110 210 1139 Εἶπεν
232 1113 326 1148 ἄφρων
351 1113 380 1138 ὲν
402 1112 499 1148 καρδίᾳ
515 1112 611 1139 αὐτοῦ’
637 1113 693 1139 Οὐκ
715 1112 771 1139 ἔστι
788 1112 862 1144 Θεός.
876 1123 886 1139 ι

98 1159 238 1195 Ἀφρονες
251 1160 289 1191 ὼς
307 1159 415 1194 ἀληθῶς
432 1160 457 1185 ot
476 1159 600 1191 τοιοῦτοι,
625 1160 715 1191 κεναῖς
729 1159 889 1192 φαντασίαις

94 1205 215 1236 ἑαυτοὺς
239 1204 501 1240 παραλογιζόμενοι·
526 1204 630 1240 νηπίων
644 1205 691 1231 καὶ
717 1204 888 1232 παντάπασιν

94 1251 223 1286 ἀνοήτων
262 1249 296 1276 τὰ
331 1251 456 1286 ῥήματα,
488 1249 619 1285 ὀφθαλμῷ
644 1249 828 1285 λαμϐάνεσθαι
858 1251 889 1278 τὸ

95 1296 246 1331 ἀσώματον
267 1296 316 1323 καὶ
345 1296 420 1331 τόπῳ
441 1295 692 1332 περιλαμεὰνεσοαι
718 1296 773 1332 (54)
796 1296 889 1332 βουλοα

97 1342 201 1377 μένων.

129 1431 289 1468 11.Δῶμεν
319 1431 348 1458 δὲ
373 1432 464 1464 αὐτοῖς
484 1431 612 1468 βραχείας
626 1431 703 1464 τινὰς
726 1433 832 1464 εἰκόνας
854 1433 887 1460 ὲκ

95 1476 153 1504 τῶν
169 1477 352 1512 ἐνδεχομένων
378 1478 542 1513 ἀσωμάτων,
571 1478 650 1505 τινῶν
676 1479 886 1515 ἐπιμνησθέντες

96 1524 282 1560 πραγμάτων,
306 1523 323 1551 a
340 1523 372 1559 δὴ
386 1525 446 1551 καθ’
461 1525 534 1560 ἡμᾶς
547 1525 622 1556 ὄντα,
643 1525 690 1551 καὶ
702 1525 747 1552 ὲπὶ
765 1525 815 1560 τῆς
829 1525 886 1552 κτί-

941 291 1001 318 dem
1015 291 1120 317 ratione
1131 289 1243 316 minima
1255 293 1319 316 sunt
1331 289 1433 320 omnia,
1448 291 1478 314 ut
1490 287 1628 322 prophetat
1643 294 1723 322 para-

940 336 1002 363 bola
1022 336 1088 363 satis
1104 335 1217 367 indicat;
1234 334 1279 369 qui
1295 334 1417 365 modicis,
1436 341 1468 361 ac
1483 333 1600 360 minith
1614 336 1722 360 creatu-

941 388 1031 408 rarum
1047 380 1228 410 universitati,
1240 379 1324 406 Deum
1339 378 1490 406 commetiri
1503 382 1628 413 oportere
1644 381 1724 412 puta-

939 426 1034 453 bitur?
1050 426 1108 453 Non
1123 426 1195 453 enim
1212 433 1245 452 eo
1259 425 1329 452 Deus
1343 424 1434 452 omnia
1454 424 1585 459 implevit,
1601 424 1674 458 quod
1690 423 1723 450 ad

940 472 1060 499 omnium
1074 472 1161 507 spatia
1173 470 1344 501 extendatur,
1359 478 1422 497 nam
1438 469 1504 497 illud
1516 469 1623 504 corpori
1634 469 1723 497 solum

940 519 1069 554 competit
1088 528 1094 546 :
1112 522 1142 544 ut
1159 518 1181 545 si
1197 517 1258 552 quis
1284 524 1384 548 aerem,
1405 516 1520 551 exempli
1541 522 1638 547 causa,
1652 515 1723 542 dicat

940 567 1025 591 totum
1040 563 1150 598 implere
1163 563 1291 597 spatium,
1301 562 1373 596 quod
1386 561 1484 589 emlum
1497 562 1567 588 inter
1579 564 1608 588 et
1626 565 1723 588 terram

940 608 1101 641 intercedit;
1119 607 1165 636 sed
1187 607 1265 642 quasi
1279 607 1319 634 vis
1331 606 1454 641 quaedam
1474 606 1564 633 omnia
1578 605 1700 632 continet
1716 614 1722 632 :

939 655 981 682 vis
996 655 1068 681 enim
1083 655 1255 688 incorporea,
1269 653 1416 680 invisibilis
1430 656 1482 685 est,
1493 660 1548 679 non
1562 651 1724 683 circumdat,

939 709 990 728 nec
1001 700 1200 728 circumdatur.
1218 699 1338 735 ldipsum
1356 703 1447 727 autem
1464 703 1491 726 et
1504 698 1538 727 de
1554 697 1634 730 Filio,
1649 702 1677 726 et
1691 697 1726 724 de

940 746 1044 782 Spiritu
1059 752 1155 775 sancto
1176 747 1321 774 dicendum
1336 755 1344 773 :
1360 753 1408 781 per
1422 745 1519 772 Filium
1539 745 1622 776 enim,
1646 748 1673 771 et
1695 744 1722 771 iu

940 791 1041 827 Spiritu
1057 796 1162 824 sancto,
1177 791 1248 819 Deus
1256 791 1347 819 omnia
1360 795 1386 818 et
1398 790 1531 822 condidit,
1541 794 1568 818 et
1579 789 1724 818 continens

939 844 1090 866 conservat.
1101 838 1215 872 lmpium
1228 838 1312 873 igitur
1319 845 1451 874 quaerere,
1467 841 1514 864 aut
1525 837 1654 872 cogitare,
1664 835 1724 863 ubi-

939 892 1000 912 nam
1009 884 1080 912 Deus
1087 884 1122 911 sit
1130 893 1137 912 :
1145 888 1192 910 aut
1203 891 1347 919 quemnam
1357 884 1446 911 locum
1457 881 1704 910 obtineatVerbum
1715 891 1721 908 :

940 935 987 957 aut
997 938 1078 965 quam
1090 930 1283 957 habitationem
1298 929 1416 964 Spiritus
1429 931 1540 957 sanctus
1549 928 1662 956 sortitus
1677 927 1722 955 sit.

938 975 1017 1009 Quod
1040 976 1064 1003 si
1081 976 1142 1011 quis
1166 975 1227 1003 ideo
1247 974 1344 1002 Filium
1369 983 1419 1002 nec
1435 983 1506 1008 esse,
1528 982 1580 1002 nec
1598 975 1724 1010 genitum

939 1022 1023 1049 fuisse
1038 1021 1160 1053 allirmet,
1180 1020 1251 1056 quod
1269 1020 1345 1048 locus
1359 1027 1408 1055 pro
1421 1020 1481 1055 ejus
1497 1020 1651 1048 substantia
1673 1027 1725 1047 nec

937 1067 1097 1103 excogitari,
1114 1075 1164 1095 nec
1182 1067 1299 1094 inveniri
1314 1067 1417 1101 possit,
1435 1066 1460 1094 is
1478 1074 1529 1094 nec
1541 1065 1648 1093 Patrem
1663 1066 1725 1100 qui-

938 1113 999 1141 dem
1013 1121 1132 1148 unquam
1142 1113 1291 1145 exstitisse,
1303 1119 1353 1140 nec
1363 1113 1450 1147 ipsum
1463 1112 1547 1139 Deum
1561 1119 1633 1145 esse,
1647 1111 1723 1139 dixe-

939 1161 993 1186 rit:
1007 1159 1226 1194 quandoquidem
1244 1167 1294 1187 nec
1310 1159 1455 1194 quisquam
1470 1158 1547 1186 locus
1569 1157 1616 1185 Dei
1633 1165 1720 1192 capax

938 1205 1086 1232 invenitur.
1107 1213 1116 1230 ι
1139 1204 1211 1232 Dixit
1228 1205 1360 1240 insipiens
1379 1205 1408 1232 in
1427 1204 1510 1232 corde
1531 1212 1594 1237 suo,
1609 1203 1668 1231 Non
1681 1207 1724 1231 est

937 1251 1056 1280 Deus“.
1077 1261 1087 1278 ι
1104 1251 1267 1287 lnsipientes
1294 1259 1389 1279 revera
1415 1251 1456 1279 illi
1482 1256 1557 1283 sunt,
1573 1251 1620 1286 qui
1645 1251 1724 1278 vanis

937 1298 1099 1325 commentis
1113 1305 1172 1326 sese
1183 1298 1321 1333 decipiunt
1334 1307 1341 1325 :
1353 1297 1444 1325 stolidi
1458 1298 1490 1325 ab
1504 1305 1619 1333 prorsus
1633 1297 1724 1325 insani

938 1346 1013 1375 sunt.
1036 1343 1082 1378 qui
1098 1344 1289 1378 incorporeum
1309 1343 1390 1370 oculo
1405 1344 1519 1379 percipi,
1541 1350 1573 1370 ac
1588 1343 1649 1371 loco
1667 1343 1723 1370 cir—

937 1389 1085 1416 eumscribi
1101 1389 1205 1417 volunt.

974 1435 1017 1463 ll.
1039 1435 1139 1464 Demus
1160 1436 1243 1470 igitur
1259 1435 1314 1463 illis
1328 1435 1441 1470 pusillas
1454 1435 1558 1470 aliquot
1580 1435 1723 1470 imagines,

937 1481 1154 1516 exineorporeis
1171 1489 1242 1516 saepe
1253 1482 1472 1514 occurrentibus,
1495 1488 1527 1508 ac
1550 1481 1584 1509 de
1607 1481 1722 1516 quibus-

937 1527 998 1554 dam
1013 1527 1176 1555 mentionem
1191 1527 1332 1559 faciamus,
1343 1535 1404 1563 quae
1417 1527 1488 1562 apud
1499 1534 1549 1554 nos
1560 1527 1722 1559 habeantur,

97 1578 170 1601 σεως
187 1569 323 1604 φαίνεται,
341 1571 368 1596 εί
381 1579 439 1603 πως
453 1571 588 1607 δυνηθεῖεν
604 1571 648 1598 διὰ
663 1571 764 1598 τούτων
776 1571 886 1599 ἀναϐαί-

939 1572 1001 1605 etin
1010 1579 1101 1599 rerum
1116 1575 1214 1599 natura
1227 1576 1402 1607 compareant
1415 1582 1422 1600 :
1434 1572 1457 1600 si
1470 1579 1526 1607 quo
1533 1571 1612 1600 modo
1626 1579 1721 1600 earum

95 1625 191 1648 νοντες
217 1617 342 1652 ἐννοῆσαί
360 1626 416 1649 πως
439 1618 470 1644 τὸ
486 1617 629 1654 ἀσώματον
645 1618 690 1644 τοῦ
707 1618 822 1654 Πατρὸς,
840 1619 888 1646 καὶ¹

94 1662 146 1690 τοῦ
163 1662 239 1694 Υίοῦ,
249 1663 297 1689 καὶ
310 1662 357 1689 τοῦ
367 1663 444 1697 ἁγίου
460 1663 617 1698 Πνεύματος
627 1672 634 1678 ·
648 1663 694 1690 καὶ
708 1663 805 1699 μηκέτι
821 1673 887 1699 φαν-

94 1708 230 1741 τάξεσθαι
244 1708 343 1740 τόπους
354 1709 454 1740 αὐτῶν,
465 1709 532 1745 μηδὲ
547 1709 661 1741 τοπικὰς
679 1709 824 1746 διαιρέσεις
836 1710 888 1746 τῆς

95 1753 215 1789 Τριάδος
231 1753 284 1788 (55)
302 1754 429 1780 ἐπινοεῖν.
463 1753 618 1789 ’Δσώματος
633 1754 680 1780 καὶ
703 1755 887 1790 πνευματικὸς

95 1799 134 1825 ὢν
150 1800 165 1825 ὸ
185 1799 282 1834 νόμος,
301 1799 373 1826 ἔστιν
390 1800 418 1826 ὲν
433 1800 465 1835 τῇ
483 1799 531 1826 τοῦ
558 1799 730 1835 νομομαθοῦς
746 1801 800 1836 (56)
829 1802 888 1829 δια-

95 1844 159 1879 νοίᾳ
169 1853 175 1859 ·
191 1845 220 1871 ὲν
235 1846 269 1880 τῇ
286 1845 355 1881 αὐτῇ
371 1845 399 1872 δὲ
409 1845 456 1872 καὶ
468 1844 494 1871 οἱ
509 1845 657 1881 προφῆται,
672 1846 826 1881 Εὑαγγέλια
839 1847 888 1875 καῖΙ

95 1890 259 1917 ἀπόστολοι·
278 1890 326 1918 καὶ
351 1891 458 1927 εἴρηται
475 1891 604 1928 περὶτῶν
624 1891 744 1927 νομικῶν
761 1893 807 1919 καὶ
820 1902 888 1929 προ-

96 1935 222 1972 φητικῶν
245 1936 331 1971 λόγων
363 1946 372 1964 ι
387 1938 497 1973 Ἔχουσι
509 1937 627 1964 Μωῦσέα
641 1938 689 1965 καὶ
706 1939 770 1970 τοὺς
780 1940 886 1975 προφή-

95 1990 164 2014 τας·
178 1992 188 2008 ι
213 1983 261 2009 καὶ
276 1984 290 2009 6
304 1983 399 2019 Σωτὴρ
424 1983 469 2010 τὸν
486 1983 581 2019 ἔχοντα
608 1983 711 2011 παλαιὰ
738 1984 786 2011 καὶ
806 1986 886 2013 καινὰ

98 2028 212 2064 ῥήματα
227 2028 273 2055 ἐπὶ
291 2028 342 2064 τῆς
358 2028 453 2056 ἑαυτοῦ
468 2029 586 2061 διανοίας
603 2029 719 2056 ἐοικέναι
741 2031 822 2064 φησὶν
840 2031 886 2058 ἀν-

97 2073 202 2110 θρώπῳ
216 2074 399 2110 οἰκοδεσπότῃ,
414 2075 487 2106 ὅστις
500 2075 632 2111 προφέρει
644 2076 677 2102 ὲκ
687 2075 733 2102 τοῦ
749 2075 885 2112 θησαυροῦ

97 2119 181 2146 αὐτοῦ
194 2119 276 2146 καινὰ
286 2120 334 2146 καὶ
344 2119 454 2148 παλαιά.
470 2120 591 2156 Ἐδέχετο
605 2120 633 2147 δὲ
648 2122 661 2147 ὸ
670 2121 809 2153 Μωῠσέως
823 2121 885 2154 νοῦς

100 2165 196 2200 σοφίαν
209 2174 240 2192 τε
258 2167 348 2192 πᾶσαν
363 2165 561 2201 Αἰγυπτιακὴν,
584 2166 632 2192 καὶ
648 2165 697 2202 τὴν
713 2166 746 2193 ὲκ
757 2166 804 2193 τοῦ
816 2166 884 2194 Θεοῦ

98 2211 221 2238 δοθεῖσαν
233 2212 319 2247 αὐτῷ.
336 2213 391 2239 Καὶ
405 2212 513 2248 Δανιὴλ,
527 2212 634 2240 σύνεσιν
646 2213 735 2239 πᾶσαν
753 2213 802 2248 τὴν
813 2213 885 2240 Χαλ-

938 1623 1020 1652 opera
1032 1616 1143 1650 emersi,
1159 1616 1349 1652 incorporeum
1364 1625 1426 1644 esse
1439 1616 1558 1650 Patrem,
1569 1620 1596 1644 et
1611 1616 1721 1648 Filium,

936 1665 965 1690 et
981 1661 1111 1697 Spiritum
1124 1666 1259 1694 sanet-im,
1275 1662 1426 1698 intelligere
1441 1663 1548 1690 valeant
1563 1670 1572 1695 ;
1585 1670 1634 1689 nec
1651 1663 1722 1691 ultra

937 1714 1031 1736 eorum
1046 1706 1105 1734 loca
1122 1707 1378 1740 ecmminiscantur,
1395 1708 1437 1735 vel
1459 1708 1559 1736 locales
1574 1707 1721 1735 divisiones

937 1753 965 1781 in
978 1751 1112 1782 'l‘rinitate
1131 1752 1297 1787 excogitent.
1319 1751 1502 1787 lncorporalis
1523 1757 1549 1780 et
1571 1753 1722 1789 Spiritualis

937 1805 999 1826 cum
1019 1800 1055 1827 sit
1070 1799 1125 1831 lex.
1142 1800 1170 1826 in
1185 1798 1252 1833 legis
1263 1798 1344 1833 periti
1356 1803 1446 1826 mente
1460 1797 1568 1826 exsistit
1583 1808 1590 1826 :
1607 1799 1645 1826 ibi
1657 1806 1722 1834 quo-

937 1852 990 1880 que
1011 1850 1075 1873 sunt
1092 1845 1240 1880 propheta,
1255 1843 1400 1880 Evangelia
1415 1847 1441 1872 et
1456 1844 1572 1879 apostoli
1590 1854 1598 1872 :
1615 1844 1719 1872 dictum

936 1891 1089 1927 quippe'est
1102 1891 1136 1920 de
1147 1891 1278 1927 legalibus
1295 1894 1322 1918 et
1336 1891 1503 1926 praplietieis
1514 1891 1623 1920 verbis:
1637 1901 1646 1918 ι
1665 1891 1721 1919 Ha-

936 1937 1001 1965 bent
1021 1936 1132 1973 Moyscn
1155 1941 1182 1965 et
1209 1937 1358 1972 prophetas
1373 1937 1404 1963 ".
1425 1947 1435 1964 ›
1462 1936 1495 1964 Et
1519 1937 1644 1965 Salvator
1657 1945 1721 1966 eum

936 1983 982 2018 qui
997 1990 1067 2010 nova
1082 1986 1109 2010 et
1134 1988 1226 2011 vetera
1250 1983 1331 2011 verba
1355 1983 1383 2011 in
1410 1987 1501 2011 mente
1520 1990 1570 2011 sua
1587 1984 1720 2016 continet,

936 2029 1054 2057 similem
1095 2028 1162 2056 dicit
1202 2029 1306 2056 homini
1339 2029 1541 2065 patrifamilias-
1570 2030 1617 2066 qui
1656 2038 1721 2066 pro-
1765 2027 1766 2031 “

935 2073 989 2102 fert
1013 2074 1047 2102 de
1071 2075 1202 2102 thesauro
1229 2082 1298 2107 suo,
1321 2083 1391 2103 nova
1415 2079 1443 2104 et
1463 2079 1566 2104 vetera.
1595 2075 1721 2111 Suscepit

935 2128 1045 2156 quoque
1069 2120 1170 2157 Moysis
1196 2121 1362 2156 intellectus,
1387 2130 1449 2150 cum
1476 2122 1637 2157 sapientiam
1661 2130 1721 2151 om-

935 2174 998 2195 nem
1032 2166 1242 2202 Egyptiacam,
1274 2171 1332 2195 tum
1365 2175 1426 2196 eam
1455 2175 1516 2204 qua:
1544 2168 1596 2197 sibi
1621 2175 1638 2196 a
1664 2167 1720 2196 Deo

936 2213 999 2240 data
1015 2213 1113 2242 fuerat.
1130 2213 1162 2240 Et
1178 2213 1272 2242 Daniel
1290 2219 1416 2250 suscepta
1441 2215 1515 2242 omni
1531 2214 1719 2243 Chaldmorum

99 2257 178 2285 δαίων
199 2258 396 2294 ὑποδεξάμενος
408 2259 474 2294 (57),
488 2258 583 2294 ἐχώρει
598 2259 646 2286 καὶ
660 2259 695 2286 τὰ
713 2259 822 2286 ποικίλα
835 2260 884 2295 τῆς

939 2259 1070 2294 sapientia
1083 2280 1090 2291 ,
1104 2260 1179 2287 varia
1194 2264 1286 2288 tamen
1301 2261 1399 2289 divina:
1414 2261 1554 2297 sapientiae
1565 2269 1644 2290 sensa
1657 2268 1720 2296 per-

100 2303 174 2336 Θείας
185 2303 282 2338 σοφίας
298 2305 430 2340 νοήματα,
447 2305 515 2340 ὅπερ
533 2305 659 2340 σημαίνει
674 2305 709 2332 δι’
730 2304 857 2341 Ἰεζεχιὴλ
869 2306 884 2332 ὸ

101 2348 164 2381 Θεός
173 2358 179 2363 ·
193 2358 203 2374 ι
213 2350 258 2385 Μὴ
268 2349 300 2376 σὺ
312 2349 464 2386 σοφώτερος
475 2348 500 2376 εἱ
512 2350 560 2376 τοῦ
572 2350 689 2385 Δανιήλ;
706 2351 760 2377 πᾶν
770 2350 884 2386 κρύφιον

101 2395 146 2430 οὐχ
165 2396 310 2431 ὖπεδείχθη
338 2404 388 2422 σοι.
409 2406 417 2422 ι
439 2396 635 2432 Ἀναρίθμητος
656 2396 684 2422 δὲ
700 2397 717 2431 ὴ
737 2397 784 2423 τοῦ
803 2397 883 2423 Σολο-

102 2440 187 2475 μῶνος
196 2441 252 2477 (58)
265 2441 405 2478 φρόνησις,
416 2443 464 2469 καὶ
477 2442 508 2469 τὸ
520 2441 595 2478 χύμα
602 2442 652 2477 τῆς
663 2442 775 2478 καρδίας
788 2442 888 2474 αὐτοῦ,

136 2500 156 2516 ¹¹
175 2500 230 2528 lsa.
247 2509 296 2530 ιι..
315 2501 358 2530 12.
396 2502 420 2518 ⁶¹
438 2501 513 2530 Psal.
529 2510 600 2535 ml,
613 2502 639 2530 l.
661 2502 684 2518 “
703 2501 769 2530 Luc.
787 2511 850 2546 avt,
867 2503 913 2531 29.

134 2556 190 2592 (30)
204 2556 267 2592 Seg.
282 2557 368 2590 solus,
378 2558 445 2585 Εἰδὲ
455 2558 550 2590 οὕτως.
563 2558 633 2591 Mox,
643 2557 763 2592 Gobler.,
776 2558 849 2586 Felc.
863 2568 883 2592 ι,

102 2590 162 2626 Seg.
181 2590 213 2630 ιιι
238 2590 265 2619 in
286 2596 371 2630 textu.
384 2594 458 2630 isditi
476 2598 503 2630 et
520 2594 630 2628 quidam
644 2602 712 2630 mss.
728 2590 765 2626 ὡς
784 2595 800 2630 ἡ
818 2590 884 2629 προέ

101 2627 202 2663 9ητικὴ
227 2627 398 2665 παραδολικὴ
424 2627 541 2665 μετρίως
566 2628 769 2664 παραδείκνυσι,
793 2627 884 2658 minus

101 2668 190 2732 mitia?)
212 2697 281 2733 Περί
301 2697 378 2726 deest
405 2698 433 2725 in
449 2699 551 2732 editis;
567 2706 600 2726 ex
621 2697 734 2734 Seguer.
765 2700 886 2728 restitui.

100 2739 188 2802 “iis,
206 2767 253 2795 Sic
276 2767 399 2804 Seguer.,
412 2768 491 2796 Gobl.
509 2768 582 2797 Felc.
597 2777 621 2802 ις
639 2769 666 2796 in
682 2769 770 2803 editis,
789 2770 881 2803 τόπου,

101 2810 401 2874 μίὲἓῖἢὲέὲυοήδῃιη,
413 2839 582 2874 γεγενῆσθαι.

133 2873 187 2911 tot)
208 2872 463 2911 Hepzlapﬁdvsagat
474 2872 579 2911 deerat
593 2875 619 2901 in
645 2875 725 2901 editis
739 2882 764 2903 et
779 2875 804 2902 in
821 2875 881 2911 qui-

102 2907 213 2935 busdam
227 2915 310 2941 mss,
324 2907 372 2936 sed
380 2915 412 2936 ex
421 2907 502 2937 Basil.
517 2909 671 2937 restitutum
687 2914 739 2937 est.

935 2305 1062 2340 cipiebat,
1079 2310 1109 2333 ut
1125 2314 1173 2341 per
1186 2306 1354 2334 Ezechielem
1373 2307 1474 2335 indicat
1489 2307 1560 2335 Deus
1585 2316 1592 2334 :
1616 2316 1626 2333 ι
1643 2305 1719 2334 Nun-

934 2351 999 2386 quid
1022 2351 1075 2386 35
1092 2353 1240 2387 sapientior
1252 2360 1283 2381 es
1295 2357 1323 2380 tu
1340 2353 1467 2381 Daniele?
1483 2361 1563 2380 omne
1584 2357 1718 2381 secretum

934 2405 989 2424 non
1002 2401 1141 2425 ostensum
1161 2403 1203 2426 est
1226 2398 1275 2426 tibi
1288 2399 1321 2427 ⁸⁸.
1352 2409 1362 2426 ι
1379 2398 1587 2426 innumerabilis
1611 2405 1720 2433 quoque

935 2443 987 2471 fuit
999 2443 1154 2473 Salomonis
1173 2445 1323 2480 sapientis,
1348 2449 1375 2472 et
1402 2444 1516 2472 latitudo
1541 2443 1632 2472 cordis
1658 2443 1720 2479 ejus

964 2504 987 2520 “
1006 2504 1105 2533 Ezech.
1122 2513 1224 2540 xxvnt,
1241 2505 1268 2533 5.

971 2559 1108 2603 (Ξόχξεε.
1135 2561 1221 2595 solus,
1244 2560 1295 2596 τῆς
1309 2560 1432 2597 Τριάδος,
1456 2559 1501 2587 alii
1525 2567 1590 2588 vero
1610 2567 1719 2592 omnes,

934 2596 1127 2669 τῇᾶἕίῗίίὶιί,
1146 2631 1196 2668 τῆς
1215 2630 1395 2667 νομομαθοῦς,
1409 2629 1549 2658 mendose.
1567 2629 1641 2666 Seg.,
1661 2631 1719 2661 τοῦ,

933 2671 1026 2737 refigi)
1042 2701 1205 2737 lnieditione
1216 2700 1347 2737 Commel.
1363 2700 1449 2737 deest,
1461 2699 1668 2737 ρπορεξᾴμενος.
1689 2700 1717 2726 In

934 2734 1054 2764 editione
1069 2736 1158 2764 Paris.
1176 2736 1236 2770 ejus
1252 2736 1312 2762 loco
1334 2736 1431 2770 legitur
1454 2734 1663 2770 ἀποδεξάμενος.
1682 2736 1715 2761 At

935 2778 1030 2798 omnes
1044 2779 1109 2798 mss.
1125 2770 1321 2806 ὑποδεξάμενος
1333 2771 1441 2798 habent.

971 2806 1027 2842 (58)
1054 2807 1082 2842 ln
1105 2806 1197 2842 editis_
1206 2803 1420 2842 et'quibusdaut
1437 2813 1516 2837 mss.,
1532 2804 1643 2842 καὶ-τοῦ
1654 2803 1714 2830 Σολ.

936 2839 1031 2873 Basili,
1048 2841 1169 2872 Gobler.,
1181 2839 1307 2875 δίιμεν..
1316 2842 1332 2876 ή
1342 2840 1388 2868 τοῦ
1405 2841 1476 2876 Σολ.,
1492 2845 1573 2868 recte.
1584 2839 1644 2867 Mox
1656 2843 1718 2874 post

934 2877 1035 2912 ἄμμος,
1052 2877 1164 2913 Seguer.
1182 2876 1255 2903 addit
1272 2876 1366 2911 φησίν.
