1898 3053
191 177 244 204 "5

754 175 782 203 S.
803 173 1032 203 ATHANASIUS.
1052 188 1087 194 —
1105 172 1218 201 DUBIA.

1765 178 1817 206 ιιι

191 233 264 262 sicut
278 241 372 266 arena,
381 241 442 269 qua:
452 237 495 262 est
510 233 589 269 juxta
603 241 680 262 mare
688 234 722 262 ".
738 233 807 262 Dum
820 234 890 262 hanc
897 234 974 270 igitur

1035 231 1068 264 ὥς
1093 231 1194 268 ἄμμος,
1211 231 1229 268 ἡ
1244 231 1318 267 παρὰ
1341 232 1391 267 τὴν
1411 232 1558 261 θαλασσαιη
1583 234 1621 261 Τὸ
1640 234 1668 262 δὲ
1691 235 1819 264 τοσοῦτον

190 284 296 308 tantam
319 280 516 315 sapientiarum
541 279 744 308 multitudinem
769 281 798 308 in
814 289 868 308 una
888 285 978 308 mente

190 326 375 362 conspiciunt,
391 326 419 354 in
436 327 497 354 loco
515 330 608 354 tamen
628 326 692 354 illas
708 333 764 354 non
779 334 840 355 esse
856 326 979 354 animad-

189 375 307 399 vertant.
325 370 392 404 Quis
418 371 492 399 enim
513 372 595 399 homo
611 376 695 399 tantae
713 371 909 407 magnitudinis
922 371 979 399 fue-

187 418 234 450 rit,
246 421 276 444 ut
289 417 326 445 sit
342 417 458 446 idoneus
467 417 501 445 ad
515 421 556 445 tot
572 418 722 453 sapientias
737 417 913 453 excipiendas
925 437 933 449 ,
955 417 978 444 si

188 463 284 492 divisis
313 463 342 491 in
372 464 441 492 locis
470 464 591 499 singulas
615 465 817 499 speculatioues
834 464 980 492 habuerit?

187 508 256 536 Cum
273 509 355 545 igitur
378 510 531 545 spiritualia
542 517 605 544 quae
615 509 659 537 hic
679 513 754 541 sunt,
771 509 887 544 plurima
914 509 979 536 licet

188 555 263 588 sint,
291 555 416 591 plurimis
434 561 526 583 tamen
547 555 614 583 locis
640 563 694 583 non
711 555 861 591 indigeant,
887 555 935 583 sed
950 556 978 583 in

188 610 246 630 uno
258 603 408 638 eodemque
423 603 560 630 intellectu
575 607 733 636 versentur;
750 603 933 638 intelligamus
946 609 978 629 ea

189 656 250 683 quae
266 656 349 684 supra
365 656 427 680 nos,
444 655 477 675 ae
498 647 647 676 secundum
665 655 695 675 se
709 647 874 683 incorporea
895 650 977 680 sunt,

189 695 297 723 Patrem
314 702 420 730 nempe,
441 693 551 726 Filium,
570 699 596 722 et
614 693 747 730 Spiritum
762 699 887 722 sanctum
899 713 906 727 ,
926 701 978 721 nec

189 740 259 768 locis
282 740 412 775 indigere,
438 747 488 768 nec
505 740 573 768 locis
603 740 742 775 separari;
761 748 811 768 nec
824 740 886 775 quis
917 739 978 767 ideo

189 787 297 822 opinari
315 786 414 814 audeat
427 785 546 818 Patrem,
563 790 609 813 aut
631 785 746 818 Filium,
772 790 820 814 aut
845 785 977 821 Spiritum

190 836 316 860 sanctum
330 839 385 859 non
403 831 544 863 exsistere,
560 830 633 866 quod
648 831 763 867 singulis
779 831 855 858 locus
869 830 976 859 deliniri

189 882 218 906 et
231 877 330 909 ascribi
342 881 468 913 nequeat.
494 877 546 905 Sed
562 876 642 906 Pater
651 877 760 913 quidem
771 876 817 913 qui
828 876 977 912 perfectam

1032 277 1134 312 πλῆθος
1143 277 1199 304 τῶν
1214 277 1313 312 σοφιῶν
1329 277 1384 313 (39)
1399 279 1462 314 περὶ
1479 279 1543 315 μίαν
1558 280 1674 316 ὁρῶντες
1689 281 1817 315 διάνοιαν,

1031 322 1251 358 ὲνθυμείσθωσαν
1263 322 1346 355 αὐτὰς
1359 323 1409 350 οὐκ
1424 323 1505 356 οὔσας
1517 325 1546 352 ὲν
1556 325 1640 361 τόπῳ.
1658 327 1743 359 Πόσος
1764 328 1820 364 γὰρ

1030 369 1064 396 ἂν
1089 369 1127 404 τῷ
1143 369 1251 405 μεγέθει
1277 369 1420 405 γενόμενος
1444 370 1597 406 ἄνθρωπος,
1610 372 1820 408 ὲξήρκεσενέἱς

1030 416 1079 452 τὴν
1093 415 1228 442 τοσούτων
1242 415 1387 451 ὑποδοχὴν,
1400 416 1424 442 εἰ
1439 416 1530 448 τόποις
1539 418 1749 453 μεμερισμένοις
1764 419 1820 446 τῶν

1031 461 1215 497 θεωρημάτων
1237 462 1340 488 ἕκαστα
1367 459 1455 497 εἴχεν;
1480 463 1564 490 Ὅταν
1585 462 1631 490 οὖν
1648 464 1683 491 τὰ
1701 464 1819 492 ἐνταῦθα

1029 509 1202 545 πνευματικὰ
1218 509 1255 545 μὴ
1263 509 1354 545 δέηται
1367 509 1497 537 πλειόνων
1511 511 1601 538 τόπων
1616 511 1726 538 πλείονα
1743 512 1817 546 ὅντα,

1029 555 1097 582 ἀλλὰ
1110 555 1173 591 περὶ
1184 555 1229 581 τὸν
1246 555 1293 582 ἕνα
1309 556 1356 582 καὶ
1369 555 1414 582 τὸν
1429 556 1509 583 αὐτὸν
1520 557 1668 594 στρέφηται
1677 558 1731 593 (40)
1743 558 1817 590 νοῦν,

1029 600 1200 635 ἐννοήσωμεν
1216 600 1263 627 καὶ
1276 601 1310 627 τὰ
1326 601 1394 638 ὑπὲρ
1410 602 1494 637 ἡμᾶς,
1511 602 1559 628 καὶ
1576 603 1636 630 καθ’
1653 603 1739 631 ἑαυτὰ
1753 604 1820 631 ὄντα

1028 645 1171 681 ἀσώματα,
1196 646 1242 673 τὸν
1253 647 1360 682 Πατέρα
1384 648 1431 675 καὶ
1453 647 1498 674 τὸν
1515 644 1638 676 Υἱὺννκαὶ
1659 649 1689 676 τὸ
1706 649 1818 685 Πνεῦμα

1030 691 1067 727 μὴ
1080 691 1170 718 τόπων
1198 691 1312 727 δεόμενα
1324 713 1331 725 ,
1354 693 1421 729 μηδὲ
1439 693 1531 726 τόποις
1551 694 1726 730 διαιρούμενα
1738 703 1746 711 “
1770 696 1818 722 καὶ

1030 737 1066 772 μὴ
1083 737 1129 764 διὰ
1142 736 1221 764 τοῦτο
1236 739 1408 774 ἀνύπαρκτον
1424 739 1440 774 ἢ
1462 740 1507 766 τὸν
1534 740 1642 776 Πατέρα
1659 749 1711 772 τις,
1734 741 1751 776 ἢ
1770 741 1817 768 τὸν

1028 782 1101 814 Υἱὸν,
1117 782 1133 818 ἢ
1149 783 1180 809 τὸ
1195 783 1307 818 Πνεῦμα
1328 784 1359 810 τὸ
1375 784 1450 818 ἅγιον
1478 785 1651 812 ὑποτίθεσθαι
1672 785 1815 820 τολμάτω·

1027 829 1068 855 ὅτι
1086 829 1153 864 μηδὲ
1161 828 1218 856 ἔστι
1228 829 1309 856 τόπον
1318 830 1456 864 ἀφορίζειν
1464 830 1511 857 καὶ
1521 832 1685 867 κατανέμειν
1697 832 1814 868 ἑκάστῳι

1035 874 1103 901 Ἀλλ’
1127 875 1185 902 ἐστι
1209 875 1258 910 μὲν
1280 876 1294 902 ό
1317 876 1412 911 Πατὴρ
1431 876 1532 903 τέλειον
1556 877 1624 912 ἔχων
1643 877 1673 903 τὸ
1686 875 1753 904 εἶναι
1768 878 1818 905 καὶ

189 925 339 953 essentiam
358 924 486 960 omnique
502 923 609 952 defectu
621 927 760 952 carentem
773 923 873 956 habet,
898 923 974 950 radix

1035 921 1177 953 ίνελλιπὲς,
1191 922 1253 956 ῥίζα
1270 921 1316 948 καὶ
1330 922 1404 956 πηγὴ
1419 921 1467 949 τοῦ
1480 921 1544 949 Υίοῦ
1560 923 1606 949 καὶ
1622 923 1668 949 τοῦ
1689 924 1816 959 Πνεῦμα-

190 975 218 998 et
234 970 296 999 fons
309 975 352 998 est
365 969 427 997 Filii
448 978 481 997 ac
495 969 614 1005 Spiritus
628 969 716 998 sancti
731 979 738 997 :
759 973 802 997 est
816 973 906 997 autem
931 967 977 996 Fi-

189 1017 244 1045 lius
259 1017 287 1044 in
310 1017 390 1052 plena
413 1016 563 1049 divinitate,
580 1016 699 1044 Verbum
713 1016 820 1048 vivens,
835 1022 868 1043 ac
886 1014 977 1050 proles

189 1061 279 1091 Patris
298 1071 358 1098 qua:
375 1063 449 1090 nullo
468 1062 579 1098 indiget.
595 1061 696 1090 Plenus
709 1069 817 1097 quoque
832 1065 874 1089 est
889 1061 977 1096 Spiri-

189 1112 236 1136 tus
252 1113 363 1137 sanctus
377 1108 456 1143 Filio,
480 1117 536 1136 non
555 1116 619 1144 pars
636 1108 760 1139 alterius,
779 1107 826 1135 sed
841 1108 868 1134 in
886 1107 977 1142 seipso

189 1154 305 1190 integer.
328 1154 417 1189 Atque
439 1155 477 1181 ita
496 1153 634 1186 Trinitas,
659 1161 720 1189 quae
735 1161 828 1181 revera
852 1152 975 1186 exsistit,

189 1200 335 1235 conjuncta
347 1204 388 1227 est
399 1200 501 1235 absque
522 1200 577 1227 ulla
594 1199 805 1234 intercapedine.
820 1199 892 1226 Nihil
903 1200 976 1227 enim

188 1250 232 1275 est
247 1246 320 1281 quod
331 1246 512 1278 disterminet,
528 1253 583 1273 una
599 1246 681 1274 simul
691 1246 798 1274 exsistit
811 1246 845 1273 ab
856 1249 974 1278 aztemo;

188 1293 295 1321 nullum
309 1292 380 1320 enim
389 1290 476 1320 azvhm
487 1292 640 1320 intercedit.
656 1291 781 1319 Formam
791 1295 880 1320 autem
894 1299 975 1319 unam

188 1339 367 1374 eamdemque
380 1338 439 1374 ipsa
451 1337 571 1374 praefert,
588 1345 650 1365 eum
666 1336 748 1364 Pater
761 1337 870 1372 quidem
888 1337 916 1364 in
929 1336 976 1364 Fi-

188 1385 228 1413 lio
241 1385 443 1420 conspiciatur,
469 1383 554 1412 Filius
569 1391 634 1412 vero
650 1383 677 1411 in
696 1382 800 1418 Spiritu
826 1388 921 1411 sancto
949 1389 977 1411 et

188 1430 374 1467 intelligatur,
403 1436 430 1458 et
451 1430 588 1459 hominem
613 1430 655 1458 sui
682 1429 841 1465 participem
866 1429 974 1457 habeat.

192 1486 202 1502 ι
220 1476 276 1505 Nos
288 1477 360 1505 enim
371 1497 380 1510 ,
407 1477 506 1512 inquit,
522 1484 617 1505 omnes
634 1477 753 1505 revelata
766 1475 835 1504 facie
861 1475 975 1511 gloriam

188 1521 296 1549 Domini
309 1522 491 1558 speculantes.
503 1522 530 1549 in
542 1522 664 1550 eamdem
680 1522 826 1557 imaginem
839 1521 974 1549 transfor-

188 1575 297 1595 mamur
316 1575 331 1595 a
352 1569 437 1603 gloria
464 1568 493 1596 in
515 1567 628 1603 gloriam
641 1587 649 1600 ,
674 1572 804 1603 tanquam
829 1574 845 1594 a
867 1566 974 1595 Domini
990 1588 1011 1617 ε

189 1614 288 1650 spiritu
301 1614 334 1642 “.
349 1624 358 1641 ι

226 1659 270 1687 12.
289 1659 328 1688 Ne
342 1660 425 1696 igitur
440 1661 518 1697 quasi
531 1661 559 1688 in
575 1667 689 1696 corpore
703 1660 754 1687 tria
768 1659 888 1688 membra
902 1659 976 1688 indi-

188 1705 248 1733 visa
261 1705 451 1740 imaginemur.
470 1706 554 1741 Impia
582 1707 655 1734 enim
679 1710 721 1734 est
744 1705 801 1733 haec
828 1705 975 1742 cogitatio,

189 1751 332 1787 alienaque
355 1752 389 1779 ab
416 1753 584 1787 ineorporeis
609 1751 747 1787 perfectis.
765 1750 912 1779 lndivisam
927 1752 976 1779 ad-

189 1798 331 1825 mittamus
345 1798 566 1826 coexsistentiam
582 1806 686 1830 eorum,
707 1797 754 1832 qui
771 1797 798 1824 in
813 1805 843 1825 se
860 1802 954 1825 mutuo
967 1817 975 1830 ,

190 1843 295 1879 absque
310 1844 364 1871 ulla
378 1844 508 1872 distantia
532 1844 720 1872 coexsistunt:
739 1849 766 1871 et
783 1852 844 1872 cum
864 1849 919 1872 tres
933 1852 976 1872 re-

188 1897 255 1917 vera
269 1890 430 1922 subsistant,
447 1898 527 1917 unam
540 1889 654 1917 formam
674 1889 867 1924 intelligamus,
885 1898 944 1925 qum
960 1897 976 1917 a

189 1935 270 1963 Patre
278 1935 387 1971 quidem
403 1935 544 1971 incipit,in
551 1934 621 1962 Filio
636 1935 800 1969 resplendet,
817 1938 844 1962 et
855 1942 903 1970 per
915 1935 974 1970 Spi-

188 1982 271 2010 ritum
285 1987 408 2010 sanctum
420 1983 620 2010 manifestatur.
645 1981 815 2016 Quapropter
824 1982 871 2016 qui
889 1980 976 2016 Spiri-

188 2031 248 2055 tum
274 2027 384 2061 ferunt,
407 2028 546 2056 Christum
561 2035 668 2063 quoque
691 2026 801 2054 ferunt:
821 2035 895 2060 nam,
915 2037 925 2053 ι
946 2026 975 2054 Si

188 2073 261 2109 quis,
275 2074 374 2109 inquit,
390 2072 520 2109 Spiritum
532 2073 636 2101 Christi
653 2080 709 2100 non
734 2072 831 2105 habet,
856 2073 901 2100 hic
920 2079 975 2100 non

187 2123 232 2148 est
245 2120 315 2155 ejus.
340 2120 370 2148 Si
391 2124 479 2148 autem
495 2119 622 2148 Christus
643 2119 671 2146 in
694 2118 773 2146 vobis
786 2122 850 2147 est:
875 2126 975 2154 corpus

185 2166 298 2203 quidem
314 2170 452 2194 mortuum
471 2170 513 2194 est
534 2170 646 2201 propter
672 2169 814 2201 peccatum
836 2165 868 2196 ",
887 2174 897 2191 ι
920 2168 973 2192 etc.

184 2213 223 2240 Et
237 2212 356 2241 Joannes
371 2222 378 2241 ε
399 2222 408 2238 ι
426 2212 464 2240 Ex
491 2212 543 2240 hoc
561 2213 752 2247 cognoscimus
764 2231 772 2243 ,
797 2210 926 2246 quoniam
947 2211 975 2238 in

1026 975 1088 999 τος·
1103 967 1161 993 ἐστι
1173 967 1201 993 δὲ
1212 968 1226 994 ὁ
1243 967 1304 998 Υἱὸς
1316 968 1345 993 ὲν
1361 966 1458 1004 πλήρει
1470 969 1503 1004 τῇ
1519 968 1634 1004 θεότητι,
1652 969 1705 1001 ζῶν
1718 970 1814 1004 Λόγος,

1027 1013 1074 1039 καὶ
1089 1013 1211 1048 γέννημα
1223 1012 1271 1040 τοῦ
1284 1013 1390 1049 nam;
1402 1014 1536 1046 ἀνενδεές·
1555 1015 1656 1051 πλῆρες
1673 1016 1701 1042 δὲ
1719 1016 1766 1042 καὶ
1784 1016 1816 1043 τὸ

1027 1058 1139 1094 Πνεῦμα
1153 1059 1200 1086 τοῦ
1227 1059 1304 1091 Υἱοῦ,
1320 1060 1351 1086 οὺ
1368 1060 1450 1096 μέρος
1463 1061 1566 1097 ἐτέρου,
1590 1061 1648 1088 ἀλλ’
1669 1062 1816 1097 ὁλόκληρον

1027 1104 1069 1138 ἐφ’
1086 1104 1196 1131 ἑαυτοῦ.
1219 1105 1275 1132 Καὶ
1302 1105 1389 1137 οὕτως
1411 1107 1427 1142 ἡ
1452 1106 1548 1142 Τριὰς,
1573 1106 1708 1142 ἀληθινῶς
1735 1106 1813 1140 οὖσα,

1028 1151 1163 1185 συνῆπται
1191 1152 1240 1186 μὲν
1261 1151 1438 1184 ἀδιαστάτως.
1459 1153 1495 1180 Τὸ
1517 1153 1571 1189 γὰρ
1597 1153 1712 1189 διορίζον
1726 1155 1814 1186 οὐδὲν,

1027 1197 1135 1222 σύνεστι
1151 1196 1179 1222 δὲ
1194 1197 1285 1229 ἀῖδίως
1296 1206 1304 1214 α
1320 1197 1386 1224 αίὼν
1399 1197 1453 1234 γὰρ
1480 1199 1567 1230 οὐδεὶς
1588 1199 1690 1235 μεταξὺ
1708 1208 1815 1236 παρεμ-

1026 1241 1130 1268 πίπτει.
1147 1243 1262 1279 Μορφὴν
1288 1243 1317 1270 δὲ
1341 1244 1484 1280 προφαίνει
1512 1246 1574 1281 μίαν
1598 1245 1645 1272 καὶ
1655 1246 1704 1282 τὴν
1718 1246 1814 1281 αὐτὴν,

1026 1289 1133 1325 Πατρὺς
1149 1289 1197 1325 μὲν
1216 1291 1245 1316 ὲν
1270 1289 1328 1326 Υἱῴ
1342 1290 1540 1327 θεωρουμένου,
1561 1291 1626 1319 Υἱοῦ
1642 1292 1669 1320 δὲ
1684 1292 1714 1319 ὲν
1729 1293 1816 1320 Πνεύ-

1028 1342 1093 1369 ματι
1106 1334 1153 1360 καὶ
1169 1334 1315 1370 νοουμένου
1333 1336 1380 1362 καὶ
1400 1336 1579 1372 μετεχομένου
1594 1337 1645 1364 ὑπὸ
1659 1337 1813 1373 ἀνθρώπου.

1029 1389 1038 1406 ι
1063 1380 1158 1415 Ἡμεῖς
1182 1381 1246 1417 γὰρ,
1264 1391 1273 1408 ι
1291 1381 1368 1417 φησὶ,
1397 1390 1407 1407 ι
1439 1382 1539 1414 πάντες
1565 1383 1816 1420 ἀνακεκαλυμμένῳ

1027 1426 1165 1461 προσώπῳ
1173 1426 1220 1462 τὴν
1232 1426 1310 1459 δόξαν
1318 1427 1420 1463 Κυρίου
1434 1429 1688 1464 κατοπτριζόμενοι,
1698 1429 1748 1465 τὴν
1757 1429 1815 1464 (Η)

1026 1471 1111 1506 αὐτὴν
1130 1472 1220 1498 εἰκόνα
1238 1471 1486 1508 μεταμορφούμεθα
1511 1473 1565 1499 ἀπὸ
1579 1473 1658 1510 δόξης
1668 1473 1708 1505 είς
1724 1473 1814 1506 δόξαν,

1026 1516 1151 1553 καθάπερ
1168 1517 1222 1544 ἀπὸ
1236 1517 1338 1554 Κυρίου
1351 1518 1515 1554 πνεύματος,
1532 1527 1542 1545 ι

1065 1662 1107 1689 12.
1122 1662 1167 1697 Μὴ
1184 1662 1272 1689 τοίνυν
1285 1662 1323 1694 ὡς
1338 1661 1483 1698 ἐνσώματα
1500 1663 1639 1700 ἀδιαίρετα
1661 1664 1730 1699 μέρη
1745 1673 1815 1699 φαν-

1026 1706 1171 1743 ταζώμεθα
1188 1708 1260 1743 τρία.
1274 1708 1411 1744 Δυσσεῦὴς
1429 1709 1483 1745 γὰρ
1504 1710 1665 1745 ὀλογισμδς,
1676 1710 1815 1747 ἀλλότριος

1026 1753 1178 1788 ἀσωμάτων
1191 1754 1310 1782 τελείων.
1332 1755 1493 1790 Ἀδιαίρετον
1508 1755 1649 1792 δεχώμεθα
1671 1758 1815 1785 συνουσίαν

1027 1799 1158 1825 συνόντων
1185 1799 1309 1834 ἀλλήλοις
1339 1799 1394 1834 (42)
1410 1799 1586 1832 ἀδιαστάτως,
1608 1801 1655 1828 καὶ
1677 1802 1761 1837 τριῶν
1780 1810 1814 1836 γε

1026 1842 1097 1869 κατὰ
1117 1843 1244 1878 ἀλήθειαν
1272 1843 1445 1878 ὑφεστώτων,
1474 1844 1503 1871 ἒν
1522 1845 1552 1871 τὸ
1571 1843 1639 1877 εἶδος
1667 1846 1813 1882 ἐννοῶμεν,

1026 1889 1175 1924 ἀρχόμενον
1187 1889 1241 1924 (45)
1259 1890 1308 1924 μὲν
1325 1892 1356 1917 ὲκ
1366 1891 1482 1926 Πατρὸς,
1493 1891 1602 1927 λάμῷαν
1609 1891 1637 1918 δὲ
1647 1892 1675 1918 ὲν
1688 1892 1754 1927 Υίῷ,
1767 1893 1814 1920 καὶ

1026 1936 1228 1970 φανερούμενον
1242 1936 1286 1962 διὰ
1312 1937 1479 1972 Πνεῦματος.
1501 1938 1551 1964 Διὰ
1572 1938 1650 1965 τοῦτο
1675 1939 1722 1966 καὶ
1743 1940 1767 1966 οἱ
1783 1939 1814 1966 τὸ

1026 1980 1138 2015 Πνεῦμα
1153 1981 1296 2015 φοροῦντες
1309 1982 1420 2017 φοροῦσι
1438 1983 1556 2017 Χριστόν
1568 1991 1576 1998 ⁶
1597 1992 1606 2008 ι
1624 1983 1655 2009 Et
1671 1984 1725 2020 γάρ
1735 1992 1787 2015 τις.
1801 1993 1811 2010 ι

1026 2026 1102 2061 φησὶ,
1124 2035 1132 2052 ι
1150 2027 1261 2061 Πνεῦμα
1287 2027 1405 2062 Χριστοῦ
1430 2028 1479 2054 οὐκ
1495 2027 1562 2062 ἔχει,
1582 2026 1659 2060 οὗτος
1674 2029 1724 2054 οὐκ
1741 2028 1815 2056 ἐστιν

1026 2071 1118 2098 αὑτοῦ.
1147 2072 1178 2098 Et
1202 2072 1317 2108 Χριστὸς
1345 2074 1374 2099 ὲν
1386 2073 1460 2106 ὑμῖν,
1493 2073 1524 2100 τὸ
1546 2073 1595 2109 μὲν
1615 2073 1693 2109 σῶμα
1718 2075 1815 2110 νεκρὸν

1026 2116 1068 2144 διὰ
1091 2118 1237 2153 ἁμαρτίαν,
1252 2128 1261 2144 ι
1281 2118 1374 2145 καὶτὰ
1390 2118 1461 2154 ἑξῆς.
1474 2119 1527 2146 Καὶ
1541 2120 1555 2146 ὁ
1578 2119 1703 2154 Ἰωάννης
1713 2128 1719 2135 ·
1739 2130 1747 2145 ι
1767 2121 1814 2146 Ἐκ

1025 2162 1120 2190 τούτου
1144 2163 1324 2200 γινώσκομεν,
1339 2164 1380 2190 ὅτι
1404 2165 1433 2190 ὲν
1444 2165 1509 2200 ἡμῖν
1523 2165 1605 2197 ἔστιν,
1623 2166 1655 2192 ὲκ
1665 2165 1713 2192 τοῦ
1730 2167 1814 2193 Πνεύ-

1028 2217 1121 2244 ματος,
1137 2205 1168 2236 οὗ
1183 2209 1281 2236 ἔδωκεν
1295 2211 1371 2246 ἡμῖν.
1385 2220 1396 2236 ι
1416 2211 1470 2237 Καὶ
1488 2211 1551 2237 ναὸν
1568 2211 1617 2246 μὲν
1633 2211 1711 2246 ἁγίου
1729 2212 1814 2238 Πνεύ-

188 2259 268 2287 nobis
283 2261 345 2291 est,
361 2265 394 2286 ex
414 2257 517 2295 Spiritu
544 2265 624 2293 quem
650 2255 724 2285 dedit
746 2257 826 2284 nobis
847 2257 880 2284 ⁸⁸.
901 2265 910 2282 ι
942 2255 974 2283 Et

1035 2263 1112 2286 ιατος
1125 2254 1159 2281 τὰ
1176 2253 1288 2289 σώματα
1301 2254 1379 2290 ἡμῶν
1396 2255 1410 2281 ὁ
1423 2254 1528 2286 Παῦλος
1541 2255 1678 2291 ὀνομάζει,
1696 2256 1814 2292 Χριστὸν

184 2303 290 2337 Paulus
311 2304 422 2339 quidem
445 2310 560 2338 corpora
580 2306 674 2330 nostra
703 2302 833 2338 templum
856 2301 975 2337 Spiritus

182 2342 277 2379 iuncti
302 2350 435 2383 nominat,
448 2349 586 2377 Christum
601 2353 693 2376 autem
719 2348 747 2376 in
761 2348 842 2376 nobis
855 2355 917 2376 esse
934 2348 976 2376 di-

183 2388 370 2428 :cit:Christo
395 2399 487 2422 autem
513 2394 652 2422 habitante
675 2393 704 2421 in
726 2393 856 2422 interiore
879 2397 974 2421 nostro

183 2437 308 2474 homine,
320 2444 351 2468 ut
365 2441 497 2477 scriptum
512 2445 564 2472 est,
581 2439 652 2468 Deus
665 2444 708 2468 est
723 2440 770 2476 qui
794 2441 821 2468 in
837 2441 915 2468 nobis
932 2441 974 2468 in-

183 2486 314 2518 habitat:
332 2494 405 2520 nam,
433 2496 443 2513 ι
467 2486 604 2518 Nescitis,
628 2485 733 2521 inquit.
755 2485 819 2521 quia
843 2486 973 2522 templum

183 2529 236 2560 'Dei
258 2533 337 2565 estis,
351 2537 379 2562 et
396 2532 516 2568 Spiritus
537 2531 584 2559 Dei
610 2531 714 2559 habitat
742 2532 770 2559 in
800 2532 877 2560 vobis
902 2532 935 2560 ⁶⁹.
962 2541 972 2558 ι

176 2578 281 2615 itaque
308 2578 476 2606 divinitatem
493 2578 686 2607 indivisibilem
704 2585 786 2610 esse,
812 2585 845 2606 ex
875 2577 976 2606 divinis

1027 2298 1055 2325 δὲ
1067 2299 1096 2326 ὲν
1108 2299 1174 2334 ἡμῖν
1188 2297 1257 2326 εἶναι
1279 2299 1361 2334 λέγει.
1377 2299 1500 2335 Χριστοῦ.
1516 2300 1544 2326 δὲ
1559 2299 1697 2333 οἰκοῦντος
1715 2301 1755 2333 είς
1768 2301 1814 2328 τὸν

1026 2345 1080 2373 ἔσω
1111 2345 1189 2381 ἡμῶν
1214 2346 1367 2382 ἄνθρωπον,
1384 2346 1455 2373 κατὰ
1469 2346 1500 2373 τὺ
1519 2347 1721 2384 γεγραμμένον,
1746 2348 1814 2380 Θεὸς

1025 2392 1099 2419 ἐστιν
1109 2392 1137 2418 ὲν
1152 2393 1216 2427 ἡμῖν
1233 2392 1384 2419 κατοικῶν·
1402 2403 1411 2419 ι
1429 2393 1486 2420 Οὐκ
1505 2392 1603 2425 οἴδατε,
1628 2393 1700 2430 γὰρ,
1719 2395 1811 2429 φησὶν,

1025 2438 1066 2465 δτι
1079 2439 1143 2470 ναὸς
1161 2438 1229 2465 Θεοῦ
1252 2439 1313 2465 ἐστε
1324 2460 1331 2472 ,
1353 2439 1399 2466 καὶ
1422 2439 1452 2466 τὸ
1468 2439 1583 2476 Πνεῦμα·
1601 2440 1648 2467 τοῦ
1662 2439 1730 2467 Θεοῦ
1743 2441 1814 2468 οίκεῖ

1027 2486 1055 2511 ὲν
1076 2485 1148 2519 ὑμῖν.
1165 2494 1175 2511 ι
1197 2484 1289 2517 Οὕτως
1311 2494 1356 2521 μοι
1379 2486 1409 2512 τὸ
1431 2486 1482 2521 τῆς
1510 2486 1635 2522 θεότητος
1661 2487 1813 2523 ἀδιαίρετον

1028 2531 1146 2563 εὐσεϐῶς
1162 2532 1195 2558 ἐκ
1209 2531 1262 2558 τῶν
1273 2531 1352 2558 θείων
1366 2531 1452 2566 λόγων
1463 2532 1662 2567 καταμάνθανε,
1678 2533 1708 2559 ὲν
1723 2534 1812 2569 τρισὶν

1029 2577 1058 2604 ἓν
1079 2575 1148 2610 εἶδος
1168 2577 1315 2610 κατανοῶν,
1335 2577 1385 2612 οὐχ
1409 2577 1439 2604 ἓν
1459 2578 1492 2605 ὲκ
1518 2577 1601 2613 τριῶν
1624 2578 1740 2614 πρᾶγμα
1756 2577 1812 2614 (u)

222 2656 245 2672 "
264 2655 299 2684 ιιι
317 2655 385 2692 Reg.
403 2663 441 2690 tv,
456 2656 502 2684 29.
540 2657 562 2672 “
581 2655 603 2682 ll
619 2655 683 2684 Cor.
703 2663 751 2688 Ill,
770 2654 815 2683 l8.
854 2655 876 2671 "’
895 2654 975 2683 Rom.
993 2663 1059 2688 vni,
1077 2655 1104 2688 9,
1116 2654 1158 2682 l0.
1198 2654 1240 2681 ⁸⁸1
1259 2654 1337 2683 Joau.
1357 2663 1394 2688 tv,
1413 2655 1456 2683 15.
1494 2655 1517 2671 "
1535 2654 1546 2682 ι
1561 2654 1625 2682 Cor.
1643 2661 1695 2688 ut,
1713 2653 1759 2682 16.

224 2732 326 2769 (59)][1
341 2733 423 2762 editis
447 2741 588 2769 perperam
610 2733 709 2769 legitur
731 2733 831 2767 σοφῶν,
859 2739 920 2760 cum
938 2732 975 2760 sit

183 2768 330 2804 legendum
347 2768 458 2802 σοφιῶν,
472 2770 510 2795 uti
527 2768 646 2803 δεσμεῖ-,⁷
661 2768 752 2796 habet.

223 2804 278 2839 (40)
297 2804 482 2838 Seguet'ianus
493 2804 648 2838 στρέφεται.

223 2837 377 2880 (uLEditi,
388 2840 428 2880 εἰς
438 2839 499 2880 τήν,
515 2839 563 2880 sed
573 2840 615 2880 είς
627 2839 702 2866 deest
713 2838 740 2866 in
761 2837 889 2866 omnibus
904 2844 971 2866 mss.

187 2879 216 2903 et
228 2873 256 2902 in
269 2873 370 2902 'Graaco
388 2873 535 2908 Scriptura:
550 2878 636 2908 textu.

223 2910 280 2947 (42)
293 2909 374 2944 Editi,
396 2908 534 2946 ἀλλήλους,
557 2908 604 2937 sed
623 2907 792 2938 Basiliensit.
815 2907 972 2938 Goblerian.

1028 2731 1124 2774 διες-ιιι,
1135 2732 1275 2774 ἀλλήλοις,
1292 2733 1378 2774 multo
1391 2732 1512 2774 meliusf

1061 2766 1218 2803 (15)Editi,
1242 2768 1406 2804 ἀρχομένου,
1432 2767 1573 2796 mendose.
1596 2766 1812 2804 Seguer.,&pxd-

1129 2837 1200 2865 Editi
1213 2841 1240 2875 et
1252 2838 1362 2875 quidam
1373 2838 1556 2875 manuscripti
1565 2838 1666 2871 habent
1687 2837 1810 2875 Πνεῦμα,

1027 2872 1152 2909 Seguer.,
1170 2872 1295 2910 πρᾶγμα,
1312 2873 1437 2901 ultimum
1452 2872 1629 2909 praeferimus.
