1898 3053
100 185 152 213 117

714 179 855 209 CONTRA
875 179 1118 209 SABELLIANOS.
1156 199 1158 202 ›

1675 184 1726 212 “8

100 241 248 274 συντιθείς.
270 241 422 277 ’Δχώριστα
442 242 470 269 δὲ
498 242 544 269 καὶ
566 241 606 274 είς
627 241 662 268 τὰ
681 241 730 277 τῆς
752 242 876 277 ὲνεργεία

949 241 1034 269 verbis
1055 241 1183 276 religiose
1207 240 1322 275 discito,
1347 249 1380 270 ac
1401 242 1429 270 in
1457 242 1544 271 tribus
1565 250 1647 270 uuam
1672 243 1729 272 for-

99 288 288 325 οεωροὺμενα,
317 288 461 320 ἀκούοντες
487 288 533 316 τοῦ
562 288 722 315 ’Λποστὸλου
749 295 892 323 μυσταγω-

99 333 214 370 γοῦντος
234 334 281 361 καὶ
295 334 445 368 φάσκοντος
455 343 462 350 ο
481 343 491 360 ι
506 333 657 370 Διαιρέσεις
673 333 701 360 δὲ
715 333 892 369 χαρισμάτων

98 380 165 413 εἰσὶ,
179 380 212 406 τὸ
231 380 263 416 δὴ
281 380 348 407 αὐτὸ
364 380 494 415 Πνεῦμα·
517 380 564 407 καὶ
585 380 729 416 διαιρέσεις
749 379 891 406 διακονιῶν

97 427 169 459 εἰσὶ,
187 426 235 453 καὶ
251 427 266 452 6
289 426 369 457 αὐτὸς
386 426 502 462 Κύριος·
516 426 563 452 καὶ
579 426 724 462 διαιρέσεις
740 425 891 462 ἐνεργημά-

96 481 155 499 των
171 472 228 507 (45)
246 473 326 504 εισὶν,
341 473 356 498 6
371 472 400 498 δὲ
413 472 493 503 αὐτὸς
507 472 573 504 Θεὸς
587 473 601 498 6
619 472 737 507 ἐνεργῶν
751 471 785 499 τὰ
803 471 891 498 πάντα

95 518 129 545 ὲν
153 519 232 546 πᾶσι.
250 527 260 544 ι
276 519 332 545 Καὶ
347 517 497 551 καταλέξας
513 517 546 544 τὰ
570 518 728 554 χαρίσματα
749 517 889 553 ὲπιςέρει·

99 573 110 590 ι
130 564 224 591 Πάντα
239 564 268 591 δὲ
282 564 370 591 ταῦτα
382 565 487 600 ἐνεργεί
501 564 531 590 τὸ
543 564 572 590 ἓν
587 565 633 591 καὶ
646 564 676 590 τδ
691 564 755 591 αὐτὸ
767 563 890 600 Πνεῦμα,

96 610 221 646 διαιροῦν
241 610 294 647 ἰδίᾳ
312 611 429 646 ἑκάστῳ,
443 610 532 642 καθὼς
549 610 680 645 βούλεται.
698 619 707 636 ι
722 610 805 637 Ὅταν
817 609 845 636 δὲ
858 609 891 636 τὰ

95 658 189 685 πάντα
208 657 353 692 ὲνεργῆται
370 656 426 692 (46)
447 655 499 682 ὑπὸ
520 655 566 682 τοῦ
581 655 648 682 Θεοῦ
668 655 712 682 διὰ
727 655 844 691 Χριστοῦ
862 657 891 682 ἐν

94 704 169 739 ἁγίῳ
184 704 335 739 Πνεὺματι,
348 703 498 739 ἀχώριστον
507 703 562 739 ὁρῶ
571 703 710 740 ἐνέργειαν
717 703 764 730 τοῦ
773 703 889 739 Πατρὺς,

95 751 145 777 καὶ
155 750 204 777 τοῦ
218 750 296 784 Υἰοῦ,
313 751 360 777 καὶ
371 749 418 777 τοῦ
431 750 509 784 ἀγίου
520 749 688 785 Πνεύματος.
768 748 780 758 ⁸

131 891 177 918 1'3.
205 889 275 916 Ἀλλ’
291 890 322 916 οὺ
339 889 383 916 διὰ
407 888 486 916 τοῦτο
507 888 663 924 συμπλέξας
682 887 712 914 τὸ
728 886 762 919 ἐξ
778 884 825 919 οὗ,
843 887 890 913 καὶ

92 937 133 965 δι’
149 934 198 969 οὗ,
208 937 255 964 καὶ
265 937 300 963 ἐν
312 932 346 969 ᾦ.
359 935 486 971 βιάζομαι
500 935 549 971 τὴν
561 935 662 971 Τριάδα
676 934 777 970 μονάδα
793 934 888 960 ποιεῖν·

93 981 158 1008 οὑδὲ
175 981 318 1017 ἄνθρωπον
330 981 454 1016 ὲκτριῶν
463 980 584 1007 ὑπονοῶν
594 980 649 1015 (47)
662 979 798 1010 σύνθετον,
808 978 890 1006 πνεύ-

95 1037 201 1064 ματος,
222 1028 328 1063 ψυχῆς,
353 1027 494 1063 σώματος,
512 1026 584 1054 οὕτω
602 1026 649 1053 καὶ
664 1026 747 1058 Θεὸν,
765 1024 891 1061 καθάπερ

93 1075 220 1101 κάκεῖνοι
245 1073 390 1109 τολμῶσιν,
407 1073 467 1099 οὐδὲ
491 1073 538 1101 ἐπὶ
560 1073 609 1108 τῆς
630 1071 758 1107 τοιαύτης
776 1071 890 1104 ἀσεϐοῦς

94 1120 228 1151 ὑπονοίας
250 1119 382 1154 προΐεμαι
398 1119 428 1145 τὸ
445 1118 605 1154 ἀχώριστον.
625 1118 692 1145 Οὐδὲ
709 1118 732 1144 εί
743 1117 815 1151 λέγοι
834 1116 889 1152 (48)

93 1175 139 1198 τις
165 1166 204 1197 ὡς
227 1165 276 1192 τὸν
303 1165 454 1192 ἐνδιάθετον
472 1165 568 1198 λόγον,
587 1164 603 1200 ἢ
623 1163 669 1191 τὸν
697 1165 726 1190 ἐν
747 1164 822 1198 φωνῇ
842 1162 889 1189 τοῦ

93 1213 223 1245 νοοῦντος
240 1214 287 1240 καὶ
303 1212 447 1244 λαλοῦντος
462 1211 622 1247 ἀχώριστον,
639 1211 711 1238 οὕτω
723 1210 769 1237 τοῦ
782 1209 890 1245 Πατρδς

91 1259 142 1286 τὸν
159 1258 226 1285 Υίὸν
243 1258 290 1285 καὶ
305 1257 335 1284 τὸ
346 1257 467 1293 Πνεῦμα.
481 1257 522 1284 Τὰ
536 1258 590 1293 γὰρ
602 1257 648 1283 τοῦ
666 1256 792 1283 συνθέτου
807 1255 888 1291 μέρη,

93 1305 144 1331 καὶ
159 1305 194 1331 τὰ
210 1304 257 1331 τοῦ
269 1304 427 1339 κινουμένου
437 1305 585 1340 κινήματα,
601 1303 668 1339 πρὸς
680 1303 728 1338 τὴν
736 1301 889 1330 ’ἀσύνθετον

92 1352 143 1378 καὶ
179 1352 359 1378 ἀναλλοίωτον
388 1351 468 1386 φύσιν
501 1350 628 1387 οὐδεμίαν
654 1350 708 1385 ἔχει
734 1348 885 1376 κοινωνίαν.

97 1397 179 1424 Ἐπεὶ
194 1398 242 1424 καὶ
255 1397 313 1429 πῶς
329 1397 486 1424 ἀποστέλλει
502 1397 532 1424 τὸ
551 1397 633 1432 μέρος
647 1396 663 1432 ἦ
675 1395 706 1422 τὺ
724 1395 826 1431 κίνημα
838 1395 888 1422 αὐ-

91 1443 141 1470 τοῦ
154 1445 169 1470 ὀ
186 1443 292 1478 Πατὴρ,
309 1443 482 1470 ἀποστέλλων
496 1443 540 1469 τὸν
553 1443 632 1474 Υἰόν;
651 1442 668 1477 ἥ
683 1441 714 1468 τὸ
732 1441 842 1476 Πνεῦμα
858 1440 888 1467 τὸ

91 1491 174 1524 ἅγιον
198 1491 213 1516 6
236 1489 300 1522 Υἱὸς
323 1490 473 1525 ἐκπέμπων
501 1491 540 1522 είς
570 1489 614 1516 τὸν
641 1489 760 1523 κόπμον;
779 1488 814 1514 Ἢ
838 1487 888 1514 οὐκ

90 1535 237 1571 ἀπεστάλη
252 1536 301 1571 μὲν
313 1535 365 1562 ὑπὸ
376 1535 423 1562 τοῦ
435 1534 540 1570 Πατρδς
552 1535 566 1561 6
576 1534 654 1566 Υἱός;
669 1532 887 1568 Διαμαρτύρεται

91 1582 246 1618 πανταχοῦ,
260 1583 306 1609 καὶ
321 1581 496 1608 ἀποστέλλειν
509 1580 564 1616 (49)
582 1580 613 1606 τὸ
628 1579 741 1614 Πνεῦμα
753 1579 782 1605 τὺ
799 1577 888 1614 παρά-
902 1593 923 1621 C

91 1629 195 1664 κλητον
218 1627 432 1663 ἐπαγγέλλεται,
449 1627 496 1654 καὶ
518 1626 551 1662 δὴ
576 1626 622 1653 καὶ
643 1625 801 1653 ἀποστέλλει
818 1624 889 1651 κατά

91 1675 145 1710 τὴν
160 1673 318 1709 ὑπόσχεσιν.
337 1673 406 1700 Ἀλλ’
417 1673 442 1698 οἱ
453 1672 502 1708 τὴν
514 1671 616 1708 Τριάδα
634 1670 733 1706 μονάδα
748 1669 888 1701 ποιοῦντες

91 1718 215 1746 νοθεύειν
242 1719 288 1745 καὶ
316 1718 366 1754 τὴν
385 1717 546 1753 ἀποστολὴν,
567 1716 661 1752 ὥσπερ
681 1715 731 1752 τὴν
749 1715 886 1750 γέννησιν,

91 1764 291 1800 ἐπιχειροῦσιν.
307 1765 380 1791 Εἴσω
405 1763 458 1799 γὰρ
478 1763 542 1790 ὄντα
560 1763 626 1797 φασὶ
648 1762 694 1788 τοῦ
717 1761 822 1798 Πατρὺς
842 1760 887 1787 τὸν

91 1811 161 1838 Υίδν
173 1811 306 1845 ἀγιασμὸν
316 1809 460 1846 ἀνθρώπου
477 1808 640 1845 ἐργάζεσθαι
656 1807 722 1844 (50),
738 1807 886 1837 τουτέστιν.

91 1857 177 1884 αὐτὸν
191 1857 238 1884 τὸν
252 1857 300 1883 ’ἐνα
315 1856 362 1883 καὶ
378 1856 458 1892 μόνον
473 1852 550 1887 Θεὸν,
562 1854 647 1886 οὕτως
662 1854 828 1882 ἀπεστάλθαι
842 1853 888 1880 τὸν

92 1902 252 1938 ἄνθρωπον,
270 1903 302 1928 οὐ
318 1901 385 1928 Θεὸν
411 1899 487 1936 παρά
510 1900 588 1927 Θεοῦ.
610 1900 673 1932 Πῶς
695 1899 750 1935 γὰρ
770 1899 817 1926 καὶ
835 1899 888 1925 ἀπ-

92 1948 243 1980 έσταλται,
262 1947 354 1982 φασὶν,
377 1947 391 1973 6
414 1947 512 1980 Λόγος,
534 1946 571 1982 μὴ
593 1945 795 1981 διαιρούμενος,
821 1944 888 1980 μηδὲ

92 1993 290 2030 χωριζόμενος,
306 1991 336 2020 οὗ
351 1993 437 2027 Λόγος
448 1993 538 2026 ὲστίν;
555 1993 616 2020 Ὅτι
628 1992 676 2027 μὲν
691 1990 736 2019 οὖν
751 1991 888 2027 σάρκωσις

92 2040 141 2067 τοῦ
163 2040 252 2074 Λόγου
272 2040 451 2075 κεκήρυκται,
466 2039 508 2071 τίς
528 2038 668 2071 ἀντείποι;
686 2037 733 2065 τοῦ
747 2036 888 2072 εὐαγγελι-

93 2086 159 2113 στοῦ
176 2085 291 2120 βοῶντος
311 2085 381 2120 (51)·
403 2095 412 2111 ι
438 2085 467 2112 '0
487 2085 572 2119 Λόγος
595 2084 663 2120 σὰρξ
681 2084 801 2118 ἐγένετο,
815 2093 823 2109 ι
840 2088 888 2115 καὶ¹

92 2131 135 2158 ὃτι
158 2131 347 2167 καταϐέϐηκεν
372 2131 401 2164 ἐξ
422 2131 537 2166 οὐρανοῦ
555 2131 721 2167 κεκραγότος
738 2131 819 2158 αὐτοῦ
839 2130 887 2157 τοῦ

94 2177 233 2212 Σωτῆρος,
261 2177 310 2212 οὑχ
334 2177 417 2209 ἄπαξ,
443 2177 510 2204 ἀλλὰ
527 2177 574 2203 καὶ
595 2177 723 2209 πολλάκις
742 2175 817 2213 (52);
834 2177 888 2211 Καὶ

95 2221 148 2257 μὴν
161 2222 202 2248 ὅτι
224 2223 273 2248 οὐκ
296 2222 437 2258 ἅνθρωπος
456 2222 470 2248 6
492 2221 593 2258 Κύριος
603 2221 681 2257 ἡμῶν
701 2221 804 2256 Ἰησοῦς
819 2222 887 2258 Χρι-

943 293 1016 313 mam
1035 286 1183 321 intelligas.
1200 294 1289 321 neque
1307 290 1399 315 tamen
1417 295 1498 315 unam
1515 295 1548 315 ex
1564 287 1653 316 tribus
1670 296 1730 317 rem

943 338 1101 366 componas.
1119 331 1302 360 lndivisibiles
1318 337 1409 361 autem
1425 341 1486 362 csse
1500 341 1634 369 personas
1645 335 1730 364 etiam

943 379 971 406 in
989 378 1157 413 opcratione,
1170 387 1203 406 ex
1213 379 1356 414 Apostolo,
1371 379 1414 407 his
1428 380 1517 408 verbis
1527 380 1584 408 haec
1598 382 1729 417 mysteria

942 424 1067 455 docente,
1086 424 1180 451 audire
1197 424 1279 451 licet:
1300 433 1309 450 ι
1327 423 1480 454 Divisiones
1499 433 1564 453 vero
1579 427 1730 462 gratiarum

943 475 1018 503 sunt,
1036 470 1107 498 idem
1127 475 1216 497 autem
1235 469 1369 504 Spiritus:
1383 475 1410 499 et
1424 471 1575 501 divisiones
1590 473 1732 501 ministra-

941 517 1046 544 tionum
1063 520 1136 550 sunt,
1151 516 1223 544 idem
1245 521 1335 545 autem
1356 517 1511 546 Dominus:
1535 524 1562 547 et
1582 519 1731 549 divisiones

942 563 1130 597 operationth
1146 567 1224 595 sunt,
1245 562 1316 590 idem
1335 571 1398 592 vero
1422 563 1494 592 Deus
1506 585 1513 597 ,
1530 565 1577 600 qui
1601 571 1732 601 operatur

942 607 1033 634 omnia
1051 608 1078 635 in
1090 608 1218 635 omnibus
1230 608 1264 636 "°.
1285 618 1294 635 ι
1312 609 1352 636 Ac
1367 614 1509 644 postquam
1525 610 1626 645 gratias
1637 618 1731 639 recen-

941 654 1015 687 suit,
1033 654 1125 682 subdit
1141 663 1178 691 ;,ι
1196 654 1259 682 llaec
1286 659 1376 683 autem
1401 655 1493 683 omnia
1517 661 1645 691 operatur
1659 665 1730 686 unus

942 704 1024 735 atque
1040 700 1110 728 idern
1120 699 1251 736 Spiritus,
1261 701 1385 729 dividens
1395 701 1510 736 singulis
1521 707 1601 736 prout
1612 703 1667 730 vult
1677 704 1710 730 ”.
1718 713 1727 729 ι

941 745 1009 772 Cum
1026 750 1117 772 autem
1133 747 1225 773 omnia
1240 750 1357 781 agantur
1373 753 1388 773 a
1403 746 1458 774 Deo
1477 755 1525 782 per
1544 747 1682 775 Christum
1703 748 1731 776 in

942 790 1046 826 Spiritu
1061 796 1168 825 sancto,
1184 792 1329 820 indivisam
1343 792 1422 820 video
1434 793 1620 828 operationem
1628 793 1729 828 Patris,

940 841 968 864 et
986 837 1059 869 Filii,
1076 842 1103 865 et
1120 836 1239 873 Spiritus
1251 838 1349 867 sancti.

976 883 1032 918 36
1048 883 1092 910 15.
1106 883 1163 912 Nec
1177 888 1266 912 tamen
1280 885 1341 911 ideo
1356 884 1383 911 in
1397 892 1482 912 unum
1497 885 1542 912 illa
1555 885 1638 913 verba
1653 893 1730 914 com-

942 929 1025 964 plico,
1048 938 1080 957 e1:
1097 939 1158 965 quo,
1173 934 1200 958 et
1219 939 1265 966 per
1280 939 1366 966 quem,
1386 936 1412 959 et
1430 932 1458 959 in
1473 941 1534 967 quo,
1559 936 1590 960 ut
1612 932 1732 961 Trinita-

942 979 995 1002 tem
1011 976 1084 1003 nitar
1098 977 1230 1004 unitatem
1242 976 1348 1005 allicere
1364 985 1370 1003 :
1384 985 1472 1012 neque
1485 978 1621 1005 hominem
1632 986 1666 1006 ex
1681 978 1732 1006 tri-

940 1020 993 1048 bus
1004 1022 1185 1057 compositum
1199 1022 1364 1057 intelligens,
1384 1024 1482 1058 spiritu
1503 1031 1610 1058 nempe,
1627 1024 1730 1057 anima,

940 1071 968 1093 et
982 1073 1114 1102 corpore;
1126 1067 1166 1094 sic
1177 1071 1204 1094 et
1220 1066 1303 1094 Deum
1320 1067 1460 1100 existimo,
1475 1071 1504 1094 ut
1523 1068 1561 1094 illi
1575 1068 1666 1096 facere
1680 1076 1731 1096 au—

940 1112 1006 1140 dent
1020 1123 1026 1140 :
1042 1121 1130 1148 neque
1152 1113 1242 1148 impia
1265 1113 1400 1148 ejusmodi
1419 1114 1556 1149 opinionis
1581 1121 1674 1148 causa,
1691 1115 1731 1142 in-

931 1156 1155 1187 'divisibilitatem
1172 1167 1304 1195 propono.
1323 1159 1379 1187 Nec
1402 1160 1424 1187 si
1440 1160 1502 1196 quis
1518 1160 1628 1192 dixerit,
1643 1161 1730 1188 inter-

940 1213 1006 1232 num
1027 1207 1140 1232 verbum
1157 1224 1164 1238 ,
1193 1209 1241 1232 aut
1261 1205 1374 1232 verbum
1397 1213 1463 1234 voce
1483 1206 1700 1241 pronuntiatum,
1713 1213 1730 1233 ι

939 1251 1077 1287 cogitante
1091 1254 1118 1279 et
1142 1251 1269 1286 loquente
1283 1251 1464 1287 inseparabile
1474 1259 1552 1285 esse,
1566 1253 1603 1280 ita
1621 1259 1730 1288 quoque

939 1299 1072 1326 continuo
1093 1298 1126 1326 de
1146 1298 1237 1326 Patris
1257 1298 1326 1326 Filio
1344 1303 1371 1326 et
1391 1299 1494 1334 Splrltu
1513 1301 1728 1336 intelligendum.

939 1343 1007 1371 Nam
1025 1345 1169 1380 compositi
1181 1348 1282 1380 partes,
1295 1349 1322 1372 et
1334 1345 1404 1380 ejus,
1417 1347 1463 1381 qui
1476 1351 1610 1380 movetur,
1626 1350 1729 1378 mutue,

939 1398 1001 1418 cum
1024 1395 1123 1418 natura
1151 1399 1206 1419 non
1237 1392 1388 1427 composita
1417 1400 1449 1420 ac
1472 1393 1633 1421 immutabili
1658 1394 1729 1422 nihil

939 1443 1084 1465 commune
1097 1437 1207 1466 habent.
1227 1437 1331 1466 Etenim
1351 1438 1487 1474 quomodo
1501 1438 1598 1473 Pater,
1623 1444 1729 1475 partem

939 1491 1016 1511 suam
1027 1503 1035 1517 ,
1059 1489 1105 1512 aut
1121 1490 1222 1513 motum
1239 1494 1325 1520 suum.
1335 1486 1419 1512 mittit
1440 1486 1467 1513 in
1495 1487 1645 1520 mundum,
1662 1486 1728 1514 dum

938 1529 1037 1558 Filium
1053 1531 1155 1558 mittit?
1176 1535 1223 1558 aut
1248 1532 1341 1559 itidem
1366 1532 1430 1559 dum
1449 1531 1580 1567 Spiritum
1602 1535 1728 1560 sanctum

939 1574 1025 1604 Filius
1041 1577 1140 1604 emittit
1157 1577 1185 1604 in
1206 1578 1358 1605 mundum?
1378 1577 1419 1605 An
1436 1577 1522 1605 Filius
1536 1586 1552 1605 a
1565 1577 1646 1605 Patre
1662 1578 1729 1605 mis-

941 1630 988 1650 sus
999 1630 1052 1650 non
1064 1623 1124 1650 est?
1136 1622 1193 1651 Hoc
1209 1624 1256 1651 ille
1278 1624 1378 1659 ubique
1404 1627 1531 1658 testatur,
1549 1631 1581 1651 ac
1595 1623 1728 1659 Spiritum

939 1677 970 1697 se
991 1669 1139 1697 missurum
1162 1671 1317 1705 pollicetur,
1332 1671 1462 1705 illumque
1474 1670 1550 1705 juxta
1567 1670 1728 1705 promissio-

939 1722 1002 1742 nem
1019 1722 1114 1743 revera
1127 1715 1220 1742 mittit.
1232 1715 1267 1743 At
1281 1716 1328 1751 qui
1343 1715 1504 1743 Trinitatem
1519 1716 1652 1743 unitatem
1670 1715 1728 1742 elli-

939 1761 1032 1794 ciunt,
1050 1761 1220 1794 missionem,
1240 1767 1270 1789 ut
1288 1765 1315 1789 et
1333 1762 1549 1798 generationem,
1571 1762 1728 1790 adulterare

938 1808 1074 1835 nituntur.
1096 1807 1196 1836 Filium
1218 1809 1291 1836 enim
1314 1808 1386 1836 intra
1410 1808 1519 1836 Patrem
1538 1809 1726 1842 exsistentem,

938 1853 966 1882 id
981 1859 1034 1888 est,
1047 1854 1136 1890 ipsum
1154 1863 1237 1882 unum
1247 1860 1274 1883 et
1288 1855 1376 1883 solum
1385 1855 1470 1883 Deum
1481 1855 1726 1883 sanctiﬁcationem

939 1899 1058 1927 hominis
1072 1900 1179 1935 operari
1196 1901 1272 1928 aiunt
1286 1909 1293 1928 :
1310 1904 1391 1936 atque
1404 1909 1466 1928 eum
1493 1901 1539 1936 qui
1564 1901 1602 1928 ita
1624 1900 1727 1928 missus

938 1949 981 1974 est
998 1946 1146 1978 hominem,
1157 1950 1184 1974 et
1193 1950 1253 1974 'non
1264 1945 1349 1975 Deum
1361 1947 1394 1974 de
1408 1947 1462 1974 Deo
1472 1947 1567 1976 fuisse.
1584 1946 1726 1980 Quomodo

938 1992 1022 2024 enim,
1041 1992 1128 2025 aiunt,
1146 1993 1260 2021 missum
1278 1992 1358 2021 fuerit
1376 1991 1504 2026 Verbum,
1517 2001 1578 2021 cum
1595 2001 1644 2021 nec
1656 1993 1726 2021 divi-

938 2045 1010 2070 sum,
1028 2045 1079 2065 nec
1099 2043 1253 2074 separatum
1276 2040 1312 2066 sit
1331 2039 1365 2066 ab
1381 2047 1414 2067 eo
1429 2039 1509 2074 cujus
1530 2043 1572 2067 est
1591 2040 1726 2067 Verbum?

939 2083 1017 2116 Quod
1031 2083 1140 2119 quidem
1164 2083 1245 2112 Verbi
1267 2084 1421 2112 incarnatto
1445 2086 1590 2121 praedicata
1612 2086 1647 2113 sit
1663 2087 1725 2121 quis

938 2129 1061 2163 negarit,
1088 2129 1254 2164 evangelista
1271 2130 1373 2165 liquido
1398 2130 1551 2158 clamante:
1575 2138 1585 2155 ‹
1606 2129 1725 2157 Verbum

938 2181 1003 2201 caro
1017 2173 1118 2201 factum
1130 2179 1172 2201 cst
1187 2174 1227 2208 “;
1244 2183 1253 2200 ι
1275 2179 1376 2202 cumet
1394 2175 1453 2210 ipse
1473 2174 1596 2202 Salvator
1619 2183 1634 2202 e
1653 2175 1724 2202 calo

939 2227 968 2246 se
981 2219 1156 2247 descendisse
1175 2227 1230 2247 non
1250 2219 1344 2252 semel,
1359 2220 1406 2247 sed
1420 2225 1447 2248 et
1460 2220 1562 2256 plurics
1580 2219 1724 2249 clamando

96 2267 166 2299 στος,
181 2267 196 2291 6
210 2267 357 2299 ἀπόστολος
380 2267 484 2299 Παῦλος
504 2267 572 2303 πρὸς
586 2267 708 2299 Γαλάτας
721 2267 876 2303 διισχυρίζε-

951 2264 1129 2292 (limaverit?
1143 2265 1176 2292 Et
1198 2266 1308 2301 quidem
1323 2266 1396 2301 quod
1412 2275 1468 2294 non
1481 2267 1570 2294 solum
1589 2267 1670 2293 homo
1688 2268 1724 2294 sit

94 2322 148 2341 ται.
171 2313 243 2340 Ἀλλ’
260 2314 284 2340 εί
300 2314 347 2340 καὶ
360 2313 502 2349 ἄνθρωπος
513 2313 657 2349 ὁμώνυμος
673 2315 748 2349 ἡμῖν,
760 2314 883 2349 δεύτερος

95 2359 237 2394 ἀνθρωπος
249 2380 256 2391 ,
272 2359 318 2385 καὶ
327 2359 376 2395 οὐχ
393 2356 448 2391 οἷος
463 2360 476 2386 ὁ
488 2359 617 2395 πρότερος
628 2359 683 2394 (55)
695 2359 824 2396 γηγενὴς,
836 2359 883 2387 καὶ

94 2404 108 2431 6
118 2405 167 2440 μὲν
183 2405 256 2441 ψυχὴ
269 2404 360 2437 ζῶσα,
378 2405 392 2431 6
407 2404 435 2430 δὲ
455 2404 567 2440 Πνεῦμα
580 2405 740 2438 ζωοποιοῦν.

128 2567 153 2583 ’⁵
169 2564 180 2593 1
194 2566 259 2595 Cor.
272 2575 323 2600 ιιι,
334 2567 391 2595 4-6.
430 2568 452 2583 ⁷¹
466 2567 534 2595 ibid.
549 2567 593 2595 11.
632 2568 655 2583 ⁷¹
666 2566 747 2595 Joan.
763 2575 783 2600 l,
800 2567 845 2599 14.

131 2635 186 2671 με)
202 2635 246 2664 Sic
259 2636 430 2668 Basiliensis,
445 2634 558 2671 Seguer.
570 2639 598 2663 et
607 2635 719 2671 Graecus
733 2634 883 2670 Scriptura:

95 2670 194 2698 textus.
213 2671 294 2704 Editi,
307 2671 471 2707 'egapysubv,
486 2670 572 2699 Paulo
591 2675 669 2706 post,
686 2670 879 2707 Seguerianns,

96 2707 274 2735 Gobleriauus
283 2710 310 2734 et
320 2705 393 2734 Γάιε.
403 2715 421 2738 t,
431 2706 479 2733 καὶ
491 2705 661 2739 καταλλᾶξας
673 2705 706 2732 τὰ
715 2706 879 2741 χαρίσματα.

143 2741 188 2777 66)
204 2741 387 2770 Goblerianus
401 2746 428 2769 et
443 2741 515 2769 Felc.
530 2749 550 2774 ι,
563 2742 722 2777 ἐνεργεῖται.

142 2775 186 2812 Π)
200 2776 295 2810 Basil.,
307 2777 430 2810 Goblcr.,
445 2776 571 2813 Seguer.,
587 2775 702 2803 ὺᾶιονοῶ.
718 2775 800 2809 Editi,
813 2775 881 2802 ὐπο-

96 2819 173 2838 νοων.

130 2847 184 2914 ἕω)
201 2846 494 2890 δεειιετίεηυεηλέγει.

141 2881 184 2914 49)
202 2883 293 2914 Edttt.
308 2882 487 2911 ἑπιστελλειν.

141 2880 184 2944 Itis)
202 2880 293 2919 Editi,
308 2880 487 2911 ἐπιστέλλειν.
506 2881 679 2918 Sexum-iam,
696 2880 880 2914 ἀποστέλλειν,

159 2925 202 2944 Ill.

99 2921 202 2946 nouus.

933 2308 1067 2338 Dominus
1082 2315 1174 2338 noster
1184 2310 1264 2339 Jcsus
1275 2311 1411 2346 Christus,
1423 2312 1562 2347 apostolus
1572 2312 1673 2340 Paulus
1688 2314 1722 2341 ad

933 2355 1055 2390 Galatas,
1073 2357 1215 2385 conﬁrmat
1231 2367 1238 2384 :
1253 2358 1300 2385 sed
1317 2358 1367 2385 etsi
1384 2358 1465 2386 homo
1481 2358 1517 2385 sit
1527 2358 1606 2386 nobis
1622 2366 1723 2394 cogno-

932 2402 1030 2436 minis,
1050 2403 1188 2431 secundus
1205 2404 1307 2431 homo:
1328 2407 1356 2430 at
1369 2411 1424 2431 non
1442 2404 1531 2439 qualis
1549 2404 1593 2431 ille
1616 2405 1722 2440 primus

932 2451 1068 2481 terrenus,
1085 2457 1148 2476 nam
1169 2449 1214 2478 ille
1228 2449 1338 2485 quidem
1363 2455 1404 2478 est
1427 2450 1518 2478 anima
1538 2451 1648 2485 vivens,
1676 2452 1720 2481 hic

933 2501 998 2522 vero
1015 2495 1120 2531 Spiritu
1134 2495 1284 2524 viviﬁcans.

968 2632 1025 2671 (59)
1041 2633 1427 2671 ξοευοτίιιηυειὲργάσασθαι.

968 2669 1025 2707 (ἕξ)
1041 2669 1210 2707 basiliensis,
1229 2669 1402 2707 Se'gueriam,
1420 2670 1534 2706 βοῶντος
1552 2673 1654 2707 σαφῶς.

1041 2705 1086 2732 Sic
1104 2704 1317 2746 Seguerian.‘A.t
1337 2704 1506 2746 Qobleria_t_t._,
1524 2707 1576 2746 τοιξ
1592 2704 1718 2746 Σωτῆρος

931 2739 1073 2780 πολλάκις,
1091 2739 1204 2780 omissis
1229 2741 1410 2777 interpositis.
1429 2741 1517 2776 Editi,
1532 2743 1578 2771 τοῦ
1591 2739 1717 2780 Σωτῆρος

931 2774 1260 2838 ουξδέῗῗόέῗέζῗᾞέιρ.
1279 2820 1303 2838 t.
1319 2813 1333 2838 6
1347 2813 1489 2838 ποότεοον.
1510 2813 1578 2838 Ibid.
1603 2806 1722 2838 Samiae:

968 2810 1023 2850 (5-3)
1041 2810 1130 2850 Gobl_._
1140 2810 1168 2850 et
1188 2810 1260 2840 Felc.
1279 2820 1303 2845 t,
1319 2813 1333 2839 6
1347 2813 1489 2850 πρότερον.
1510 2813 1578 2842 Ibid.
1603 2815 1714 2850 Seguer.

968 2821 1023 2845 κοῦ)
1041 2821 1119 2838 υυυι.
1140 2821 1168 2839 et
1188 2821 1260 2840 retc.
1279 2821 1303 2845 l,
1319 2821 1333 2839 ο
1347 2821 1489 2877 προτῐῖον.
1505 2821 1578 2855 inid.
1603 2821 1714 2850 Seguer.

931 2844 1054 2888 (ζωῇσι-.-
1062 2850 1089 2873 et
1109 2845 1182 2888 ‘Felc.
1198 2856 1224 2882 ι,
1241 2850 1255 2874 6
1273 2850 1402 2885 γηγενής.
1449 2857 1483 2878 ox
1503 2857 1530 2877 tn
1550 2850 1658 2884 iisdem,
1674 2858 1722 2886 τῃ,

932 2885 994 2916 post
1012 2881 1082 2916 θεῖα,
1100 2881 1185 2911 deest.
