1898 3053
174 193 229 223 HO

209 252 253 280 ﬂ.
275 251 337 280 Haec
351 252 424 281 enim
436 254 500 281 sunt
512 251 603 280 divina
616 255 643 279 et
660 253 809 288 apostolica
824 253 916 286 verba,
933 257 961 282 et
973 257 1000 287 Α

172 299 321 335 dogmata:
340 299 405 334 quin
428 304 456 327 et
480 299 539 334 ipsa
559 306 642 334 opera
661 299 755 327 deitati
774 300 961 328 testimonium

171 345 325 380 perhibent,
340 351 401 380 quae
409 352 472 372 cum
485 348 620 380 potestate
630 345 735 373 caelesti
749 345 815 373 ﬁunt
829 356 835 373 :
855 350 885 373 ut
899 353 961 373 cum

175 389 287 425 imperat
313 389 467 423 elementis,
492 394 589 419 ventos
622 391 759 427 increpat,
787 392 889 420 virtute
912 399 962 420 sua

176 435 267 464 nutila
281 443 396 471 corpora
420 440 566 470 restaurat,
583 444 615 464 ac
626 437 765 466 voluntate
788 438 899 466 morbos
918 445 963 466 sa-

172 485 227 514 nat,
243 489 377 518 suamque
398 486 561 518 potestatem
586 482 740 518 proﬁtetur,
758 491 808 511 nec
833 491 892 511 eam
915 491 963 511 oc-

170 527 274 555 cultat:
292 535 325 556 ac
337 535 386 563 per
403 535 466 556 eum
483 535 558 556 ntors
574 529 708 562 aboletur,
726 529 780 557 vita
796 533 823 556 et
838 529 962 557 incorru-

168 574 227 609 ptio
249 573 418 609 resplendet,
435 578 566 610 corrupta
585 574 727 602 hominum
750 578 850 602 natura
871 575 962 603 denuo

167 623 289 651 creatur,
303 619 422 646 mundus
432 619 493 654 ejus
504 620 647 655 praesentia
663 625 820 653 renovatur,
836 628 963 655 novaque

168 667 297 692 creatura
313 668 437 699 apparet,
452 672 501 699 per
515 664 618 692 Christi
635 665 875 698 resurrectionem,
896 664 961 692 dum

167 709 384 737 trausl‘ormatur
410 710 519 746 quidem
540 719 641 747 corpus
661 711 823 740 humilitatis
844 711 870 739 in
895 719 962 739 con-

169 756 336 784 formitatem
351 757 474 793 corporis
490 758 624 787 claritatis
644 766 702 787 suae
716 759 739 775 "
756 769 763 786 :
781 766 813 787 ac
833 760 962 788 universa

167 807 295 830 creatura
306 809 321 829 a
336 804 467 831 servitute
481 805 666 840 corruptionis
685 805 826 838 liberatur,
838 804 866 832 in
880 805 962 833 liber-

168 853 250 877 tatem
261 849 355 885 εισι-ἰαὶ
371 849 487 878 ﬁliorum
507 850 600 879 Dei-7‘.
619 850 705 879 Porro
718 852 890 880 incarnatum
907 851 961 880 Do-

166 894 272 921 minum
288 902 321 922 ac
336 895 420 923 Deum
447 900 573 924 nostrum
590 896 684 925 Jesum
709 897 851 926 Christum
863 918 872 932 ,
906 905 962 925 non

741 191 771 220 s.
791 191 1026 221 ATHANASIUS.
1048 206 1085 215 —
1099 176 1215 222 eum.

1747 193 1803 224 120

1048 255 1091 282 14.
1103 255 1195 283 Ταῦτα
1214 255 1268 292 γὰρ
1285 255 1345 283 θεῖά
1355 264 1386 282 τε
1403 255 1450 283 καὶ
1463 255 1627 284 ἀποστολικά
1641 256 1752 292 ῥήματά
1768 265 1800 284 τι

1014 302 1061 328 καὶ
1074 301 1206 337 δόγματα,
1220 301 1267 329 καὶ
1283 301 1317 329 τὰ
1330 302 1399 338 ἔργα
1412 304 1445 339 τῇ
1461 302 1568 338 θεότητι
1585 303 1721 338 μαρτυρεῖ
1740 302 1800 338 μετ’

1013 347 1136 380 ἐξουσίας
1154 348 1278 384 οὐρανίου
1293 349 1475 385 πραττόμενα,
1486 349 1531 376 ὅτε
1545 348 1650 376 κελεύει
1666 348 1715 384 μὲν
1729 356 1800 376 στοι-

1013 395 1112 430 χείοις,
1135 395 1250 431 ἐπιτιμᾷ
1264 394 1292 421 δὲ
1320 393 1467 430 πνεύμασι,
1482 394 1594 430 δυνάμει
1611 394 1641 421 δὲ
1660 394 1800 430 πηρώσεις

1012 439 1222 476 ἀποκαθίστησι,
1238 440 1285 468 καὶ
1299 439 1431 476 θελήματι
1445 440 1537 473 νόσους
1553 442 1634 472 ἰᾶται,
1658 442 1706 468 καὶ
1726 441 1800 475 λέγει

1012 487 1062 523 τὴν
1075 486 1209 519 ἐξουσίαν,
1219 487 1265 513 καὶ
1274 487 1324 514 οὐκ
1337 486 1554 524 ἀποκρύπτεται,
1563 487 1610 514 καὶ
1621 489 1801 523 καταργεῖται

1012 531 1046 558 δι’
1059 533 1139 559 αὑτοῦ
1163 532 1287 564 Θάνατος,
1309 532 1453 567 φωτίζεται
1469 532 1498 558 δὲ
1514 532 1570 568 ζωὴ
1590 532 1637 559 καὶ
1650 531 1800 567 ἀφθαρσία,

1012 578 1060 605 καὶ
1069 578 1275 614 δημιουργεῖται
1294 578 1419 614 δεύτερον
1438 579 1454 614 ἡ
1473 578 1606 614 φθαρεῖσα
1624 578 1678 605 τῶν
1694 578 1801 614 ἀνθρώ-

1012 633 1071 651 πων
1087 625 1178 660 φύσις,
1192 626 1239 652 καὶ
1258 625 1360 661 κόσμος
1372 625 1566 652 ἀνακαινοῦται
1579 624 1623 652 διὰ
1638 625 1687 660 τῆς
1696 632 1802 660 παρου-

1013 671 1073 703 σίας
1097 671 1191 704 αὐτοῦ,
1212 673 1258 699 καὶ
1283 672 1370 704 κτίσις
1394 671 1569 707 ἀναφαίνεται
1593 671 1674 707 καινὴ
1689 671 1733 698 διὰ
1750 670 1804 706 τὴν

1011 717 1160 744 ἀνάστασιν
1171 716 1218 744 τοῦ
1248 716 1379 753 Χριστοῦ,
1404 716 1663 753 μεταμορφουμένου
1686 715 1734 751 μὲν
1752 715 1803 742 τοῦ

1013 761 1138 798 σώματος
1147 763 1197 799 τῆς
1210 762 1401 793 ταπεινώσεως
1415 762 1494 798 ἡμῶν
1509 763 1550 795 εἰς
1563 762 1739 804 συμμορφίιν
1753 760 1802 788 τοῦ

1013 809 1139 846 σώματος
1150 810 1199 846 τῆς
1211 810 1290 847 δόξης
1305 811 1387 838 αὐτοῦ
1401 820 1407 826 ·
1423 811 1473 845 τῆς
1484 810 1512 837 δὲ
1524 809 1638 840 κτίσεως
1653 808 1716 844 ὅλης
1726 808 1802 835 ἐλευ-

1012 855 1179 893 θερουμένης
1205 857 1259 884 ἀπὸ
1287 857 1337 892 τῆς
1358 857 1478 889 δουλείας
1503 856 1552 892 τῆς
1574 856 1677 891 φθορᾶς
1696 856 1736 887 είς
1752 854 1802 890 τὴν

1013 901 1168 937 ἐλευθερίαν
1183 902 1232 937 τῆς
1256 901 1334 937 δόξης
1348 901 1403 928 τῶν
1420 901 1522 927 τέκνων
1537 899 1584 926 τοῦ
1598 898 1675 926 Θεοῦ.
1695 899 1756 924 Ὀτι
1773 897 1802 924 δὲ

167 948 230 970 esse
246 941 365 975 Patrem,
379 950 477 979 neque,
496 947 526 970 ut
541 943 581 971 illi
593 943 680 978 aiunt,
693 944 781 972 solum
790 944 888 978 Deum,
901 953 952 973 om

1036 948 1187 984 σαρκωθεὶς
1209 948 1311 984 Κύριος
1326 949 1373 975 καὶ
1389 948 1455 980 Θεὸς
1467 947 1545 983 ἡμῶν
1570 945 1673 982 Ἰησοῦς
1685 944 1802 981 Χριστὸς

168 995 219 1015 nes
233 987 331 1016 divinae
345 987 493 1024 Scriptum
503 993 649 1022 testantur,
665 990 810 1024 quzeillum
823 991 870 1026 qui
881 990 963 1019 adve-

168 1033 220 1066 nit,
235 1033 333 1061 Filium
348 1034 395 1062 Dei
408 1034 568 1070 praedicant,
582 1041 610 1063 et
620 1035 654 1063 de
671 1035 753 1064 Patre
768 1043 876 1072 semper
890 1037 963 1065 edis-

167 1083 302 1108 serentem
314 1081 464 1109 ostendunt
475 1102 483 1114 ,
499 1089 531 1109 ac
546 1081 693 1115 dicentem,
707 1090 737 1110 se
753 1090 768 1110 a
780 1083 862 1111 Patre
877 1083 962 1112 exiis-

169 1134 209 1161 se,
224 1131 251 1155 et
274 1127 308 1155 ad
329 1126 440 1155 Patrem
461 1127 561 1155 redire.
578 1127 707 1163 Nihilque
719 1136 788 1164 opus
800 1133 843 1157 est
860 1129 887 1156 in
902 1129 966 1162 alie:

167 1171 261 1199 rendis
282 1172 449 1200 testimoniis
477 1172 637 1205 immorari,
664 1180 727 1200 cum
753 1173 855 1206 omnia,
870 1178 899 1201 ut
924 1176 962 1202 ita

168 1217 270 1249 (licam,
288 1216 446 1253 Evangelia,
474 1222 502 1245 et
511 1219 698 1254 apostolorum
708 1219 850 1256 scriptura:
863 1220 897 1248 ad
909 1220 962 1249 hoc

168 1262 259 1300 Ipsum
274 1264 448 1293 contendant.

205 1366 249 1395 15.
268 1365 344 1395 Alias
356 1366 512 1403 quoqueilli
524 1367 603 1396 nobis
609 1368 751 1404 gentilium
759 1369 961 1399 controversias

169 1413 300 1447 excitant,
315 1412 471 1441 Judaeorum
485 1414 669 1450 blasphemias
689 1419 845 1449 assumunt,
860 1420 958 1451 myste-

169 1458 295 1494 riumque
307 1458 448 1487 missionis
459 1462 486 1486 et
496 1459 694 1487 incarnationis
702 1460 782 1488 Verbi
794 1460 919 1488 irrident.
931 1460 961 1489 Si

168 1504 241 1532 enim
253 1505 371 1532 mittitur
380 1509 407 1533 et
417 1505 570 1538 descendit,
584 1506 678 1541 aiunt,
692 1514 748 1534 non
759 1507 812 1536 erit
823 1515 885 1534 cum
898 1508 962 1535 mit-

168 1555 252 1584 tente,
263 1559 351 1588 neque
362 1552 387 1580 ei
398 1552 444 1588 qui
455 1560 564 1580 sursum
576 1556 668 1580 manet
678 1553 835 1581 cohaerebit.
849 1553 961 1581 Discant

169 1597 247 1630 illud,
256 1605 378 1630 sursum,
389 1602 416 1626 et
427 1598 454 1626 in
464 1598 558 1632 altum,
569 1606 623 1626 non
636 1600 816 1635 corporaliter
827 1600 961 1628 duntaxat

169 1642 345 1676 audiendum,
355 1643 402 1671 sed
415 1644 505 1679 potius
520 1644 583 1672 novi
598 1645 736 1681 quidpiam
750 1645 957 1682 intelligendum

167 1696 239 1716 esse.
247 1688 313 1716 Nam
320 1689 398 1716 illud:
410 1698 419 1715 ι
432 1689 563 1718 Excelsus
572 1698 653 1726 super
661 1699 757 1719 omnes
765 1695 860 1727 gentes
869 1691 957 1720 Domi-

167 1735 251 1763 nus"
263 1735 343 1771 ει37
350 1739 394 1763 et:
408 1745 416 1760 ι
429 1735 562 1763 Exaltabo
573 1736 733 1770 te,D_omine
743 1737 781 1771 “5;
795 1741 835 1765 »ει
846 1748 852 1765 :
864 1747 873 1764 ι
885 1737 958 1766 Lau-

167 1780 268 1809 dabilis
288 1785 315 1808 et
331 1782 588 1817 superexaltatusin
598 1783 698 1810 saecula
708 1783 750 1816 ";
767 1792 777 1810 ι
792 1791 848 1811 non
860 1784 957 1812 inloco

167 1825 297 1861 quodam,
313 1831 339 1855 et
352 1827 379 1854 in
395 1827 506 1855 sublimi
522 1828 668 1856 Dominum
680 1837 741 1858 esse
752 1829 875 1858 declarat
889 1839 958 1859 :nec

166 1870 203 1898 ab
218 1869 387 1905 hominibus,
399 1871 441 1900 vel
457 1872 491 1900 ab
507 1873 569 1901 aliis
584 1873 631 1909 qui
646 1881 710 1901 eum
725 1874 853 1903 laudibus
867 1877 956 1903 extol-

167 1915 228 1944 lunt
247 1917 332 1946 Deum
353 1919 469 1946 exaltari
489 1920 633 1956 designat;
655 1921 702 1949 sed
723 1921 956 1957 magniﬁcentiam

167 1963 315 1993 invisibilis
334 1965 454 1999 deitatis,
468 1966 640 1995 altitudinem
655 1971 743 1996 vocat.
757 1968 790 1996 Et
807 1969 854 2005 qui
870 1970 954 1997 dicit:

169 2018 181 2036 σ
195 2009 301 2038 Ccclum
324 2012 386 2039 εωιί
410 2011 537 2046 Domino,
563 2017 665 2041 terram
687 2018 778 2042 autem
797 2015 871 2043 dedit
892 2016 956 2044 ﬁliis

168 2054 311 2082 hominum
321 2055 366 2084 ":
382 2065 392 2082 ›
405 2064 461 2085 non
481 2064 532 2092 pro
553 2057 731 2087 habitationis
751 2059 811 2086 loco
825 2080 832 2091 ,
856 2060 956 2088 omium

168 2100 234 2133 Deo,
250 2100 408 2131 hominibus
421 2106 524 2130 terram
542 2103 685 2139 assignat;
703 2104 751 2132 sed
764 2105 956 2134 excellentiam

167 2146 217 2175 Dei
242 2147 358 2184 ejusque
380 2149 609 2185 magniﬁcentiam
630 2150 761 2178 Ostendit.
783 2151 852 2179 Cum
873 2152 957 2188 igitur

168 2193 307 2229 majestas,
320 2197 348 2222 et
356 2195 569 2231 magniﬁcentia,
581 2196 702 2224 celestis
716 2197 878 2232 appelletur,
889 2205 958 2226 con~

167 2244 209 2268 tra
223 2248 289 2269 vero
303 2241 445 2269 humilitas
456 2241 516 2276 ejus
526 2246 636 2270 terreno
650 2243 741 2276 modo,
756 2251 788 2271 ac
804 2251 887 2280 super
899 2248 956 2272 ter-

1012 996 1027 1021 ὁ
1044 995 1138 1030 Πατὴρ
1159 994 1209 1022 οὐκ
1223 994 1307 1027 ἐστιν,
1327 995 1392 1026 οὐδ’,
1407 994 1445 1026 ὡς
1475 994 1575 1020 ὲκεῖνοι
1595 993 1672 1027 φαῖεν
1695 991 1768 1027 (54),
1787 991 1802 1017 6

1014 1041 1094 1077 μόνος
1108 1041 1184 1073 Θεὸς,
1203 1041 1307 1068 ἅπασαι
1327 1040 1510 1078 μαρτυροῦσιν
1533 1040 1561 1066 αι
1584 1039 1653 1066 θεῖαι
1678 1037 1801 1073 Γραφαὶ,

1013 1086 1078 1114 Υίὸν
1094 1086 1141 1113 τοῦ
1158 1086 1225 1113 Θεοῦ
1253 1086 1298 1113 τὸν
1321 1086 1528 1122 παραγεγονότα
1550 1084 1743 1121 κηρύττουσαι,
1755 1082 1803 1109 καὶ

1013 1134 1077 1170 περὶ
1092 1133 1199 1169 Πατρὸς
1218 1132 1261 1160 ἀεὶ
1271 1132 1461 1168 διαλεγόμενον
1478 1131 1705 1162 ὲπιδεικνύουσαι,
1726 1127 1802 1164 παρὰ

1011 1180 1119 1215 Πατρὸς
1128 1179 1287 1216 ἐληλυθέναι
1305 1179 1442 1214 φάσκοντα
1457 1178 1523 1214 (55),
1541 1178 1588 1205 καὶ
1604 1176 1672 1213 πρὸς
1690 1175 1802 1211 Πατέρα

1012 1226 1131 1254 ἀπιέναι.
1144 1226 1198 1253 Καὶ
1210 1225 1284 1252 οὐδὲν
1300 1225 1341 1253 δεῖ
1355 1224 1484 1261 μηκύνειν
1500 1222 1714 1259 παρατιθέμενον
1730 1230 1802 1257 μαρ-

1011 1272 1107 1308 τυρίας
1117 1281 1124 1287 ·
1143 1272 1233 1299 πάντα
1248 1271 1313 1308 γὰρ,
1326 1271 1363 1303 ὡς
1377 1272 1474 1303 εἰπεῖν,
1489 1270 1523 1297 τὰ
1532 1268 1697 1304 Εὑαγγέλια,
1713 1267 1761 1294 καὶ
1774 1268 1802 1295 αι

1011 1317 1066 1344 τῶν
1080 1317 1239 1344 ἀποστόλων
1250 1317 1355 1352 γραφαὶ
1371 1317 1412 1348 είς
1421 1316 1501 1343 τοῦτο
1518 1314 1710 1342 συντείνουσιν.

1047 1375 1091 1402 15.
1110 1374 1210 1406 Ἀλλας
1222 1383 1252 1401 τε
1267 1372 1426 1410 Ἑλληνικὰς
1436 1373 1502 1408 ἡμῖν
1515 1371 1669 1406 ἀντιλογίας
1683 1368 1801 1401 κινοῦσι,

1011 1418 1118 1451 καὶτὰς
1135 1419 1166 1452 ἐξ
1184 1418 1319 1446 Ἰουδαίων
1332 1417 1505 1454 βλασφημίας
1521 1415 1691 1451 ἐπιφέρουσι,
1711 1414 1802 1450 χλευά-

1011 1465 1103 1497 ζοντες
1119 1464 1149 1492 τὸ
1174 1464 1324 1500 μυστήριον
1339 1463 1389 1498 τῆς
1402 1461 1553 1497 ἀποστολῆς
1577 1459 1624 1487 τοῦ
1645 1459 1732 1493 Λόγου
1754 1459 1802 1485 καὶ

1013 1510 1189 1547 σαρκώσεως.
1206 1510 1238 1536 Et
1253 1510 1307 1545 γάρ
1332 1508 1536 1540 ἀποστέλλεται,
1558 1507 1606 1534 καὶ
1630 1505 1802 1536 καταϐαίνει,

1012 1557 1106 1592 φασὶν,
1123 1558 1173 1583 οὐκ
1188 1557 1265 1583 ἔσται
1288 1554 1358 1591 μετὰ
1373 1553 1428 1590 (56)
1439 1553 1486 1580 τοῦ
1507 1551 1727 1583 ἀποστέλλοντος,
1741 1549 1803 1576 οὐδὲ

1011 1603 1050 1639 τῷ
1065 1602 1122 1630 ἀνω
1137 1602 1245 1638 μένοντι
1261 1601 1380 1628 σύνεστι.
1401 1599 1569 1627 Μαθέτωσαν
1589 1598 1620 1633 δὴ
1639 1597 1670 1624 τὸ
1683 1597 1739 1624 ἀνω
1755 1594 1805 1622 κα)⁸

1011 1650 1042 1677 τὸ
1057 1650 1086 1677 ὲν
1100 1649 1161 1686 ὕψει
1177 1649 1214 1685 μὴ
1231 1647 1395 1684 σωματικῶς
1418 1646 1527 1673 ἀκούειν
1541 1645 1630 1681 μόνον,
1648 1643 1716 1670 ἀλλὰ
1728 1643 1761 1678 δή
1774 1651 1802 1669 τι

1008 1697 1162 1732 καινότερον
1174 1693 1441 1733 ένθυμείσθωσαν.ἰ“ὸ
1448 1694 1527 1730 γὰρ,ι
1538 1691 1653 1727 Two;
1661 1691 1707 1717 ἐπὶ
1714 1689 1803 1717 πάντα

1008 1741 1042 1769 τὰ
1055 1741 1119 1776 ἔθνη
1129 1742 1143 1768 ὁ
1159 1740 1270 1777 Κύριος,
1289 1750 1298 1766 t
1318 1739 1429 1772 καὶτὸ,‹
1441 1737 1556 1774 ’Υψώσω
1570 1735 1717 1772 σε,Κύριε,
1732 1743 1742 1760 ›
1755 1735 1803 1762 καὶ

1007 1788 1048 1821 τὸ,
1064 1798 1073 1814 ι
1091 1787 1202 1818 Αἰνετὸς
1218 1787 1264 1814 καὶ
1290 1785 1513 1822 ὑπερυψούμενος
1525 1785 1565 1816 είς
1581 1783 1644 1815 τοὺς
1658 1781 1771 1814 αἰῶνας,
1790 1790 1800 1808 ι

1007 1835 1057 1861 οὐκ
1073 1834 1102 1860 ὲν
1115 1833 1190 1868 τόπῳ
1203 1833 1256 1859 τινὶ
1271 1832 1317 1859 καὶ
1331 1830 1461 1867 μετεώρῳ
1472 1830 1518 1857 τὸν
1534 1829 1635 1865 Κύριον
1648 1829 1712 1856 ὅντα
1731 1835 1803 1863 παρ-

1009 1880 1123 1916 ίστησιν,
1136 1879 1190 1906 οὐδ’
1204 1879 1257 1905 ὑπὸ
1274 1877 1322 1906 ἀνθ
1328 1877 1424 1914 ρώπων
1437 1875 1666 1912 μετεωριζόμενον
1679 1874 1803 1910 ὑπογράο

1008 1935 1053 1962 φει
1069 1926 1114 1953 τὸν
1125 1925 1202 1959 Θεὸν,
1215 1924 1269 1952 οὐδ’
1284 1924 1336 1952 ὑπὸ
1347 1923 1503 1956 τῶνζᾶλλων
1512 1923 1566 1949 τῶν
1577 1921 1733 1958 ὑμνούντων
1750 1921 1801 1947 αὺ-

1006 1972 1063 2004 τὸν,
1090 1971 1157 1999 ἀλλά
1181 1971 1211 1998 τὸ
1240 1970 1447 2007 μεγαλοπρεπὲς
1473 1969 1522 2005 τῆς
1543 1967 1659 2004 ἀοράτου
1673 1966 1802 2002 θεότητος

1007 2019 1075 2054 ὕψος
1092 2018 1180 2046 καλεῖ.
1197 2018 1254 2045 Καὶ
1270 2017 1388 2054 ὀλλέγων
1399 2025 1405 2032 ·
1428 2026 1437 2042 ι
1453 2016 1482 2042 '0
1496 2014 1609 2052 οὐρανὸς
1623 2013 1670 2041 τοῦ
1683 2012 1797 2049 οὐρανοῦ

1007 2051 1045 2100 uti:
1062 2064 1167 2101 Κυρίῳ,
1177 2063 1226 2100 τὴν
1241 2063 1269 2090 δὲ
1278 2051 1428 2099 γῆνέδωκε
1452 2063 1509 2094 τοῖς
1526 2062 1593 2094 υἱοῖς
1615 2060 1669 2087 τῶν
1691 2059 1799 2097 ἀνθρώ-

1007 2120 1077 2143 πων,
1097 2120 1108 2138 ι
1124 2110 1154 2138 ού
1168 2110 1250 2137 τόπον
1265 2110 1399 2145 οἰκήσεως
1413 2108 1565 2144 ἀποκληροῖ
1580 2108 1619 2143 τῷ
1633 2107 1729 2144 Κυρίῳ
1743 2106 1800 2142 (57)

1007 2156 1054 2184 τὸν
1069 2155 1195 2192 οὐρανὸν,
1209 2154 1363 2191 ἀνθρώποις
1379 2154 1407 2180 δὲ
1417 2153 1467 2190 τὴν
1479 2155 1530 2190 γῆν
1540 2162 1547 2169 ·
1560 2152 1629 2181 ἀλλά
1644 2153 1693 2189 τὴν
1716 2153 1801 2188 ὕπερ-

1006 2202 1070 2238 οχὴν
1098 2201 1146 2229 τοῦ
1178 2201 1245 2229 Θεοῦ
1274 2201 1321 2228 καὶ
1345 2200 1583 2236 μεγαλοπρέπειαν
1606 2199 1799 2227 ἐπιδείκνυσιν.

1009 2249 1094 2276 Ὅταν
1108 2246 1155 2276 οὖν
1171 2247 1202 2274 τὸ
1215 2247 1263 2284 μὲν
1276 2247 1374 2283 σεμνὸν
1396 2247 1443 2274 καὶ
1459 2246 1665 2282 μεγαλοπρεπὲς
1681 2244 1800 2281 ἐπουρά-

167 2294 227 2314 ram
247 2295 309 2316 esse
323 2288 447 2322 dicatur;
463 2288 520 2316 illic
537 2288 618 2318 Verbi
634 2290 784 2320 descensus
807 2291 952 2326 reperitur,

1028 2303 1062 2322 ιον
1075 2293 1143 2322 εἶναι
1155 2293 1278 2330 λέγηται,
1291 2293 1377 2329 τούτῳ
1393 2293 1421 2319 δὲ
1447 2292 1642 2327 ἀντικειμένως
1657 2291 1688 2318 τὸ
1704 2298 1799 2318 ταπει-

166 2340 266 2370 nempe
281 2334 415 2363 transitus
426 2335 471 2363 ille
481 2343 536 2370 quo
549 2343 582 2364 ex
601 2336 764 2373 incorporea
775 2338 954 2373 magniﬁcen-

166 2379 204 2407 tia
214 2379 249 2407 ad
259 2387 419 2416 corpoream
429 2381 559 2409 vilitatem
576 2389 636 2410 sese
647 2383 769 2416 tradidit,
781 2384 887 2416 cumis,
899 2392 949 2419 pro

167 2430 227 2461 pter
246 2434 327 2455 suum
341 2435 405 2464 erga
422 2427 571 2456 humanum
586 2437 672 2465 genus
695 2437 826 2463 amorem.
842 2435 869 2458 et
888 2439 953 2468 pro~

165 2476 228 2507 pter
252 2473 400 2502 salutarem
425 2482 489 2510 erga
512 2474 671 2503 universum
688 2475 900 2512 providentiam,
919 2474 954 2505 ad

165 2526 326 2555 corpoream
351 2520 466 2548 formam
495 2521 666 2550 subeundam
687 2529 748 2550 sese
774 2521 891 2550 dederit.
913 2521 953 2551 Ac

167 2565 318 2592 secundum
340 2566 392 2594 hoc
408 2567 510 2595 missus
526 2567 693 2604 intelligetur
706 2578 712 2596 :
725 2568 799 2603 quod
821 2568 953 2596 ineffabili

158 2611 320 2647 vincorporei
337 2611 428 2641 Patris
443 2614 560 2642 consilio
574 2615 695 2650 seipsum
709 2615 819 2651 corpori
835 2615 953 2644 tradide-

1009 2341 1053 2367 νὺν
1063 2339 1164 2376 γηΐνως
1177 2348 1207 2366 τε
1222 2339 1268 2366 καὶ
1290 2338 1336 2366 ἐπὶ
1352 2338 1402 2373 γῆς
1419 2335 1489 2365 εἶναι
1507 2338 1620 2374 λέγηται
1633 2336 1700 2373 (58),
1714 2337 1799 2365 κατά-

1007 2385 1085 2418 ϐασις
1101 2385 1258 2422 εὑρίσκεται
1271 2385 1318 2411 τοῦ
1335 2385 1421 2419 Λόγου
1436 2386 1453 2420 ὴ
1474 2385 1507 2411 ὲκ
1526 2384 1576 2419 τῆς
1591 2384 1736 2419 ἀσωμάτου
1750 2392 1799 2419 με-

1007 2431 1208 2468 γαλοπρεπείας
1232 2432 1271 2463 εἰς
1287 2431 1318 2458 τὸ
1335 2431 1381 2458 τοῦ
1399 2430 1524 2471 σώματος
1544 2430 1651 2462 εὐτελὲς
1666 2429 1796 2462 ἐπίδοσις,

1007 2476 1199 2507 ὲπιδεδωκότος
1226 2476 1322 2503 ἑαυτὸν
1346 2477 1387 2508 είς
1409 2476 1569 2512 σωματικὴν
1594 2475 1734 2511 μόρφωσιν
1752 2475 1798 2502 διὰ

1008 2522 1214 2559 φιλανθρωπίαν
1223 2523 1269 2549 καὶ
1277 2522 1325 2558 τὴν
1336 2523 1384 2549 τοῦ
1396 2522 1495 2554 παντὸς
1509 2522 1642 2558 σωτήριον
1657 2521 1794 2558 πρόνοιαν.

1012 2569 1226 2605 ’Δπεσταλμένος
1253 2577 1284 2596 τε
1309 2569 1380 2596 κατά
1396 2569 1474 2596 τοῦτο
1492 2568 1668 2604 νοηθήσεται,
1685 2569 1727 2595 ὅτι
1747 2569 1797 2603 ἀρ-

1008 2617 1082 2652 ρήτῳ
1101 2615 1224 2652 βουλήσει
1240 2614 1287 2642 τοῦ
1308 2615 1455 2651 ἀσωμάτου
1471 2615 1576 2651 Πατρὸς
1591 2615 1697 2650 σώματι
1720 2615 1798 2642 δέδω-

156 2676 159 2684 .
197 2699 221 2716 "
238 2698 356 2738 Philipp.
374 2701 468 2734 “1,21.
505 2703 530 2719 ‘"
549 2703 630 2731 Rom.
647 2712 707 2737 vm,
724 2704 771 2732 2|.
814 2705 836 2721 "'
855 2704 928 2733 Psal.
946 2713 952 2732 ε

1032 2705 1060 2734 ι.
1096 2705 1120 2722 "
1139 2705 1213 2734 Psal.
1230 2713 1316 2738 nix,
1336 2705 1361 2733 l.
1398 2706 1421 2721 "
1442 2705 1509 2732 Dan.
1531 2711 1579 2738 ut,
1598 2704 1643 2732 52.
1682 2703 1705 2724 ⁷⁸
1720 2702 1795 2734 Pal.

163 2734 363 2768 exuuio.”-

211 2812 258 2849 μ)
273 2811 466 2849 ξεειιεινίειιυι,
481 2814 520 2848 ὡς
535 2816 569 2843 ἀν
583 2816 693 2844 ἐκεῖνοι.

213 2848 259 2887 ίξὸ)
274 2848 466 2887 ῦοιιιετίειυυι,
490 2851 651 2887 φάσκοντες.
669 2851 754 2880 Paulo
768 2855 831 2887 post
842 2852 870 2881 in
883 2851 949 2881 edit.

167 2882 255 2916 Paris,
268 2884 325 2913 sola
336 2884 475 2916 mendose,
488 2882 525 2916 ὥς
539 2883 624 2913 εἷπον.

203 2914 258 2956 (58)
275 2919 352 2948 Μετὰ
367 2919 443 2949 deest
467 2914 496 2948 in
512 2914 604 2954 editis,
616 2921 663 2950 sed
679 2922 794 2951 habetur
809 2923 837 2951 in
851 2921 952 2958 Segus-

1005 2817 1096 2849 riano,
1109 2821 1136 2844 et
1149 2819 1247 2845 lectum
1263 2822 1304 2845 est
1314 2824 1329 2844 a
1342 2817 1457 2845 Nannio.

1040 2853 1097 2888 (5'71)
1113 2852 1314 2888 Seguor.,0et'{).
1463 2887 1482 2888 77
1493 2887 1499 2888 7
1559 2887 1563 2888 7
1582 2887 1585 2888 7
1799 2863 1817 2871 θ

1042 2887 1097 2923 (58)
1115 2887 1310 2923 Seguerianus,
1323 2887 1444 2922 λέγηται.
1463 2887 1547 2921 Editi,
1558 2887 1679 2922 λέγεται.
