1898 3053
143 149 198 178 121

718 143 812 178 QUOD
832 143 926 173 UNUS
947 145 1001 173 Sl'l‘
1020 145 1203 174 CHRISTL'S.

1716 145 1768 173 122

144 216 194 236 κεν
204 206 312 234 ἑαυτόν.
327 206 374 242 Μὴ
388 205 476 232 τοενυν
489 205 516 232 al
526 204 679 240 σωματικαὶ
691 206 788 239 φωναὶ,
799 205 929 232 τουτέστιι

989 207 1032 233 rit.
1046 207 1084 233 Ne
1099 207 1182 241 igitur
1193 213 1273 232 voces
1285 213 1345 240 (luas
1355 205 1388 232 de
1399 212 1513 240 corpore
1525 205 1661 236 feruntur,
1673 212 1769 240 nempe

144 255 160 290 ³)
178 253 331 284 κατάϐασίς
342 261 371 279 τε
391 253 437 279 καὶ
451 251 666 292 ἀποστολὴ-πρὸς
680 251 793 287 ἄρνησιν
804 252 853 287 τῆς
869 261 934 288 σαρ-

142 300 256 332 κώσεως
267 299 350 326 αὑτοῦ
365 297 596 334 προσαγέσθωσαν
611 297 677 332 (59),
694 298 734 324 ὅτι
752 298 789 333 μὴ
804 299 934 325 καταϐαίη

142 354 186 373 νει
201 344 324 376 τοπικῶς
348 344 415 379 μηδὲ
437 342 629 370 ἀποστέλλεται
649 342 732 374 Θεός·
760 343 817 369 ἀλλ’
838 343 936 370 ἀκουέ-

141 399 234 418 τωσαν
257 389 305 415 τοῦ
326 388 486 415 ’Λποστόλου
516 388 664 424 φράζοντος
690 388 722 414 τὸ
744 389 870 424 πρᾶγμα,
889 389 934 415 καὶ

142 437 204 472 ἃμα
219 435 273 462 τῶν
280 435 408 461 τοιούτων
421 433 585 470 ὁμοιώσεων,
594 435 637 460 ὅτε
646 434 737 469 φησίν·
750 443 759 460 ι
775 435 821 466 Ὃς
830 436 857 460 ἐν
867 443 934 470 μηρ-

143 484 183 518 ῳῇ
192 481 258 508 Θεοῦ
272 481 468 517 ὐπάρχων,οὺχ
481 480 626 516 ἁρπαγμὸν
637 481 759 516 ἡγήσατο
770 480 799 506 τὸ
807 478 876 507 εἶναι
889 481 934 508 (ea

143 529 215 562 Θεῷ,
231 527 288 554 ἀλλ’
303 527 398 554 ἑαυτὸν
418 527 545 558 ὲκὲνωσε,
563 527 669 562 μορφὴν
683 527 775 553 δούλου
790 527 889 559 λαϐὼν,
906 527 934 554 ἐν

143 573 298 609 ὁμοιώματι
305 572 353 599 ἀνθ
357 573 455 609 ρώπων
463 572 615 607 γενόμενος.
630 582 638 598 ι
650 573 734 600 Τοῦτο
740 571 773 609 ἦν
780 574 810 600 τὸ
819 574 936 610 καταϐῆ-

143 628 201 652 ναι,
210 619 288 646 τοῦτο
295 620 326 646 τὸ
333 620 514 655 ἀποσταλῆναι
524 620 562 651 εἱς
570 618 671 655 ἔνδυμα
682 620 872 656 ταπεινότερον
885 621 935 656 τῆς

143 666 224 699 ἀξίας
233 665 324 697 αὑτοῦ,
335 666 465 698 ὑπόϐασις
474 666 546 702 ἡτῆς
556 666 727 702 ἀνθρωπίνης
734 667 839 703 μορφῆς
848 668 935 703 ἐποιμ-

144 711 250 745 φίασις,
265 713 336 738 κατὰ
352 711 385 738 τὸ
402 711 526 747 βούλημα
538 711 702 748 τοῦπατρὸς
728 712 933 748 ἐπιτελουμένη.

144 757 180 784 El
196 758 224 784 δὲ
240 757 316 793 τόπῳ
340 758 388 785 καὶ
414 758 518 794 σώματι
534 759 549 784 ὁ
564 758 650 791 Λόγος
671 758 707 794 μὴ
725 758 933 794 περιγράφεται,

143 804 197 831 οὐκ
222 804 463 840 ἁποσπασθήσεται
489 804 535 831 τοῦ
555 804 700 840 ἀσωμάτου
713 805 819 841 Πιτρὸς
832 805 876 831 διὰ
886 805 934 840 τὴν

144 848 216 884 πρὸς
233 848 313 884 σῶμα
329 848 479 884 ἁνάκρασιν
491 857 498 864 ·
513 848 635 876 δέδεκται
649 849 702 885 γὰρ
715 849 795 876 αὑτὸν
806 849 836 876 τὺ
855 849 935 885 σῶμα

146 893 321 929 βουληθέντα,
336 893 374 926 ὡς
388 894 505 929 πεφύκει
521 895 538 930 ἡ
553 895 668 931 σαρκίνη
690 895 771 930 φύσις
786 894 852 921 Θεὸν
871 895 934 921 ὑπο·
950 890 970 918 Β

145 939 284 972 δέξασθαι.
315 940 399 967 Μένει
421 940 449 966 δὲ
475 940 550 966 οὐδὲν
570 940 678 967 ἔλαττον
705 941 750 968 ἐπὶ
772 941 820 975 τῆς
836 940 932 967 ἑαυτοῦ

145 985 264 1020 φύσεως,
281 986 297 1021 ἢ
312 986 359 1012 καὶ
371 986 424 1022 πρὸ
437 986 486 1021 τῆς
498 986 669 1022 σαρκώσεως.
681 987 762 1014 ’Ὥστε
777 989 793 1022 ἡ
807 987 837 1019 ἐξ
853 987 934 1023 οὐρα-

146 1032 193 1059 νοῦ
211 1032 362 1065 κατάὸασις
371 1033 424 1068 (60)
435 1033 485 1060 οὐκ
496 1031 530 1068 ἦν
544 1033 691 1068 μετάϐασις
702 1033 730 1065 ἐξ
739 1032 864 1068 οὐρανοῦ,
873 1033 934 1059 οὐδὲ

148 1079 165 1113 ὴ
183 1079 319 1115 ἀποστολὴ
335 1079 474 1115 χωρισμὸς
489 1078 543 1106 ἀπὸ
558 1078 604 1105 τοῦ
621 1079 773 1115 πέμποντος
788 1080 902 1115 Πατρός.

182 1180 206 1196 ⁷⁸
223 1180 340 1217 Philipp.
360 1189 398 1214 ιι,
417 1181 445 1214 6,
463 1181 490 1209 7.

181 1259 239 1295 (59)
257 1259 454 1296 Seguenanus,
472 1259 693 1297 προαγέσθωσαν.

985 252 1135 279 descensus
1150 255 1178 278 et
1191 251 1298 283 missio,
1312 250 1345 277 ad
1361 251 1512 285 negandum
1527 251 1586 285 ejus
1601 251 1769 277 incarnatio-

983 304 1046 324 nem
1064 296 1249 331 proferantur,
1273 296 1336 331 quia
1358 295 1429 323 Deus
1452 296 1531 323 l0cali
1550 296 1632 323 modo
1651 304 1703 323 nec
1721 297 1770 324 de-

984 343 1100 374 scendit,
1117 350 1167 369 nec
1182 342 1317 374 mittitur;
1338 341 1385 370 sed
1401 343 1513 369 audiant
1530 342 1688 376 Apostolnm
1703 343 1768 370 illud

984 390 1165 426 explicantem
1192 397 1245 416 una
1269 396 1330 416 cum
1351 388 1507 423 hujusmodi
1531 389 1768 422 similitudinibus,

984 444 1046 463 cum
1064 437 1101 462 ait
1118 446 1124 464 :
1143 446 1152 461 ι
1168 435 1218 468 Qui
1233 443 1294 462 cum
1312 435 1338 461 in
1355 435 1440 461 forma
1456 435 1501 461 Dei
1523 439 1606 465 esset.
1624 443 1678 462 non
1694 436 1769 470 rapi-

984 490 1046 509 nam
1064 482 1212 508 arbitratus
1235 484 1277 508 est
1292 488 1352 507 esse
1375 488 1404 507 se
1419 480 1547 514 :equulem
1570 480 1625 507 Deo
1638 490 1643 507 :
1657 480 1704 508 sed
1725 488 1769 508 sch

985 529 1130 562 mctipsum
1152 527 1313 558 exinanivit,
1334 525 1448 553 formam
1472 526 1543 553 servi
1565 527 1712 562 accipiens.
1740 527 1767 553 in

986 574 1192 602 similitudinem
1221 574 1363 600 hominum
1385 572 1515 601 iactus".
1531 583 1540 599 ι
1567 573 1623 600 lloc
1647 578 1706 600 erat
1720 573 1766 601 de-

986 621 1128 651 scendere.
1144 620 1196 646 hoc
1212 619 1292 652 mitti,
1311 623 1340 645 ut
1358 619 1547 646 indumentum
1567 619 1698 654 dignitate
1719 627 1768 647 sua

984 666 1115 694 humilius
1138 670 1298 693 assumeret.
1323 665 1388 692 Illud
1414 669 1456 693 est
1477 665 1653 697 descrmlerc,
1677 666 1770 693 huma-

985 720 1049 740 nam
1063 712 1177 738 l‘ormam
1189 712 1266 746 juxta
1278 710 1367 738 Patris
1378 712 1545 738 voluntatem
1556 711 1677 738 induere.
1691 711 1769 744 Quod

986 759 1008 787 si
1024 759 1083 786 loro
1093 762 1119 785 et
1133 766 1247 793 corpore
1259 757 1375 785 Verbum
1391 766 1443 785 non
1454 759 1703 791 circumscribitur,
1714 767 1770 786 non

985 805 1117 832 avelletur
1131 804 1164 831 ab
1192 804 1354 838 incorporeo
1369 803 1459 835 Patre,
1476 808 1587 839 propter
1603 812 1680 831 suam
1707 812 1770 832 cum

987 858 1105 884 corpore
1122 850 1399 884 contemperationcm
1413 858 1418 876 :
1433 857 1494 876 nam
1518 857 1618 885 corpus
1635 850 1769 877 volentem

986 897 1075 931 ipsum
1091 896 1208 930 excepit,
1225 901 1360 930 quatenus
1379 895 1475 922 idonea
1488 899 1530 922 est
1542 895 1662 922 carnalis
1673 899 1770 922 natura

985 941 1070 969 Deum
1088 942 1237 977 suscipere.
1261 941 1350 969 Manet
1370 941 1548 970 nihilominus
1569 942 1596 968 in
1619 950 1668 970 sua
1685 942 1771 977 ipsius

985 992 1094 1021 natura,
1107 996 1188 1023 quam
1202 993 1264 1016 ante
1280 989 1493 1016 incarnationem
1507 989 1611 1016 habuit.
1629 988 1665 1016 Ita
1680 992 1709 1015 ut
1722 989 1770 1016 dc-

986 1043 1101 1063 scensus
1118 1043 1150 1062 ex
1166 1036 1246 1068 cmlo,
1261 1043 1315 1062 non
1331 1036 1410 1063 fuerit
1423 1036 1628 1070 transmigratio
1639 1044 1672 1063 ex
1685 1037 1768 1063 c0310:

948 1109 957 1115 ,
988 1089 1077 1117 neque
1089 1081 1195 1115 missio,
1217 1090 1232 1109 a
1248 1081 1330 1109 Patre
1347 1083 1472 1110 mittente
1486 1082 1631 1118 separatio.

1022 1261 1077 1297 (60)
1090 1259 1256 1294 Κατάὸασις,
1269 1261 1345 1289 deest
1356 1261 1384 1289 in
1398 1261 1520 1295 Gobler.,
1535 1260 1608 1289 Felc.
1622 1269 1640 1293 ι.
1659 1261 1770 1297 Segucr.

553 1433 594 1464 ΙΝ
615 1431 860 1463 ORATIONEM
889 1430 1130 1468 SEQUENTEM
1159 1431 1360 1463 MONITUM.

182 1513 242 1542 lam
254 1515 356 1549 pridem
370 1514 535 1542 eruditorum
551 1515 602 1550 fuit
614 1515 712 1550 opinio,
726 1515 794 1542 hunc
809 1514 906 1541 librum
917 1522 1083 1550 nequaquam
1102 1513 1185 1542 videri
1195 1513 1423 1544 Athanasianum.
1440 1513 1500 1540 licet
1514 1513 1616 1548 antiqui
1633 1512 1772 1547 cujusdam

143 1565 170 1588 et
183 1560 284 1588 eruditi
296 1561 347 1589 uiri
365 1569 430 1595 opus
444 1569 501 1588 esse
517 1561 607 1595 palam
637 1562 684 1589 sit.
704 1560 746 1588 Ea
765 1560 796 1588 de
806 1569 833 1588 re
850 1560 912 1587 libet
930 1559 1068 1587 Petavium
1083 1560 1176 1587 audire
1191 1559 1406 1595 Theologicorum
1426 1559 1578 1595 dogmatum
1592 1559 1623 1586 de
1641 1560 1773 1587 Tn'nitate

145 1607 214 1635 libro
224 1615 261 1640 tv,
277 1615 304 1643 ρ.
320 1607 384 1636 515.
396 1606 489 1643 Neque
508 1615 573 1635 vero
589 1607 733 1635 Athanasii
745 1607 855 1634 videtur
869 1614 931 1634 esse
944 1615 952 1633 :
965 1607 1038 1641 quod
1053 1614 1086 1634 ex
1101 1606 1171 1642 stylo
1188 1606 1363 1640 COﬂlelllluS,
1377 1606 1423 1641 qui
1436 1610 1462 1633 et
1477 1605 1601 1633 diiiusior
1611 1611 1661 1639 est,
1679 1610 1705 1633 ct
1720 1606 1772 1634 mi-

145 1664 199 1685 nus
212 1657 411 1693 simplicitatis.
429 1656 666 1692 aﬂ'ectatiouisqne
683 1656 745 1692 plus
763 1655 856 1688 habet,
873 1662 954 1691 quam
970 1655 1017 1690 qui
1033 1654 1177 1682 Athanasii
1198 1662 1346 1690 germanus
1367 1658 1419 1686 est,
1435 1655 1514 1688 cujus
1530 1655 1647 1680 nativam
1662 1654 1773 1688 elcgan_

146 1704 225 1735 liam,
243 1711 274 1731 ac
291 1708 388 1739 sponte
400 1702 540 1735 ﬂuentem,
555 1703 630 1730 nuila
641 1706 732 1738 potest
749 1702 866 1730 imitatio
881 1702 1023 1736 consequi.
1043 1701 1112 1729 Tum
1128 1710 1161 1729 ex
1179 1710 1212 1730 eo
1229 1702 1300 1737 quod
1316 1701 1472 1728 Marcellum
1484 1701 1657 1736 Ancyranum
1678 1701 1771 1728 statim

148 1756 211 1776 cum
231 1748 317 1776 Paulo
332 1747 525 1781 Samosateno,
543 1751 673 1783 tanquam
694 1751 800 1775 certum
826 1751 854 1776 et
873 1747 1030 1777 confessum
1052 1747 1210 1775 hazreticum
1234 1747 1394 1782 coniungit;
1413 1755 1473 1774 cum
1492 1751 1580 1774 tamen
1595 1747 1628 1774 de
1645 1746 1772 1774 Marcello

148 1801 204 1822 non
219 1798 275 1820 tam
291 1793 403 1822 sinistre
416 1793 547 1828 judicarit
560 1793 737 1821 Athanasius.
755 1792 806 1820 llis
825 1801 841 1820 a
855 1792 965 1820 Petavio
982 1793 1114 1829 sagaciter
1130 1798 1154 1820 et
1168 1793 1271 1821 erudite
1288 1793 1444 1825 observatis,
1459 1792 1593 1823 addimus.
1606 1801 1663 1819 cum
1682 1792 1773 1819 adver-

147 1848 192 1867 sus
204 1839 342 1867 htereticos
358 1839 401 1866 hic
415 1844 521 1874 agatur,
533 1840 579 1874 qui
591 1839 658 1866 duas
674 1840 702 1866 in
718 1839 823 1867 Christo
836 1847 963 1875 personas
980 1848 1036 1867 esse
1054 1844 1200 1872 tuerentur,
1222 1849 1253 1867 ea
1272 1841 1333 1867 item
1355 1840 1386 1867 de
1401 1849 1482 1867 causa
1497 1839 1580 1867 rideri
1598 1840 1646 1867 hoc
1662 1847 1773 1874 opuscu-

147 1885 201 1913 lum
209 1886 359 1913 Athanasio
372 1885 592 1920 abjudicandum,
610 1886 655 1921 qui
666 1885 692 1912 in
702 1885 775 1913 nullo
786 1893 893 1920 operum
906 1894 1013 1913 suorum
1028 1885 1106 1920 hujus
1121 1885 1248 1914 hereseos
1265 1887 1393 1914 meminit.
1408 1886 1499 1922 Neque
1513 1891 1621 1920 putatur
1633 1886 1773 1914 Athanasii

146 1936 224 1960 etate
236 1932 269 1960 de
282 1932 386 1960 duabus
404 1932 433 1959 in
446 1931 551 1960 Christo
564 1932 684 1973 personis
705 1932 807 1967 agitata
815 1933 937 1967 qumstio.
955 1932 1080 1960 Attamen
1099 1933 1127 1960 in
1145 1933 1339 1969 antiquioribus
1360 1939 1449 1972 exstat
1461 1933 1610 1972 codicibus,
1624 1934 1774 1967 videturque

145 1979 244 2009 Im:qu
257 1980 350 2021 quinto
364 1979 474 2013 editum,
486 1987 536 2016 quo
551 1979 652 2021 oigelrat
666 1978 830 2019 estoriana
842 1979 959 2008 Itwresis.

596 2022 607 2036 Ι

699 2106 766 2135 ΤΟΥ
783 2107 830 2135 ΕΝ
844 2107 956 2135 ΔΓΙΟῙΣ
968 2107 1103 2136 ΠΑΤΡΟΣ
1121 2107 1220 2136 ΗΜΩΝ

807 2186 1126 2235 ἉΘΑΝΑΣΙΟΥ

744 2281 803 2308 on
823 2279 891 2307 E127
904 2281 925 2306 ο
943 2281 1098 2308 ΧΡΙΣΊὉΣ
1112 2281 1179 2318 (ot).

958 2350 998 2363 —.

648 2415 696 2461 S.
733 2417 786 2460 P.
828 2417 888 2461 N.
926 2416 1250 2463 ATHANASII

682 2511 794 2550 QUOD
815 2511 920 2545 UNUS
932 2513 1007 2544 SIT!
1022 2511 1234 2544 CHRISTUS.

187 2660 199 2687 Ι
206 2679 214 2687 .
223 2659 296 2687 Ἔδει
305 2659 355 2696 μὲν
369 2659 512 2693 minimi
520 2661 750 2697 ἁποπηδήσαντας
763 2663 940 2698 τῆςἙλληνι-

151 2705 203 2742 κῆς
219 2706 332 2740 πλάνης.
348 2707 396 2734 καὶ
414 2706 573 2741 ἑπιγνόντας
589 2707 634 2734 τὸν
651 2708 697 2735 ’ἐνα
719 2710 765 2735 καὶ
780 2709 859 2744 μόνον
873 2710 938 2745 ἀλη-

152 2751 206 2784 Θῶς
215 2751 269 2780 τῶν
285 2752 412 2780 ἁπάντων
427 2752 503 2786 Θεὸν,
526 2753 625 2790 μηκέτι
643 2756 782 2789 προσεῖναι
794 2755 827 2790 τῇ
841 2755 937 2787 κτίσει,

190 2829 245 2863 (6i)
267 2830 333 2858 Post
354 2831 368 2856 6
394 2829 529 2866 Χριστός,
556 2829 705 2858 Parisiens.
729 2831 791 2858 edit,
827 2830 931 2858 addunt

151 2863 251 2906 Λόγος,
267 2866 294 2893 id
306 2869 358 2899 est,
373 2863 446 2900 tibe'r,
462 2873 520 2901 qua:
531 2873 583 2894 vox
598 2866 674 2894 deest
686 2867 714 2894 in
728 2874 779 2895 ms.
794 2866 895 2894 Catena
909 2867 936 2894 iu

1030 2663 1086 2699 38
1102 2672 1127 2692 ι.
1152 2665 1268 2691 decebat
1283 2671 1330 2691 eos
1344 2663 1390 2699 qui
1405 2664 1488 2692 semel
1500 2671 1514 2692 a
1528 2664 1668 2700 gentilium
1683 2672 1777 2692 errore

993 2699 1159 2740 resilierant,
1186 2716 1218 2734 ac
1243 2716 1326 2735 unum
1347 2717 1463 2744 vereque
1481 2710 1775 2738 solum-universorum

994 2753 1077 2782 D'eum
1104 2757 1281 2789 agnoverant.
1309 2761 1363 2781 non
1389 2754 1505 2789 amplius
1525 2759 1656 2783 creaturae
1680 2754 1775 2789 adjici.

993 2831 1107 2869 Lucani,
1124 2831 1197 2869 Ἔδει
1213 2831 1241 2869 δζ
1257 2832 1318 2863 τοὺς
1331 2832 1412 2867 ἅπαξ,
1426 2833 1503 2869 quasi
1517 2833 1685 2868 pl’a‘missum
1698 2831 1776 2867 quid-

993 2867 1066 2902 piam
1083 2866 1175 2900 l'uerit,
1187 2866 1235 2895 sed
1254 2868 1333 2895 male.
