1898 3053
148 137 202 165 ηδ

715 138 743 167 S.
766 139 997 167 ATHANASIUS.
1017 155 1051 160 —
1070 139 1183 168 DUBIA.

1715 138 1768 167 ιει

147 205 199 225 nec
225 200 378 224 creaturam
396 203 444 231 pro
465 195 520 224 Deo
543 196 644 224 habere
666 201 694 224 et
713 198 813 231 colere,
838 199 933 226 relicto

988 198 1054 234 μηδὲ
1071 198 1203 225 θεοποιεῖν
1228 197 1276 224 καὶ
1297 196 1436 233 λατρεύειν
1461 197 1494 232 τῇ
1521 195 1622 228 κτίσει,
1632 195 1708 232 παρὰ
1721 195 1768 223 τὸν

147 243 287 274 Creatore,
304 251 313 267 ι
328 243 374 277 qui
385 246 428 269 est
439 241 598 269 benedictus
610 242 637 269 in
651 243 760 270 saecula.
774 242 861 270 Amen
869 243 904 270 '°.
918 252 928 269 ι

147 288 242 316 Itidem
264 289 282 315 ii
305 289 351 323 qui
378 296 393 315 a
409 287 523 315 Iudaica
541 288 732 316 incredulitate
749 293 930 322 recesserant,

147 335 249 370 quique
258 334 379 365 Judzeos,
395 339 424 361 ut
440 338 562 362 amentes
579 338 606 362 et
623 335 746 370 ingratos
756 336 930 368 damnarant,

144 384 171 407 et
188 380 215 406 in
236 378 383 406 Dominum
399 383 523 407 nostrum
539 379 632 407 Jesum
652 380 792 408 Christum
808 380 932 408 credide-

144 430 218 458 rant,
235 433 267 453 ac
286 426 485 456 intellexerant.
503 426 563 460 ejus
579 426 749 454 divinitatem
768 427 932 454 testimoniis

145 471 267 506 undique
279 472 464 506 comprobari.
479 475 504 498 et
518 480 551 499 ex
570 476 715 506 potestate,
731 473 828 508 signis,
847 477 874 500 et
888 473 931 500 di-

145 517 216 545 vinis
240 518 380 552 operibus,
409 525 514 545 necnon
544 526 587 545 exi
605 519 767 546 auctoritate
793 518 932 546 Dominica

146 562 231 590 Deum
256 563 393 597 dignosci;
420 571 474 590 non
495 563 615 592 debuere
638 572 686 599 per
710 568 850 591 externam
875 573 933 599 spe-

147 609 216 636 ciem
229 618 261 636 eo
276 609 371 640 dilabi,
395 614 424 636 ut
443 617 614 637 communem
629 614 656 637 et
679 611 780 637 nudum
796 611 932 638 hominem

147 662 209 682 eum
239 655 447 686 existimarent;
471 659 518 682 aut
541 655 691 682 secundum
719 656 852 683 visibilem
878 656 933 682 for—

147 709 231 733 mam,
247 701 306 734 ejus
318 701 480 728 invisibilem
497 706 619 728 naturam
634 701 796 728 delinirent:
808 706 854 727 aut
867 709 932 736 pro—

148 751 210 782 pter
226 755 337 782 corpus,
354 752 381 774 et
394 755 539 782 corporeus
553 747 705 782 passiones,
720 747 822 774 nudum
843 747 933 774 homi-

148 801 222 825 nem,
244 801 275 820 ac
293 797 322 820 ut
338 801 419 820 tmnm
439 801 472 820 ex
497 793 575 820 nobis
601 793 756 828 passibilem
777 793 852 820 illum
873 800 934 821 esse

149 843 287 874 putarent.
306 839 368 866 Ilaec
383 840 454 867 enim
469 839 544 867 fuere
557 839 712 866 Judzeorum
727 840 797 866 mala
811 849 818 867 :
834 840 890 867 haec
903 840 934 866 il-

982 244 1120 276 κτίσαντα,
1143 254 1152 270 ι
1177 244 1207 276 ὃς
1236 245 1309 270 ἐστιν
1333 243 1477 278 εὐλογητὸς
1504 244 1544 274 είς
1567 243 1630 275 τοὺς
1649 243 1768 277 αἰῶνας,

982 289 1055 325 ἀμήν
1067 289 1132 326 (62).
1145 299 1155 316 ι
1177 290 1291 325 ὀμοίως
1304 289 1331 315 δὲ
1348 289 1395 316 καὶ
1412 290 1475 320 τοὺς
1499 288 1647 324 Ἰουδαϊκῆς
1663 290 1770 324 ἀναχωρ

983 337 1120 371 ρήσαντας
1148 336 1291 367 ἀπιστίας,
1319 335 1366 362 καὶ
1388 335 1571 370 καταγνόντας
1595 335 1705 362 ἐκείνων
1729 335 1769 367 ὡς

983 380 1108 416 ἀφρόνων
1133 381 1180 407 καὶ
1209 381 1374 417 ἀχαρίστων,
1396 381 1441 407 καὶ
1461 381 1657 413 πιστεύσαντας
1671 383 1710 412 είς
1722 380 1769 407 τόν

982 426 1084 461 Κύριον
1102 426 1181 461 ἡμῶν
1211 426 1313 462 Ἰησοῦν
1341 426 1467 461 Χριστὸν,
1498 427 1544 453 καὶ
1563 426 1701 458 συνιέντας
1713 425 1768 462 (65)

983 472 1065 499 αὐτὸν
1080 472 1145 498 Θεὸν
1164 472 1386 508 μαρτυρούμενον
1404 472 1545 505 πάντοθεν,
1572 473 1619 499 καὶ
1639 473 1769 507 ἐπιγινω-

984 518 1115 552 σκόμενον
1127 518 1159 544 ὲκ
1179 518 1228 554 τῆς
1251 518 1383 550 ἐξουσίας,
1404 519 1451 545 καὶ
1462 519 1494 545 ὲκ
1505 518 1559 545 τῶν
1580 519 1708 554 σημείων,
1722 517 1771 545 καὶ

984 563 1082 590 θεῖκῶν
1111 564 1209 600 ἔργων,
1226 565 1272 591 καὶ
1293 565 1341 600 τῆς
1355 565 1497 600 Κυριακῆς
1521 565 1680 596 ἐπιστασίας
1700 563 1768 599 (64),

985 610 1082 645 μηκέτι
1106 610 1286 636 καταπίπτειν
1305 611 1344 642 είς
1357 609 1444 636 κοινὸν
1462 611 1509 636 καὶ
1530 609 1606 644 ψιλὸν
1626 609 1767 645 ἄνθρωπον

983 655 1028 682 διὰ
1037 655 1086 691 τῆς
1094 655 1193 688 ἔξωθεν
1203 655 1289 690 ὅψεως
1299 664 1305 671 ·
1317 655 1384 690 μηδὲ
1396 655 1466 682 κατὰ
1481 655 1511 682 τὸ
1523 655 1659 691 ὁρώμενον
1665 655 1767 690 σχῆμα,

985 703 1031 728 καὶ
1055 702 1105 737 τὴν
1130 702 1244 738 ἀόρατον
1260 701 1341 728 αὑτοῦ
1362 701 1442 736 φύσιν
1456 701 1556 737 ὁρίζειν
1569 709 1576 716 ’
1594 701 1660 736 μηδὲ
1681 700 1724 727 διὰ
1737 699 1769 727 τὸ

985 747 1075 783 σῶμα,
1087 749 1134 774 καὶ
1143 748 1176 775 τὰ
1190 748 1333 783 σωματικά
1342 747 1426 784 πάθη,
1439 748 1515 783 ψιλὸν
1532 748 1611 775 αὑτὸν
1627 747 1769 783 ἄνθρωπον

984 792 1053 820 εἶναι
1068 793 1197 830 νομίζειν,
1219 795 1265 821 καὶ
1281 794 1318 826 ὡς
1338 794 1386 820 ’ἐνα
1399 793 1452 821 τῶν
1471 793 1530 820 καθ’
1547 794 1620 829 ἡμᾶς
1638 793 1769 828 παθητόν.

985 840 1078 867 Ταῦτα
1091 841 1145 876 γὰρ
1161 836 1244 876 aha
1261 841 1393 867 Ἰουδαίων
1410 841 1492 868 κακά.
1511 840 1603 867 Ταῦτα
1618 840 1667 875 τὴν
1679 840 1769 866 πίστιν

149 885 236 912 lorum
251 889 372 913 evertere
387 886 478 916 ﬁdem,
501 893 532 912 ac
549 885 651 913 Christi
674 885 768 913 hostes
785 886 859 920 ipsos
872 893 933 913 esse

988 886 1095 912 ἐκείνων
1106 886 1240 921 ἀεξείλετο,
1253 887 1300 913 καὶ
1313 887 1463 922 θεημάχους
1474 885 1598 918 ἀπέδειξε
1608 894 1614 901 ·
1622 885 1707 912 ταῦτα
1721 885 1769 912 καὶ

149 931 364 966 cemproharunt
380 943 386 959 :
400 932 456 958 haec
471 931 529 966 ipsa
542 931 598 965 jam
615 932 741 958 nonnulli
758 932 932 963 aemulantur,

149 977 195 1012 qui
213 978 305 1012 gentili
321 982 347 1004 et
371 976 484 1004 Judaico
499 978 595 1004 morbo
611 977 748 1008 laborant,
766 985 816 1004 nec
840 977 935 1004 admit-

148 1027 221 1054 tunt,
230 1030 278 1050 nec
288 1024 424 1050 ullatenus
431 1023 546 1050 credunt
558 1024 730 1050 inearnatum
741 1024 823 1050 fuisse
833 1023 932 1056 Deum;

148 1068 196 1096 sed
231 1069 360 1096 humanis
395 1070 549 1097 ratiociniis
574 1069 876 1104 disputationibusque,
902 1076 934 1095 ac

148 1114 249 1141 GrQO
263 1115 441 1150 philosophia:
452 1123 502 1149 ope
516 1122 612 1149 magna
630 1119 656 1142 et
675 1115 934 1149 incomprehensibi-

147 1160 184 1188 lia
207 1169 371 1196 agnoscere,
395 1161 449 1187 imo
471 1161 702 1195 comprehendere
728 1160 820 1187 volunt
838 1169 844 1187 :
864 1167 934 1195 quo—

148 1205 230 1233 modo
256 1214 352 1241 nempe
376 1207 497 1241 gignitur
522 1207 802 1242 incorporeumzqua
828 1208 935 1234 ratione

148 1252 282 1287 procedit,
303 1257 330 1279 et
348 1253 458 1280 ubinam
471 1257 511 1280 est
523 1253 568 1287 qui
582 1254 681 1288 ubique
694 1259 745 1284 est,
764 1254 854 1280 omnia
872 1260 935 1279 con-

149 1297 229 1328 tinet,
250 1302 276 1324 et
291 1297 382 1324 omnia
399 1297 503 1331 implet.
527 1298 614 1332 Atque
629 1305 675 1332 per
691 1297 768 1329 illud,
786 1297 932 1332 quomodo,

148 1348 176 1370 et
187 1350 240 1375 qua
265 1343 379 1374 ratione,
404 1343 430 1370 in
457 1343 643 1374 inﬁdelitatem
663 1343 765 1376 abiere,
783 1348 810 1371 et
825 1352 935 1378 genera-

149 1389 233 1416 tionis
248 1388 318 1420 loco.
336 1389 469 1417 factu-ram
486 1390 632 1417 commenti
656 1394 730 1422 sunt,
746 1398 778 1417 ac
793 1390 853 1418 vice
872 1398 936 1425 pro-

149 1434 296 1467 cessionis,
312 1435 480 1462 creationem
504 1439 532 1462 et
555 1436 710 1474 transitum.
720 1436 933 1465 constituerunt.

185 1479 213 1507 2.
235 1479 273 1506 lta
282 1487 392 1507 rursum
404 1480 437 1508 de
449 1480 639 1508 incarnatione
648 1485 788 1516 quaerunt:
798 1481 935 1517 quomodo

149 1524 310 1552 incarnatur
325 1525 408 1556 Deus.
422 1533 476 1561 qua
491 1527 598 1553 ratione
618 1533 719 1561 corpus
738 1528 863 1559 assumit,
879 1534 935 1562 quo

149 1575 231 1607 pacto
251 1578 313 1598 cum
331 1579 415 1606 parvo
440 1580 554 1607 corpore
575 1572 704 1599 coalescit
728 1573 774 1608 qui
799 1573 934 1601 contineri
949 1561 969 1590 θ

150 1617 245 1652 nequit
259 1627 266 1644 :
282 1617 418 1652 quomodo
433 1617 583 1645 increatum
604 1621 696 1645 creato
711 1618 846 1653 jungitur.
860 1623 886 1646 et
896 1619 935 1646 in-

150 1663 387 1698 circumscriptum
409 1663 618 1700 circumscripto
641 1664 711 1698 :qui
735 1671 850 1699 magnus
877 1664 932 1697 ille,

150 1707 311 1740 immensus,
333 1709 478 1742 indivisus,
493 1718 542 1745 pro
557 1714 633 1745 parte
651 1710 769 1745 quadam
793 1711 934 1738 habeatur.

150 1753 204 1779 Aut
217 1754 289 1780 enim
306 1762 435 1788 magunum
452 1755 479 1782 in
502 1763 586 1790 parvo
606 1760 778 1783 contractum
798 1760 841 1784 est
862 1757 933 1790 loco,

151 1803 198 1825 aut
214 1808 326 1834 parvum
342 1802 501 1835 prmgrandc
523 1802 625 1829 factum
640 1806 694 1834 est,
714 1808 853 1838 partemve
867 1804 935 1831 divi-

150 1844 256 1876 nitatis,
278 1849 305 1871 et
332 1854 386 1872 non
411 1850 496 1873 totum
521 1849 636 1883 recepit,
659 1848 732 1882 quod
759 1849 872 1884 impium
893 1855 936 1877 est

151 1890 283 1926 proferte.
309 1891 342 1918 Et
356 1901 389 1920 ex
411 1893 468 1924 illo,
487 1895 634 1928 quomodo,
656 1903 709 1929 qua
726 1896 843 1928 ratione,
861 1896 934 1931 quali

150 1939 358 1971 consequentia,
375 1939 401 1965 in
420 1939 604 1967 inﬁdelitatem
623 1940 649 1967 hi
662 1948 770 1976 quoque
784 1942 875 1969 abiere
885 1961 892 1974 ,
902 1949 934 1969 ac

151 1982 377 2010 inhabitationrm
405 1992 453 2018 pro
475 1984 663 2012 incarnatione
687 1987 872 2014 constituere:
887 1994 935 2022 pro

151 2030 254 2057 unione
278 2034 306 2056 ct
330 2031 540 2065 compositione,
566 2032 713 2059 humanam
734 2033 829 2068 agendi
850 2033 935 2060 virtu-

150 2080 204 2103 tem
219 2084 268 2108 ;ac
281 2083 330 2110 pro
345 2084 397 2102 una
413 2077 552 2112 hypostasi
566 2077 672 2105 Domini
687 2079 773 2106 nostri
783 2078 847 2105 Jesu
859 2078 936 2105 Chri-

151 2123 197 2153 sti,
222 2122 291 2149 duas
308 2123 469 2158 hypostases
485 2128 512 2151 et
529 2131 680 2158 personas;
694 2128 719 2152 et
734 2133 783 2160 pro
802 2124 936 2152 Trinitate

151 2169 362 2204 quaternitatem
379 2169 506 2196 indecore
515 2174 542 2197 et
554 2170 635 2205 impie
650 2171 787 2203 sentiunt;
807 2171 935 2199 indecore

151 2215 270 2250 quidem,
281 2215 343 2250 quia
355 2215 408 2242 Deo
421 2215 557 2242 hominem
569 2216 749 2250 conjungltnt,
765 2225 873 2244 servum
882 2216 934 2243 Do-

150 2264 225 2290 mino
238 2266 430 2293 annumerant,
443 2268 562 2290 creatam
577 2270 720 2297 personam
732 2271 794 2290 cutn
807 2263 936 2290 increatis

151 2307 275 2342 personis
290 2307 441 2340 collocant;
468 2307 549 2342 impie
565 2316 640 2340 vero,
666 2309 730 2343 quia
753 2317 834 2335 unam
849 2309 934 2344 hypo-

150 2353 237 2381 stasin
248 2352 317 2380 duas
331 2352 443 2385 faciunt,
455 2358 580 2388 quartam
597 2355 754 2389 hypostasin
765 2355 935 2390 peregrinam

150 2399 263 2424 omnino
271 2401 298 2425 et
309 2398 501 2434 alienigenam,
508 2402 535 2426 et
542 2399 661 2426 omnium
671 2399 847 2427 rationalium
856 2407 934 2426 crea-

150 2448 272 2470 turarum
282 2444 573 2476 ultimam,ex'.rctnam
582 2450 609 2472 et
618 2445 770 2477 minimam,
780 2445 806 2472 in
815 2444 935 2471 Trinita-

150 2492 203 2516 tem
216 2488 358 2517 inducunt.
366 2489 443 2523 Quod
449 2491 473 2519 si
482 2490 573 2519 denuo
581 2495 711 2519 accurate
718 2490 934 2523 animadvertas.

185 2567 209 2583 '°
229 2566 309 2595 liom.
328 2575 355 2600 ι,
374 2568 418 2596 25.

184 2647 241 2683 (6‘2)
256 2646 412 2683 lnACatena
435 2647 462 2675 in
484 2647 596 2681 Lucam,
614 2648 660 2676 ubi
683 2648 805 2683 quredam
829 2655 863 2676 ex
887 2646 939 2674 hac

151 2681 275 2710 oratione
286 2681 424 2718 descripta
446 2688 520 2714 sunt,
537 2684 594 2711 luet:
613 2681 723 2717 desunt,
737 2684 766 2716 ὃς
776 2684 848 2710 ἐστιν
864 2683 931 2710 εὺλο

151 2718 234 2753 γητος
248 2718 286 2749 είς
298 2718 360 2749 τοὺς
374 2718 485 2749 αἰῶνας,
495 2718 578 2752 ἀμήν.

199 2752 244 2787 65)
260 2753 456 2786 Seguerianus.
470 2753 606 2785 συνέντας.

199 2754 244 2787 65)
260 2754 456 2786 Seguerianus.
470 2754 606 2785 συνέντας.

187 2754 316 2850 ίὲἒῖθῐιὲὶαὶ
339 2789 389 2824 τῆς
412 2789 546 2823 κυριακῆς
562 2788 731 2821 ἐπιστασίας,
758 2789 815 2816 haec
838 2788 938 2816 desunt

152 2823 180 2850 in
193 2823 305 2852 Catena.

187 2859 243 2895 (65)
263 2858 303 2886 Τὰ
314 2857 447 2886 Ἰουδαίων
463 2857 535 2885 κακά
546 2865 561 2895 '_
576 2857 661 2885 ταῦτα
686 2858 732 2886 καὶ
746 2858 793 2886 νῦν
814 2858 872 2894 ζηλ.
892 2857 938 2885 Sic

983 933 1030 960 νῦν
1055 933 1111 968 (63)
1138 933 1247 969 ζηλοῦσί
1274 941 1346 964 τινες
1373 933 1530 968 Ἑλληνικὴν
1549 932 1596 959 καὶ
1623 931 1771 967 ’ἰουδαῖκὴν

982 978 1059 1005 νόσον
1088 978 1238 1010 νοσοῦντες,
1264 978 1312 1006 καὶ
1337 977 1374 1013 μὴ
1393 978 1618 1014 παραδεχόμενοι,
1642 977 1708 1013 μηδὲ
1725 986 1771 1004 πι-

985 1024 1125 1056 στεύοντες
1149 1024 1217 1056 ὅλως
1247 1024 1438 1059 σωματοῦσθαι
1453 1024 1529 1056 Θεὸν,
1545 1024 1613 1051 ἀλλά
1631 1024 1770 1058 λογισμοῖς

983 1070 1172 1106 ἀνθρωπίνοις,
1189 1071 1235 1096 καὶ
1246 1070 1394 1105 φιλονεικίᾳ
1410 1069 1476 1105 (66),
1490 1071 1537 1097 καὶ
1552 1070 1695 1106 φιλοσοφίᾳ
1712 1069 1770 1096 Έλ-

983 1116 1079 1152 ληνικῇ
1093 1116 1204 1150 γνῶναι,
1217 1117 1263 1142 καὶ
1277 1115 1440 1142 καταλλὸεῐν
1457 1116 1556 1151 μᾶλλον
1569 1115 1770 1151 βουλόμενοιτά

985 1160 1090 1195 μεγάλα
1103 1161 1149 1187 καὶ
1160 1160 1347 1195 ἀκατάληπτα,
1361 1160 1418 1192 πῶς
1431 1161 1558 1194 γεννᾶται
1564 1161 1594 1186 τὸ
1606 1161 1750 1195 ἀσώματον
1759 1167 1768 1175 ⁸

984 1206 1041 1238 πῶς
1053 1207 1081 1233 δὲ
1096 1207 1142 1233 καὶ
1155 1206 1271 1242 πρόεισι,
1281 1207 1327 1233 καὶ
1342 1206 1392 1233 ποῦ
1413 1208 1428 1233 ό
1443 1207 1498 1242 (67)
1515 1207 1651 1242 πανταχοῦ
1663 1206 1710 1239 ὢν,
1722 1206 1770 1233 καὶ.

983 1253 1072 1279 πάντα
1085 1252 1226 1288 περιέχων,
1239 1253 1286 1279 καὶ
1301 1252 1334 1279 τὰ
1352 1253 1439 1279 πάντα
1455 1253 1575 1288 πληρῶν.
1596 1253 1650 1279 Καὶ
1671 1253 1702 1279 ἐκ
1722 1251 1769 1279 τοῦ

984 1298 1053 1330 πῶς,
1082 1298 1128 1324 καὶ
1152 1298 1236 1329 ὅπως.
1253 1299 1294 1330 εἰς
1317 1298 1445 1325 ἀπιστίαν
1466 1297 1617 1334 ἐχώρησαν,
1639 1299 1685 1325 καὶ
1709 1297 1770 1325 ἀντὶ

984 1345 1137 1380 γεννήσεως
1149 1344 1300 1371 ὲπλάσαντο
1312 1344 1431 1380 ποίησιν,
1445 1345 1492 1371 καὶ
1504 1345 1565 1371 ἀντὶ
1584 1345 1697 1380 προόδου
1711 1344 1771 1372 κτί-

986 1399 1026 1418 σιν
1040 1391 1087 1418 καὶ
1103 1390 1219 1426 πάροδον
1233 1390 1445 1417 κατεσκεύασαν.

1017 1479 1044 1506 2.
1063 1478 1140 1506 Οὕτω
1163 1478 1243 1506 πάλιν
1266 1478 1313 1506 καὶ
1326 1477 1372 1505 ἐπὶ
1381 1478 1430 1513 τῆς
1446 1478 1608 1514 σαρκώσεως
1622 1478 1693 1514 (68)’
1708 1478 1768 1511 πῶς

986 1525 1134 1562 σαρκοῦται
1156 1525 1233 1558 Θεὸς,
1248 1525 1306 1556 πῶς
1325 1524 1506 1560 σωματοῦται,
1532 1524 1590 1556 πῶς
1616 1524 1768 1552 συντίθεται

986 1573 1054 1608 πρὸς
1074 1572 1153 1607 σῶμα
1179 1571 1265 1608 βραχὺ
1290 1572 1304 1598 ό
1325 1571 1484 1607 ἅχώρητος·
1504 1571 1562 1604 πῶς
1574 1571 1602 1598 δὲ
1619 1571 1723 1598 ἑνοῦται
1738 1571 1772 1598 τὸ

985 1618 1110 1645 ἀκτιστον
1123 1617 1162 1653 τῷ
1179 1617 1290 1652 κτιστῷ,
1305 1617 1351 1644 καὶ
1362 1616 1400 1652 τῷ
1419 1616 1644 1652 περιγραφομένῳ
1658 1616 1688 1643 τὸ
1705 1617 1772 1643 ἀπε-

986 1664 1134 1700 ρίγραπτον
1146 1672 1153 1679 ⁸
1172 1663 1231 1695 πῶς
1252 1664 1281 1690 ἐν
1305 1663 1382 1699 μέρει
1397 1662 1452 1697 (69)
1467 1664 1481 1688 6
1501 1663 1586 1697 μέγας
1608 1662 1710 1694 ἐκεῖνος
1724 1663 1772 1689 καὶ

984 1710 1145 1745 ἀμέτρητος,
1158 1710 1205 1736 καὶ
1218 1709 1372 1745 ἀμέριστος.
1383 1709 1418 1735 "ﬂ
1430 1708 1484 1744 γὰρ
1497 1708 1527 1734 τὸ
1542 1708 1613 1743 μέγα
1623 1708 1662 1739 εἰς
1675 1708 1772 1745 μικρὸν

985 1755 1132 1790 συνεστάλη
1158 1755 1267 1790 χωρίον,
1293 1754 1310 1790 ἢ
1344 1753 1374 1780 τὸ
1399 1754 1495 1790 μικρὸν
1529 1755 1622 1788 γέγονε
1647 1754 1728 1789 μέγα,
1752 1753 1771 1790 ἢ

986 1801 1068 1837 μέρος
1083 1801 1134 1835 τῆς
1155 1800 1291 1835 θεότητος,
1312 1799 1359 1826 καὶ
1374 1800 1404 1826 οὐ
1416 1799 1446 1825 τὸ
1466 1800 1519 1826 πᾶν
1532 1799 1689 1832 ὑπεδέξατο,
1703 1800 1771 1834 ὅπερ

985 1846 1058 1872 ἐστὶν
1086 1845 1192 1876 ἀσεϐές.
1210 1845 1265 1872 Καὶ
1291 1843 1431 1880 ἐχώρησαν
1445 1844 1478 1870 ὲκ
1494 1843 1540 1870 τοῦ
1554 1843 1622 1875 πῶς,
1638 1843 1683 1869 καὶ
1702 1843 1771 1878 ποίῳ

983 1892 1087 1928 τρόπῳ,
1099 1891 1146 1918 καὶ
1161 1891 1226 1926 ποίᾳ
1246 1891 1401 1926 ἀκολουθίᾳ,
1421 1891 1461 1922 είς
1481 1890 1608 1916 ἀπιστίαν
1622 1889 1668 1916 καὶ
1681 1885 1769 1915 οὗτοι·

985 1939 1032 1965 καὶ
1054 1938 1192 1973 ἐνοίκησιν
1217 1938 1278 1964 ἀντὶ
1305 1937 1468 1972 σαρκώσεως
1486 1935 1705 1963 κατεσκεύασαν
1724 1935 1772 1962 καὶ

985 1985 1045 2012 ἀντὶ
1060 1983 1182 2016 ἐνώσεως
1201 1984 1248 2010 καὶ
1264 1983 1414 2014 συνθέσεως
1434 1982 1573 2016 ἐνέργειαν
1587 1980 1770 2016 ἀνθρωπίνην,

986 2031 1033 2058 καὶ
1047 2030 1106 2057 ἀντὶ
1124 2031 1189 2065 μιᾶς
1213 2029 1387 2061 ὑποστάσεως
1401 2028 1448 2055 τοῦ
1472 2028 1575 2064 Κυρίου
1590 2026 1668 2062 ήμῶν
1686 2026 1779 2062 Ἰησοῦ,

986 2075 1104 2112 Χριστοῦ
1115 2076 1161 2102 δύο
1177 2076 1339 2106 ὑποστάσεις
1356 2075 1402 2101 καὶ
1425 2074 1556 2109 πρόσωπα
1568 2081 1575 2088 ·
1592 2074 1638 2100 καὶ
1650 2073 1709 2099 ἀντὶ
1723 2073 1774 2107 τῆς

987 2123 1067 2156 ἁγίας
1079 2122 1192 2158 Τριάδος
1203 2122 1318 2156 τετράδα
1330 2120 1461 2156 ἀπρεπῶς
1473 2121 1520 2147 καὶ
1534 2119 1699 2155 παρανόμως
1710 2127 1774 2154 φρο-

987 2169 1133 2204 νήσαντες·
1157 2167 1287 2202 ἀπρεπῶς
1314 2168 1373 2202 μὲν,
1393 2167 1435 2193 ὅτι
1456 2166 1514 2202 Θεῷ
1532 2166 1710 2192 συνάπτουσιν
1728 2164 1774 2191 ἄν·

987 2214 1105 2249 θρωπον,
1122 2213 1168 2240 καὶ
1179 2213 1271 2239 δοῦλον
1291 2212 1485 2248 συναριθμΟὖσι
1507 2211 1640 2248 Δεσπότῃ,
1652 2211 1698 2237 καὶ
1713 2218 1774 2237 κτι-

991 2260 1052 2287 στὸν
1076 2260 1220 2295 πρόσωπον
1243 2259 1381 2289 ἁκτίστοις
1407 2257 1562 2294 προσώποις
1581 2257 1771 2284 συντάττουσι·

989 2305 1153 2341 παρανόμως
1167 2305 1206 2338 δὲ,
1223 2305 1264 2331 ὃτι
1278 2305 1326 2340 τὴν
1341 2305 1404 2340 μίαν
1424 2304 1569 2330 ὑπόστασιν
1581 2303 1626 2330 δύο
1641 2302 1779 2334 ποιοῦσιν,

988 2352 1180 2386 ἐπεισάγοντες
1195 2351 1344 2386 τῇ-Τριάόι
1366 2350 1500 2386 τετάρτην
1523 2349 1680 2379 ὑπόστασιν,
1696 2348 1773 2383 ξένην

988 2398 1146 2425 παντάπασι
1167 2397 1213 2424 καὶ
1227 2396 1383 2431 ἀλλόφυλον,
1401 2397 1447 2424 καὶ
1469 2397 1577 2423 πάντων
1590 2395 1643 2422 τῶν
1659 2395 1774 2428 λογικῶν

988 2445 1146 2479 κτισμάτων
1159 2442 1190 2469 τὴ
1209 2441 1372 2473 τελευταῖον,
1392 2441 1439 2468 καὶ
1455 2441 1579 2476 ἔσχατον,
1602 2441 1649 2467 καὶ
1666 2439 1773 2476 μικρόν.

995 2489 1057 2518 Ἐὰν
1071 2489 1100 2517 δὲ
1113 2487 1236 2525 ἀκριϐῶς
1256 2487 1337 2514 πάλιν
1359 2488 1499 2524 ἐννοήσῃς,
1515 2487 1561 2514 καὶ
1574 2486 1614 2522 τῷ
1631 2487 1775 2522 πράγματι

988 2645 1090 2674 Catena
1103 2644 1212 2672 omissis
1226 2643 1334 2671 mediis.

1025 2680 1081 2715 (66)
1095 2681 1151 2707 Καὶ
1163 2679 1313 2714 φιλονεικίᾳ
1332 2678 1409 2715 deest
1422 2679 1449 2706 in
1462 2677 1606 2715 Basiliensi
1620 2676 1772 2715 etSeguer.

989 2712 1056 2743 etin
1070 2712 1182 2743 Catena.
1206 2712 1309 2742 Ibidem
1335 2714 1429 2744 Basil..
1449 2714 1539 2749 σοφίᾳ,
1552 2719 1602 2748 pro
1619 2712 1772 2748 φιλοσοφίᾳ.

1025 2751 1080 2785 (67)
1097 2749 1291 2785 Seguerianus,
1309 2749 1449 2784 πανταχῆ..

1023 2781 1078 2821 (68)
1089 2781 1348 2821 νδὶιῖδοευοτὶθηιιε,
1357 2789 1384 2821 et
1396 2781 1433 2821 ita
1449 2782 1654 2821 legitNannius.
1667 2781 1775 2818 Reliqui

989 2818 1051 2849 cum
1064 2818 1140 2851 editi,
1155 2818 1214 2855 tum
1226 2820 1419 2855 manuscripti,
1437 2818 1548 2855 σαρκός.
1565 2853 1570 2855 _
1594 2854 1599 2855 γ
1666 2853 1671 2855 _
1764 2847 1766 2850 ,

1025 2856 1080 2890 (69)
1095 2853 1220 2890 δεδήει-ι,
1237 2854 1442 2891 ἀπερίγραφονς
1458 2853 1515 2887 πῶς
1530 2853 1577 2882 καὶ
1592 2854 1621 2881 ὲν
1637 2853 1730 2889 μέρει.
