1898 3053
171 135 227 163 125

735 117 785 171 ου
794 136 839 166 on
858 137 952 166 unus
973 138 1026 166 srr
1044 117 1234 169 CHRISTUS;

1741 138 1794 166 186

168 195 316 228 προσέχειν
333 193 458 230 θελήσῃς,
485 196 610 231 εὑρήσεις
631 196 727 229 αὐτοὺς
742 197 794 229 ἔξω
807 198 857 232 τῆς
877 198 949 232 ἁγίας

1008 203 1035 226 et
1043 198 1106 226 huic
1115 199 1224 234 negotio
1233 198 1353 226 animum
1363 199 1492 226 adhibere
1498 198 1629 230 volueris,
1639 197 1793 233 deprehen—

169 237 286 273 Τριάδος
316 238 460 273 βάλλοντας
482 241 528 267 τὸν
552 242 654 277 Κύριον
671 242 727 277 (70)
746 243 825 278 ἡμῶν
854 243 956 278 Ἰησοῦν

167 283 298 318 Χριστὸν,
315 284 352 316 ὡς
367 285 468 317 δοῦλον,
482 286 518 318 ὡς
535 287 676 322 ἄνθρωπον
686 288 900 323 ἁπροσκὺνητον,
911 288 956 315 τὸν

168 330 358 365 προσκυνητόν
368 339 375 345 ⁸
395 332 597 367 προσκυνοῦντα
611 333 638 359 δὲ
652 333 760 368 μᾶλλον,
776 330 822 360 κὶιὶ
846 334 957 360 σέϐοντα

169 374 241 410 μετὰ
260 375 378 409 πάντων,
400 377 447 404 καὶ
465 378 683 414 ὑποτασσόμενον
708 380 740 415 τῇ
763 380 828 415 ἁγίᾳ
850 380 956 415 Τριάδι,

166 421 206 452 ὡς
228 422 387 457 Μάρκελλος
412 425 460 450 καὶ
479 425 493 450 ό
510 425 682 460 Σαμοσατεὺς
709 426 813 458 Παῦλος
836 426 956 461 παρεξη-

166 467 290 500 γοῦνται,
310 468 340 494 τὸ
357 469 448 496 θεῖκὸν
462 470 507 496 καὶ
523 470 701 497 ἀποστολικὸν
714 472 830 507 γράμμα
853 472 891 503 είς
907 472 957 506 τὴν

169 512 239 539 ἰδίαν
253 514 342 540 αὐτῶν
355 514 478 547 ἕλκοντες
493 515 608 542 ἔννοιαν·
627 526 636 541 ‹
657 517 740 543 ’Ὀταν
767 526 776 542 ι
794 516 859 551 γὰρ,
879 517 955 552 φησὶ,

171 568 181 584 ι
199 559 321 595 ὑποταγῇ
335 561 409 596 αὐτῷ
423 561 457 587 τὰ
473 562 572 594 πάντα,
587 562 647 588 τότε
662 563 709 588 καὶ
723 562 803 594 αὐτὸς
818 564 832 589 ό
849 563 922 594 Υἱὸς,
944 573 953 588 ›

166 606 307 632 τουτέστιν
323 607 338 634 ὁ
355 607 518 642 ἀναληφθεὶς
545 608 696 644 ἄνθρωπος,
719 618 729 635 ‹
755 610 956 644 ὑποταγήσεται

165 652 207 687 τῷ
223 653 385 685 ὑποτάξαντι
401 654 474 690 αὑτῷ
489 655 523 682 τὰ
546 655 634 681 πάντα
654 655 720 690 (7|),
737 655 769 682 ἶν’
818 656 832 681 ὁ
851 656 926 687 Θεὸς,
943 665 952 681 ι

167 698 262 733 φησιν,
278 699 315 730 ὡς
327 700 373 726 καὶ
387 700 439 735 πρὸ
450 702 498 735 τῆς
513 700 685 736 σαρκώσεως,
696 711 704 726 ε
720 703 747 727 ὲν
757 702 848 734 πᾶσιν,
861 711 869 727 ι
885 701 956 728 ἀσώ-

168 752 255 779 ματος
270 745 317 776 ὣν,
339 746 385 772 καὶ
405 746 485 781 σῶμα
510 747 547 782 μὴ
573 746 656 782 ἔχων·
676 748 723 774 καὶ
753 749 767 774 ὁ
792 747 955 782 ἀναληφθεὶς

165 789 321 825 ἄνθρωπος,
341 791 411 826 μετὰ
431 792 538 818 πάντων
555 793 602 818 καὶ
617 793 672 824 τοῖς
691 794 757 819 πᾶσι
775 792 955 828 συναριθμοῦ-

168 843 250 871 μενος
271 836 400 870 προσιὼν,
416 837 633 872 ὑποτασσόμενος
660 838 706 865 καὶ
728 838 865 874 λατρεύων
883 837 952 873 Θεῷ.

1008 244 1057 271 des
1074 245 1149 279 ipsos
1168 249 1245 271 extra
1263 249 1386 272 sanctam
1401 245 1563 272 Trinitatem
1585 243 1731 271 Dominum
1744 250 1794 268 no-

1008 293 1093 317 strum
1118 290 1172 325 39
1195 290 1287 318 Jcsum
1302 291 1441 318 Christum
1461 291 1614 321 exturbare,
1629 293 1658 316 ut
1672 296 1793 318 servum,

1008 339 1038 362 ut
1051 335 1198 367 hominem,
1215 344 1295 371 quem
1312 336 1426 364 adorare
1453 335 1530 363 nefas
1556 336 1602 366 sit,
1618 342 1679 361 cum
1697 333 1733 361 sit
1752 337 1795 359 ta-

1008 389 1070 408 men
1102 381 1257 408 adorandus
1275 390 1281 407 :
1298 389 1330 408 ac
1357 381 1446 416 ipsum
1475 381 1566 416 potius
1586 380 1794 412 adorantem,ct

1008 434 1070 454 cum
1087 427 1194 454 caneris
1221 427 1347 454 omnibus
1361 428 1507 458 colentem,
1524 435 1629 454 necnon
1653 426 1792 454 subditum
1806 456 1808 462 λ

1007 476 1108 499 sancta:
1123 471 1248 499 Trinitati
1269 480 1329 499 csse
1346 477 1456 505 putant;
1473 476 1502 499 ut.
1516 471 1669 504 Marcellus,
1680 476 1706 499 et
1720 471 1791 498 Pau-
1808 463 1810 465 ’

1007 517 1050 544 lus
1068 516 1278 550 Samosatensis,
1296 518 1415 545 divinam
1431 521 1458 544 et
1473 517 1649 552 apostolicam
1669 517 1792 552 Scriptu-

1006 570 1064 590 ram
1087 563 1119 590 ad
1145 571 1222 590 suam
1251 564 1412 592 sententiam
1429 563 1633 599 detorquentes.
1649 571 1791 599 perperam

1006 610 1162 644 explicant:
1176 617 1250 641 nam,
1266 619 1274 635 ‹
1288 618 1349 637 cum
1368 610 1490 644 subjecta
1504 610 1603 637 fuerint
1614 611 1651 637 illi
1663 610 1765 642 omnia,
1778 619 1788 635 )

1006 655 1105 690 inquit,
1118 664 1127 680 ε
1147 659 1212 682 tunc
1226 659 1253 681 (ιι
1265 656 1322 690 ipse
1350 655 1445 687 Filius,
1466 665 1475 681 ›
1494 656 1520 682 id
1535 660 1577 682 est
1589 656 1670 683 homo
1685 663 1790 682 assum-

1006 696 1080 736 plus,
1096 709 1105 726 ‹
1123 700 1263 735 subjectus
1280 701 1331 728 erit
1345 701 1381 731 ei,
1398 702 1444 736 qui
1464 702 1579 736 subjecit
1595 702 1619 728 ei
1639 701 1740 732 omnia,
1763 705 1792 727 ut

1005 746 1040 773 sit
1053 745 1124 773 Deus
1134 747 1285 781 “,tinquit,
1299 751 1327 773 ut
1336 751 1397 774 ante
1406 747 1631 780 incarnationem,
1643 757 1652 772 ε
1666 747 1791 774 inomni-

1005 793 1148 824 busucum
1159 793 1194 820 sit
1204 793 1261 828 ipse
1275 794 1462 828 incorporeus,
1472 798 1497 821 et
1508 801 1607 828 corpus
1620 801 1672 820 non
1684 793 1791 826 habeat;

1005 838 1088 865 homo
1107 843 1197 865 autem
1225 843 1383 872 assumptus
1398 840 1504 866 caeteris
1519 839 1644 866 omnibus
1658 846 1790 865 annume—

167 882 339 918 Σκοπήσατε,
354 883 393 914 εἰς
405 883 470 918 ὅσην
486 884 633 910 κατέπεσον
642 884 796 919 ἀφροσύνην
808 886 831 910 οἱ
845 885 949 919 δοκησί-

1011 888 1098 915 ratus,
1115 884 1239 911 subditus
1250 885 1284 911 sit
1299 883 1363 916 Deo,
1374 885 1601 919 ipsumquecolat.
1619 883 1790 918 Perpendite,

167 936 253 962 σοφοι.
271 930 311 960 είς
326 929 392 964 ὅσην
409 929 504 964 μανίαν
517 931 561 956 καὶ
579 931 716 962 ἀπιστίαν,
732 931 778 957 καὶ
793 932 907 958 ἐπινοεῖν
921 930 955 957 τὰ

168 973 205 1009 μὴ
216 974 290 1006 ὄντα,
306 975 352 1001 καὶ
367 975 538 1007 πλάττεσθαι,
551 977 597 1003 καὶ
615 976 780 1012 μυθολογεῖν.

1008 937 1113 964 quaeso,
1132 930 1159 956 in
1174 933 1302 964 quantam
1319 932 1463 956 amentiam
1480 930 1582 964 delapsi
1599 933 1663 956 sunt
1680 929 1791 964 isti,qut'

1009 976 1061 1003 sibi
1078 975 1145 1010 ipsis
1160 976 1298 1010 sapientes
1314 975 1449 1006 videntur,
1467 975 1493 1002 in
1506 979 1635 1009 quantum
1652 976 1790 1002 vesaniam

165 1025 193 1048 et
205 1022 390 1050 infidelitatem
406 1024 505 1056 abiere,
519 1029 547 1051 ut
563 1026 717 1060 excogitent
732 1029 759 1052 et
773 1025 1016 1052 comminiscuntur
1030 1031 1090 1059 quae
1114 1031 1252 1058 nunquam
1270 1023 1356 1055 fuere,
1374 1031 1517 1058 Incrasque
1536 1024 1642 1050 fabulas
1650 1027 1789 1050 cnarrcnt.

200 1069 228 1096 5.
242 1069 279 1096 Οὑ
293 1070 374 1105 μόνον
383 1070 411 1096 δὲ
421 1072 453 1106 τῇ
469 1071 556 1098 πίστει
570 1072 728 1108 προσελθεῖν
741 1073 791 1099 οὐκ
805 1072 950 1108 ἠθέλησαν,

164 1114 234 1142 ἀλλὰ
248 1115 296 1142 καὶ
315 1117 422 1148 ἀπάτας
433 1116 551 1153 ἐξεῦρον,
570 1119 617 1144 καὶ
632 1119 797 1154 κακουργίας
817 1120 952 1154 ἐμηχανή-

165 1169 257 1192 σαντο,
274 1161 424 1189 ὲπλάσαντο
445 1163 539 1199 μωρὰς
557 1164 603 1190 καὶ
618 1164 796 1196 ἀπαιδεύτους
812 1164 950 1200 ζητήσεις,

163 1208 206 1239 είς
217 1208 320 1244 πλάνην
344 1208 449 1235 πολλῶν
469 1210 514 1236 καὶ
533 1210 701 1237 ἀποστασίαν
716 1210 873 1246 παράνομον
888 1218 950 1236 σκο-

163 1251 301 1286 πήσαντες
316 1252 382 1288 (72).
401 1255 432 1280 Εί
443 1255 496 1289 γὰρ
510 1255 679 1290 προσεδόκων
693 1256 722 1282 τὸ
732 1255 838 1291 μέλλον,
849 1257 872 1282 εί
883 1255 950 1282 Θεοῦ

161 1298 311 1334 ἐπιδημίαν
320 1301 367 1326 καὶ
373 1300 462 1336 κρίσιν
470 1301 622 1332 ἐπίστευον,
634 1303 658 1328 εί
671 1301 780 1328 κόλασιν
796 1301 950 1337 ἐφοϐοῦντο,

163 1345 196 1379 τῇ
210 1344 298 1371 πίστει
316 1347 509 1381 προσήρχοντο,
532 1347 709 1382 Εὑαγγελίοις
731 1347 879 1380 ἐπείθοντο,
904 1349 950 1375 καὶ

163 1390 324 1423 ἀποστόλοις
336 1391 498 1428 ἠκολούθουν
515 1393 614 1428 μᾶλλον
628 1394 644 1430 ἢ
660 1393 800 1429 λογισμοῖς
813 1395 950 1430 ἀνθρωπί-

162 1445 229 1468 νοις.
262 1437 379 1472 Χριστὸν
405 1438 460 1478 γὰρ
474 1438 574 1470 εὐθέως
590 1438 724 1474 ἐκήρυξαν
746 1439 899 1471 ἐξελθόντες
926 1440 950 1466 οί

163 1483 308 1510 ἀπόστολοι
337 1484 488 1520 συμφώνως
514 1485 561 1510 καὶ
588 1485 740 1517 ἀκολούθως
757 1486 803 1512 τὸν
825 1485 887 1513 Υιὸν
903 1485 950 1512 τοῦ

1039 1072 1065 1098 5.
1088 1071 1148 1098 Non
1166 1071 1254 1098 solum
1271 1075 1360 1098 autem
1377 1071 1436 1098 ﬁdei
1454 1079 1514 1099 sese
1531 1072 1676 1106 adjuugcre
1692 1071 1790 1098 nolue—

1004 1121 1079 1150 rttnt,
1095 1117 1142 1144 sed
1159 1121 1186 1144 et
1200 1117 1278 1144 dolos
1293 1117 1502 1148 adinvenerunt,
1520 1117 1683 1151 fraudesque
1702 1117 1790 1144 moliti

1004 1167 1068 1191 sunt
1085 1172 1092 1190 :
1110 1163 1208 1191 stultas
1225 1167 1251 1190 et
1267 1164 1376 1198 ignaras
1393 1163 1559 1198 qmestiones
1584 1163 1739 1194 counneuti,
1756 1171 1789 1190 eo

1005 1211 1092 1238 solum
1115 1213 1279 1244 spectantes,
1294 1214 1323 1236 ut
1338 1210 1439 1237 multos
1453 1209 1480 1236 in
1494 1217 1626 1241 errorem,
1641 1212 1667 1236 et
1689 1209 1715 1235 in
1729 1215 1789 1236 sce-

1004 1257 1118 1285 leratam
1144 1256 1322 1284 defectionem)
1347 1256 1516 1284 inducerent.
1539 1255 1566 1283 Si
1599 1256 1670 1283 enim
1697 1255 1789 1282 futura

1004 1307 1203 1338 exspectarent,
1216 1303 1238 1331 si
1263 1303 1309 1330 Dei
1333 1303 1478 1330 adventum
1496 1307 1523 1329 et
1544 1302 1676 1336 judicium
1691 1301 1788 1328 crede-

1003 1353 1074 1381 rent,
1097 1349 1121 1376 si
1146 1348 1309 1383 supplicium
1332 1348 1552 1378 reformidarent,
1573 1347 1605 1373 ad
1624 1347 1702 1374 fidem
1722 1353 1788 1373 sane

1001 1394 1173 1427 accederent,
1191 1394 1344 1427 Evangeliis
1360 1393 1589 1428 obtemperarent,
1606 1396 1633 1420 et
1650 1392 1788 1426 apostolos

1001 1441 1089 1476 magis
1103 1449 1185 1475 quam
1202 1441 1319 1467 humana
1341 1440 1486 1467 raliocinia
1507 1442 1696 1474 sequerentur.
1711 1438 1789 1465 Chri-

1001 1491 1073 1514 stum
1087 1487 1159 1515 enim
1172 1487 1286 1522 apostoli
1302 1487 1394 1513 statim
1408 1490 1489 1520 atque
1501 1485 1616 1520 profecti
1633 1488 1707 1517 sunt,
1720 1491 1788 1511 voce

162 1529 241 1556 Θεοῦ.
259 1529 359 1557 Τοῦτον
372 1531 417 1556 τὸν
428 1531 456 1557 ἐν
470 1531 591 1566 Βηθλεὲμ
604 1524 766 1567 γεννηθέντα
780 1532 811 1558 ὲκ
828 1532 949 1568 σπέρμα-

1005 1540 1122 1561 consona
1146 1537 1172 1560 et
1198 1532 1375 1559 conformiter
1390 1532 1606 1567 praedicaverunt
1626 1530 1723 1558 Filium
1741 1530 1788 1558 Dei

162 1584 208 1608 τος
231 1576 314 1603 Δαῆὶδ
332 1576 401 1603 κατὰ
418 1577 516 1613 σάρκα,
538 1577 582 1604 τὸν
597 1578 762 1613 ὁμοιωθέντα
780 1578 947 1613 ἀνθρώποις,

163 1621 212 1646 καὶ
226 1621 414 1656 σταυρωθέντα
427 1621 496 1657 ὑπὲρ
510 1621 659 1659 ἀνθρώπων
678 1622 725 1648 ἐπὶ
739 1622 850 1649 Ποντίου
866 1622 949 1649 Πιλά-

162 1674 220 1697 του,
235 1666 314 1693 αὑτὸν
335 1664 411 1693 εἷπον
432 1667 489 1701 (75)
513 1667 590 1699 Θεὸν,
613 1668 692 1694 αὑτὸν
709 1668 858 1704 ἄνθρωπον,
869 1669 950 1696 αὑτὸν

163 1709 240 1738 εἷπον
256 1712 319 1738 Υἱὸν
331 1712 410 1743 Θεοῦ,
426 1713 506 1740 αὑτὸν
521 1713 584 1739 Υίὸν
599 1713 753 1748 ἀνθρώπου,
769 1714 848 1741 αὑτὸν
861 1715 890 1747 ἐξ
906 1715 951 1741 οὑ-

165 1757 257 1793 ρανοῦ,
273 1758 355 1785 αὑτὸν
373 1759 427 1786 ἀπὸ
441 1751 503 1795 γῆς,
521 1759 601 1786 αὑτὸν
616 1760 719 1794 ἀπαθῆ,
729 1760 809 1786 αὐτὸν
820 1760 948 1795 παθητὸν,

163 1805 214 1830 οὐκ
233 1804 321 1837 ἄλλον,
349 1806 379 1832 οὑ
407 1806 540 1842 πρόσωπα
564 1807 620 1838 δύο,
645 1807 695 1842 οὐχ
724 1807 896 1839 ὑποστάσεις,
919 1807 949 1833 οὺ

165 1852 364 1887 προσκυνήσεις
377 1851 431 1878 δύο.
450 1853 497 1884 Τίς
513 1853 590 1889 χρεία
607 1852 698 1888 ζητεῖν
712 1853 759 1880 καὶ
771 1854 950 1889 λογομαχεῖν;

164 1897 306 1925 Πιστεύειν
331 1898 484 1934 συμφέρει,
513 1899 559 1926 καὶ
585 1899 690 1930 σέϐειν,
715 1899 762 1926 καὶ
790 1900 951 1934 προσκυνεῖν

164 1945 264 1978 σιωπῇ.
277 1941 346 1970 Οἶδα
360 1944 440 1970 αὑτὸν
450 1944 516 1971 Θεὸν
535 1944 641 1980 ἀληθῶς
663 1945 691 1977 ἐξ
708 1945 822 1980 οὐρανοῦ
839 1945 932 1980 ἅπαθῆ
942 1953 948 1960 ·

163 1987 223 2016 οῖδα
236 1990 314 2016 αὑτὸν
329 1991 360 2016 ὲκ
379 1990 534 2025 σπέρματος
550 1991 631 2017 Δαϐὶδ
643 1990 713 2017 κατὰ
730 1991 828 2027 σάρκα,
846 1990 951 2027 ἄνθρω-

164 2043 214 2062 πον
238 2035 292 2062 ἀπὸ
312 2036 363 2071 γῆς
383 2037 512 2071 παθητόν.
532 2037 568 2063 Οὐ
591 2035 674 2072 ζητῶ,
689 2037 747 2070 πῶς
767 2037 886 2073 παθητὸς
905 2037 952 2064 καὶ

164 2081 272 2116 ἀπαθὴς
288 2082 302 2108 ὁ
316 2081 405 2113 αὑτὸς,
427 2082 485 2114 πῶς
506 2082 571 2114 Θεὸς
603 2083 650 2109 καὶ
673 2082 732 2114 πῶς
746 2082 897 2118 ἄνθρωπος,
910 2083 952 2109 i‘va

165 2127 214 2163 μὴ,
225 2127 255 2154 τὸ
263 2127 319 2159 πῶς
330 2137 362 2154 πε
368 2128 572 2164 ριεργαζόμενος
584 2129 630 2155 καὶ
636 2128 788 2164 τὸντρόπον
799 2128 950 2163 ἀναζητῶν,

164 2173 273 2202 ὲκπέσω
286 2174 332 2200 τοῦ
346 2175 525 2209 προκειμένου
536 2176 602 2210 ἡμῖν
617 2174 728 2209 ἀγαθοῦ.
746 2174 887 2201 Πιστεὺειν
897 2174 952 2210 γάρ

164 2218 271 2254 πριῖηον
288 2219 351 2256 χρὴ,
368 2221 414 2247 καὶ
424 2219 555 2252 δοξάζειν,
581 2220 628 2247 κα)⁵
646 2220 770 2256 δεύτερον
785 2219 888 2247 ἄνωθεν
900 2220 949 2256 τὴν

165 2265 292 2293 σύστασιν
307 2266 407 2294 τούτων
433 2266 578 2299 αἰτεῖσθαι,
595 2266 642 2293 καὶ
658 2266 695 2302 μὴ
710 2266 830 2293 κάτωθεν
847 2266 950 2301 ταύτην

163 2311 322 2347 πορίζεσθαι
347 2312 377 2345 ἐξ
390 2312 512 2348 ¹αἵματος
533 2312 580 2339 καὶ
596 2312 707 2347 σαρκὸς,
726 2311 782 2338 ἀλλ’
796 2312 824 2345 ἐξ
847 2312 952 2338 ἀποκα-

164 2355 268 2390 λύψεως
293 2356 367 2389 θείας
383 2358 431 2384 καὶ
445 2357 579 2393 οὐρανίου.
599 2366 608 2383 ι
629 2358 772 2393 Μακάριος
789 2366 799 2383 ι
819 2356 873 2392 γὰρ
886 2366 895 2382 ε
915 2355 950 2390 εἴ,

164 2401 254 2437 Σίμων
266 2400 325 2437 Βὰρ
346 2402 422 2428 Ἰωνᾶ
432 2401 497 2438 (74),
515 2401 556 2429 ὅτι
568 2402 635 2438 σὰρξ
651 2402 698 2429 καὶ
714 2400 785 2437 αἷμα
799 2402 850 2429 οὐκ
877 2402 949 2428 ἁπε-

165 2446 266 2482 κάλυψέ
296 2455 346 2479 σοι,
362 2447 419 2474 ἀλλ’
435 2449 450 2474 ὁ
467 2447 563 2484 Πατήρ
574 2456 624 2483 μου
639 2449 653 2475 ὁ
668 2449 697 2475 ἐν
713 2450 770 2480 τοῖς
783 2448 917 2483 οὐρανοῖς
937 2458 947 2475 ι

164 2491 220 2524 καὶ,
240 2501 249 2517 ι
268 2492 304 2518 Σὺ
321 2490 346 2519 εί
367 2492 480 2528 Πέτρος,
497 2493 543 2519 καὶ
566 2493 613 2520 ἐπὶ
628 2494 714 2531 ταύτῃ
722 2495 755 2530 τῇ
779 2494 866 2530 πέτρᾳ
882 2495 950 2521 οἰκο-

164 2535 272 2572 δομήσω
285 2546 333 2573 μου
344 2539 395 2573 τὴν
413 2538 584 2574 Ἐκκλησίαν,
597 2539 644 2566 καὶ
660 2540 742 2566 πύλαι
756 2539 818 2575 ᾅδου
827 2540 857 2566 οὑ
873 2548 949 2566 κατι-

166 2582 308 2616 σχύσουσιν
327 2584 423 2620 αὐτῆς.
445 2594 455 2611 ι
480 2584 579 2617 Πιστὸς
602 2586 616 2612 ό
631 2585 721 2620 λόγος,
738 2586 786 2614 καὶ
800 2586 948 2618 ἀσάλευτος

200 2673 221 2689 ⁸·
240 2671 251 2699 1
267 2672 330 2701 Cor.
348 2680 395 2707 xv,
410 2673 458 2702 28.
494 2673 518 2690 ⁸³
538 2673 633 2701 Matth.
651 2682 711 2707 ενι,
727 2674 770 2701 17.

228 2750 256 2787 θ)
271 2750 419 2787 ἓάλλοντας
434 2751 480 2778 τὸν
493 2751 621 2787 Χριστόν,
636 2751 747 2779 Catena.

213 2785 255 2821 7t)
269 2785 382 2821 Catena,
401 2794 461 2820 quae
484 2785 529 2813 hic
551 2786 661 2818 desinit,
684 2786 809 2818 ἕλκοντες
827 2787 946 2814 ἔννοιαν·

167 2819 290 2857 τότξΑκαξ
302 2821 317 2847 ὁ
328 2819 605 2857 Υἱὸς-ὑποταγήσεται
615 2822 654 2857 τῷ
668 2822 764 2857 Πατρί.

202 2830 224 2846 τε
239 2830 286 2847 και
302 2830 317 2847 ο
333 2830 391 2851 Hoc
407 2830 605 2857 υπαταγησεται
615 2830 654 2857 τῳ
668 2830 725 2849 um:
747 2830 764 2848 ι.

202 2854 257 2890 ('12)
274 2854 370 2889 Basil.,
387 2854 466 2885 Gobl.
489 2861 516 2886 et
531 2855 625 2893 Segu.,
648 2830 846 2892 σκοπῆρσαντες.
865 2856 946 2891 Editi,

1000 1585 1072 1606 esse.
1097 1577 1175 1604 Hunc
1199 1577 1227 1604 in
1243 1576 1397 1604 Bethlehem
1415 1581 1510 1603 natum
1527 1583 1560 1603 ex
1581 1575 1684 1603 semine
1702 1574 1788 1603 David

1000 1627 1149 1654 secundum
1177 1633 1299 1657 carnem,
1314 1624 1472 1651 hominibus
1499 1623 1613 1650 similem
1631 1622 1741 1653 factum,
1755 1629 1788 1649 ac

1000 1681 1050 1708 pro
1066 1673 1222 1700 hominibus
1239 1671 1399 1698 crucifixum
1421 1669 1472 1697 sub
1486 1669 1584 1696 Pontio
1600 1668 1696 1701 Pilato,
1708 1675 1786 1695 eum-

1000 1719 1061 1745 dem
1085 1718 1178 1745 dixere
1191 1717 1285 1748 Deum,
1304 1720 1331 1743 et
1349 1715 1501 1748 hominem;
1525 1713 1623 1740 Filium
1641 1713 1686 1740 Dei
1703 1717 1730 1740 et
1746 1711 1788 1740 Fi.

1000 1764 1066 1791 lium
1086 1763 1221 1796 hominis;
1239 1770 1271 1790 ex
1285 1761 1365 1792 coelo,
1378 1766 1404 1788 ct
1426 1769 1459 1788 ex
1485 1765 1572 1793 terra;
1593 1759 1788 1795 impassibilem

1001 1813 1027 1837 et
1043 1809 1218 1844 passibilem;
1235 1816 1288 1835 non
1311 1807 1405 1840 alium,
1420 1814 1474 1833 non
1492 1814 1623 1841 personas
1643 1806 1722 1838 duas,
1737 1812 1788 1832 nec

1001 1854 1069 1882 duas
1093 1855 1262 1889 hyposlases,
1285 1860 1334 1879 nec
1353 1852 1421 1879 duas
1446 1851 1628 1878 adorationcs.
1651 1849 1788 1883 Quorsum

1001 1899 1212 1934 disceptationes
1227 1903 1254 1925 et
1265 1899 1409 1925 verborum
1425 1897 1538 1933 pugnae?
1553 1889 1669 1924 Credefe
1692 1903 1789 1923 conve-

1002 1947 1053 1978 uit,
1067 1950 1094 1973 et
1119 1953 1173 1972 una
1198 1945 1306 1975 colere.
1331 1950 1412 1979 atque
1439 1943 1554 1970 adorare
1578 1951 1640 1970 cum
1667 1942 1786 1969 silentio.

1002 1993 1126 2028 Agnosco
1141 1992 1229 2026 ipsum
1244 1998 1337 2017 revera
1350 1989 1431 2016 Deum
1444 1997 1476 2017 ex
1489 1989 1558 2016 cmlo
1573 1988 1785 2023 impassibilem:

1003 2046 1122 2073 agnosco
1134 2038 1222 2072 ipsum
1237 2044 1269 2063 ex
1282 2036 1385 2064 semine
1401 2035 1483 2062 David
1498 2035 1647 2062 secundum
1663 2039 1784 2064 carnem,

1003 2085 1139 2111 hominem
1156 2082 1189 2109 de
1205 2087 1276 2109 terra
1294 2081 1459 2116 passibilcm.
1473 2079 1532 2107 Non
1545 2087 1637 2115 quer
1649 2076 1786 2113 quomodo

1003 2129 1074 2156 idem
1092 2127 1230 2164 passibilis
1248 2131 1274 2154 et
1287 2125 1463 2161 itnpassibilis
1481 2126 1516 2153 sit
1532 2135 1538 2152 :
1556 2123 1692 2159 quomodo
1714 2121 1786 2148 Deus

1003 2180 1030 2204 et
1044 2175 1142 2208 homo;
1159 2181 1192 2201 ne
1214 2173 1292 2203 illud,
1305 2173 1450 2207 quomodo,
1464 2171 1600 2198 curiosius
1621 2168 1786 2203 investigan-

966 2211 987 2238 θ
1001 2222 1046 2253 do,
1064 2221 1249 2255 rationemque
1273 2218 1465 2254 perquirendo,
1480 2217 1543 2244 boni
1559 2215 1636 2243 nobis
1653 2213 1785 2249 propositi

999 2265 1134 2301 iacturam
1159 2264 1267 2292 faciam.
1282 2263 1403 2291 Primum
1417 2263 1489 2290 enim
1508 2261 1619 2289 credere
1634 2263 1740 2295 oportet
1753 2266 1787 2286 ac

1000 2312 1154 2347 gloriﬁcare
1171 2320 1178 2338 :
1193 2310 1324 2343 secundo,
1345 2318 1378 2338 ex
1405 2309 1474 2337 calo
1497 2308 1594 2335 harum
1616 2314 1707 2334 rerum
1720 2313 1787 2333 con-

1001 2357 1170 2386 stitutionem
1183 2360 1286 2391 petere,
1296 2363 1351 2383 non
1367 2360 1457 2383 autem
1466 2354 1500 2382 ab
1511 2355 1566 2381 imo
1578 2353 1651 2380 illam
1662 2360 1695 2380 ex
1703 2359 1787 2380 carne

1000 2407 1027 2430 et
1043 2402 1175 2437 sanguine
1197 2401 1358 2434 desumerc;
1373 2400 1421 2428 sed
1448 2407 1481 2428 ex
1507 2399 1600 2426 divina
1627 2401 1654 2424 et
1679 2397 1786 2426 cmlesti

1003 2448 1176 2476 revelatione.
1190 2446 1256 2474 Nam
1277 2456 1286 2472 ι
1305 2446 1405 2473 Beatus
1417 2453 1458 2477 es,
1472 2444 1566 2472 Simon
1583 2443 1709 2479 Barjoua,
1722 2444 1786 2479 quia

1002 2501 1067 2522 caro
1080 2497 1106 2520 et
1120 2492 1233 2527 sanguis
1247 2499 1301 2519 non
1316 2491 1447 2519 revelavit
1462 2490 1511 2518 tibi
1526 2499 1533 2518 :
1550 2490 1597 2518 sed
1613 2489 1693 2517 Pater
1709 2497 1786 2517 meus

1002 2539 1048 2575 qui
1060 2539 1087 2566 iu
1099 2539 1176 2566 caelis
1186 2541 1228 2565 est
1236 2538 1259 2553 δ’
1268 2546 1274 2570 ;
1282 2546 1291 2563 ι
1302 2541 1343 2564 et:
1357 2547 1365 2562 ι
1378 2536 1418 2564 Tu
1430 2544 1461 2564 es
1470 2535 1576 2575 Petrus,
1589 2540 1615 2564 et
1625 2543 1708 2571 super
1717 2535 1787 2562 hanc

1001 2589 1106 2622 petram
1129 2583 1269 2611 aediﬁcabo
1283 2582 1433 2611 Ecclesiam
1448 2590 1546 2615 meam,
1560 2587 1587 2611 et
1602 2586 1688 2618 porta:
1706 2580 1787 2610 inferi

1003 2751 1189 2782 σκοπίσαντες.

1038 2787 1094 2821 (75)
1108 2786 1189 2814 Basil.
1204 2786 1249 2813 hic
1257 2785 1292 2813 ἐι
1306 2785 1386 2817 infra,
1404 2783 1493 2812 εἶπαν.

1038 2819 1094 2858 (74)
1108 2822 1278 2855 Basiliensis,
1299 2822 1387 2848 Ἰωνᾶ.
1403 2821 1456 2848 Alii
1471 2824 1497 2849 et
1512 2819 1588 2854 editi,
1608 2820 1693 2847 Ἴωνα.
