1898 3053
151 138 196 166 151
397 150 399 152 ι
724 136 753 166 S.
773 135 1005 165 ATHANASIUS.
1026 150 1062 157 —
1079 135 1194 164 DUBIA.

1712 138 1765 166 £52

150 201 178 224 ut
197 203 252 232 pm
266 204 296 224 se
320 197 422 225 ferebat
439 197 597 232 angelorum
609 195 738 232 gaudium
755 196 905 224 dicentium
920 205 927 224 :
943 204 952 232 λ

980 195 1141 231 ἀνθρώποις.
1162 205 1170 221 ι
1194 194 1340 231 Χαίροντες
1354 192 1400 222 οὖν
1416 196 1462 223 ἐπὶ
1482 197 1514 232 τῇ
1534 195 1652 232 Χριστοῦ
1669 198 1765 232 γεννή-

149 251 160 268 ‹
179 240 271 268 Gloria
289 241 317 269 in
328 242 443 269 excelsis
467 241 536 273 Deo,
548 247 576 269 et
599 242 626 268 in
643 245 715 268 terra
731 249 783 277 pax
811 241 929 269 homini-

148 287 210 316 bus.
223 288 264 314 ⁸⁸»
281 287 438 315 Gaudentes
447 288 530 323 igitur
541 288 568 316 in
583 288 685 316 Christi
705 288 856 321 nativitate,
873 296 928 316 non

147 333 268 360 humano
279 333 388 368 gaudio,
401 333 481 368 quale
501 338 542 360 est
563 334 691 369 gaudium
720 334 870 367 hominum,
901 334 928 361 in

146 379 289 406 nativitate
310 379 387 414 pueri
408 379 573 415 cujuspiam,
592 380 636 407 ubi
658 384 686 408 et
704 380 836 407 natalium
856 380 928 407 cele-

146 422 272 450 britatem
285 427 378 458 agunt.
392 423 444 451 Sed
459 424 492 451 de
507 424 610 452 Christi
625 425 740 452 adventu
750 425 927 460 gaudeamus,

145 472 173 495 et
188 468 222 495 de
233 468 329 496 divinae
345 469 413 497 lucis
432 470 615 497 illustratione
631 479 638 497 :
659 478 712 497 non
727 470 799 505 quod
815 469 929 505 captivi-

146 515 210 543 tatis
229 520 383 543 consortem
405 516 563 548 habeamus,
577 516 626 544 sed
653 515 870 551 Redemptorem,
887 524 930 544 se-

145 560 263 587 cundum
275 561 447 596 Apostolum.
465 561 536 594 Quid
549 566 639 589 autem
654 567 785 597 praeterea
797 563 849 590 hac
863 562 890 589 in
900 570 929 590 re

144 607 249 633 adfuit?
272 606 378 638 Unctio,
396 615 448 642 qua
472 609 576 635 scilicet
592 608 725 636 diviniore
743 617 824 644 quam
839 609 928 636 homi-

144 659 193 678 nes
203 652 282 679 modo
292 658 374 680 natus
392 658 444 684 est,
460 653 593 681 diviniore
605 655 668 681 item
685 662 765 690 quam
782 662 832 681 nos
848 654 928 681 modo

143 697 276 725 educatus
291 703 333 725 est
347 698 482 726 Christus.
500 698 596 726 Forma
609 699 699 734 itaque
713 708 762 727 sua
778 700 927 727 secundum

144 751 254 770 carnem
279 745 359 771 undis
376 745 497 772 abluitur
519 753 582 772 cum
606 745 718 773 Judaeis.
735 745 854 773 Joannes
880 747 928 773 ba-

144 789 274 823 ptizavit,
290 790 388 817 llnvius
409 789 536 817 Jordanis
560 791 644 818 abluit
659 791 779 818 divinum
804 799 903 827 corpus
919 801 926 819 :

145 839 211 862 tunc
229 835 346 870 Spiritus
360 837 445 863 sancti
466 837 492 863 in
515 845 613 871 purum
633 836 735 864 Christi
753 845 852 872 corpus
873 837 928 864 ad—

980 250 1031 272 σει,
1047 241 1096 268 οὐκ
1117 241 1289 281 ἀνθρωζιίνην
1305 241 1392 276 χαρὰν
1408 242 1556 277 χαίροντες,
1578 239 1632 269 οἷον
1647 242 1702 278 (86)
1716 243 1765 270 ἐπὶ

978 287 1139 322 γεννωμένῳ
1151 286 1249 322 παιδίῳ
1263 287 1401 322 χαίρουσιν
1415 287 1563 323 ἄνθρωποι,
1577 287 1624 315 καὶ
1634 287 1765 322 γενεσίων

979 332 1146 360 ἐπιτελοῦσιν
1163 333 1274 368 ἑορτήν·
1294 333 1351 359 ἀλλ’
1368 333 1512 369 ἐπιφανείᾳ
1527 333 1645 369 Χριστοῦ
1661 333 1764 370 χαίρω-

980 389 1029 416 μεν
1045 379 1110 416 (87),
1133 380 1180 407 καὶ
1195 379 1284 414 φωτὸς
1302 379 1448 415 ὲπιλάμψει
1469 379 1570 413 Osismi,
1587 380 1617 407 οὐ
1637 379 1764 407 κοινωνὸν

979 427 1085 461 ἔχοντες
1105 427 1154 462 τῆς
1170 425 1366 461 αἰχμαλωσίας.
1383 425 1451 452 ἀλλὰ
1471 426 1609 462 λυτρωτὴν
1630 425 1701 453 κατὰ
1717 425 1764 452 τὸν

985 472 1154 499 Ἀπόστολον.
1171 472 1203 498 Τί
1222 472 1250 498 δὲ
1269 469 1303 507 ἦν
1319 472 1365 498 ἐπὶ
1386 471 1508 504 toﬁ-tots;
1532 471 1565 497 Ἦ
1581 471 1681 507 χρίσις,
1702 469 1765 497 καθ’

978 517 1011 553 ῆν
1022 517 1188 553 γεννώμενος
1203 517 1339 553 θειότερον
1351 517 1368 553 ἦ
1381 517 1440 544 κατ’
1455 517 1622 552 ἀνθρώπους,
1637 516 1684 543 καὶ
1696 525 1765 552 spa-

979 564 1038 597 φεὶς
1061 563 1203 599 θειοτέρως
1218 564 1235 599 ῆ
1259 563 1318 590 καθ’
1344 564 1417 599 ἡμᾶς
1440 563 1566 599 Χριστός,
1587 563 1623 589 Τὸ
1645 563 1695 598 μὲν
1717 560 1765 589 οὖν

980 609 1072 644 σχῆμα
1091 609 1161 635 κατὰ
1178 609 1227 645 τὴν
1250 610 1338 645 σάρκα
1359 610 1388 635 ἐν
1409 608 1484 635 ὕδατι
1511 608 1668 643 βαπτίζεται
1695 608 1764 644 μετὰ

985 655 1127 682 Ἰουδαίων.
1151 655 1206 682 Καὶ
1223 655 1349 690 Ἰωάννης
1372 656 1385 682 ὁ
1403 654 1551 690 βαπτίζων,
1576 654 1621 681 καὶ
1643 655 1764 690 ποταμὸς

985 701 1118 736 Ἰορδάνης
1139 702 1153 727 ὁ
1176 700 1261 727 λούων
1278 699 1357 735 σῶμα
1378 699 1409 726 τὸ
1430 699 1511 731 θεῖον,
1538 700 1584 726 καὶ
1606 699 1764 735 Πνεύματος

978 747 1070 781 ἔφοδος
1088 746 1117 779 ἐξ
1137 746 1251 782 οὐρανοῦ
1278 748 1317 778 εἰς
1336 746 1367 773 τὺ
1393 746 1510 781 καθαρὸν
1533 746 1612 781 σῶμα
1633 746 1680 772 τοῦ
1697 747 1765 782 Χρι-

979 793 1053 824 στοῦ,
1074 793 1102 825 ἐξ
1119 791 1149 820 οὗ
1171 793 1218 819 καὶ
1240 794 1280 823 εἰς
1296 793 1368 828 ἡμᾶς
1386 792 1517 819 διαϐαίνει
1530 793 1590 819 καθ’
1607 792 1734 828 ὁμοίωσιν
1745 793 1762 828 ἡ

977 839 1110 874 κάθαρσις
1130 838 1251 874 (88),ῖνα
1273 839 1319 865 καὶ
1340 839 1419 874 ἡμεῖς
1441 838 1665 875 ἀκολουθήσωμεν
1690 837 1764 873 αὐτῷ

145 886 243 908 ventus
259 882 320 912 fuit,
334 890 349 908 a
369 890 422 917 quo
448 883 476 909 in
493 890 544 910 nos
566 883 691 917 purgatio
706 886 856 910 transmeat
879 890 926 918 per
941 895 952 923 ι

980 885 1143 921 πληροῦντες
1166 886 1255 912 πᾶσαν
1282 885 1464 920 δικαιοσύνην,
1492 886 1538 912 καὶ
1570 885 1764 921 καθαιρόμενοι

145 927 369 959 similitudinem;
387 932 417 954 ut
433 928 520 962 ipsum
535 936 693 963 sequamur,
709 929 925 963 impleamusque

144 980 253 1000 onmem
271 973 416 1006 justitiam,
430 974 535 1009 purgati
554 975 582 1002 in
597 975 657 1010 ipso
669 973 794 1007 Domino,
809 974 853 1001 cui
867 974 926 1010 glo-

977 933 1006 958 ὲν
1034 931 1109 966 αὐτῷ
1133 931 1172 967 τῷ
1194 931 1298 967 Κυρίῳ,
1327 928 1348 966 ᾧ
1371 932 1388 967 ἡ
1407 931 1470 964 δόξα
1496 933 1535 964 εις
1560 932 1623 964 τοὺς
1653 933 1762 965 αίῶνας.

984 977 1068 1012 Ἀμήν
1085 976 1151 1012 (89)-

145 1018 185 1045 ria
198 1018 226 1046 in
243 1019 352 1046 sacuta.
370 1019 469 1048 Amen.

126 1140 129 1145 λ
177 1119 202 1135 ⁸⁸
218 1119 286 1146 Luc.
306 1127 345 1153 lt,
362 1120 406 1148 M.

179 1197 235 1266 E86)
253 1196 445 1232 Seguerianns,
463 1197 531 1224 οἵαν.

191 1232 235 1267 87)
253 1231 373 1264 Gohler.,
396 1231 468 1259 Felc.
497 1240 529 1264 t.,
557 1231 680 1268 Seguer.,
694 1232 835 1268 χαίρομεν.
855 1231 925 1267 μοι

1014 1195 1070 1268 ἕ88)
1086 1196 1246 1225 Basiliensis
1265 1202 1291 1225 et
1303 1197 1427 1239 segnem,
1443 1198 1461 1234 ὴ
1475 1198 1635 1240 σάρχωσις..

1026 1232 1071 1267 89)
1089 1231 1162 1268 Haec.
1174 1234 1212 1264 είς
1226 1233 1288 1265 τοὺς
1300 1235 1409 1266 αἰωνας,
1424 1234 1509 1268 ἀμήν,
1519 1234 1616 1261 desunt
1629 1243 1635 1261 l

191 1232 235 1267 87)
253 1231 373 1269 Golden,
396 1231 468 1269 Eelc.
497 1240 529 1269 t.,
557 1231 680 1268 Seguer.,
694 1232 835 1268 χαίρομεν.
855 1231 925 1267 μοι

996 1268 999 1269 ν
1014 1231 1071 1268 (89)
1089 1231 1163 1269 Haec,
1174 1234 1212 1264 εἰς
1226 1233 1288 1265 τοὺς
1300 1231 1409 1266 αἰῶνας,
1424 1231 1616 1269 ἀμήν,’άεευηι
1629 1234 1655 1262 in
1665 1233 1762 1262 Goble-

145 1266 252 1302 ἔχοντες
265 1268 340 1295 deest
357 1269 385 1295 in
401 1268 576 1303 Segueriano.
597 1266 604 1268 ἡ
695 1266 711 1268 ’⁷
744 1266 749 1268 ⁷
777 1266 783 1268 ⁷
856 1266 860 1267 ⁷
978 1266 1066 1296 τίδιισ
1077 1272 1104 1296 et
1120 1267 1193 1296 Felc.
1211 1276 1230 1301 ι,
1249 1276 1298 1296 nec
1311 1269 1380 1296 lecta
1396 1266 1460 1296 sunt
1471 1266 1487 1296 ἐι
1501 1268 1619 1297 Nannio.

154 1385 1752 1400 —_—___————__—_..—___.__

569 1471 607 1503 ΡΝ
635 1471 812 1509 SEQUENS
835 1471 1067 1503 OPUSCULUM
1095 1473 1343 1512 ADMONITIO.,

177 1575 199 1604 ι.
221 1574 300 1602 Vetus
311 1581 385 1601 error
400 1573 517 1601 omnium
531 1572 646 1609 (excepto
660 1573 816 1610 Basiliensi)
832 1574 1073 1609 manuscriptorum
1088 1579 1137 1608 est,
1150 1580 1180 1602 ut
1194 1576 1243 1604 hoc
1264 1576 1417 1612 opusculum
1438 1585 1497 1605 cum
1511 1579 1671 1614 expositione
1690 1581 1763 1610 illius

143 1621 230 1648 dicti:
244 1620 341 1648 Omnia
361 1620 426 1647 mihi
442 1619 540 1646 tradita
555 1624 619 1646 sunt
637 1627 652 1646 a
667 1619 757 1651 Patre,
773 1619 820 1646 sub
833 1628 885 1646 uno
912 1619 1051 1655 eodemque
1067 1620 1144 1648 titulo
1159 1621 1308 1657 jungatur:
1325 1622 1372 1648 hoc
1391 1622 1489 1650 scilicet
1503 1625 1604 1657 ordine,
1626 1631 1655 1652 ut
1678 1627 1763 1660 primo

143 1673 257 1702 ponatur
274 1667 427 1698 Tractatus,
442 1666 469 1692 in
483 1665 550 1692 illud
566 1673 574 1692 :
589 1665 687 1692 Omnia
710 1666 777 1693 mihi
801 1665 902 1692 tradita
929 1670 1003 1698 sunt,
1020 1671 1074 1693 etc.
1090 1666 1220 1700 Secundo,
1236 1667 1412 1702 fragmentum
1439 1677 1471 1696 ea:
1498 1670 1565 1698 libro
1589 1673 1622 1699 de
1645 1672 1763 1702 Nicamis

143 1717 263 1748 decretis,
276 1725 304 1752 ι).
323 1717 353 1743 21
363 1717 385 1749 1,
399 1716 483 1743 Τοῦτό
496 1716 569 1742 ἐστιν
583 1716 690 1752 ἀληθῶς
704 1716 863 1743 διδασκαλία
876 1724 882 1742 :
897 1715 952 1744 Ηξὲ(

980 1721 1019 1745 est
1030 1725 1094 1744 vera
1110 1718 1246 1751 doctrina,
1260 1723 1314 1746 etc.
1327 1719 1375 1746 sub
1391 1718 1480 1747 eadem
1494 1719 1580 1752 titulo,
1598 1722 1689 1755 paucis
1703 1727 1763 1749 tan-

145 1768 201 1789 tum
216 1763 325 1789 mutatis
338 1762 431 1789 verbis.
448 1761 535 1790 Tertio
550 1764 591 1791 hic
605 1764 709 1791 libellus
726 1765 757 1791 de
773 1764 900 1792 Sabbatis
916 1771 1102 1801 consequenter
1113 1767 1256 1802 eademque
1277 1768 1375 1802 pariter
1388 1768 1569 1804 inscriptione.
1586 1770 1675 1805 quue
1686 1779 1764 1805 pror-

143 1817 188 1836 sus
204 1809 376 1843 modojacent
388 1809 414 1836 in
431 1808 509 1836 editis
528 1810 648 1838 omnibus
664 1810 768 1838 Latinis
797 1812 939 1838 Athanasii
951 1821 984 1839 ea:
1000 1812 1101 1840 [Vannii
1113 1815 1239 1842 versione.
1254 1815 1312 1848 Quo
1329 1820 1416 1843 autem
1429 1823 1493 1842 casu
1506 1825 1546 1843 res
1558 1817 1596 1843 ita
1606 1817 1762 1852 disparatae,

143 1860 328 1889 consequenter
336 1860 361 1882 et
373 1855 419 1881 sub
433 1855 523 1882 eodem
536 1855 612 1883 titulo
630 1857 725 1890 posita:
740 1857 849 1891 fuerint,
867 1858 925 1892 quis
944 1859 1073 1893 augurari
1088 1860 1198 1888 ualeat?
1225 1860 1289 1888 Haec
1314 1862 1440 1895 opuscula
1462 1871 1507 1890 seu
1530 1864 1678 1899 fragmenta
1695 1870 1764 1891 recte

144 1903 248 1929 demum
265 1903 348 1930 diuisa
359 1903 466 1937 [uerunt
483 1912 498 1930 a
511 1902 726 1931 Connuelinianis
741 1905 898 1938 editoribus,
919 1914 984 1942 quos
1002 1908 1084 1934 secuti
1096 1908 1135 1934 ita
1149 1908 1400 1941 sunt_Parisianses,
1429 1913 1458 1936 ut
1483 1914 1621 1944 postquam
1637 1914 1687 1936 tres
1702 1910 1763 1936 illas

145 1953 282 1994 tractatus.
295 1950 321 1976 in
344 1950 431 1983 priore
448 1953 518 1976 tomo
533 1949 638 1977 divisim
657 1951 822 1984 retulissent,
842 1955 871 1978 ut
886 1960 926 1979 res
949 1953 1119 1987 postulabat;
1135 1954 1249 1982 secundo
1264 1955 1359 1982 iterum
1387 1960 1466 1988 tomo,
1483 1964 1508 1991 p.
1528 1955 1572 1987 64,
1587 1956 1765 1991 fragmentum

144 1998 305 2032 reposuerint
321 2005 330 2024 :
345 1997 407 2025 [huc
425 2003 467 2025 cst
481 1999 554 2026 enim
568 2007 632 2027 vera
647 2000 783 2031 doctrina.
801 2005 826 2027 et
843 2007 1029 2036 consequenter
1041 2002 1088 2030 hoc
1105 2002 1137 2029 de
1153 2003 1279 2031 Sabbatis
1297 2003 1460 2038 opusculum.
1486 2002 1594 2029 Primus
1611 2010 1690 2036 porro
1707 2007 1764 2028 tra-

143 2049 241 2077 ctatus,
258 2052 346 2079 nempe
359 2045 386 2071 in
401 2044 467 2071 illud
483 2051 493 2071 :
510 2043 605 2071 Oznnia
620 2044 685 2071 mihi
700 2045 802 2072 tradita
814 2050 888 2077 sunt,
905 2050 972 2078 elc.,
985 2047 1041 2074 suis
1055 2055 1110 2074 sese
1128 2049 1196 2075 notis
1208 2048 1297 2083 prodit
1311 2057 1367 2076 esse
1383 2048 1608 2076 Athanasianum.
1629 2048 1694 2075 Vide
1708 2048 1764 2082 pri-

143 2100 187 2118 mo
206 2096 275 2118 tomo
291 2100 318 2126 p.
339 2092 383 2119 8|.
402 2091 593 2127 Fragmentum
606 2101 664 2119 vero
682 2100 692 2119 .'
707 2091 771 2120 Haec
781 2098 822 2120 est
836 2093 908 2121 enim
925 2102 987 2121 vera
1004 2095 1141 2129 doctrina,
1157 2096 1272 2124 diximus
1283 2104 1316 2124 επ
1333 2096 1400 2124 libro
1412 2096 1443 2123 de
1463 2095 1581 2123 Metonis
1594 2095 1704 2122 decretis
1715 2102 1763 2121 ετο-

142 2143 259 2172 cerptum
270 2139 361 2173 fuisse.
380 2137 455 2165 Hunc
469 2145 527 2165 vero
543 2141 686 2163 tractatum
698 2137 767 2172 quod
779 2142 891 2172 spectat,
908 2147 942 2164 an
959 2139 1100 2167 Athanasii
1116 2141 1150 2167 sit
1167 2149 1255 2173 necne,
1271 2144 1314 2168 uia:
1329 2141 1483 2176 deprehendi
1498 2146 1592 2175 potest,
1609 2149 1668 2167 cum
1689 2140 1764 2168 nulla

143 2185 246 2218 uspiam
262 2185 301 2210 vel
316 2184 420 2215 νοθείας
439 2185 477 2211 vel
490 2182 666 2218 γνησιότητος
684 2187 747 2209 nota
771 2189 923 2218 compareat
936 2192 944 2210 :
957 2184 1072 2212 humilia:
1084 2194 1195 2220 namque
1214 2187 1324 2221 speciem
1338 2188 1513 2223 prwfert,quo
1529 2187 1661 2216 scribendi
1672 2195 1764 2222 genere

143 2230 210 2257 nihil
236 2230 318 2257 edidit
344 2229 520 2265 Athanasius,
545 2230 613 2266 quod
637 2231 672 2258 ad
692 2239 739 2258 nos
760 2240 840 2266 usque
863 2233 1035 2266 pervenerit:
1060 2234 1128 2261 unde
1162 2235 1205 2262 via:
1232 2243 1265 2262 ex
1279 2236 1348 2272 stylo
1373 2237 1474 2272 aliquid
1496 2236 1599 2264 decerni
1625 2245 1701 2272 posse
1728 2237 1765 2263 υἱ-

142 2276 230 2302 detur.

178 2332 211 2361 ll.
225 2333 318 2368 Agitur
333 2334 374 2360 hic
384 2333 416 2361 de
432 2333 559 2366 Sabbato,
576 2334 645 2370 quod
661 2342 713 2361 non
729 2335 786 2366 otii,
805 2334 848 2361 sed
862 2332 910 2361 Dei
925 2336 1099 2370 cognoscendi
1113 2344 1196 2364 causa
1212 2337 1305 2364 datunt
1316 2337 1475 2372 defenditur,
1489 2339 1522 2367 de
1537 2339 1676 2366 Dominica
1687 2340 1762 2372 item,

142 2380 174 2407 de
189 2381 385 2409 circumcisione
404 2387 428 2409 et
445 2381 665 2422 baptismatesEt
687 2391 750 2409 sane
766 2381 911 2417 quamdam
937 2383 1077 2418 dignitatis
1096 2386 1209 2419 speciem
1236 2386 1342 2420 prwfert
1367 2387 1415 2414 hoc
1432 2386 1597 2422 opusculum,
1615 2390 1644 2412 ut
1662 2386 1686 2412 si
1711 2394 1763 2412 non

142 2426 284 2455 Athanasii
297 2429 333 2456 sit
345 2448 352 2459 ,
373 2429 487 2464 alicujus
503 2431 597 2458 saltem
612 2431 648 2464 pii
658 2431 778 2466 doctique
797 2431 821 2457 vi
830 2431 853 2458 ri
869 2439 934 2466 opus
949 2439 1005 2468 esse
1020 2437 1140 2466 putetur.
1160 2432 1322 2460 Manendum
1334 2433 1443 2469 denique
1460 2435 1594 2466 duximus,
1607 2434 1642 2461 ad
1661 2434 1764 2461 oratio-

142 2480 202 2498 nem
209 2478 330 2506 quartam
339 2480 431 2502 contra
444 2476 569 2508 Arianos,
583 2481 650 2504 tom.
661 2476 694 2508 ll,
709 2484 735 2511 p.
753 2476 816 2508 496,
834 2477 862 2503 in
878 2478 994 2512 margine
1007 2478 1125 2504 codicum
1142 2478 1241 2510 Basil.,
1255 2479 1357 2507 Gobler.
1368 2485 1391 2507 et
1403 2479 1519 2507 Felckm.
1534 2481 1560 2513 1,
1571 2479 1627 2506 hwc
1642 2479 1710 2514 legi:
1724 2478 1765 2505 Τὰ

142 2518 208 2552 ’περὶ⁷
221 2519 363 2548 σαϐϐάτων
388 2522 434 2548 καὶ
454 2523 604 2558 περιτομῆς
619 2519 669 2550 ὦδε
684 2522 797 2550 ἔκειντο.
811 2522 951 2558 Opusculu

996 2524 1030 2551 de
1052 2524 1180 2552 Sahbatis
1195 2530 1222 2553 et
1244 2527 1465 2560 circumcisione,
1483 2528 1527 2555 hic
1544 2528 1662 2563 positum
1678 2530 1738 2554 erat
1755 2535 1763 2553 :

143 2563 205 2598 quid
219 2572 306 2593 causa:
320 2575 378 2594 vero
390 2569 424 2595 sit
435 2569 504 2605 quod
518 2578 548 2597 eo
566 2570 617 2598 loci
634 2571 796 2598 translatum
813 2571 911 2612 fuerit,
927 2580 960 2600 ne
979 2572 1129 2610 conjectare
1145 2573 1250 2602 auidem
1279 2576 1336 2603 licet
1345 2585 1355 2609 ,'
1371 2584 1431 2612 cum
1451 2576 1484 2605 de
1510 2576 1587 2604 rebus
1607 2574 1664 2602 illic
1686 2574 1764 2606 longe

143 2610 293 2645 disparibus
309 2619 413 2649 agatur.
908 2610 911 2612 Ι
1362 2612 1376 2617 ᾔ
1394 2613 1399 2616 1
1425 2610 1431 2616 1
