1898 3053
88 113 148 141 163

607 113 652 141 DE
670 113 833 142 SABBATIS
847 113 896 142 ‘ET
913 113 1195 148 CIRCUMCISIONEJ

1664 115 1718 144 156

630 205 699 234 τΟΥ
717 206 762 233 EN
780 206 891 234 ΔΓῙΟΙΣ
909 207 1044 234 ΠΑΤΡΟΣ
1063 207 1162 235 ΗΜΩΝ

750 287 1068 332 ΑΘΑΝΛΣΙΟΥ

456 381 547 408 ΠΕΡΙ
561 380 752 408 ΣΑΒΒΑΤΩΝ
766 381 832 408 ΚΑΙ
846 381 1068 414 ΠΕΡΙΤΟΜΗΣ,
1085 382 1136 408 EK
1152 382 1221 409 ΤΗΣ
1239 380 1350 409 Ε’ΞοΔο
1357 380 1389 409 Υ.

592 502 639 546 S.
678 502 732 545 P.
774 502 833 545 N.
871 500 1191 545 ATHANASII

364 598 422 629 DE
435 598 636 630 SABBATIS
652 599 709 630 ET
725 596 1066 634 CIRCUMCISIONE,
1084 596 1143 627 EX
1156 595 1284 627 LIBRO
1304 595 1448 627 EXODI.

123 748 154 776 Ι.
178 757 188 774 ε
209 747 265 775 Καὶ
280 746 441 782 φυλάξουσιν
454 746 478 772 οἱ
493 746 546 772 υἱοὶ
562 745 669 782 Ἰσραὴλ
688 746 722 773 τὰ
739 746 872 778 Σάϐϐατα1

962 745 1056 782 421.
1074 754 1083 771 ι
1104 745 1136 772 Et
1165 745 1322 773 custodierit
1348 745 1395 772 ﬁlii
1424 745 1506 773 Israel
1538 745 1664 778 Sabbata,
1684 750 1711 774 et

87 795 179 822 ποιεῖν
202 793 273 821 αὐτὰ
287 794 326 825 εἰς
346 794 394 824 τὰς
416 793 511 827 γενεὰς
525 793 622 819 αὐτῶν.
636 792 755 829 Διαοήκη
772 792 879 824 αἰώνιος

88 841 119 867 ὲν
137 841 202 876 ἐμοὶ
218 841 266 867 καὶ
279 841 335 871 τοῖς
346 841 412 870 υἱοῖς
432 839 547 875 Ἰσραὴλ,
565 839 675 874 σημεῖόν
686 840 758 865 ἐστιν
773 839 801 865 ἐν
818 839 879 874 ἐμοὶ

88 887 211 919 αἰώνιον,
233 887 274 914 ὅτι
297 886 326 918 ἒξ
349 886 464 921 ἡμέραις
485 886 595 921 ἐποίησε
609 885 709 921 Κύριος
732 885 777 912 τὸν
798 885 880 920 οὐρα-

85 933 136 960 νὸν
154 933 211 968 (90)
224 933 270 959 καὶ
292 933 342 967 τὴν
366 932 428 967 γῆν,
449 932 496 958 καὶ
513 933 545 967 τῇ
563 931 662 967 ἑϐδόμη
683 931 775 968 ἡμέρᾳ
797 931 877 958 κατέ-

90 987 193 1006 παυσε.
213 988 223 1004 ι
243 978 358 1014 Σημεῖόν
378 979 436 1004 ἐστι
456 977 504 1004 τοῦ
519 978 616 1005 εἰδέναι
634 978 682 1013 τὴν
700 979 748 1014 τῆς
765 977 879 1010 κτίσεως

90 1024 211 1059 ἡμέραν,
228 1024 274 1050 καὶ
287 1024 318 1050 τὸ
335 1023 436 1059 ταύτης
447 1023 532 1056 τέλος.
553 1024 707 1050 Ἀκόλουθον
727 1021 760 1060 ἦν
779 1023 831 1055 ἓως
845 1024 879 1050 τὰ

89 1070 144 1105 τῆς
160 1070 274 1102 κτίσεως
291 1069 434 1106 ὲνεργεῖτο,
448 1070 493 1096 ἐπὶ
504 1070 552 1105 τῆς
568 1069 743 1105 Ἰερουσαλὴμ
754 1070 807 1102 ἕως
817 1069 877 1096 τότε

92 1116 237 1150 φυλάττειν
251 1116 286 1143 τὰ
299 1116 434 1143 Σάϐϐατα.
456 1116 598 1151 Ἐλθούσης
610 1116 638 1143 δὲ
653 1116 701 1152 τῆς
717 1116 812 1152 ἐτέρας
831 1124 879 1150 γε-

91 1163 157 1194 νεᾶς
174 1163 221 1189 καὶ
244 1162 292 1189 τοῦ
314 1162 471 1198 κτιζομένου
486 1161 561 1194 λαοῦ.
580 1162 649 1189 κατὰ
670 1163 700 1189 τὸ
717 1163 876 1198 λεγόμενον·

94 1217 105 1234 α
130 1208 265 1244 Γραφήτω
279 1208 347 1244 αὕτη
364 1209 403 1240 εἰς
415 1209 509 1243 γενεὰν
524 1209 629 1245 ἑτέραν,
643 1209 689 1236 καὶ
706 1208 769 1240 λαὸς
789 1210 803 1236 ὁ
819 1218 878 1236 κτι-

93 1253 207 1288 ζὸμενος
222 1254 326 1280 αἰνέσει
348 1253 392 1280 τὸν
416 1253 532 1288 Κύριον·
552 1263 561 1280 ι
586 1254 691 1290 ἀνάγκη
717 1254 814 1290 μηκέτι
832 1254 878 1281 τὸν

93 1299 157 1326 λαὸν
173 1299 266 1326 τοῦτον
286 1301 378 1335 τηρεῖν
398 1300 428 1326 τὸ
443 1300 492 1335 τῆς
511 1300 645 1336 προτέρας
662 1300 776 1332 κτίσεως
791 1300 875 1332 τέλος,

93 1344 162 1371 ἀλλὰ
175 1344 223 1380 τὴν
236 1346 323 1381 ἀρχὴν
335 1345 384 1380 τῆς
399 1345 526 1380 δευτέρας
541 1346 655 1378 κτίσεως
671 1345 771 1381 ζητεῖν.
785 1345 832 1378 Τίς
850 1346 877 1373 δέ

93 1391 177 1420 ἐστιν,
193 1391 209 1425 ἥ
224 1391 286 1417 καθ’
297 1391 330 1426 ἦν
343 1392 440 1425 ἀνέστη
457 1393 471 1418 ὁ
490 1392 609 1427 Κύριος;
626 1393 737 1418 Ἐκτοτε
757 1392 811 1428 γὰρ
827 1392 877 1427 ἁρ-

930 791 1106 819 celebrabunt
1133 791 1179 818 illa
1205 792 1232 818 in
1253 791 1476 826 generationibus
1502 791 1560 819 suis
1579 801 1584 818 :
1602 796 1710 826 partum

929 837 1123 871 sempiternum
1142 837 1212 864 inter
1226 844 1268 864 me
1283 839 1310 863 et
1326 837 1398 863 inter
1414 837 1483 863 lilios
1501 837 1711 872 lsrael,signum

929 887 970 911 est
982 883 1008 910 in
1024 891 1067 910 me
1086 887 1246 918 perpetuum
1265 883 1348 917 :quia
1365 891 1412 910 sex
1426 883 1522 910 diehus
1538 883 1601 910 fecit
1621 883 1712 911 Domi-

929 935 982 954 nus
1001 927 1100 954 cmlum
1121 931 1147 954 et
1165 931 1277 959 terram.
1291 931 1317 954 et
1328 928 1442 962 srptiuio
1455 927 1499 955 die
1511 928 1628 955 cessarit
1643 928 1677 956 ".
1697 937 1708 954 ι

930 971 1043 1008 Signum
1052 976 1094 1000 est
1105 976 1135 999 ut
1149 972 1262 1003 sciatur.
1272 972 1331 1000 dies
1343 973 1500 1004 creationis,
1515 974 1628 1008 ejusque
1638 973 1709 1001 ﬁnis.

927 1012 1148 1046 Consentaneum
1168 1022 1237 1050 erat,
1254 1022 1284 1045 ut
1308 1019 1431 1054 quandiu
1455 1022 1588 1045 creaturaa
1610 1018 1711 1045 conde-

928 1063 1038 1095 bantur,
1046 1062 1141 1090 tandiu
1159 1063 1186 1089 in
1201 1061 1351 1090 Jerusalem
1363 1061 1481 1090 Sabbata
1495 1062 1709 1090 custodirentur.

928 1108 1028 1136 Verum
1041 1109 1088 1136 ubi
1103 1108 1179 1136 venit
1195 1108 1334 1143 generatio
1350 1108 1445 1141 altera,
1460 1112 1486 1136 et
1509 1109 1625 1143 populus
1639 1108 1710 1135 alius

927 1154 974 1190 qui
996 1158 1104 1181 creatus
1127 1157 1180 1185 est,
1201 1153 1278 1188 juxta
1300 1153 1402 1180 dictum
1430 1153 1494 1180 illud
1511 1163 1516 1180 :
1536 1163 1545 1179 ι
1569 1147 1710 1180 Scribatur

927 1201 985 1228 haec
1002 1200 1029 1227 in
1046 1199 1220 1235 generatione
1233 1199 1328 1232 altera,
1342 1202 1369 1226 et
1385 1199 1500 1234 populus
1515 1199 1561 1233 qui
1573 1198 1710 1226 creabimr

928 1245 1048 1273 laudabit
1060 1244 1206 1272 Dominum
1221 1244 1244 1261 ⁸⁸
1262 1254 1269 1271 :
1288 1254 1297 1270 ι
1317 1251 1371 1271 non
1389 1252 1501 1272 necesse
1515 1245 1584 1271 ultra
1606 1244 1666 1275 fuit,
1679 1248 1710 1271 ut

927 1292 972 1319 hic
995 1291 1112 1327 populus
1142 1290 1241 1324 prioris
1258 1289 1404 1317 creationis
1431 1289 1510 1316 linem
1533 1289 1708 1323 observaret,

927 1335 975 1362 sed
997 1340 1025 1362 ut
1036 1335 1164 1363 secundae
1184 1335 1333 1362 ('reationis
1348 1334 1456 1361 initium
1473 1338 1616 1369 quaereret.
1630 1333 1709 1366 Quod

926 1385 1016 1408 autem
1035 1381 1100 1408 illud
1126 1380 1236 1408 initium
1257 1384 1310 1423 est,
1324 1380 1377 1408 nisi
1391 1387 1445 1415 qua
1459 1380 1504 1407 die
1517 1379 1649 1408 Dominus
1665 1388 1709 1407 re-

94 1436 144 1471 χὴν
165 1437 244 1472 ἔσχεν
267 1438 282 1472 ἡ
309 1438 387 1472 καινὴ
407 1438 505 1470 κτίσις,
532 1426 595 1473 περὶ
610 1435 644 1473 ἧς
667 1436 742 1465 εἶπεν
765 1439 780 1465 ὸ
795 1426 872 1465 Vlla;-

927 1427 1065 1455 surrexit?
1088 1427 1188 1454 exhinc
1208 1427 1282 1454 enim
1311 1426 1454 1454 enordium
1475 1433 1553 1453 nova:
1575 1430 1708 1453 creaturae

94 1481 138 1512 λος
159 1482 224 1516 (91)·
242 1491 252 1507 ι
272 1483 353 1509 Ὥστε
376 1483 403 1509 εἴ
416 1491 456 1515 τις
474 1484 503 1510 ὲν
517 1483 627 1519 Χριστῷ
648 1484 726 1519 καινὴ
750 1484 847 1515 κτίσις.
864 1493 874 1509 ι

94 1527 148 1562 Τὴν
159 1528 207 1562 μὲν
214 1526 260 1554 οὖν
268 1528 402 1564 προτέραν
415 1529 502 1556 κτίσιν
514 1529 597 1556 ποιῶν
609 1531 622 1556 ὁ
630 1529 695 1561 Θεὸς
709 1530 875 1556 κατέπαυσε·

94 1571 136 1598 διὰ
158 1573 237 1600 τοῦτο
250 1574 297 1599 καὶ
318 1574 348 1600 τὸ
372 1574 509 1601 Σάϐϐατον
524 1575 553 1600 ὲν
574 1575 606 1609 τῇ
622 1574 712 1610 ἡμέρᾳ
726 1575 758 1609 τῇ
776 1574 876 1609 ἑϐδόμῃ

94 1618 208 1653 ἐτήρουν
223 1619 248 1645 οἱ
269 1619 320 1654 τῆς
341 1620 435 1654 γενεᾶς
457 1620 511 1654 (92)
534 1620 654 1655 ἐκείνης·
676 1621 693 1655 ἡ
719 1620 747 1646 δὲ
763 1620 876 1655 δευτέρα

94 1663 182 1694 κτίσις
199 1663 275 1695 τέλος
296 1664 346 1690 οὐκ
363 1664 418 1699 ἔχει
430 1673 436 1680 ·
459 1664 503 1692 διὰ
522 1664 599 1691 τοῦτο
614 1665 672 1691 οὐδὲ
695 1665 874 1697 κατέπαυσεν,

94 1707 150 1734 ἀλλ’
170 1709 222 1740 ἕως
242 1710 303 1745 ἄρτι
322 1710 477 1744 ἐργάζεται.
498 1710 576 1737 Ὂοεν
598 1711 657 1738 οὐδὲ
680 1711 876 1746 σαῦὂατίζομεν

94 1753 200 1790 ἡμέραν
211 1755 248 1786 ὡς
260 1755 306 1782 ἐπὶ
319 1757 351 1791 τῇ
368 1755 472 1792 πρώτῃ.
485 1756 552 1784 ἀλλὰ
569 1756 604 1783 τὰ
624 1756 754 1791 μέλλοντα
771 1757 876 1788 ἐλπίζο-

94 1807 144 1834 μεν
158 1801 283 1828 Σάσϐατα
296 1802 446 1834 σαϐϐάτων,
461 1802 478 1829 ἃ
492 1803 522 1829 οὐ
534 1802 608 1834 τέλος
618 1803 750 1838 λαμϐάνει
763 1804 779 1839 ἡ
795 1803 875 1839 καινὴ

94 1845 191 1878 κτίσις,
203 1846 269 1873 ἀλλὰ
284 1847 445 1882 φανεροῦται
459 1848 505 1873 καὶ
517 1847 603 1874 διόλου
614 1848 746 1883 ἑορτάζει.
759 1847 809 1874 Διὰ
821 1847 874 1883 γὰρ

92 1891 170 1918 τοῦτο
184 1892 262 1928 ἐδόοη
276 1893 306 1919 τὸ
318 1893 454 1920 Σάϐϐατον
465 1893 504 1928 τῷ
517 1894 640 1930 προτέρῳ
652 1894 719 1929 λαῷ,
734 1895 778 1921 ἵνα
795 1893 875 1928 γινώ-

94 1946 145 1976 σκῃ
158 1939 205 1966 καὶ
220 1939 250 1966 τὸ
265 1940 341 1971 τέλος
357 1940 403 1967 καὶ
418 1940 466 1976 τὴν
481 1940 566 1976 ἀρχὴν
582 1940 631 1975 τῆς
653 1941 777 1972 κτίσεως.
792 1941 831 1976 Τῇ
846 1940 874 1967 δὲ

93 1985 170 2019 καινῇ
183 1985 269 2011 κτίσει
285 1985 334 2011 οὐκ
344 1985 492 2012 ἐνετείλατο
508 1985 652 2019 φυλάττειν
664 1985 816 2012 Σαὸὂατον·
832 1986 875 2012 ἵνα

92 2028 140 2064 τὴν
155 2031 203 2064 μὲν
217 2031 303 2066 ἀρχὴν
317 2032 346 2058 ὲν
364 2033 396 2068 τῇ
414 2033 537 2068 κυριακῇ
551 2032 672 2068 γινώσκῃ
689 2032 753 2067 (95),
766 2031 874 2058 ἀτελεύ-

93 2082 170 2110 τητον
186 2075 215 2101 δὲ
227 2076 370 2104 ἐπίσταται
380 2078 429 2113 τὴν
443 2078 543 2113 ταύτης
557 2078 645 2113 χάριν.

125 2197 152 2224 2.
167 2197 216 2224 Διὰ
234 2198 313 2225 τοῦτο
332 2199 361 2226 δὲ
383 2200 429 2226 καὶ
442 2200 492 2236 τὴν
508 2200 605 2236 ἀρχὴν,
622 2200 743 2227 τουτέστι
760 2199 873 2236 τὴνΚυ-

95 2242 187 2278 ριακὴν
201 2243 346 2278 ἐδήλωσεν,
362 2246 405 2272 ἵνα
418 2245 446 2272 το
463 2245 538 2278 τέλος
554 2245 604 2280 τῆς
626 2245 812 2281 παρελθούσης
828 2254 871 2280 γιηι

95 2286 204 2322 νώσκῃς.
225 2287 256 2315 '0
268 2288 332 2322 γοῦν
350 2289 506 2317 Ἀπόστολος
519 2292 640 2326 περὶτῆς
659 2291 792 2327 προτέρας
803 2291 872 2326 γρά-

96 2339 147 2364 φων
162 2332 257 2366 φησίν¹
279 2341 288 2358 ι
305 2333 368 2359 Ὅτε
382 2334 410 2360 δὲ
423 2332 488 2369 ἦλθε
501 2335 531 2361 τὸ
550 2336 683 2372 πλήρωμα
699 2336 745 2363 τοῦ
762 2336 868 2371 χρόνου,

95 2376 275 2408 ἐξαπέστειλεν
293 2379 307 2404 ὁ
325 2379 391 2410 Θεὸς
409 2380 453 2406 τὸν
472 2380 536 2407 Υἱδν
555 2382 637 2408 αὐτοῦ
649 2390 655 2396 ·
676 2391 685 2408 ι
708 2382 754 2408 καὶ
771 2382 867 2409 πάλιν·

100 2430 107 2445 ε
124 2422 180 2448 Ἐπὶ
194 2423 332 2459 συντελείᾳ
343 2424 396 2450 τῶν
409 2425 523 2452 αἰώνων.
539 2436 548 2452 ι
566 2427 669 2453 Οὐκοῦν
681 2428 698 2463 ἡ
713 2428 761 2462 μὲν
773 2427 868 2463 πρώτη

97 2467 263 2502 πεπλήρωται
282 2469 329 2495 καὶ
347 2469 526 2503 τετελείωται,
551 2472 600 2498 οὐκ
623 2471 716 2499 ἄλλοτε
743 2472 759 2507 ἢ
787 2472 824 2504 ὡς
845 2474 869 2499 οἱ

124 2543 145 2558 ⁸⁷
164 2542 249 2571 Exod.
269 2552 350 2577 uxr,
368 2545 418 2578 16,
438 2546 480 2573 Π.
518 2547 542 2562 ⁸⁸
560 2546 632 2575 Psal.
649 2555 691 2580 cr,
710 2548 753 2575 t9.
791 2549 813 2565 ι’
834 2548 855 2575 ll
871 2560 872 2563 η

928 2568 937 2576 .
954 2558 980 2580 v,
1002 2549 1044 2577 ΓΙ.
1083 2550 1106 2566 ⁸ο
1126 2549 1214 2577 Galat.
1233 2558 1278 2583 Iv,
1295 2550 1323 2578 Δ.

127 2618 229 2656 (θολτε
244 2624 305 2655 post
326 2621 451 2656 οὐρανόν,
477 2623 575 2656 legitur
597 2623 623 2650 in
638 2623 730 2655 editis,
743 2624 818 2651 deest
835 2625 863 2652 in

97 2620 181 2680 866)οὲ
191 2620 229 2646 Te
244 2624 305 2655 post
326 2621 451 2664 οὐρανόν,
477 2623 575 2666 legitur
597 2623 623 2650 in
638 2623 730 2655 editis,
743 2624 818 2664 deest
829 2625 862 2665 hin

97 2655 312 2716 ἠὲὶιιὲἒεὲοε.
322 2661 350 2683 et
364 2656 438 2691 beg.,
454 2659 487 2692 τῇ
500 2658 600 2693 ἐὸοομῃ
613 2659 712 2694 ἡμέρᾳ.
730 2660 759 2686 In
771 2660 862 2692 editis.

187 2690 354 2766 ἳῗὲςξίῖδὶιξξ
375 2729 402 2753 et
422 2726 533 2762 Seguer.
546 2735 553 2760 ;
565 2727 646 2756 Basil.
664 2726 724 2755 εἷπε
747 2728 863 2761 Παῦλος.

97 2758 174 2791 Εῶιὶί
186 2759 238 2793 ἔφη
254 2759 268 2784 ὸ
284 2758 398 2790 Παῦλος.

127 2795 178 2837 φὶ)
195 2793 242 2835 sic
265 2793 366 2837 Regius
381 2795 467 2837 codex.
484 2800 512 2825 et
533 2797 646 2834 Seguer.
669 2797 741 2826 Editi
759 2806 823 2827 vero
837 2801 864 2826 et

98 2832 187 2864 cateri,
193 2829 244 2864 τῆς
263 2828 405 2863 γενέσεως,
417 2830 495 2859 male.

927 1472 987 1504 fuit.
1002 1473 1036 1500 de
1051 1480 1105 1508 qua
1121 1473 1187 1499 dicit
1201 1472 1302 1499 Paulus
1318 1480 1347 1499 τι
1366 1471 1395 1498 Si
1406 1479 1460 1506 qua
1473 1479 1537 1506 ergo
1554 1471 1581 1498 in
1597 1471 1708 1499 Christo

925 1526 995 1546 leva
1018 1522 1144 1545 creatura
1155 1518 1188 1544 ⁸³.
1209 1527 1218 1543 ι
1233 1517 1354 1545 Priorem
1372 1517 1455 1552 igitur
1465 1517 1630 1544 creationem
1644 1524 1707 1544 cum

926 1563 1037 1591 fecisset
1051 1563 1133 1594 Deus,
1147 1564 1283 1598 requievit
1299 1573 1306 1590 :
1320 1570 1405 1598 quare
1418 1563 1543 1590 homines
1554 1562 1708 1597 generatio-

925 1611 969 1638 nis
986 1609 1060 1637 illius
1078 1608 1228 1636 Sabbatum
1240 1609 1387 1636 observant
1401 1608 1445 1636 die
1459 1608 1584 1643 septima.
1603 1607 1708 1635 Secun—

925 1655 959 1682 da
975 1658 1066 1681 autem
1086 1654 1188 1680 creatio
1213 1653 1293 1681 ﬁnem
1319 1661 1373 1680 non
1401 1653 1492 1685 habet,
1511 1657 1538 1680 et
1565 1653 1626 1680 ideo
1651 1661 1706 1680 non

924 1698 1069 1734 requievit,
1085 1698 1133 1726 sed
1149 1706 1236 1732 usque
1262 1698 1295 1725 ad
1312 1705 1432 1733 praesens
1445 1702 1551 1732 tempus
1568 1704 1706 1733 operatur.

924 1745 1095 1779 Quapropter
1109 1752 1197 1780 neque
1214 1743 1325 1771 Sabbati
1342 1743 1413 1771 diem
1438 1744 1618 1778 celebramus,
1635 1748 1664 1770 ut
1678 1744 1707 1771 in

924 1790 1011 1825 prima
1034 1790 1191 1823 creatione;
1221 1789 1267 1817 sed
1300 1797 1443 1824 speramus
1470 1788 1561 1816 futura
1587 1788 1706 1816 Sabbata

925 1837 1111 1869 sabbatorum,
1140 1836 1168 1863 in
1195 1835 1295 1870 quibus
1323 1835 1404 1863 ﬁnem
1429 1842 1484 1862 non
1509 1835 1608 1870 accipit
1635 1843 1707 1862 nova

924 1886 1061 1914 creatura.
1081 1881 1128 1909 sed
1157 1881 1359 1913 manifestatur,
1387 1884 1419 1915 et,
1446 1883 1577 1916 perpetuo
1606 1879 1705 1907 festum

923 1929 1052 1956 celebrat.
1077 1928 1139 1955 Ideo
1167 1928 1240 1955 enim
1267 1927 1415 1954 Sabbatum
1441 1926 1527 1961 priori
1546 1926 1646 1961 populo
1668 1926 1708 1952 in-

921 1974 1047 2009 junctum
1059 1978 1110 2006 est,
1127 1978 1156 2000 ut
1170 1976 1348 2008 cognosceret
1365 1972 1445 1999 tinem
1463 1976 1490 1999 et
1501 1972 1609 1999 initium
1628 1979 1706 1999 erea-

923 2019 1015 2045 tionis.
1030 2017 1112 2045 Nova:
1134 2022 1224 2044 autem
1238 2021 1371 2044 creatura:
1390 2024 1445 2043 non
1462 2015 1589 2051 praecepit
1602 2019 1631 2042 ut
1646 2022 1707 2043 seu

923 2068 998 2091 varet
1013 2064 1160 2091 Sabbatum
1171 2085 1177 2096 ,
1192 2069 1221 2090 ut
1235 2063 1341 2090 initium
1360 2063 1469 2098 quidem
1483 2062 1596 2097 hujusce
1609 2062 1635 2089 in
1654 2061 1706 2090 Do-

886 2104 908 2133 C
925 2109 1026 2136 minica
1050 2108 1094 2136 die
1117 2112 1291 2144 agnosceret,
1311 2111 1458 2142 nossetque
1487 2107 1573 2142 ipsius
1589 2107 1705 2142 gratiam

925 2154 1006 2182 ﬁnem
1019 2162 1074 2182 non
1090 2155 1255 2182 habituram.

958 2199 986 2226 2.
1004 2199 1109 2228 Idcirco
1137 2204 1227 2228 autem
1254 2200 1374 2232 initium,
1402 2200 1430 2227 id
1456 2204 1509 2233 est,
1535 2199 1703 2228 Dominicam

924 2245 995 2272 diem
1013 2245 1152 2278 indicavit,
1163 2250 1190 2272 ut
1201 2246 1342 2280 praeteritae
1353 2245 1534 2281 generationis
1547 2245 1624 2272 linem
1641 2251 1704 2278 cog-

924 2298 1064 2318 nosceres.
1084 2290 1232 2325 Apostolus
1249 2299 1313 2326 ergo
1334 2291 1368 2318 de
1384 2291 1475 2326 priore
1495 2290 1617 2318 scribens
1640 2289 1677 2316 ait
1694 2297 1702 2316 :

926 2345 936 2361 ι
953 2336 988 2363 At
1009 2336 1055 2363 ubi
1078 2337 1152 2364 venit
1168 2337 1307 2372 plenitudo
1321 2337 1462 2372 temporis,
1482 2336 1556 2364 misit
1574 2334 1646 2362 Deus
1659 2334 1704 2361 Fi-

921 2382 988 2410 lium
1011 2390 1090 2410 suum
1101 2383 1147 2415 '°;
1168 2391 1178 2408 »
1196 2386 1223 2410 et
1246 2391 1343 2410 rursus
1361 2393 1367 2410 :
1389 2392 1399 2408 ‹
1418 2382 1447 2409 In
1468 2380 1704 2408 consummatione

923 2427 1085 2455 saeculorum
1100 2428 1133 2453 θ’.
1155 2437 1164 2453 ι
1182 2427 1274 2454 Prima
1292 2428 1373 2462 igitur
1395 2426 1506 2462 impleta
1530 2429 1572 2452 est
1593 2429 1620 2452 et
1637 2431 1704 2451 con-

923 2477 1070 2506 summata,
1083 2481 1139 2500 non
1154 2473 1209 2500 alio
1225 2481 1306 2508 quam
1321 2480 1352 2501 eo
1362 2478 1493 2507 tempore,
1510 2471 1542 2498 de
1556 2477 1610 2506 quo
1620 2469 1703 2497 locuti

1375 2549 1398 2566 ⁹¹
1420 2548 1515 2576 Matth.
1535 2555 1603 2581 xm,
1619 2549 1666 2576 40.

952 2624 1089 2668 (35)Fele:
1106 2626 1253 2668 secundus.
1269 2625 1618 2668 Ku'piaxﬁ’ﬁpépngaulp
1630 2630 1703 2668 post.

917 2660 1019 2702 Regius
1033 2663 1060 2687 ct
1072 2660 1199 2702 segnem,
1209 2661 1257 2696 τὴν
1269 2660 1370 2702 ταξτης
1378 2660 1563 2702 κᾴρινίμίιίρ,
1573 2661 1693 2702 τὴνταρ

917 2704 966 2730 την
986 2695 1076 2736 χάριν.
1094 2695 1155 2722 Mox
1174 2695 1284 2730 Regius,
1305 2695 1463 2736 seguerian.
1479 2700 1506 2723 et
1531 2695 1701 2727 Goblerian.’,

917 2738 1039 2766 τουτεστι
1056 2729 1104 2765 τὴν
1120 2731 1278 2766 Κυριοικήνζ
1288 2731 1369 2762 Editl,
1387 2731 1508 2758 τουτέστι
1523 2731 1572 2766 τὴν
1587 2731 1701 2766 ἡμέραν.

918 2729 1039 2756 τουτέστι
1056 2729 1104 2765 τὴν
1120 2729 1270 2770 Κυριακήν.
1288 2729 1369 2762 Εύὶιῖ,
1387 2731 1508 2758 τουτέστι
1523 2731 1572 2766 τὴν
1587 2731 1702 2792 Ἇμέραν.

918 2763 1001 2806 ξξειιιιο
1017 2769 1077 2805 post
1092 2766 1241 2806 R£g_ll-IS,_'U
1250 2763 1296 2793 οὖν
1316 2765 1495 2806 ﬁndi-collega
1506 2766 1567 2793 Mox
1614 2766 1702 2801 egius,

919 2799 1089 2835 Seguerian.,
1105 2799 1264 2829 Goblerian.
1281 2801 1372 2838 φησιν.
1386 2801 1467 2835 Editi,
1482 2800 1544 2836 ἔφη.
