1898 3053
180 135 233 167 139

764 136 794 163 S.
818 135 1048 163 ATBANASIUS.
1071 151 1106 156 ——
1125 135 1240 164 DUBIA.

1754 136 1811 163 ΗΟ

181 196 270 223 solvil.
287 193 468 227 Quamobrem
488 195 564 220 sexta
579 191 623 219 die
641 199 723 228 opera
737 192 858 228 perfecta
877 199 962 222 sunt:

1048 203 1101 226 τως
1116 194 1166 230 τὴν
1179 195 1321 231 Κυριακὴν
1335 195 1470 231 τιμῶμεν,
1489 195 1598 230 μνήμην
1620 191 1703 222 οὖσαν
1717 195 1812 230 ἀρχῆς

181 241 297 277 septima
311 247 377 268 vero
397 239 529 274 requievit
545 239 579 266 ab
601 238 728 265 omnibus
745 248 752 266 :
772 239 799 266 in
819 239 964 276 Evangelio

180 291 271 314 autem
293 285 412 312 Verbum
435 284 507 320 quod
534 284 642 311 advenit
671 284 784 319 inquit:
804 295 813 311 ι
828 284 908 318 Veni,
934 290 964 313 ut

179 331 317 367 perﬁciam
326 338 394 366 opus
411 331 432 356 ³.
449 340 457 356 ι
475 329 526 362 Qui
541 329 613 357 cnim
624 329 658 356 ab
666 331 792 358 omnibus
806 331 963 366 requiescit,

179 376 313 412 signiﬁcat
336 375 459 410 quaedam
483 375 717 402 consummatione
742 375 880 411 indigere,
906 384 966 411 qua:

178 423 238 457 ipse
255 421 368 449 veniens
394 421 511 448 absolvit
529 430 534 447 :
552 421 589 446 ait
606 421 678 448 enirn
703 421 730 448 in
747 420 860 449 Joannis
878 422 965 450 Evan-

177 468 249 503 gelio
266 478 272 495 :
295 477 304 493 ι
319 467 407 502 Opera
420 475 481 502 quae
498 466 571 493 dedit
586 467 651 493 mihi
671 466 762 498 Pater,
780 472 810 494 ut
825 469 963 502 perﬁciam

177 522 225 547 ea;
242 515 301 549 ipsa
314 521 407 548 opera,
425 521 486 548 qua:
503 521 552 548 ego
565 513 647 545 iacio,
667 513 855 541 testimoniqu
873 515 965 550 perhi-

176 560 242 588 bent
255 560 289 587 de
300 567 344 586 me
354 559 376 586 ι.
389 569 398 584 ι

1014 240 1143 276 δευτέρας
1162 241 1338 274 ἁνακτίσεως,
1351 242 1388 269 Οὐ
1402 241 1456 277 γὰρ
1469 241 1552 276 ἄλλην
1572 240 1722 270 ὲπέκτισεν,
1737 240 1812 267 ἀλλὰ

1015 287 1064 322 τὴν
1088 287 1206 314 παλαιὰν
1232 288 1396 320 ἀνεκαίνισε,
1414 288 1461 314 καὶ
1477 287 1510 323 ἣν
1531 287 1631 322 ἤρξατο
1639 287 1733 313 κποιεῖν
1749 287 1812 312 ὲτε-

1015 332 1120 360 λείωσε.
1137 334 1186 360 Δια
1202 334 1280 361 τοῦτο
1294 335 1322 361 ὲν
1338 335 1386 370 μὲν
1399 335 1432 370 τῇ
1449 334 1515 369 ἕκτῃ
1527 334 1559 360 τὰ
1577 334 1712 369 γενόμενα
1742 341 1810 359 συν-

1017 378 1155 414 ετελέσθη,
1167 380 1214 406 καὶ
1229 381 1262 415 τῇ
1282 379 1382 415 ἐϐδόμῃ
1401 380 1455 414 (Η)
1473 379 1644 405 κατέπαυσεν
1663 377 1716 404 ἀπὸ
1737 378 1808 404 πάν-

1016 434 1086 452 των·
1104 427 1133 452 ὲν
1158 425 1186 452 δὲ
1211 426 1251 461 τῷ
1271 425 1427 461 Εὐαγγελίῳ
1452 425 1536 452 ἐλθὼν
1559 426 1573 452 ὀ
1592 425 1678 458 Λόγος
1707 425 1809 459 φησίν

1019 480 1029 497 ι
1048 469 1149 499 Ἦλθον
1163 472 1304 499 τελειῶσαι
1324 473 1353 499 τὸ
1369 472 1458 508 ἔργον.
1479 481 1488 498 ι
1514 472 1543 498 ’0
1565 471 1619 507 γὰρ
1633 471 1686 497 ἀπὸ
1700 471 1812 496 πάντων

1018 517 1195 550 καταπαύων,
1205 519 1332 554 σημαίνει
1347 517 1408 544 τινὰ
1419 516 1523 544 δεῖσθαι
1532 517 1634 548 τέλους,
1642 517 1712 550 ἅπερ
1724 515 1811 541 ἐλθὼν

1017 564 1204 591 ὲπετελεέωσε.
1229 563 1298 598 Φησὶ
1318 563 1371 599 γὰρ
1395 563 1451 598 (Ιὲ)
1467 564 1495 589 ἐν
1515 561 1554 597 τῷ
1570 562 1639 588 κατὰ
1661 561 1789 594 Ἰωάννην
1801 569 1808 576 ·

179 615 189 631 σ
219 606 259 633 Τὰ
285 606 353 642 ἔργα
376 606 395 633 ἃ
415 605 513 632 δέδωκέ
534 613 579 640 μοι
605 606 619 632 ὁ
641 604 747 641 Πατὴρ,
781 605 826 632 ἵνα
851 605 987 633 τελειώσω
1006 608 1075 637 αὑτά
1093 617 1099 623 -
1118 608 1188 635 αὐτὰ
1211 608 1245 634 τὰ
1270 608 1349 644 ἔργα,
1373 608 1391 634 ἃ.
1418 606 1472 642 ἐγὼ
1496 607 1576 639 ποιῶ,
1595 606 1729 642 μαρτυρεῖ
1743 605 1810 638 περὶ

176 652 254 688 ἐμοῦ.
279 662 289 678 ›

212 698 238 724 5.
257 696 447 732 Imperfectum
465 697 537 724 enim
556 700 628 724 esset
641 704 722 732 opus,
739 697 762 724 si
786 696 889 724 Adamo
904 705 968 732 pec-

177 749 257 772 cante
281 748 406 772 mortuus
437 743 534 772 fuisset
565 743 648 771 homo
669 753 676 771 :
700 744 851 779 perfectum
876 748 967 772 autem

177 790 280 817 factum
299 795 350 823 εει,
366 790 410 817 ubi
427 790 485 825 ipse
502 790 654 817 viviﬁcatus
669 794 721 818 est.
737 789 872 823 Quocirca
891 798 969 817 crea-

1052 696 1078 723 5.
1105 696 1211 728 Ἀτελὲς
1238 697 1286 732 μὲν
1302 696 1356 731 γὰρ
1371 693 1405 731 ἦν
1421 695 1451 722 τὸ
1467 695 1558 730 ἔργον,
1574 695 1609 727 εἰ,
1633 694 1810 730 ἁμαρτήσαν-

1016 752 1062 775 τος
1076 743 1123 770 τοῦ
1144 743 1238 779 Ἀδὰμ,
1257 743 1428 780 ἀπέθνησκεν
1450 744 1463 769 ὁ
1480 743 1640 779 ἄνθρωπος’
1660 741 1761 768 τέλειον
1779 741 1809 768 δὲ

1017 791 1123 825 γέγονε,
1139 791 1350 826 ζωοποιηθέντος
1370 790 1462 817 αὑτοῦ.
1479 790 1528 816 Διὰ
1552 789 1642 819 τοῦτο,
1658 789 1709 824 τὴν
1725 789 1754 814 ἐν
1776 788 1806 820 ἕξ

177 837 280 863 tionem
304 843 350 864 sex
371 836 468 864 diebus
494 837 594 863 factam
620 844 681 864 cum
706 841 874 868 renovasset,
897 836 968 864 diem

1047 837 1136 873 ιέραις
1153 837 1241 864 κτίσιν
1258 837 1444 868 ὰνακαινίσας,
1460 836 1565 872 ἡμέραν
1581 835 1671 870 τίθησι
1686 836 1719 870 τῇ
1743 835 1810 861 ἁνα-

177 882 350 909 renovationi
386 883 627 917 assignat:quam
657 882 685 909 in
713 883 818 917 psalmo
849 882 967 918 Spiritus

177 929 341 964 pneuunliat
357 928 399 956 bis
414 930 506 957 verbis
521 938 527 956 :
545 938 554 954 (
571 929 633 956 llaac
655 929 714 956 dies
733 937 814 964 quam
832 929 895 957 fecit
914 930 968 957 Do-

177 974 270 1002 minus
284 974 304 1001 '.
323 983 332 999 ι
352 973 424 1001 Solis
438 975 509 1001 enim
533 975 619 1002 instar
634 974 706 1002 Deus
725 975 858 1006 exoritur,
874 975 968 1010 singu-

177 1019 321 1055 lorumque
336 1021 455 1055 illustrat
469 1020 575 1048 animas
593 1030 600 1047 :
618 1020 721 1047 idcirco
738 1020 766 1046 in
780 1021 894 1047 salutari
906 1028 969 1055 pas-

177 1065 255 1094 sione
272 1067 313 1094 sol
329 1074 384 1093 non
396 1066 532 1101 apparuit,
546 1066 705 1101 signiﬁcans
718 1073 780 1092 cum
798 1066 877 1092 ﬁnem
894 1067 967 1101 prio-

177 1113 217 1140 ris
229 1111 387 1144 creationis,
407 1116 463 1138 tum
482 1111 595 1139 alterius
611 1112 729 1143 initium,
746 1119 806 1146 qua:
823 1119 855 1139 ex
876 1111 969 1139 Salva-

177 1162 238 1185 tore
254 1158 393 1185 oriebatur
417 1167 424 1185 :
453 1165 534 1192 quam
556 1157 601 1185 ubi
622 1158 689 1184 vidit
711 1158 854 1193 propheta,
876 1158 965 1185 dixit:

180 1213 191 1230 ι
206 1203 276 1231 Ecce
289 1202 458 1231 vir:0riens
470 1211 569 1231 nomen
585 1203 672 1238 ejus“.
688 1213 697 1229 ι
714 1203 745 1230 Et
759 1204 856 1231 iterum
874 1212 881 1231 :
897 1203 969 1231 «Vo-

176 1249 221 1277 bis
232 1250 392 1278 timentibus
401 1258 464 1278 eum
477 1250 580 1278 orietur
591 1251 631 1277 sol
641 1250 756 1285 justitia:
766 1251 787 1279 ⁷.
801 1260 810 1276 ι
824 1250 882 1278 Non
895 1251 968 1279 enim

170 1296 300 1323 omnium
318 1301 360 1324 est
377 1296 433 1323 lucc
451 1295 520 1328 dies,
539 1296 585 1323 sed
601 1304 696 1324 eorum
714 1297 759 1331 qui
782 1297 881 1324 mortui
905 1300 969 1324 sunt

178 1346 302 1378 peccato,
320 1346 348 1369 et
369 1342 464 1368 vivunt
487 1341 612 1369 Domino.
638 1341 702 1369 ldco
721 1343 793 1369 enim
808 1347 905 1369 octavo
925 1342 969 1370 dic

177 1389 339 1416 circumcidi
357 1389 398 1416 lex
411 1388 496 1423 jussit
515 1392 560 1415 :et
577 1389 735 1415 mandatum
752 1392 811 1415 erat
828 1396 967 1423 nunquam

177 1434 348 1466 violandum,
363 1443 418 1470 quo
431 1434 649 1470 signiﬁcabatur,
663 1438 724 1469 post
738 1435 881 1469 septimam
897 1434 968 1461 diem

178 1480 300 1507 omnium
319 1480 377 1508 fore
392 1480 635 1515 regenerationem.
650 1479 721 1506 Nihil
738 1480 809 1506 enim
826 1479 899 1506 aliud
914 1480 968 1507 cir-

1019 883 1145 914 καινίσει,
1163 884 1196 918 ἣν
1216 882 1260 909 διὰ
1277 882 1323 909 τοῦ
1339 882 1447 917 ψαλμοῦ
1472 882 1664 917 προαναφωνεῖ
1682 881 1759 914 λέγον
1778 879 1810 906 τὸ

1019 930 1147 965 Πνεῦμα·
1167 939 1175 955 ι
1198 929 1282 964 ,Αὖτη
1305 929 1395 965 ἡμέρα
1423 928 1456 964 ἢν
1480 927 1606 964 ἐποίησεν
1629 928 1643 953 ὁ
1664 926 1774 962 Κύριος.
1796 936 1806 951 ι

1026 975 1094 1001 Ἀνθ’
1120 975 1196 1011 ἡλίου
1219 975 1273 1010 γὰρ
1297 975 1363 1006 Θεὸς
1386 974 1542 1006 ἀνατέλλει,
1572 973 1752 1007 καταυγάςων
1774 974 1807 1008 τῇ

1019 1021 1133 1048 ἑκάστου
1149 1021 1220 1056 ψυχῇ
1231 1030 1238 1037 ·
1254 1021 1297 1047 διὰ
1310 1021 1388 1047 τοῦτο
1407 1021 1455 1048 καὶ
1471 1022 1499 1047 ὲν
1516 1020 1590 1055 αὐτῷ
1605 1020 1660 1055 (13)
1671 1019 1710 1055 τῷ
1725 1027 1810 1054 σωτη-

1021 1067 1070 1102 ρίῳ
1093 1066 1175 1093 πάθει
1197 1067 1247 1094 οὐκ
1262 1067 1360 1101 ἔφανεν
1376 1067 1462 1102 ἥλιος,
1493 1066 1635 1102 σημαίνων
1656 1065 1732 1097 τέλος
1759 1065 1809 1100 μὲν

1019 1112 1068 1148 τῆς
1085 1113 1219 1149 προτέρας
1236 1113 1362 1145 κτίσεως.
1375 1113 1462 1149 ἀρχὴν
1477 1113 1504 1139 δὲ
1525 1112 1631 1147 ἑτέρας,
1649 1111 1698 1147 τὴν
1715 1111 1747 1137 ὲκ
1762 1109 1809 1136 τοῦ

1019 1160 1144 1196 Σωτῆρος
1159 1159 1356 1186 ἀνατέλλουσαν
1368 1168 1375 1174 θ
1390 1160 1423 1195 ἣν
1438 1158 1566 1194 ἑωρακὼς
1580 1159 1593 1185 ὁ
1605 1158 1746 1193 προφήτης
1759 1166 1810 1192 φη-

1020 1205 1062 1232 σίν
1078 1205 1133 1241 (Η)
1144 1214 1150 1220 ·
1169 1215 1179 1231 ‹
1205 1205 1269 1232 Ἰδοὺ
1285 1205 1364 1241 ἀνὴρ,
1388 1205 1516 1239 Ἀνατολὴ
1529 1205 1614 1239 ὄνομα
1630 1203 1720 1238 αὐτῷ·
1739 1212 1748 1228 ι
1764 1203 1810 1229 καὶ

1019 1251 1116 1277 πάλιν·
1138 1259 1147 1276 ι
1172 1250 1252 1286 Ὑμῖν
1272 1250 1301 1276 δὲ
1316 1251 1373 1282 τοῖς
1395 1250 1571 1285 φοϐουμένοις
1591 1249 1671 1276 αὐτὸν
1687 1248 1811 1275 ἁνατελεῖ

1019 1296 1093 1331 ἥλιος
1115 1296 1298 1331 δικαιοσύνης.
1329 1305 1338 1322 ι
1358 1296 1395 1322 Οὐ
1416 1296 1468 1332 γὰρ
1487 1295 1595 1322 πάντων
1620 1295 1710 1331 ἡμέρα
1730 1294 1809 1330 αὕτη,

1019 1342 1086 1368 ἀλλὰ
1101 1343 1154 1369 τῶν
1175 1342 1364 1369 ἀποθανόντων
1386 1343 1420 1378 τῇ
1444 1342 1576 1378 ἁμαρτίᾳ,
1597 1341 1706 1373 ζώντων
1720 1340 1748 1367 δὲ
1772 1340 1811 1376 τῷ

1020 1389 1123 1424 Κυρίῳ.
1145 1389 1193 1416 Διὰ
1209 1389 1287 1416 τοῦτο
1302 1389 1355 1425 γὰρ
1378 1389 1425 1416 καὶ
1447 1390 1479 1424 τῇ
1499 1388 1580 1425 ὀγδόῃ
1592 1388 1685 1424 ἡμέρᾳ
1702 1387 1811 1423 περιτέ-

1022 1435 1134 1470 μνεσθαι
1154 1435 1297 1462 ἐκέλευσεν
1321 1437 1335 1462 ό
1356 1436 1456 1471 νόμος·
1478 1436 1524 1462 καὶ
1541 1434 1718 1470 ἀπαρᾶὁατος
1742 1431 1776 1470 ἦν
1793 1435 1810 1470 ὴ

1020 1480 1124 1516 ἐντολὴ,
1140 1481 1310 1517 σημαίνουσα
1325 1481 1375 1517 τὴν
1388 1481 1457 1516 μετὰ
1469 1480 1517 1516 τὴν
1534 1480 1649 1515 ἑϐδόμην
1664 1480 1811 1514 ἁναγέννη-

178 1527 313 1554 cumcisio
331 1526 481 1559 indicabat,
498 1534 579 1561 quam
595 1530 718 1554 nostram
736 1534 785 1553 nos
802 1534 902 1554 exuere
917 1534 967 1553 na-

1049 1536 1062 1553 ν
1076 1527 1196 1553 πάντων.
1217 1527 1249 1554 Ἡ
1266 1527 1321 1562 γὰρ
1338 1528 1474 1563 περιτομὴ
1499 1526 1577 1553 οὐδὲν
1598 1526 1661 1552 ἄλλο
1683 1525 1778 1561 ἐδήλου
1795 1525 1811 1560 ἢ

178 1573 313 1600 tivilatem
332 1581 339 1600 :
355 1581 416 1600 eum
443 1573 516 1600 enim
540 1572 587 1608 qui
605 1577 683 1600 sexto
704 1573 748 1600 die
777 1578 904 1600 mortuus
927 1578 970 1601 est

177 1620 315 1653 exuimus,
333 1623 360 1647 et
385 1627 550 1647 renovamur
566 1618 708 1646 Dominica
726 1628 732 1646 :
748 1627 802 1654 qua
827 1620 870 1646 die
895 1619 969 1646 anti-

178 1673 251 1703 quus
270 1666 315 1693 ille
341 1665 440 1695 exitus,
471 1672 519 1699 per
543 1664 775 1691 resurrectionem
793 1668 970 1700 regeneratus

179 1715 231 1739 est.
251 1710 307 1737 Hoc
319 1711 392 1737 enim
408 1709 509 1737 Paulus
523 1717 632 1744 quoque
648 1709 676 1736 in
689 1709 809 1744 l‘lpistola
824 1710 857 1736 ad
872 1710 968 1737 Colos-

180 1765 276 1785 senses
294 1756 333 1783 ait
351 1765 358 1783 :
378 1755 428 1783 «In
444 1764 498 1791 quo
520 1762 547 1784 et
560 1757 718 1784 circumcisi
740 1756 807 1783 estis
823 1756 970 1783 circumci-

179 1803 259 1830 sione
285 1809 340 1829 non
368 1802 536 1835 manuiacta,
563 1802 591 1829 in
617 1802 817 1837 exspoliatione
845 1803 970 1836 corporis

180 1848 284 1881 carnis,
310 1848 338 1875 in
365 1848 575 1876 circumcisione
591 1848 694 1876 Christi
711 1858 717 1875 :
731 1848 883 1883 consepulti
900 1849 924 1875 ei
942 1849 970 1876 in

179 1893 330 1928 baptismo,
344 1893 372 1920 in
389 1892 539 1925 infernum,
556 1893 584 1920 in
599 1901 654 1928 quo
668 1897 694 1921 et
709 1894 900 1920 resurrexistis
916 1893 936 1920 ⁸.
958 1902 968 1919 ι

168 1934 249 1963 'Nam
265 1936 473 1970 exspoliationis
497 1944 545 1972 per
561 1937 727 1972 baptismum
745 1937 832 1972 ﬁgura
847 1941 906 1965 erat
919 1937 973 1964 cir-

181 1981 328 2014 cumcisio,
355 1989 436 2016 quam
464 1982 492 2008 in
519 1982 574 2010 illis
593 1983 724 2011 membris
749 1983 807 2010 ﬁeri
832 1983 971 2018 praacepit,

181 2028 283 2062 quibus
295 2035 395 2063 corpus
407 2032 553 2063 generatur
568 2038 574 2056 :
594 2032 623 2056 ut
637 2029 685 2064 qui
705 2030 974 2058 circumcidebantur

183 2073 368 2106 adverterent,
390 2075 456 2102 illud
472 2082 533 2103 esse
547 2076 678 2103 exuendze
690 2077 834 2103 vetustatis
853 2077 972 2112 signum.

182 2119 320 2146 Abraham
337 2120 409 2147 enim
425 2128 488 2148 cum
511 2121 683 2153 credidisset,
702 2123 807 2157 accepit
828 2122 975 2150 circumci-

183 2165 300 2197 sionem,
316 2173 378 2200 quae
397 2166 504 2201 signum
517 2170 575 2194 erat
587 2168 802 2202 regenerationis
818 2176 866 2203 per
882 2169 974 2204 bapti-

1020 1572 1070 1607 τὴν
1093 1572 1143 1607 τῆς
1156 1573 1288 1607 γενέσεως
1307 1572 1470 1599 ἀπέκδυσιν·
1489 1572 1535 1598 τὸν
1549 1571 1602 1608 γὰρ
1617 1573 1650 1607 τῇ
1668 1571 1734 1607 ἕκτῃ
1747 1572 1814 1597 ἁπο-

1021 1618 1134 1644 θανόντα
1160 1617 1412 1653 ἀπεκδιδυσκόμεθα
1430 1612 1498 1652 (155,
1521 1618 1569 1645 καὶ
1593 1617 1813 1652 ἀνακαινούμεθα

1020 1666 1052 1701 τῇ
1078 1666 1214 1700 κυριακῇ,
1230 1665 1274 1691 ὅτε
1290 1665 1305 1690 ὁ
1322 1664 1447 1696 παλαιὸς,
1465 1664 1637 1697 ἁπεκδυθεὶς,
1649 1664 1812 1699 ἀνεγεννήθη

1021 1713 1053 1747 τῇ
1066 1711 1220 1738 ἀναστάσει.
1239 1710 1324 1738 Τοῦτο
1341 1710 1396 1746 γὰρ
1410 1711 1456 1737 καὶ
1475 1712 1489 1737 ὁ
1505 1710 1608 1742 Παῦλός
1622 1719 1703 1746 φησιν
1716 1709 1770 1743 (16)
1785 1710 1814 1736 ἐν

1019 1759 1052 1793 τῇ
1068 1757 1136 1793 πρὸς
1149 1757 1329 1788 Κολοσσαεῖς·
1351 1766 1361 1782 σ
1390 1757 1434 1783 Ἐν
1445 1753 1466 1791 ᾧ
1481 1758 1528 1783 καὶ
1543 1755 1745 1792 περιετμήθητε
1765 1763 1813 1781 πε-

1021 1804 1117 1839 ριτομῇ
1137 1803 1346 1839 ἀχειροποιήτῳ,
1361 1803 1390 1829 ὲν
1406 1803 1438 1838 τῇ
1461 1802 1609 1829 ἀπεκδύσει
1626 1801 1672 1828 τοῦ
1689 1799 1813 1835 σώματος

1020 1849 1072 1885 τῆς
1087 1850 1197 1885 σαρκὸς,
1215 1851 1243 1876 ἐν
1256 1851 1289 1885 τῇ
1305 1850 1439 1885 περιτομῇ
1464 1849 1511 1875 τοῦ
1524 1847 1654 1884 Χριστοῦ,
1668 1846 1814 1880 συνταφέν-

1021 1902 1066 1925 τες
1081 1893 1154 1928 αὑτῷ
1178 1895 1207 1920 ὲν
1227 1893 1265 1929 τῷ
1292 1893 1460 1929 βαπτίσματι
1472 1894 1513 1925 είς
1528 1894 1573 1920 τὸν
1589 1893 1665 1928 ᾅδην,
1685 1892 1714 1918 ιν
1731 1888 1754 1926 ᾧ
1768 1892 1814 1919 καὶ

1024 1939 1217 1975 συνηγέρθητε.
1237 1949 1246 1966 ›
1266 1940 1321 1976 Τῆς
1337 1940 1391 1976 γὰρ
1405 1940 1450 1967 διὰ
1465 1940 1511 1966 τοῦ
1529 1939 1715 1974 βαπτίσματος
1727 1938 1814 1964 ἀπεκ-

1022 1986 1124 2018 δύσεως
1145 1985 1229 2017 τύπος
1245 1983 1279 2021 ἦν
1303 1987 1319 2021 ή
1348 1986 1500 2021 περιτομή·
1516 1985 1550 2020 ἢν
1574 1985 1630 2020 (17)
1657 1985 1686 2010 ὲν
1701 1983 1814 2014 ἐκείνοις

1023 2034 1079 2064 τοῖς
1099 2032 1207 2068 μέλεσιν
1221 2031 1371 2058 ἐνετείλατο
1384 2031 1517 2066 γίνεσθαι,
1530 2030 1564 2057 δι’
1578 2028 1615 2057 ὧν
1627 2030 1675 2057 καὶ
1690 2029 1814 2064 γεννᾶται

1023 2079 1053 2106 τὸ
1071 2078 1159 2114 σῶμα,
1177 2078 1209 2105 ἶν’
1226 2078 1321 2104 εῑδοῖεν
1337 2078 1362 2104 οἱ
1379 2077 1616 2113 περιτεμνόμενοι,
1634 2077 1675 2103 ὅτι
1697 2076 1814 2103 ἀπεκδύ-

1025 2133 1093 2157 σεως
1118 2124 1298 2159 παλαιότητός
1332 2124 1390 2150 ὲστι
1421 2124 1543 2158 σημεῖον.
1580 2122 1734 2154 Πιστεύσας
1760 2122 1814 2158 γὰρ

1029 2171 1155 2207 Ἀϐραὰμ
1171 2170 1250 2196 ἔλαὸε
1271 2170 1320 2206 τὴν
1344 2169 1504 2205 περιτομὴν,
1530 2170 1643 2205 σημεῖον
1667 2167 1749 2196 οὖσαν
1765 2168 1814 2203 τῆς

183 2218 283 2239 smum.
297 2210 469 2247 Quapropter
480 2213 606 2242 veniente
617 2215 780 2250 signiﬁcato,
793 2215 900 2250 signum
913 2223 968 2243 ces-

1047 2217 1069 2244 ὰ
1080 2217 1126 2244 τοῦ
1142 2216 1330 2252 βαπτίσματος
1342 2216 1557 2250 ἀναγεννήσεως.
1572 2215 1620 2242 Διὰ
1631 2214 1711 2242 τοῦτο
1726 2214 1815 2241 ἐλθόν-

183 2258 254 2284 savit
271 2266 277 2284 :
293 2265 355 2284 nam
372 2258 547 2286 circumcisio
561 2260 671 2295 quidem
687 2261 795 2297 signum
811 2265 887 2295 erat;
902 2262 974 2288 lava-

183 2310 261 2330 crum
277 2311 340 2331 νει-ο
355 2306 579 2340 regenerationis,
590 2315 634 2335 res
651 2311 693 2335 est
707 2307 871 2343 signiﬁcata.
883 2308 973 2335 Exuto

1026 2271 1071 2293 τος
1085 2260 1130 2288 τοῦ
1149 2261 1358 2296 σημαινομένου,
1378 2261 1513 2288 πέπαυται
1532 2260 1563 2287 τὸ
1575 2261 1697 2296 σημεῖον.
1718 2260 1750 2286 Ἡ
1767 2260 1815 2294 μὲν

1027 2308 1082 2343 γὰρ
1096 2307 1230 2343 περιτομὴ
1245 2308 1356 2342 σημεῖον
1371 2304 1416 2342 ἧν,
1429 2307 1460 2334 τὸ
1476 2306 1504 2333 δέ
1519 2307 1573 2343 (18)
1588 2315 1621 2341 γε
1641 2306 1752 2343 λουτρὸν
1766 2306 1816 2338 τῆς

220 2383 231 2397 ’
249 2380 390 2418 εἰοιιιιηιν,
408 2383 452 2410 54.
492 2383 502 2398 ⁵
520 2383 600 2416 Joan,
616 2393 642 2416 v,
661 2384 706 2414 56.
743 2385 754 2401 '
775 2383 848 2413 Psal.
865 2392 954 2418 cxvu,

1066 2385 1077 2401 ⁸
1097 2384 1214 2412 Zachar.
1231 2391 1277 2417 vi,
1296 2384 1342 2412 12.
1380 2384 1390 2400 ⁷
1411 2383 1526 2412 Malaeb.
1549 2392 1593 2417 Iv,
1611 2384 1639 2412 2.
1678 2385 1690 2401 ⁸
1709 2384 1813 2411 Coloss.

186 2424 224 2448 ιι,
246 2417 359 2449 11,12.

221 2471 276 2510 (Il)
294 2471 395 2510 Regius
405 2472 568 2510 etA_S_eguer_._
579 2472 626 2498 καὶ
638 2473 682 2510 *τῇ
697 2473 789 2510 ᾑμέρᾳ.
811 2474 844 2510 ej
862 2473 972 2510 ὲῦδόμῃ.

184 2501 272 2544 Editi;
292 2501 386 2544 καῗτῇ
410 2501 520 2544 ἐεδόεῖῃ.
544 2507 616 2540 Mox,
633 2501 791 2544 Goblé'ra'e‘t
816 2501 889 2536 Felc.
909 2501 930 2542 ιξ
945 2501 974 2536 ἓν

184 2542 223 2577 τῷ
237 2541 393 2578 Εῗύαγγελίῲ
409 2541 520 2578 φησινἰὃ
537 2543 653 2578 Χριστός
663 2552 670 2559 °
690 2541 801 2571 τΗλθον,

221 2577 338 2616 (ιΞλςιιι
351 2577 464 2616 Regius,
479 2577 592 2616 Segtier.
605 2583 631 2605 et
642 2579 720 2616 Gobl.
730 2578 804 2616 Editi
817 2587 890 2616 vero,
902 2579 973 2616 Ἔφη

206 2612 253 2649 dp.
275 2612 341 2649 lbid_.
360 2613 450 2649 illud,
477 2614 506 2649 ὲν
519 2612 568 2649 ίτῷ
589 2614 659 2641 κατὰ
677 2614 814 2649 Ἰωάννην,
844 2615 921 2642 deest
943 2612 974 2642 iri

199 2646 264 2685 ξοὶθι.
280 2647 392 2685 (ιιλῐτεΙΟ.
410 2656 428 2675 ι.
440 2648 509 2685 Ibid:
533 2646 600 2679 haec,
613 2649 647 2676 τὰ
664 2649 741 2685 ἔργα,
761 2646 861 2677 desunt
875 2651 902 2677 in
916 2651 974 2677 edi-

187 2682 233 2711 tis.
250 2682 434 2720 sedleguntur
450 2684 476 2710 in
493 2683 577 2718 Regio
588 2688 615 2711 et
630 2682 743 2719 Seg'uer.
757 2686 783 2712 in
795 2686 896 2720 quibus
908 2686 974 2712 solis

187 2725 250 2754 mox
278 2718 348 2744 αὐτά
372 2719 513 2753 repetitur.
539 2719 566 2746 In
592 2718 698 2753 iisdem,
724 2720 780 2754 ἐγώ
795 2718 880 2749 deest.
902 2720 974 2754 Mox,

175 2752 240 2787 γάρ
264 2757 325 2786 post
350 2752 489 2788 pév’deest
504 2754 530 2781 iu
546 2754 654 2781 Gobler.
665 2760 692 2782 et
707 2752 781 2784 Felc.
796 2765 815 2783 ι.

174 2787 177 2790 ’
223 2787 373 2823 “SlA-51%;)
386 2789 462 2816 deest
477 2789 504 2816 iu
521 2788 630 2816 Gobler.
648 2794 675 2817 et
691 2789 764 2818 Felc.
785 2799 804 2824 ι,
820 2795 851 2818 ut
875 2795 902 2818 et
920 2790 973 2826 μέν

187 2830 314 2857 sequens.

225 2857 280 2894 ut)
297 2858 334 2887 Ita
350 2858 452 2895 Regius
465 2863 492 2887 et
511 2858 623 2895 Seguer.
650 2860 722 2888 Editi
743 2865 770 2889 et
791 2862 893 2894 caeteri,
912 2860 974 2897 ἔφη.

1027 2474 1098 2512 Mox,
1119 2475 1231 2511 Regius,
1260 2476 1419 2512 Seguerian.
1441 2480 1472 2512 et
1489 2476 1613 2509 Golden,
1627 2477 1712 2512 ὕνομα
1732 2477 1814 2512 αὐτῷ.

1027 2510 1112 2551 Edit,
1140 2510 1225 2548 ὄνομα
1250 2510 1342 2540 αὑτοῦ.
1357 2511 1418 2539 Mox
1441 2511 1561 2539 Felckm.
1585 2520 1604 2545 ι,
1622 2510 1732 2539 πάντων
1748 2510 1816 2548 ἡμὲ-

1031 2555 1119 2615 phil-5)
1135 2580 1171 2607 Ita
1183 2581 1249 2618 Reg.
1263 2586 1289 2610 et
1308 2582 1468 2618 Seguerian.
1482 2583 1553 2611 Editi
1568 2590 1631 2610 vero
1639 2583 1721 2615 male,
1730 2583 1816 2610 ἁπεκ-

1027 2615 1221 2652 δεδυσκόμεοα.

1064 2652 1120 2686 (16»
1137 2653 1182 2679 Sic
1200 2652 1300 2688 Regius
1312 2656 1340 2680 et
1356 2653 1515 2688 Eeguerian.
1539 2653 1611 2681 Editi
1624 2660 1699 2685 vero,
1717 2653 1780 2688 ἔφη.

1065 2687 1127 2723 (ιη
1143 2688 1197 2719 Ἐν,
1221 2685 1342 2719 εῖιιιΐτιι,
1359 2685 1406 2719 ὦνῖ
1427 2689 1527 2716 desunt
1556 2690 1584 2717 in
1612 2689 1683 2716 Felc.
1718 2685 1815 2723 primo.

1029 2721 1099 2766 lli-px:
1113 2722 1212 2758 Regius
1223 2729 1251 2751 et
1272 2723 1384 2759 Seguer.
1397 2725 1486 2754 είδεῖν.
1501 2725 1572 2752 Editi
1588 2732 1661 2758 vero,
1678 2727 1704 2751 et
1715 2721 1816 2755 caeteri,

1188 2795 1265 2824 deest
1293 2796 1320 2823 in
1339 2794 1430 2829 editis,
1446 2795 1494 2824 sed
1517 2795 1616 2831 legitur
1643 2794 1672 2823 in
1690 2794 1774 2831 Regio
1790 2797 1818 2822 et
