1898 3053
63 2561 74 2581 )

83 118 145 147 ιιι

621 119 667 146 DE
686 119 852 148 SABBATIS
870 121 915 148 ET
933 121 1211 152 CIRCUMCISIONE.

1679 127 1692 154 1
1697 127 1731 154 ΛΞ

82 177 312 212 παλιγγενεσίας
332 178 362 205 τὺ
378 178 585 214 σημαινόμενον.
602 178 684 205 Ὀλου
700 179 755 215 γὰρ
777 179 823 206 τοῦ
840 189 884 206 πα-

970 182 1015 208 ιὶιη
1031 186 1089 210 toto
1105 187 1196 211 vetere
1210 183 1330 216 homine,
1347 184 1484 219 superflua
1501 189 1543 212 est
1563 185 1608 212 illa
1623 192 1683 220 qua:
1696 193 1731 214 es

81 222 177 249 λαιῡῦ
198 223 474 258 ἀπεκδιδυσκομένου,
490 223 603 259 περιττὴ
628 224 645 258 ἠ
659 223 702 250 διὰ
724 224 771 250 τοῦ
790 225 891 260 μέρους

83 269 233 303 σημασία.
254 269 310 295 Καὶ
336 269 430 305 ὥσπερ
445 270 460 304 ή
476 270 602 305 Κυριακὴ
620 269 690 305 ἀρχή
706 270 756 305 τῆς
777 270 892 303 κτίσεώς

82 313 169 344 ἔστι,
185 315 233 341 καὶ
247 315 330 341 παύει
351 315 380 342 τὸ
393 314 531 342 Σάϐὅατον
541 324 549 331 ·
564 315 650 347 οὕτως
662 317 678 351 ή
695 315 764 352 αὑτὴ
778 317 892 351 ἀναγεν-

81 358 206 392 νήσασα
229 359 276 385 τὸν
293 359 434 395 ἄνθρωπον
451 360 553 387 ἔπαυσε
577 361 626 397 τὴν
643 362 804 397 περιτομήν.
828 363 893 398 Ἀμ-

83 404 205 439 φότερα
220 406 275 440 γὰρ
293 406 321 431 ὲν
340 408 373 441 τῇ
396 406 477 442 ὀγδόῃ
500 406 690 442 κατώρθωται,
717 409 795 443 καὶὴ
821 409 892 444 ἀρχὴ

82 451 145 485 τῆς
169 453 294 484 κτίσεως,
314 453 359 479 καὶ
379 455 395 488 ή
411 454 589 488 ἀναγέννησις
612 456 658 480 τοῦ
672 455 825 490 ἀνθρώπου.
843 456 892 483 Διὰ

80 495 207 532 τοῦτοή
223 498 302 533 ὀγδόη
322 503 352 525 το
367 499 504 525 Σάεϐστον
526 499 613 531 ἔλυσε,
632 500 678 526 κα)¹
695 500 724 526 οὺ
742 501 772 527 τὸ
786 501 891 528 Σάϐϐα-

81 551 142 568 ·τον
159 544 208 578 τὴν
222 544 330 579 ὀγδόην.
352 545 395 571 Ἐν
413 546 461 580 μὲν
481 545 535 580 γὰρ
555 545 684 581 Σαϐϐάτῳ
702 546 892 582 περιετέμνετο

80 588 99 613 ὁ
116 587 271 623 ἄνθρωπος
282 597 289 604 ·
309 590 338 615 ὲν
352 589 380 616 δὲ
394 590 432 624 τῷ
446 590 577 625 Σαϐϐάτῳ
588 591 638 617 οὐκ
654 591 734 626 ῆργει
748 592 764 626 ή
776 591 832 626 (19)
846 600 893 618 πε-

81 635 210 669 ριτομή.
233 635 265 661 Ἠ
282 635 337 671 γὰρ
358 635 449 671 ὀγδόη,
473 637 544 672 ἀρχὴ
567 634 634 663 οὖσα
649 637 700 672 τῆς
714 638 890 670 ἀνακτισεως,

79 681 254 707 κατέπαυσε
268 681 317 717 τὴν
329 682 450 718 πρώτην.

127 727 161 754 6.
189 728 324 763 Ἠγοῦμαι
341 729 367 755 δὲ
381 730 426 756 καὶ
440 729 484 755 διὰ
496 729 573 756 τοῦτο
588 729 637 765 τὴν
655 729 805 766 περιτομὴν
822 730 893 757 δεδό-

82 772 173 800 σθαι.
191 774 244 800 Τοῦ
266 775 322 810 γὰρ
343 775 426 810 Ἀδὰμ
443 775 626 807 ἀκούσαντος⁸
644 785 653 802 ι
681 777 718 812 Γῆ
735 774 770 809 εἴ,
791 777 838 804 καὶ
852 779 893 809 εἰς

79 819 148 854 γῆν
164 819 315 855 ἀπελεύσῃ,
338 829 347 845 ι
365 820 490 856 ἓθνησκε,
508 821 554 848 καὶ
568 821 734 858 διεφθείρετο
749 822 779 849 τὸ
793 823 887 858 σῶμα·

81 865 158 892 ὅθεν
174 865 257 901 μέρος
273 874 300 892 τι
316 865 362 892 τοῦ
379 866 516 901 σώματος,
530 867 577 894 καὶ
593 868 673 894 τοῦτο
689 869 744 904 (20)
759 869 789 896 τὸ
805 870 891 897 αἴτιον

82 912 145 947 τῆς
169 913 216 939 τοῦ
241 913 367 948 σώματος
391 914 523 948 γενέσεως
547 915 773 950 προσετάχθησαν
801 916 891 943 ἐκτιν-

83 958 184 990 νύειν,
201 959 443 994 προδιδασκόμενοι
457 960 506 995 τὴν
527 960 574 986 τοῦ
594 961 655 987 ὃλου
670 961 830 994 ἀπέκδυσιν,
845 962 889 994 ἶν’,

85 1005 195 1040 ὥσπερ
209 1006 382 1037 ἀποδιδόντες
393 1006 423 1032 τὸ
440 1006 615 1041 κατακριθὲν,
631 1007 798 1042 διασωθῆναι
813 1007 892 1043 δυνη-

87 1051 178 1078 θῶσι.
193 1052 248 1077 Καὶ
259 1051 353 1086 ὥσπερ
363 1052 390 1077 αἱ
402 1050 492 1077 θυσίαι
504 1052 578 1078 σκιαὶ
589 1049 659 1087 ἦσαν
667 1052 722 1078 τῶν
729 1052 889 1088 μελλόντων,

85 1098 184 1130 οὕτως
200 1099 246 1125 καὶ
261 1099 278 1133 ἡ
294 1099 326 1125 ὲκ
343 1098 442 1133 μέρους
458 1098 592 1134 περιτομὴ
606 1099 653 1125 τοῦ
674 1099 735 1126 ὅλου
757 1098 792 1135 ἦν
815 1099 888 1126 σκιά.

86 1144 185 1171 Τοῦτο
197 1144 225 1170 δὲ
243 1145 290 1170 καὶ
302 1145 330 1170 ἐν
338 1144 377 1179 τῷ
394 1144 480 1179 Ἰησοῦ
491 1145 529 1180 τῷ
544 1144 590 1171 τοῦ
608 1145 686 1180 Ναυῆ
697 1145 753 1180 (21)
765 1147 890 1182 φανερῶς

86 1191 104 1217 ὁ
114 1190 199 1224 λόγος
212 1189 339 1225 σημαίνει
349 1199 355 1204 ·
368 1190 414 1216 τοῦ
428 1190 483 1226 γὰρ
498 1190 583 1226 Ἰησοῦ
601 1190 671 1217 κατὰ
684 1191 831 1226 πρόσταξιν
842 1192 889 1219 τοῦ

87 1237 166 1264 Θεοῦ
194 1237 404 1272 περιτέμνοντος
423 1237 468 1263 τὸν
484 1237 548 1263 λαὸν
572 1238 602 1264 ἐν
625 1237 776 1271 Γαλγάλοις
802 1239 889 1274 πέραν

87 1282 142 1310 τοῦ
177 1283 322 1318 Ἰορδάνου,
340 1280 401 1309 sirus
426 1283 527 1318 Κύριος
548 1283 588 1319 τῷ
607 1284 695 1319 Ἰησοῦ
716 1284 766 1320 υῑῷ
790 1285 888 1320 Ναυῆ⁸

93 1337 104 1353 ς
133 1327 181 1354 Ἐν
196 1329 229 1363 τῇ
245 1329 364 1363 σήμερον
382 1328 438 1364 (22)
454 1328 546 1364 ἡμέρᾳ
557 1329 666 1363 ἀφεῖλον
678 1329 724 1356 τὸν
738 1330 890 1365 ὀνειδισμὸν

86 1371 235 1406 Δίγύτττου
254 1373 299 1406 ἀφ’
325 1372 412 1407 ὑμῶν.
446 1373 501 1399 Καὶ
532 1374 657 1406 ἐκάλεσα,
687 1375 780 1410 φησιν,
805 1376 889 1411 ὄνομα

85 1417 139 1443 τοῦ
157 1418 242 1443 τόπου
263 1418 368 1444 ἐκείνου
390 1419 526 1453 Γάλγαλα.
544 1429 554 1446 ι
578 1420 610 1446 Εἰ
636 1420 692 1456 γὰρ
717 1422 733 1456 ή
753 1422 888 1458 περιτομὴ

86 1463 241 1499 ἀφαίρεσίς
262 1464 319 1490 ἐστι
341 1463 392 1498 τῆς
410 1464 439 1489 ὲν
461 1464 592 1500 Αἰγύπτῳ
607 1466 750 1500 γενέσεως,
767 1466 887 1501 δηλονότι

87 1510 107 1544 ἡ
129 1509 318 1544 ἀκροϐυστία,
336 1511 525 1546 Αἰγυπτιακῆς
548 1511 667 1546 σχέσεως
689 1513 736 1538 καὶ
755 1513 888 1546 γενέσεως

85 1556 243 1591 γνώρισμὰ
258 1558 327 1583 ἐστι.
342 1556 427 1583 Τοῦτο
440 1556 468 1583 δὲ
482 1557 590 1591 ἀφεῖλεν
602 1558 617 1583 ὁ
628 1557 703 1589 Θεὸς,
721 1557 764 1584 ἵνα
789 1558 887 1593 μηκέτι

86 1601 128 1634 ὡς
145 1603 174 1629 ἐν
189 1602 321 1637 Αἰγύπτῳ
334 1602 509 1638 γεννηθέντες
535 1600 612 1634 ὦσιν,
637 1603 704 1629 ἀλλὰ
731 1604 779 1638 τῆς
803 1605 888 1638 ἑπαγ-

86 1648 199 1682 γελὲ-ας,
215 1649 254 1680 εἰς
267 1648 300 1683 ἢν
317 1648 424 1683 εἰσῆξεν
444 1649 542 1680 αὐτοὺς
558 1650 572 1675 ὁ
586 1649 698 1684 Κύριος,
715 1649 798 1676 τέκνα
815 1649 888 1684 λογί-

89 1693 211 1726 ζωνται.
230 1693 339 1721 Τούτων
353 1694 382 1720 δὲ
406 1694 492 1726 οὕτως
507 1694 600 1727 ὅντων,
629 1695 753 1729 φαίνεται
770 1695 886 1722 καθόλου

89 1740 110 1774 ἠ
126 1740 265 1775 περιτομὴ
279 1740 385 1767 δοθεῖσα
410 1740 477 1775 (25),
496 1740 528 1766 ἶν’
550 1741 684 1777 ἀφαιρεθῇ
707 1742 721 1768 ὁ
737 1741 887 1776 ὀνειδισμὸς

89 1786 144 1821 τῆς
163 1786 261 1821 γηῗνης
289 1786 421 1820 γενέσεως
446 1786 500 1813 ἀπὸ
526 1787 580 1813 τῶν
606 1787 793 1822 Ἀϐραμιαίων
809 1807 816 1819 ,
842 1788 887 1814 καὶ

90 1832 196 1867 μηκέτι
214 1832 357 1859 ὑπεύθυνοι
371 1829 447 1867 ὦμεν
463 1832 516 1868 τῷ·
544 1842 553 1858 ι
573 1833 609 1869 Γῆ
627 1832 652 1860 εἷ
665 1854 674 1864 ,
699 1834 746 1860 καὶ
771 1835 810 1866 εἰς
835 1833 886 1869 γῆν

88 1878 245 1914 ἀπελεύσῃ.
262 1889 272 1904 ι
297 1879 435 1915 Ἀφῃρὲοη
453 1879 507 1915 γὰρ
524 1881 538 1906 ὁ
560 1880 712 1916 ὀνειδισμὸς
732 1880 779 1907 τοῦ
798 1889 887 1915 παρα-

88 1925 252 1960 πτώματος.
271 1925 356 1952 Τοῦτο
373 1926 402 1952 δὲ
419 1927 526 1960 ἐγένετο
542 1926 603 1953 τότε
629 1928 669 1957 εἰς
683 1926 768 1953 τύπον
783 1926 829 1952 τοῦ
843 1926 888 1953 διὰ

88 1970 214 2006 Χριστοῦ
241 1970 439 2006 βαπτίσματος.
465 1972 530 1997 Τότε
558 1971 613 2006 γὰρ
639 1972 670 1998 ἐκ
699 1971 799 2007 μέρους
827 1972 887 2006 ὲγέ-

88 2025 153 2044 νετο
173 2017 243 2052 (24),
257 2017 295 2049 ὡς
313 2019 342 2043 ὲν
357 2018 430 2053 σκιᾷ,
451 2017 498 2044 νῦν
512 2018 550 2049 δὲ,
570 2017 664 2053 ὥσπερ
681 2015 757 2044 εἶπεν
773 2019 787 2044 ὀ
810 2018 887 2044 Ἀπό-

90 2062 197 2093 στολος,
215 2062 281 2097 ὅλην
301 2062 350 2096 τὴν
372 2063 469 2098 γηῖνην
491 2062 597 2096 γένεσιν
619 2062 884 2098 ἁπεκδιδυσκὸμεθα,

89 2106 134 2133 διὰ
145 2106 194 2133 τοῦ
210 2106 324 2142 λουτροῦ
340 2107 566 2142 ἁναγεννὼμενοι,
583 2107 626 2134 ἵνα
641 2108 738 2143 μηκέτι
752 2107 823 2134 κατὰ
836 2108 885 2144 τὴν

90 2152 206 2187 πρώτην
225 2153 333 2187 γένεσιν
347 2153 578 2190 ἀποθνήσκωμεν,
601 2153 669 2180 ἀλλὰ
687 2153 758 2180 κατὰ
772 2153 821 2188 τὴν
837 2162 886 2179 πε-

942 232 1020 261 parte
1042 232 1085 255 est
1109 229 1284 264 signiﬁcatio.
1306 229 1339 256 Et
1366 230 1437 257 sicut
1463 229 1604 257 Dominica
1622 230 1730 257 initium

942 278 984 300 est
1001 275 1159 309 creationis,
1185 280 1212 303 et
1231 276 1342 303 Sabbati
1357 276 1436 303 ﬁnem
1456 276 1520 303 facit
1542 286 1549 303 :
1570 277 1610 305 sic
1624 284 1656 304 ea
1671 277 1731 312 ipsa

942 325 1100 354 regenerato
1109 321 1218 348 homine
1230 321 1308 348 ﬁnem
1316 321 1390 350 devlit
1399 322 1612 350 circumcisioni.
1623 321 1732 349 Utrum-

942 372 996 399 que
1007 367 1079 392 enim
1091 371 1188 393 octavo
1198 367 1242 394 die
1255 367 1404 402 perfectum
1419 367 1479 398 fuit,
1492 373 1520 394 et
1533 367 1638 395 initium
1654 376 1731 396 crea-

942 410 1025 437 tionis
1037 414 1063 437 et
1079 410 1197 438 hominis
1214 413 1393 446 regeneratio.
1407 411 1470 440 Ideo
1481 418 1576 440 octava
1590 413 1647 441 dies
1662 413 1732 442 Sab-

942 455 1035 483 batum
1050 456 1185 488 dissolvit,
1204 465 1257 484 non
1278 458 1427 485 Sabbatum
1445 463 1570 486 octavam
1594 460 1676 487 diem.
1701 460 1730 488 in

943 501 1062 529 Sabbato
1077 503 1149 529 enim
1168 504 1415 531 circumcidebatur
1429 504 1521 535 homo,
1538 513 1588 532 nec
1612 505 1733 534 Sabbato

943 548 1067 576 cessabat
1086 548 1262 577 circumcisio
1281 559 1287 576 :
1306 558 1369 576 nam
1386 554 1482 577 octava
1502 558 1562 585 quae
1589 556 1648 579 erat
1678 553 1731 580 ini-

942 594 1010 621 tium
1024 594 1222 629 reparatiouis,
1237 595 1322 630 priori
1337 595 1418 623 ﬁnem
1434 596 1533 623 attulit.

978 729 1005 756 6.
1019 729 1143 757 Arbitror
1161 734 1251 757 autem
1274 730 1326 758 hac
1340 730 1374 758 de
1389 738 1472 759 causa
1493 732 1730 760 circumcisionem

942 775 1032 802 datam
1048 775 1140 803 fuisse.
1156 775 1224 802 Cum
1238 775 1360 804 audisset
1381 776 1467 803 Adam
1486 785 1493 803 :
1512 787 1521 803 ι
1540 777 1624 805 Terra
1639 786 1679 813 es,
1703 783 1731 806 et

943 821 970 848 in
987 826 1087 848 terram
1096 822 1240 856 reverteris
1249 822 1269 855 ³,
1283 832 1292 848 ι
1304 827 1428 851 mortuus
1441 828 1493 856 est,
1505 831 1658 859 corpusque
1669 833 1730 852 cor-

909 865 929 892 B
943 872 1053 903 ruptum
1070 867 1124 903 45
1142 872 1183 895 est
1203 878 1210 895 :
1224 868 1297 896 unde
1313 873 1416 903 partem
1433 869 1578 904 quamdam
1594 871 1730 905 corporis.

942 921 1000 941 eam
1016 921 1112 948 nempe
1120 921 1180 948 qua:
1190 921 1273 941 causa
1285 914 1324 940 illi
1332 918 1374 942 est
1385 915 1579 949 generationis,
1591 917 1731 944 exsolvere

940 959 1011 994 jussi
1023 963 1089 986 sunt
1105 969 1112 985 :
1127 963 1154 986 et
1167 959 1224 994 jam
1244 963 1324 986 antea
1337 959 1494 986 didicerunt
1507 980 1515 993 ,
1528 963 1616 987 totum
1630 969 1731 996 corpus

941 1005 1095 1032 exuendum
1117 1013 1188 1037 esse,
1210 1010 1250 1039 ut,
1267 1012 1300 1032 ac
1326 1006 1349 1033 si
1372 1006 1444 1041 quod
1462 1006 1620 1033 damnatum
1642 1007 1731 1034 fuerat

942 1051 1130 1083 tradidissent,
1142 1052 1258 1079 salutem
1272 1052 1402 1087 consequi
1417 1057 1540 1087 possent.
1551 1052 1584 1079 Et
1599 1053 1671 1080 sicut
1686 1061 1731 1081 sa-

941 1096 1043 1124 criﬁcia
1078 1097 1182 1124 umbrm
1202 1096 1358 1124 futurorum
1378 1101 1474 1130 erant,
1493 1098 1534 1125 sic
1555 1099 1732 1127 circumcisio

941 1143 1058 1178 alicujus
1075 1143 1179 1178 partis.
1197 1143 1282 1171 totius
1306 1144 1521 1172 circumcidendi
1538 1144 1635 1171 umbra
1659 1149 1729 1172 erat.

940 1187 998 1216 Hoc
1012 1192 1102 1216 autem
1120 1189 1148 1216 in
1163 1188 1228 1216 Jcsu
1246 1188 1315 1216 Filio
1335 1188 1408 1217 Nave
1434 1190 1508 1218 clare
1531 1194 1731 1219 commonstrat

941 1233 1084 1269 Scriptura
1099 1243 1106 1262 ε
1123 1233 1188 1261 Jesu
1205 1234 1277 1262 enim
1299 1241 1332 1262 ex
1349 1234 1396 1262 Dei
1411 1234 1492 1269 jussu
1521 1236 1652 1271 populum
1676 1236 1732 1264 cir-

940 1280 1112 1308 cumcidente
1124 1280 1152 1307 in
1164 1279 1299 1315 Galgalis,
1313 1284 1389 1308 trans
1405 1279 1564 1313 Iordanem,
1577 1282 1646 1308 dixit
1659 1282 1731 1310 Deus

938 1325 1003 1353 Jesu
1020 1325 1090 1352 Filio
1108 1325 1181 1352 Nave
1200 1334 1208 1352 :
1228 1335 1237 1350 ‹
1257 1324 1342 1353 Hodie
1368 1326 1468 1353 abstuli
1484 1327 1661 1362 opprobrium
1681 1327 1731 1355 1E-

938 1368 1013 1403 gypti
1040 1376 1056 1395 a
1077 1369 1164 1396 vobis.
1191 1368 1225 1395 Et
1250 1369 1345 1396 vocavi
1363 1389 1370 1401 ,
1400 1369 1510 1405 inquit,
1542 1378 1643 1398 nomen
1677 1371 1730 1399 loci

939 1414 1012 1441 illius
1028 1413 1138 1450 Galgala
1153 1414 1184 1441 ¹⁰.
1197 1424 1206 1440 ι
1220 1414 1247 1441 Si
1259 1422 1376 1450 namque
1387 1415 1560 1443 circumcisio
1574 1417 1729 1451 generatio--

938 1467 1001 1487 nem
1018 1459 1206 1496 Egyptiacam
1235 1460 1324 1488 aufert
1349 1469 1355 1486 :
1380 1469 1446 1496 ergo
1466 1463 1628 1497 prmputium
1645 1462 1730 1499 [Egy-

939 1507 1020 1541 ptiaci
1042 1507 1152 1534 habitus
1169 1515 1200 1534 ac
1223 1508 1408 1543 generationis
1433 1508 1564 1535 indicium
1593 1512 1644 1536 est.
1673 1508 1730 1536 lloe

939 1556 1030 1580 autem
1046 1554 1160 1581 abstulit
1176 1553 1258 1586 Deus,
1277 1557 1307 1580 ut
1319 1562 1373 1580 non
1389 1555 1460 1581 ultra
1474 1554 1553 1589 quasi
1568 1554 1596 1581 in
1609 1554 1730 1591 Egypto

938 1598 995 1625 nati
1011 1598 1188 1632 haberentur,
1211 1599 1258 1626 sed
1282 1598 1484 1633 promissionis,
1512 1599 1540 1625 in
1565 1607 1646 1634 quam
1667 1599 1729 1627 illos

938 1643 1045 1670 induxit
1061 1643 1203 1675 Dominus.
1217 1644 1264 1672 filii
1285 1644 1518 1671 existimaremur.
1538 1643 1600 1671 lltec
1614 1652 1675 1671 cum
1691 1645 1729 1672 ita

938 1697 967 1717 se
981 1690 1110 1724 habeant,
1121 1691 1231 1721 videtur
1241 1698 1356 1726 prorsus
1371 1690 1544 1717 circumcisio
1555 1690 1619 1717 data
1630 1690 1727 1720 fuisse.

938 1740 967 1762 ut
980 1736 1157 1771 opprobrium
1169 1740 1286 1764 terrente
1296 1736 1480 1772 generationis
1493 1735 1527 1763 ab
1541 1736 1729 1764 Abrahamitis

937 1781 1089 1814 tolleretur,
1112 1786 1140 1809 et
1166 1789 1222 1809 non
1245 1782 1363 1817 amplius
1382 1781 1494 1809 obnoxii
1517 1789 1643 1809 essemus
1665 1782 1729 1809 huic

937 1827 1083 1854 maledicto
1100 1837 1105 1854 :
1123 1836 1133 1852 ι
1154 1826 1238 1855 Terra
1261 1835 1301 1859 es,
1330 1830 1357 1855 et
1381 1827 1408 1854 in
1425 1831 1526 1854 terram
1541 1827 1698 1854 revorteris.
1716 1837 1726 1853 ι

936 1872 1063 1899 Ablatum
1075 1877 1117 1900 est
1129 1873 1201 1900 enim
1216 1873 1393 1908 opprobrium
1407 1872 1511 1900 delicti.
1520 1871 1548 1899 ld
1561 1876 1650 1899 autem
1662 1875 1728 1900 tunc

937 1919 1038 1947 factum
1048 1924 1090 1947 est
1100 1920 1127 1947 in
1140 1919 1252 1955 ﬁguram
1263 1911 1436 1954 baptismatis
1450 1925 1498 1953 per
1509 1917 1647 1945 Christum
1659 1918 1727 1946 dati.

937 1966 1014 1994 Tunc
1025 1967 1097 1993 enim
1111 1974 1144 1993 ex
1159 1970 1236 2000 parte
1250 1973 1293 1993 res
1307 1964 1452 2000 gerebatur
1468 1964 1546 1999 quasi
1568 1964 1595 1991 in
1612 1964 1727 1996 umbra;

937 2021 1010 2040 nunc
1025 2017 1127 2045 autem,
1146 2016 1176 2039 ul.
1199 2012 1267 2039 dixit
1290 2011 1448 2047 Apostolus,
1476 2016 1561 2039 totam
1589 2015 1728 2038 terrenam

937 2059 1141 2094 gerterationcm
1154 2059 1291 2090 exuimus,
1306 2066 1354 2093 per
1368 2058 1506 2085 lavacrum
1522 2056 1686 2093 regenerati,
1700 2059 1729 2092 ut

935 2114 991 2134 non
1005 2106 1122 2141 amplius
1135 2105 1285 2132 secundum
1307 2105 1426 2139 priorem
1444 2104 1647 2139 generationem
1669 2109 1729 2128 mo-

935 2152 1050 2184 riamur,
1073 2151 1120 2178 sed
1148 2150 1300 2178 secundum
1318 2149 1572 2181 circumcisionem,
1597 2155 1650 2183 qua
1667 2155 1729 2174 cor-

92 2200 208 2234 ριτομὴν
223 2198 274 2232 τῆς
287 2198 461 2230 ἀπεκδύσεως
481 2199 528 2225 τοῦ
556 2198 692 2234 σώματος,
716 2199 751 2234 ἢν
776 2198 819 2225 διὰ
835 2198 882 2225 τοῦ

974 2206 987 2225 s
1002 2197 1123 2229 exuitur,
1137 2204 1220 2232 quam
1236 2204 1285 2231 per
1307 2195 1447 2223 lavacrum
1472 2203 1523 2222 nos
1537 2194 1674 2226 exuimus,
1689 2193 1728 2220 vi-

90 2243 205 2280 λουτροῦ
217 2245 481 2281 ἀπεκδιδυσκόμεθα,
495 2245 633 2280 ζήσωμεν.
646 2245 751 2279 Ὥσπερ
766 2245 794 2271 δὲ
807 2243 883 2271 εἶπεν

90 2290 104 2315 ὁ
121 2289 225 2325 Κύριος
241 2289 280 2325 τῷ
301 2289 388 2326 Ἰησοῦ
401 2298 408 2304 ⁸
432 2299 441 2315 ι
462 2289 584 2325 Ἀφεῖλον
605 2289 650 2316 τὸν
665 2289 816 2324 ὀνειδισμὸν
834 2290 882 2315 At—

90 2334 196 2368 γύπτου
220 2336 250 2362 ὲν
265 2337 299 2370 τῇ
317 2336 437 2372 σήμερον
460 2336 552 2372 ἡμέρᾳ
571 2336 619 2370 ἀφ’
643 2335 720 2370 ὑμῶν
735 2343 741 2350 ·
760 2345 770 2361 ι
797 2335 882 2367 οὓτως

196 2381 277 2408 πλέον
290 2381 398 2416 λεχθείη
410 2382 444 2408 ἂν
452 2382 560 2417 ἑκάστῳ
573 2382 628 2408 τῶν
644 2381 691 2408 νῦν
707 2381 773 2416 (ευ)
790 2381 884 2416 βαπτι-

92 2426 214 2461 ζομένων
226 2433 234 2440 ·
258 2427 302 2454 Ἐν
324 2429 358 2463 τῇ
380 2428 471 2464 ἡμέρᾳ
490 2427 575 2463 ταύτῃ
591 2427 701 2462 ἀφεῖλον
725 2427 770 2454 τὸν
787 2427 883 2454 ὀνειδι-

92 2472 161 2507 σμὸν
173 2473 223 2508 τῆς
244 2473 342 2508 γηΐνης
359 2473 500 2507 γενέσεως,
517 2473 564 2500 καὶ
585 2473 631 2500 τὸν
646 2473 809 2508 ὀνειδισμὸν·
831 2473 880 2509 τῆς

91 2518 138 2545 τοῦ
150 2519 266 2546 θανάτου
286 2514 458 2555 φθορᾶςάπὸ
471 2519 528 2551 σοῦ,
546 2520 575 2545 ὲν
590 2521 623 2554 τῇ
642 2520 763 2554 σήμερον
779 2518 878 2554 ἡμέρᾳ.

142 2580 154 2595 ⁸
172 2579 240 2607 Gen.
261 2587 312 2612 ιιι,
331 2579 376 2606 19.
415 2579 436 2594 ¹⁰
455 2579 512 2607 Jos.
537 2587 562 2611 ν,
581 2579 609 2606 9.
650 2579 671 2594 ¹¹
693 2578 772 2606 Rom.
790 2571 909 2610 vni-7.

125 2639 375 2676 (19)1ξξιε11,ήρκει.
389 2639 459 2671 Mox,
473 2639 541 2674 Reg.
558 2639 636 2667 Gobl.
650 2643 677 2667 et
688 2638 762 2676 Fe_l_c.
776 2646 796 2670 ι,
808 2648 877 2676 κατ-

91 2673 184 2702 έπαυε.
203 2675 274 2701 Editi
292 2673 356 2702 vero
369 2679 395 2702 et
407 2673 702 2704 ςιιεῑριιξκατέπαυσε.
718 2673 790 2706 Mox,
808 2674 875 2709 Reg.

103 2711 203 2743 ieguer.
218 2715 246 2737 et
256 2709 349 2741 Gobl..
359 2709 492 2737 δεδόσθαι.
502 2709 573 2738 Editi
587 2718 662 2743 vero,
675 2709 804 2736 δίδοσθαι.

135 2744 180 2779 20)
197 2744 312 2779 Regius,
325 2745 428 2771 τούτου.

135 2781 181 2814 21)
199 2779 318 2815 ςῖοωει-Ζ
325 2784 352 2807 et
366 2779 439 2806 Felc.
458 2787 477 2813 ι,
490 2780 537 2807 καὶ
550 2781 579 2815 ὲν
593 2779 632 2814 τῷ
645 2780 734 2815 Ναυῆ.

194 2814 274 2842 Gobl.
293 2812 370 2841 εἶπεν
389 2815 489 2850 ξίύριος
507 2814 598 2850 αιὶτῷ·
618 2812 668 2841 ’Ἐν
737 2814 807 2850 σήμ,
833 2812 877 2840 ln-

89 2848 140 2885 m‘,
157 2852 226 2886 Reg.
246 2850 361 2885 Seguer.
383 2848 461 2878 Golil.
483 2854 511 2878 et
528 2848 600 2879 Felc.
616 2858 635 2885 ι,
653 2848 718 2885 post
733 2848 874 2888 fidlem,

938 2250 1033 2270 vamus
1046 2242 1077 2269 “.
1095 2241 1131 2269 Ut
1157 2245 1247 2269 autem
1262 2241 1330 2268 dixit
1353 2240 1484 2269 Dominus
1507 2240 1571 2268 Jesu
1586 2249 1593 2267 :
1614 2248 1624 2265 ι
1642 2238 1729 2266 Hodie

937 2288 1037 2316 abstuli
1061 2288 1238 2324 opprobrium
1257 2287 1368 2323 [Egypti
1394 2295 1410 2314 a
1432 2287 1530 2320 vobis;
1553 2295 1563 2312 ι
1582 2285 1623 2313 sic
1642 2285 1729 2312 multo

936 2335 1024 2370 magis
1038 2334 1092 2362 dici
1107 2334 1208 2370 poterit
1223 2334 1372 2369 unicuique
1386 2341 1493 2365 eorum,
1513 2332 1560 2367 qui
1584 2338 1659 2358 nunc
1678 2331 1729 2360 ba.

936 2381 1074 2416 ptizantur
1088 2390 1095 2409 :
1109 2380 1166 2409 Hac
1180 2379 1224 2408 die
1239 2380 1339 2408 abstuli
1359 2379 1536 2415 opprobrium
1553 2382 1668 2405 terrenae
1679 2384 1727 2412 ge-

937 2427 1098 2458 nerationis,
1111 2430 1139 2454 et
1151 2427 1329 2462 opprobrium
1345 2423 1647 2459 corruptionis‘mortis
1665 2430 1681 2450 a
1696 2427 1725 2451 te

935 2475 987 2502 hoc
1001 2475 1062 2508 ipso
1076 2473 1129 2502 die.

931 2636 1033 2664 habent
1057 2634 1134 2669 (mat.
1163 2637 1233 2660 mm
1259 2640 1334 2664 vero,
1359 2640 1422 2666 εφη.
1451 2634 1524 2664 Mox,
1561 2630 1673 2659 Gobler.
1694 2635 1724 2659 et

931 2671 1005 2699 Felc.
1019 2678 1038 2702 ι,
1053 2667 1144 2696 Εἱόὖν
1157 2670 1175 2704 ἡ
1189 2677 1280 2704 περιτ.

968 2700 1086 2741 (25)’Ξὶε
1095 2700 1180 2741 Altequ
1190 2708 1217 2731 et
1228 2700 1343 2741 Seguer1
1359 2701 1432 2730 Edit.
1448 2701 1554 2730 Comm.
1575 2700 1722 2733 δοθεῐσθαι,

931 2738 1275 2770 male.'llincParisienses,
1284 2738 1403 2773 δοθῆναι,
1414 2746 1467 2773 suo
1474 2742 1559 2773 marte
1567 2744 1722 2773 corruere.

966 2776 1022 2812 (24)
1039 2775 1139 2811 Regius
1151 2778 1179 2802 et
1196 2774 1308 2812 geguer.
1324 2770 1438 2812 εγίνετο.
1459 2772 1533 2805 Mox,
1559 2770 1635 2799 εἶπεν
1647 2772 1723 2800 deest

931 2813 958 2840 in
970 2808 1143 2839 'Gohleriano
1160 2813 1186 2836 et
1199 2808 1272 2837 Felc.
1293 2809 1392 2844 primo.

964 2845 1034 2883 (24⁸)
1046 2845 1103 2874 Νῦν
1116 2846 1191 2873 deest
1203 2846 1230 2872 in
1245 2842 1408 2874 Gobleriano
1422 2848 1449 2871 et
1463 2842 1537 2871 Felc.
1551 2850 1572 2870 ι.
