1898 3053
203 152 218 179 1
225 151 261 180 ιδ
788 150 817 178 S.
838 150 986 178 ATHANA!

1051 151 1071 180 ς.
1090 167 1126 174 -η
1145 142 1266 180 υυΒιΑ.’
1782 154 1837 183 tu

207 237 1821 254 Μ

600 313 642 343 IN
663 312 874 343 HOMILIAM
891 313 945 343 DE
974 312 1165 344 SEMENTE
1191 313 1437 346 ADMONITIO.

241 397 390 426 Mamiliam
405 396 438 423 de
451 394 570 423 Semente
588 395 771 430 subjungimus
793 393 919 421 Homilia:
932 393 965 421 de
980 393 1097 422 Sabbato
1119 399 1144 422 et
1160 394 1379 431 Circumcisione,
1391 396 1461 432 quod
1476 397 1509 425 de
1524 406 1553 425 re
1568 398 1659 426 eadem
1679 400 1764 428 ambtz
1778 407 1840 436 per-

207 451 330 478 tractant,
344 453 433 479 nempe
449 444 481 471 de
496 443 624 474 Sabbato.
640 449 685 468 seu
699 439 731 467 de
744 441 798 466 ritu
809 439 930 466 servandi
944 438 1065 467 Sabbati.
1079 439 1144 467 licet:
1159 442 1292 475 posterior
1306 447 1393 469 autem
1406 442 1494 477 plures
1508 452 1587 479 quam
1601 445 1750 479 praecedens
1764 455 1837 481 pm-

205 496 255 530 fert
273 493 413 521 dubitandi
427 498 541 522 causas;
561 497 614 516 non
629 492 762 523 comparet
784 488 853 515 enim
874 487 901 514 in
915 487 1031 522 antiquis
1047 487 1189 515 Athanasii
1211 497 1318 524 operum
1340 489 1549 524 collectionibus,
1574 499 1620 518 nec
1636 492 1688 519 nisi
1704 494 1731 519 in
1747 493 1839 520 codice

203 541 350 577 Anglicano
362 540 485 566 hactenus
499 533 673 573 reperta-fuit.
689 537 730 564 Ad
742 537 797 564 Ιιωε
807 537 936 564 nonnulla
952 541 1014 563 sunt
1027 536 1069 563 llic
1078 537 1201 573 loquendi
1211 546 1316 574 genera,
1328 547 1386 574 qutz
1399 540 1485 566 minus
1495 540 1609 574 peritum
1624 541 1780 574 scriptorem
1791 551 1838 569 ar-

203 592 286 624 guant
301 596 310 614 :
322 585 392 613 haud
404 584 483 612 semel
499 584 568 611 enim
583 584 704 619 legimus,
716 582 813 619 κρύὸει
832 590 879 617 pro
893 581 1021 618 κρύπτει,
1039 582 1066 608 in
1082 583 1217 616 prtesenti,
1233 588 1258 610 et
1274 583 1384 610 similia.
1399 584 1517 621 Suntque
1532 587 1588 614 alia
1611 589 1694 615 multa
1709 597 1768 624 quae
1786 590 1837 616 mi-

207 643 256 662 nus
270 632 412 661 Athanasii
423 631 521 666 stylum
536 630 652 664 referunt
665 637 673 656 :
688 629 830 662 implicatae
848 627 947 655 scilicet
966 627 1068 662 periodi
1084 627 1247 662 frequentes,
1264 629 1381 656 maxime
1400 630 1448 656 sub
1459 631 1549 665 ﬁnem,
1569 640 1631 659 nam
1650 641 1723 661 secus
1740 628 1848 666 initio;

204 689 264 708 cum
275 684 368 706 contra
383 663 526 704 Athanasii
541 663 627 703 sermo
639 683 698 702 eum
715 675 823 701 lenitate
835 673 952 708 quadam
968 673 1093 708 wquabili
1109 673 1204 708 ubique
1219 674 1348 708 proﬂuat,
1363 679 1388 702 et
1406 663 1519 703 multum
1535 678 1676 706 abhorreat
1692 680 1724 706 ab
1741 663 1835 707 οὑξειιῖ

204 727 240 753 ris
255 724 378 760 loquendi
392 722 538 760 generibus.
557 721 653 754 Porro,
667 722 727 747 licet
743 719 835 747 allatis
848 719 879 746 de
896 719 984 746 causis
1000 718 1141 745 admodum
1153 725 1274 753 suspecta
1288 720 1362 748 nobis
1374 721 1408 748 sit
1426 721 1481 749 haec
1496 722 1626 757 Homilia,
1643 733 1694 752 non
1706 726 1836 753 indiserta

205 779 304 805 tamen,
321 781 367 799 nec
381 772 491 807 indigna
505 778 563 805 qute
581 770 694 805 legatur.
708 768 742 795 In
758 776 789 795 ea
804 767 898 803 quippe
909 772 950 794 sat
965 766 1048 801 lepide
1061 767 1183 802 arguitur
1195 776 1263 795 vana
1273 767 1431 796 Judceorum
1442 770 1469 797 in
1485 772 1614 799 servando
1629 771 1747 800 Sabbato
1759 781 1836 800 scru-

203 820 353 855 pulositas:
369 817 454 846 multa
464 825 566 854 quoque
576 816 636 843 istic
649 815 682 842 de
701 815 820 842 oratione
832 817 857 840 et
877 814 1052 848 eleemosyna.
1073 813 1187 848 aliisque
1201 814 1252 848 piis
1267 815 1388 850 operibus
1403 815 1536 852 feruntur,
1551 825 1610 853 qui:
1625 819 1716 846 lectori
1729 826 1776 846 nec
1794 819 1835 846 in-

200 867 322 902 jucunda
333 875 380 896 nec
392 866 498 894 inutilia
510 865 566 900 fore
581 864 757 891 arbitramur.

755 996 825 1023 ΤΟΥ
839 996 884 1023 ΕΝ
900 996 1013 1023 ΛΓΙΟΙΣ
1030 996 1166 1023 ΠΑΤΡοΣ
1181 997 1282 1025 ΗΜΩΝ

859 1079 1179 1125 ΑΘΑΝΑΣΙΟΥ

787 1172 918 1199 οΜιΑιΑ
932 1171 996 1199 ΕΙΣ
1017 1172 1088 1198 ΤΟΝ
1100 1173 1250 1201 ΣΠΟΡΟΝ.

707 1324 756 1369 S.
794 1325 847 1369 P.
895 1325 955 1369 N.
993 1324 1322 1370 ATHANASII

757 1421 943 1454 HOMILIA
972 1422 1030 1452 DE
1049 1422 1266 1454 SEMENTE.

237 1572 264 1601 Ι.
283 1572 314 1600 In
327 1570 372 1599 die
395 1569 508 1598 Sabbati
533 1568 690 1604 congregati
705 1576 800 1596 sumus
815 1578 822 1596 :
838 1577 893 1597 non
916 1570 986 1605 quod

1078 1571 1103 1597 Ι.
1132 1571 1175 1596 Ἐν
1188 1570 1282 1606 ἡμέρᾳ.
1301 1570 1441 1597 Σαϐϐάτου
1465 1569 1647 1606 συνήχθημεν,
1670 1570 1700 1597 οὐ
1724 1569 1832 1598 νοσοῦν-

197 1618 334 1647 Judaismi
357 1617 453 1644 morbo
470 1616 626 1643 laboremus
641 1625 647 1642 :
660 1623 800 1650 nunquam
822 1615 896 1643 enim
919 1615 986 1643 falsa

1051 1625 1086 1648 τες
1105 1615 1160 1651 (25)
1179 1616 1361 1651 Ὶουδαῖσμόν·
1383 1616 1413 1643 οὺ
1430 1615 1484 1652 γὰρ
1499 1616 1675 1651 ὲφαπτόμεθα
1688 1616 1833 1643 Σαὸὖάτων

202 1665 322 1693 Sabbata
335 1663 378 1691 vel
392 1662 577 1697 attigerimus;
595 1660 643 1688 sed
659 1660 693 1688 ad
707 1660 855 1688 Sabbatum
871 1662 990 1689 accessi-

200 1719 273 1744 mus,
285 1709 429 1738 Dominum
445 1706 656 1735 SabbatiJesum
669 1705 820 1733 adoraturi.
837 1705 906 1734 Olim
916 1711 991 1734 certe

201 1757 302 1792 priscis
319 1754 477 1782 hominibus
490 1753 517 1780 in
533 1753 623 1788 pretio
641 1752 790 1779 Sabbatum
809 1751 861 1779 fuit
873 1762 879 1779 :
892 1756 919 1779 at
938 1752 991 1779 Do—

200 1803 294 1830 minus
312 1801 383 1828 diem
400 1800 512 1827 Sabbati
529 1799 670 1827 transtulit
689 1799 716 1825 in
732 1798 903 1825 Dominicam
920 1808 927 1826 :
943 1806 990 1826 ne-

199 1856 255 1884 que
269 1855 319 1875 nos
331 1846 495 1874 auctoritate
508 1849 603 1872 nostra
617 1843 766 1872 Salnbatum
779 1844 988 1879 vi-lipcndimus;

201 1892 249 1921 sed
264 1891 320 1927 46
331 1891 463 1925 propheta
487 1894 539 1921 est.
557 1889 605 1924 qui
629 1889 695 1915 illud
723 1889 812 1923 rejicit
839 1896 870 1915 ac
899 1888 988 1916 dicn:

204 1946 214 1964 ι
228 1936 392 1965 Neoutenias
401 1940 508 1963 vestras
520 1939 547 1962 et
557 1934 675 1962 Sabbata
689 1935 746 1961 odit
757 1935 848 1962 anima
861 1943 920 1962 mea
932 1935 964 1962 ".
978 1945 987 1961 ι

198 1983 328 2018 Ουοηᾱίυ
343 1982 415 2010 enim
441 1989 472 2009 ea
490 1982 652 2017 agebantur,
677 1989 736 2016 qua:
755 1982 812 2016 lege
833 1981 894 2008 data
908 1981 990 2016 digna

200 2034 280 2058 erant
294 2039 301 2056 :
314 2033 360 2056 aut
373 2029 495 2064 quandiu
511 2036 565 2056 non
578 2028 726 2055 advenerat
743 2027 882 2063 Magister,
900 2029 991 2063 paula-

200 2077 262 2112 gogi
284 2076 358 2111 leges
372 2075 427 2102 vim
449 2074 610 2102 obtinebant
624 2083 630 2100 :
645 2078 672 2101 at
693 2074 738 2101 ubi
760 2073 891 2109 Magister
908 2074 991 2102 adve-

201 2122 252 2154 nit,
270 2121 352 2149 desiit
368 2120 531 2156 pmdagogus
544 2129 551 2146 :
566 2123 593 2147 et
608 2123 703 2148 exorto
719 2120 787 2152 sole,
804 2119 917 2147 candela
931 2127 991 2148 ces-

201 2168 282 2196 savit.
306 2166 467 2202 Opportuna
491 2167 574 2202 igitur
600 2167 679 2194 nobis
704 2166 784 2194 lectio
808 2166 842 2194 de
872 2165 991 2194 Sabbato

201 2219 402 2250 consequenter
416 2214 507 2242 habita
532 2217 585 2241 est.
601 2213 717 2249 Jamjam
739 2213 810 2241 enim
835 2212 990 2241 audivimus

1041 1662 1147 1696 ψευδῶν
1161 1670 1168 1677 ·
1194 1663 1422 1698 παραγεγόναμεν
1441 1662 1470 1689 δὲ
1490 1663 1519 1689 ὲν
1544 1662 1676 1697 Σαϐϐάτῳ
1689 1682 1696 1695 ,
1712 1662 1758 1689 τὸν
1776 1661 1832 1688 Κύ-

1042 1717 1100 1744 ριον
1118 1708 1165 1734 τοῦ
1183 1708 1322 1734 Σαϐϐάτου
1345 1708 1448 1744 Ἰησοῦν
1473 1708 1718 1744 προσκυνήσοντες.
1746 1707 1832 1735 Πάλαι

1043 1755 1092 1790 μὲν
1113 1754 1167 1790 γὰρ
1187 1752 1221 1789 ἦν
1245 1755 1273 1781 ὲν
1296 1756 1354 1786 τοῖς
1374 1755 1498 1790 ἀρχαίοις
1519 1755 1550 1782 τὸ
1567 1756 1659 1790 τίμιον
1676 1754 1832 1781 Σάϐϐατον·

1044 1801 1176 1836 μετέθηκε
1191 1801 1219 1827 δὲ
1232 1802 1246 1827 ὁ
1263 1801 1364 1837 Κύριος
1379 1801 1427 1837 τὴν
1441 1801 1488 1828 τοῦ
1506 1802 1645 1830 Σαὸὅάτου
1660 1801 1768 1836 ἡμέραν
1795 1801 1831 1832 εἰς

1042 1847 1184 1882 Κυριακήν
1198 1856 1204 1862 ·
1226 1847 1273 1873 καὶ
1287 1848 1336 1882 οὐχ
1353 1848 1433 1883 ἡμεῖς
1450 1849 1532 1883 ἐσμεν
1557 1849 1580 1874 οι
1597 1848 1642 1882 ἀφ’
1667 1846 1771 1873 ἑαυτῶν
1786 1846 1831 1873 τοῦ

1042 1892 1181 1919 Σαΰΰάτου
1206 1893 1472 1929 καταφρονήσαντες,
1497 1893 1554 1920 ἀλλ’
1571 1893 1584 1919 ὁ
1602 1893 1744 1928 προφήτης
1760 1892 1832 1918 ἐστὶν

1041 1939 1055 1965 ὁ
1071 1938 1216 1965 ἀποϐαλὼν
1242 1939 1289 1965 καὶ
1306 1939 1391 1965 εἰπών
1404 1947 1412 1955 ο
1442 1948 1451 1965 ι
1464 1939 1521 1971 Τὰς
1533 1938 1678 1974 νεομηνίας
1693 1938 1770 1973 ὑμῶν
1787 1939 1834 1964 καὶ

1041 1984 1076 2012 τὰ
1100 1985 1226 2012 Σάϐϐατα
1242 1987 1315 2020 μισεί
1336 1986 1353 2020 ἡ
1379 1984 1451 2021 ψυχή
1478 1994 1539 2020 μου.
1557 1994 1566 2011 ι
1587 1985 1675 2020 Μέχρι
1704 1984 1752 2019 μὲν
1779 1983 1834 2020 γὰρ

1041 2031 1085 2058 ὅτε
1101 2031 1163 2064 ἄξια
1179 2031 1330 2067 ἐπράττετο
1341 2031 1395 2057 τῶν
1409 2031 1581 2066 πραγμάτων
1596 2031 1646 2066 τῆς
1661 2030 1833 2065 νομοθεσίας,

1041 2076 1058 2111 ἢ
1071 2076 1166 2112 μέχρις
1179 2077 1224 2103 ὅτε.
1244 2077 1300 2113 (26)
1318 2077 1355 2112 μὴ
1372 2075 1406 2112 ἦν
1425 2076 1646 2113 παραγενόμενος
1669 2077 1683 2102 ὁ
1701 2077 1836 2104 Διδάσκα-

1041 2123 1096 2155 λος,
1116 2124 1226 2159 ἐνήργει
1244 2123 1279 2150 τὰ
1295 2124 1342 2150 τοῦ
1369 2123 1545 2158 παιδαγωγοῦ
1559 2132 1566 2138 ·
1590 2123 1712 2156 ἐλθόντος
1735 2123 1764 2150 δὲ
1787 2123 1835 2151 τοῦ

1041 2169 1217 2200 Διδασχάλου,
1240 2168 1401 2204 κατηργήθη
1428 2170 1442 2196 ὁ
1468 2168 1642 2203 παιδαγωγὸς
1658 2188 1665 2200 ,
1686 2168 1733 2195 καὶ
1757 2168 1834 2204 ἡλίου

1041 2215 1241 2246 ἀνατείλαντος,
1267 2215 1280 2240 ὁ
1297 2214 1394 2249 λύχνος
1411 2214 1560 2241 ἐπαύσατο.
1579 2213 1712 2250 Εὔκαιρος
1727 2213 1755 2240 δὲ
1768 2215 1835 2250 ἡμῖν

199 2261 337 2296 quomodo
355 2260 436 2288 JeSlts
452 2260 507 2288 ibat
525 2267 573 2295 per
591 2264 661 2292 sata,
685 2263 712 2287 et
729 2259 867 2295 quomodo
885 2259 986 2286 aridam

1051 2260 1136 2294 γέγονε
1153 2261 1200 2287 καὶ
1224 2262 1241 2296 ἡ
1267 2261 1420 2294 ἀνάγνωσις
1434 2281 1441 2292 ,
1468 2260 1540 2287 κατὰ
1558 2259 1718 2287 ἀκολουθίαν
1735 2280 1743 2291 ,
1769 2260 1835 2294 περὶ

199 2315 311 2334 manum
334 2307 473 2335 sanaverit
495 2316 501 2334 :
522 2311 602 2342 atque
629 2314 719 2342 opera:
741 2308 858 2342 pretium
880 2306 989 2333 videtur

199 2354 276 2386 mihi,
295 2361 381 2389 pauca
399 2353 426 2381 in
443 2353 587 2381 lectionem
602 2352 741 2389 Evangelii
765 2353 913 2381 disserere.
928 2352 989 2379 Sal-

199 2403 278 2427 vator
296 2403 391 2427 uoster
407 2407 455 2434 per
469 2403 528 2426 sata
551 2399 616 2432 ibat,
639 2399 784 2434 ipsumque
800 2399 929 2434 discipuli
945 2407 989 2427 se-

199 2446 364 2480 quebantur,
386 2450 414 2473 et
431 2445 562 2473 vellentes
585 2445 676 2480 spicas
703 2445 883 2473 comedebaut
906 2455 912 2473 :
930 2450 987 2472 tum

199 2489 285 2517 Judazi
302 2490 482 2525 increpabant
498 2491 571 2523 illos,
592 2490 714 2518 dicentes
730 2499 737 2518 :
755 2499 765 2516 ι
781 2489 840 2518 Non
857 2491 920 2518 licet
934 2491 988 2517 hoc

200 2534 291 2563 facere
307 2536 334 2562 in
357 2535 476 2563 Sabbato
490 2535 521 2562 ¹¹.
541 2545 551 2562 ι
569 2535 607 2562 Ex
628 2543 680 2570 qua
703 2535 772 2571 lege,
794 2543 811 2563 o
825 2534 932 2563 Judaei?
948 2535 986 2562 Ex

200 2588 254 2615 quo
270 2580 371 2617 Moysis
383 2581 512 2610 decreto?
525 2581 565 2609 Ex
582 2582 662 2616 cujus
678 2582 818 2617 propheta:
833 2581 988 2610 sententia?

200 2626 253 2654 Ubi
268 2629 380 2655 vetitqu
398 2632 440 2655 est
462 2628 498 2654 ali
518 2627 701 2655 esurientem?
713 2627 830 2655 Ubinam
851 2629 985 2663 scriptum

199 2676 254 2706 est,
275 2673 384 2701 inanem
405 2678 528 2701 ventrem
554 2681 611 2701 non
635 2673 803 2709 implendum
829 2674 910 2702 esse?
933 2673 987 2702 Sc‘d

199 2719 246 2753 qui
270 2727 346 2748 esum
366 2720 395 2747 in
416 2719 536 2747 Sabbato
561 2719 628 2747 vitio
653 2724 782 2755 vertunt,
807 2721 909 2750 caedem
934 2721 986 2757 ipsi

237 2798 259 2813 “
278 2796 330 2824 Isa.
349 2804 374 2829 ι,
391 2797 434 2824 15.
473 2797 495 2814 ⁸³
515 2797 610 2825 Matth.
628 2806 685 2832 xu,
703 2799 732 2827 9..

464 2840 483 2856 \

237 2878 291 2916 (25)
307 2879 483 2916 Anglicanus,
502 2878 654 2911 νοσοῦντος.

1042 2306 1192 2332 Σαϐϐἀτου.
1223 2306 1373 2341 Ἡκούομεν
1390 2305 1444 2340 γὰρ
1467 2304 1582 2340 ἀρτίως,
1600 2305 1674 2336 ὅπως
1689 2305 1704 2330 ὁ
1729 2303 1835 2339 Ἰησοῦς

1041 2351 1188 2386 ἐπορεύετο
1213 2350 1258 2377 διὰ
1280 2350 1334 2377 τῶν
1351 2351 1503 2386 σπορὶμων,
1523 2349 1570 2377 καὶ
1591 2350 1665 2381 ὅπως
1681 2349 1730 2384 τὴν
1754 2351 1834 2386 χεῖρα

1041 2397 1090 2433 τὴν
1107 2397 1192 2433 εηρὰν
1215 2397 1402 2433 ἐθεράπευσε*
1419 2397 1466 2424 καί
1485 2405 1530 2432 μοι
1545 2396 1618 2422 δοκεῖ
1645 2395 1735 2427 καλῶς
1760 2395 1833 2430 ἔχειν

1041 2444 1118 2479 ὀλίγα
1135 2445 1174 2476 εἰς
1188 2444 1219 2470 τὸ
1237 2444 1406 2480 ἀνάγνωσμα
1423 2444 1468 2470 τοῦ
1485 2442 1653 2477 Εὑαγγελίου
1679 2443 1776 2468 εἰπεῖν.
1805 2442 1833 2468 '0

1042 2491 1138 2526 Σωτὴρ
1164 2490 1242 2526 ἡμῶν
1264 2490 1410 2525 ἐπορεύετο
1433 2489 1479 2516 διὰ
1495 2489 1548 2516 τῶν
1566 2489 1718 2524 σπορίμων.
1740 2487 1787 2514 καὶ
1808 2489 1832 2514 οἱ

1044 2535 1163 2572 μαθηταὶ
1187 2535 1261 2571 αὐτῷ
1282 2536 1455 2571 ἠκολούθουν,
1475 2537 1522 2563 καὶ
1541 2535 1660 2570 στάχυας
1684 2533 1831 2565 τίλλοντες,

1042 2581 1134 2618 ἦσθιον
1148 2591 1155 2598 ·
1177 2582 1224 2609 καὶ
1257 2582 1378 2609 Ἰουδαῖοι
1401 2582 1537 2618 ἐπετίμων
1561 2582 1652 2612 αὐτοῖς
1680 2580 1807 2615 λέγοντες
1824 2588 1831 2594 '

1045 2637 1054 2654 ι
1077 2629 1133 2655 Οὐκ
1152 2628 1242 2662 ἔξεστι
1271 2628 1349 2655 τοῦτο
1382 2630 1468 2655 ποιεῖν
1493 2629 1521 2654 ἐν
1547 2627 1688 2662 Σαὸϐάτῳ.
1709 2636 1718 2652 ›
1752 2624 1832 2653 Κατὰ

1044 2677 1119 2702 ποῖον
1156 2675 1256 2710 νόμον,
1290 2672 1312 2702 ὦ
1355 2675 1504 2707 Ἰουδαῖοι;
1534 2674 1612 2701 Κατὰ
1655 2673 1736 2700 ποίαν
1766 2672 1832 2700 Μω-

1042 2721 1110 2753 σέως
1138 2720 1315 2756 νομοθεσίαν;
1334 2720 1412 2748 Κατὰ
1440 2719 1519 2746 ποίαν
1548 2719 1687 2755 προφήτου
1711 2718 1828 2754 φράσινῖ

1060 2879 1115 2915 (26)
1129 2878 1198 2907 Edit.
1212 2878 1300 2907 Paris.
1313 2879 1366 2906 ὅτι·
1382 2878 1453 2906 Edit.
1467 2877 1600 2906 Commel.
1624 2876 1679 2911 ὅτε,
1695 2875 1808 2904 rectius.
