1898 3053
66 177 110 204 H5

672 169 813 198 HOMlLIA
833 169 876 196 DE
895 167 1065 196 SEMENTE.

1623 166 1675 195 “6

64 234 113 262 Ποῦ
141 233 291 260 κεκώλυται
330 231 475 268 τρέφεσθαι
509 230 555 257 τὸν
594 228 748 260 πεινῶντα;
783 226 838 254 Ποῦ

896 228 950 261 ipso
975 226 1094 253 Sahbato
1119 226 1147 253 in
1171 225 1315 253 Dominum
1336 222 1676 260 perpetrarunt(26'):ait

64 281 208 316 γέγραπται
226 279 262 314 μὴ
283 277 472 313 ἐμπλησθῆναι
492 276 614 311 γαστέρα
637 275 738 310 κενήν;
754 273 785 300 Οἱ
810 273 838 299 δὲ

64 326 89 352 τὸ
100 324 243 360 τρέφεσθαι
256 323 430 355 ὀνειδίζοντες
452 323 481 348 ὲν
495 321 636 355 Σαόϐἁτῳ,
654 319 730 347 αὐτοὶ
749 318 839 354 φόνοις

63 373 88 398 ὲν
100 371 226 405 Σαὸϐέτῳ
240 369 309 396 κατὰ
318 369 364 396 τοῦ
377 368 565 396 οἰκοδεσπότου
579 366 736 402 εἰργάζοντο
745 374 751 380 ·
765 364 838 397 λέγει

62 415 110 450 γὰρ
125 415 140 449 ἡ
154 413 249 450 Γραφὴ
261 414 290 440 ὲν
309 413 346 448 τῷ
360 413 517 448 Εὑαγγελίῳ
532 412 595 447 περὶ
611 411 660 446 τῆς
688 410 793 445 ἡμέρας
810 410 838 436 ὲν

63 458 100 496 ᾔό
112 460 176 492 Θεὸς
193 459 293 486 ἔπαθεν
303 468 310 474 ·
326 468 335 484 ι
348 457 401 486 Ἦν
418 459 446 486 δὲ
463 459 553 494 ἡμέρα
567 457 658 492 ἐκείνη
671 455 775 492 μεγάλη
791 453 838 482 τοῦ

63 505 202 532 Σαϐὁὰτου.
215 515 224 530 ι
244 505 300 531 Καὶ
322 505 368 531 τὸν
386 504 434 539 μὲν
459 503 605 538 νομοθέτην
630 501 786 537 ἀναιροῦσιν
810 501 838 526 έν

64 550 204 585 Σαϐϐάτῳ,
227 549 376 586 τρέφεσθαι
401 549 430 575 δὲ
457 548 580 583 μαθητὰς
601 548 630 573 έν
651 546 781 582 Σαϐϐάτῳ
808 545 838 572 οὑ

65 595 201 630 βούλονται.
219 595 270 622 Διὰ
285 595 362 622 τοῦτο
378 596 392 621 ό
414 594 510 630 Σωτὴρ
534 595 561 620 ὲν
586 594 642 624 τοῖς
659 592 759 628 ἀρτίως
775 592 840 618 ἀνα-

64 641 222 675 γνωσθεῖσιν,
249 640 344 675 ἠρώτα
368 639 466 670 αὐτούς
478 647 485 653 ·
504 638 536 665 Τί
550 637 655 670 ἔξεστιν
679 636 791 670 ποιῆσαι
810 636 840 661 ἐν

64 687 97 722 τῷ
108 687 251 722 Σαόσάτῳ;
275 685 474 720 ἀγαθοποιῆσαι
496 684 513 719 ἢ
535 682 732 717 κακοποιῆσαι;
751 681 839 716 ψυχὴν

64 733 149 764 σῶσαι,
164 733 180 767 ἢ
196 732 349 765 ἀπολέσαι;
369 731 400 758 τὸ
417 729 565 766 τρέφεσθαι
592 728 745 759 ὀνειδίζετε,
762 726 792 753 τὸ
810 726 839 752 δὲ

64 778 177 813 φονεῦσαι
187 777 407 812 κατεργάζεσθε;
426 777 482 803 Ἀεὶ
495 775 549 811 γὰρ
561 775 585 801 οἱ
603 772 775 800 Ὶουδαῖοιτὺν
791 771 840 798 κώ-

63 831 131 850 νωπα
144 823 302 855 διυλίζουσι,
318 822 366 857 τὴν
387 822 414 848 δὲ
430 820 551 856 κάμηλον
568 819 761 846 καταπίνουσιν
774 825 780 831 ·
797 817 840 843 ἀεὶ

63 869 175 904 ἀκριϐεῖς
198 869 251 895 εἰσι
267 868 333 903 περὶ
350 867 381 894 τὸ
397 865 602 894 ἀπώεκατῶσαι
616 865 645 892 τὺ
661 865 781 900 πήγανον
793 862 839 888 xui.

62 914 88 940 τὸ
103 914 212 949 λάχανον
226 923 233 930 ·
247 914 282 940 τὰ
299 914 328 940 δὲ
344 913 480 949 βαρύτερα
501 911 548 938 τοῦ
567 911 650 946 νόμου
664 910 694 936 οὗ
716 908 837 944 τηροῦσι.

62 960 111 986 Καὶ
123 960 358 996 διαπορευομένων
369 959 422 985 τῶν
447 957 585 994 μαθητῶν,
603 955 783 991 ἠγανάκτουν,
799 953 840 980 ὅτι

64 1006 171 1040 στάχυας
186 1006 291 1041 ἕψωχον
308 1007 367 1037 ταῖς
383 1005 475 1040 χερσὶ,
494 1004 540 1031 καὶ
555 1003 657 1039 ἢσθιον.
677 1001 713 1027 Οὺ
738 1000 839 1034 σιδήρῳ

63 1053 213 1087 ἀπέτεμνον,
233 1052 297 1078 ἐπεὶ
318 1051 487 1087 κατηγόρουν
503 1050 541 1081 ὡς
559 1049 640 1084 ἔργου
653 1057 660 1063 ·
678 1047 737 1073 οὐδὲ
751 1045 840 1076 ἄλλοις

63 1098 201 1133 ἐργαλείοις
213 1099 376 1134 ἐχρήσαντο,
389 1097 432 1123 ἴνα
444 1097 481 1132 μὴ
500 1091 787 1132 κατηγορήσωσινηώς
802 1090 838 1126 μὴ

62 1144 234 1179 τρεφομένων,
248 1144 307 1170 ἀλλ’
325 1142 526 1177 ἐργαζομένων.
539 1140 607 1167 Νυνὶ
619 1139 647 1165 δὲ
658 1139 684 1164 τί
700 1135 839 1174 μέμφεσθε

62 1189 96 1224 τῷ
118 1189 166 1216 ὑπὸ
188 1188 235 1215 τοῦ
259 1187 328 1215 Θειιῦ
359 1187 461 1214 δοθέντι
486 1187 526 1217 είς
550 1184 703 1221 σωτηρίαν;
733 1184 764 1210 Et
791 1181 872 1217 γάρὸ

64 1237 92 1263 σὺ
108 1237 182 1263 τοῦτο
190 1236 341 1268 ὀνειδίζεις,
359 1235 426 1270 ὅπερ
441 1235 456 1260 6
469 1234 534 1266 Θεὸς
551 1234 599 1260 οὐκ
616 1232 820 1268 ἀπηγόρευσεν;

93 1282 118 1310 Ξ.
136 1281 313 1318 Διεπορεὺετο
323 1281 411 1307 τοίνυν
427 1281 441 1307 ὁ
457 1280 551 1314 Σωτὴρ
561 1279 604 1305 διὰ
619 1278 672 1305 τῶν
689 1276 838 1312 σπορίμωνσ

63 1330 76 1354 6
91 1328 182 1360 κόκκος
196 1327 243 1354 τοῦ
263 1327 349 1358 σίτου,
373 1326 416 1352 διὰ
439 1325 493 1352 τῶν
518 1324 658 1360 σπορίμων
674 1344 681 1356 ,
704 1323 719 1348 ὸ
746 1321 841 1357 νοητὸς

65 1374 152 1406 κόκκος
165 1374 210 1401 τοῦ
227 1373 315 1405 σίτου,
332 1374 346 1399 6
367 1371 457 1398 πεσὼν
474 1372 514 1403 είς
535 1371 583 1397 ἕνα
601 1370 693 1402 τόπον,
708 1369 755 1395 καὶ
777 1367 841 1394 ἀνα-

66 1421 123 1452 στὰς
143 1420 274 1455 πολύχους
292 1420 333 1450 εἰς
349 1418 397 1454 τὴν
413 1417 575 1452 οίκουμένην
587 1425 593 1431 ·
616 1415 696 1446 αὐτὸς
711 1414 765 1450 γὰρ
777 1413 841 1449 περὶ

66 1465 150 1492 ἑαυτοῦ
167 1466 277 1500 ἔλεγεν,
302 1465 344 1491 ὅτι
371 1473 380 1489 ι
401 1464 462 1490 Ἐὰν
486 1463 522 1498 μὴ
541 1463 555 1488 6
570 1463 668 1493 κόκκος
689 1461 736 1488 τοῦ
754 1461 839 1492 σίτου,

66 1511 144 1537 πεσὼν
167 1513 206 1543 είς
221 1512 272 1546 τὴν
296 1510 358 1545 γῆν,
381 1509 515 1544 ἀποθάνῃ,
537 1508 619 1539 αὐτὸς
645 1507 724 1542 μόνος
743 1506 816 1553 μένει
831 1514 838 1520 '
855 1524 876 1553 ε

65 1557 106 1583 ἐὰν
125 1557 152 1584 δὲ
166 1557 302 1592 ἀποθάνῃ,
318 1555 401 1582 πολὺν
421 1555 526 1590 καρπὸν
553 1553 641 1588 φέρει.
667 1562 676 1578 ι
713 1551 841 1586 Εἴπωμεν

66 1602 123 1628 αὐτὸ
136 1602 181 1628 καὶ
197 1602 285 1633 ἄλλως
297 1610 304 1616 -
323 1599 501 1635 Διεπορεύετο
517 1598 606 1624 τοίνυν
629 1598 643 1623 ὁ
674 1595 778 1632 Ἰησοῦς
799 1595 852 1621 διὰ·

66 1647 112 1673 τῶν
127 1647 279 1683 σπορίμων·
305 1645 386 1676 αὐτὸς
409 1645 462 1681 γὰρ
488 1643 572 1670 ἐνίοτε
602 1643 651 1678 μὲν
679 1642 777 1673 κόκκος
795 1640 841 1667 τοῦ

67 1693 130 1720 σίτου
146 1693 265 1720 καλεῖται
281 1692 327 1719 διὰ
340 1691 370 1718 τὸ
393 1689 547 1727 θρεπτικόν·
565 1688 657 1716 ἄλλοτε
679 1688 708 1714 δὲ
727 1687 842 1722 σπορεύς

67 1739 127 1770 ἔστι,
141 1739 209 1766 κατὰ
219 1739 248 1765 τὺ
260 1738 406 1774 εἰρημένον
421 1738 450 1763 ἐν
464 1737 519 1767 τοῖς
533 1735 709 1769 Εὑαγγελίοις
724 1742 730 1749 ·
749 1743 758 1759 ι
777 1733 841 1760 Ίδοὺ

67 1782 166 1818 ἐξῆλθεν
178 1784 192 1810 6
209 1784 331 1820 σπείρων
345 1782 391 1809 τοῦ
408 1783 526 1817 σπεῖραι.
544 1790 553 1806 ›
572 1780 683 1816 Σπείρει
707 1780 755 1815 μὲν
770 1777 815 1806 οὖν
829 1779 843 1805 6

71 1829 165 1865 Ἰησοῦς
186 1830 306 1865 δαψιλῶς
319 1838 326 1844 ’
352 1830 368 1864 ἡ
384 1828 412 1855 δὲ
427 1826 599 1863 καρποφορία
608 1826 712 1860 γίνεται
727 1825 794 1861 πρὸς
813 1823 843 1850 τὸ

68 1874 233 1911 ὑποκείμενον
246 1885 253 1891 ·
268 1876 337 1902 ὅπου
354 1875 403 1910 μὲν
425 1873 479 1908 γὰρ
498 1871 637 1908 πετρώδης
653 1873 670 1907 ἡ
686 1872 732 1907 γῆ,
756 1871 843 1905 εὐμα-

70 1921 116 1955 ρῶς
137 1922 189 1957 (‘27)
216 1921 374 1958 ξηραίνεται
391 1920 420 1947 τὸ
439 1919 549 1955 σπέρμα
564 1918 614 1944 οὐκ
636 1917 771 1952 ἀδυναμίᾳ
795 1915 842 1943 τοῦ

70 1967 168 2003 σπόρου,
183 1967 249 1994 ἀλλὰ
266 1969 301 2003 τῇ
322 1959 436 2002 καχεξίᾳ
452 1966 502 2000 τῆς
519 1965 570 2000 γῆς
583 1973 589 1979 ·
605 1964 619 1990 ὀ
638 1964 687 1999 μὲν
699 1963 754 1999 γὰρ
778 1963 843 1989 σπό-

71 2020 108 2046 ρος
122 2014 245 2049 ἐνεργής·
263 2013 360 2047 ἄγονος
383 2012 411 2038 δὲ
425 2013 442 2047 ἠ
466 2012 500 2047 γῆ
518 2010 599 2046 βάθος
615 2010 651 2046 μὴ
676 2009 842 2044 κεκτημένη.

71 2058 116 2084 Οὔκ
138 2058 303 2094 ἀντεχούσης
321 2058 350 2084 δὲ
382 2058 430 2093 τῆς
451 2058 503 2093 γῆς
528 2057 597 2092 πρὸς
615 2055 747 2090 ὑγρασίαν
765 2054 819 2090 (28)
834 2073 843 2087 ,

72 2103 148 2131 πλεῖον
162 2106 189 2132 al
212 2105 326 2141 ἡλιακαὶ
349 2105 456 2136 ἀκτῖνες
486 2103 719 2140 προσ-ϐάλλουσαι,
743 2102 843 2138 ἀναξη-

74 2149 177 2183 ραίνουσι
188 2151 233 2177 τὸν
253 2150 363 2185 σπόρον.
382 2149 437 2175 Καὶ
455 2149 558 2183 γίνεται
574 2148 605 2174 τὸ
622 2148 707 2175 αἴτιον
723 2149 753 2175 οὐ
769 2148 844 2183 παρὰ

856 897 876 924 Β

889 272 961 299 enim
977 271 1119 306 Scriptura
1130 271 1157 298 in
1171 270 1318 306 Evangelio
1330 271 1363 298 de
1371 271 1414 298 die
1425 278 1479 306 qua
1491 277 1590 305 passus
1601 270 1675 298 Deus

889 322 931 345 est
946 327 952 344 :
969 326 978 343 ι
995 317 1061 345 Erat
1075 321 1166 345 autem
1181 317 1240 345 dies
1255 318 1300 344 illa
1316 325 1413 352 magna
1430 316 1541 344 Sabbati
1552 317 1584 345 “.
1598 326 1608 344 ι
1622 316 1676 346 Le-

889 364 1046 399 gislatorem
1064 364 1153 398 ipsum
1171 363 1290 390 Sabbato
1303 363 1336 390 de
1357 363 1448 390 medio
1464 363 1573 395 tollunt,
1591 363 1677 391 disci—

890 408 1024 443 pulosque
1033 407 1060 434 in
1074 407 1194 435 Sabbato
1205 408 1332 436 alimenta
1348 416 1456 436 sumere
1469 408 1575 435 nolunt.
1586 407 1677 441 Quare

889 453 917 480 in
936 454 1048 488 jamjam
1073 454 1161 484 lectis,
1186 454 1284 489 quaerit
1301 454 1335 481 ab
1350 454 1404 481 illis
1428 453 1573 482 Salvator:
1588 453 1676 487 Quid-

889 506 951 526 nam
965 499 992 526 in
1013 499 1133 526 Sabbato
1153 499 1242 527 facere
1255 500 1327 531 licet.
1343 499 1447 527 benene
1464 507 1498 526 an
1515 499 1603 527 male?
1619 500 1678 526 ani-

889 552 961 571 mam
976 552 1088 572 servare
1104 551 1138 571 an
1153 545 1286 580 perdere?
1300 545 1430 572 alimenta
1442 552 1550 573 sumere
1566 544 1677 571 crimini

889 588 979 621 datis,
1003 593 1030 616 et
1053 589 1141 617 caedes
1162 590 1345 625 perpetratis?
1363 589 1474 625 Semper
1494 590 1566 617 enim
1589 588 1675 616 Judaei

889 635 1005 662 culicem
1017 636 1171 669 percolant,
1185 641 1212 663 et
1226 636 1360 662 camelum
1375 635 1528 671 deglutiunt
1543 645 1550 663 :
1567 642 1677 670 semper

889 684 1017 707 accurate
1034 680 1171 708 decimam
1195 685 1284 708 rutam
1303 685 1331 709 et
1355 681 1426 712 olus.
1437 685 1465 708 et
1486 688 1546 716 qum
1566 684 1630 708 sunt
1647 681 1675 707 in

890 725 947 760 lege
961 726 1085 760 graviora
1108 734 1162 753 non
1185 727 1343 754 observant.
1361 726 1394 753 Et
1416 726 1675 762 pertranseuntibus

890 771 1031 805 discipulis
1061 771 1293 806 indignabantur,
1320 773 1392 808 quod
1421 773 1512 808 spicas
1547 771 1675 799 manibus

890 815 1020 843 vellerent
1040 820 1067 843 et
1077 817 1262 846 comederent.
1277 817 1337 844 Non
1357 818 1428 845 ferro
1443 817 1584 849 secabant,
1600 816 1675 852 quod

892 862 930 889 illi
957 871 1023 891 sane
1043 867 1073 890 ut
1093 871 1164 899 opus
1186 865 1324 892 criminati
1350 865 1486 894 fuissent:
1500 872 1589 900 neque
1612 864 1676 892 aliis

893 909 1040 936 utebantur
1063 910 1267 942 instrumentis,
1289 919 1324 938 ne
1344 911 1486 945 culparent
1507 910 1602 942 Judaei,
1619 918 1675 938 non

892 953 964 988 quod
986 955 1115 982 alimenta
1139 959 1293 987 sumerent,
1317 955 1363 983 sed
1384 955 1458 990 quod
1484 956 1684 990 opcrarentur.‘

889 996 967 1024 Nunc
985 1002 1074 1025 autem
1090 999 1155 1033 quid
1182 999 1299 1034 culpatis
1317 999 1389 1034 quod
1409 1007 1424 1026 a
1440 999 1495 1028 Deo
1511 999 1540 1026 in
1558 1000 1674 1027 salutent

890 1043 982 1070 datum
1000 1043 1062 1071 est?
1083 1044 1111 1072 Si
1131 1046 1204 1073 enim
1227 1045 1298 1073 Deus
1322 1047 1396 1073 vesci
1418 1053 1473 1073 non
1489 1045 1627 1081 prohibuit
1646 1045 1675 1072 in

891 1088 1020 1122 Sabbato,
1038 1091 1105 1125 quid
1125 1091 1192 1118 illud
1210 1096 1239 1119 tu
1256 1093 1406 1127 vituperas,
1422 1091 1496 1127 quod
1518 1099 1574 1119 non
1590 1091 1686 1134 vetuit.

891 1134 984 1162 Deus?

890 1181 955 1213 Θεὸς
971 1183 1000 1208 οὒ
1017 1182 1047 1209 τὺ
1063 1184 1210 1220 τρέφεσθαι
1233 1185 1420 1221 ἀπηγόρευσεν
1443 1185 1471 1212 ἐν
1492 1184 1633 1220 Σαεεάτῳ,
1649 1184 1675 1210 τί

927 1272 954 1300 2.
975 1272 1122 1301 Transibat
1140 1274 1235 1309 itaque
1251 1274 1376 1302 Salvator
1393 1283 1440 1310 per
1465 1279 1522 1303 sata
1538 1284 1545 1303 ;
1560 1283 1676 1311 granum

891 1316 1033 1348 frumenti.
1049 1327 1098 1354 per
1114 1324 1220 1355 Segetes
1234 1330 1241 1348 :
1256 1321 1399 1356 spirituale
1412 1321 1478 1348 illud
1493 1329 1608 1356 granum
1622 1322 1678 1349 fru-

891 1364 986 1396 menti,
1007 1365 1080 1399 quod
1101 1366 1199 1393 cecidit
1221 1367 1249 1393 in
1271 1375 1354 1394 unum
1374 1367 1474 1398 locum.
1488 1367 1678 1404 fecundusque

892 1411 1042 1438 resurrexit
1067 1412 1095 1438 in
1113 1412 1206 1440 orbem
1231 1417 1366 1440 terrarum
1382 1413 1433 1441 :de
1452 1421 1481 1441 se
1496 1415 1597 1449 quippe
1619 1415 1678 1450 ipse

893 1454 959 1481 dicit
975 1464 981 1482 :
999 1465 1007 1480 ε
1024 1455 1081 1483 Nisi
1100 1464 1215 1491 granum
1242 1458 1370 1485 frumenti
1394 1458 1495 1487 cadens
1525 1460 1553 1487 in
1576 1464 1677 1488 terram

894 1505 1032 1529 mortuum
1055 1503 1147 1536 fuerit,
1173 1503 1261 1538 ipsum
1283 1504 1371 1531 solum
1394 1510 1498 1538 manet;
1524 1506 1565 1534 sin
1586 1511 1678 1535 autem

894 1553 1029 1576 mortuum
1051 1549 1142 1582 fuerit,
1162 1550 1277 1577 multum
1301 1550 1420 1578 fructum
1444 1551 1522 1579 affert
1533 1553 1566 1580 ”.
1581 1562 1590 1579 ι
1609 1553 1677 1581 Rem

893 1593 946 1620 alio
968 1598 1117 1622 tractemus
1141 1595 1232 1623 modo.
1255 1595 1402 1624 Transibat
1428 1597 1512 1632 igitur
1532 1597 1613 1625 Jesus
1630 1606 1679 1633 per

893 1641 952 1664 sata
967 1645 975 1664 :
992 1637 1050 1672 ipse
1072 1639 1172 1674 quippe
1194 1640 1340 1674 aliquando
1355 1649 1468 1675 granum
1486 1641 1627 1674 frumenti,
1643 1643 1678 1670 ob

892 1683 946 1710 vim
963 1684 1140 1712 nutritivam:
1155 1685 1289 1712 interdum
1313 1687 1463 1714 seminator
1482 1691 1534 1720 est,
1550 1692 1630 1723 prout
1650 1687 1679 1716 in

893 1728 1047 1764 Evangeliis
1067 1730 1187 1758 dicitur:
1205 1741 1213 1756 ι
1228 1731 1296 1759 Ecce
1321 1740 1449 1767 egressus
1472 1737 1514 1760 est
1536 1734 1581 1768 qui
1597 1735 1679 1762 semi-

893 1779 940 1802 nat
957 1775 991 1802 ad
1009 1777 1200 1804 seminandum
1213 1777 1245 1805 ¹⁶.
1262 1788 1271 1804 ι
1286 1777 1395 1813 Spargit
1409 1779 1520 1814 quidem
1534 1778 1614 1808 Jesus
1625 1781 1680 1807 lar-

894 1822 963 1857 giter
975 1827 1135 1856 sementem,
1152 1823 1258 1852 fructus
1273 1828 1364 1852 autem
1377 1825 1455 1860 copia
1471 1826 1500 1853 ﬁt
1512 1834 1561 1861 pro
1573 1827 1680 1855 ratione

894 1867 944 1894 soli
959 1875 1041 1895 :nam
1068 1869 1113 1896 ubi
1142 1874 1252 1904 petrosa
1274 1873 1357 1903 terra,
1382 1870 1462 1898 facile
1479 1872 1614 1900 exarescit
1636 1880 1680 1900 se-

893 1921 971 1947 men;
994 1923 1048 1942 non
1070 1915 1178 1950 quidem
1203 1916 1364 1951 impotentia
1390 1918 1514 1950 seminis,
1538 1919 1586 1946 sed
1612 1920 1681 1947 vitio

894 1963 973 1988 terra:
987 1970 993 1988 :
1007 1969 1068 1987 cum
1087 1969 1179 1988 semen
1195 1962 1314 1988 vividum
1338 1963 1383 1994 sit,
1400 1967 1473 1990 terra
1487 1968 1577 1992 autem
1596 1965 1679 1992 steri—

894 2006 939 2038 lis,
953 2006 1016 2041 quia
1027 2006 1239 2042 profunditatem
1252 2016 1305 2035 non
1316 2008 1408 2036 habet.
1423 2010 1492 2036 Cum
1503 2014 1593 2037 autem
1606 2014 1680 2038 terra

894 2060 948 2079 non
967 2053 1064 2080 retinet
1080 2053 1234 2085 humorem,
1254 2054 1357 2082 solares
1375 2055 1444 2082 radii
1463 2056 1572 2090 gravius
1590 2056 1679 2091 illapsi

893 2098 1034 2126 exsiccant
1055 2103 1216 2126 sementem.
1241 2099 1318 2133 Quod
1341 2101 1449 2136 quidem
1475 2101 1609 2136 contingit
1625 2110 1680 2129 non

895 2144 1080 2172 imbecillitate
1102 2145 1226 2178 seminis,
1243 2145 1290 2174 sed
1307 2147 1373 2174 vitio
1387 2147 1448 2174 soli.
1469 2146 1588 2175 Rursum
1602 2155 1681 2182 spar-

73 2193 96 2220 τὸ
110 2195 194 2222 ἄτονον
208 2196 255 2223 τοῦ
273 2195 386 2230 σπόρου,
404 2194 471 2221 ἀλλὰ
484 2194 514 2221 τὸ
524 2193 623 2230 σαθρὸν
637 2194 687 2228 τῆς
702 2196 763 2229 γῆς.
788 2194 842 2221 Πά-

896 2191 970 2226 gitur
983 2199 1075 2218 semen
1092 2192 1119 2218 in
1134 2192 1271 2227 spinosam
1288 2196 1390 2220 terram
1403 2202 1410 2220 :
1423 2197 1449 2221 et
1466 2201 1558 2221 semen
1569 2193 1680 2228 quidem

74 2238 107 2266 λιν
117 2243 129 2267 6
142 2242 237 2277 σπόρος
251 2241 392 2278 σπείρεται
407 2241 447 2272 είς
459 2239 602 2274 ἀκανθώδη
618 2239 669 2274 γῆν
684 2248 690 2254 ·
705 2240 752 2266 καὶ
765 2240 779 2266 ὁ
794 2240 843 2275 μὲν

77 2285 158 2321 σπόρος
173 2287 288 2322 ἐνεργής
299 2295 306 2301 ·
322 2285 446 2319 πνίγεται
459 2285 488 2311 δὲ
503 2283 556 2310 ὑπὸ
573 2284 625 2310 τῶν
638 2284 772 2316 ἀκανθῶν,
796 2284 844 2311 καὶ

76 2330 89 2364 ἡ
103 2331 165 2358 ἔνδον
190 2332 360 2368 ἀποκειμένη
379 2331 504 2366 ἐνέργεια
520 2331 550 2357 οὺ
567 2332 749 2366 συγχωρεῖται
775 2339 843 2366 καρ-

77 2376 209 2411 ποφορῆσαι
235 2376 282 2402 διὰ
306 2376 354 2412 τὴν
380 2376 479 2409 ἔξωθεν
497 2375 617 2411 ὄχλησιν.
641 2375 702 2402 Ἐὰν
723 2375 751 2401 δὲ
776 2375 845 2402 ἀπο-

76 2417 148 2455 λσύσῃ
163 2421 211 2455 τῆς
227 2420 344 2455 ἀγαθῆς,
365 2422 436 2447 ποιεῖ
455 2420 534 2446 πάλιν
550 2420 598 2455 οὐχ
611 2421 702 2456 ὅμοιον
720 2421 765 2446 τὸν
779 2428 845 2455 καρ-

78 2465 126 2496 πὸν,
141 2466 192 2493 ἀλλ’
208 2468 237 2493 έν
258 2466 416 2502 τριάκοντα,
438 2467 486 2493 καὶ
505 2466 636 2502 ἑξήκοντα
648 2486 656 2496 .
678 2466 724 2493 καὶ
739 2466 844 2493 ἑκατόν.

77 2509 204 2547 Μονοειδὴς
220 2512 270 2547 μὲν
288 2513 302 2538 6
318 2512 427 2548 σπόρος,
442 2512 569 2547 διάφορος
583 2512 612 2538 δὲ
622 2513 635 2538 6
655 2512 759 2548 καρπός
769 2520 776 2526 ·
790 2512 847 2539 διά-

78 2563 142 2590 φοροι
153 2557 179 2583 δὲ
194 2558 221 2583 αἱ
233 2556 341 2592 γνῶμαι
352 2557 405 2583 τῶν
418 2555 627 2591 διδασκομένων.

105 2601 128 2628 3.
150 2602 256 2637 Ἐξῆλθε
270 2602 357 2628 τοίνυν
375 2603 390 2628 6
405 2602 523 2637 σπείρων
538 2601 585 2627 τοῦ
602 2602 711 2637 σπεῖραι
722 2610 730 2617 ·
751 2601 798 2627 καὶ
813 2600 848 2628 τὰ

79 2645 118 2679 μὲν
132 2647 162 2673 δι’
178 2647 272 2675 ἑαυτοῦ
287 2647 390 2683 παρὼν,
407 2647 442 2673 τὰ
457 2646 484 2673 δὲ
497 2646 541 2673 διὰ
552 2646 606 2672 τῶν
620 2646 749 2682 μαθητῶν
765 2647 847 2683 ἐνήρα

77 2699 144 2728 mea.
158 2694 212 2721 Καὶ
225 2694 297 2730 ἔχεις
311 2695 338 2722 ὲν
351 2696 411 2726 ταῖς
424 2693 543 2730 Πράξεσι
557 2693 612 2720 τῶν
633 2694 789 2721 ἀποστόλων
803 2702 848 2729 γε-

108 2770 128 2786 ¹⁸
143 2770 220 2799 Joan.
236 2780 282 2799 nx
294 2792 301 2803 ,
319 2772 362 2800 3i.
400 2772 422 2788 ’⁸
443 2770 522 2799 Joan.
539 2779 593 2803 ιιι,
611 2770 656 2803 24,
668 2771 713 2798 25.
754 2771 776 2787 ¹⁶
793 2771 888 2800 Matth.

110 2827 172 2861 (26‘)
186 2828 287 2856 Nullibi
297 2829 394 2856 dicitur
405 2829 475 2856 diem
486 2835 539 2863 qua
555 2828 701 2856 cruciﬁxus
714 2828 844 2858 Dominus

81 2865 127 2891 est.
141 2863 220 2891 fuisse
238 2864 393 2895 Sabbatum,
409 2863 456 2891 sed
472 2863 669 2897 praecedentem
681 2864 762 2892 diem.

113 2897 163 2933 (Ἦ)
180 2899 283 2935 Anglic.
300 2900 385 2934 prima
396 2906 486 2934 manu,
498 2898 631 2935 εὺμερῶς.

896 2237 1015 2263 vividum
1039 2241 1099 2269 est;
1119 2237 1166 2265 sed
1183 2245 1198 2264 a
1216 2238 1302 2273 spinis
1323 2239 1482 2271 suffocatur,
1499 2247 1549 2266 nec
1565 2240 1680 2274 permit-

896 2283 964 2310 titur
980 2283 1021 2311 vis
1040 2284 1084 2310 illa
1100 2283 1214 2311 interior
1227 2284 1403 2318 fructificare,
1417 2286 1452 2313 ob
1466 2286 1628 2314 exteriorem
1645 2286 1680 2313 il-

898 2328 951 2355 lam
966 2329 1128 2356 molestiam.
1144 2329 1221 2362 Quod
1235 2331 1258 2358 si
1279 2338 1371 2358 semen
1391 2331 1490 2358 bonam
1506 2332 1682 2359 nanciscatur

897 2379 1009 2407 terram,
1025 2383 1079 2402 non
1091 2383 1182 2410 parem
1194 2376 1282 2404 reddit
1297 2376 1426 2409 fructum,
1439 2377 1486 2404 sed
1499 2377 1679 2411 trigesimum,

898 2422 940 2449 vel
955 2423 1165 2457 sexagesimum,
1181 2422 1223 2450 vel
1240 2423 1430 2450 centesimum.
1456 2422 1585 2456 Ejusdem
1603 2431 1683 2453 aani-

898 2475 951 2503 qne
975 2469 1083 2503 generis
1109 2476 1202 2496 semen
1228 2473 1280 2501 est,
1303 2469 1429 2497 diversus
1449 2472 1539 2496 autem
1564 2468 1681 2502 fructus,

898 2513 1069 2550 diversaeque
1080 2522 1175 2542 eorum
1190 2515 1332 2542 sententiae
1346 2514 1393 2550 qui
1405 2514 1578 2542 erudiuntur.

935 2603 962 2630 5.
981 2602 1053 2629 Exiit
1070 2601 1154 2636 igitur
1173 2601 1220 2636 qui
1242 2600 1358 2628 seminat
1378 2599 1523 2631 seminare,
1543 2602 1570 2626 et
1586 2599 1683 2633 partim

898 2655 1018 2683 praesens
1029 2655 1077 2682 per
1089 2654 1159 2678 sese,
1175 2646 1273 2681 partim
1289 2653 1337 2680 per
1348 2645 1496 2680 discipulos
1511 2652 1577 2672 suos
1587 2651 1683 2679 operae

897 2699 942 2723 tus
957 2698 1010 2722 est.
1029 2693 1063 2721 Et
1083 2693 1200 2720 habetur
1214 2691 1346 2727 scriptum
1367 2691 1394 2719 in
1414 2691 1529 2719 Actibus
1543 2690 1683 2727 apostolo-

907 2780 956 2800 xm
967 2792 975 2804 ,
992 2772 1019 2800 5.

934 2830 990 2866 (28)
1009 2830 1172 2866 Ilpé;,rante
1195 2827 1337 2864 ὑγρασίαν,
1354 2826 1482 2855 additum.
1503 2829 1549 2856 est.
1565 2825 1690 2855 secunda.

901 2865 984 2895 manu
996 2867 1023 2894 in
1037 2865 1115 2900 Angl.
