1898 3053
186 150 241 180 N7

766 149 796 178 8.
816 149 1049 180 ATHANASIUS.
1068 167 1104 173 —
1122 150 1236 179 DUBlA.

1753 147 1805 175 με

185 218 259 241 rum.
279 213 340 245 post
356 208 505 244 lapidatum
519 207 700 243 Stephanum,
714 209 768 242 sic,
784 209 911 245 inquam,
926 211 971 238 ha-

1028 211 1195 247 γραμμένον,
1209 211 1249 237 ὃτι
1266 210 1335 246 μετὰ
1345 209 1376 236 τδ
1391 208 1594 245 λιθοΰοληθῆναι
1609 209 1654 236 τδν
1669 208 1806 244 Στέφανον

186 256 232 283 bet
249 255 411 290 Scriptura:
427 264 436 280 ι
451 254 492 282 llli
509 255 601 290 itaque
625 255 772 290 dispersi"
787 265 797 281 ι
816 263 871 283 non
883 256 969 284 imbe-

185 302 299 328 cillitate
313 301 367 336 47
382 300 506 335 dissipati
519 309 526 328 :
541 308 713 336 nequaquam
724 302 797 329 enim
810 301 861 329 fide
877 302 970 337 sejun-

185 347 222 374 cti
238 350 318 378 sunt,
344 346 391 374 sed
414 346 541 381 dispersi.
562 346 728 375 Seminantis
755 348 854 383 quippe
870 348 896 375 vi
915 348 971 376 fru-

185 395 307 418 mentum
323 391 422 423 eﬂ‘ecti,
439 392 472 418 ad
489 399 585 426 panem
602 392 752 425 cmlestem,
765 400 813 427 per
836 393 970 420 viviﬁcam

184 443 292 464 omnem
321 436 474 464 doctrinam
499 441 687 470 transeuntes,
713 439 884 473 operationes
907 446 971 466 suas

184 479 284 514 ubique
308 480 531 509 disseminarunt.
558 481 760 517 Cogitationum
787 483 878 517 itaque
897 488 972 510 sator

183 526 263 554 Jesus
276 527 431 562 unigenitus
445 527 530 556 Filius
551 527 609 560 Dei,
627 529 762 556 transibat
781 537 828 564 per
843 535 911 560 sata,
926 530 972 564 qui

184 581 238 599 non
256 574 390 600 seminum
406 577 511 601 tantum
537 578 580 601 est
602 578 688 606 sator,
702 575 749 602 sed
774 576 855 602 etiam
882 583 972 602 rerum

184 625 266 644 sensu
283 617 468 651 praeditarum.
487 618 556 646 Huic
571 619 643 646 enim
658 620 692 646 ab
706 619 783 646 initio
791 618 871 647 Pater
882 620 950 646 dixit
964 630 971 647 :

186 671 195 687 ι
216 662 353 689 Producat
365 667 439 691 terra
453 664 562 691 herbam
581 664 646 695 feni,
667 664 806 692 seminans
817 672 909 691 semen
931 672 975 691 se-

185 709 306 736 cundum
327 718 414 744 genus
438 714 465 737 et
486 710 690 737 similitudinem
706 710 738 735 ¹⁸.
766 719 775 735 ι
796 709 876 737 Pater
892 710 973 741 dixit,

186 754 273 782 Filius
284 755 401 790 perfecit
414 765 421 783 :
438 756 485 783 ille
498 756 592 790 jussit,
608 756 740 791 bicjnssa
751 756 898 791 complevit
913 766 918 782 :
934 760 975 782 at-

186 808 240 834 que
256 801 294 827 ita
316 809 349 828 ex
364 801 444 829 Patre
457 809 504 837 per
519 801 629 833 Filium,
646 801 795 836 perfectum
822 801 874 828 fuit
890 809 974 835 opus,

187 853 297 881 unaque
314 847 407 875 mundi
425 848 530 875 creatio
544 856 592 883 per
603 847 712 875 Patrem
737 852 764 875 et
780 847 878 874 Filium
897 846 978 874 abso-

187 891 243 918 luta
257 897 308 919 est.
322 893 372 925 Qui
386 901 451 928 ergo
465 894 646 928 cogitationes
665 893 781 920 seminat
794 912 801 925 ,
825 897 852 920 et
867 892 913 926 qui
933 899 977 919 res

186 945 269 965 sensu
291 939 419 973 praeditas
440 943 508 966 nutu
536 944 650 974 paterno
664 938 772 971 eﬂ'ecit,
794 938 837 965 hic
859 938 915 973 ipse
930 945 977 972 per

186 987 245 1010 sata
267 983 412 1011 transibat.
438 983 560 1019 Ingentia
578 987 651 1011 certe
668 984 695 1011 in
716 983 866 1011 seminibus
894 983 977 1009 mira-

185 1029 259 1056 cula.
276 1027 478 1064 Videamusque
490 1030 517 1056 in
532 1030 701 1064 temporibus
716 1029 856 1058 sementis,
872 1035 932 1062 quae
943 1028 975 1054 ad

185 1073 331 1100 seminium
347 1075 483 1109 pertinent
505 1084 511 1101 :
530 1079 557 1102 et
580 1075 614 1102 de
640 1079 719 1102 terra:
741 1074 908 1109 germinibus
935 1073 976 1100 bi-

185 1118 270 1146 berno
285 1123 407 1154 tempore
428 1120 617 1148 disseramus:
645 1128 700 1147 non
727 1128 781 1155 quo
803 1119 916 1155 physice
942 1120 976 1147 de

185 1162 321 1197 ejusmodi
340 1173 370 1191 re
388 1165 570 1200 disputemus,
587 1165 636 1192 sed
661 1173 714 1200 quo
740 1165 906 1192 mirabilium
935 1165 975 1192 fa<

185 1214 289 1236 ctorem
309 1210 462 1238 adoremus.
489 1210 617 1238 Homines
630 1217 702 1238 certe
724 1210 751 1238 id
774 1215 885 1246 agentes
901 1211 974 1246 quod

186 1262 243 1282 sua
257 1255 393 1282 facultatis
407 1259 459 1287 est,
470 1256 572 1290 junctis
589 1257 623 1283 ad
639 1261 759 1283 aratrum
775 1257 862 1284 bobus
873 1260 972 1283 terram

185 1300 305 1332 sulcant,
321 1301 516 1335 emolliuntqnc
532 1302 592 1334 ejus
609 1302 792 1336 superficiem,
810 1305 839 1328 ut
863 1309 896 1328 ne
913 1302 974 1336 plu-

185 1346 236 1373 viae
249 1346 440 1381 pratterlluant,
453 1347 500 1374 sed
517 1347 680 1381 profundius
694 1351 868 1381 penetrantes
879 1346 973 1381 copio-

186 1399 246 1418 sum
270 1391 388 1418 fructum
408 1393 579 1426 germinent:
610 1394 713 1420 semina
730 1399 799 1420 vero-
822 1392 847 1418 in
864 1392 971 1419 mollem

187 1442 286 1462 terram
301 1436 432 1471 projecta,
450 1437 553 1471 duplici
563 1437 708 1464 commodo
724 1437 869 1472 gaudeant,
883 1438 972 1471 primo

187 1481 382 1516 profunditatis
396 1487 424 1509 et
439 1483 578 1514 mollitiei;
594 1482 725 1514 secundo,
744 1482 920 1515 latebrarum,
937 1488 971 1508 ne

185 1527 220 1553 ab
238 1527 334 1554 avibus
349 1528 539 1554 absumuntur.
555 1527 588 1553 Et
600 1527 682 1554 homo
701 1527 809 1562 quidem
827 1527 900 1562 quod
915 1533 971 1553 suae

186 1572 324 1600 facultatis
339 1577 380 1601 est
404 1574 477 1608 agit;
503 1573 551 1601 sed
568 1581 739 1608 nequaquam
756 1573 789 1600 ab
804 1573 913 1600 homine
930 1577 973 1600 est

186 1617 368 1646 fructificatio.
385 1618 509 1647 Hominis
529 1619 628 1654 quippe
645 1623 687 1647 est
697 1619 848 1652 seminare;
865 1619 911 1646 Dei
924 1626 974 1645 an-

186 1669 240 1691 tem
254 1665 450 1692 incrementum
468 1666 544 1693 dare.
562 1666 650 1701 Atque
680 1666 728 1693 Dei
754 1666 868 1701 imperio
888 1666 975 1694 nubes

185 1719 219 1738 ex
234 1712 369 1746 profundo
382 1713 498 1738 marium
514 1720 598 1747 aquas
618 1713 762 1743 hauriunt,
787 1713 976 1748 salsenlineque

187 1757 215 1784 in
228 1757 400 1784 dulcedinem
415 1765 494 1785 versa
506 1778 514 1790 ,
541 1758 684 1785 effundunt
704 1758 814 1793 quidem
839 1759 867 1786 in
881 1767 976 1794 super-

188 1801 276 1829 ﬁciem
303 1806 406 1829 lex-ne:
436 1807 494 1829 tum
522 1803 603 1830 unius
633 1811 745 1837 prorsus
776 1804 883 1839 generis
903 1805 976 1832 deci-

187 1848 256 1875 dens
269 1847 370 1882 pluvia,
396 1847 472 1874 varia
487 1848 613 1882 producit
630 1849 764 1876 seminum
783 1857 881 1883 genera
896 1860 901 1876 :
919 1849 976 1877 fru-

187 1898 307 1920 mentum
321 1893 394 1920 enim
413 1893 505 1926 ellicit,
521 1894 622 1926 fabam,
637 1894 753 1926 milium,
767 1903 852 1922 zeam.
871 1895 975 1923 Unum-

187 1948 240 1974 que
255 1944 297 1967 est
312 1940 384 1974 quod
397 1939 516 1971 decidit;
533 1940 617 1966 multa
630 1948 690 1975 qua}
703 1943 856 1975 germinant
872 1951 878 1968 :
895 1945 976 1976 atque

186 1984 232 2011 illa
253 1984 427 2012 uniformitas
442 1984 594 2018 pluviarum
617 1985 644 2011 in
660 1985 836 2019 multiplicem
861 1985 975 2013 fructiﬁ-

187 2030 322 2057 cationem
343 2029 418 2061 abit;
436 2033 464 2056 ut
479 2030 657 2062 ostendatur,
679 2038 735 2057 non
752 2031 913 2058 dexteritate
933 2039 975 2059 se-

186 2075 327 2107 minantis.
343 2076 390 2104 sed
416 2075 462 2104 Dei
484 2077 643 2111 operatione
670 2076 787 2104 fructum
803 2078 912 2112 prodire
937 2078 976 2105 Ac

185 2122 320 2157 principio
337 2123 446 2158 quidem
460 2123 590 2150 sementis
606 2123 688 2150 herba
705 2123 828 2158 quaedam
845 2125 918 2151 velut
930 2132 975 2151 as-

186 2169 285 2204 surgit,
298 2173 326 2195 et
338 2169 496 2204 plerumque
509 2169 641 2204 contingit
656 2169 820 2196 frumentum
839 2177 892 2196 una
913 2178 975 2197 cum

1019 256 1105 288 οὕτως
1120 256 1193 290 λέγει
1207 257 1224 291 ἡ
1237 255 1330 290 Γραφή
1347 264 1354 270 ·
1367 264 1376 280 ι
1394 255 1426 281 οι
1443 254 1491 290 μὲν
1506 252 1553 281 οὖν
1566 253 1770 289 διασπαρέντες,
1791 263 1803 280 ι

1019 303 1049 329 οὐ
1060 303 1092 329 δι’
1106 302 1246 333 ἀσθενείας
1257 301 1474 337 σκορπισθέντες·
1487 301 1517 327 οὺ
1529 300 1584 336 γὰρ
1598 300 1761 336 διῃρέθησαν
1770 300 1806 335 τῇ

1020 349 1121 376 πίστει·
1135 348 1203 375 ἀλλὰ
1212 348 1414 383 διασπαρέντες.
1431 348 1471 383 Τῇ
1480 346 1533 383 γάρ
1543 347 1665 382 ἐνεργείᾳ
1672 346 1718 373 τοῦ
1727 346 1806 373 σπεί-

1022 403 1117 430 ραντος
1128 393 1344 428 σιτοωιηθὲντες
1354 394 1394 424 εἰς
1403 393 1484 428 ἄρτον
1495 394 1559 419 ὲπου
1565 392 1664 428 ράνιον,
1676 392 1746 418 κατὰ
1756 392 1810 418 πᾶ-

1023 449 1071 466 σαν
1079 439 1262 475 διεληλυθότες
1269 439 1418 474 ξωοφορίας
1425 438 1605 468 διδασκαλίαν,
1612 438 1746 464 κατασπΞὶ
1748 447 1810 473 ραν·

1022 495 1066 518 τες
1074 487 1256 521 ἐνεργήματα.
1265 486 1294 512 '0
1304 486 1390 511 τοίνυν
1401 485 1435 511 τὰ
1445 485 1567 520 νοήματα
1576 485 1693 520 σπείρων
1706 484 1809 520 Ἰησοῦς

1022 533 1036 558 ὁ
1045 531 1189 567 μονογενὴς
1199 532 1261 562 Υἱὸς
1268 530 1314 557 τοῦ
1324 530 1403 563 Θεοῦ,
1411 531 1534 565 διήρχετο
1543 530 1586 556 διὰ
1593 530 1646 556 τῶν
1655 530 1808 565 σπορίμων,

1023 577 1053 604 οὐ
1068 578 1148 612 μόνον
1159 577 1187 603 δὲ
1204 576 1258 602 τῶν
1271 576 1379 611 σπόρων
1395 576 1593 611 κατασπορεὺς,
1610 574 1676 601 ἀλλὰ
1693 575 1740 601 καὶ
1754 574 1811 600 τῶν

1024 621 1167 657 αἰσθητῶν.
1185 622 1256 656 Πρὸς
1266 620 1319 655 γάρ
1329 621 1422 647 τοῦτον
1436 620 1526 654 ἔλεγεν
1540 620 1569 653 ἐξ
1581 620 1689 654 ἀρχῆςὸ
1702 619 1810 654 Πατήρ·

1027 677 1036 693 ι
1059 667 1230 701 Ἐξαγαγέτω
1245 667 1262 702 ἡ
1276 667 1310 701 γῆ
1328 666 1443 701 βοτάνην
1454 666 1561 702 χόρτου,
1577 667 1685 700 σπεῖρον
1697 665 1811 700 σπέρμα

1025 713 1095 740 κατὰ
1111 713 1191 747 γένος
1203 712 1250 739 καὶ
1265 711 1324 738 καθ’
1344 712 1482 748 ὁμοίωσιν.
1497 721 1507 737 ι
1521 711 1616 747 Πατὴρ
1630 711 1731 745 ἔλεγεν,
1744 711 1760 737 ἱ
1770 711 1815 741 to;

1025 758 1157 785 ἐπετέλει·
1173 760 1186 785 ὁ
1201 758 1250 794 μὲν
1266 757 1422 788 ἐπέταττεν,
1438 758 1452 783 ὁ
1468 757 1496 783 δὲ
1512 758 1551 788 εἰς
1565 757 1652 792 πέρας
1671 757 1756 791 ἧγαγε
1776 756 1813 782 τὰ

1027 804 1259 839 προσταττόμενα]
1278 803 1325 830 καὶ
1337 802 1423 834 οὕτως
1440 804 1471 829 ὲκ
1485 802 1591 838 Πατρὸς
1606 802 1638 828 δι’
1655 802 1720 828 Υἱοῦ
1737 801 1765 827 ἓν
1776 799 1812 837 ἦν

1026 849 1252 884 τελεσιούργημα,
1276 850 1340 885 μιᾶς
1366 849 1542 884 κοσμοποιίας
1565 848 1610 875 διὰ
1633 848 1739 883 Πατρὸς
1762 848 1814 874 καὶ

993 881 1013 908 Β
1028 894 1092 921 Υἰοῦ
1107 881 1391 930 τελεσιουργάαμένης.
1415 881 1443 920 Ὅ
1458 894 1547 920 τοίνυν
1569 893 1602 920 τὰ
1617 881 1741 928 νοήματα
1757 901 1813 919 κα-

1026 940 1190 976 τασπείρων,
1204 941 1250 966 καὶ⁸
1266 940 1300 966 τά
1313 939 1429 975 αἰσθητὰ
1444 939 1556 975 νεύματι
1570 939 1676 974 Πατρὺς
1689 939 1814 974 ἐργασάτ

1028 995 1116 1022 μενος,
1130 984 1205 1017 οὗτος
1215 986 1329 1012 διέϐαινε
1342 985 1386 1012 διὰ
1397 985 1450 1012 τῶν
1462 986 1613 1021 σπορίμων.
1627 985 1714 1020 Πολλὴ
1728 984 1757 1012 δέ
1767 985 1815 1017 τίς

1026 1033 1098 1059 ἐστιν
1113 1033 1130 1067 ἡ
1152 1031 1207 1058 τῶν
1229 1031 1336 1067 σπόρων
1353 1031 1572 1067 θαυματουργία.
1590 1032 1645 1057 Καὶ
1665 1031 1762 1066 ἴδωμεν
1781 1031 1813 1057 ἐν

1025 1078 1130 1113 καιροῖς
1146 1077 1253 1112 σπόρων
1264 1077 1298 1103 τὰ
1313 1077 1376 1112 περὶ
1394 1077 1512 1112 σπόρων·
1524 1077 1552 1103 ὲν
1564 1076 1710 1113 χειμερίοις
1725 1076 1816 1111 ὥραις

1024 1122 1059 1149 τὰ
1077 1123 1140 1158 περὶ
1159 1123 1207 1158 τῆς
1224 1121 1340 1157 βλάστης
1355 1122 1404 1156 τῆς
1419 1122 1469 1157 γῆς
1485 1121 1679 1157 διαλεγόμενοι,
1700 1121 1748 1156 οὐχ
1768 1122 1814 1147 ἵνα

1025 1167 1261 1203 φυσιολογήσωμεν
1272 1168 1305 1194 τὰ
1314 1168 1448 1204 ὁρώμενα,
1460 1167 1516 1193 ἀλλ’
1525 1168 1567 1193 ἵνα
1578 1168 1819 1203 προσκυνήσωμεν

1023 1213 1068 1238 τὸν
1084 1212 1291 1247 θαυματοποιόν.
1309 1211 1463 1248 ’Ἄνθρωποι
1475 1213 1522 1248 μὲν
1534 1212 1588 1248 γὰρ
1600 1211 1634 1238 τὰ
1651 1212 1692 1246 ἐφ’
1707 1213 1815 1243 ἑαυτοῖς

1024 1258 1209 1293 ἐργαζόμενοι,
1227 1257 1369 1290 ζεύξαντες
1389 1258 1451 1292 βοῦς
1468 1259 1613 1293 ἀροτῆρας,
1631 1257 1814 1292 ἀνατέμνουσι

1023 1303 1070 1338 τὴν
1080 1303 1131 1338 γῆν
1142 1303 1188 1329 καὶ
1200 1302 1365 1329 ἁπαλύνουσι
1380 1303 1410 1329 τὸ
1420 1304 1564 1338 πρόσωπον
1577 1304 1671 1338 αὐτῆς,
1690 1304 1721 1330 ἵν’
1738 1303 1814 1330 ὑετοὶ

1024 1349 1072 1384 μὲν
1082 1349 1119 1384 μὴ
1127 1348 1335 1384 παραδράμωσι,
1342 1348 1397 1374 ἀλλ’
1406 1349 1616 1384 ὲμϐαθυνόμενοι
1625 1350 1814 1385 καρποτέορίαν

1021 1395 1195 1421 άποδόσωσιν·
1211 1395 1234 1420 οἱ
1251 1394 1279 1421 δὲ
1291 1394 1384 1428 σπόροι
1399 1396 1427 1421 ἐν
1441 1395 1571 1430 ἁπλότητι
1584 1396 1632 1430 τῆς
1651 1396 1702 1430 γῆς
1720 1396 1815 1431 ῥιφέν-

1021 1449 1074 1471 τες,
1087 1440 1175 1476 διττὴν
1190 1441 1270 1475 ἔχωσι
1285 1440 1332 1475 τὴν
1341 1440 1501 1467 ἀπόλαυσιν·
1520 1442 1584 1476 μίαν
1598 1443 1645 1477 μὲν
1655 1443 1700 1468 τοῦ
1713 1441 1815 1477 βάθους

1022 1485 1067 1511 καὶ
1077 1485 1126 1519 τῆς
1138 1484 1312 1516 ἁπαλώσεως,
1325 1485 1452 1520 δευτέραν
1468 1486 1495 1512 δὲ
1510 1486 1556 1512 τοῦ
1569 1486 1746 1521 κρύπτεσθαι,
1764 1487 1813 1513 καὶ

985 1545 1006 1574 c
1025 1530 1062 1566 μὴ
1079 1531 1131 1557 ὑπὸ
1143 1531 1243 1566 ὀρνέων
1257 1531 1458 1557 ἀναλίσκεσθαι.
1485 1531 1552 1558 Ἀλλ’
1571 1533 1584 1559 ὁ
1604 1533 1652 1568 μὲν
1671 1532 1819 1568 ἄνθρωπος·

1026 1580 1096 1605 ποιεῖ
1103 1579 1133 1604 τὸ
1139 1578 1246 1605 ἑαυτοῦ·
1254 1577 1283 1603 οὐ
1295 1577 1354 1612 μὴὴ
1364 1578 1533 1613 καρποφορία
1542 1577 1593 1604 ὑπὸ
1601 1578 1647 1604 ἀνθ
1651 1577 1812 1614 ρώπου(29).

1032 1624 1187 1660 Ἀνθρώπου
1205 1625 1254 1660 μὲν
1270 1624 1324 1659 γὰρ
1338 1624 1367 1650 τὺ
1385 1625 1503 1658 σπεῖραν
1517 1623 1584 1650 Θεοῦ
1594 1624 1622 1650 δὲ
1642 1624 1671 1650 τὺ
1684 1624 1810 1659 αὐξῆσαι.

1025 1671 1080 1697 Καὶ
1095 1670 1284 1706 προστάγματι
1299 1669 1365 1696 Θεοῦ
1377 1670 1485 1704 νεφέλαι
1505 1672 1536 1696 ἐκ
1555 1670 1704 1698 θαλαττίων
1723 1671 1814 1706 βυθῶν

1025 1715 1059 1742 τέι
1077 1716 1160 1743 ὖδατα
1173 1716 1375 1748 ἀνασπάσασαι,
1392 1717 1438 1743 καὶ
1453 1716 1483 1748 ἐξ
1494 1716 1680 1753 ἁλμυρότητος
1692 1718 1732 1748 εἰς
1746 1716 1814 1751 γλυ-

1025 1762 1130 1797 κύτητα
1147 1762 1356 1797 μεταϐαλοῦσαι,
1377 1762 1514 1797 ὲπιχέουσι
1539 1762 1588 1797 μὲν
1612 1763 1657 1788 ἐπὶ
1677 1762 1707 1788 τὸ
1728 1762 1814 1798 πρόσ-

1025 1813 1098 1831 ωπον
1115 1806 1165 1840 τῆς
1186 1805 1246 1840 γῆς·
1261 1806 1397 1842 μονοειδὴς
1413 1806 1440 1832 δὲ
1457 1807 1542 1837 ὑετὸς,
1558 1806 1688 1838 καταϐὰς,
1705 1807 1814 1833 πολυει-

1025 1851 1080 1882 δεῖς
1100 1850 1243 1886 ἐργάζεται
1268 1852 1394 1887 σπόρους.
1422 1852 1477 1878 Καὶ
1496 1853 1567 1878 σῖτον
1585 1852 1633 1886 μὲν
1654 1852 1812 1887 ἐργάζεται,

1026 1896 1131 1932 κύαμον
1147 1897 1175 1923 δὲ
1190 1897 1237 1924 καὶ
1250 1897 1365 1933 κέγχρον
1379 1898 1425 1924 καὶ
1439 1898 1484 1924 δλυ
1490 1907 1546 1934 ραν.
1565 1899 1612 1924 Ἓν
1625 1898 1673 1933 μὲν
1684 1898 1714 1924 τὸ
1729 1907 1816 1925 κατα-

1026 1943 1086 1974 ϐὰν,
1103 1944 1149 1969 καὶ
1165 1943 1250 1970 πολλὰ
1264 1944 1298 1970 τά
1313 1943 1500 1979 βλαστώμενα’
1512 1945 1558 1971 καὶ
1573 1944 1602 1970 τὸ
1614 1945 1747 1979 μονοειδὲς
1757 1945 1815 1972 τῶν

1026 1989 1111 2016 ὑετῶν
1130 1991 1170 2021 εὶς
1189 1990 1322 2025 πολύχουν
1341 1990 1530 2026 καρποφορίαν
1550 1990 1748 2026 διασπείρεται-
1770 1991 1814 2017 ἵνα

1025 2035 1128 2071 δειχθῇ,
1151 2036 1187 2071 μὴ
1205 2037 1237 2071 τῇ
1251 2036 1296 2062 τοῦ
1310 2036 1468 2071 σπείραντος
1482 2036 1625 2071 εὐμαρείᾳ,
1639 2036 1705 2062 ἀλλὰ
1717 2038 1749 2072 τῇ
1765 2036 1813 2063 τοῦ

1026 2081 1094 2107 Θεοῦ
1117 2081 1241 2117 ἐνεργείᾳ.
1265 2081 1388 2115 γίνεσθαι
1411 2081 1442 2108 τὸ
1464 2082 1731 2118 καρποφορούμενον.
1757 2083 1813 2109 Καὶ

1026 2127 1132 2161 πρῶτον
1151 2127 1199 2162 μὲν
1217 2128 1230 2153 ὁ
1247 2127 1346 2162 σπόρος
1357 2127 1421 2162 χλόη
1436 2136 1477 2159 τις
1492 2127 1585 2163 ὥσπερ
1601 2128 1750 2160 ἀναϐαίνει,
1766 2129 1814 2155 καὶ

1027 2172 1156 2203 πολλάκις
1181 2172 1247 2207 σίτῳ
1265 2171 1382 2204 ζιζάνιον
1399 2172 1591 2208 συνέσπαρται·
1610 2174 1625 2209 ἡ
1643 2174 1670 2199 δὲ
1687 2174 1815 2209 ὁμοιότης

186 2215 299 2242 zizaniis
312 2215 441 2243 seminari
456 2224 462 2241 :
490 2223 577 2250 neque
593 2215 655 2242 licet
669 2223 716 2250 per
734 2215 860 2242 foliorum
875 2216 971 2242 simili-

1028 2218 1078 2245 τῶν
1094 2218 1200 2253 φύλλων
1215 2218 1245 2243 οὐ
1263 2219 1399 2253 συγχωρεῖ
1413 2219 1539 2253 φανῆναι,
1550 2220 1575 2245 τί
1589 2220 1638 2254 μὲν
1650 2221 1731 2251 σῖτος,
1747 2220 1773 2245 τί
1784 2219 1814 2246 δὲ

186 2261 308 2288 tudinem
335 2261 530 2294 internoscere,
545 2261 610 2296 quid
626 2261 802 2291 frumentum.
817 2261 882 2296 quid
900 2262 973 2288 ziza-

184 2305 230 2332 nia
247 2305 290 2332 sit.
315 2305 384 2332 Cum
406 2309 496 2332 autem
524 2305 551 2332 in
573 2306 692 2332 culmum
726 2313 817 2333 semen
844 2307 973 2341 assurgit,

185 2352 389 2386 exaltaturque,
414 2359 448 2378 ex
477 2351 553 2386 spica
575 2351 796 2387 deprehenditur.
815 2352 974 2389 fructusque

185 2396 289 2424 indicat
301 2398 367 2432 quid
379 2398 414 2425 sit
430 2398 606 2430 frumentum,
617 2398 681 2433 quid
700 2398 814 2426 zizania.

219 2442 246 2469 ιι.
268 2442 426 2470 Intellexisti
441 2442 513 2478 quod
531 2443 634 2470 dictum
646 2447 699 2475 est,
710 2443 767 2478 jam
784 2443 850 2470 mihi
868 2443 901 2470 ad
916 2451 974 2471 ma-

184 2488 226 2524 gis
238 2488 387 2524 spiritualia
402 2483 573 2525 progredere.
590 2489 736 2517 Seminavit
749 2488 829 2516 Jesus
843 2497 890 2524 per
907 2497 974 2524 apo-

185 2534 270 2560 stolos
282 2533 392 2561 verbum
406 2535 481 2569 regni
494 2535 625 2561 cmlorum
637 2542 684 2569 per
699 2535 852 2561 universam
861 2538 971 2562 terram.

184 2579 268 2607 Auris
283 2587 347 2607 vero
363 2588 423 2614 quae
437 2581 657 2615 pratdieationem
683 2580 803 2614 excepit,
819 2579 889 2614 apud
913 2588 973 2607 sese

185 2626 259 2652 illam
296 2626 395 2652 retinet
429 2636 435 2654 :
458 2630 485 2654 ct
511 2630 625 2654 eatenus
647 2631 720 2654 certe
747 2627 972 2661 germinationem

185 2670 312 2698 foliorum
324 2671 390 2703 edit,
402 2671 475 2706 quod
496 2673 523 2699 in
544 2672 665 2699 Ecclesia
690 2679 719 2699 se
734 2671 888 2706 diligentem
906 2679 974 2706 prte-

185 2717 240 2743 bet.
271 2717 508 2752 Convenimusque
539 2719 565 2745 in
589 2718 713 2745 eumdem
738 2718 828 2745 locum
846 2722 900 2744 tam
917 2718 974 2744 fru-

184 2765 269 2792 menti
290 2765 450 2800 largitores,
473 2773 553 2800 quam
569 2766 688 2798 zizania;
704 2768 759 2792 tam
785 2765 872 2793 fidelis
891 2773 972 2800 quam

222 2811 241 2826 ³⁷
263 2815 323 2838 Act.
343 2820 407 2844 vnn,
424 2812 451 2838 4.
491 2813 512 2828 ³⁸
532 2812 599 2840 Gen.
619 2821 646 2845 ι,
664 2814 708 2842 10.

1027 2264 1156 2296 ζιζάνιον.
1179 2265 1261 2291 Ὂταν
1278 2264 1306 2290 δὲ
1325 2266 1339 2290 ὁ
1355 2264 1455 2300 σπόρος
1471 2265 1616 2300 εὐθυτενὴς
1630 2266 1752 2300 γένηται,
1765 2265 1814 2292 καὶ

1026 2311 1066 2341 εἰς
1079 2309 1146 2345 ὕψος
1161 2311 1284 2346 γένηται,
1303 2311 1317 2337 ό
1339 2309 1437 2344 στάχυς
1454 2310 1596 2346 διακρίνει,
1615 2312 1660 2338 καὶ
1676 2313 1692 2347 ή
1708 2320 1815 2347 καρπο‹

1027 2357 1108 2392 φορῐα
1122 2356 1240 2383 δείκνυσι
1254 2356 1285 2383 τό
1299 2357 1490 2391 ὑποκείμενον,
1503 2357 1528 2383 τί
1544 2357 1593 2392 μὲν
1605 2359 1686 2390 σῖτος,
1696 2357 1759 2384 τίδὲ
1772 2357 1813 2390 ζι-

1026 2402 1125 2434 ζάνιον.

1061 2447 1087 2474 4.
1114 2447 1243 2483 Ἐνόησας
1256 2449 1286 2475 τὸ
1304 2449 1461 2484 λεγόμενον,
1478 2448 1537 2475 ἐλθέ
1555 2458 1599 2484 μοι
1612 2449 1703 2475 λοιπὸν
1720 2449 1766 2474 ἐπὶ
1782 2449 1813 2475 τὸ

1028 2493 1293 2528 πνευματικώτερον.
1307 2494 1454 2528 Ἔσπειρεν
1467 2494 1481 2519 ὁ
1501 2493 1604 2527 Ἰησοῦς
1618 2492 1662 2518 διὰ
1677 2492 1729 2517 τῶν
1744 2492 1813 2518 ἀπο-

1027 2537 1126 2564 στόλων
1158 2538 1204 2564 τὺν
1233 2538 1310 2573 λόγον
1346 2540 1396 2574 τῆς
1432 2539 1571 2574 βασιλείας
1601 2538 1654 2565 τῶν
1689 2537 1813 2572 οὐρανῶν

1027 2583 1097 2610 κατὰ
1127 2584 1216 2620 πάσης
1240 2585 1289 2620 τῆς
1315 2585 1485 2620 οἰκουμένης,
1518 2585 1598 2620 Ἀκοῆ
1623 2584 1756 2619 δεξαμένη
1781 2584 1812 2610 τὺ

1027 2629 1157 2664 κήρυγμα
1182 2631 1290 2666 κατέχει
1312 2631 1376 2666 παρ’
1403 2631 1495 2665 ἑαυτῇ·
1520 2631 1566 2656 καὶ
1587 2630 1655 2661 τέως
1676 2629 1726 2664 μὲν
1748 2628 1814 2663 βλά-

1027 2682 1093 2710 στην
1107 2675 1236 2710 φυλλάδος
1253 2675 1397 2711 ἐργάζεται
1414 2676 1531 2712 σπουδὴν
1549 2677 1612 2712 περὶ
1626 2676 1675 2711 τὴν
1696 2675 1812 2711 Ἐκκλη-

1027 2720 1097 2752 σίαν,
1109 2721 1154 2748 καὶ
1168 2722 1338 2757 συναγόμεθα
1351 2722 1420 2749 κατὰ
1433 2722 1463 2749 τὸ
1476 2722 1552 2753 αὐτὸ,
1569 2723 1616 2749 καὶ
1632 2723 1655 2748 οἱ
1668 2721 1810 2753 σιτοδόται,

1027 2768 1074 2794 καὶ
1089 2768 1123 2795 τὰ
1140 2768 1256 2802 ζιζάνια,
1276 2770 1291 2796 ὁ
1307 2770 1411 2802 πιστὸς,
1427 2770 1473 2797 καὶ
1486 2769 1500 2795 ὁ
1513 2769 1671 2805 ὑποκριτὴς,
1688 2769 1730 2794 ἴνα
1745 2767 1812 2802 άληο

223 2857 283 2894 (99)
303 2857 365 2886 “me
381 2868 387 2886 :
403 2858 472 2885 ’Δλλ¹
491 2861 503 2886 ἐ
523 2860 572 2895 μὲν
588 2860 683 2889 άνθ....
703 2861 755 2888 ὑπὸ
772 2861 925 2896 ἀνθρώπου,
942 2862 971 2891 de

1028 2865 1054 2890 nt
1071 2863 1099 2892 iu
1123 2861 1282 2900 Anglicano,
1300 2864 1348 2892 sed
1367 2863 1458 2891 addita
1470 2867 1533 2892 sunt
1549 2870 1632 2891 manu
1648 2854 1821 2891 recentiores
