1898 3053
84 140 135 169 H9

716 136 858 163 HOMILIA
876 135 919 163 DE
940 135 1114 163 SEMENTE-

1647 122 1703 157 ’tso

83 201 211 236 Θέστερον
222 199 344 234 εἴπωμεν
357 198 388 225 τὸ
402 198 657 233 καταγγελλόμενοψ
672 198 696 224 οἱ
710 197 736 224 δὲ
752 198 869 233 γεωργοὶ

932 197 1076 233 hypocrita,
1094 199 1124 222 ut
1146 194 1236 223 verius
1261 194 1421 228 eloquamur
1441 191 1511 227 quod
1529 189 1702 226 praedicatur.

83 245 137 280 τῆς
155 244 329 279 Ἐκκλησίας,
344 244 393 279 τὴν
405 243 526 270 δίκελλαν
539 243 592 269 τῶν
605 243 692 277 λόγων
704 244 760 274 τοῖς
772 244 870 278 ἐσπαρ-

87 292 180 326 μένοις
202 289 387 321 ὲπιὸαλόντες,
411 288 586 324 γεωργοῦμεν
611 290 650 320 εἰς
671 289 868 325 καρποφορίαν·

85 335 164 362 οὔπω
173 335 201 362 δὲ
212 335 323 370 οἴδαμεν
335 334 366 361 τὸ
379 335 474 361 ὐποκεί
478 342 566 370 μενον’
582 335 598 369 ἡ
611 334 665 369 γὰρ
677 335 727 369 τῆς
741 334 871 368 φυλλάδος

85 380 216 417 ὁμοιότης
232 380 324 416 ἀπατᾷ
338 379 467 411 πολλάκις
480 380 542 411 τοὺς
552 379 735 414 προεστῶτας.
749 381 833 406 Ὅταν
844 380 872 406 δὲ

88 428 105 462 ἡ
116 426 275 453 διδασκαλία
290 427 329 457 εἰς
340 426 418 461 ἔργον
431 426 607 462 προχωρήσῃ,
619 425 665 451 καὶ
679 426 693 451 ό
704 425 809 460 καρπὸς
819 424 872 450 τῶν

88 473 179 508 ἔργων
200 472 333 507 παχυνθῇ,
355 472 414 498 τότε
430 472 553 506 φαίνεται
568 471 609 502 τίς
625 471 673 506 μὲν
686 472 699 497 ὁ
715 471 817 502 πιστὸς,
831 471 873 502 τίς

86 517 116 544 δὲ
133 517 146 542 ό
159 517 321 552 ὑποκριτής.
338 518 392 543 Καὶ
407 517 465 548 πῶς
477 517 523 543 καὶ
538 517 598 543 τινα
613 517 712 552 τρόπον
726 515 873 552 παραγίνε-

87 571 134 589 ται
160 562 290 595 πολλάκις
315 564 355 595 εἰς
376 563 452 589 πόλιν
479 563 549 599 ἀνὴρ
570 563 716 598 δυνάμενος
740 561 874 588 διδάσκειν

94 609 258 645 Ἑλληνιστὶ,
278 609 318 642 ὃς,
337 610 386 645 τὴν
410 609 494 644 ἀκοὴν
517 609 687 644 θελγόμενος,
713 608 819 637 σπεύδει
836 609 875 639 εἰς

90 656 140 690 τὴν
157 656 332 691 Ἐκκλησίαν,
343 657 374 682 οὐ
384 656 433 692 τὴν
447 656 565 691 ἰατρείαν
577 656 625 691 τῆς
635 655 731 690 ψυχῆς,
744 655 812 681 ἀλλὰ
821 654 875 681 τῶν

90 702 178 736 λόγων
193 703 223 729 τὸ
235 702 331 734 κάλλος
348 702 426 737 μόνον
443 702 575 738 ἁρπάσαι.
602 702 786 737 Ἀνεχώρησεν
801 702 815 727 ὁ
832 701 876 727 εὑ-

89 748 218 783 γλὼττως
239 748 337 775 λαλῶν·
354 747 508 784 ἀνεχώρησε
525 748 572 775 καὶ
591 747 642 782 τῆς
667 746 828 782 Ἐκκλησίας
846 746 876 772 τὸ

90 794 219 827 ζιζάνιον·
242 796 272 821 οὐ
291 794 345 830 γὰρ
364 795 419 829 ἔχει
435 795 466 821 τὺ
481 794 599 826 σιτῶδες,
617 794 648 820 τὸ
667 793 773 820 πιστόν.
803 793 832 819 '0
847 793 876 818 δὲ

89 842 196 874 πιστὸς,
212 841 265 868 κᾶν
279 841 437 875 εὐγλώττως
450 841 515 876 λέγῃ
528 841 562 866 τὰ
575 840 719 875 λεγόμενα,
733 839 875 871 σπουδάζει

90 887 265 919 κατακούειν,
288 888 340 915 κᾶν
358 887 479 923 Συριστὶ,
502 887 553 914 κᾶν
575 886 734 922 Ῥωμαϊστὶ,
754 886 805 912 κᾶν
817 885 874 912 δια-

91 935 167 970 φόρῳ
186 933 302 970 γλώττῃ.
321 934 358 961 Οὐ
371 933 426 969 γὰρ
439 933 515 969 ζητεῖ
531 933 634 967 λόγους,
650 932 706 959 ἀλλ’
721 932 798 968 ἔργα.
816 941 825 957 ι
845 931 875 959 Ὀ

89 982 145 1017 γὰρ
160 982 241 1015 λόγος
343 981 390 1007 καὶ
401 981 430 1007 τὸ
440 981 569 1016 κήρυγμα
582 979 658 1015 ἡμῶν
669 980 718 1005 οὐκ
731 979 759 1005 ἐν
774 978 876 1009 πειθοῖς

89 1027 264 1063 ἀνθρωπίνης
279 1027 375 1062 σοφίας
389 1027 488 1060 λόγοις,
505 1026 561 1052 ἀλλ’
573 1026 601 1051 ὲν
612 1024 747 1056 ἀποδείξει
756 1024 824 1050 Πνεύ
830 1033 877 1059 μα-

89 1083 136 1106 τος
149 1075 197 1101 καὶ
208 1074 359 1108 δυνάμεως.
379 1083 388 1098 ι
402 1073 435 1099 Τί
446 1073 476 1098 τὸ
489 1071 594 1106 ὄφελος,
610 1071 656 1097 ἐὰν
674 1070 824 1105 Ἑλληνιστὶ
834 1070 877 1095 λα-

90 1119 194 1155 λῶμεν,
217 1119 425 1155 βαρϐαρίζωμεν
448 1118 475 1144 δὲ
496 1119 528 1153 τῇ
549 1117 660 1154 γνώμῃ;
677 1117 710 1143 Τί
724 1117 754 1144 τὸ
770 1117 875 1151 ὄφελος,

91 1166 140 1192 ἐὰν
156 1165 315 1195 εὑσύνθετος
333 1164 381 1199 μὲν
395 1165 409 1190 ό
425 1163 513 1197 λόγος,
530 1162 725 1193 κακοσύνθετος
741 1161 768 1188 δὲ
784 1162 798 1188 ό
815 1161 877 1197 τρό-

91 1220 160 1243 πος;
177 1211 247 1237 Πολὺ
269 1210 377 1236 κάλλιόν
392 1210 450 1235 ἐστι
471 1209 540 1244 μήτε
559 1208 607 1244 τὴν
633 1207 765 1242 Ἐλλήνων
780 1207 877 1234 ειδέναι

91 1259 195 1294 φωνὴν,
207 1258 255 1284 καὶ
267 1257 313 1283 τὸν
328 1256 408 1290 νόμον
422 1255 467 1282 τοῦ
479 1254 545 1281 Θεοῦ
563 1255 591 1280 ἐν
607 1254 705 1290 καρδίᾳ
718 1252 876 1288 κεκτῆσθαι.

91 1305 124 1331 Ei
140 1305 188 1339 μὲν
202 1303 258 1338 γὰρ
274 1301 399 1336 σοφιστοῦ
419 1300 603 1327 διδασκαλεῖον
623 1298 657 1334 ἦν
677 1300 694 1334 ἡ
721 1299 877 1334 Ἐκκλησία,

92 1350 258 1385 εὒγλωττίας
272 1346 305 1384 ἦν
321 1349 335 1374 ὁ
345 1347 448 1382 καιρός
466 1346 558 1381 ἐπειδὴ
572 1345 600 1371 δὲ
614 1345 720 1380 τρόπων
736 1343 819 1378 ἁγὼν,
832 1345 878 1370 καὶ

92 1395 266 1432 καρποφορία
282 1394 312 1420 τὸ
330 1393 519 1428 προκείμενον,
535 1391 581 1417 καὶ
594 1390 739 1426 προσδοκία
759 1389 878 1426 οὐρανῶν

93 1445 123 1471 τὺ
139 1441 372 1479 προσδοκώμενον,
388 1440 424 1476 μὴ
438 1439 543 1474 γλῶττα
558 1438 700 1473 ζητεισθω,
722 1436 777 1463 ἀλλ’
793 1437 807 1462 ὁ
818 1435 878 1471 τρό-

95 1498 144 1520 πος
158 1486 359 1523 κατορϐοὑσθω.
375 1485 458 1512 Πάλιν
477 1484 549 1511 ἄλλοι
566 1482 687 1510 νοσοῦσιν
703 1480 879 1517 ἀνθρωπαρέ-

95 1543 189 1561 σκειαν
203 1532 365 1568 ἀνθρώπιον,
386 1531 433 1558 καὶ
448 1530 542 1565 καιρὸν
558 1527 810 1563 καθυποκρίνονται·
829 1526 879 1553 κᾶν

98 1577 147 1613 μὲν
163 1577 297 1611 ἐπίσημον
310 1575 455 1611 πρόσωπον
470 1573 486 1608 ἢ
505 1574 536 1599 ὲκ
550 1572 683 1599 πλατειῶν
699 1572 715 1606 ἢ
734 1572 762 1603 ἐξ
779 1570 883 1606 ἀνθρώ-

95 1632 154 1649 πων
162 1631 200 1649 πα
204 1622 344 1657 ραγίνηται
349 1640 356 1652 ,
368 1620 414 1647 καὶ
419 1621 440 1646 Χ
446 1618 629 1654 ριστιανισμδν
641 1617 790 1652 ὲπαγγελλό
794 1626 882 1652 μενον,

96 1668 238 1704 τρέχουσιν
253 1668 292 1698 εἰς
305 1667 354 1702 τὴν
375 1665 547 1700 Ἐκκλησίαν,
565 1665 608 1690 ἵνα
625 1663 759 1700 ἀνθρώπῳ
778 1663 883 1696 δείξωσι

97 1713 128 1740 τὸ
151 1714 306 1748 πρόσωπον.
339 1710 462 1745 Ἐξῆλθεν
482 1711 496 1736 ὁ
519 1709 662 1744 ἐπίσημος,
691 1707 848 1743 συνεξῆλθεν
870 1708 884 1734 ὁ

97 1759 268 1793 ὑποκριτὴς,
292 1758 340 1784 καὶ
364 1757 458 1790 ἀπέχει
482 1754 527 1780 τὺν
549 1755 653 1789 μισθόν.
679 1755 717 1780 Δι’
735 1753 884 1788 ἀνθρώπων

97 1801 190 1839 ἦλθεν,
208 1802 344 1838 ἀνθρώπῳ
359 1802 451 1838 ἤρεσε,
467 1801 542 1836 παρά
557 1795 625 1827 Θεόῦ
642 1800 717 1826 οὐδὲν
735 1799 839 1826 ἔλαὸεψ
853 1800 883 1825 οὑ

98 1849 153 1885 γὰρ
164 1849 261 1883 ἐκείνῳ
273 1848 356 1880 ἔδειξε
367 1847 416 1883 τὴν
428 1847 556 1874 διάνοιαν.
573 1846 690 1873 Τοιαῦτα
702 1846 751 1881 τῆς
770 1845 883 1881 Ἐκκλη-

99 1895 160 1927 aia;
176 1894 210 1921 τὰ
228 1894 343 1926 ζιζάνια.

135 1943 162 1970 5.
191 1941 260 1968 Ἀλλ’
274 1941 330 1976 ἔχει
343 1949 369 1967 τι
385 1939 533 1975 θαυμάσιον
548 1939 563 1965 ὁ
577 1938 698 1974 γεωργὸς
711 1938 759 1973 τῆς
776 1937 885 1972 Ἐκκλη-

101 1988 162 2019 σίας
185 1987 280 2021 Λόγος·
305 1987 351 2013 καὶ
375 1987 428 2022 γὰρ
445 1985 552 2017 ζιζάνια
574 1985 712 2015 σιτοποιεῖ,
737 1983 784 2010 ἐὰν
809 1983 882 2019 θέλῃ.

105 2034 217 2069 Ἐπειδὴ
235 2034 290 2068 γὰρ
309 2032 536 2068 αὺτοπροαίρετος
548 2032 564 2066 ἡ
577 2030 631 2057 τῶν
645 2029 793 2064 ἀνθρώπων
806 2029 884 2065 κίνη-

101 2090 152 2114 σις,
180 2080 228 2106 καὶ
253 2077 425 2111 αὐτεξούσιος
447 2078 464 2112 ἡ
486 2076 592 2111 γνώμη,
617 2076 663 2102 ἐπὶ
686 2075 727 2101 σοὶ
748 2076 834 2101 κεῖται
855 2074 886 2100 τὺ

100 2127 227 2162 πρᾶγμα·
244 2126 267 2150 ει
282 2124 368 2155 θέλεις
385 2122 502 2154 ζιζάνια,
527 2120 551 2148 εἷ
572 2122 676 2156 ἀλόγων
693 2120 769 2153 ζώων
787 2122 883 2156 τροφή·

100 2173 124 2198 εἰ
138 2171 237 2201 θέλεις,
255 2168 410 2204 μεταὸάλλῃ
429 2168 476 2194 καὶ
493 2167 555 2201 γίνῃ
577 2168 659 2198 σῖτος.
681 2165 780 2192 Εἰκόνα
797 2165 886 2200 ζητεῖς

920 244 974 272 Nos
997 248 1087 271 autem
1112 241 1237 269 Ecclesiae
1265 240 1388 275 agricolae
1414 239 1556 266 verborum
1585 236 1703 270 ligonem

921 298 969 325 per
988 294 1046 317 sata
1069 288 1256 320 immittimus,
1283 290 1313 314 ut
1329 293 1423 321 agrum
1445 285 1566 312 colamus
1588 282 1622 310 ad
1646 281 1704 308 fru—

922 342 994 365 ctum
1013 335 1169 368 ferendum;
1193 333 1308 360 necdum
1323 336 1411 358 tamen
1436 329 1625 366 cognoscimus
1653 326 1704 355 soli

922 383 1104 411 conditionem
1118 391 1124 408 :
1141 381 1265 408 foliorum
1287 379 1385 414 quippe
1399 375 1558 408 similitudo,
1575 373 1704 410 praesides

923 438 994 464 sape
1012 429 1089 456 fallit.
1105 428 1204 455 Verum
1221 426 1265 453 ubi
1287 424 1409 451 doctrina
1435 423 1462 450 in
1478 429 1547 457 opus
1562 419 1684 456 procedit
1698 439 1705 450 ,

924 463 1101 509 laborumque
1117 473 1221 500 fructus
1238 470 1380 500 solidatur,
1397 471 1454 495 tum
1475 469 1586 502 apparet
1601 465 1663 499 quis
1679 463 1709 490 ﬁ-

924 522 1002 555 delis,
1017 521 1078 556 quis
1093 519 1232 556 hypocrita
1246 518 1290 544 sit.
1307 516 1363 549 Qua
1380 515 1484 542 ratione
1497 513 1524 540 in
1537 512 1631 539 urbem
1650 510 1708 546 ple-

925 575 1040 602 rumque
1057 567 1131 593 venit
1145 566 1187 592 vir
1204 564 1296 592 Grazce
1309 561 1421 589 docendi
1444 560 1557 595 peritus,
1573 563 1708 591 auresque

925 612 1092 642 dcmulcens,
1105 610 1150 645 qui
1167 610 1193 636 in
1210 607 1358 634 Ecclesiatn
1375 609 1512 640 properat,
1527 611 1581 630 non
1595 605 1625 628 ut
1651 608 1708 628 me-

925 657 1042 686 dicinam
1058 656 1163 686 animae,
1176 654 1221 682 sed
1234 657 1262 679 ut
1277 651 1420 679 verborum
1441 648 1600 684 elegantiam
1623 645 1709 681 perci-

927 704 992 738 piat.
1009 701 1119 728 Rccedit
1131 700 1174 726 ille
1190 697 1324 725 facundus
1336 699 1427 722 orator
1440 703 1446 721 :
1463 693 1565 720 recedit
1578 692 1658 719 etiam
1673 689 1708 717 ab

927 736 1048 776 Ecclesia
1065 747 1216 777 zizanium;
1239 743 1403 770 frumentum
1425 739 1524 774 quippe
1546 745 1594 765 seu
1609 736 1687 763 ﬁdem
1699 756 1707 767 ,

928 803 982 822 non
994 793 1083 821 habet.
1097 791 1196 818 Fidelis
1210 792 1299 816 autem
1319 787 1381 814 licet
1397 785 1511 812 facunde
1524 782 1598 818 loqui
1611 781 1708 813 soleat,

929 840 1049 867 studiose
1072 838 1218 867 auscultat,
1235 835 1292 862 sive
1306 833 1430 868 Syriace,
1461 831 1517 858 sive
1543 829 1650 860 Latine,
1664 829 1710 853 aut

927 887 980 913 alio
996 885 1092 920 quovis
1109 890 1232 911 sermone
1248 882 1309 916 quis
1326 884 1425 908 utatur.
1450 876 1508 904 Non
1526 874 1622 910 quaerit
1637 872 1712 900 enim

926 931 1020 962 verba,
1039 929 1085 958 sed
1104 932 1180 964 gesta
1196 937 1203 955 :
1221 936 1231 952 ι
1253 926 1347 954 Sermo
1371 923 1442 951 enim
1466 925 1560 949 noster
1573 924 1599 947 et
1613 918 1713 953 praedi-

928 977 999 1005 catio
1014 980 1118 1007 nostra,
1131 982 1184 1001 non
1197 973 1222 1001 in
1235 970 1458 1007 persuasibilibus
1466 968 1590 995 humanae
1603 964 1711 999 sapien-

928 1025 972 1052 tia:
984 1023 1083 1055 verbis,
1104 1022 1187 1049 sedin
1194 1019 1349 1048 ostensione
1365 1017 1482 1052 Spiritus
1493 1018 1519 1042 et
1527 1013 1635 1042 virtutis
1653 1012 1684 1039 ¹⁹.
1699 1019 1709 1037 ι

928 1071 983 1107 48
1000 1069 1065 1102 Quae
1079 1068 1194 1097 utilitas,
1213 1067 1234 1092 si
1262 1064 1353 1092 Graece
1379 1063 1539 1097 loquamur,
1569 1062 1596 1086 et
1624 1062 1718 1085 mente

929 1105 1036 1144 barbari
1059 1113 1160 1142 simus?
1188 1111 1258 1145 Quid
1285 1109 1395 1146 prodest
1416 1108 1438 1135 si
1463 1105 1630 1140 compositus
1657 1110 1715 1130 ser-

929 1171 984 1194 mo,
1001 1166 1028 1189 et
1046 1168 1136 1188 mores
1152 1160 1206 1187 sint
1229 1154 1420 1190 incompositi?
1436 1153 1519 1180 Multo
1541 1149 1714 1186 praestantius

928 1215 970 1237 est
987 1208 1080 1235 Graece
1095 1206 1202 1241 quidem
1219 1203 1336 1234 nescire,
1358 1201 1496 1236 legemque
1524 1197 1571 1224 Dei
1588 1197 1615 1223 in
1631 1195 1716 1222 corde

930 1255 1080 1291 possidere.
1097 1252 1163 1280 Nam
1177 1252 1198 1279 si
1214 1249 1335 1277 Ecclesia
1357 1247 1485 1283 sophistae
1510 1243 1603 1276 schola
1622 1245 1714 1273 esset,

930 1301 1113 1329 conscctanda
1131 1299 1200 1326 foret
1214 1295 1388 1332 eloquentia:
1416 1298 1443 1320 at
1467 1299 1529 1319 cum
1552 1290 1585 1317 de
1607 1294 1716 1315 morum

930 1354 1031 1383 pugna,
1047 1350 1074 1373 et
1087 1345 1120 1372 de
1137 1344 1242 1370 fructus
1262 1341 1339 1376 copia
1354 1344 1465 1375 agatur,
1490 1338 1717 1371 exspecteturque

931 1393 1048 1424 caelum;
1069 1399 1102 1418 ne
1129 1390 1219 1424 lingua
1245 1387 1418 1422 requiratur,
1447 1383 1494 1411 sed
1523 1388 1612 1408 mores
1636 1379 1717 1406 insti-

931 1445 1052 1468 tuantur.
1068 1439 1187 1466 Rursum
1214 1435 1297 1470 aliqui
1326 1435 1449 1461 laborant
1476 1429 1567 1458 studio
1591 1425 1717 1464 placendi

932 1487 1104 1516 hominibus,
1128 1488 1155 1512 et
1182 1483 1215 1510 ad
1242 1486 1350 1516 tempus
1379 1477 1553 1506 simulatione
1580 1478 1715 1501 utuntur:

895 1544 915 1572 ρ
932 1533 1003 1568 quod
1021 1532 1044 1560 si
1061 1530 1176 1558 illustris
1191 1535 1307 1564 persona
1322 1525 1363 1553 vel
1379 1532 1411 1552 ex
1426 1522 1535 1558 plateis,
1553 1521 1594 1548 vel
1612 1528 1643 1547 ex
1668 1519 1719 1545 ho-

934 1580 1036 1606 minum
1049 1575 1149 1612 (turba)
1163 1573 1319 1604 accesserit,
1334 1576 1361 1598 et
1381 1567 1619 1596 Christianismum
1636 1563 1719 1598 proii-

934 1629 1032 1656 teatur,
1047 1626 1161 1650 currunt
1174 1622 1201 1647 in
1217 1618 1375 1648 Ecclesiam,
1389 1621 1419 1643 ut
1436 1613 1540 1642 homini
1558 1611 1596 1638 illi
1611 1610 1717 1637 vultum

934 1669 1079 1698 Ostendaut
1099 1674 1189 1695 suum.
1212 1663 1355 1700 Egreditur
1368 1660 1482 1695 insignis
1507 1658 1568 1689 ille,
1587 1663 1640 1683 una
1662 1655 1719 1682 exit

934 1714 1085 1751 hypocrita,
1100 1716 1207 1747 recepta
1220 1708 1406 1737 merccdesua
1419 1717 1426 1734 :
1443 1703 1562 1732 hominis
1577 1709 1659 1729 causa
1673 1708 1719 1727 ve-

934 1762 984 1792 nit,
997 1760 1097 1788 homini
1110 1758 1221 1794 placuit,
1236 1765 1250 1783 a
1268 1756 1321 1783 Deo
1338 1754 1405 1782 nihil
1420 1751 1534 1787 accepit,
1547 1754 1720 1784 nequaquam

934 1808 1006 1836 enim
1027 1810 1145 1834 mentem
1170 1811 1248 1832 suam
1267 1802 1306 1830 illi
1331 1800 1462 1829 exhibuit.
1491 1795 1631 1833 Ejusmodi
1656 1796 1721 1821 sunt

936 1853 1064 1881 Ecclesiae
1078 1850 1192 1878 zizania.

970 1941 996 1969 5.
1015 1940 1068 1968 Sed
1084 1938 1223 1974 quidpiam
1240 1937 1339 1964 mirum
1356 1934 1437 1961 habet
1451 1931 1570 1959 Verbum
1594 1917 1733 1955 Ecclesia:

936 1986 1055 2022 agricola
1070 1995 1076 2012 :
1099 1991 1162 2011 nam
1186 1982 1300 2014 zilania,
1315 1979 1447 2015 siquidem
1464 1974 1647 2005 ille-voluerit,
1663 1971 1721 1998 t‘ru-

936 2036 1056 2060 mentum
1085 2031 1185 2058 i'crunt.
1205 2029 1273 2056 Cum
1291 2027 1363 2055 enim
1380 2024 1512 2053 electione
1538 2020 1647 2056 propria
1675 2018 1726 2045 liat'

937 2079 1076 2106 hominum
1093 2080 1193 2107 motus,
1210 2078 1237 2102 et
1261 2074 1344 2100 libera
1360 2071 1395 2098 sit
1410 2070 1469 2104 ejus
1484 2067 1632 2099 sententia;
1653 2065 1680 2092 in
1695 2067 1723 2091 te

937 2132 981 2151 res
996 2123 1047 2150 sita
1063 2126 1106 2149 est
1121 2131 1127 2148 :
1143 2122 1167 2148 si
1181 2120 1222 2147 vis
1237 2127 1297 2146 esse
1321 2116 1436 2147 zizania,
1451 2115 1591 2142 brutorum
1617 2111 1723 2137 anima-

937 2169 1004 2196 lium
1020 2168 1149 2204 pabulum
1161 2175 1191 2194 es
1205 2173 1214 2192 .'
1238 2165 1281 2192 sin
1295 2163 1413 2191 volueris
1428 2160 1538 2191 mutari,
1554 2159 1721 2185 frumentum

100 2217 153 2243 τῶν
166 2203 265 2249 λόγων,
282 2203 402 2250 λάμῦανε
418 2213 470 2239 ἀπὸ
485 2213 600 2248 δένδρων
613 2212 643 2238 τὸ
657 2211 829 2247 ζητούμενον.
854 2211 879 2236 Ἦ

938 2217 996 2244 lies.
1011 2216 1039 2242 Si
1053 2222 1158 2250 quaeras
1175 2213 1287 2248 hujusce
1300 2212 1338 2238 rei
1353 2209 1516 2243 exemplum,
1530 2213 1562 2233 ex
1577 2203 1721 2231 arboribus

101 2262 267 2297 ἀγριέλαιος,
279 2260 522 2295 ἐπικεντρισθεῖσα,
536 2258 704 2288 καλλιέλαιος
714 2257 827 2291 γίνεται,
841 2257 887 2283 καὶ

101 2307 222 2343 ἄμπελος
244 2306 338 2342 ἀγρία,
358 2306 537 2341 ἠμερωτάτης
558 2304 679 2339 ἀμπέλου
700 2303 792 2338 κλῆμα
812 2302 888 2334 (EE:-

105 2355 182 2390 μένη,
194 2353 403 2381 ἐπιλανθάνεται
415 2351 463 2386 μὲν
476 2351 529 2377 τῶν
539 2351 588 2385 τῆς
601 2349 678 2386 ῥίζης
690 2349 886 2383 παλαιοτήτων,

102 2400 287 2435 ἀναλαμϐάνει
302 2399 331 2425 δὲ
346 2399 395 2434 τὴν
409 2397 555 2432 καινότητα
577 2395 632 2422 τῶν
656 2394 788 2421 παλαιῶν.
813 2394 889 2420 Ἐπι-

101 2446 180 2473 λάθον
192 2446 240 2472 καὶ
253 2445 284 2471 σὺ
298 2444 353 2471 τῶν
367 2442 492 2479 πρώτων,
509 2442 555 2471 καὶ
567 2441 684 2468 ἁνάλαόε
698 2440 731 2467 τά
742 2439 885 2474 λεγόμενα·

102 2494 147 2519 καὶ
164 2492 211 2519 τοῦ
227 2491 347 2524 ζιζανξου
363 2490 459 2525 πάρες,
475 2489 506 2515 τὸ
519 2488 547 2514 δὲ
565 2487 675 2518 σιτῶδες
695 2486 821 2513 ἀνάλαϐε·
845 2485 888 2511 ἵνα

101 2537 217 2572 δυνηθῇς
233 2537 281 2563 καὶ
297 2536 378 2567 αὐτὸς
397 2535 461 2562 εῐσω
480 2534 581 2565 ἅλωνος
600 2531 827 2568 ὲκκλησιαστικῆς
843 2538 889 2565 γε-

100 2583 192 2610 νέσθαι
208 2583 316 2618 νοητῆς.

136 2633 162 2656 ϋ.
184 2629 280 2656 Ταῦτα
297 2630 325 2656 δὲ
341 2629 430 2656 πάντα
446 2630 511 2665 ὑμῖν
527 2629 633 2665 εἴρηται
647 2627 691 2654 διὰ
704 2626 734 2654 τὺ
748 2625 888 2661 εὐαγγελι-

102 2677 148 2704 κδν
167 2677 345 2711 ἀνάγνωσμα,
364 2676 395 2702 τὸ
414 2677 478 2711 περὶ
501 2676 608 2711 σπόρων
628 2674 826 2710 διαλεγόμενον,
844 2673 889 2700 διὰ

104 2722 147 2749 τὸν
157 2722 382 2758 κατασπείραντα
395 2723 423 2749 ὲν
434 2723 494 2753 ταῖς
503 2721 612 2756 ψυχαῖς,
621 2720 675 2746 τῶν
685 2719 778 2755 ψυχῶν
786 2720 889 2755 λυτρω-

105 2768 151 2804 τὴν
171 2769 287 2805 Ἰησοῦν,
308 2769 353 2794 τὸν
368 2768 593 2805 διαπορευόμενον
608 2767 652 2794 διὰ
665 2766 717 2795 τῶν
736 2766 885 2802 σπορίμων.

143 2847 163 2862 "
182 2846 192 2873 1
208 2846 273 2875 Cor.
293 2854 328 2878 ιι,
347 2846 372 2873 4.

938 2248 1081 2298 quaesitum
1106 2260 1208 2294 accipe.
1233 2257 1355 2285 Oleaster
1386 2255 1483 2282 insitus
1511 2250 1626 2279 eilicitur
1650 2248 1721 2274 bona

937 2310 1019 2340 oliva,
1034 2312 1060 2335 et
1077 2308 1139 2334 vitis
1162 2304 1295 2334 silvestris
1308 2322 1316 2335 ,
1341 2302 1434 2330 sativa:
1456 2299 1518 2326 vitis
1536 2301 1646 2330 accepto
1661 2294 1721 2329 pal-

937 2356 1014 2386 mite,
1030 2352 1201 2381 obliviscitur
1223 2352 1338 2377 vetustte
1354 2346 1454 2373 radicis
1473 2350 1544 2375 suae,
1570 2340 1722 2373 accipitque

937 2401 1082 2428 novitatem
1099 2396 1227 2424 recentis.
1254 2393 1420 2421 Obliviscere
1436 2393 1462 2417 et
1484 2393 1511 2415 tu
1535 2387 1672 2422 priorum,
1695 2389 1723 2410 et

938 2446 1031 2480 accipe
1043 2443 1115 2479 quod
1129 2442 1247 2472 dicitur;
1272 2438 1435 2471 omissisque
1450 2433 1576 2464 zizaniis,
1603 2431 1723 2457 frumcn-

938 2497 995 2519 tum
1010 2491 1102 2524 accipe
1127 2493 1156 2516 ut
1174 2493 1297 2514 mercare
1312 2485 1382 2511 intra
1397 2488 1487 2508 aream
1508 2476 1733 2506 ecclesiasticam.

939 2536 1160 2572 spiritualemque
1173 2531 1268 2566 recipi.

976 2626 1002 2653 6.
1019 2624 1082 2652 Haac
1103 2630 1184 2658 porro
1196 2620 1285 2649 omnia
1301 2619 1373 2646 dicta
1399 2615 1476 2644 vobis
1490 2618 1564 2646 sunt,
1579 2613 1725 2642 occasione

941 2670 1066 2700 lectionis
1083 2667 1254 2702 evangelicae,
1267 2672 1320 2700 qua
1338 2664 1372 2691 de
1397 2662 1464 2691 satis
1486 2662 1591 2696 agitur,
1607 2658 1642 2686 ob
1661 2666 1724 2686 eum

940 2717 987 2752 qui
1003 2716 1030 2743 in
1041 2714 1182 2742 animabus
1195 2707 1561 2743 seminavit,Redemptorem
1572 2705 1724 2732 animarum

941 2748 1044 2797 J'esum,
1052 2761 1237 2789 transeuntem
1249 2765 1298 2793 per
1309 2759 1377 2785 sata.
1390 2754 1435 2782 llle
1446 2757 1536 2781 autem
1547 2751 1580 2780 de
1590 2748 1724 2779 industria
