1898 3053
147 133 195 161 151

737 129 765 156 S.
785 123 1018 154 ATHANASIUS.
1035 138 1070 144 —
1092 122 1206 150 DUBlA.

1720 113 1774 145 152

147 195 268 223 Sabbato
283 194 479 229 pertransibat,
496 193 646 228 discipulos
661 200 710 228 per
729 196 789 220 sata
803 191 908 219 ducens
923 199 930 216 :

1011 187 1018 211 ι
1031 185 1080 221 μὲν
1095 184 1142 212 οὖν
1155 183 1327 220 διεπορεύετο
1338 181 1464 217 ἐπίτηδες
1474 180 1502 207 ὲν
1514 178 1656 215 Σαϐϐάτῳ,
1671 178 1773 213 διάγων

145 241 193 277 qui
204 240 331 275 discipuli
355 240 381 267 in
395 239 582 275 praetereundo
597 240 688 275 spicas
702 239 838 266 vcllebant
850 257 857 270 ,
876 245 934 265 ma-

145 287 282 322 nibusque
297 286 490 318 cnnfricantes,
503 286 681 314 comedebaut
693 305 702 318 .
730 293 827 313 novam
851 284 934 320 spicis

145 340 248 366 aream,
260 340 358 360 manus
378 333 483 360 scilicet
505 340 581 366 suas,
594 332 751 360 efﬁcientes.
766 331 852 359 Judaei
869 338 934 359 vero

143 378 295 413 discipulos
323 379 501 414 increpabant
529 378 602 414 quod
620 379 749 406 alimenta
773 383 933 406 sumerent:

144 424 276 452 adversus
301 423 460 460 Magistrum
495 425 728 460 indignabantur:
747 433 756 450 ι
777 423 844 452 Vide
868 423 935 458 quid

144 470 247 498 faciant
262 470 389 505 discipuli
405 471 444 497 tui
457 471 499 497 ὀἷ’
516 480 525 496 ι
546 470 612 499 Sese
627 470 812 498 abalienantes
829 477 843 496 a
857 470 935 504 justi-

142 517 191 550 tia,
202 524 373 552 nequaquam
383 516 523 544 dicebant:
535 516 606 544 Socii
622 521 778 544 nostrorum
786 516 935 550 discipulo.

142 571 203 590 rum
213 571 220 596 ;
229 570 290 590 sese
298 562 399 597 quippe
406 570 420 589 a
430 562 588 597 magisterio
594 562 768 597 expulerant;
778 562 836 593 sed,
846 571 855 587 ι
866 560 934 588 Vide

141 609 209 643 quid
230 608 332 636 faciant
348 608 474 644 discipuli
491 608 529 635 tui
543 618 551 636 :
571 618 582 635 ι
599 616 644 636 res
659 609 823 644 conspicuas
841 613 934 646 osten-

141 654 253 682 debant.
271 654 425 689 Spectatori
437 654 561 682 cordium
576 662 621 682 res
632 663 693 690 qua
720 655 770 682 sub
792 659 933 690 aspectum

143 699 247 726 cadunt
278 699 519 726 commonstratis?
548 698 644 727 Nonne
668 700 855 735 experimento
880 700 935 734 ple-

145 753 261 780 rumque
275 745 421 777 didicistis,
433 754 495 773 eum
518 746 592 781 ipsas
608 745 732 773 cordium
754 746 934 781 cogitationes

145 795 302 826 perspectas
322 792 442 821 habere?
462 792 561 820 Annon
576 792 621 820 ille
642 796 683 820 est
697 792 743 827 qui
758 792 817 819 ait:
834 801 843 818 ι
862 792 933 825 Quid

145 838 271 874 cogitatis
288 839 359 866 mala
377 840 403 867 in
419 839 549 868 cordibus
565 839 663 867 vestris
680 839 720 866 “?
737 849 746 865 ι
763 838 814 872 Qui
830 839 932 874 cogita-

144 886 235 913 tiones
247 886 340 919 novit,
356 894 390 913 an
414 886 552 922 spicarum
566 886 779 914 confricationes
804 893 858 913 non
885 893 936 913 no-

144 931 234 957 verit?
252 933 298 942 ·⁶·

181 977 206 1003 7.
231 977 286 1013 (50)
301 977 394 1006 Novus
416 982 554 1011 mortuus.
568 979 640 1007 inter
654 982 777 1006 mortuos
792 979 871 1007 liber.
892 978 936 1006 Si-

145 1024 254 1058 quidem
269 1024 359 1051 cxleri
372 1025 471 1052 mortui
486 1026 565 1060 quasi
583 1025 700 1053 vinculis
711 1025 871 1056 constricti,
888 1033 936 1060 per

145 1074 290 1105 augustam
303 1070 510 1098 abducebantur
528 1072 617 1105 viam;
643 1071 722 1099 Jesus
739 1079 803 1099 vero
825 1075 936 1106 propter

145 1121 196 1141 uos
211 1121 336 1142 mortuus
352 1119 404 1147 est.
417 1120 443 1143 et
457 1116 598 1143 descendit
615 1116 648 1143 ad
660 1117 767 1144 inferna
782 1117 853 1144 inter
864 1124 936 1144 mor-

145 1166 208 1189 tuos
220 1171 225 1188 :
243 1166 325 1196 atque
338 1162 410 1189 inter
424 1167 547 1190 mortuos
562 1153 624 1190 cum
637 1163 765 1197 venisset,
779 1171 834 1190 non
855 1163 936 1191 modo

146 1206 224 1238 liber,
236 1206 283 1234 sed
298 1212 469 1236 mortuorum
488 1209 618 1236 liberator
632 1214 699 1237 erat.
727 1209 759 1236 Et
779 1214 809 1236 ut
827 1209 936 1237 ediscas

145 1253 234 1286 ipsum
262 1258 431 1281 mortuorum
461 1254 545 1282 fuisse
575 1256 768 1286 liberatorem.
791 1257 855 1284 audi
879 1257 936 1284 hcce

146 1297 354 1334 Evangeliorum
379 1301 481 1327 verba:
503 1310 512 1326 ι
531 1301 563 1327 Et
587 1301 671 1328 multa
688 1309 802 1336 corpora
828 1307 936 1330 sancto-

146 1352 206 1371 rum
230 1346 277 1380 qui
303 1346 510 1374 obdormierant
524 1355 699 1375 resurrexcre
714 1349 746 1374 ³³.
765 1358 774 1373 ι
792 1347 821 1375 In
839 1356 934 1376 monu-

146 1395 239 1418 metito
265 1392 371 1426 positus
399 1396 456 1424 est,
482 1397 509 1420 et
535 1394 620 1420 multa
639 1399 814 1421 monumenta
843 1401 936 1430 aperta

147 1436 231 1464 fuere.
246 1436 310 1463 Erat
326 1438 417 1472 itaque
433 1438 456 1465 is
474 1438 544 1466 inter
560 1442 682 1466 mortuos
694 1439 772 1473 liber,
787 1447 867 1475 quem
879 1441 936 1467 noti

145 1482 334 1517 reliquerant:
361 1484 399 1510 ait
423 1492 539 1519 namque
566 1484 760 1520 Evangelium,
786 1486 937 1522 discipulos

984 231 1048 264 τοὺς
1064 230 1188 267 μαθητὰς
1202 229 1246 257 διὰ
1256 228 1309 256 τῶν
1321 227 1463 263 σπορίμων
1477 227 1524 254 καὶ
1533 227 1557 253 οἱ
1574 225 1692 261 μαθηταὶ
1701 225 1775 261 διερ-

984 277 1104 313 χόμενοι,
1126 276 1227 303 ἔτιλλον
1247 274 1376 310 στάχυας,
1397 273 1444 300 καὶ
1456 271 1593 307 ψώχοντες
1605 271 1665 303 ταῖς
1679 271 1773 306 χερσὶν

984 323 1072 350 αὐτῶν
1093 321 1197 358 ἢσθιον,
1221 319 1380 355 καινοτέραν
1403 318 1493 345 ἅλωνα
1513 318 1570 348 τοῖς
1592 317 1706 351 στάχυσι
1724 316 1775 347 τὰς

983 370 1077 404 χεῖρας
1098 367 1286 403 ἐργαζόμενοι.
1313 366 1344 392 Οἱ
1365 365 1393 391 δὲ
1419 364 1539 391 Ἰουδαῖοι
1560 363 1698 398 ἐπετίμων
1719 363 1774 393 τοῖς

986 414 1121 450 μαθηταῖς
1136 412 1321 448 τρεφομένοις,
1336 411 1382 437 καὶ
1396 410 1463 446 πρὸς
1474 409 1520 436 τὸν
1532 409 1691 436 διδάσκαλον
1703 409 1774 442 ἁγα-

983 458 1137 486 νακτοῠσιν·
1153 467 1162 483 ι
1182 458 1245 489 Ἴδε,
1258 457 1285 483 τί
1299 456 1405 483 ποιοῦσι
1419 455 1574 491 οἱῖμαθηταί
1589 463 1635 481 σου
1645 463 1653 487 ;
1664 465 1674 480 ι
1695 454 1775 481 Ἑαυ-

985 505 1046 535 τοὺς
1061 502 1329 538 ἁπαλλοτριώσαντες
1347 502 1397 537 τῆς
1415 501 1597 535 δικαιοσύνης,
1615 501 1666 526 οὐκ
1682 498 1774 530 εἶπαν,

985 551 1015 576 Ol
1031 550 1153 576 κοινωνοὶ
1177 548 1232 575 τῶν
1257 547 1385 584 μαθητῶν
1407 547 1495 582 ἡμῶν·
1516 546 1629 578 ἑαυτοὺς
1649 545 1703 581 γὰρ
1724 545 1775 579 τῆς

985 595 1126 631 μαθήσεως
1140 593 1280 630 ἐξώρισαν·
1291 593 1358 626 ἀλλ’,
1380 602 1389 618 ι
1405 593 1465 624 Ἴδε,
1477 592 1503 618 τί
1514 591 1635 618 ποιοῦσιν
1648 592 1672 617 οἱ
1686 590 1775 626 μαθη-

983 640 1028 667 ταί
1045 649 1102 667 σου.
1122 650 1131 665 r
1148 640 1305 666 Δεικνύουσι
1316 638 1350 665 τὰ
1364 638 1521 673 φαινόμενα.
1538 636 1583 672 Τῷ
1598 636 1705 673 γνώστῃ
1720 636 1776 663 τῶν

984 686 1103 722 καρδιῶν
1118 685 1254 712 δεικνύετε
1271 685 1305 712 τὰ
1320 684 1463 720 ὀρώμενας
1481 684 1538 710 Οὐκ
1550 683 1660 709 ὲλάὸετε
1673 682 1776 709 πολλά-

984 737 1027 763 κις
1041 731 1091 766 τὴν
1111 732 1220 766 πεῖραν,
1240 731 1282 756 ὅτι
1298 727 1351 756 οἶδε
1370 729 1417 755 καὶ
1431 728 1485 754 τῶν
1501 727 1619 763 καρδιῶν
1639 727 1689 759 τὰς
1706 725 1777 762 γνώ-

984 786 1057 810 σεις;
1079 778 1115 804 Οὐ
1140 777 1237 811 λέγων·
1263 786 1272 802 ι
1290 776 1322 802 Τί
1343 774 1528 809 διαλογίζεσθε
1548 775 1577 800 ὲν
1600 775 1706 805 ἑαυτοῖς
1727 781 1777 799 πο-

984 823 1072 860 νηράς
1092 833 1100 849 ι
1121 824 1136 849 ὁ
1153 823 1345 854 διαλογισμοὺς
1368 821 1456 854 εἰδὼς,
1480 820 1623 856 ἀσταχύων
1645 819 1777 855 ψωχμοὺς

987 871 1037 897 οὐκ
1051 868 1121 902 cide;
1138 871 1192 881 "'
1688 866 1691 869 ’

1020 981 1046 1007 7.
1067 980 1230 1016 Καινότερος
1243 980 1338 1016 νεκρὸς
1346 979 1487 1015 ἐλεύθερος
1506 979 1535 1005 ἐν
1545 979 1662 1013 νεκροῖς.
1676 977 1709 1004 Οἱ
1727 977 1781 1012 μὲν

985 1026 1060 1053 ἄλλοι
1077 1026 1178 1061 νεκροὶ,
1193 1025 1301 1060 δεσμοῖς
1315 1025 1410 1060 ὥσπερ
1426 1023 1661 1060 περιῦαλλόμενοι,
1676 1024 1705 1049 ὲν
1717 1023 1776 1058 εἱρ-

986 1073 1035 1108 κτῇ
1048 1073 1081 1107 τῇ
1093 1070 1145 1107 ὀδῷ
1162 1072 1308 1107 ἀπήγοντο’
1334 1070 1438 1105 Ἰησοῦς
1449 1070 1477 1096 δὲ
1491 1069 1587 1104 γέγονε
1602 1068 1635 1095 δι’
1653 1069 1726 1103 ἡμᾶς
1737 1076 1779 1094 νε-

986 1119 1061 1154 κρὸς,
1084 1119 1130 1145 καὶ
1151 1117 1284 1152 κατῆλθεν
1301 1117 1341 1149 εἰς
1355 1117 1389 1144 τὰ
1409 1115 1574 1151 καταχθόνια
1598 1114 1697 1150 μεταξὺ
1721 1114 1779 1140 τῶν

985 1164 1099 1199 νεκρῶν·
1113 1165 1161 1191 καὶ
1176 1165 1204 1190 ὲν
1217 1164 1322 1198 νεκροῖς
1334 1163 1383 1198 μὲν
1393 1161 1476 1189 ἐλθὼν
1491 1161 1521 1188 οὐ
1539 1161 1618 1196 μόνον
1635 1159 1777 1195 ἐλεύθερος

985 1209 1029 1246 ἦν,
1046 1210 1114 1238 ἀλλὰ
1130 1210 1177 1236 καὶ
1198 1209 1302 1245 νεκρῶν
1326 1208 1519 1243 ἐλευθερωτής.
1540 1207 1597 1234 Καὶ
1610 1207 1654 1233 ἴνα
1677 1205 1777 1242 μάθῃς,

986 1258 1026 1283 ὅτι
1054 1257 1100 1283 καὶ
1123 1256 1227 1291 νεκρῶν
1257 1254 1441 1290 ὲλευθερωτὴς
1464 1253 1585 1288 γέγονεν,
1613 1252 1695 1279 ἄκουε
1722 1250 1778 1277 τῶν

986 1303 1159 1336 Εὑαγγελίων
1174 1301 1316 1335 λεγόντων·
1332 1307 1341 1326 1
1357 1301 1411 1327 Kal.
1428 1299 1513 1326 πολλὰ
1531 1298 1644 1334 σώματα
1658 1297 1712 1323 τῶν
1731 1305 1780 1322 κε-

986 1349 1161 1384 κοιμημένων
1174 1349 1259 1383 ἁγίων
1275 1347 1431 1382 ἀνέστησεν.
1450 1357 1459 1372 ›
1486 1347 1529 1373 Ἐν
1545 1346 1666 1381 μνήματι
1684 1343 1777 1378 ἐτέθη,

987 1397 1032 1424 καὶ
1047 1396 1130 1422 πολλὰ
1147 1397 1275 1431 μνήματα
1293 1393 1478 1429 ἀνεῴχθησαν.
1493 1391 1546 1418 Ἦν
1561 1391 1649 1417 τοίνυν
1664 1391 1677 1417 ὁ
1692 1390 1720 1415 ἐν
1733 1397 1779 1415 νε-

987 1444 1062 1479 κροῖς
1078 1442 1229 1477 ἐλεύθερος,
1243 1441 1272 1467 ὃν
1286 1440 1430 1467 κατέλιπον
1441 1440 1488 1466 καὶ
1498 1438 1641 1475 γνώριμοι.
1655 1437 1736 1470 Λέγει
1748 1435 1779 1462 δὲ

986 1490 1016 1515 τὸ
1029 1488 1203 1522 Εὐαγγέλιον,
1214 1488 1256 1514 ὅτι
1268 1487 1368 1519 πάντες
1380 1487 1404 1512 οἱ
1417 1485 1546 1521 μαθηταὶ,
1559 1483 1672 1518 ἀφέντες
1684 1481 1778 1513 αὑτὸν,

145 1537 250 1560 omnes,
267 1530 362 1557 relicto
373 1538 417 1562 eo.
435 1531 574 1566 aufugisse
592 1532 624 1560 ’³.
643 1532 761 1568 Fugiunt
777 1532 841 1560 dum
854 1533 933 1561 vive—

1011 1544 1095 1570 ρυγον.
1124 1536 1185 1562 Ἔτι
1197 1534 1285 1567 ζῶντα
1314 1533 1453 1568 φεύγουσι,
1484 1531 1531 1558 καὶ
1563 1528 1775 1565 σταυρωθέντος,

146 1579 204 1603 ret:
218 1579 246 1603 et
261 1584 294 1604 eo
310 1577 452 1609 cruciﬁxo.
466 1585 516 1612 pro
531 1579 590 1613 ipso
607 1584 722 1606 mortem
741 1579 886 1613 subibant;
903 1588 936 1608 eo

144 1620 217 1654 quod
234 1621 301 1648 nihil
317 1622 344 1648 in
362 1630 444 1650 cruce
460 1623 643 1656 remanserit,
671 1629 698 1652 ct
719 1630 780 1660 post
804 1633 914 1653 crucem
926 1645 934 1658 ,

145 1667 227 1694 vitam
244 1670 443 1703 resumpscrit;
460 1670 506 1697 sed
531 1679 565 1698 ne
580 1671 646 1698 mihi
661 1671 786 1700 attendas
805 1672 866 1704 soli.
887 1673 935 1700 sed

145 1712 250 1746 psalmo
276 1713 389 1748 jamjam
405 1722 420 1741 a
437 1723 480 1742 me
497 1716 578 1743 lecto.
594 1715 725 1744 Ausculta
745 1717 810 1744 dum
835 1718 935 1753 legam,

145 1762 175 1783 tu
189 1759 251 1786 vide
263 1767 298 1786 ex
318 1762 549 1796 consequentibus
577 1764 828 1791 resurrectionem:
848 1774 857 1790 ι
885 1765 936 1792 Fa-

144 1807 206 1832 ctus
222 1812 283 1831 sum
299 1806 371 1832 sicut
385 1807 467 1834 homo
482 1808 541 1835 sine
561 1809 708 1843 adjutorio,
725 1810 796 1838 inter
811 1815 936 1839 mortuos

144 1849 222 1876 liber.
235 1849 389 1878 Posuerunt
406 1860 449 1879 me
465 1854 492 1880 in
514 1853 574 1880 lacu
589 1854 711 1881 inferiori
724 1854 757 1887 ’⁵,
774 1865 783 1880 ›
800 1855 838 1882 uti
853 1863 935 1891 supra

145 1895 275 1924 diximus.
291 1897 324 1924 Et
339 1902 400 1932 post
413 1898 487 1926 haec:
506 1909 515 1925 ι
537 1899 593 1935 Ego
605 1909 670 1928 vero
681 1902 806 1929 oratione
827 1909 888 1929 mea
902 1902 935 1930 ad

145 1945 187 1973 te.
212 1941 326 1971 Domine
349 1945 382 1972 ³⁸.
400 1944 433 1971 Et
457 1945 513 1981 49
536 1955 616 1974 mane
642 1949 730 1985 oratio
752 1957 811 1976 mea
834 1957 936 1984 praeve-

145 1987 202 2014 niat
216 1987 250 2015 '°.
269 1998 278 2014 ι
298 1989 457 2018 Mortuusne
473 1995 552 2019 orat:
574 1993 597 2020 si
619 2001 672 2020 non
689 1995 879 2027 resurrexerit,
894 1995 936 2022 in-

142 2041 236 2067 quam,
252 2036 332 2063 orat?
347 2036 488 2072 Siquidem
504 2043 647 2074 postquam
667 2041 835 2075 sepulturam
848 2045 875 2068 et
889 2049 935 2069 re-

143 2081 342 2109 surrectionem
366 2089 537 2116 enarrasset,
565 2088 630 2112 tunc
652 2085 814 2113 memoravit
838 2087 937 2113 oratio-

142 2133 205 2154 nem
218 2135 300 2162 quam
317 2128 350 2155 ad
365 2129 472 2157 Patrem
488 2130 592 2158 habuit.

180 2172 207 2200 8.
227 2173 284 2202 Nos
295 2174 379 2210 igitur
394 2175 564 2204 Dominicam
580 2177 752 2206 celebramus
769 2184 879 2214 propter
888 2186 931 2206 re-

143 2221 343 2248 surrectionem
364 2221 469 2249 :Judaei
496 2223 578 2250 etiam
603 2231 677 2251 nunc
699 2223 820 2252 Sabban
844 2225 934 2252 adhae-
949 2215 973 2242 Ῑ)

142 2270 214 2300 rent,
232 2272 377 2303 postquam
394 2267 480 2296 Isaias
505 2269 593 2296 dixit:
615 2279 624 2295 ι
644 2269 676 2296 Et
703 2269 823 2297 Sabbata
842 2274 933 2298 vestra

142 2313 200 2340 ndit
217 2315 308 2341 anima
324 2322 385 2342 mea
395 2315 427 2342 ".
445 2325 454 2342 ι
472 2315 543 2343 Nihil
555 2317 621 2343 mihi
632 2325 776 2345 commune
791 2325 852 2345 cum
866 2317 934 2345 Sab-

142 2361 220 2391 liato.
237 2361 311 2396 quod
337 2361 470 2389 Dominus
486 2362 554 2389 odit.
575 2362 635 2390 Non
658 2364 757 2398 loquor
771 2363 805 2391 de
826 2363 932 2391 dierum

142 2407 268 2440 circulis,
292 2408 339 2436 sed
354 2408 389 2436 de
409 2408 566 2437 Iudaeorum
588 2418 651 2437 usu.
668 2410 733 2438 Dies
755 2411 827 2438 enim
844 2411 933 2439 nullos

142 2457 287 2480 aversatur
302 2453 372 2481 Deus
387 2463 393 2482 :
409 2454 456 2481 sed
474 2462 522 2482 eos
537 2455 584 2490 qui
607 2455 634 2482 in
661 2455 728 2490 ipsis
750 2456 848 2484 diebus
862 2457 933 2485 male

143 2502 239 2533 agunt.
257 2498 290 2525 Et
305 2499 361 2534 jam
375 2500 486 2534 quidem
503 2499 623 2528 Sabbato
643 2501 796 2528 inhaerent:
813 2505 934 2537 tuncque

143 2544 276 2578 temporis
296 2544 378 2571 ctiam
395 2544 566 2573 Salvatorem
583 2546 772 2581 increpabant.
791 2546 931 2575 dicentes:

146 2599 155 2616 ι
172 2589 240 2618 Vide
257 2590 324 2626 quid
339 2591 440 2618 faciant
455 2591 585 2627 discipuli
603 2593 654 2624 tui,
670 2593 741 2627 quod
755 2600 811 2621 non
827 2593 889 2620 licet
905 2593 933 2621 in

145 2635 268 2664 Sabbato
284 2636 413 2666 facere".
430 2648 438 2664 ι
458 2637 527 2666 Tum
544 2638 670 2667 Salvator
685 2639 719 2666 ad
736 2640 798 2668 illos
815 2649 823 2668 ι
837 2639 934 2668 Nonne

987 1580 1284 1616 ὑπεραποθνὴσκουσιψ
1302 1578 1396 1613 ἐπειδὴ
1409 1577 1437 1605 δὲ
1456 1577 1539 1612 μηδὲν
1559 1575 1734 1609 ὲναπέμεινεν
1747 1574 1778 1599 ὲν

985 1625 1024 1661 τῷ
1044 1625 1161 1661 σταυρῷ,
1186 1625 1254 1652 ἀλλὰ
1274 1624 1342 1661 μετὰ
1361 1624 1405 1650 τὸν
1422 1622 1539 1657 σταυρὸν
1555 1621 1604 1657 τὴν
1618 1620 1691 1656 ζωὴν
1705 1619 1776 1646 ἀπέ-

986 1672 1060 1700 λαϐε.
1075 1673 1131 1698 Καὶ
1146 1672 1183 1708 μὴ
1197 1672 1257 1707 ἐμοὶ
1272 1671 1351 1706 μόνον
1368 1669 1496 1705 πρόσεχε,
1515 1668 1583 1695 ἀλλὰ
1597 1667 1636 1702 τῷ
1653 1667 1714 1702 ἐμοὶ.
1730 1667 1779 1701 ἀρ-

986 1719 1050 1750 τίως
1067 1718 1267 1753 ἁναγνωσθέντι
1286 1716 1394 1752 ψαλμῷ.
1421 1716 1543 1752 Πρόσχες
1567 1713 1597 1740 τὺ
1620 1713 1775 1748 λεγόμενον·

986 1765 1042 1799 ἐγὼ
1055 1763 1243 1798 ἀναγινώσκω,
1270 1764 1301 1790 σὺ
1325 1763 1406 1798 βλέπε
1422 1763 1454 1788 ὲκ
1474 1762 1524 1796 τῆς
1545 1758 1705 1790 ἀκολουθίας
1727 1757 1777 1793 τὴν

986 1812 1142 1839 ἀνάστασιν.
1164 1820 1173 1836 ι
1185 1809 1332 1845 Ἐγενὴθην
1341 1808 1406 1835 ὡσεὶ
1420 1808 1562 1844 ἄνθρωπος
1576 1806 1734 1841 ἀϐοήθητος,
1748 1804 1778 1830 ὲν

986 1858 1092 1893 νεκροῖς
1105 1856 1256 1892 ἐλεύθερος.
1269 1854 1382 1882 Ἐθεντό
1397 1863 1429 1889 με
1445 1855 1473 1880 ὲν
1485 1853 1579 1888 λάκκῳ
1593 1850 1752 1884 κατωτάτω,
1764 1858 1774 1874 ι

985 1904 1076 1936 καθὼς
1090 1905 1250 1940 εἰρήκαμεν.
1277 1903 1332 1929 Kal.
1360 1901 1430 1937 μετὰ
1453 1900 1550 1927 ταῦτα·
1569 1909 1578 1924 ι
1599 1897 1671 1932 Ἐγὼ
1693 1897 1720 1923 δὲ
1742 1897 1776 1932 τῇ

986 1952 1123 1986 προσευχῇ
1139 1959 1188 1986 μου
1205 1950 1271 1984 πρὸς
1285 1949 1324 1981 σὲ,
1343 1949 1440 1984 Κύριε,
1458 1947 1506 1973 καὶ
1520 1946 1558 1981 τῷ
1571 1943 1643 1981 πρωῒ
1659 1945 1674 1979 ὴ
1692 1951 1778 1979 προσ-

986 1997 1051 2031 ευχή
1075 2004 1125 2031 μου
1146 1995 1323 2030 προφθάσειε.
1344 2004 1353 2020 ι
1383 1995 1412 2020 '0
1431 1993 1527 2028 νεκρὸς
1549 1990 1738 2026 προσεύχεται·
1752 1990 1777 2016 ει

988 2041 1024 2076 μὴ
1044 2041 1154 2076 ἀνέστη.
1173 2040 1370 2076 προσεύχεται;
1388 2038 1465 2065 Μετὰ
1483 2037 1537 2072 γὰρ
1551 2036 1580 2063 τὸ
1597 2034 1779 2071 διηγήσασθαι

985 2087 1034 2121 τὴν
1048 2086 1136 2121 ταφὴν
1153 2086 1200 2112 καὶ
1219 2085 1268 2121 τὴν
1290 2084 1452 2121 νεκρότητα,
1474 2083 1534 2109 τότε
1553 2082 1704 2117 διηγήσατο
1727 2081 1778 2116 τὴν

986 2131 1139 2168 προσευχὴν
1152 2131 1201 2166 τὴν
1216 2131 1284 2166 πρὸς
1300 2131 1345 2157 τὸν
1359 2129 1470 2164 Πατέρα
1486 2128 1645 2163 γενομένην.

1021 2179 1047 2206 8.
1069 2179 1164 2213 Ἡμεῖς
1183 2178 1231 2213 μὲν
1245 2175 1292 2204 οὖν
1311 2175 1436 2212 τιμῶμεν
1451 2176 1501 2210 τὴν
1521 2174 1664 2209 Κυριακὴν
1675 2172 1719 2200 διὰ
1728 2172 1778 2208 τὴν

987 2225 1151 2253 ἀνάστασιν·
1181 2224 1302 2251 Ἰουδαῖοι
1318 2223 1346 2249 δὲ
1370 2222 1410 2249 ἔτι
1436 2222 1484 2248 καὶ
1508 2221 1555 2247 νῦν
1577 2219 1714 2255 ὲξέχονται
1730 2218 1777 2245 τοῦ

987 2271 1138 2303 Σαϐϐάτου,
1153 2271 1200 2297 καὶ
1215 2269 1284 2305 μετὰ
1299 2268 1329 2295 τὸ
1345 2269 1431 2294 εἰπεῖν
1444 2266 1489 2293 τὸν
1507 2266 1634 2301 Ἡσαΐανι
1648 2276 1656 2291 ι
1675 2264 1730 2290 Καὶ
1743 2262 1778 2289 τὰ

988 2317 1114 2344 Σάϐϐατα
1130 2316 1206 2351 ὑμῶν
1232 2316 1306 2351 μισεί
1323 2315 1340 2350 ἡ
1359 2313 1431 2348 ψυχή
1450 2321 1512 2348 μου.
1534 2322 1543 2338 ι
1559 2311 1642 2338 Οὐδέν
1659 2319 1704 2345 μοι
1718 2318 1776 2336 κοι-

987 2363 1032 2390 νὸν
1048 2363 1117 2399 πρὸς
1130 2362 1160 2388 τὸ
1174 2361 1321 2392 Σάϐϐατον,
1340 2360 1355 2386 ὃ
1372 2361 1386 2386 ὁ
1405 2359 1470 2389 Θεὸς
1488 2358 1627 2393 ἐμίσησεν.
1657 2356 1694 2382 Οὐ
1707 2356 1779 2389 λέγω

986 2410 1050 2441 τοὺς
1076 2408 1193 2440 κύκλους
1220 2406 1275 2433 τῶν
1299 2404 1422 2441 ἡμερῶν,
1442 2403 1510 2430 ἀλλά
1531 2402 1577 2429 τὸν
1602 2401 1779 2436 νομιζόμενον

994 2454 1168 2490 Ίουδαῖσμόν.
1188 2453 1225 2480 Οὐ
1243 2452 1298 2488 γὰρ
1314 2451 1363 2482 τὰς
1378 2451 1485 2486 ἡμέρας
1503 2449 1576 2484 μισεῖ
1590 2449 1604 2475 ὁ
1622 2446 1698 2478 Θεὸς,
1711 2445 1779 2473 ἀλλὰ

987 2503 1051 2533 τοὺς
1065 2500 1158 2532 κακῶς
1175 2501 1204 2526 ὲν
1220 2500 1279 2530 ταῖς
1294 2497 1412 2533 ἡμέραις
1435 2494 1644 2531 ἐργαζομένους.
1662 2492 1718 2519 Καὶ
1731 2491 1778 2518 νῦν

989 2548 1039 2584 μὲν
1053 2547 1189 2582 ἐξέχονται
1202 2545 1249 2572 τοῦ
1265 2543 1414 2575 Σαῦδάτου,
1439 2541 1486 2568 καὶ
1509 2540 1569 2566 τότε
1584 2539 1722 2574 ἐπετίμων
1739 2536 1778 2571 τῷ

989 2583 1096 2628 Σωτῆρι
1109 2591 1245 2625 λέγοντες·
1268 2589 1349 2620 «Ἴδε,
1362 2588 1389 2614 τί
1405 2586 1527 2613 ποιοῦσιν
1536 2586 1561 2612 οἱ
1585 2583 1704 2620 μαθηται
1718 2590 1776 2613 σου,

987 2639 1001 2665 ὃ
1016 2638 1066 2665 οὐκ
1080 2636 1168 2669 ἔξεστι
1183 2638 1270 2664 ποιεῖν
1281 2638 1309 2664 ὲν
1321 2635 1480 2669 Σαόΰάτῳ.»
1496 2633 1524 2660 Ὀ
1537 2632 1632 2668 Σωτὴρ
1647 2630 1715 2666 πρὸς
1729 2629 1777 2657 ai)-

180 2714 202 2749 ’ξ’
224 2713 318 2741 Matth.
337 2723 393 2748 xu,
409 2716 436 2743 2.
475 2718 496 2732 ἰ
519 2716 614 2746 Matth.
632 2718 704 2749 πει.
744 2719 766 2733 ³⁸
787 2717 882 2745 Matth.
900 2724 992 2748 χχι-ιι,
1010 2715 1054 2743 52.
1093 2717 1115 2732 ’³
1136 2716 1231 2743 Matth.
1252 2723 1334 2746 xxvi.
1351 2714 1394 2743 56.
1434 2713 1457 2730 “
1475 2711 1548 2741 Psal.
1567 2716 1689 2743 LXXIV“,
1703 2706 1733 2741 θ’
1748 2704 1776 2736 7-

145 2749 167 2764 ’⁵
191 2748 264 2777 Psal.
282 2757 383 2781 vam.
404 2751 446 2778 14.
485 2752 509 2768 ⁸⁸
527 2751 601 2780 Psal.
618 2761 748 2786 Lxxxvu,
767 2754 812 2780 Η.
849 2753 873 2768 ’⁷
892 2752 933 2780 lsa

1014 2751 1056 2778 15.
1095 2752 1118 2768 ³⁸
1137 2752 1232 2780 Matth.
1252 2759 1308 2785 xu,
1323 2750 1352 2778 2.

179 2862 237 2898 (50)
249 2861 299 2891 Hic
311 2865 402 2892 textus
417 2862 518 2896 deﬁcit,
539 2868 574 2897 et,
587 2864 741 2896 utvidetur.
754 2865 810 2893 haec
822 2863 933 2893 aliunde
952 2867 1044 2892 assuta
1059 2867 1134 2892 sunt.
