1898 3053
96 141 151 170 1ἵῦ

717 143 859 171 HOMILIA
879 143 921 170 DE
941 143 1112 172 SEMENTE.

1683 145 1735 174 154

95 200 175 232 τούς·
195 199 263 227 Οὐδὲ
280 200 360 227 τοῦτο
376 201 520 235 ἀνέγνωτε,
538 201 553 228 6
569 202 680 238 ἐποίησε
697 203 796 236 Δαϐίδ;
816 203 845 229 '0
860 203 892 230 ὲκ

989 211 999 231 c
1014 204 1121 240 legistis
1139 203 1214 239 quod
1229 203 1294 231 fecit
1309 203 1413 231 David?
1430 203 1469 231 Ex
1484 203 1585 231 Davide
1603 203 1736 232 oriundus

97 246 183 273 Δαϐὶδ
197 246 363 282 μνημονεύει
375 246 421 274 τοῦ
435 247 530 273 Δαϐίδ·
542 249 556 275 6
571 249 602 275 ὲκ
614 248 697 275 Δαϐὶδ
710 249 780 275 κατὰ
794 249 892 284 σάρκα,

97 293 154 328 πρὸ
167 293 197 319 δὲ
214 293 297 320 Δαϐὶδ
316 293 387 320 κατὰ
410 294 518 330 πνεῦμα
529 303 535 310 ·
561 296 575 321 ὁ
588 294 659 321 κατὰ
675 296 764 330 σάρκα
781 294 830 330 μὲν
846 295 893 322 τοῦ

96 339 183 366 Δαϐὶδ
200 340 267 372 υἱὸς,
286 341 358 366 κατὰ
380 340 488 376 πνεῦμα
502 341 530 367 δὲ
546 341 593 367 τοῦ
613 340 694 367 Δαϐὶδ
714 341 846 377 δεσπότης
858 350 864 356 ·
880 343 895 368 6

97 385 131 412 ἐκ
149 385 226 421 ῥίζης
242 386 340 412 Ἰεσσαὶ
356 386 521 422 βλαστήσας,
538 389 554 422 ἡ
569 387 666 423 ῥάϐδος
679 388 696 422 ἠ
712 387 862 422 θαυμασία,
877 389 894 423 ἡ

96 433 129 459 τὸ
147 433 197 468 μὲν
221 433 298 467 γένος
318 434 451 461 Ἰουδαίων
481 434 672 470 συντρίϐουσα,
689 434 743 461 τῶν
757 435 785 461 δὲ
811 435 895 462 ἐθνῶν

96 478 129 505 τὸ
143 478 222 513 γένος
249 479 287 510 ὡς
300 479 424 515 ποίμνιον
441 479 604 513 συνάγουσα.
627 479 713 511 Αὐτὸς
726 479 779 515 γάρ
795 480 868 506 ἐστιν
880 481 894 506 6

97 524 221 561 εἰρηκώς
254 525 308 551 Καὶ
321 525 353 561 δὴ
363 525 418 557 ἄξω
442 526 514 561 ὑμᾶς
526 526 577 552 ὑπὸ
591 526 641 561 τὴν
655 526 752 561 ῥάϐδον
764 535 815 562 μου
825 534 832 540 ·
848 527 895 554 καὶ

99 571 186 602 πολὺς
204 572 218 597 6
231 572 296 606 περὶ
311 572 360 606 τῆς
380 571 479 607 ῥάϐδου
500 571 588 607 Ἰησοῦ
610 571 697 606 λόγος.
715 572 812 606 Ἔλεγε
838 573 895 599 τοί-

99 625 148 643 νυν
167 617 235 652 πρὸς
252 618 316 649 τοὺς
329 617 488 649 Ἰουδαίους·
511 628 519 643 ι
541 618 609 644 Οὐδὲ
625 618 703 644 τοῦτο
721 618 868 653 ἀνέγνωτε,
882 619 896 645 ὃ

100 662 215 698 ἐποίησε
231 663 324 694 Δαϐὶδ,
345 663 392 689 ὃτε
408 663 552 690 ἐπείνασεν
565 663 656 695 αὐτὸς,
675 664 723 690 καὶ
739 664 763 690 οἱ
776 665 833 700 μετ’
849 665 898 690 αὐ-

99 707 166 740 τοῦ;
185 708 244 740 πῶς
258 708 384 744 εἰσῆλθεν
403 710 442 741 εἰς
456 709 502 736 τὸν
515 708 588 736 οἶκον
605 709 651 736 τοῦ
669 709 747 742 Θεοῦ,
772 709 819 737 καὶ
833 709 897 741 τοὺς

99 754 202 789 ἄρτους
228 755 278 789 τῆς
308 754 462 791 προθέσεως
488 755 568 781 ἔλαϐε
600 755 647 782 καὶ
677 755 788 790 ἔφαγεν,
813 755 827 782 ὃ
848 755 897 781 οὐκ

99 800 207 832 ἔξεστιν
227 803 314 827 ποιεῖν
331 802 355 827 εἰ
377 801 415 836 μὴ
431 801 586 836 μόνοιςτοῖς
610 801 746 837 ίερεῦσινς
773 811 782 827 ι
804 802 833 828 '0
849 802 897 836 μὲν

99 843 147 872 οὖν
161 845 241 880 σοφὸς
252 846 388 882 ἀκροατὴς
399 847 448 873 ναὶ
462 847 583 882 συνήθης
593 848 648 874 τῶν
662 847 897 883 ἐκκλησιαστικῶν

99 890 246 926 δογμάτων
258 900 287 918 τε
298 892 346 918 καὶ
360 892 581 928 ἀναγνωσμάτων
590 891 643 920 οἶδε
652 893 701 928 τὴν
714 894 843 929 ἱστορίαν,
851 894 897 920 καὶ

101 936 132 962 οὑ
148 936 244 971 χρείαν
264 936 320 972 ἔχει
335 937 385 971 τῆς
408 937 579 973 διηγήσεως·
605 938 700 973 ἐπειδὴ
722 938 750 964 δὲ
780 938 864 970 πολὺς
883 939 897 964 6

100 983 202 1009 νεωστὶ
224 983 377 1019 συρρεύσας
407 984 474 1019 ἡμῖν
505 984 583 1016 λαὸς,
615 985 629 1010 ὀ
660 985 709 1020 τὴν
739 984 897 1011 ὲπιπόλαιον

102 1029 237 1063 ἀκρόασιν
262 1030 315 1056 τῶν
331 1029 412 1057 θείων
428 1030 527 1065 λογίων
550 1031 629 1066 ἔχων,
659 1031 689 1057 τὸ
706 1030 734 1057 δὲ
752 1031 832 1066 βάθος
848 1031 898 1066 τῆς

101 1077 223 1112 νοήσεως
244 1077 281 1112 μὴ
305 1077 539 1112 ὲνστερνισμένος,
563 1077 654 1109 καλῶς
672 1077 744 1112 ἔχειν
761 1086 806 1112 μοι
826 1077 898 1103 δοκεῖ

101 1122 265 1158 ἐπιδραμεῖν
277 1123 324 1149 καὶ
337 1123 422 1157 δεῖξαι
433 1124 482 1159 τὴν
499 1123 630 1159 ἱστορίαν,
644 1123 688 1150 ἵνα
706 1123 815 1158 γνῶμεν
827 1122 898 1154 τίνος

101 1170 197 1197 ἕνεκεν
221 1170 321 1206 ταύτης
342 1170 544 1206 ἐμνημόνευσεν
557 1171 571 1196 6
583 1169 689 1205 Σωτήρ.
715 1169 846 1201 Βασιλεύς
856 1177 898 1200 τις

101 1214 137 1252 ἦν
154 1217 184 1242 ὲν
203 1218 258 1248 τοῖς
277 1216 412 1251 ἀρχαίοις,
429 1215 522 1247 Δαϐὶδ,
545 1215 648 1250 ποιμὴν
671 1214 705 1241 τὰ
721 1215 827 1250 πρῶτα,
852 1215 898 1241 καὶ

103 1262 233 1298 βασιλεὺς
251 1263 286 1289 τὰ
300 1262 424 1298 δεύτερα.
451 1262 506 1297 Τὴν
531 1261 559 1288 δὲ
577 1261 716 1297 βασιλείαν
736 1262 786 1287 οὐκ
803 1261 898 1288 ἔλαϐεν

101 1310 243 1344 ἁρπάσας,
263 1309 342 1341 ἀλλὰ,
365 1308 419 1346 τοῦμ
439 1308 525 1335 Σαοὺλ
543 1309 753 1344 ἁμαρτήσαντος
770 1309 816 1336 καὶ
832 1309 899 1335 ἀπο-

102 1355 265 1390 ϐαλομένου,
275 1355 388 1391 ὲχρίσθη
395 1355 477 1381 Δαϐὶδ
488 1355 542 1381 ἀπὸ
555 1354 601 1381 τοῦ
611 1355 738 1391 Σαμουήλ
749 1354 815 1391 (51).
832 1355 899 1390 Χρι-

103 1401 178 1432 σθεὶς
191 1400 220 1427 δὲ
234 1401 274 1432 εἰς
290 1401 338 1436 τὴν
356 1400 505 1435 βασιλείαν,
535 1401 583 1435 οὐχ
600 1399 658 1435 ἅμα
673 1400 782 1436 ἥρπασε
804 1400 834 1426 τὸ
851 1400 899 1436 βα-

103 1448 214 1479 σῐλειον,
232 1446 301 1473 ἀλλὰ
315 1447 423 1482 χρόνοις
448 1446 555 1478 πολλοῖς
572 1446 716 1477 δουλεύσας
740 1445 778 1481 τῷ
801 1446 897 1477 Σαοὺλ,

103 1495 230 1530 ὕστερον,
244 1494 288 1521 ὅτε
304 1495 371 1526 Θεὸς
390 1494 532 1530 ἠθέλησεν,
545 1493 669 1529 ἐφήψατο
683 1495 732 1529 τῆς
750 1494 897 1529 βασιλείας.

110 1540 322 1568 Ἐπεϐουλεύετο
338 1539 385 1567 οὖν
400 1540 452 1567 ὑπὸ
459 1540 506 1567 τοῦ
524 1540 621 1571 Σαοὺλ,
637 1541 822 1575 εὐεργετήσας
836 1539 897 1566 τοῦ-

104 1597 167 1615 τον·
185 1586 380 1614 ἐπεϐουλεύετο
393 1587 421 1613 δὲ
439 1587 486 1613 καὶ
510 1587 564 1613 ὑπὸ
577 1586 624 1613 τοῦ
652 1586 838 1622 Ἀϐεσσαλὼμ,
854 1586 900 1613 τοῦ

102 1634 206 1662 οἰκείου
218 1634 323 1661 τέκνου.

141 1691 169 1719 9.
183 1690 276 1718 Ταῦτα
295 1690 403 1724 ἀληθῶς
420 1689 469 1725 μὲν
489 1689 587 1725 συνέϐη
601 1689 640 1725 τῷ
665 1689 761 1715 Δαϐίδ·
779 1684 856 1720 οὗτος
874 1687 902 1714 δέ

104 1747 183 1770 uva;
198 1738 306 1769 εἰκόνας
318 1735 375 1772 εἶχε
392 1736 442 1772 τῆς
455 1736 502 1763 τοῦ
518 1736 643 1772 Σωτῆρος
656 1736 818 1771 παρουσίας.
829 1734 903 1760 Ἔδει

104 1785 161 1820 γὰρ
177 1784 224 1810 τὸν
240 1784 400 1819 προπάτορα
416 1783 464 1809 καὶ
480 1783 588 1814 εἰκόνας
605 1782 677 1818 ἔχειν
693 1782 740 1809 τοῦ
756 1782 901 1816 ἀπογόνου.

108 1841 118 1857 ι
140 1830 239 1862 Βίϐλος
252 1829 384 1864 γενέσεως
400 1829 487 1864 Ἰησοῦ
506 1829 625 1865 Χριστοῦ
644 1829 703 1856 υἱοῦ
720 1828 811 1855 Δαϐίὸ.
831 1838 840 1853 ›
858 1828 905 1854 Τι-

105 1877 151 1908 νὲς
180 1877 207 1903 αἱ
232 1876 287 1902 τῶν
317 1876 490 1911 πραγμάτων
517 1875 662 1911 ὁμοιώσεις
694 1876 743 1902 οὐκ
777 1875 902 1910 ἰσότιμοι.

112 1921 284 1958 Ὀμοιούσθω
300 1921 354 1957 γὰρ
376 1922 390 1947 6
412 1921 505 1952 δοῦλος
520 1921 559 1957 τῷ
577 1921 694 1957 δεσπότῃ
708 1929 715 1935 ·
731 1921 761 1947 οὐ
785 1921 837 1956 μὴν
853 1921 906 1947 ἰσό-

105 1978 186 2004 τιμος
207 1969 322 2003 γίνεται,
342 1968 411 2004 πλὴν
431 1968 487 2003 ἔχει
509 1968 587 1999 τινὰς
610 1968 782 2003 ὁμοιότητας.
807 1968 835 1994 Ὀ
855 1968 905 1994 Δα-

105 2017 151 2044 αδ
175 2016 289 2052 ποιμὴν,
319 2017 365 2042 καὶ
387 2016 489 2051 ποιμὴν
516 2017 530 2041 ὁ
548 2014 684 2050 Χριστός·
705 2013 796 2048 «Ἐγώ
818 2015 875 2050 εἰμι
891 2014 905 2040 6

107 2063 212 2098 ποιμὴν
229 2063 244 2088 ὀ
259 2061 351 2093 καλὸς,
366 2071 375 2087 ι
393 2061 496 2096 ἔλεγεν.
519 2061 586 2087 Ἀλλ’
604 2061 618 2086 ὁ
636 2060 686 2096 μὲν
700 2060 802 2095 ποιμὴν
823 2059 907 2095 ϐρεμ-

108 2110 214 2144 μάτων,
243 2109 257 2134 6
273 2108 302 2134 δὲ
323 2107 426 2143 ποιμὴν
448 2107 558 2142 ψυχῶνο
576 2106 706 2141 ὁμοίωσις
724 2106 905 2142 πραγμάτων,

108 2155 194 2190 πολλὴ
207 2154 237 2180 δὲ
254 2153 416 2189 παραλλαγὴ
428 2153 473 2180 τοῦ
489 2152 656 2188 ἀξιώματος.
667 2153 780 2188 Ἕχρισε
796 2152 842 2178 τὸν
855 2153 907 2178 Δα-

108 2199 151 2226 ειδ
166 2200 208 2231 εἰς
226 2198 338 2234 βασιλέα
353 2198 481 2234 Σαμουὴλ
498 2199 512 2224 6
528 2197 627 2233 ἱερεὺς,
646 2197 777 2224 ἐϐάπτισε
802 2196 906 2223 καὶτὸν

886 1565 937 1594 -C

946 248 992 277 ille
1007 249 1138 277 Davidem
1164 253 1299 277 memorat
1314 259 1320 276 :
1333 249 1379 284 qui
1397 258 1430 277 ex
1447 249 1548 277 Davide
1568 254 1611 278 est
1636 257 1737 277 secun-

945 295 1010 322 dum
1028 303 1151 327 carnem,
1170 300 1234 323 ante
1249 295 1377 323 Davidem
1402 301 1492 324 autem
1507 296 1657 324 secundum
1681 297 1737 333 spi-

945 342 1028 369 ritum
1044 351 1051 370 :
1069 343 1115 377 qui
1140 342 1292 370 secundum
1311 350 1420 370 carnem
1443 343 1552 377 quidem
1577 342 1686 370 Davidis
1704 343 1736 369 ii-

945 388 1013 420 lius;
1032 388 1182 416 secundmn
1202 388 1328 424 spiritum
1346 393 1436 416 autem
1454 388 1564 416 Davidis
1582 388 1713 416 Dominus
1729 398 1736 416 :

946 435 993 470 qui
1010 443 1043 462 ex
1069 435 1161 462 radice
1185 434 1271 462 lessus
1288 435 1462 470 germinavit.
1484 435 1566 470 Virga
1591 435 1735 467 mirabilis,

946 490 1006 516 quae
1026 481 1182 509 Judzeorum
1205 490 1291 517 genus
1316 482 1443 512 conterit.
1463 482 1582 515 gentium
1606 490 1671 508 vero
1689 489 1739 517 po-

948 528 1040 561 pulmn
1067 527 1145 562 quasi
1164 535 1272 561 gregem
1293 527 1407 561 colligit.
1435 526 1493 561 Ipse
1514 527 1614 562 quippe
1632 530 1674 554 est
1692 527 1739 561 qui

947 573 1016 600 dixit
1033 583 1039 600 ε
1056 573 1156 600 Ducam
1172 581 1220 600 vos
1236 573 1288 600 sub
1305 574 1379 607 virga
1398 581 1466 600 mea.
1486 573 1622 608 Multaque
1637 573 1740 600 mentio

947 624 989 647 est
1006 620 1040 647 de
1055 620 1130 654 virga
1145 619 1219 646 Jesu.
1238 619 1312 646 Dixit
1334 619 1418 654 igitur
1432 619 1465 646 ad
1481 618 1606 647 Judzeos:
1623 629 1631 644 ι
1643 619 1740 647 Nonne

948 666 1052 701 legistis
1072 666 1137 701 quid
1155 666 1249 693 iecerit
1266 666 1361 697 David,
1380 666 1490 701 quando
1511 666 1608 693 esuriit
1627 666 1696 700 ipse.
1713 670 1741 694 et

948 713 995 748 qui
1017 720 1081 739 cum
1109 720 1141 740 eo
1165 713 1263 740 erant?
1282 711 1420 747 quomodo
1441 711 1553 738 intravit
1577 711 1604 738 in
1628 711 1741 738 domum

949 759 1009 792 Dei,
1037 763 1064 785 et
1087 766 1173 794 panes
1197 758 1397 793 propositionis
1426 758 1532 792 accepit
1557 761 1585 784 et
1610 756 1739 788 comedit,

948 806 1021 842 quod
1048 813 1103 832 non
1126 806 1189 833 licet
1208 804 1297 831 facere
1314 805 1367 832 nisi
1388 804 1454 831 solis
1472 804 1663 831 sacerdotibus
1675 802 1714 829 "‘1
1729 812 1738 829 ι

951 852 1067 887 Sapiens
1091 852 1183 886 itaque
1208 851 1328 881 auditor,
1359 850 1518 885 peritusque
1540 849 1742 877 ecclesiastico-

952 904 1011 923 rum
1033 895 1188 931 dogmatum
1201 900 1228 922 et
1246 895 1405 926 lectionum,
1423 895 1566 922 historiam
1590 895 1676 930 probe
1693 902 1743 922 n0-

951 942 1000 975 vit,
1019 950 1069 969 nec
1089 946 1150 977 eget
1170 941 1362 976 explicatione.
1380 941 1415 967 At
1430 940 1652 976 quandoquidem
1671 940 1743 967 mu!-

952 991 997 1014 tus
1012 987 1091 1014 nobis
1117 994 1204 1021 nuper
1221 985 1352 1012 conﬂuxit
1369 986 1499 1020 populus,
1518 986 1564 1020 qui
1581 985 1691 1013 nonnisi
1706 985 1744 1013 le-

952 1040 1010 1060 vem
1029 1032 1185 1059 divinorum
1200 1031 1374 1065 eloquiorum
1386 1030 1571 1065 cognitionem
1587 1030 1683 1057 auditu
1699 1038 1745 1057 ac-

951 1079 1034 1111 cepit,
1049 1087 1137 1113 ncque
1154 1077 1353 1105 sententiarum
1371 1077 1584 1112 profunditatem
1607 1077 1634 1104 in
1653 1082 1745 1104 mente

953 1125 1147 1160 apprehendit;
1173 1131 1264 1159 opera:
1282 1124 1398 1159 prelium
1424 1124 1490 1150 mihi
1517 1123 1636 1156 videtur,
1658 1123 1745 1150 histo-

952 1171 1020 1198 riam
1037 1170 1140 1198 cursim
1158 1170 1324 1205 explanare:
1340 1173 1368 1196 ut
1391 1169 1512 1196 sciamus
1532 1177 1586 1204 qua
1611 1168 1644 1196 de
1661 1176 1745 1195 causa

953 1217 1027 1244 illam
1052 1217 1215 1244 mcmormit
1242 1216 1377 1243 Salvator.
1401 1215 1474 1243 Inter
1488 1215 1595 1251 priscos
1618 1223 1663 1242 rex
1683 1215 1744 1245 fuit,

952 1263 1064 1290 nomine
1080 1262 1176 1294 David,
1195 1263 1272 1297 prius
1289 1269 1393 1297 pastor,
1412 1261 1587 1297 postmodum
1606 1269 1665 1288 rex.
1687 1260 1745 1287 Non

952 1309 1026 1346 quod
1056 1317 1170 1344 regnum
1196 1309 1338 1340 invaserit,
1367 1308 1414 1335 sed
1439 1307 1520 1335 Saule
1543 1308 1578 1334 ob
1603 1311 1747 1342 peccatum

953 1365 1033 1385 suum
1052 1357 1172 1391 abjecto,
1191 1360 1294 1383 unctus
1310 1360 1351 1383 est
1366 1354 1450 1382 David
1468 1363 1482 1381 a
1500 1353 1638 1382 Samuele.
1650 1353 1691 1381 Ad
1707 1361 1749 1381 re-

953 1411 1037 1439 gnum
1053 1403 1184 1430 inunctus
1196 1410 1250 1429 non
1268 1403 1359 1429 statim
1375 1409 1487 1436 regnum
1504 1401 1663 1436 occupavit;
1676 1399 1748 1426 mul-

953 1451 988 1477 tis
1010 1450 1111 1486 quippe
1128 1449 1208 1476 annis
1231 1448 1306 1476 Sauli
1333 1448 1467 1475 servivit:
1485 1455 1517 1474 ac
1541 1448 1649 1474 denmm
1679 1454 1745 1473 cum

953 1494 1009 1522 Deo
1023 1495 1136 1530 placuit,
1155 1501 1268 1529 regnum
1285 1493 1362 1520 adiit.
1377 1493 1489 1520 lnsidiis
1504 1492 1588 1527 igitur
1601 1491 1747 1526 appeteba-

953 1546 998 1568 tur
1015 1549 1029 1568 a
1046 1541 1139 1573 Saule,
1161 1541 1204 1567 cui
1220 1539 1352 1566 beneﬁcia
1367 1539 1534 1571 contulerat,
1550 1537 1660 1565 insidiis
1682 1537 1747 1564 item

954 1588 988 1615 ab
1005 1587 1146 1620 Absalom,
1161 1586 1273 1622 proprio
1290 1586 1356 1613 lilio.

989 1689 1016 1717 9.
1038 1687 1102 1716 Haec
1117 1695 1213 1716 revera
1236 1686 1376 1721 contigere
1389 1684 1486 1712 Davidi
1499 1694 1506 1711 :
1521 1683 1566 1711 hic
1582 1690 1648 1711 vero
1665 1689 1750 1718 quas-

954 1734 1017 1762 dam
1039 1741 1096 1770 praz
1119 1741 1149 1761 se
1168 1732 1222 1760 fert
1242 1732 1346 1760 Christi
1372 1731 1507 1758 adventus
1529 1728 1672 1763 imagines.
1694 1726 1749 1753 Par

955 1781 1007 1808 fuit
1022 1781 1094 1808 enim
1114 1787 1257 1815 proavum,
1271 1778 1431 1814 pronepotis
1446 1777 1488 1804 sui
1505 1775 1612 1810 aliquas
1626 1773 1749 1810 proferre

956 1826 1163 1855 similitudines.
1185 1835 1194 1851 ι
1210 1825 1290 1852 Liber
1307 1823 1492 1860 generationis
1506 1822 1570 1849 Jesu
1594 1820 1697 1848 Christi
1718 1819 1749 1846 ii-

956 1874 983 1901 lii
1010 1873 1094 1900 David
1116 1873 1149 1900 ³⁰.
1173 1882 1182 1898 ι
1200 1871 1254 1899 Sed
1277 1872 1304 1898 in
1329 1871 1416 1898 altero
1438 1877 1529 1896 rerum
1554 1866 1750 1896 similitudines

957 1928 1013 1947 non
1039 1920 1159 1954 mquales
1186 1923 1260 1946 sunt.
1279 1918 1345 1945 Esto
1372 1916 1471 1945 similis
1495 1922 1592 1942 servus
1614 1913 1750 1946 Domino;

956 1974 1011 1993 non
1037 1971 1127 1993 tamen
1151 1972 1200 2000 par
1217 1965 1280 1997 erit,
1302 1964 1365 1991 licet
1386 1963 1483 1990 habeat
1497 1961 1630 1996 quasdam
1653 1958 1753 1987 simili—

958 2013 1077 2040 tudines.
1095 2011 1193 2039 Pastor
1210 2011 1306 2042 David,
1326 2013 1420 2045 pastor
1436 2009 1500 2036 item
1518 2008 1655 2035 Christus.
1670 2015 1679 2031 ι
1694 2004 1751 2039 Ego

958 2067 1030 2092 sum,
1051 2067 1060 2083 ι
1078 2058 1177 2093 inquit,
1193 2067 1201 2083 ι
1216 2061 1309 2092 pastor
1325 2056 1414 2084 bonus
1426 2056 1467 2087 ³¹;
1485 2064 1494 2080 ι
1512 2054 1560 2082 sed
1584 2056 1678 2088 pastor
1706 2051 1750 2078 ille

957 2105 1106 2140 pecudum,
1134 2104 1178 2130 hic
1204 2107 1297 2138 pastor
1322 2103 1487 2130 animarum.
1513 2099 1615 2128 Rerum
1641 2097 1751 2133 quidem

959 2142 1119 2182 similitudo,
1133 2150 1180 2178 sed
1194 2157 1320 2184 magnum
1332 2148 1481 2176 discrimen
1497 2144 1648 2181 dignitatis.
1668 2141 1751 2169 Unxit

961 2197 1089 2224 Davidem
1116 2197 1143 2223 in
1170 2204 1261 2232 regem
1286 2194 1416 2223 sacerdos
1445 2192 1555 2220 Samuel
1577 2187 1752 2224 :1ltaplizavit

109 2245 225 2280 Σωτῆρα
253 2246 268 2272 6
300 2245 444 2280 Ἰωάννης,
475 2245 512 2276 ὡς
537 2245 627 2280 ἱερεὺς
662 2243 700 2271 ὢν
730 2244 778 2270 καὶ
805 2243 902 2275 αὐτός·

989 2243 1128 2270 ilvatorem
1143 2241 1275 2273 Joannes,
1289 2245 1384 2275 utpote
1399 2238 1528 2266 sacerdos
1539 2240 1566 2263 et.
1579 2236 1647 2270 ipse.
1667 2232 1752 2260 Suni-

109 2292 239 2327 ὁμοιότης
256 2291 305 2327 μὲν
323 2290 377 2317 τῶν
389 2290 569 2327 πραγμάτων,
592 2289 676 2325 πολλὴ
689 2290 715 2316 δὲ
725 2289 841 2325 διαφορὰ
852 2289 906 2315 τῶν

111 2338 312 2373 ὑποκειμένων.
337 2336 467 2373 Χρισθεὶς
485 2336 514 2363 δὲ
536 2337 550 2363 ὁ
565 2336 646 2362 Δαϐὶδ
661 2337 702 2367 είς
722 2335 843 2370 βασιλέα,
858 2335 907 2370 οὐχ

111 2386 167 2421 ἅμα
189 2385 298 2421 ἥρπασε
323 2384 373 2419 τὴν
404 2383 552 2418 βασιλείαν,
581 2382 638 2409 ἀλλ’
654 2382 776 2417 ἠνείχετο
800 2381 907 2413 πολλοῖς

113 2433 219 2467 ἰρόνοις
233 2429 368 2457 δουλεύων
384 2428 424 2464 τῷ
436 2428 523 2456 Σαούλ
532 2437 539 2443 ο
556 2428 602 2455 καὶ
617 2430 631 2455 ὁ
645 2428 742 2464 Σωτὴρ
756 2427 834 2463 ἡμῶν
847 2436 908 2462 γεν-

116 2478 203 2514 νηθεὶς
218 2475 345 2512 βασιλεὺς
363 2475 416 2511 πρὸ
427 2475 481 2501 τῶν
499 2474 616 2506 αἰώνων,
630 2474 678 2501 καὶ
694 2474 724 2500 οὺ
740 2473 908 2509 πρόσκαιρον

114 2523 180 2558 ἔχων
198 2523 249 2558 τὴν
273 2522 423 2558 βασιλείαν,
449 2520 517 2547 ἀλλὰ
536 2520 589 2556 πρὸ
608 2520 718 2547 πάντων
731 2519 784 2546 τῶν
803 2519 908 2546 αἰώνων

114 2567 250 2603 βασιλεὺς,
275 2568 307 2594 ἐκ
332 2566 463 2602 βασιλέως
488 2565 556 2592 Θεοῦ
589 2564 739 2601 γεννηθεὶς,
768 2564 905 2599 ἠνείχετο·

115 2623 124 2640 ι
135 2615 192 2649 Οὐχ
204 2613 352 2650 ἁρπαγμὸν
368 2614 489 2648 ¹ἡγήσατο
504 2612 534 2639 τὸ
550 2609 618 2638 εῖναι
633 2611 678 2638 ἴσα
689 2611 762 2646 Θεῷ·
775 2610 833 2637 ἀλλ’
846 2611 909 2636 ἐαυ-

116 2659 158 2688 τὸν
170 2661 300 2692 ἐκένωσε,
317 2659 423 2695 μορφὴν
436 2659 528 2685 δούλου
540 2657 642 2688 λαϐὼν,
661 2667 670 2683 ι
693 2657 735 2684 ἵνα
747 2656 843 2692 τελέσῃ
859 2656 908 2691 τὴν

114 2705 281 2740 οἰκονομίαν.
316 2704 426 2731 Ἑδίωκε
447 2703 494 2730 τὸν
519 2703 601 2730 Δαϐὶδ
622 2701 719 2736 Σαοὺλ,
745 2701 841 2728 ἐδίωκε
861 2701 908 2728 τὸν

152 2783 174 2800 ³⁵
194 2782 292 2810 Matth.
312 2790 367 2815 xu,
383 2782 419 2815 5,
436 2781 463 2808 4.
502 2781 525 2797 ³ο
544 2780 641 2808 Matth.
661 2788 687 2815 I,
708 2780 734 2809 L

156 2875 210 2913 (3|)
227 2874 408 2911 Anglicanus,
423 2873 475 2902 ὑπὸ
488 2872 533 2901 τοῦ
548 2873 646 2901 Σαούλ.

774 2781 795 2797 ³⁸
817 2779 897 2808 Joan.
917 2787 951 2813 x,
971 2779 1015 2807 ll.

957 2289 1045 2316 litudo
1060 2288 1169 2323 quidem
1186 2287 1229 2314 hic
1241 2294 1332 2314 rerum
1349 2289 1407 2316 est.
1427 2284 1474 2312 sed
1488 2291 1585 2318 magna
1595 2279 1751 2308 differentia

958 2340 1150 2368 personarum.
1169 2331 1273 2359 Unctus
1290 2330 1374 2358 David
1397 2331 1425 2357 in
1449 2335 1555 2363 regem,
1580 2333 1635 2354 non
1658 2324 1752 2352 statim

958 2387 1073 2415 regnum
1095 2379 1240 2414 occupavit
1255 2388 1261 2405 :
1279 2378 1375 2404 multis
1400 2376 1500 2411 quippe
1517 2374 1596 2401 annis
1619 2371 1753 2400 sustinuit

961 2426 1035 2453 Sauli
1058 2426 1182 2458 servire;
1197 2424 1322 2452 Salv-ator
1337 2430 1446 2458 quoque
1462 2424 1556 2448 noster
1574 2419 1683 2454 genitus
1704 2425 1752 2445 rex

959 2473 1022 2496 ante
1038 2469 1149 2500 samula,
1164 2477 1214 2496 nec
1235 2469 1382 2503 temporale
1397 2465 1541 2502 possidens
1554 2471 1668 2500 regnum
1678 2482 1685 2494 ,
1703 2462 1750 2490 sed

960 2520 1023 2544 ante
1038 2516 1132 2542 omnia
1147 2515 1247 2543 saecula
1264 2522 1312 2541 rex
1331 2522 1365 2541 ex
1384 2520 1447 2547 rege
1463 2511 1517 2538 Deo
1528 2511 1648 2546 genitus,
1665 2509 1690 2536 id
1706 2516 1754 2536 su-

962 2561 1060 2590 stinuit
1074 2571 1080 2588 :
1099 2571 1108 2587 (
1122 2560 1182 2588 Non
1193 2561 1316 2596 rapinam
1331 2560 1481 2586 arbitratus
1491 2561 1533 2585 est
1543 2564 1605 2585 esse
1619 2563 1649 2583 se
1660 2562 1754 2590 aequa-

962 2608 1014 2635 lem
1028 2607 1100 2640 Deo;
1117 2607 1164 2634 sed
1178 2606 1354 2641 semetipsum
1368 2603 1529 2635 exinanivit,
1546 2603 1663 2630 formam
1681 2600 1753 2628 servi

962 2654 1099 2688 accipiens
1109 2653 1131 2669 ³¹
1142 2662 1152 2679 ι
1164 2661 1171 2685 ;
1184 2656 1213 2679 ut
1221 2652 1377 2679 absolveret
1385 2651 1578 2678 meonomiam.
1586 2647 1757 2676 Persecutus

962 2704 1004 2728 est
1021 2700 1151 2728 Davidem
1174 2698 1251 2732 Saul,
1267 2700 1428 2734 persecutus
1441 2700 1485 2725 est
1509 2695 1650 2723 Christum
1666 2692 1755 2721 Hero-

1055 2779 1078 2795 "
1098 2777 1216 2814 Philipp.
1237 2785 1276 2811 ιι,
1296 2776 1330 2811 6,
1347 2776 1374 2804 'l.
