1898 3053
154 101 204 128 155

739 91 767 117 S.
788 87 1021 118 A'IHANASIUS.
1045 102 1080 108 ——
1100 85 1216 115 DUBlA.

1734 79 1792 107 156

153 158 211 185 des.
231 155 285 183 Sed
311 161 400 190 neque
422 152 486 180 Saul
506 158 686 187 persequens.
715 149 812 177 Davidi
827 149 938 182 nocuit;

1037 147 1108 173 ιστὸν
1129 145 1264 181 Ἡρώδης.
1273 143 1342 170 Ἀλλ’
1357 141 1419 169 οὔτε
1431 141 1446 168 ὁ
1460 141 1547 168 Σαοὺλ
1561 139 1666 168 διώκων
1680 139 1725 166 τὸν
1737 140 1796 165 Δα-

154 209 241 237 ncque
259 199 380 228 Herodes
400 205 579 234 persequens,
596 197 738 224 Christum
754 196 834 223 lmsit.
848 194 950 222 lnsur-'

154 249 224 276 rexit
239 249 266 275 in
282 246 410 274 Davidem
422 245 551 272 Absalom
570 243 642 271 ﬁlius
655 251 733 274 suus,
752 242 901 270 insurrcxit
914 241 942 269 in

154 295 323 321 Salvatorcm
347 291 443 324 Judas,
469 291 526 326 ipse
545 298 654 325 quoque
678 289 750 317 ﬁlius
770 289 942 324 :discipulos

154 341 252 376 quippe
272 339 398 366 Salvator
424 345 622 371 nonnunquam
642 336 711 363 ﬁlios
729 336 856 365 vocabat.
882 335 941 362 sic:

155 395 165 411 ί
182 386 250 412 Ecce
262 393 312 420 ego
328 388 354 411 ct
370 384 444 411 ﬁlioli
463 383 515 410 mei
529 390 600 417 quos
613 382 689 409 dedit
709 382 773 408 mibi
787 381 859 409 Deus
871 382 892 397 ³³
908 391 914 409 :
932 391 941 407 ι

154 435 180 459 et
196 431 293 458 iterum
320 429 354 457 ad
377 429 528 463 discipulos
550 429 604 455 ait:
623 438 631 453 ‹
651 428 737 454 Filioli
750 427 844 463 50".
864 437 874 454 ι
893 430 945 454 Lo-

153 484 204 503 cus
220 480 310 502 autem
335 474 411 502 exitii
437 474 578 501 Absalom.
607 472 702 499 Manus
715 473 837 499 Absalom
858 472 892 503 ³⁵,
917 473 944 498 ἱιι

155 520 228 547 hunc
255 520 326 547 diem
352 524 538 553 nuncupatur.
569 517 628 544 Jam
654 518 731 547 mihi,
757 526 860 552 qua-so,
884 525 946 552 pcr-

155 565 245 600 pcude
268 566 398 592 barmnce
430 573 521 592 rermu
547 568 670 591 exactam
697 564 853 598 imaginem.
888 563 946 590 Non

155 611 288 646 scriptum
301 615 352 642 est,
370 610 421 637 Pes
436 610 581 642 Absalom,
605 609 663 641 sed,
683 608 779 635 Manus
797 608 922 635 Absalum
937 616 946 635 :

155 665 210 685 non
232 658 325 684 itidem
350 657 438 691 Caput
468 657 608 688 Absalom,
635 655 697 682 licet
718 655 823 690 capillis
851 654 947 689 capitis

155 703 286 738 perierit;
314 702 360 730 sed
377 701 473 728 Manus
495 701 631 728 Absalom.
666 700 744 727 Prior
761 700 861 734 quippe
898 699 948 726 fuit

155 748 246 783 capite
267 755 366 775 manus
398 755 458 783 qua:
481 747 601 779 tradidit,
627 746 705 780 juxta
727 753 818 773 rerum
853 745 948 780 imagi-

155 803 239 828 nem;
260 795 307 822 sed
335 794 414 829 quasi
431 801 551 828 egressa,
571 801 618 827 per
642 800 733 819 rerum
763 791 946 826 nuncupatio-

993 193 1037 220 ϐὶδ
1048 192 1173 227 ἔϐλαψεν,
1186 190 1251 217 οὔτε
1269 189 1390 226 Ἡρώδης
1406 187 1511 215 διώκων
1520 187 1566 214 τὸν
1577 187 1693 224 Χριστὸν
1706 186 1795 212 56h-

990 240 1052 275 ψεν.
1069 238 1218 273 Ἐπανέστη
1232 236 1271 272 τῷ
1287 235 1369 262 Δαϐὶδ
1390 233 1568 270 Ἀϐεσσαλὼμ
1584 234 1640 265 υἱὸς
1656 232 1692 260 ὧν
1704 241 1710 248 ·
1739 233 1796 259 ἐπ-

993 286 1095 320 ανέστη
1111 284 1149 320 τῷ
1165 283 1272 319 Σωτῆρι
1291 282 1390 313 Ἰούδας
1403 281 1459 312 υἱδς
1472 280 1510 308 ὢν
1528 281 1574 308 καὶ
1589 280 1668 312 αὐτὸς
1690 279 1792 311 ἄλλος’

994 333 1058 363 τοὺς
1082 330 1137 367 γὰρ
1161 329 1286 366 μαθητὰς
1308 327 1376 355 οἶδεν
1391 329 1406 355 ὁ
1429 328 1524 363 Σωτὴρ
1542 325 1684 362 ὀνομάζειν
1701 326 1797 358 υἱοὺς,

994 378 1099 412 λέγων·
1125 386 1134 402 ι
1153 377 1217 404 Ἰδοὺ
1239 375 1294 410 ἐγὼ
1314 376 1361 402 καὶ
1382 374 1417 401 τὰ
1438 373 1541 405 παιδία,
1560 373 1578 400 ἆ
1591 382 1635 408 μοι
1659 373 1762 399 ἔδωκεν
1781 377 1797 399 ι,

995 423 1060 455 Θεὸς
1073 432 1079 438 ·
1096 433 1105 449 ι
1134 423 1182 450 καὶ
1197 422 1277 448 πάλιν
1293 422 1360 457 πρὸς
1374 421 1437 452 τοὺς
1462 420 1584 456 μαθητὰς
1602 419 1693 454 ἔλεγε,
1711 428 1721 445 ι
1741 419 1782 445 Τε

995 470 1068 498 κνια.
1085 479 1094 495 ι
1105 470 1133 496 'O
1147 470 1228 501 τόπος
1239 469 1289 504 τῆς
1312 467 1449 499 ἀπωλείας
1467 466 1513 493 τοῦ
1529 465 1706 501 Ἀϐεσσαλὼμ
1723 465 1798 498 Χεὲρ

1003 516 1133 542 Ἀϐεσσα
1140 514 1197 549 Ιὼμ
1214 515 1294 550 μέχρι
1307 514 1354 549 τὴν
1367 514 1485 549 σήμερον
1497 512 1692 540 καλεῖται.Καὶ
1709 510 1795 546 βλέπε

999 570 1043 597 μοι
1058 562 1105 597 τὴν
1121 561 1263 597 ἀκρίϐειαν
1279 561 1328 596 τῆς
1354 561 1456 592 εἰκόνος
1475 559 1530 586 τῶν
1553 559 1734 595 πραγμάτων.
1756 557 1795 584 Οὐ

997 608 1161 643 γέγραπται,
1179 606 1250 638 Ποῦς
1271 605 1457 641 Ἂϐεσσαλὼμ,
1475 605 1542 632 ἀλλὰ
1557 605 1625 640 Χεὶρ
1647 606 1794 632 Ἀϐεσσα-

997 653 1078 688 λώμ’
1097 653 1126 679 οὑ
1147 653 1304 689 γέγραπται
1315 652 1429 688 Κεφαλὴ
1449 651 1636 686 Ἀὃεσσαλὼμ,
1667 651 1793 685 καίτοιγε

999 699 1052 725 ἀπὸ
1059 699 1158 734 τριχῶν
1170 699 1290 733 κεφαλῆς
1298 698 1431 730 ἀπώλετο,
1439 697 1506 724 ἀλλὰ
1513 697 1581 732 Χεὶρ
1588 695 1791 731 Ἀϐεσσαλώμ.

998 745 1097 780 Πρώτη
1112 745 1166 780 γὰρ
1183 743 1216 781 ἦν
1228 747 1243 781 ὴ
1259 745 1306 780 τῆς
1319 745 1439 780 κεφαλῆς
1453 745 1523 780 χεὶρ,
1537 745 1554 780 ἡ
1568 743 1704 779 προδοῦσα
1719 742 1794 770 κατὰ

1000 792 1049 826 τῆς
1068 791 1170 823 εἰκόνος
1190 791 1244 818 τῶν
1271 791 1458 827 πραγμάτων·
1484 790 1540 817 ἀλλ’
1567 790 1603 822 ὡς
1629 789 1794 824 ἐξελθούσης

155 827 236 871 nem,
255 827 351 871 manu,-
375 827 517 874 Scriptura
534 838 607 873 quod
633 838 754 865 futurum
775 840 844 869 erat,
876 837 942 864 obli-

1037 839 1100 873 ιτῆς
1118 838 1266 873 όνομασέας
1281 838 1335 864 τῶν
1351 837 1522 873 πραγμάτων
1540 837 1590 872 τῆς
1604 837 1705 873 χειρὸς,
1724 836 1794 862 πλα-

155 894 209 921 que
234 886 397 920 significavit
412 895 418 912 :
435 885 529 911 Manm
543 884 684 915 Absalom,
714 889 741 911 et
765 891 856 910 rerum
878 882 947 909 ima-

155 932 231 967 gines
244 932 310 965 (52).
329 932 399 965 Quot
418 930 592 958 intercedunt
612 929 807 958 similitudines
819 928 948 956 Davidem

157 980 227 1006 inter
239 983 267 1006 et
280 977 447 1011 Salvatorem
461 978 468 1004 !

191 1024 235 1051 10.
258 1023 307 1051 llic
325 1024 407 1058 igitur
422 1023 506 1050 David
524 1031 540 1050 a
555 1022 683 1049 Samuele
698 1021 725 1048 in
740 1029 831 1056 regem
849 1024 949 1048 unctus

155 1073 198 1098 est
217 1070 278 1097 oleo
298 1070 424 1097 sensibili
439 1078 445 1095 :
459 1069 538 1096 aliter
563 1073 654 1095 autem
674 1073 773 1094 unctus
794 1071 836 1094 est
853 1066 950 1093 Salva-

155 1119 200 1142 tor
215 1126 220 1142 :
237 1122 293 1149 quo
311 1115 392 1141 modo
407 1118 434 1141 et
459 1121 578 1148 quanam
603 1113 719 1144 ratione,
740 1112 803 1139 audi
828 1120 860 1139 ex
880 1120 950 1146 qua-

156 1162 314 1195 dragesimo
328 1164 427 1195 quarto
445 1160 554 1187 l’salmo
569 1170 575 1186 ε
590 1169 598 1184 ι
616 1159 747 1186 'l‘bronus
768 1162 844 1189 titus,
864 1157 947 1188 Deus.

155 1207 183 1233 in
205 1206 334 1234 saeculum
354 1205 447 1232 saeculi
466 1205 562 1239 :virga
579 1204 750 1236 dircctiouis,
772 1204 848 1238 virga
872 1203 949 1238 regni

155 1252 207 1279 tui.
226 1251 348 1278 Dilexisti
368 1251 503 1286 justitiam
528 1255 555 1277 et
570 1251 651 1278 odisti
675 1250 861 1285 iniquitatem.
881 1249 950 1275 Pro-

155 1302 248 1334 pterea
264 1299 342 1325 unxit
354 1303 379 1325 te
402 1297 484 1327 Deus.
504 1297 575 1324 Deus
590 1302 663 1327 tuus,
680 1297 741 1324 oleo
755 1295 949 1324 exsultationis

156 1352 212 1380 pra:
233 1345 409 1371 consortibus
430 1344 484 1370 tuis
497 1343 535 1376 5°;
553 1353 562 1368 ι
585 1351 619 1370 ne
642 1351 675 1369 ex
698 1343 780 1370 simili
801 1343 947 1373 vocabulo,

155 1391 295 1417 unctionis
320 1390 504 1425 aequalitatem
526 1394 638 1424 putares
653 1397 714 1416 esse
736 1389 763 1415 in
786 1389 820 1415 iis
846 1382 947 1416 verbis.

157 1436 318 1464 ῢιιςιιιεαει
338 1435 435 1466 David,
455 1441 554 1462 unctus
569 1440 610 1462 est
623 1441 649 1462 et
667 1435 814 1462 Christus:
831 1435 878 1463 scd
903 1435 949 1462 ille

157 1483 193 1510 ab
204 1483 325 1513 homine.
345 1483 389 1509 hic
406 1490 421 1508 a
438 1481 518 1510 Patre
540 1486 640 1509 unctus
660 1485 702 1508 est
716 1491 722 1508 :
738 1486 835 1516 estque
855 1481 948 1509 unctio

157 1528 203 1556 illa
232 1529 393 1562 inelTabilis,
427 1537 527 1564 resque
559 1529 611 1556 illm
643 1529 948 1564 iucomprebeusibiles.

156 1573 247 1608 Quare
262 1577 299 1602 ait
315 1575 460 1602 Psalmista
474 1585 480 1602 :
501 1584 510 1600 ί
527 1574 593 1601 Olco
608 1575 802 1602 exsultationis
818 1583 872 1610 praa
888 1583 951 1602 con-

156 1622 278 1649 sortibus
305 1622 370 1649 tuis.
387 1632 395 1647 ι
427 1622 576 1648 Consortes
605 1621 711 1648 scilicet
742 1621 948 1653 similitudinis,

156 1668 222 1702 quin
238 1675 330 1702 parem
347 1667 466 1694 habeant
481 1667 653 1694 unctionem.
669 1666 776 1702 Ubique
787 1668 860 1694 enim
874 1668 950 1695 simi—

157 1713 301 1740 litudinem
328 1714 436 1744 retinet.
461 1717 488 1739 et
515 1713 701 1746 prmstautiam
726 1713 766 1739 rei
794 1717 947 1739 conservat.

157 1758 242 1785 David
266 1759 358 1793 itaque
378 1764 479 1785 unctus
494 1766 508 1784 a
526 1758 665 1789 Samuele,
688 1758 812 1792 privatus
826 1758 947 1784 mansit:

157 1805 223 1832 Saul
242 1814 315 1838 vero,
332 1806 513 1840 transgressis
536 1805 582 1832 Dei
595 1806 748 1840 prmccplis,
767 1805 874 1840 impuro
894 1804 950 1840 spi-

156 1850 221 1877 ritui
239 1851 357 1876 traditus
379 1856 430 1877 est.
453 1850 591 1877 Psallebat
610 1850 704 1880 David,
723 1849 891 1884 pastoralem
908 1853 948 1876 te-

157 1902 226 1922 nens
242 1896 387 1926 citharam,
401 1896 429 1921 in
443 1895 617 1929 desertisque
631 1895 734 1929 degens
748 1894 826 1927 locis,
839 1894 949 1921 nemine

157 1939 268 1974 quicum
284 1940 455 1967 fabularetur
471 1945 615 1975 praesente.
640 1940 780 1967 Citharam
801 1940 947 1975 compegit,

156 1994 188 2013 ex
218 1986 298 2020 cujus
322 1987 475 2020 pulsatioue
501 1991 527 2014 et
552 1991 687 2014 concentu
714 1987 770 2014 duo
797 1987 823 2014 in
851 1986 948 2021 primis

156 2031 397 2065 consequebatur:
418 2032 574 2066 bujusmodi
597 2040 665 2059 sono
683 2032 806 2059 locorum
822 2031 948 2059 solitudi-

156 2085 217 2104 nem
239 2077 391 2111 mitigabat,
414 2085 463 2103 uec
482 2077 508 2104 in
535 2078 687 2105 dissolutas
706 2078 848 2105 cautiones
873 2077 948 2104 dela-

156 2124 287 2154 bcbatur,
314 2123 361 2150 sed
385 2124 505 2158 psalmos
531 2125 656 2155 callebat,
680 2132 796 2158 quorum
827 2125 948 2152 modula-

999 884 1065 919 γίως
1078 885 1196 920 ἐμήνυσε
1220 884 1250 911 τὸ
1269 884 1396 919 ἐσόμενον
1413 885 1430 920 ὴ
1451 884 1563 920 Γραφή·
1583 883 1651 918 Χεὶρ
1688 883 1795 910 Ἀϐεσ-

999 930 1121 965 σαλὼμ,
1151 930 1261 957 καὶτῶν
1280 931 1450 966 πραγμάτων
1468 930 1580 962 εἰκόνες.
1600 930 1686 961 Ὅσας
1702 929 1795 965 ὁμοιό-

999 985 1083 1011 τητας
1096 976 1151 1011 ἔχει
1165 978 1178 1003 ὁ
1199 976 1280 1003 Δαόὶδ
1294 976 1362 1012 πρὸς
1372 976 1418 1003 τὸν
1434 977 1548 1013 Σωτῆρα
1561 976 1568 1003 ι

1037 1024 1079 1050 10.
1090 1020 1174 1056 Οὗτος
1188 1024 1277 1050 τοίνυν
1289 1025 1303 1050 ὁ
1319 1023 1410 1054 Δαϐὶδ,
1424 1022 1545 1058 χρισθεὶς
1559 1023 1598 1054 εἰς
1615 1021 1727 1057 βασιλέα
1741 1021 1796 1048 ὑπὸ

999 1071 1047 1098 τοῦ
1071 1069 1208 1106 Σαμουὴλ,
1234 1069 1315 1105 ἐλαίῳ
1333 1068 1455 1105 αἰσθητῷ
1468 1077 1474 1084 ”
1506 1068 1594 1100 ἄλλως
1611 1067 1639 1094 δὲ
1663 1069 1677 1094 ὁ
1697 1067 1794 1102 Σωτὴρ

999 1116 1077 1152 ἡμῶν
1093 1115 1218 1152 ἐχρίσοη.
1235 1116 1297 1146 Πῶς
1311 1116 1357 1142 καὶ
1370 1115 1433 1142 τίνα
1449 1116 1559 1151 τρόπον,
1575 1114 1656 1141 ἄκουε
1672 1113 1720 1140 τοῦ
1731 1122 1795 1140 τεσ-

1000 1162 1169 1198 σαρακοστοῦ
1191 1162 1323 1197 τετάρτου
1337 1161 1452 1196 Ψαλμοῦ
1472 1161 1612 1195 λέγοντος·
1634 1170 1643 1186 ε
1656 1161 1684 1187 '0
1701 1160 1795 1195 θρόνος

1001 1218 1058 1239 σου,
1077 1210 1091 1234 ὁ
1104 1208 1179 1240 Θεὸς,
1195 1209 1234 1240 εἰς
1246 1207 1291 1234 τὸν
1312 1207 1398 1234 αἰῶνα
1412 1207 1459 1234 τοῦ
1475 1207 1586 1239 αἰῶνος·
1604 1207 1700 1242 ῥάϐδος
1713 1206 1794 1232 εὐθύ-

999 1263 1079 1290 τητος
1106 1255 1123 1289 ἡ
1152 1254 1249 1290 ῥάόδος
1289 1255 1339 1289 τῆς
1378 1253 1516 1289 βασιλείας
1547 1262 1603 1280 σου.
1633 1252 1795 1288 Ἠγάπησας

999 1300 1183 1335 δικαιοσύνην,
1200 1300 1245 1327 καὶ
1259 1299 1394 1335 ἐμίσησας
1409 1299 1533 1335 ἀνομίαν.
1550 1299 1599 1325 Διὰ
1614 1298 1692 1325 τοῦτο
1703 1298 1794 1333 ἐχριτὲ

1001 1357 1030 1374 σε
1057 1350 1071 1374 ὁ
1092 1348 1167 1379 Θεὸς,
1184 1349 1198 1374 ὁ
1228 1348 1294 1379 Θεός
1323 1356 1368 1373 σου
1397 1347 1485 1373 ἔλαιον
1503 1346 1689 1380 ἀγαλλιάσεως
1717 1344 1794 1380 παρὰ

1000 1395 1063 1425 τοὺς
1079 1393 1208 1429 μετόχους
1223 1401 1269 1419 σου
1282 1401 1288 1408 ·
1309 1403 1317 1419 ι
1345 1393 1389 1419 ἵνα
1407 1394 1444 1428 μὴ
1459 1394 1491 1428 τῇ
1507 1391 1660 1427 ὀμοιολεξίᾳ
1671 1392 1720 1426 τῆς
1735 1390 1796 1426 χρί‹

1001 1449 1069 1472 (rem;
1083 1440 1217 1475 ἰσοτιμίαν
1230 1439 1345 1475 νομίσῃς
1367 1438 1436 1466 εἶναι
1450 1439 1504 1465 τῶν
1517 1438 1680 1474 λεγομένων.
1705 1437 1794 1472 Ἐχρῐ-

1001 1486 1050 1522 σθη
1063 1486 1156 1518 Δαεὶδ,
1169 1485 1281 1522 ὲχρίσΘη
1294 1486 1340 1512 καὶ
1351 1485 1490 1521 όΧριστός
1501 1493 1508 1499 ’
1520 1484 1577 1511 ἀλλ’
1590 1485 1604 1511 6
1621 1484 1669 1519 μὲν
1681 1482 1792 1518 ἐχρίσθη

1001 1531 1053 1558 ὑπὸ
1065 1531 1219 1567 ἀνθρώπου,
1233 1532 1247 1557 ὁ
1260 1531 1288 1557 δὲ
1303 1530 1414 1566 ἐχρίσθη
1428 1532 1459 1557 ἐκ
1477 1530 1583 1565 Πατρός
1593 1538 1599 1544 ·
1615 1529 1661 1556 κοιλ⁸
1675 1529 1691 1563 ἡ
1704 1527 1794 1563 χρίσις

1000 1577 1204 1613 ἀνεκδιήγητος,
1224 1577 1271 1603 καὶ
1298 1576 1480 1611 ἀκατάληπτα
1508 1576 1542 1602 τὰ
1568 1575 1728 1610 πράγματα.
1745 1573 1793 1599 Διὰ

1000 1623 1080 1650 τοῦτο
1090 1623 1164 1657 λέγει
1178 1624 1192 1649 ὁ
1201 1622 1352 1657 Ψαλμῳδός
1360 1630 1367 1636 ⁸
1380 1631 1388 1647 ι
1398 1622 1506 1648 Ἔλαιον
1521 1620 1707 1655 ἀγαλλιάσεως
1719 1617 1794 1653 παρὰ

1000 1670 1062 1700 τοὺς
1080 1668 1210 1704 μετόχους
1238 1677 1296 1696 σου.
1319 1678 1328 1694 ι
1352 1667 1407 1704 Τῆς
1431 1666 1590 1702 ὁμοιότητός
1603 1667 1656 1692 εἱσι
1674 1665 1791 1700 μέτοχοι,

999 1714 1029 1740 οὐ
1043 1713 1095 1749 μὴν
1109 1714 1230 1749 ἰσότιμον
1246 1714 1337 1749 ἔχουσι
1349 1713 1398 1749 τὴν
1410 1714 1498 1749 χρίσιν
1507 1721 1513 1727 ’
1528 1711 1665 1746 πανταχοῦ
1678 1711 1732 1746 γὰρ
1748 1710 1792 1736 καὶ

1001 1759 1050 1795 τὴν
1065 1760 1212 1794 ὁμοιότητα
1225 1761 1313 1796 τηρεῖ,
1340 1760 1387 1786 καὶ
1400 1760 1431 1785 τὸ
1445 1758 1578 1794 ὑπερέχον
1594 1758 1639 1784 τοῦ
1662 1756 1791 1792 πράγμα-

999 1815 1045 1837 τος
1058 1806 1196 1840 φυλάττει.
1223 1806 1252 1832 ’0
1267 1806 1355 1832 τοίνυν
1369 1805 1465 1838 Δαϐὶδη
1477 1805 1600 1840 χρισϐεὶς
1612 1804 1664 1830 ὑπὸ
1680 1802 1726 1829 τοῦ
1743 1803 1793 1828 Σα-

1002 1851 1098 1886 μουὴλ,
1118 1851 1214 1886 ἔμενεν
1229 1851 1271 1886 ἐφ’
1289 1851 1395 1877 ἑαυτοῦ.
1415 1851 1443 1877 '0
1459 1851 1487 1877 δὲ
1501 1850 1596 1881 Σαοὺλ,
1613 1849 1738 1884 παραὸὰς
1752 1849 1793 1875 ὲν-

999 1896 1077 1928 τολὰς
1085 1896 1305 1932 Θεοῦ,πνεύματι
1321 1897 1468 1933 ἀκαθάρτῳ
1479 1895 1748 1932 παρεδόθη.”Εψαλλε
1764 1895 1791 1922 δὲ

999 1944 1013 1969 ὁ
1026 1943 1118 1975 Δαϐὶδ,
1137 1943 1185 1970 καὶ
1202 1943 1317 1979 κιθάραν
1340 1941 1396 1978 εἶχε
1415 1943 1587 1978 ποιμενικὴν,
1616 1942 1663 1968 καὶ
1677 1942 1706 1968 ἑν
1728 1942 1793 1977 ἐρή-

1001 1998 1061 2024 μοις
1081 1989 1193 2023 διάγων,
1219 1989 1266 2016 xui.
1280 1989 1329 2014 οὐκ
1357 1988 1426 2023 ἔχων
1446 1989 1517 2014 τίσιν
1538 1987 1693 2024 ἀνθρώποις
1707 1987 1792 2014 διαλε-

999 2034 1097 2070 χθῆναι
1109 2044 1114 2050 ·
1127 2035 1175 2061 καὶ
1185 2035 1300 2069 κιοάραν
1310 2034 1476 2070 πηξάμενος,
1487 2034 1533 2061 καὶ
1543 2034 1587 2060 διὰ
1597 2034 1644 2060 τοῦ
1660 2033 1792 2069 ἀνακρού-

1000 2082 1076 2109 εσθαι
1099 2082 1135 2109 τὰ
1149 2082 1217 2118 μέλη
1232 2082 1278 2109 δύο
1298 2082 1455 2118 εἰργάζετο¹
1481 2081 1665 2118 παρεμυθεῖτο
1678 2081 1732 2117 γὰρ
1747 2081 1792 2108 καὶ

999 2128 1044 2154 διὰ
1059 2128 1106 2154 τοῦ
1119 2129 1188 2163 ἤχου
1199 2129 1230 2155 τὸ
1246 2129 1301 2155 τῶν
1316 2129 1406 2155 τόπων
1422 2129 1535 2165 ἔρημον,
1551 2129 1581 2155 οὐ
1595 2128 1647 2163 μὴν
1665 2129 1704 2159 εἰς
1717 2127 1792 2153 ἔκλυ-

155 2171 229 2197 tioue
245 2171 441 2201 delectaretur,
462 2173 488 2197 et
504 2171 604 2205 pietate
619 2171 772 2204 juvaretur.
795 2170 827 2197 Et
843 2171 943 2206 psalle-

1051 2174 1179 2206 ἐξέπιπτε
1198 2174 1275 2209 μέλη,
1291 2174 1358 2201 ἀλλὰ.
1382 2174 1506 2210 ψαλμοὺς
1534 2172 1607 2211 ᾖδεν,
1633 2174 1676 2201 ἵνα
1703 2174 1791 2210 τέρπῃ

155 2216 201 2243 bat
230 2218 256 2243 iu
299 2217 415 2243 deserts
444 2225 449 2242 :
477 2226 486 2241 ‹
504 2216 669 2244 Altitudines
703 2217 839 2243 montium
870 2217 945 2244 illius

155 2267 219 2291 sunt
231 2263 253 2278 ³⁷
268 2273 274 2290 :
293 2273 302 2289 ι
322 2263 439 2290 addebat
455 2263 519 2290 illud
537 2273 543 2290 :
562 2272 571 2288 4
586 2263 658 2290 lntcr
676 2263 795 2290 medium
811 2265 945 2291 montium

156 2311 363 2346 pertransibunt
377 2317 466 2344 aqum,
479 2315 504 2337 et
517 2311 650 2344 potabunt
661 2318 757 2338 omnes
769 2311 861 2337 bestiae
874 2310 943 2345 agri.

155 2355 244 2391 Supt-r
257 2365 304 2384 eos
327 2357 452 2384 volucres
468 2357 529 2383 cmli
553 2356 760 2383 babitabuut".
778 2366 786 2382 ι
806 2356 943 2384 Psallebat

154 2402 187 2428 (Ιτ-
203 2404 321 2432 homine.
339 2403 382 2428 his
394 2402 486 2429 verbis
503 2411 510 2428 :
528 2410 536 2426 ε
555 2401 652 2428 Omnia
672 2401 814 2435 subjecisti
833 2402 884 2429 sub
901 2410 943 2437 pe-

154 2448 235 2474 dibus
257 2449 328 2480 ejus.
344 2456 409 2475 oves
424 2452 450 2475 et
468 2448 551 2474 buves
569 2447 714 2474 universas
727 2447 761 2474 ³³.
778 2457 786 2473 ι
805 2447 942 2475 Psallebat

154 2495 267 2529 llhllpf‘l'
283 2495 418 2522 mirabilia
437 2494 482 2521 Dei
503 2502 597 2530 opera.
615 2493 700 2521 Porro
720 2501 782 2521 cum
798 2499 942 2529 torquere-

155 2548 194 2566 llll
214 2541 278 2567 Saul
300 2542 333 2567 ab
350 2542 457 2576 impuro
472 2542 582 2576 spiritu,
603 2540 733 2567 indicavit
748 2540 814 2567 illml
829 2540 941 2575 quidam

154 2585 254 2612 Sauli:
270 2593 331 2621 quae
351 2594 435 2615 causa
453 2586 503 2614 fuit
526 2591 556 2614 ut
582 2591 769 2614 arcesseretur
794 2585 888 2614 David.
909 2586 941 2612 Et

189 2693 211 2715 ⁵³
221 2694 282 2726 Ἰδιι.
299 2707 365 2733 vm,
383 2699 416 2726 l8
463 2700 486 2716 ³³
504 2699 583 2727 Joan.
603 2708 668 2732 χιιι,
686 2701 729 2728 ⁵55.

154 2734 178 2750 ¹¹
196 2733 268 2762 Psal.
286 2742 348 2768 Clu,
367 2736 410 2762 10.
431 2735 453 2751 ³³
472 2735 546 2762 Psal.
562 2743 627 2769 vnt.
646 2737 671 2764 8.

191 2812 248 2848 (59)
266 2812 407 2840 Obscurus
424 2813 510 2840 locus.

782 2700 803 2716 ³⁵
824 2699 844 2726 ll
863 2699 929 2735 Reg.
959 2706 1044 2731 xvm,
1074 2698 1116 2725 l8.

1002 2221 1051 2256 μὲν
1066 2221 1096 2247 τὸ
1113 2220 1221 2256 εὔηχον,
1237 2221 1328 2256 ὠφελῇ
1345 2221 1374 2247 δὲ
1387 2221 1417 2247 τὸ
1430 2219 1551 2252 εὐσεϐές.
1565 2220 1620 2246 Καὶ
1635 2219 1748 2254 ἔψαλλεν
1763 2220 1790 2245 ἐν

999 2270 1060 2300 ταῖς
1082 2269 1196 2304 ἐρήμοις
1217 2268 1314 2302 λέγων,
1339 2269 1380 2294 ὅτι
1403 2267 1450 2294 καὶ
1471 2277 1480 2292 Ι
1500 2267 1539 2294 Τὰ
1559 2266 1613 2302 ὕψη
1633 2267 1687 2292 τῶν
1707 2266 1789 2302 ὀρέων

999 2313 1081 2340 αὐτοῦ
1094 2315 1150 2340 ἐστι
1164 2322 1170 2328 ·
1188 2323 1196 2339 ι
1209 2313 1357 2349 προσετίθη
1375 2313 1403 2339 δὲ
1421 2313 1501 2340 πάλιν
1514 2321 1520 2328 ³
1539 2322 1548 2338 ‹
1561 2312 1624 2339 Ἀνὰ
1642 2312 1722 2348 μέσον
1737 2311 1788 2338 τῶν

997 2357 1082 2392 ὀρέων
1093 2356 1260 2384 διελεύσεται
1278 2357 1372 2388 ὕδατα,
1392 2357 1438 2384 καὶ
1457 2357 1577 2384 ποτιοῦσι
1592 2357 1680 2384 πάντα
1696 2357 1729 2382 τὰ
1743 2356 1789 2392 ϐη-

998 2403 1043 2439 ρία
1067 2402 1113 2429 τοῦ
1139 2404 1235 2439 ἀγροῦ.
1261 2403 1318 2429 Ἐπ’
1335 2403 1404 2430 αὐτὰ
1426 2403 1460 2430 τὰ
1485 2404 1596 2430 πετεινὰ
1615 2403 1661 2430 τοῦ
1677 2401 1789 2437 οὐρανοῦ

996 2449 1216 2485 κατασκηνώσει,
1236 2459 1244 2475 ι
1262 2450 1379 2484 Ἐψαλλε
1396 2450 1430 2476 τὰ
1444 2450 1508 2486 περὶ
1525 2449 1571 2477 τοῦ
1588 2449 1741 2485 ἀνθρώπου,
1751 2449 1791 2475 λέ-

995 2503 1050 2528 γων
1061 2504 1067 2509 ·
1090 2505 1098 2521 ι
1118 2496 1212 2522 Πάντα
1228 2495 1364 2528 ὑπέταξας
1379 2496 1509 2523 ὑποκάτω
1523 2495 1577 2522 τῶν
1594 2495 1680 2522 ποδῶν
1697 2493 1787 2524 αὑτοῦ,

993 2541 1117 2577 πρόϐατα
1135 2543 1182 2568 καὶ
1196 2542 1259 2576 βόας
1273 2542 1406 2574 ἁπάσας.»
1424 2543 1484 2568 Ἔτι
1503 2541 1531 2568 δὲ
1548 2541 1596 2568 κα)¹
1614 2541 1647 2567 τὰ
1662 2540 1708 2567 τοῦ
1722 2539 1787 2566 Θεοῦ

995 2586 1188 2624 Θαυματουργή
1194 2596 1267 2623 ματα
1282 2588 1389 2623 ἔψαλλε.
1404 2587 1588 2623 Ὀδυνωμένου
1604 2586 1631 2613 δὲ
1644 2586 1690 2612 τοῦ
1705 2583 1788 2612 Σαοὺλ

1179 2697 1201 2713 ³⁵
1220 2697 1292 2725 Psal.
1312 2704 1384 2729 χειν,
1413 2695 1440 2728 7,
1459 2696 1485 2723 8.
1536 2695 1559 2711 ⁸⁷
1578 2693 1650 2722 Psal.
1669 2699 1742 2726 χειν,
1758 2691 1784 2721 6.
