1898 3053
143 133 199 162 157

790 139 929 168 llOSllLlA
951 140 993 168 DE
1013 141 1182 169 SEMENTE.

1713 147 1767 175 458

142 193 199 220 ὑπὸ
214 193 262 220 τοῦ
276 194 429 229 πνεύματος
450 195 496 222 τοῦ
510 196 680 232 ἀκαθάρτου,
706 197 808 232 γίνεταί
825 207 866 230 τις
882 206 927 233 μη‹

988 200 1206 234 quotiescunque
1220 199 1336 228 irrueret
1351 200 1378 227 in
1393 208 1454 228 eum
1466 201 1579 236 spiritus
1596 202 1694 233 malus.
1712 210 1766 229 ae—

140 239 227 274 νυτὴς
236 239 276 274 τῷ
291 239 376 266 Σαούλ
384 248 391 255 ·
408 241 454 267 καὶ
469 241 554 277 τούτῳ
566 242 605 277 τῷ
615 243 707 278 τρόπῳ
717 243 838 270 καλεῖται
855 245 869 270 6
879 244 930 269 Δα-

141 284 195 311 είδ.
215 285 271 311 Καὶ
289 285 385 317 ὁσάκις
399 286 537 313 ἐπετίθετο
551 287 624 322 αὐτῷ
635 288 664 314 τὸ
681 289 787 324 πνεῦμα
800 289 830 315 τὸ
847 297 929 324 πονη-

142 331 203 366 ρὴν,
222 330 370 365 λαμϐάνων
385 332 434 366 τὴν
459 332 573 368 κιθάραν
598 335 612 359 6
635 334 730 366 Δαόὶδ,
760 334 929 370 ἀνεκρούετο,

139 375 253 410 ψάλλων
265 376 310 402 καὶ
325 375 426 411 ὕμνους
436 376 521 411 λέγων
532 378 571 413 τῷ
581 378 650 412 Θεῷ.

179 421 224 449 Η.
243 421 288 456 Μὴ
301 421 356 458 γάρ
371 431 415 457 μοι
430 423 479 457 τῆς
489 423 603 459 κιθάρας
617 424 779 459 μνημόνευε,
800 425 867 452 ἀλλά
882 425 929 452 τοῦ

141 467 314 502 ψαλλομένου
324 476 331 483 °
349 469 427 503 μηδὲ,
444 469 570 504 ἁρπάσας
583 470 617 496 τὰ
630 471 750 506 ῥήματα,
766 472 805 503 είς
821 471 931 508 θεατρο-

144 515 240 548 μανεῖς
251 514 374 551 ἐμπέσῃς
389 514 493 550 ἡδονὰς,
507 516 584 548 ἀλλὰ,
594 517 782 552 μνημονεύσας
795 518 847 544 τῶν
860 519 928 553 ψαλ-

145 558 214 593 μῶν,
229 561 262 594 τῇ
279 560 425 596 Ἐκκλησία
437 562 587 597 παράμενε.
601 563 646 594 Et;
657 565 750 598 χεῖρας
762 563 850 590 τοίνυν
861 563 930 599 λαμ-

145 604 235 631 ϐάνων
248 605 297 640 τὴν
308 605 423 641 κιθάραν
434 606 448 632 ὀ
461 606 554 637 Δαϐὶδ,
566 607 612 632 καὶ
626 606 734 640 ψάλλων
750 607 788 641 τῷ
799 607 868 642 Θεῷ,
885 607 929 634 τὸν

144 650 274 684 πνίγοντα
295 651 409 686 δαίμονα
430 651 593 687 ἀπήλαυνεν.
620 653 652 678 Ὢ
676 653 797 688 μεγάλης
816 653 929 688 ψαλμῶν

143 696 299 731 δυνάμεωςί
317 697 354 722 Τὸ
364 696 471 732 πνεῦμα
486 697 515 723 τὺ
530 696 682 732 ἀκάθαρτον
698 697 794 731 πνίγον
808 698 930 732 ἀοράτως

143 742 282 776 ἐπνίγετο,
298 743 344 769 καὶ
360 742 492 778 ἀνέψυχεν
506 744 520 770 6
537 742 631 769 Σαούλ,
655 741 776 777 Ἐφθόνει
792 743 819 769 δὲ
831 742 869 778 τῷ
879 744 930 770 Δα-

143 788 186 815 ωδ
202 787 247 815 διὰ
267 788 370 815 τοιάνδε
390 788 527 815 ὑπόθεσιν.
548 788 702 822 Ἀλλόφυλοί
724 797 788 815 ποτε
804 788 930 815 ἐπέθεντο

142 833 182 868 τῷ
193 833 267 868 γένει
278 833 332 860 τῶν
349 833 480 869 Ἑϐραίων
490 843 497 850 ·
515 834 561 860 καί
574 842 616 865 τις
640 833 735 860 rcitato
750 833 930 869 παμμεγέθης

984 249 1062 278 cepta
1081 243 1163 270 David
1182 245 1285 271 cithara
1308 245 1441 280 pulsabat,
1459 246 1578 281 psalmos
1597 247 1766 282 hymnosque

984 287 1040 315 Deo
1055 289 1214 318 decantans.

1019 422 1062 448 Η.
1085 421 1124 449 Ne.
1140 423 1205 449 mihi
1220 423 1291 450 enim
1304 423 1359 457 jam
1370 424 1482 451 citharae
1492 425 1658 452 mentionem
1670 424 1765 456 facias,

982 467 1031 495 sed
1051 468 1110 502 ejus
1127 468 1199 502 quod
1217 469 1321 495 cithara
1349 470 1516 497 cauebatur:
1531 478 1596 496 neve
1621 478 1654 497 ex
1675 470 1766 498 verbis

985 517 1099 547 captans
1115 514 1287 540 occasionem
1300 515 1334 540 ad
1351 515 1523 542 theatralium
1540 516 1707 549 voluptatum
1718 523 1766 542 eu-

983 560 1101 594 pidinem
1120 560 1266 592 delabare;
1291 561 1337 588 sed
1353 569 1456 588 inemor
1471 562 1648 595 psalmorum,
1670 562 1695 588 in
1712 560 1764 588 Ec-

983 605 1066 632 clesia
1080 613 1202 632 remane.
1219 605 1329 632 Cithara
1344 606 1426 641 igitur
1440 606 1567 633 manibus
1588 610 1698 640 accepta
1714 605 1766 632 Da-

982 651 1039 680 vid.
1057 651 1178 686 psallens
1199 651 1262 680 Deo.
1281 652 1471 686 pra'foeantem
1490 652 1639 678 (immanem
1657 651 1766 686 protul-

983 697 1072 724 sahal.
1095 696 1117 724 0
1140 705 1265 732 magnam
1285 697 1450 732 psalmorum
1476 697 1621 724 virtutem!
1647 697 1766 730 Spiritus

982 742 1027 770 ille
1050 743 1208 770 immundus
1232 743 1277 777 qui
1299 743 1464 777 prmTocabat
1488 744 1580 773 alium,
1596 743 1723 770 invisibili
1738 745 1768 769 et

983 787 1041 822 ipse
1058 787 1138 814 modo
1154 787 1363 822 praefocabatur,
1381 791 1408 814 et
1425 788 1576 822 respirabat
1598 786 1663 814 Saul
1676 798 1681 814 :
1695 787 1766 816 invi.

982 833 1024 860 dia
1039 837 1129 860 tamen
1143 834 1188 860 ille
1211 834 1342 868 flagrabat
1358 833 1383 860 in
1399 833 1537 865 Davidem,
1555 834 1606 860 hac
1621 834 1655 861 de
1671 842 1764 862 causa.

143 879 174 905 τὸ
189 879 279 914 σῶμα,
306 880 352 905 καὶ
365 879 466 914 θρασὺς
482 879 530 915 τὴν
540 879 639 915 ψυχὴν,
659 879 705 906 καὶ
724 878 837 914 φοϐερὸς
850 879 927 914 ὀφθῆ-

983 878 1117 913 Allophyli
1142 878 1287 912 aliquando
1312 878 1469 905 invaserant
1503 883 1609 914 gentem
1638 880 1766 908 Hebrao-

142 933 198 953 ναι.
213 924 259 950 ἐπὶ
279 923 483 959 τεσσαράκοντα
497 924 605 959 ἡμέρας
623 923 742 956 ὠνείδιζε
753 924 798 950 τὸν
814 924 928 960 Ἰσραὴλ,

143 971 190 998 καὶ
203 971 261 1006 ᾔτει
276 971 316 1001 είς
332 969 497 1005 μονομαχίαν
507 964 566 1000 ἕνα,
580 969 680 996 ἀσπίδα
697 969 747 1004 μὲν
765 969 929 1005 παμμεγέθη

142 1016 343 1052 περικείμενος,
371 1015 433 1050 δόρυ
454 1015 481 1041 δὲ
504 1014 612 1048 ἐξελὼν,
633 1015 679 1042 καὶ
701 1015 818 1050 φοϐερὰς
836 1016 930 1051 κνημί-

143 1063 206 1094 δας·
223 1062 270 1089 καὶ
293 1063 316 1088 οἱ
333 1061 476 1096 βλέποντες
499 1062 609 1096 ἔφυγον,
631 1063 677 1088 καὶ
691 1063 705 1088 6
721 1061 805 1088 Σαοὺλ
821 1061 927 1089 ἐδειλία.

142 1107 232 1136 Ἦκεν
255 1108 467 1143 ἐπισκεψόμενος
493 1109 555 1140 τοὺς
583 1107 712 1142 ἀδελφοὺς
734 1109 747 1134 6
764 1108 855 1140 Δαίῆδ,
883 1109 930 1134 καὶ

143 1155 292 1190 συμϐάλλει
305 1156 345 1186 είς
361 1155 460 1189 μάχην,
473 1155 488 1181 6
502 1154 604 1190 γυμνὸς
619 1154 658 1190 τῷ
670 1154 782 1189 ἐνόπλῳ,
795 1156 809 1181 6
824 1155 930 1190 ἀπειρο-

145 1202 262 1237 πόλεμος
277 1201 316 1236 τῷ
327 1201 515 1236 πολυπολέμῳ,
533 1201 547 1226 6
564 1201 624 1232 νέος
636 1200 675 1235 τῷ
695 1201 785 1236 ἀνδρίη
803 1201 849 1227 καὶ
864 1201 930 1227 πάν-

143 1257 197 1275 των
214 1248 382 1282 πτηξάντων,
399 1247 445 1274 καὶ
470 1247 582 1281 μηδενὸς
597 1246 748 1282 τολμῶντος
765 1247 927 1280 ἐπεξελθεῖν,

140 1293 224 1319 Δαὸὶδ
234 1293 392 1328 ἀναδέχεται
404 1292 449 1319 τὸν
464 1293 589 1327 πόλεμον.
605 1292 689 1324 Εἰδὼς
705 1292 732 1319 δὲ
748 1293 870 1327 ἔψαλλεν,
888 1294 928 1320 ὅτι

139 1339 188 1367 τοῦ
204 1340 272 1366 Θεοῦ
284 1340 297 1366 6
313 1339 439 1374 πόλεμος,
455 1339 501 1365 καὶ
515 1339 555 1365 ὅτι
570 1348 579 1364 ι
594 1339 701 1375 Ψευδὴς
715 1340 798 1370 ἵππος
819 1340 859 1370 είς
875 1348 928 1365 σω-

139 1386 248 1421 τηρίαν,
258 1386 286 1412 ὲν
300 1385 329 1412 δὲ
343 1385 439 1420 πλήθει
450 1385 589 1420 δυνάμεως
599 1386 680 1412 αὑτοῦ
697 1387 726 1412 οὐ
743 1385 902 1420 σωθήσεται.
916 1396 925 1411 ι

143 1432 220 1468 ’ῌδει
235 1432 252 1458 ἃ
263 1431 374 1466 ἔψαλλεν
383 1439 390 1445 '
407 1430 477 1466 εἶχεν
486 1431 565 1458 ὅπλον
574 1432 698 1467 μέγιστον
710 1433 760 1467 τὴν
772 1432 872 1462 πίστιν,
881 1433 928 1459 καὶ

139 1477 357 1512 περικεφαλαίαν
383 1477 524 1512 περιέθετο
550 1479 694 1514 σωτηρίου,
718 1479 764 1505 καὶ
787 1478 928 1505 ἀναλαϐὼν

141 1524 239 1559 ῥάϐδον
252 1524 298 1550 καὶ
313 1523 467 1559 σφενδόνην,
480 1524 526 1550 τὸν
535 1524 608 1550 λίθον
623 1525 808 1560 περιειλήσας,
823 1525 927 1559 πλήξας

139 1569 186 1595 τὸν
201 1569 345 1599 ἀντίδικον,
369 1570 507 1604 συντόμως
530 1571 691 1605 κατήνεγκε.
716 1570 927 1606 Παρατρέχομεν

139 1615 195 1650 γὰρ
209 1615 243 1641 τὰ
257 1616 375 1650 ῥήματα·
397 1615 490 1651 ἐπειδὴ
506 1615 536 1641 οὐ
550 1615 628 1642 τοῦτο
641 1616 688 1642 νῦν
701 1617 758 1642 ἐστι
773 1616 803 1642 τὸ
819 1617 928 1652 προκεί-

142 1671 233 1698 μενον.
255 1663 374 1689 Ἔπεσεν
394 1664 408 1689 6
425 1663 521 1689 Γολιὰο
543 1664 557 1689 6
574 1663 660 1698 μέγας
677 1663 730 1690 ὑπὸ
750 1663 796 1690 τοῦ
817 1664 927 1700 μικροῦ,

141 1709 188 1735 καὶ
210 1710 224 1734 6
249 1708 378 1744 ἔμπειρος
401 1709 453 1735 ὑπὸ
473 1709 520 1735 τοῦ
539 1709 650 1746 ἀπείρου
672 1710 718 1736 καὶ
738 1710 928 1745 ἀφελεστέρου.

140 1755 197 1781 Καὶ
209 1754 298 1781 λαϐὼν
312 1754 394 1781 αὑτοῦ
412 1755 443 1781 τὸ
464 1755 549 1790 ξίφος,
568 1755 703 1790 ἀπέτεμεν
719 1755 801 1782 αὑτοῦ
819 1756 867 1790 τὴν
881 1764 928 1782 κε-

141 1799 239 1835 φαλήν.
255 1801 309 1827 Καὶ
319 1802 336 1836 ἡ
349 1801 398 1836 μὲν
410 1800 513 1836 κεφαλὴ
524 1801 663 1836 ἀπηνέχθη
676 1802 704 1827 ἐν
722 1801 926 1837 Ἰεροσολύμοις·

139 1846 171 1873 τὸ
185 1846 214 1872 δὲ
227 1846 303 1881 ξίφος
319 1847 401 1873 αὑτοῦ
415 1848 537 1882 ἐτηρεῖτο
551 1848 626 1883 παρὰ
644 1847 785 1882 Ἀϐιμελέχ
797 1847 836 1882 τῷ
850 1849 927 1883 ἱερεῖ.

145 1891 300 1927 Ἐλυτρώθη
322 1893 336 1918 6
353 1892 415 1924 λαὸς
438 1893 490 1919 ὑπὸ
510 1893 555 1919 τοῦ
577 1892 721 1920 ἀντιδίκου.
749 1893 873 1928 Ἐξῆλθον
890 1894 929 1924 είς

139 1934 290 1970 ὑπάντησιν
306 1937 433 1969 γυναῖκες
448 1936 617 1971 χορεύουσαν
635 1937 753 1972 θυμηδία
771 1937 826 1972 γὰρ
844 1935 879 1972 ἦν
897 1938 928 1963 τὺ

138 1981 329 2016 προκείμενον·
347 1982 427 2016 φόϐος
441 1981 468 2008 δὲ
480 1982 571 2017 ἐλύθη,
584 1983 597 2008 6
609 1983 703 2018 ἐχθρὸς
719 1982 825 2015 ἔπεσεν,
839 1984 853 2009 6
864 1983 928 2015 λαὸς

137 2025 261 2060 ἐπήνθει·
272 2028 386 2061 χορεῖαι,
403 2027 449 2052 καὶ
462 2026 598 2062 τύμπανα,
615 2027 662 2054 καὶ
678 2028 805 2063 ἁρμονία,
823 2028 869 2054 καὶ
884 2028 929 2054 εὖ·

139 2071 262 2107 φροσύνη
277 2072 308 2098 τὸ
324 2071 511 2107 προκείμενον.
531 2073 562 2099 Αἱ
581 2073 608 2099 δὲ
626 2073 786 2109 χορεύουσαι
803 2072 877 2109 ᾖδον,
897 2073 927 2100 οὐ

139 2117 209 2152 πρὸς
227 2117 304 2149 ἀξίαν
320 2117 472 2152 ἁφορῶσαι,
489 2117 555 2144 ἀλλὰ
571 2118 638 2153 πρὸς
654 2118 684 2143 τὸ
700 2109 856 2153 ἐνεργῆσαι·
871 2118 928 2143 ἕλε-

137 2171 186 2197 γον
198 2162 262 2197 γάρ·
278 2172 286 2188 ι
309 2163 456 2196 Ἐπάταξεν
469 2164 483 2189 6
495 2163 577 2190 Δαὸὶδ
590 2165 618 2189 ἐν
634 2164 761 2198 μυριάσιν
775 2163 869 2190 αὑτοῦι
881 2164 927 2190 καὶ

981 932 1061 952 rum:
1076 929 1131 952 tum
1155 924 1262 952 Golith
1280 925 1390 960 quddam
1407 925 1519 952 immani
1538 929 1655 957 statura,
1674 927 1766 953 animo

980 970 1082 1001 feroce.
1102 971 1160 998 visu
1177 971 1321 1002 terribilis,
1340 979 1388 1006 per
1399 971 1579 1006 quadraginta
1597 971 1655 998 dies
1671 971 1765 999 lsraeli

980 1017 1172 1052 exprobrabat,
1186 1021 1213 1044 ct
1227 1017 1260 1044 ad
1275 1017 1416 1051 singulare
1432 1022 1570 1044 certamen
1586 1018 1763 1052 provocabat,

980 1064 1132 1098 praegrandi
1149 1062 1256 1098 quidem
1285 1068 1397 1099 opertus
1424 1065 1530 1099 clypeo,
1555 1064 1661 1091 hastam
1683 1065 1765 1091 attol-

979 1109 1049 1141 lens,
1066 1109 1271 1143 horremlasque
1286 1118 1383 1144 gerens
1399 1118 1513 1137 ocreas:
1529 1118 1608 1144 quem
1627 1110 1672 1144 qui
1690 1110 1764 1137 vide-

979 1159 1040 1181 rent
1053 1154 1202 1189 fugiebant,
1219 1154 1337 1189 Saulquc
1353 1155 1558 1182 reformidahat.
1575 1154 1653 1182 Venit
1666 1156 1764 1183 fratres

980 1199 1119 1226 invisurus
1139 1199 1232 1230 David,
1250 1205 1330 1234 atque
1345 1208 1442 1228 manus
1456 1201 1576 1228 conserit
1592 1200 1681 1232 nudus
1702 1209 1764 1227 cum

979 1250 1094 1277 armato,
1111 1254 1207 1280 pugna:
1229 1247 1372 1281 imperitus
1394 1254 1455 1273 cum
1473 1248 1646 1281 peritissimo,
1672 1247 1763 1273 adole-

979 1300 1059 1319 sacus
1075 1301 1136 1319 eum
1158 1293 1226 1319 viro.
1251 1292 1438 1327 Omnibusque
1454 1297 1558 1319 terrore
1574 1292 1718 1327 perculsis,
1733 1299 1764 1319 ac

981 1338 1088 1365 nemine
1105 1338 1222 1365 audente
1240 1339 1358 1372 pro-lirc,
1376 1338 1458 1364 David
1474 1346 1590 1373 pugnam
1606 1338 1762 1372 suscipit".

982 1383 1012 1410 Et
1028 1392 1089 1410 cum
1112 1392 1164 1410 non
1194 1385 1297 1411 inscius
1321 1387 1404 1416 esset,
1423 1385 1555 1419 psallehat
1569 1394 1576 1411 :
1592 1383 1697 1410 Domini
1722 1387 1764 1410 est

979 1429 1077 1455 bellum
1094 1438 1099 1455 :
1112 1434 1148 1458 et.
1163 1439 1171 1454 ‹
1189 1429 1280 1456 Fallax
1293 1438 1378 1464 minus
1390 1430 1422 1456 ad
1442 1431 1567 1458 salutem.
1581 1430 1607 1456 in
1623 1429 1764 1456 abundan-

979 1475 1015 1501 tia
1026 1481 1114 1502 autem
1124 1475 1231 1502 virtutis
1241 1483 1297 1502 sum
1306 1484 1358 1502 non
1369 1476 1520 1502 salvabitur
1528 1475 1559 1503 υ.
1569 1485 1577 1501 ι
1588 1476 1695 1502 Sriebat
1704 1483 1764 1510 qua:

980 1522 1120 1556 psalleret.
1136 1523 1282 1548 maximum
1296 1521 1405 1548 tenebat
1419 1522 1513 1553 telum,
1528 1530 1623 1556 nempe
1635 1522 1724 1552 Iidem,
1736 1525 1764 1548 et

982 1567 1032 1601 51
1055 1567 1158 1600 galeam
1188 1567 1239 1593 sibi
1263 1567 1360 1593 salutis
1389 1566 1573 1600 imposuerat:
1602 1571 1764 1601 arreptaque

981 1612 1056 1646 virga
1076 1615 1102 1638 et
1132 1611 1226 1642 funda,
1256 1611 1445 1638 circumvolvit
1472 1612 1600 1646 lapidem.
1629 1613 1764 1647 percussit

980 1658 1181 1689 adversarium,
1198 1658 1343 1692 subitoque
1365 1658 1522 1692 prostravit.
1547 1656 1634 1683 \‘erha
1652 1665 1764 1692 percur-

979 1705 1082 1732 rimus:
1105 1705 1131 1731 id
1153 1706 1253 1740 quippe
1278 1713 1330 1732 non
1351 1705 1405 1737 jam
1425 1705 1503 1731 nobis
1526 1705 1694 1740 propositum
1710 1708 1762 1733 est.

979 1751 1138 1779 Proslralus
1152 1756 1194 1778 est
1213 1752 1340 1779 immanis
1356 1752 1399 1779 ille
1416 1751 1523 1778 Goliatb
1541 1760 1555 1777 a
1573 1752 1695 1786 parvulo,
1715 1760 1762 1786 pe-

980 1799 1050 1825 ritus
1063 1799 1097 1825 ab
1121 1799 1246 1832 imperito
1260 1802 1287 1825 et
1313 1799 1487 1833 simpliciore.
1520 1798 1689 1833 Sumcnsque
1711 1797 1764 1824 Da-

978 1844 1021 1871 vid
1036 1844 1109 1870 illius
1126 1844 1256 1878 gladium,
1273 1849 1354 1879 caput
1370 1845 1420 1879 ipsi
1444 1844 1578 1878 praecidit.
1599 1844 1687 1879 Caput
1700 1852 1763 1871 vero

980 1890 1151 1925 deportatum
1164 1895 1203 1917 est
1218 1889 1444 1925 Hierosolyma"),
1454 1890 1615 1924 gladiusque
1630 1891 1690 1923 ejus
1704 1898 1763 1917 ser-

978 1936 1094 1962 vabatur
1116 1936 1186 1969 apud
1210 1935 1414 1962 Abimelcehum
1440 1935 1618 1963 sacerdotem.
1645 1935 1713 1963 Tum
1732 1936 1764 1962 li-

981 1980 1092 2007 beratus
1108 1981 1224 2015 populus
1246 1985 1288 2008 est
1308 1981 1342 2007 ab
1363 1982 1529 2009 adversario.
1558 1981 1680 2016 Egressaa
1700 1986 1764 2009 sunt

980 2026 1008 2052 in
1033 2034 1180 2052 occursum
1196 2026 1257 2060 ejus
1288 2026 1395 2053 feminae
1410 2027 1525 2055 choreas
1549 2031 1679 2062 agentes:
1704 2028 1762 2054 laeta

978 2072 1078 2106 quippe
1103 2072 1248 2098 admodum
1279 2080 1322 2099 res
1348 2073 1392 2099 illa
1417 2078 1485 2103 erat,
1505 2073 1645 2108 depositus
1663 2077 1761 2104 metus,

979 2121 1134 2152 prostratus
1157 2118 1254 2149 hostis,
1282 2119 1398 2152 populus
1432 2119 1544 2145 florente
1575 2119 1648 2145 vultu
1680 2123 1761 2152 erat;

978 2163 1043 2189 hinc
1060 2164 1175 2193 choreae,
1194 2166 1333 2197 tympana.
1359 2163 1500 2189 harmonia
1520 2166 1546 2189 et
1571 2162 1690 2188 omnium
1718 2162 1761 2188 iiB'
1779 2161 1782 2162 ⁷

137 2208 224 2235 Σαοὺλ
240 2210 269 2234 ἐν
284 2209 400 2244 χιλιάσιν
416 2209 508 2236 αὐτοῦ.
529 2219 537 2234 r
557 2209 611 2235 Καὶ
630 2209 670 2244 τῷ
693 2210 833 2245 νικήσαντι
861 2209 926 2236 ἔξω·

980 2213 1023 2236 tus
1042 2209 1162 2236 animus.
1179 2207 1265 2234 Porro
1278 2208 1391 2234 choreas
1416 2212 1525 2242 agentes
1539 2207 1600 2235 ilhc.
1617 2207 1762 2239 eam-bant,

136 2263 189 2281 καν
201 2254 252 2286 τὰς
264 2254 393 2290 χιλιάδας,
406 2255 453 2281 καὶ
467 2255 518 2281 οὐκ
531 2252 618 2285 εἶπον,
631 2255 711 2281 πόσαι
722 2255 850 2290 χιλιάδες,
865 2255 925 2282 οὐδὲ

136 2299 219 2326 πόσαι
237 2300 376 2335 μυριάδες.
391 2300 524 2326 Δύνανταί
536 2300 564 2326 δὲ
582 2301 629 2327 καὶ
645 2301 773 2336 μυριάδες
790 2301 923 2336 ἀναλυθῆ-

136 2355 180 2372 ναι
194 2347 234 2377 είς
248 2346 380 2381 χιλιάδας,
400 2347 446 2373 καὶ
465 2347 582 2382 χιλιάδες
603 2347 869 2383 πολυπλασιαοοῆναι
885 2350 924 2380 εἰς

137 2391 282 2426 μυριάδας.
306 2392 333 2417 '0
351 2391 446 2423 Σαοὺλ,
458 2392 587 2425 ἀκούσας,
607 2393 712 2429 ἐπλήγη
728 2394 777 2429 τὴν
794 2394 922 2421 διάνοιαν.

137 2437 169 2462 Ὢ
185 2437 306 2472 μεγάλης
323 2437 430 2470 ἀνοίαςί
448 2439 504 2464 Οὐκ
522 2439 573 2465 ἔδει
588 2439 640 2466 κάν
653 2440 683 2466 τὸ
701 2441 786 2475 παρὸν
801 2441 924 2476 αἰδεσθῆ-

136 2491 195 2515 ναις
209 2483 241 2508 Τί
255 2483 411 2518 βασκαίνεις
424 2484 559 2520 ἀνθρώπῳ
573 2487 680 2521 νικητῇ,
694 2487 723 2512 ἐν
740 2487 789 2522 μιᾷ
804 2487 863 2522 ὥρᾳ
881 2488 926 2514 εὖ·

137 2529 316 2564 φημονμένῳ,
331 2531 344 2556 6
359 2530 404 2556 ἐπὶ
420 2531 624 2566 τεσσαράκοντα
645 2532 751 2567 ἡμέρας
771 2533 925 2568 κρυπτόμε-

136 2583 197 2607 νοςς
211 2575 270 2600 Τῶν
284 2575 388 2611 ἐχθρῶν
403 2575 566 2612 ἐλυτρώθης,
580 2577 605 2603 τί
624 2577 779 2612 βασκαίνεις
791 2578 926 2614 ἀνθρώπῳ

136 2619 333 2656 ἐπαινουμένῳ,
349 2621 417 2657 ἔργα
431 2620 493 2652 ἄξια
503 2622 621 2648 ἐπαίνων
635 2623 827 2658 ἐργασαμένῳ;
845 2624 923 2651 Ἀλλὰ

138 2665 204 2700 πρὸς
214 2665 308 2692 ἑαυτὸν
324 2666 553 2700 ἔλεγεν-Ἐδωκαν
565 2667 604 2702 τῷ
619 2668 762 2700 Δαεὶδτὰς
781 2670 922 2705 μυριάδας,

137 2712 184 2737 καὶ
205 2712 266 2746 ἐμοὶ
284 2712 334 2744 τὰς
357 2712 488 2747 χιλιάδας.
514 2714 569 2740 Καὶ
588 2711 622 2749 ἦν
648 2714 864 2750 ὑποϐλεπόμενος
879 2716 924 2743 τὸν

138 2756 229 2783 Δαϐίδ.

979 2263 1033 2282 non
1052 2255 1142 2281 habita
1156 2254 1298 2289 dignitatis
1315 2254 1431 2285 ratione,
1448 2254 1493 2280 sed
1510 2258 1646 2288 gestarum
1660 2260 1761 2284 rerum,

975 2301 1175 2335 dicebantque:
1193 2309 1203 2325 ί
1218 2299 1357 2326 Percussit
1374 2299 1455 2325 David
1470 2299 1496 2325 in
1513 2297 1680 2333 myriadibus
1693 2298 1761 2329 suis,

974 2350 1002 2374 et
1020 2345 1085 2373 Saul
1102 2346 1128 2372 in
1148 2346 1268 2372 millibus
1283 2345 1351 2372 suis.
1368 2354 1377 2370 ›
1408 2343 1509 2370 Victori
1539 2344 1620 2369 etiam
1643 2342 1761 2378 (llavuli)

975 2393 1060 2419 millia
1086 2392 1203 2419 dedere:
1223 2399 1310 2426 neque
1327 2391 1418 2417 dixere
1443 2393 1510 2424 quot
1526 2389 1620 2419 millia,
1639 2390 1678 2414 vel
1697 2393 1763 2422 quot

978 2438 1126 2473 lnyriadas.
1146 2437 1265 2465 Possunt
1282 2441 1356 2464 certe
1373 2436 1511 2471 niyriades
1533 2435 1632 2462 resolvi
1659 2435 1686 2461 iu
1704 2435 1762 2461 ehi-

978 2486 1076 2517 liadas,
1093 2489 1121 2512 et
1147 2485 1280 2512 chiliades
1295 2483 1468 2518 multiplicari
1495 2483 1521 2509 in
1549 2482 1694 2518 niyriadas.
1714 2481 1762 2508 llis

979 2532 1044 2559 Saul
1061 2532 1163 2559 auditis
1178 2533 1268 2558 animo
1286 2531 1427 2565 perculsus
1443 2533 1494 2556 est.
1516 2528 1537 2555 Ο
1553 2536 1678 2562 magnam
1693 2528 1762 2554 stul—

978 2578 1084 2604 titiam!
1110 2577 1206 2605 Nonne
1231 2577 1353 2612 oportuit
1370 2576 1410 2602 vel
1431 2575 1548 2610 quodam
1567 2575 1605 2601 rei
1621 2573 1762 2608 pia'sentis

979 2623 1082 2658 pudore
1107 2624 1212 2650 teneri?
1245 2622 1314 2654 Quid
1345 2621 1450 2649 invides
1478 2620 1587 2650 victori,
1617 2627 1669 2646 una
1695 2619 1761 2645 liora

978 2670 1078 2697 faustis
1090 2670 1205 2697 vocibus
1221 2669 1368 2702 celebrato,
1389 2669 1435 2703 qui
1450 2668 1483 2695 ad
1504 2666 1685 2702 quadraginta
1702 2665 1760 2692 dies

978 2715 1102 2743 latuisti?
1129 2715 1170 2742 Ab
1196 2715 1320 2742 hostibus
1342 2718 1461 2749 ereptus.
1492 2713 1554 2746 quid
1579 2712 1760 2738 laudatova

980 2761 1096 2793 invides,
1114 2761 1161 2796 qui
1183 2760 1310 2789 laudibus
1329 2759 1410 2794 digna
1433 2758 1519 2786 edidit
1540 2755 1681 2785 facinora!
1706 2754 1760 2784 Sed

173 2844 195 2860 ’⁸⁸
215 2843 224 2871 l
243 2843 309 2880 Reg.
329 2853 399 2879 xvn,
416 2845 492 2875 ι-ει.
529 2847 550 2864 ⁵¹
569 2847 643 2878 Psat.
661 2857 751 2885 χχχιι,
769 2850 812 2878 Π.
851 2850 879 2888 ⁵³-
895 2849 903 2878 l
922 2850 927 2878 1

981 2870 986 2877 .
1006 2858 1070 2878 mn
1081 2869 1088 2884 ,
1106 2850 1130 2878 7'.
