1898 3053
146 103 198 134 159
736 106 764 134 S.
783 106 1018 136 ATHANASIUS.
1038 122 1074 128 ——
1093 106 1212 135 DUBIA.
1737 111 1808 140 ιω

145 168 216 203 apud
241 175 302 196 sese
337 167 460 196 dicebat:
494 167 631 195 Dederunt
650 168 745 197 Davidi
773 169 923 204 myriatlas,
946 169 1012 196 mihi
1027 168 1170 196 chiliadas.
1201 168 1291 204 Atque
1315 168 1376 197 ideo
1393 168 1509 198 infensis
1534 170 1621 198 oculis
1647 169 1804 199 Davidem

144 213 314 241 intuebatur.

183 259 226 286 1‘2.
242 259 321 292 Vide,
335 266 441 295 qumso,
458 267 549 288 annon
567 265 733 296 pronepotes
759 262 819 296 ejus
835 261 924 289 fuerin

1025 260 1069 288 12.
1090 260 1177 287 Βλέπε
1194 259 1218 286 εί
1240 259 1277 295 μὴ
1293 259 1421 294 ἀπόγονοι
1437 259 1520 287 αὐτοῦ
1539 258 1620 297 ἦσαν,
1635 260 1676 295 οἷς
1694 265 1805 300 σήμε-

147 305 176 338 ii,
186 305 257 340 apud
271 313 340 340 quos
356 305 437 333 hodie
451 305 578 333 Salvator
594 306 734 334 dexteram
753 315 863 334 manum
881 307 936 333 ari-

144 351 207 378 dam
225 352 342 379 sanavit.
357 351 523 387 Egressique
543 353 580 379 illi
596 353 798 383 consultarunt.
813 361 867 380 non
881 360 936 388 qua

144 399 251 426 ratione
264 398 319 426 Deo
332 399 446 434 gloriam
461 399 614 426 tribuerent
624 420 632 432 ,
651 399 698 427 sed
712 408 765 434 qua
779 400 847 427 bene
862 399 896 426 de
907 407 936 426 se

145 445 244 471 merito
259 445 375 473 insidias
396 449 535 480 pararent.
565 446 610 472 Ait
628 447 730 481 quippe
747 446 934 480 Evangelium,

146 493 219 526 ipsos
240 494 349 528 quidem
369 494 488 521 amentia
517 494 623 528 plenos.
652 499 838 528 exeuntesque
867 493 936 520 deli-

145 539 255 566 berasse
283 539 348 573 quid
368 539 432 566 Jcsu
462 539 626 567 facerent“.
646 539 815 575 I‘ronepotes
840 547 935 574 perse-

143 586 259 613 eutoris.
275 591 441 620 pronepotes
463 586 559 613 furiosi
588 587 673 616 illius.
691 590 858 621 pronepotes
875 585 936 619 ejus

143 633 189 665 qui
208 632 278 658 bene
290 633 323 659 de
337 641 367 660 se
381 633 488 660 meritis
502 632 694 659 insidiabatur.
723 631 833 660 lufenso
850 632 934 667 igitur

142 678 236 705 animo
252 677 383 705 Davidem
399 679 464 705 Saul
482 679 651 709 intuebatur,
672 686 761 713 neque
776 678 859 706 rectis
872 686 935 706 eum

143 725 295 759 aspiciebat
326 725 424 753 oculis.
463 725 543 753 Tales
560 725 634 752 enim
662 731 727 755 sunt
743 725 838 758 invidi,
868 725 936 752 tales

143 770 302 805 ltypot'rile.
349 770 531 803 Quamobrem
579 770 627 797 tibi
659 771 725 799 dicit
768 770 934 805 Scriptura:

146 816 239 842 «Oculi
258 816 297 842 tui
314 821 389 843 recta
406 816 580 843 videant“:i
600 817 670 844 nihil
693 817 847 851 obliquum,
867 815 937 842 nihil

143 861 278 893 invidum,
304 862 373 889 nihil
401 862 474 897 quod
494 862 649 897 cupidinem
675 866 722 889 aut
745 861 865 889 furorem
891 865 938 888 aut

141 908 207 943 quid
229 909 318 936 simile
336 917 391 943 prae
408 916 437 936 se
459 907 539 936 ferat.
578 909 678 943 Aspice
707 909 826 935 amicum
851 908 937 936 rectis

142 954 241 984 Oculis.
265 955 332 981 nihil
351 955 569 987 dissimulanter,
594 956 661 982 nihil
687 955 848 982 virulenter.
879 953 932 981 Sed

142 998 207 1026 Saul
228 999 354 1026 Davidem
370 1000 455 1028 torvis
477 1001 565 1027 oculis
590 1000 750 1035 aspiciebat.
767 999 835 1026 Vide
852 999 930 1031 mihi,

141 1053 248 1080 qua-so,
280 1045 436 1072 insidias”.
463 1045 530 1072 Eum
549 1046 575 1073 in
593 1046 680 1080 pretio
706 1045 799 1073 haberi
823 1045 934 1080 conspi-

141 1096 230 1120 catus,
251 1091 333 1117 filiam
361 1091 411 1125 ipsi
433 1091 499 1118 dare
526 1092 601 1126 cupit
625 1099 748 1118 uxorem.
774 1090 796 1118 Ο
817 1091 933 1117 tentatio

141 1136 267 1163 invidiae!
291 1136 441 1163 lusidiatur
458 1137 482 1163 ci
503 1145 583 1171 quem
601 1144 732 1172 generum
749 1137 866 1171 accipit:
883 1145 933 1164 nec

140 1183 229 1217 parcit
253 1182 325 1214 filize,
345 1187 374 1208 ut
397 1183 534 1209 honorato
557 1183 615 1209 viro
638 1186 726 1210 struat
750 1183 873 1210 insidias.
903 1182 932 1209 lu

140 1227 232 1254 dotem
260 1235 324 1255 vero
351 1229 471 1262 postulat
496 1233 604 1255 centum
630 1229 761 1263 praeputia
783 1229 934 1264 allophle-

141 1281 212 1300 rum.
241 1274 413 1308 Opinabatur
441 1275 513 1301 enim
530 1275 552 1301 si
581 1275 670 1309 ipsum
700 1275 860 1310 inpnguam
882 1276 933 1302 im—

141 1316 270 1348 mitteret,
283 1322 392 1344 centum
409 1326 470 1344 cum
488 1326 542 1345 uno
558 1326 734 1354 congressos,
746 1328 831 1347 unum
847 1320 933 1347 inter-

140 1361 274 1394 fecturos,
310 1367 393 1398 atque
424 1365 464 1391 sic
491 1372 550 1391 sese
578 1365 655 1391 rivali
682 1365 838 1400 expeditum
863 1365 930 1392 fore.

140 1408 324 1436 Commissum
353 1410 476 1444 prmiium
504 1415 563 1443 est;
581 1411 628 1438 sed
652 1411 780 1438 inimicus
794 1414 822 1437 ut
841 1410 933 1437 inimi-

140 1462 200 1486 cus,
220 1454 289 1483 Deus
307 1464 370 1483 vero
383 1461 412 1483 ut
424 1456 507 1483 Deus.
536 1457 598 1484 Exit
611 1457 706 1489 David,
724 1458 855 1492 solusque
867 1465 932 1484 cen-

140 1505 197 1529 tum
224 1503 365 1530 interﬁcit.
403 1503 503 1531 Verum
534 1503 599 1530 Saul
627 1504 846 1531 animadvertetis
871 1511 932 1531 esse

140 1547 225 1575 Deum
250 1549 339 1575 amico
356 1556 407 1576 suo
427 1549 489 1576 belli
515 1549 632 1579 set-ium,
646 1557 680 1576 ne
698 1550 733 1576 ita
752 1549 861 1584 quidem
879 1557 930 1584 pu-

140 1595 207 1621 dore
224 1594 339 1622 affectus
362 1599 422 1622 cst:
446 1595 602 1630 mansitque
625 1595 652 1622 in
671 1595 801 1630 parandis
823 1595 931 1622 insidiis

989 315 1034 342 ρον
1044 307 1058 333 6
1068 305 1163 342 Σωτὴρ
1180 305 1347 341 ἐθεράπευσε
1359 306 1408 342 τὴν
1419 305 1509 339 δεξιὰν
1522 309 1602 343 χεῖρα
1615 309 1664 344 τὴν
1681 308 1718 345 Er.
1724 311 1800 346 ράν.

987 351 1043 378 Καὶ
1060 350 1214 384 ἐξελθόντες
1234 351 1343 381 ἐκεῖνοι,
1365 350 1414 385 οὐχ
1434 350 1478 376 ἵνα
1493 350 1624 382 δοξάσωσι
1638 352 1684 378 τὸν
1704 353 1800 385 Θεὸν,

986 397 1160 429 ἐσκέπτοντο,
1183 396 1251 423 ἀλλὰ
1273 396 1332 427 πῶς
1353 396 1566 424 ἐπιδουλεύσωσι
1582 397 1620 432 τῷ
1636 398 1800 434 εὐεργέτῃ.

987 443 1069 477 Λέγει
1086 443 1141 478 γὰρ
1155 442 1186 468 τὸ
1198 441 1372 476 Εὑαγγέλιον,
1394 442 1435 468 ὃτι
1450 442 1526 469 αὐτοὶ
1545 442 1594 478 μὲν
1605 443 1802 479 ἐπλήσθησαν

988 488 1090 520 ἀνοίας.
1104 488 1151 514 καὶ
1164 486 1326 520 ἐξελθόντες,
1339 486 1527 521 διελογίζοντο,
1539 488 1564 514 τί
1577 487 1609 514 ἂν
1623 489 1800 524 ποιήσωμεν

987 533 1026 568 τῷ
1047 533 1152 569 Ίησοῦ;
1181 533 1322 567 Ἀπόγονοι
1339 533 1386 560 τοῦ
1407 533 1560 565 διώκοντος,
1585 534 1631 560 καὶ
1650 534 1800 568 ἀπόγονοι

987 577 1034 605 τοῦ
1051 578 1208 614 μανιώδους,
1227 578 1274 605 καὶ
1290 579 1417 612 ἀπόγονοι
1430 579 1477 605 τοῦ
1489 578 1714 611 ἐπιϐουλεύοντος
1730 581 1799 611 τοῖς

988 624 1156 660 εὐεργέταις.
1185 624 1368 651 ’Υπεϐλέπετο
1382 625 1471 651 τοίνυν
1492 626 1506 652 6
1521 625 1606 652 Σαοὺλ
1622 626 1668 652 τὸν
1686 626 1795 657 Δαεῆδ,

988 671 1034 697 καὶ
1050 671 1100 697 οὐκ
1116 670 1156 697 ἔτι
1166 671 1279 697 ἔϐλεπεν
1290 671 1370 697 αὑτὸν
1381 671 1470 706 ὀρθοῖς
1483 671 1640 707 ὀφθαλμοῖς.
1657 672 1794 699 Τοιοῦτοι

987 717 1041 753 γὰρ
1052 718 1076 743 oi
1089 717 1229 752 βάσκανοι,
1241 718 1289 743 καὶ
1299 717 1415 744 τοιοῦτοι
1428 718 1452 744 οἱ
1466 718 1622 753 ὑποκριταί.
1641 717 1690 744 Διὰ
1701 718 1796 745 τοῦτο

987 764 1004 799 ἡ
1018 763 1111 799 Γραφή
1129 771 1169 790 σοι
1182 763 1264 797 λέγει·
1283 772 1293 789 ι
1310 763 1341 790 Οί
1354 763 1487 798 ὀφθαλμοί
1502 772 1548 790 σου
1563 763 1632 798 ὀρθὰ
1646 763 1795 798 βλεπέτω-

989 817 1047 840 σαν,
1069 817 1078 833 ›
1107 808 1191 843 μηδὲν
1214 807 1338 842 πλάγιον,
1365 808 1431 843 μηδὲ
1450 808 1593 843 βάσκανον,
1610 808 1626 842 ἢ
1645 808 1754 844 ἔρωτος
1773 808 1791 844 ἢ

989 855 1098 890 μανίας,
1116 855 1132 890 ἡ
1145 863 1171 880 τι
1184 854 1239 890 (55)
1252 853 1371 881 τοιοῦτον
1386 854 1519 889 ἐχόμενοι.
1535 853 1623 880 Βλέπε
1642 854 1689 880 τὸν
1705 853 1792 888 φίλον

987 901 1085 936 ὀρθῶς,
1114 900 1197 936 μηδὲν
1218 901 1419 936 κεκρυμμένον,
1442 901 1524 936 μηδὲν
1546 900 1655 927 ίοὸὀλον.
1682 900 1758 927 Ἀλλ’
1775 900 1792 926 ὁ

949 947 970 974 Β
985 947 1071 973 Σαοὺλ
1082 947 1250 973 ὑπεϐλέπετο
1259 947 1305 974 τὸν
1315 947 1406 973 Δαὸίδ.
1426 947 1481 973 Kal
1497 947 1578 982 βλέπε
1595 947 1789 982 κατασκευήν

990 993 1052 1019 ἰδὼν
1069 993 1149 1019 αὐτὸν
1163 993 1328 1028 τιμώμενον,
1344 992 1468 1028 βούλεται
1483 993 1558 1028 αὐτῷ
1573 992 1665 1019 δοῦναι
1675 992 1726 1028 τὴν
1739 993 1791 1019 θυ-

985 1039 1088 1076 γατέρα
1114 1039 1307 1074 ἐπιγαμϐρίαν.
1323 1039 1355 1064 Ὠ
1371 1039 1497 1074 πείρασις
1515 1038 1684 1074 βασκανίαςί
1705 1039 1790 1065 Ἐπι-

985 1086 1117 1119 6ουλεύει,
1135 1086 1182 1112 καὶ
1197 1086 1312 1121 νυμφίον
1329 1086 1409 1112 αὐτὸν
1423 1085 1566 1121 λαμϐάνεν
1585 1085 1630 1112 καὶ
1641 1085 1673 1111 ού
1691 1084 1788 1119 φείδε-

985 1143 1030 1161 ται
1045 1134 1189 1170 θυγατρὸς,
1208 1134 1252 1160 ἵνα
1270 1133 1309 1169 τῷ
1323 1133 1499 1169 τετιμημένῳ
1515 1133 1707 1169 ἐπιϐουλεύσῃ.
1725 1133 1786 1161 Καὶ

985 1178 1101 1205 ἔπαθλον
1124 1178 1248 1214 βούλεται
1275 1179 1373 1206 ἑκατὸν
1399 1178 1582 1214 ἀκροϐυστίας
1611 1178 1782 1213 ἀλλοφύλων.

991 1225 1152 1251 ’1⁸πώπτευε
1165 1225 1230 1261 γὰρ,
1245 1225 1295 1257 ὅτι,
1315 1225 1362 1252 ἐὰν
1378 1226 1417 1257 είς
1431 1225 1548 1260 πόλεμον
1564 1225 1645 1252 αὑτὸν
1660 1225 1782 1261 ἐμϐάλῃ,

984 1273 1009 1298 ot
1034 1272 1141 1303 ἑκατὸν,
1170 1271 1376 1307 συμπλακέντες
1394 1271 1433 1306 τῷ
1458 1272 1508 1304 ἐνὶ,
1532 1271 1712 1298 ἀποκτενοῦσι
1732 1272 1782 1298 τὸν

984 1317 1040 1343 ’ἐνα-
1060 1318 1106 1344 καὶ
1120 1317 1206 1349 οὕτως
1221 1317 1401 1352 ἀπαλλαγείη.
1416 1317 1470 1343 Καὶ
1487 1317 1607 1351 γέγονεν·
1619 1317 1679 1354 ,ἀλλ’
1696 1317 1711 1343 ὁ
1730 1317 1782 1352 μὲν

985 1361 1080 1397 ἐχθρὸς
1096 1362 1133 1393 ὡς
1148 1362 1255 1398 ἐχθρὸς,
1277 1362 1290 1388 ὀ
1304 1362 1332 1388 δὲ
1349 1361 1415 1393 Θεὸς
1432 1361 1468 1393 ὡς
1485 1361 1562 1394 Θεός.
1584 1362 1749 1397 Ἀπὲρχεται
1765 1363 1780 1388 ὸ

983 1408 1076 1440 Δαεὶδ,
1095 1409 1141 1434 καὶ
1156 1409 1218 1442 νικᾷ
1234 1408 1314 1442 μόνος
1328 1407 1432 1434 ἑκατόν.
1452 1407 1480 1434 '0
1493 1407 1521 1433 δὲ
1533 1407 1618 1434 Σαοὺλ
1637 1407 1697 1434 ἰδὼν
1711 1408 1780 1435 Θεὸν

986 1453 1128 1489 σύμμαχον
1144 1453 1190 1480 τοῦ
1208 1453 1316 1489 ἐχθροῦ,
1333 1453 1394 1480 οὐδὲ
1410 1452 1496 1485 οὕτως
1514 1453 1687 1490 ἐδυσωπήθη·
1710 1455 1780 1490 μᾶλ-

983 1499 1028 1526 λον
1045 1499 1073 1525 δὲ
1087 1500 1116 1526 οὐ
1131 1499 1178 1525 τοῦ
1193 1498 1301 1535 ἐχθροῦ,
1320 1498 1387 1525 ἀλλὰ
1405 1499 1452 1525 τοῦ
1471 1499 1615 1535 εὐεργέτου
1633 1500 1779 1535 ἐπέμεινεν

983 1546 1012 1572 ὲν
1026 1547 1058 1581 τῇ
1079 1545 1173 1581 βουλῇ.
1190 1546 1245 1572 Καὶ
1257 1545 1296 1581 τῷ
1307 1545 1357 1580 υἱῷ
1377 1545 1505 1572 Ἰωνάθαν
1521 1546 1680 1580 ἠγανάκτει,
1690 1547 1734 1573 διὰ
1745 1547 1780 1574 τὸ

984 1592 1056 1627 ἔχειν
1071 1592 1135 1626 φίλα
1149 1591 1217 1627 πρὸς
1233 1591 1277 1618 τὸν
1294 1591 1386 1623 Δαὸὶδ,
1406 1592 1452 1618 καὶ
1467 1592 1630 1628 ἐπεχείρησε
1645 1593 1691 1620 τὸν
1711 1593 1778 1621 ίδιον

139 1641 276 1675 pertinax,
295 1646 377 1676 atque
398 1641 424 1668 id
445 1649 499 1668 non
518 1646 614 1668 contra
632 1642 786 1673 inimicum,
801 1641 848 1668 sed
866 1648 928 1667 con.

986 1638 1039 1663 υίὸν
1060 1637 1162 1664 ἀνελεῖν
1188 1638 1221 1672 τῇ
1247 1636 1381 1672 βασκανίᾳ
1403 1637 1452 1672 τῆς
1475 1637 1595 1669 διανοίας
1621 1637 1773 1665 ἀΰλεπτῶν.

140 1691 182 1712 tra
199 1687 287 1713 virum
309 1686 342 1713 de
359 1694 388 1714 se
409 1688 478 1714 bene
502 1687 641 1714 meritum.
672 1686 850 1722 Jonathzeque
877 1686 932 1714 ﬁlio

140 1731 324 1764 irascebatur,
352 1732 426 1766 quod
452 1737 526 1759 esset
545 1733 569 1760 ei
585 1740 648 1759 eum
675 1731 778 1759 Davide
793 1732 930 1759 amicitia:

139 1785 227 1812 eoque
253 1778 383 1807 caecitatis
408 1786 441 1805 ex
468 1778 568 1805 invidia
584 1779 719 1806 deductus
745 1784 796 1811 est,
823 1783 853 1805 ut
869 1786 932 1814 pro-

140 1824 229 1858 prium
248 1823 332 1850 filium
347 1825 502 1851 interficere
516 1829 642 1852 tentaret.
665 1824 751 1852 David
766 1829 856 1851 autem
868 1833 931 1851 cum

141 1875 202 1895 sese
215 1867 316 1894 videret
334 1868 442 1895 insidiis
462 1869 564 1904 appeti,
585 1869 618 1895 ad
634 1870 742 1896 tertiam
755 1877 784 1896 se
796 1870 866 1896 diem
885 1878 932 1896 oe-

141 1913 227 1940 cultat
249 1922 255 1939 :
273 1921 335 1940 nam
352 1913 436 1941 David
449 1922 559 1948 quoque
574 1914 683 1941 tertiam
698 1918 778 1941 norat
794 1915 866 1941 diem
880 1921 887 1940 :
905 1917 931 1941 et

142 1959 211 1987 inito
224 1967 285 1986 cum
299 1959 417 1986 Jonatha
434 1960 547 1992 foedere,
561 1968 622 1987 sese
638 1961 665 1987 in
683 1960 774 1995 fugam
787 1960 875 1987 victor
886 1960 931 1987 ille

143 2005 236 2032 dedit:
254 2013 307 2032 non
324 2013 379 2040 quo
394 2014 449 2033 non
471 2007 572 2033 valeret
594 2006 737 2034 inimicum
750 2007 864 2040 ulcisci;
883 2006 931 2034 sed

992 1682 1064 1709 Ἰδὼν
1088 1683 1116 1709 δὲ
1138 1682 1233 1709 ἑαυτὸν
1259 1682 1500 1718 ἐπιϐουλευόμενον
1516 1684 1530 1710 6
1543 1683 1632 1716 Δαϐὶδ,
1648 1684 1775 1720 κρύϐεται

985 1729 1037 1761 ἓως
1050 1730 1100 1764 τῆς
1113 1729 1217 1764 τρίτης·
1232 1729 1279 1755 καὶ
1291 1729 1306 1755 6
1319 1728 1402 1755 Δαϐὶδ
1416 1726 1467 1755 οἶδε
1480 1730 1529 1765 τὴν
1541 1730 1646 1765 τρίτην,
1657 1731 1704 1756 καὶ
1715 1739 1775 1756 συν-

986 1773 1072 1809 θήκας
1086 1775 1202 1801 ποιεῖται
1214 1774 1281 1809 πρὸς
1298 1774 1344 1800 τὸν
1365 1774 1502 1806 Ἰωνάϐαν,
1520 1775 1566 1802 καὶ
1577 1775 1662 1808 οὕτως
1680 1777 1773 1810 φεύγει

984 1820 998 1845 6
1015 1820 1137 1854 νικητής·
1157 1819 1207 1845 οὐκ
1225 1819 1327 1845 ἁτονῶν
1347 1818 1503 1854 ἀμύνασθαι
1525 1821 1570 1847 τὸν
1586 1821 1692 1856 ἐχθρὸν,
1709 1821 1774 1848 ἀλλὰ

987 1865 1024 1902 μὴ
1042 1866 1201 1901 βουλόμενος
1223 1866 1293 1893 κατὰ
1312 1867 1359 1894 τοῦ
1381 1868 1606 1904 εὐεργετηθέντος
1627 1869 1772 1903 ἐπαγαγεῖν

987 1911 1071 1946 ξίφος·
1088 1913 1134 1938 καὶ
1151 1912 1288 1948 παραδοὺς
1300 1913 1373 1946 ἅπαξ
1389 1913 1428 1949 τῷ
1441 1913 1500 1949 Θεῷ
1514 1913 1545 1940 τὸ
1562 1915 1713 1950 κριτήριον,
1728 1915 1772 1941 καὶ

986 1958 1104 1992 φεύγων,
1121 1958 1228 1993 ἔρχεται
1243 1958 1313 1994 μετὰ
1326 1959 1379 1986 τῶν
1392 1959 1505 1986 οἰκετῶν
1522 1959 1590 1996 πρὸς
1602 1960 1648 1987 τὸν
1669 1960 1772 1996 Ἀϐιμέ-

986 2004 1033 2039 λεχ
1047 2005 1093 2030 τὸν
1110 2005 1132 2030 is
1138 2005 1186 2040 ρέα

143 2051 239 2078 nolens
266 2051 294 2078 in
321 2051 410 2078 virum
436 2052 479 2079 cui
510 2053 642 2079 beneﬁcia
661 2053 835 2084 contulisset,
865 2053 1000 2087 stringere
1027 2050 1146 2085 gladium
1171 2059 1226 2079 :ac
1242 2050 1298 2079 Deo
1317 2052 1400 2080 semel
1428 2052 1604 2080 committens
1629 2052 1769 2088 judicium,

142 2096 206 2132 fuga
228 2105 257 2124 se
274 2097 381 2125 confert
405 2105 466 2125 cum
483 2098 540 2126 suis
562 2097 719 2127 domesticis
740 2099 774 2126 ad
794 2098 1000 2126 Abimelechum
1016 2097 1198 2124 sacerdotem.

177 2145 221 2172 13.
242 2144 304 2172 Haec
317 2151 408 2173 autem
426 2147 518 2173 omnia
540 2154 715 2175 recensemus
739 2148 774 2175 ob
789 2147 933 2175 historiam

140 2190 291 2226 Evangelii,
308 2192 344 2219 ob
358 2192 472 2219 verbum
489 2192 555 2219 illud
574 2192 745 2221 Salvatoris:
766 2193 877 2220 «Annon
894 2194 932 2221 le-

1012 2145 1066 2172 .13.
1088 2145 1180 2172 Πάντα
1197 2145 1225 2172 δὲ
1242 2145 1326 2172 ταῦτα
1343 2145 1457 2181 λέγομεν
1470 2146 1512 2174 διὰ
1528 2147 1577 2183 τὴν
1595 2147 1713 2184 ἱστορίαν
1726 2148 1768 2175 τοῦ

986 2193 1165 2226 Εὑαγγελίου,
1178 2191 1222 2218 διὰ
1235 2191 1265 2218 τὸ
1282 2193 1357 2228 ῥῆμα
1370 2192 1417 2218 τοῦ
1433 2193 1561 2229 Σωτῆρος
1573 2193 1604 2220 τὸ
1620 2195 1766 2230 εἰρημένον·

138 2235 250 2271 giztis“
278 2237 342 2272 quid
367 2236 464 2264 fecerit
480 2236 576 2268 David,
605 2246 668 2265 cum
688 2239 827 2265 esuriret:
859 2245 928 2273 quo-

988 2249 997 2265 ι
1017 2239 1074 2266 Οὐκ
1098 2238 1234 2272 ἀνέγνωτε
1259 2237 1273 2264 ὃ
1297 2238 1408 2274 ἐποίησε
1434 2239 1527 2272 Δαϐὶδ,
1554 2241 1599 2266 ὅτε
1623 2241 1766 2274 ἐπείνασεν,

138 2282 222 2308 modo
237 2283 343 2310 venerit
356 2282 409 2317 52
425 2283 452 2310 in
479 2283 590 2310 domum
617 2283 676 2315 Dei,
696 2289 722 2310 et
735 2292 819 2319 panes
836 2292 933 2320 propo-

139 2329 249 2358 sitionis
285 2329 500 2356 comederit"?i
543 2328 625 2356 Venit
656 2330 748 2365 itaque
780 2329 864 2357 David
896 2330 930 2357 ad

137 2374 346 2402 Abimelechum
369 2376 540 2403 sacerdotem
558 2383 620 2401 cum
646 2377 743 2410 paucis
754 2375 806 2402 via:
823 2375 931 2403 comiti-

137 2420 200 2447 bus.
214 2419 425 2455 Obstupefaetus
439 2420 606 2454 Abimelech,
623 2420 726 2456 Ecquid
746 2421 823 2453 illud,
837 2422 885 2454 ait,
900 2425 930 2449 ut

137 2465 191 2493 dux
208 2466 348 2494 exercitus
364 2467 442 2494 solus
457 2467 510 2494 iter
524 2467 617 2500 faciat,
635 2471 663 2494 et
687 2468 728 2494 vir
743 2467 859 2503 insignis
873 2472 929 2494 tam

136 2512 236 2548 exiguo
261 2512 392 2540 comitatu
416 2513 530 2541 utatur?
554 2512 623 2540 Tum
649 2513 733 2543 David
756 2523 928 2551 nequaquam

138 2557 255 2585 insidias
274 2558 326 2585 sibi
345 2562 457 2594 paratas
474 2565 617 2592 memerat,
642 2561 687 2588 scd
711 2569 741 2588 re
760 2562 858 2593 celata,
879 2562 927 2593 ait,

135 2602 244 2638 jussum
263 2604 357 2640 pueris
384 2612 446 2632 esse
475 2611 505 2632 ut
523 2605 550 2632 in
576 2606 667 2633 locum
691 2606 866 2640 conveniant,
883 2607 927 2634 eui

137 2657 250 2685 nomen,
268 2649 322 2678 Deo
342 2651 420 2686 ﬁdes.
440 2650 510 2679 Nota
525 2652 596 2687 apud
614 2652 744 2681 Davidem
764 2661 874 2689 qucque
898 2653 928 2680 fi-

984 2286 1022 2318 ώς
1046 2283 1128 2322 ἦλθεν
1157 2286 1197 2316 είς
1214 2285 1260 2311 τδν
1289 2284 1363 2313 οἶκον
1387 2286 1434 2313 τοῦ
1456 2286 1534 2318 Θεοῦ,
1564 2287 1611 2313 καὶ
1637 2287 1700 2319 τοὺς
1723 2287 1767 2323 ἆρ-

982 2341 1045 2364 τους
1070 2332 1119 2367 τῆς
1148 2331 1303 2367 προθέσεως
1322 2331 1438 2367 ἕφαγενς
1460 2343 1469 2359 ι
1497 2333 1627 2368 Ἔρχεται
1651 2333 1735 2360 τοίνυν
1753 2335 1766 2361 ὁ

983 2378 1064 2405 Δαὸὶδ
1083 2377 1152 2412 πρὸς
1173 2377 1217 2403 τὸν
1247 2376 1389 2412 Ἀϐιμέλεχ
1411 2377 1456 2404 τὸν
1483 2377 1575 2413 ἱερέα,
1604 2378 1662 2413 μετ’
1679 2377 1766 2412 ὀλίγων

982 2424 1140 2460 ὀδοιπορῶν.
1164 2422 1315 2459 Ἐξεπλάγη
1327 2424 1340 2450 ὀ
1357 2423 1509 2459 Ἀὁιμέλεχ-
1519 2425 1575 2455 καὶ,
1593 2424 1626 2450 Τί
1639 2424 1714 2451 τοῦτο
1726 2425 1765 2459 γέ-

983 2480 1055 2506 γονε,
1076 2470 1168 2506 φησὶν,
1191 2471 1232 2496 ὅτι
1252 2470 1332 2505 μόνος
1347 2470 1361 2496 ὀ
1380 2470 1569 2506 στρατηλάτης
1585 2470 1682 2503 ὁδεύει,
1698 2472 1765 2498 καὶό

983 2517 1118 2552 ἐπίσημος
1142 2516 1280 2552 λιτοτέραν
1303 2517 1421 2543 ποιεῖται
1440 2517 1489 2553 τὴν
1506 2517 1679 2553 ὀδοιπορίαν;
1701 2517 1727 2543 Ὀ
1739 2517 1763 2544 δὲ

982 2563 1065 2590 Δαὸὶδ
1074 2563 1104 2589 οὐ
1116 2563 1188 2597 λέγει
1201 2563 1250 2598 τὴν
1264 2562 1419 2598 ἐπιϐουλὴν,
1432 2563 1500 2590 ἀλλὰ
1512 2565 1603 2600 σιωπᾷ
1615 2563 1644 2590 τὸ
1658 2564 1763 2599 πρᾶγμα

982 2608 1029 2635 καί
1044 2617 1135 2643 φησιν,
1154 2609 1194 2635 ὅτι
1208 2609 1264 2640 τοῖς
1284 2607 1437 2644 παιδαρίοις
1453 2609 1609 2637 ἐντέταλται
1626 2610 1716 2645 (54)ἐν
1730 2608 1762 2644 τῷ

981 2654 1056 2690 τόπῳ
1067 2653 1106 2690 τῷ
1120 2654 1267 2690 λεγομένῳ,
1276 2653 1337 2688 Θεῷ
1345 2655 1456 2688 πίστις.
1469 2655 1505 2690 Si;
1511 2654 1625 2690 μείωσαι
1636 2655 1682 2682 καὶ
1695 2653 1763 2682 τοῦτο

173 2727 197 2745 ⁸³
216 2728 311 2757 Matth.
328 2737 384 2763 xit,
401 2730 444 2757 M.
483 2730 506 2746 “
526 2730 598 2759 Psal.
618 2739 679 2764 xvt,
697 2731 725 2758 2.
764 2733 787 2748 "
805 2731 815 2758 Ι
831 2731 897 2767 Reg.
915 2740 1000 2765 xvut,
1017 2733 1063 2760 9.5.
1101 2733 1125 2749 “
1144 2734 1153 2761 l
1170 2733 1236 2769 Reg.
1258 2742 1302 2761 ΠΙ
1315 2755 1322 2767 ,
1338 2734 1366 2761 6.
1404 2734 1426 2750 ⁸⁷
1448 2733 1542 2761 Matth.
1562 2742 1619 2768 xtl,
1637 2735 1665 2762 4.

174 2787 275 2824 (55)]“ι
300 2796 355 2816 non
373 2788 489 2816 habetur
506 2789 534 2816 in
551 2789 727 2823 Commclin.,
746 2797 795 2818 nec
812 2789 839 2817 in
858 2797 924 2818 mss.

142 2822 190 2852 sed
206 2822 225 2850 a‘
236 2823 440 2852 Parisiensihus
456 2824 576 2852 additum
594 2824 655 2852 fuit.

1021 2790 1076 2826 (54)
1093 2790 1224 2819 Conunel.
1243 2791 1324 2818 habet
1350 2790 1520 2825 ἐντέταλμαι.
