1898 3053
91 159 150 189 161

92 220 148 247 καὶ
167 219 244 256 παρὰ
259 219 299 255 τῷ
320 218 403 246 Δασὶδ
425 219 442 254 ἡ
466 218 568 250 πίστις’
589 217 634 245 διὰ
654 217 701 245 τὸν
717 219 850 254 μέλλοντα
866 219 897 252 ἐξ

94 265 183 293 αὐτοῦ
198 265 356 300 γεννᾶσθαι,
366 265 411 291 τὸν
420 264 544 300 λέγοντα”
562 273 571 290 ‹
586 264 666 291 Κατὰ
681 264 730 301 τὴν
745 265 838 292 πίστιν
849 274 896 292 σου

94 311 244 347 γενηθήτω
259 319 311 338 σοι.
326 321 336 337 ι
350 311 460 342 Εἰκόνες
474 310 522 337 καὶ
535 309 652 338 ἐνταῦθα
665 306 837 346 πραγμάτων
849 311 896 338 καὶ

93 358 269 394 ὁμοιότητες,
287 358 363 384 Διτεί
378 357 476 393 ἄρτους
493 358 507 383 ὁ
523 356 606 383 Δαὸὶδ
620 357 696 393 παρὰ
716 357 764 383 τοῦ
787 357 897 392 Ἀϐιμέ-

94 405 158 439 λεχ.
184 404 214 430 '0
229 403 257 430 δέ
274 411 339 438 φησι
357 404 425 439 πρὸς
441 403 533 430 αὐτόν·
548 403 605 430 Οὐκ
624 403 692 429 είσὶν
712 403 790 439 ἄρτοι
806 403 864 429 ἀλλ’
878 403 894 439 ἦ

93 451 122 478 οἱ
138 449 324 486 ἁφιερωμένοι
344 449 377 476 ὲκ
399 448 545 485 προσώπου
569 449 682 484 Κυρίου.
708 449 792 476 Πάλιν
814 449 894 477 ἄλλου

96 496 185 532 νόμου
200 496 241 522 δεῖ
253 496 327 531 ἡμᾶς
343 494 540 531 μνημονεῦσαι.
563 495 591 521 '0
605 494 650 522 τοῦ
663 495 802 527 Μωῡσέως
814 496 895 531 νόμος

98 541 222 577 ἔγραψεν
238 542 268 567 ὲν
286 542 346 572 ταῖς
364 541 486 573 τελεταῖς
500 542 549 577 τῆς
565 541 692 577 λατρείας
712 543 772 574 ταῖς
785 543 895 578 γινομέ-

97 597 161 620 ναις
172 587 242 614 κατὰ
255 587 304 623 τὴν
321 587 427 623 ἡμέραν
445 586 492 614 τοῦ
509 587 660 620 Σαὸὗάτου,
675 587 779 615 δώδεκα
795 589 893 624 ἄρτους

98 634 221 671 θερμοὺς
231 633 384 668 πεφθέντας
398 633 508 668 τεθῆναι
522 633 569 660 ἐπὶ
580 634 629 668 τῆς
640 634 790 670 τραπέζης.
807 635 892 662 Ὅπου

97 681 128 708 δὲ
145 680 246 716 Θέρμη,
259 681 318 706 ὲκεῖ
330 679 397 715 πῦρ.
411 679 573 713 Λεγέτωσαν
587 679 634 706 νῦν
649 681 716 715 ἡμῖν
727 681 751 707 οἰ
773 681 893 708 Ἰουδαῖοι

97 727 160 758 πῶς
175 726 289 762 τηροῦσι
302 726 332 752 τὸ
347 725 495 758 Σάὸσατον,
512 726 559 752 καὶ
573 725 604 752 τὸ
618 725 673 762 πῦρ
686 726 782 753 ἆπτειν
794 735 893 763 παραι-

96 772 220 804 τοῦνται,
232 773 299 798 ὅπου
316 773 340 798 οί
357 773 439 807 ἱερεῖς
456 772 571 799 ἅπτουσι
585 772 651 808 πῦρ,
667 773 714 798 καὶ
731 773 829 808 ἄρτους
842 774 892 800 πέ-

97 819 200 854 ψαντες
216 817 334 853 θερμοὺς
349 817 533 853 παρατιθέασι
547 826 554 850 ;
571 818 616 853 Μὴ
636 817 692 851 ἐγὼ
707 818 786 853 μόνος
802 827 891 855 παρα-

98 863 185 890 δαίνω
199 864 232 890 τὸ
246 863 400 895 Σάϐϐατον;
419 863 485 890 Ἰδοὺ
498 864 522 890 οἱ
536 864 618 899 ἱερεῖς
631 864 695 895 τοὺς
711 864 829 900 Θερμοὺς
844 865 892 891 πέ-
907 876 929 904 Β

98 918 213 937 πτουσιν
225 911 255 936 ὲν
271 909 411 944 Σαϐϐάτῳ,
427 909 475 936 καὶ
489 910 639 946 περιτομὴν
651 910 768 937 διδόασιν
779 911 808 937 ἐν
822 911 892 938 246-

98 956 184 991 σάτῳ.
210 956 298 983 Ὅπου
320 955 348 982 δὲ
378 955 523 991 περιτομὴ,
548 957 607 982 ἐκεῖ
631 957 677 983 καὶ
702 956 822 992 σίδηρος,
846 957 892 984 καὶ

99 1002 226 1036 σπόγγοι,
244 1001 291 1028 καὶ
311 1001 346 1028 τὰ
368 1001 512 1028 ἀκόλουθα.
531 1002 617 1029 Ὅπου
640 1002 807 1038 ἀρτοποιίαι,
835 1004 894 1030 ἐκεῖ

99 1047 148 1074 καὶ
158 1047 293 1080 κλίϐανοι,
309 1048 368 1074 ἐκεῖ
377 1048 424 1075 καὶ
435 1047 580 1083 φρυγάνων
591 1049 753 1084 συγκομιδὴ,
766 1049 814 1076 καὶ
825 1049 893 1082 ὅλως

98 1094 181 1130 ἔργον
189 1094 296 1125 αὐτοῖς,
309 1093 340 1120 τὸ
349 1094 400 1129 τῆς
412 1094 579 1130 ἀρτοποιίας.
591 1095 636 1130 Τῷ
650 1095 699 1130 μὲν
709 1094 755 1123 οὖν
771 1096 828 1132 λαῴ
838 1096 892 1124 τῶν

105 1139 241 1168 Ἰουδαίων
255 1140 444 1176 ἀπηγορεύετο
465 1140 502 1176 μὴ
522 1140 685 1176 ἐργάζεσθαι
702 1142 731 1169 ὲν
750 1142 890 1178 Σαϐϐάτῳσ

97 1188 156 1218 τοῖς
166 1186 196 1213 δὲ
209 1185 327 1221 ἱερεῦσιν
339 1186 389 1212 οὐκ
399 1184 433 1222 ἦν
445 1186 679 1222 ἀπηγορευμένον.
699 1187 748 1214 Διὰ
758 1187 836 1214 τοῦτο
845 1189 892 1215 καὶ

99 1233 167 1268 ἡμῖν
184 1231 232 1258 καὶ
247 1232 330 1258 πᾶσιν
343 1231 453 1266 ἀφίεται
467 1231 497 1258 τὸ
516 1233 545 1259 ὲν
563 1233 697 1268 Σαΰῦάτῳ
714 1233 890 1269 ἐργάζεσθαι·

99 1279 148 1306 καὶ
158 1278 213 1314 γὰρ
229 1278 277 1304 καὶ
295 1278 377 1313 ἡμεῖς
394 1278 494 1310 πάντες
509 1278 643 1314 βασίλειον
658 1280 816 1316 ἱεράτευμα.
835 1281 892 1308 Πά-

99 1325 144 1352 λαι
157 1324 207 1360 μὲν
217 1321 265 1350 οὖν
273 1325 330 1355 τοῖς
341 1323 458 1359 ἱερεῦσιν
466 1324 571 1359 ἡφίετο“
583 1326 639 1360 (55)
648 1326 743 1361 ἐπειδὴ
752 1327 800 1353 καὶ
810 1327 892 1362 ἡμεῖς

99 1371 255 1406 γεγόναμεν
270 1369 404 1405 βασίλειον
422 1370 569 1406 ἱεράτευμα
586 1371 632 1398 καὶ
651 1371 727 1404 ἔθνος
740 1371 826 1406 ἅγιον.
838 1371 891 1398 Τοῦ

100 1416 182 1451 νόμου
202 1414 367 1450 γράψαντος·
389 1415 433 1441 Ἐν
452 1416 485 1450 τῇ
506 1416 598 1452 ἡμέρα
615 1415 661 1443 τοῦ
677 1416 815 1444 Σασόάτου
828 1417 892 1448 τοὺς

99 1461 204 1488 δώδεκα
233 1460 333 1495 ἄρτους
359 1460 481 1487 τίθεσθαι
510 1462 539 1488 ὲν
563 1462 698 1499 τραπέζῃ·
723 1462 814 1498 ἄρτων
838 1461 891 1498 γὰρ

100 1508 298 1544 ἀφιερωμένων
315 1508 438 1539 ἐκείνων,
463 1509 495 1535 ἐκ
517 1508 566 1544 τῆς
585 1508 725 1544 τραπέζης
749 1508 806 1544 (36)
831 1508 891 1544 ᾔτει

705 157 849 186 HOMILIA
868 158 912 186 DE
930 158 1105 188 SEMENTE.

1687 163 1741 191 162

948 219 1011 247 dem
1027 219 1116 254 (esse:
1144 218 1180 246 ob
1204 226 1267 247 eum
1292 219 1339 254 qui
1364 227 1398 248 ex
1422 220 1470 248 illo
1494 223 1585 248 ortum
1603 221 1741 252 ducturus

946 269 1016 297 erat,
1031 266 1077 300 qui
1087 266 1144 294 ait:
1163 275 1172 292 ι
1187 264 1248 293 Fiat
1266 265 1314 293 tibi
1329 267 1481 294 secundum
1499 267 1579 295 ﬁdem
1587 271 1663 296 tuam
1675 268 1708 297 ⁸⁸.
1726 278 1738 296 ι

946 311 1054 340 Adsunt
1069 312 1114 339 hic
1128 319 1238 347 quoque
1260 319 1352 340 rerum
1376 313 1510 348 imagines
1524 314 1740 345 similitudines-

946 366 1010 394 que.
1033 358 1158 386 Postulat
1184 366 1270 393 panes
1301 358 1387 387 David
1417 361 1452 387 ab
1473 360 1670 396 Abimelecho;
1696 370 1743 391 re-

949 405 1066 440 spondet
1081 405 1138 431 illi:
1155 404 1229 431 Nulli
1251 409 1316 432 sunt
1332 413 1416 440 panes
1432 412 1530 441 praeter
1544 415 1593 435 eos
1604 408 1651 442 qui
1670 416 1741 436 con-

945 451 1046 479 secrati
1072 455 1137 478 sunt
1160 458 1193 478 ex
1225 457 1375 487 conspectu
1399 452 1518 481 Domini.
1551 454 1672 483 Alterius
1693 455 1740 483 hic

944 496 1034 523 denuo
1049 496 1116 531 legis
1131 496 1235 523 mentio
1253 496 1377 524 facienda
1393 501 1445 525 est.
1463 498 1580 533 Scripsit
1598 499 1706 536 Moyses
1714 500 1738 517 ’⁵⁸

942 542 970 569 in
998 542 1057 577 lege
1082 541 1116 569 de
1146 542 1349 571 initiationibus
1370 545 1441 572 sacri
1458 545 1548 572 cultus
1562 546 1606 574 die
1625 545 1737 574 Sabbati

944 587 1091 620 faciendis,
1113 587 1258 615 duodecim
1275 596 1359 623 panes
1370 589 1475 618 calidos
1485 595 1578 619 coctos
1596 592 1738 627 ponendos

943 641 1005 661 esse
1015 641 1098 668 supra
1114 641 1247 661 mensam.
1262 633 1315 662 Ubi
1333 639 1424 662 autem
1437 636 1590 671 calefactio,
1606 638 1642 666 ibi
1655 639 1737 674 ignis.

943 678 1041 706 Dicant
1056 679 1101 706 hic
1114 680 1194 707 nobis
1209 679 1307 712 Judzei,
1320 689 1405 716 quare
1417 682 1566 709 Sabbatum
1579 684 1738 718 observant,

943 732 998 759 quo
1023 724 1112 759 ignem
1143 725 1295 752 accendere
1321 731 1471 760 recusant;
1487 735 1550 755 cum
1579 730 1738 757 sacerdotes

944 769 1032 804 ignem
1049 770 1232 797 accenderent
1245 790 1252 802 ,
1269 775 1420 807 coctosque
1432 781 1517 808 panes
1532 775 1637 802 calidos
1651 783 1737 810 appo-

942 814 1060 841 nereut?
1077 814 1147 842 Num
1177 823 1228 850 ego
1256 816 1333 853 solus
1347 819 1537 852 transgredior
1563 818 1736 847 Sahbatum?

944 859 1014 886 Ecce
1037 860 1088 894 ipsi
1107 861 1264 888 sacerdotes
1294 862 1397 890 calidos
1414 871 1498 898 panes
1514 869 1671 899 apponunt.
1690 873 1737 893 co-

942 909 1085 940 quuntque
1113 904 1245 939 Sabbato,
1267 911 1294 934 et
1318 907 1517 935 circumcidunt
1533 908 1669 937 Sahbato?
1684 910 1736 938 Ubi

943 957 1034 979 autem
1045 952 1233 986 circumcisio,
1259 953 1296 981 ibi
1311 953 1425 987 ferrum,
1444 957 1576 991 spongiae,
1596 960 1622 984 et
1637 961 1736 985 caetera

942 1006 1003 1033 qua:
1015 998 1049 1025 ad
1065 1006 1123 1026 rem
1141 999 1288 1034 pertinent.
1307 999 1358 1028 Ubi
1368 1001 1446 1036 panis
1458 1002 1609 1034 confectio,
1626 1003 1662 1030 ibi
1677 1003 1736 1030 for-

942 1052 1036 1078 naces,
1065 1045 1103 1072 ibi
1127 1050 1331 1073 sarmentorum
1355 1053 1542 1080 commeatus;
1569 1056 1602 1075 ac
1625 1049 1736 1077 demum

942 1099 1012 1126 opus
1026 1091 1062 1118 ab
1084 1091 1140 1119 illis
1163 1092 1304 1127 peragitur
1333 1100 1387 1128 quo
1402 1100 1488 1128 panes
1516 1093 1737 1122 conliciantJu<

942 1137 1063 1165 deorum
1088 1138 1180 1173 itaque
1207 1138 1307 1174 populo
1328 1140 1442 1166 vetitum
1468 1143 1538 1172 erat,
1555 1148 1590 1168 ne
1616 1141 1736 1169 Sabbato

942 1191 1011 1219 opus
1034 1183 1156 1211 facerent
1173 1193 1179 1211 τ
1197 1185 1394 1213 sacerdotibus
1423 1193 1487 1213 vero
1517 1187 1543 1214 id
1567 1187 1736 1222 prohibitum

942 1236 997 1256 non
1013 1233 1083 1256 erat.
1101 1229 1273 1266 Quapropter
1292 1231 1372 1258 nobis
1387 1231 1573 1267 omnibusque
1597 1232 1734 1267 permitti-

942 1278 988 1301 tur
1005 1275 1033 1302 in
1052 1274 1174 1302 Sabbato
1187 1277 1310 1311 operari,
1325 1283 1387 1303 cum
1402 1284 1453 1305 nos
1472 1284 1568 1305 omnes
1587 1277 1674 1305 simus
1690 1285 1734 1305 re-

941 1321 1002 1356 gale
1016 1320 1214 1348 sacerdotium.
1228 1319 1299 1348 Olim
1312 1321 1395 1356 igitur
1416 1321 1608 1349 sacerdotibus
1620 1322 1735 1357 permit-

942 1366 1049 1394 tebatur
1065 1374 1072 1392 :
1089 1366 1170 1394 nobis
1185 1374 1294 1402 quoque
1317 1367 1449 1402 quoniam
1465 1375 1562 1395 sumus
1584 1367 1677 1403 regale
1689 1375 1736 1395 sa-

941 1412 1106 1445 cerdotium,
1133 1421 1200 1448 gens
1218 1417 1324 1442 sancta.
1344 1413 1466 1448 idipsum
1494 1413 1661 1448 permissum
1680 1418 1733 1441 est.

943 1457 1087 1486 Scrihente
1103 1459 1172 1494 lege,
1188 1459 1216 1486 in
1236 1459 1280 1487 die
1291 1458 1405 1486 Sabbati
1421 1459 1568 1487 duodecim
1584 1467 1669 1495 panes
1686 1467 1734 1487 su-

941 1512 990 1540 pra
1005 1512 1127 1532 mensam
1145 1504 1286 1540 ponendos
1303 1512 1376 1537 esse.
1396 1512 1430 1532 ex
1445 1504 1499 1532 illis
1518 1506 1545 1532 in
1558 1513 1652 1532 mensa
1668 1513 1735 1532 con-

99 1554 114 1580 ὀ
130 1553 211 1579 Δαόὶδ
223 1552 272 1588 τὴν
285 1553 400 1588 τροφήν.
424 1553 452 1579 '0
464 1553 493 1579 δὲ
512 1553 655 1588 Ἀϐιμέλεχ
666 1553 750 1588 ἔλεγε·
769 1563 778 1578 «
794 1554 825 1580 Εἰ
838 1553 887 1580 δια-

954 1550 1057 1578 .ecratis
1084 1551 1202 1585 panibus
1216 1551 1374 1585 postulabat
1390 1549 1475 1577 David
1491 1550 1543 1578 sibi
1559 1551 1732 1578 alimentum.

100 1598 299 1633 πεφυλαγμένα
321 1597 357 1625 τὰ
379 1597 518 1634 παιδάρια,
546 1598 615 1634 πλὴν
642 1598 695 1625 ἀπὸ
719 1599 856 1633 γυναικός.
877 1608 887 1625 ι

100 1641 165 1671 Ἧδὲ
180 1653 224 1679 μοι
236 1643 339 1676 λοιπὸν,
354 1645 383 1670 ὲν
396 1643 566 1680 παρεκϐάσει
576 1643 624 1670 τοῦ
638 1643 727 1677 λόγου,
741 1644 890 1678 ἀσφαλίζου

99 1690 131 1716 τὸ
144 1690 300 1726 εἰρημένον,
312 1691 326 1716 6
337 1690 441 1721 πιστὸς,
452 1690 499 1716 καὶ
515 1689 570 1716 νόει
583 1698 628 1725 μοι
638 1689 668 1716 τὸ
678 1689 832 1725 λεγόμενον·
844 1690 890 1716 καὶ

99 1736 150 1771 τὴν
167 1735 278 1770 ἁγνείαν
292 1735 466 1771 ἀναλάμϐανε
482 1735 592 1771 σαρκός.
604 1736 634 1762 Εἰ
647 1735 702 1771 γὰρ
714 1737 728 1762 ὁ
747 1735 890 1770 Ἀὅιμέλεχ

98 1781 160 1807 τότε
170 1780 256 1808 ταῦτα
266 1780 445 1817 παρήγγειλε,
458 1781 516 1813 πῶς
527 1782 586 1816 οὺχ).
597 1781 644 1808 καὶ
652 1782 889 1818 παραῳυλακτέον;

101 1827 156 1853 Καὶ
169 1826 256 1858 οὓτως
274 1826 368 1853 ἐλαϐεν
389 1828 404 1853 ὀ
427 1827 519 1860 Δασὶδ,
538 1827 586 1854 καὶ
605 1827 683 1864 ήσθιε
704 1830 766 1860 τοὺς
779 1829 888 1865 ἄρτους,

100 1874 148 1900 καὶ
160 1874 189 1900 ἐν
204 1872 335 1910 Σαϐϐάτῳ
350 1874 414 1906 ἴσως
429 1874 534 1900 ἐλαϐεν.

135 1973 179 2000 ﬂ.
208 1973 284 1999 Ἐπεὶ
299 1970 345 2000 οὖν
360 1974 384 2000 οἱ
404 1974 525 2001 Ἰουδαῖοι
549 1974 758 2010 κατεμέμφοντο
777 1974 815 2009 τῷ
837 1975 891 2001 Σω-

98 2020 172 2056 τῆρι,
194 2019 239 2046 διὰ
256 2018 287 2046 τὺ
302 2020 331 2046 ἐν
350 2019 483 2054 Σαϐϐάτῳ
497 2020 559 2051 τοὺς
579 2020 700 2056 μαθητὰς
715 2020 812 2047 τίλλειν
827 2021 890 2047 στά-

100 2075 168 2102 χυας
181 2065 228 2092 καὶ
240 2065 349 2092 ἐσθίειν·
362 2065 406 2092 διὰ
419 2066 500 2092 τοῦτο
511 2066 692 2102 εὐκαιρότατα
704 2067 889 2102 ἐμνημόνευσε

99 2112 149 2146 τῆς
165 2111 287 2147 ἱστορίας
304 2111 353 2147 τῆς
375 2113 403 2138 ὲν
419 2112 549 2148 Σαϐϐάτῳ
571 2113 733 2148 γενομένης·
757 2113 800 2139 ἶνα
816 2113 890 2150 δείξῃ

99 2159 202 2189 αὐτοῖς,
225 2158 278 2190 ὅτι,
306 2160 331 2184 ει
357 2158 424 2194 πρὸς
450 2159 583 2194 σωτήριον
607 2160 709 2196 τροφὴν
733 2160 830 2194 ἠφίετο
850 2159 889 2195 τῷ

100 2203 181 2230 Δαόὶδ
189 2203 244 2256 ,καὶ
257 2205 314 2236 τοῖς
333 2205 389 2256 μετ’
403 2205 484 2231 αὐτοῦ
503 2205 658 2239 ἐφάψασθαι
677 2206 767 2241 ἄρτων
789 2207 821 2232 ὲκ
840 2206 889 2241 τῆς
906 2230 926 2256 υ

100 2248 247 2284 τραπέζης,
270 2249 320 2275 οὐκ
342 2247 376 2284 ἦν
398 2249 622 2285 ἀπηγορευμένον
646 2251 693 2277 καὶ
716 2251 747 2277 τὸ
770 2251 888 2286 στάχυας

101 2293 299 2329 Μμόάνοντας,
323 2295 370 2321 καὶ
389 2295 530 2330 ψώχοντας
547 2296 648 2322 ἐσθίειν
671 2297 733 2328 τοὺς
753 2297 885 2332 μαθητάς.

105 2350 113 2366 ι
127 2341 193 2368 Οὐδὲ
205 2340 286 2367 τοῦτο
297 2341 430 2374 ἀνέγνωτε
447 2342 460 2367 ὃ
477 2342 587 2377 ἐποίησε
605 2342 697 2373 Δαεὶδ,
717 2343 761 2369 ὅτε
780 2344 887 2370 ἐπείνα-

103 2396 146 2414 σεν
158 2388 239 2419 αὐτὸς
253 2388 300 2414 καὶ
311 2388 336 2414 οἱ
349 2387 406 2423 μετ’
418 2387 512 2415 αὐτοῦ.
521 2387 558 2418 ὡς
573 2387 695 2423 εἰσῆλθεν
708 2389 748 2420 εἰς
758 2389 804 2415 τὸν
814 2386 887 2416 οἷκον

102 2434 145 2461 τοῦ
158 2434 238 2465 Θεοῦ,
256 2434 304 2460 καὶ
319 2435 381 2465 τοὺς
398 2434 495 2469 ἄρτους
512 2434 561 2468 τῆς
574 2434 729 2468 προθέσεως
742 2435 860 2469 ἔφαγεν;
876 2445 885 2461 ι

104 2480 194 2514 Ἔχεις
207 2479 271 2514 ἑξῆς
286 2479 503 2514 συνεζευγμένην
515 2480 561 2506 καὶ
573 2481 622 2515 τὴν
637 2481 757 2516 ἱστορίαν
766 2482 888 2517 περὶτῆς

103 2527 183 2562 ξηρᾶς
197 2526 298 2562 χειρός·
311 2526 382 2557 ὅπως
394 2526 408 2551 ὀ
420 2526 515 2562 Σωτὴρ
528 2526 606 2562 ἡμῶν
618 2528 656 2559 εἰς
667 2527 715 2562 τὴν
727 2527 887 2563 συναγωγὴν

102 2572 225 2599 εἰσελθὼν
244 2573 296 2608 (δεῖ
314 2572 368 2607 γὰρ
390 2573 463 2608 ἡμᾶς
484 2573 673 2609 παραδραμεῖν
697 2574 745 2609 τὴν
767 2574 887 2610 ἱστορίαν

101 2618 141 2645 διὰ
152 2618 182 2644 τὸ
202 2618 289 2654 μῆκος
306 2617 360 2644 τῶν
375 2618 471 2652 λόγων,
491 2618 534 2645 ἵνα
554 2619 590 2654 μὴ
608 2620 763 2655 προσκορὴς
776 2620 887 2655 γένηται

100 2663 115 2697 ή
133 2663 288 2699 ἀκρόασις)
307 2663 354 2690 καὶ
370 2663 430 2690 ἰδών
442 2672 502 2690 τινα
521 2664 616 2700 ἔχοντα
633 2665 717 2701 ξηρὰν
732 2667 821 2701 χεῖρα,
839 2666 886 2692 καὶ

101 2707 239 2742 γινώσκων
253 2709 295 2735 ὅτι
321 2709 425 2745 ἕτοιμοί
442 2710 511 2737 εἰσιν
523 2711 548 2737 οἰ
566 2711 683 2738 Ἰουδαῖοι
700 2712 740 2743 είς
757 2712 786 2738 τὸ
802 2720 886 2748 κατη-

942 1595 1095 1631 Respondit
1123 1595 1307 1623 Abimelech:
1340 1605 1349 1621 ι
1369 1596 1398 1623 Si
1429 1597 1507 1631 pueri
1537 1596 1734 1624 abstinuerunt

942 1642 1061 1670 maxime
1077 1649 1092 1668 a
1112 1643 1274 1670 mulieribus
1286 1642 1319 1668 '°.
1338 1652 1347 1668 ι
1366 1641 1427 1669 Jam
1444 1647 1472 1669 tu
1487 1642 1564 1673 mihi,
1581 1644 1628 1677 qui
1647 1643 1733 1670 ﬁdelis

941 1695 982 1718 es,
999 1692 1029 1714 ut
1044 1688 1183 1723 paululum
1195 1688 1393 1723 digrediamur.
1407 1689 1450 1716 his
1465 1688 1498 1715 ad
1509 1690 1642 1716 cautelam
1656 1694 1733 1717 utere

941 1734 1043 1766 verbis.
1061 1738 1088 1761 ct
1102 1735 1175 1770 quod
1190 1735 1293 1762 dicitur
1314 1735 1512 1767 animadverte,
1526 1735 1732 1762 castimoniam-

941 1787 994 1815 que
1011 1780 1104 1807 carnis
1124 1787 1244 1808 assume.
1261 1779 1289 1806 Si
1307 1787 1423 1815 namque
1451 1780 1477 1807 id
1509 1785 1574 1807 tunc
1605 1781 1733 1816 prmcepit

941 1827 1110 1857 Abimelech,
1127 1834 1174 1853 cut
1202 1835 1256 1853 non
1283 1826 1507 1854 observandum?
1524 1826 1570 1853 Sic
1586 1826 1669 1852 David
1686 1834 1733 1853 ac-

941 1873 1023 1907 Ccpit.
1046 1880 1186 1908 panesqtte
1214 1873 1353 1906 comedit,
1369 1881 1401 1900 ac
1425 1872 1553 1900 fortassm
1569 1881 1595 1900 in
1612 1873 1732 1901 Sabbato

941 1919 1054 1952 accepit.

977 1975 1020 2002 Η.
1037 1974 1106 2002 Cum
1130 1975 1223 2010 itaque
1236 1974 1322 2002 Judaei
1351 1974 1520 2002 Salvatorem
1537 1978 1730 2009 coarguerent.

945 2020 1018 2056 quod
1036 2021 1161 2056 discipuli
1178 2021 1239 2056 ejus
1254 2022 1281 2048 in
1307 2021 1426 2047 Sabban
1442 2022 1533 2056 spicas
1547 2023 1677 2048 vellerent
1690 2024 1731 2047 at-

940 2075 994 2103 que
1026 2069 1220 2101 coniederent,
1249 2068 1481 2103 opportunissime
1513 2067 1558 2095 ille
1588 2068 1730 2094 historiam

942 2112 1061 2140 Sabbalo
1072 2118 1176 2148 gcslatn
1190 2113 1426 2141 counuemoravit.
1440 2117 1468 2139 ut
1478 2113 1634 2140 ostenderet
1650 2113 1730 2146 ipsis,

941 2161 964 2188 si
983 2160 1077 2187 Davidi
1094 2165 1121 2188 ct
1138 2161 1287 2188 comitibus
1310 2161 1372 2195 ejus
1391 2167 1554 2187 concessum
1572 2161 1620 2184 Iun
1636 2163 1664 2184 ut
1681 2165 1731 2192 pro

941 2208 1029 2234 salute
1049 2215 1134 2242 ρους-ε
1146 2215 1178 2234 ex
1194 2215 1273 2234 sacra
1291 2215 1384 2234 mensa
1401 2206 1535 2234 imcibtnn
1547 2209 1728 2240 attmgerent;

942 2261 996 2280 non
1015 2254 1101 2279 fuisse
1123 2253 1269 2288 discipulis
1288 2253 1400 2280 vetitum
1430 2255 1459 2278 ut
1481 2252 1522 2286 spi
1542 2259 1572 2278 as
1587 2251 1727 2283 \ellercnt,

941 2304 968 2326 et
986 2299 1168 2326 confricarcnt
1180 2300 1212 2326 ad
1224 2298 1432 2326 comedendum.
1466 2307 1474 2323 ι
1487 2299 1596 2328 Annon,
1628 2297 1728 2331 inquit,

941 2345 1046 2380 legistis
1057 2346 1122 2380 quid
1141 2346 1234 2373 fecerit
1253 2345 1346 2376 David.
1359 2353 1420 2372 culti
1433 2344 1550 2371 esurirct
1562 2351 1619 2378 ipse
1635 2347 1662 2370 et
1681 2343 1728 2378 qui

941 2399 1002 2418 cum
1017 2400 1049 2418 eo
1060 2397 1136 2419 erant
1148 2412 1155 2423 ,
1169 2393 1307 2426 quomodo
1329 2392 1440 2418 intravit
1459 2391 1485 2417 in
1498 2389 1608 2417 domutn
1632 2389 1690 2422 Dei,
1701 2394 1729 2418 et

942 2445 1026 2471 panes
1051 2438 1247 2472 propositionis
1270 2437 1429 2464 comedit?)
1455 2435 1544 2462 Habes
1566 2436 1665 2463 exinde
1680 2436 1729 2463 ad-

939 2484 1063 2518 junctam
1083 2484 1224 2510 historiam
1240 2483 1282 2510 'de
1301 2483 1378 2509 arida
1400 2489 1481 2508 manu
1496 2491 1502 2508 :
1520 2490 1575 2516 quo
1594 2486 1674 2516 pacto
1689 2482 1729 2509 vi-

941 2529 1039 2555 delicet
1069 2529 1194 2556 Salvator
1217 2533 1321 2559 noster,
1344 2528 1484 2562 ingressus
1512 2527 1539 2554 in
1562 2535 1728 2562 synagogam

941 2574 1032 2610 (nobis
1059 2582 1177 2610 namque
1196 2574 1381 2610 percurrcnda
1402 2574 1517 2601 historia
1540 2577 1591 2604 est.
1616 2574 1652 2600 ob
1668 2573 1728 2607 ejus

940 2621 1136 2655 prolixitatem.
1165 2629 1199 2648 ne
1220 2629 1350 2648 nauseam
1378 2620 1465 2655 pariat
1477 2618 1675 2654 audientibus).
1702 2624 1728 2646 et

940 2673 1003 2693 cum
1020 2666 1135 2694 vidisset
1160 2667 1305 2701 quemdam
1335 2674 1446 2693 manum
1471 2666 1576 2693 aridam
1605 2665 1727 2692 habere:

940 2716 1088 2747 nossetque
1104 2711 1214 2740 Judaeos
1244 2712 1279 2740 ad
1302 2711 1505 2739 criminandum
1528 2715 1639 2748 paratos
1655 2717 1729 2744 esse.

134 2797 157 2814 ⁸⁸
175 2797 272 2826 Matth.
289 2805 334 2830 ix,
350 2798 396 2826 29.
435 2800 457 2816 ”
493 2799 579 2828 Levit.
596 2809 676 2836 xxiv,
693 2802 718 2830 5.
757 2802 780 2818 '°
800 2801 810 2828 Ι
827 2801 884 2838 Reg

954 2801 1022 2836 αι.

135 2874 191 2905 (55ὶ
209 2874 314 2905 Locus.
327 2878 357 2904 ut
368 2875 484 2913 videtur,
499 2878 620 2907 mutilus.

973 2879 1028 2916 (56)
1048 2879 1225 2916 Anglicanus,
1240 2880 1304 2915 ἑξῆς
1315 2879 1465 2916 τραπέζης.
