1898 3053
169 168 222 198 {63

753 161 782 188 S.
806 155 1040 186 ATIlANASlUS.
1061 171 1096 175 —
1114 154 1231 184 DUBIA.

1750 155 1808 185 161»

167 226 268 254 dixerit
287 225 321 252 ad
338 231 400 252 eum
414 223 493 257 cujus
514 221 591 249 arida
615 227 714 247 manus
739 222 799 246 erat
814 227 822 245 :
840 225 850 242 ι
867 214 956 250 Surge

1027 215 1109 250 ορείν,
1123 213 1196 248 λέγει
1214 213 1283 249 πρὸς
1297 213 1343 240 τὸν
1360 213 1456 249 ἔχοντα
1471 213 1521 249 τὴν
1537 215 1616 250 χεῖρα
1631 213 1682 249 τὴν
1702 213 1806 249 5119a»-

168 273 209 305 (et
225 271 277 304 sta)
294 272 320 297 in
336 270 424 297 medio
435 270 469 296 ⁵¹.
483 278 491 294 ι
512 266 689 295 Resurrectio
705 261 956 299 resurgerejussit:

173 327 183 343 ι
198 317 284 352 Surge
299 321 324 343 et
339 321 380 343 sla
408 316 434 342 in
459 315 557 342 medio.
578 324 587 339 ι
603 313 662 340 Non
687 311 760 347 quod
777 310 811 337 ad
833 315 959 344 pompam

169 364 339 390 curationem
367 361 448 388 edere
467 361 546 387 vellet
564 368 569 385 :
589 363 669 386 norat
703 358 802 393 quippe
825 363 872 390 pro
890 359 960 380 tem-

171 410 245 444 poris
274 408 431 434 conditione
458 407 550 433 dicere
580 406 681 431 ctiam-
718 402 826 433 iVide,
858 399 959 427 nemini

169 456 311 482 dixeris".
328 453 446 480 DVCTUIII
464 453 507 478 ubi
522 452 546 478 id
563 455 669 485 tempus
686 449 813 484 postulat,
823 446 893 473 celat
908 445 959 471 mi-

171 502 293 528 raculqu
307 511 313 534 ;
331 506 425 527 contra
444 499 488 525 llbl
502 498 620 524 Sabbato
637 495 797 522 miraculum
818 493 898 519 edere
913 497 963 525 par

169 552 228 579 est,
255 553 319 574 tunc
345 546 517 582 apertissime
546 548 685 578 operatur.
715 540 811 574 Qnmre
835 544 860 565 el
886 537 962 564 volve

171 594 380 629 Evangeliorum
399 593 512 626 scripta,
525 595 604 617 etme
620 597 683 616 vere
701 588 793 614 dicere
808 585 960 619 deprchen-

170 642 228 668 des.
246 640 435 668 Observabant
446 640 472 666 iu
488 639 607 665 Sabbalo
623 635 772 669 insigniora
794 633 866 659 edita
878 630 962 656 mira-

171 689 253 715 cula:
271 688 329 721 qui,
344 693 448 720 quaeso,
477 688 524 710 aut
550 679 709 717 quomodo?
726 689 735 704 ι
753 680 774 704 A
794 677 894 704 saeculo
910 674 962 710 53

170 741 225 761 non
244 739 286 760 est
301 733 435 768 auditum.
455 729 527 765 quod
544 731 606 764 quis
631 726 769 762 aperuerit
783 723 878 751 oculos
897 721 962 749 c.eci

170 779 227 805 nati
243 777 295 803 “.-
313 777 368 803 Hoe
384 767 545 802 miraculum
562 782 615 800 non
632 773 686 799 alio
701 779 782 806 quam
795 770 906 796 Sabbati
919 767 963 794 die

170 823 264 850 edidit.
278 822 346 849 Cum
359 821 430 849 enim
445 829 477 848 ex
496 824 576 854 sputo
600 818 674 845 humi
686 817 794 851 dejecto
812 818 897 841 lutum
925 813 963 839 le-

170 870 254 897 cissd
267 888 275 899 ,
295 867 382 894 linivit
397 867 457 900 ejus
476 865 589 897 oculos,
611 863 662 890 luis
675 867 739 897 tque
763 861 838 888 illum
866 860 892 886 in
920 857 963 884 Si-

171 916 242 943 loam
255 922 262 940 :
281 918 307 941 et
323 914 401 940 rediit
416 920 504 939 caecus
521 911 581 937 visu
591 914 708 943 recepto.
721 907 771 940 Qui
785 914 849 933 vero
860 912 962 931 caecum
978 896 999 923 Β

170 964 314 989 cernerent
334 959 481 989 videntem.
504 957 555 992 ipsi
573 963 628 982 non
643 954 782 981 videbant.
805 952 881 979 illius
902 950 963 985 qui-

171 1009 232 1036 dem
250 1006 394 1034 seusibiles
420 1005 560 1031 oculorum
579 1001 687 1036 pupilla‘
702 1004 802 1034 aper-Le
820 1002 900 1029 sunt;
915 995 964 1022 .Iu-

171 1053 291 1080 datorum
309 1059 374 1078 vero
403 1057 457 1077 non
474 1048 560 1083 aperti
575 1050 639 1074 sunt
654 1045 745 1077 oeuli;
777 1045 831 1070 imo
862 1041 964 1076 apertis

171 1100 234 1127 licet
248 1098 347 1129 oculis,
363 1105 417 1124 non
431 1095 569 1124 videbant,
584 1092 782 1124 Dominumque
798 1087 966 1115 damnabant

172 1146 216 1174 his
232 1145 322 1173 verbis
336 1152 344 1169 ;
365 1153 374 1169 ι
390 1142 450 1170 Non
475 1145 517 1168 est
533 1140 577 1166 hic
594 1139 675 1166 homo
699 1144 733 1164 ex
755 1136 819 1163 Deo.
834 1133 964 1168 quoniam

173 1193 322 1221 Sabbatum
342 1198 397 1218 non
415 1189 541 1216 observat
551 1186 601 1212 “.i
620 1185 641 1212 Ο
654 1186 789 1220 ingentem
802 1182 939 1209 vesaniam
956 1181 962 1206 l

171 1239 241 1266 Nam
257 1238 337 1272 quale
347 1244 417 1271 opus
435 1235 537 1261 factum
553 1232 618 1260 est?
643 1231 758 1265 Sputum
774 1237 806 1256 ex
820 1228 908 1257 labiis.
924 1227 966 1254 di-

174 1285 294 1320 gitisque
323 1282 456 1309 dunlaxat
482 1280 567 1306 lutum
581 1286 587 1303 ε
600 1278 715 1311 simplex
730 1275 834 1306 unctio,
852 1281 907 1301 non
925 1273 965 1300 in-

173 1317 335 1357 strumentis
352 1326 476 1358 medicis,
502 1324 550 1351 sed
582 1330 663 1349 manu
682 1329 696 1347 a
721 1320 776 1348 Deo
792 1319 874 1346 facta.
895 1317 966 1351 Quid

173 1375 246 1411 quod
272 1378 362 1400 actum
399 1376 442 1400 est
464 1368 633 1398 eriminare?
674 1367 762 1394 llabes
787 1367 814 1392 in
847 1364 967 1392 Sabbato

173 1426 280 1457 gestum
294 1419 467 1447 miraculum.
485 1417 559 1443 Abiit
580 1422 680 1445 camus.
710 1418 737 1440 et
749 1413 815 1439 abiit
842 1413 902 1439 visu
924 1419 967 1438 re-

173 1472 263 1503 cepto.
279 1466 306 1493 ld
321 1466 347 1492 in
363 1465 482 1492 Sabbato
498 1463 648 1498 (Christus)
669 1460 850 1495 operabatur,
867 1463 897 1485 ut
915 1458 967 1485 (ide

174 1514 276 1548 dignus
286 1512 442 1542 haberetur,
459 1517 521 1536 cum
540 1509 566 1535 in
587 1507 708 1535 Sabbato
720 1506 842 1533 doceret.

211 1560 253 1587 15.
264 1558 344 1586 Aliud
360 1557 480 1585 occurrit
496 1555 562 1582 mihi
580 1554 754 1582 miraculum.
771 1551 965 1587 Hierosolymis

173 1610 233 1634 erat
260 1605 400 1641 probatica
418 1603 542 1638 quadam
568 1601 685 1636 piscina.
703 1607 764 1635 qure
787 1599 868 1626 etiam
892 1605 966 1625 nune

175 1653 336 1680 illiecxslat
351 1661 359 1678 -.
373 1650 545 1684 habebatque
556 1648 676 1683 quinque
688 1646 829 1681 porticus;
847 1643 893 1672 sed
908 1644 966 1678 jam

175 1699 315 1726 destructa
337 1701 402 1724 sunt
422 1694 600 1728 cireuinjecta
617 1692 743 1720 :ediﬁcia.
766 1690 879 1717 Iacebat
911 1690 967 1717 illic

177 1744 343 1781 paralyticus
357 1742 469 1777 triginta
484 1745 547 1768 octo
568 1740 624 1774 jam
652 1738 732 1765 annis
747 1744 829 1771 aeger.
857 1736 967 1763 Diutur-

176 1799 230 1819 nus
242 1791 313 1818 enim
328 1789 379 1815 luit
395 1788 518 1820 morbus,
534 1790 563 1813 ut
573 1793 604 1813 ea
621 1785 717 1812 saltem
732 1783 847 1815 ratione,
862 1782 967 1818 pudore

177 1836 263 1865 Judaei
277 1835 458 1863 adicerentur.
477 1833 544 1860 Nam
561 1833 584 1860 si
603 1831 679 1859 brevi
702 1830 798 1857 fuisset
822 1829 966 1864 aegritudo,

177 1884 303 1911 latuisset
317 1881 479 1909 miraculum
493 1889 499 1906 :
516 1879 573 1913 jam
585 1885 650 1905 vero
662 1875 739 1904 multi
753 1875 818 1903 anni
830 1879 895 1902 sunt
911 1874 967 1902 veri

177 1930 266 1957 morbi
279 1933 375 1959 testes,
391 1931 420 1954 ut
432 1927 527 1954 saltem
542 1925 594 1952 hoc
606 1924 741 1955 videntes,
757 1921 892 1949 viderent.
907 1919 969 1948 Sal-

179 1980 257 2004 vator
273 1979 364 2002 autem
379 1981 440 2001 cum
452 1971 608 1999 advenisset
620 1975 647 1998 et
660 1969 823 2005 praeteriret,
838 1968 876 1995 ait
898 1967 937 1994 illi
958 1976 965 1994 :

180 2033 191 2049 ο
206 2023 253 2050 Vis
276 2030 360 2049 sanus
378 2020 436 2048 lieri
451 2019 492 2045 "‘1
512 2028 521 2044 ι
537 2022 565 2045 et
586 2017 700 2052 reliqua.
726 2015 766 2042 Ac
786 2022 902 2050 surgens
923 2014 968 2041 ille

177 2076 298 2104 quoque,
329 2067 399 2094 tollit
421 2065 564 2101 grabatum
588 2067 613 2091 et
644 2062 775 2090 ambulat.
793 2060 858 2087 Erat
877 2063 968 2087 autem

179 2116 341 2143 Sabbatum.
354 2113 454 2141 Verum
471 2111 556 2140 Judzei
578 2118 634 2137 non
657 2109 787 2137 videbant
806 2107 968 2134 miraculum

178 2163 300 2191 Sabbato
316 2161 430 2192 editum,
454 2159 501 2187 sed
517 2158 660 2194 grabatum
678 2157 713 2184 ab
735 2163 768 2184 eo
781 2154 892 2190 gestari.
916 2153 969 2180 Par

178 2209 278 2237 fuisset
293 2207 414 2242 cogitare
425 2206 486 2232 illos
499 2215 505 2232 :
516 2204 596 2231 Tales
612 2203 710 2230 medici
724 2202 777 2229 huc
789 2201 966 2229 advenerunt.

1015 270 1026 286 ς
1041 260 1182 296 Ἀνάστηθι
1195 261 1233 291 εἰς
1241 260 1271 286 τὸ
1281 260 1372 295 μέσον.
1384 271 1392 285 ι
1410 261 1441 287 'H
1450 261 1597 292 ἀνάστασις
1610 259 1640 286 τὸ
1650 261 1808 296 ἀναστῆναι

1011 306 1162 333 ἐκέλευσεν·
1183 316 1191 331 ι
1209 306 1364 342 Ἀνάστηθι,
1378 307 1425 333 καὶ
1443 306 1520 342 στῆθι
1532 307 1572 338 εἰς
1583 306 1613 332 τὸ
1630 305 1720 341 μέσον.
1738 316 1748 331 ι
1764 305 1806 333 Οὐ

1011 352 1142 388 κομπώδη
1154 353 1202 388 τὴν
1214 353 1334 388 ἰατρείαν
1342 353 1532 388 ἐργαζόμενος
1543 351 1596 379 οἶδε
1605 352 1658 387 γὰρ
1666 352 1807 387 εὐκαίρως

1011 399 1112 433 λέγειν,
1122 409 1130 425 ι
1138 400 1217 434 Ὅρα,
1229 399 1321 434 μηδενὶ
1329 400 1417 436 εἴπῃς·
1426 410 1435 424 ι
1444 398 1500 425 ἀλλ’
1512 399 1556 425 ὅτε
1566 398 1617 434 μὲν
1634 398 1706 424 ἐστιν
1713 397 1807 424 εὔκαι-

1014 454 1070 481 ρον,
1080 445 1175 480 κρύϐει
1186 445 1216 471 τὸ
1228 444 1367 480 θαυματού
1373 453 1475 480 ργημα·
1485 445 1528 471 ὅτε
1539 444 1565 471 δὲ
1577 445 1617 470 δεῖ
1628 445 1656 470 ἐν
1672 444 1806 478 Σαϐὂάτῳ

1014 491 1266 526 θαυματουργῆται,
1279 492 1339 517 τότε
1353 491 1532 526 φανερώτατα
1545 490 1700 526 ἐργάζεται.
1716 491 1807 525 Ζήτηο

1015 545 1059 564 σον
1070 537 1104 564 τὰ
1118 539 1146 564 ἐν
1160 539 1214 569 τοῖς
1226 537 1401 571 Εὐαγγελίοις
1414 537 1604 572 γεγραμμένα,
1617 537 1662 562 καὶ
1675 537 1806 571 εὑρήσεις

1013 584 1043 609 τὸ
1056 583 1153 618 ἀληθὲς
1174 583 1227 610 τῶν
1245 584 1342 618 λόγων,
1363 584 1493 618 Ὲτήρουν
1508 584 1535 608 ἐν
1553 582 1683 616 Σαόϐἀτῳ
1698 581 1733 607 τὰ
1750 580 1805 607 τῶν

1014 629 1304 665 θανματονργημάτων
1322 628 1509 664 ἐπιδοξότερα·
1527 627 1585 659 πῶς
1602 627 1648 653 καὶ
1664 627 1724 653 τινα
1741 625 1806 662 τρό-

1014 684 1082 708 πον;
1102 685 1111 700 ‹
1133 676 1180 702 Ἐκ
1199 675 1245 701 τοῦ
1265 675 1363 706 αἰῶνος
1380 675 1428 701 οὐκ
1449 674 1579 709 ἠκούσθη,
1600 674 1640 700 ὅτι
1658 673 1746 708 ἦνοιξέ
1762 681 1806 704 τις

1014 721 1168 757 ὀφθαλμοὺς
1185 722 1285 757 τυφλοῦ
1306 721 1515 757 γεγεννημένου.
1537 731 1546 746 ι
1565 721 1651 747 Τοῦτο
1665 720 1695 746 τὺ
1711 720 1805 755 θαῦμα

1014 770 1063 795 οὐκ
1078 769 1204 804 ἐποίησεν
1216 769 1244 794 ὲν
1260 767 1341 804 ἑτέρᾳ
1357 768 1457 803 ἡμέρᾳ,
1472 767 1527 793 ἀλλ’
1540 767 1570 792 ὲν
1586 765 1726 801 Σαϐϐάτῳ.
1745 765 1803 801 Πη-

1013 815 1059 842 λὸν
1081 815 1135 850 γὰρ
1158 814 1274 850 ποιήσας
1294 814 1338 840 διὰ
1357 813 1404 839 τοῦ
1427 812 1525 839 πτῦσαι
1544 812 1641 846 χαμαὶ,
1659 811 1805 846 ἐπιχρίσας

1014 861 1078 892 τοὺς
1095 860 1261 895 ὀφθαλμοὺς,
1279 859 1399 894 ἔπεμψεν
1414 859 1453 889 εἰς
1467 858 1512 884 τὸν
1525 857 1645 892 Σιλωάμ·
1664 857 1708 883 καὶ
1722 854 1805 891 ἦλθεν

1013 908 1028 933 ὁ
1041 907 1140 941 τυφλὸς
1157 906 1272 940 βλέπων.
1288 906 1318 932 Οἱ
1333 905 1361 931 δὲ
1372 905 1417 931 τὸν
1431 903 1531 938 τυφλὸν
1553 903 1652 933 ἰδόντες
1673 902 1806 937 βλέποντα

1014 954 1064 980 οὐκ
1083 952 1241 987 ἀνέϐλεψαν.
1261 951 1396 977 Κάκείνου
1415 951 1463 986 μὲν
1478 949 1653 985 ἠνεῴχθησαν
1665 950 1692 975 αἱ
1710 948 1805 984 αἰσθη-

1013 999 1059 1025 ταὶ
1070 999 1124 1024 τῶν
1134 998 1266 1034 ὀμμάτων
1279 997 1368 1032 κόραι,
1387 997 1519 1023 Ἰουδαίων
1535 996 1563 1022 δὲ
1579 997 1629 1022 οὑκ
1642 995 1805 1030 ἠνοίχθησαν

1014 1045 1039 1072 οἱ
1052 1045 1196 1080 ὀφθαλμοί·
1210 1044 1267 1071 ἀλλ’
1282 1045 1389 1079 ἔχοντες
1405 1045 1467 1075 τοὺς
1485 1043 1642 1078 ὀφθαλμοὺς
1657 1041 1805 1077 ἠνεῳγμέ-

1014 1099 1086 1122 νους,
1105 1091 1154 1117 οὐκ
1167 1090 1290 1122 ἔϐλεπον,
1306 1090 1352 1116 καὶ
1366 1090 1531 1125 κατέκριναν
1539 1089 1585 1115 τὸν
1603 1088 1704 1123 Κύριον
1716 1088 1805 1122 λέγον-

1014 1146 1071 1169 τες.
1085 1137 1127 1164 ὅτι
1143 1148 1152 1162 ι
1172 1137 1228 1163 Οὐκ
1250 1137 1322 1163 ἔστιν
1338 1134 1416 1168 οὗτος
1430 1137 1444 1162 ὁ
1460 1135 1602 1171 ἄνθρωπος
1617 1135 1650 1160 ἐκ
1664 1133 1712 1160 τοῦ
1727 1133 1805 1166 Θεοῦ,

1015 1184 1056 1211 ὅτι
1072 1184 1103 1210 τὺ
1117 1183 1254 1210 Σάΰϐατον
1265 1183 1295 1211 οὐ
1309 1185 1397 1218 τηρεῖ.
1416 1192 1425 1208 ι
1446 1183 1478 1208 Ὢ
1491 1181 1591 1216 πολλῆς
1605 1181 1712 1213 ἁνοίαςῐ
1728 1182 1806 1208 Ποῖον

1015 1230 1069 1266 γὰρ
1085 1230 1164 1265 ἔργον
1180 1230 1294 1264 γέγονε;
1310 1229 1425 1264 Πτύσμα
1440 1229 1493 1255 ἀπδ
1508 1228 1628 1263 χειλέων.
1647 1227 1701 1254 ἀπὸ
1710 1227 1802 1254 δακτύ-

1016 1276 1069 1302 λων
1080 1277 1158 1311 μόνον
1172 1277 1186 1301 ὁ
1202 1275 1296 1311 πηλὸς,
1314 1275 1482 1311 περίχρισμα
1492 1274 1574 1306 λιτὸν,
1592 1274 1642 1300 οὐκ
1656 1274 1806 1310 ἐργαλείοις

1018 1323 1160 1357 ἰατρικοῖς,
1174 1322 1242 1348 ἀλλὰ
1250 1322 1322 1357 χειρὶ
1332 1321 1482 1355 θεοποιήτῳ
1491 1320 1680 1356 εἰργασμένον.
1694 1319 1726 1345 Τί
1740 1319 1806 1354 μέμ-

1018 1378 1054 1405 φῃ
1071 1369 1101 1395 τὸ
1121 1369 1259 1404 πραχθέν;
1279 1369 1372 1403 Ἔχεις
1397 1368 1426 1393 ἐν
1445 1367 1578 1402 Σαϐϐάτῳ
1598 1366 1806 1402 θαυματούργη-

1019 1423 1067 1450 μα.
1092 1414 1224 1450 Ἀπῆλθεν
1244 1415 1258 1440 ό
1273 1414 1382 1449 τυφλὸς,
1403 1413 1451 1440 καὶ
1467 1413 1587 1448 ἀπῆλθεν
1603 1412 1617 1437 ό
1630 1412 1730 1447 τυφλὸς
1748 1412 1795 1447 βλέ

1017 1470 1086 1488 πων.
1098 1461 1153 1487 Καὶ
1167 1462 1196 1487 ὲν
1210 1460 1340 1495 Σαϐϐάτῳ
1353 1460 1448 1492 ἐποίει,
1463 1460 1506 1486 ἴνα
1518 1459 1672 1491 ἀξιόπιστος
1685 1459 1806 1494 γένηται,

1017 1509 1046 1535 ὲν
1058 1507 1190 1543 Σαϐϐάτῳ
1200 1507 1342 1534 διδάσκων.

1053 1555 1096 1582 l5.
1116 1555 1191 1589 Ἔχω
1201 1554 1247 1580 καὶ
1257 1553 1320 1580 ἄλλο
1334 1551 1580 1588 θαυματοὺργημα.
1602 1551 1645 1578 Ἑν
1662 1551 1807 1586 Ἱεροσολύο

1019 1609 1080 1636 μοις
1106 1599 1258 1635 προῦατική
1273 1607 1315 1630 τις
1330 1596 1364 1634 ἦν
1381 1597 1557 1632 κολυμϐήθρα
1567 1617 1574 1628 ,
1590 1598 1638 1623 καὶ
1651 1596 1698 1622 νῦν
1716 1597 1789 1622 ἐστιν
1799 1604 1805 1611 ·

1016 1646 1098 1672 πέντε
1116 1644 1196 1675 στοὰς
1210 1641 1283 1680 εἶχε·
1302 1642 1348 1669 νῦν
1365 1642 1419 1677 γὰρ
1435 1641 1584 1678 περιῃρέθη
1599 1641 1633 1667 τὰ
1643 1640 1723 1676 πέριξ
1736 1641 1806 1667 οἱκο-

1016 1691 1169 1727 δομήματα.
1194 1689 1382 1724 Παραλυτικδς
1395 1689 1423 1714 δὲ
1437 1688 1526 1714 ἔκειτο
1543 1687 1588 1714 ἐπὶ
1601 1687 1747 1722 τριάκοντα
1760 1687 1807 1713 καὶ

1017 1738 1088 1765 ὀκτὼ
1108 1737 1195 1764 ἔτεσιν
1216 1736 1347 1764 ἀσθενῶν.
1377 1735 1464 1766 Πολὺς
1485 1734 1539 1770 γὰρ
1560 1735 1574 1760 ὁ
1590 1734 1685 1769 χρόνος
1703 1733 1807 1767 γίνεται

1017 1785 1066 1820 τῆς
1081 1784 1170 1815 νόσου,
1179 1783 1291 1815 ἴνα,κᾶν
1302 1783 1388 1814 οὕτως
1400 1782 1543 1817 βλέποντες
1553 1801 1560 1812 ,
1576 1780 1774 1815 suawrmetbsw
1782 1780 1807 1806 οἱ

1024 1831 1153 1859 Ἰουδαῖοι,
1164 1831 1196 1857 Εἰ
1207 1830 1261 1866 γὰρ
1272 1829 1452 1864 ὀλιγοχρόνιος
1460 1826 1494 1864 ἦν
1508 1829 1525 1863 ἡ
1535 1828 1621 1859 νόσος,
1641 1826 1767 1853 ἐλάνθανε
1777 1827 1807 1853 τὸ

1018 1877 1118 1913 θαῦμα·
1127 1877 1184 1903 νυνὶ
1191 1876 1219 1902 δὲ
1225 1875 1310 1902 πολλά
1318 1875 1365 1910 ἔτη
1373 1875 1547 1912 ἐμαρτύρησε
1555 1875 1588 1909 τῇ
1597 1874 1667 1908 νόσῳ
1674 1894 1681 1905 ,
1695 1873 1748 1906 ἵνα,
1757 1872 1807 1900 κᾶν

1017 1922 1089 1950 οὕτω
1105 1922 1249 1958 βλέποντες
1259 1941 1266 1953 ,
1283 1921 1480 1955 ἀναϐλέψωσιν.
1496 1919 1524 1946 '0
1539 1919 1566 1946 δὲ
1575 1918 1670 1954 Σωτὴρ
1685 1927 1807 1954 παραγε-

1018 1970 1130 2005 νόμενος
1139 1990 1146 2001 ,
1161 1969 1207 1995 καὶ
1225 1968 1354 2003 παράγων
1364 1988 1372 2000 ,
1386 1967 1460 2000 λέγει
1475 1965 1585 2000 ἐκείνῳ·
1605 1975 1614 1990 ε
1627 1964 1718 1996 Θέλεις
1730 1965 1808 1999 ὑγιὴς

1018 2016 1158 2051 γενέσθαι;
1171 2025 1180 2041 ι
1195 2015 1241 2042 καὶ
1248 2014 1283 2040 τὰ
1295 2013 1439 2041 ἀκόλουθα.
1449 2013 1503 2039 Καὶ
1513 2010 1664 2046 ἐξεγερθεὶς
1673 2010 1807 2043 κάκεῖνος,

1018 2063 1091 2098 αἴρει
1103 2062 1148 2088 τὸν
1165 2060 1329 2097 κράϐϐατον,
1347 2058 1394 2085 καὶ
1407 2057 1560 2093 περιπατεῖ.
1577 2056 1713 2084 Σάὃϐατον
1726 2053 1806 2091 δὲῆν.

1019 2111 1050 2136 Οἱ
1063 2109 1091 2135 δὲ
1112 2107 1232 2134 Ἰουδαῖοι
1247 2107 1296 2132 οὐκ
1310 2105 1424 2132 ἔϐλεπον
1439 2104 1469 2130 τὸ
1485 2102 1723 2138 θαυματούργημα
1736 2101 1766 2128 τὺ
1779 2102 1809 2128 ὲν

1019 2153 1151 2188 Σαϐϐάτῳ
1173 2151 1332 2187 γενόμενον,
1366 2149 1433 2176 ἀλλά
1458 2149 1503 2175 τὸν
1528 2148 1683 2184 κράϐὅατον
1707 2147 1808 2182 βαστα-

1020 2199 1207 2236 ζόμενον,δέον
1215 2199 1305 2229 αὐτοῖς
1317 2195 1474 2230 λογίσασθαι
1484 2204 1491 2210 ·
1506 2195 1603 2231 ’ἰατροὶ
1616 2194 1729 2221 τοιοῦτοι
1741 2202 1809 2230 παρη

178 2259 206 2284 et
222 2262 303 2282 nemo
320 2253 445 2281 sanavit:
459 2258 561 2288 pauper
573 2250 682 2285 iacebat
695 2248 788 2279 miser,
807 2254 858 2274 nec
875 2246 963 2273 aderal

1027 2247 1144 2282 εγένοντο
1153 2265 1161 2277 ,
1184 2244 1270 2276 οὐδεὶς
1286 2243 1467 2278 ἐθεράπευσε·
1482 2241 1565 2276 πένης
1578 2240 1666 2267 ἔκειτο
1679 2240 1693 2267 ό
1706 2239 1808 2272 ἄθλιος,

178 2303 204 2330 ei
220 2302 267 2337 qui
283 2301 372 2336 ipsum
390 2300 417 2326 in
444 2298 578 2334 piscinam
602 2296 741 2331 dejiceret.
770 2293 845 2321 Talis
860 2296 902 2320 est
923 2291 969 2319 hie

178 2348 374 2376 miraculorum
389 2349 522 2382 patrator,
546 2349 734 2376 novarumque
749 2347 840 2367 rerum
862 2343 969 2371 auctor,

178 2394 228 2430 qui
247 2396 351 2420 tantam
367 2393 422 2419 vim
438 2390 590 2426 paralytico
615 2387 732 2420 dederit,
754 2390 785 2413 ut
809 2393 863 2413 non
888 2384 969 2411 modo

179 2429 341 2471 surrexerit,
358 2438 405 2465 sed
416 2441 444 2465 et
460 2437 604 2472 grabatum
618 2432 768 2469 portaverit
784 2438 875 2460 suum.
892 2429 970 2458 Caeca

180 2493 226 2514 res
237 2489 279 2512 est
298 2485 402 2512 malitia
421 2493 428 2511 :
448 2483 538 2518 ipsum
554 2480 651 2508 morbo
676 2482 799 2513 ereptum
825 2477 968 2507 damnant,

181 2533 313 2566 aiuntque
326 2531 364 2558 illi
379 2541 386 2558 :
405 2540 414 2556 ι
438 2529 498 2557 Non
514 2529 577 2556 licet
592 2527 641 2554 tibi
654 2526 773 2553 Sabbato
785 2528 892 2560 gestare
903 2530 968 2558 gra-

180 2579 286 2607 batum.
304 2588 313 2605 ι
328 2576 480 2612 Respondit
490 2576 536 2604 ille
553 2585 560 2602 ι
576 2585 585 2600 ι
600 2574 651 2607 Qui
665 2580 708 2600 me
726 2579 822 2599 sanum
837 2570 912 2602 fecit,
925 2569 969 2596 ille

181 2624 250 2651 mihi
265 2623 335 2651 dixit
351 2623 385 2648 δθ.
404 2631 413 2648 ι
433 2622 481 2649 Dei
496 2628 565 2655 opus
584 2623 627 2647 est
642 2618 716 2654 quod
735 2617 843 2653 jussum
857 2619 910 2643 est.
925 2614 971 2642 ln-

181 2674 260 2699 sueta
277 2677 322 2697 res
337 2673 379 2696 est
392 2667 571 2703 paralyticum
588 2665 702 2700 triginta
717 2667 745 2692 et
758 2668 820 2690 octo
833 2668 968 2688 annorum

181 2716 294 2746 sanitati
310 2715 426 2743 restitui.
450 2713 488 2741 Ex
504 2714 565 2748 ejus
580 2719 628 2740 ore
642 2712 668 2739 id
684 2710 775 2738 audivi
793 2720 799 2737 :
815 2709 892 2736 Tolle
907 2715 970 2744 gra-

181 2763 278 2792 batum
292 2766 380 2790 tuum.
400 2761 430 2789 Si
451 2768 551 2796 corpus
566 2759 606 2786 illi
630 2757 751 2787 obedivit
767 2761 794 2785 et
814 2763 912 2784 sanum
933 2754 971 2782 fa-

181 2813 259 2838 ctum
273 2812 326 2842 est,
340 2815 444 2844 egonee
460 2806 500 2835 illi
512 2806 636 2842 ingratus
647 2812 706 2837 ero,
718 2811 769 2831 nec
779 2801 892 2838 gestabo
903 2807 969 2836 gra-

216 2909 241 2928 ⁸¹
254 2909 320 2939 Luc.
337 2917 375 2944 vr,
389 2907 414 2938 8.
437 2940 442 2948 Α
460 2907 483 2926 ⁸³
503 2906 599 2937 Matth.
617 2913 683 2939 vui,
701 2905 728 2933 l.

778 2904 802 2921 "
820 2902 899 2932 Joan.
915 2909 957 2935 ιι,
973 2900 1017 2929 52.
1057 2899 1080 2916 ”
1100 2897 1225 2931 lbid.,l6.
1265 2896 1288 2912 "
1307 2894 1385 2922 Jonn.
1403 2902 1430 2926 ν,
1449 2893 1476 2921 7.

1022 2293 1089 2329 μηδὲ
1102 2292 1147 2319 τὸν
1160 2292 1289 2327 ῥίπτοντα
1301 2290 1340 2321 εἰς
1353 2289 1403 2324 τὴν
1418 2287 1556 2323 κολυμὸήθ
1562 2295 1610 2322 ραν
1621 2286 1700 2321 ἔχων.
1716 2285 1809 2312 Tomi-

1019 2348 1065 2371 τος
1086 2339 1101 2365 ό
1124 2336 1323 2373 θαυματοποιὸς
1345 2335 1394 2362 καὶ
1415 2334 1560 2370 καινότερα
1579 2332 1778 2368 ἐργαζόμενος,
1796 2334 1811 2359 ὁ

1019 2386 1153 2420 τοσαύτην
1172 2384 1284 2418 δύναμιν
1299 2381 1338 2418 τῷ
1354 2379 1532 2417 παραλυτικῴ
1548 2380 1626 2411 δοὺς,
1650 2379 1689 2410 ὡς
1705 2379 1742 2414 μὴ
1761 2379 1811 2414 μό-

1020 2440 1064 2458 νον
1090 2429 1259 2464 ἀναστῆναι,
1285 2427 1353 2454 ἀλλά
1366 2427 1413 2453 καὶ
1437 2425 1569 2461 βαστάσαι
1583 2424 1628 2451 τὸν
1645 2423 1809 2460 κράϐϐατον.

1023 2477 1128 2512 Τυφλὸν
1144 2477 1160 2512 ἠ
1175 2475 1301 2510 πονηρία.
1329 2473 1384 2500 Καὶ
1398 2472 1519 2508 κρίνουσι
1537 2471 1582 2497 τὸν
1599 2469 1721 2497 σωθέντα
1734 2490 1742 2503 ,
1766 2470 1812 2496 καὶ

1023 2524 1147 2558 λέγουσιν
1163 2521 1237 2556 αὑτῴ
1248 2529 1254 2535 ·
1276 2529 1285 2546 ι
1297 2519 1354 2546 Οὐκ
1368 2518 1456 2552 ἒξεστί
1468 2526 1508 2544 σοι
1519 2515 1584 2552 ἆραι
1594 2516 1639 2543 τὸν
1657 2516 1811 2552 κράϐὃατον

1024 2571 1052 2597 ἐν
1062 2567 1203 2603 Σαϐϐάτῳ.
1219 2577 1228 2592 ›
1249 2563 1427 2599 Ἀπεκρίνατο
1440 2563 1544 2594 ἐκεῖνος
1556 2570 1562 2575 “
1581 2572 1590 2587 ι
1602 2562 1632 2588 ’0
1647 2561 1763 2597 ποιήσας
1778 2569 1810 2597 με

1024 2615 1087 2650 ὑγιῆ
1099 2635 1107 2646 ,
1123 2613 1224 2644 ἐκεῖνός
1240 2620 1283 2647 μοι
1300 2608 1385 2637 εἶπεν,
1404 2618 1412 2634 ι
1431 2606 1498 2634 Θεοῦ
1512 2607 1543 2633 τὸ
1553 2607 1633 2642 ἔργον
1647 2606 1678 2632 τὸ
1696 2614 1811 2642 προστα-

1023 2661 1095 2697 χθέν.
1105 2658 1250 2694 Ἀσύνηθές
1260 2658 1317 2683 ἐστι
1326 2657 1373 2683 καὶ
1384 2656 1414 2683 τὸ
1422 2653 1605 2691 παραλυτικὸν
1615 2652 1659 2679 διὰ
1667 2652 1813 2688 τριάκοντα

1024 2708 1071 2735 καὶ
1084 2705 1155 2734 ὀκτὼ
1166 2704 1233 2732 ἐτῶν
1241 2702 1451 2739 θεραπευθῆναι.
1472 2700 1573 2727 Ἐκτοῦ
1585 2698 1668 2726 αὑτοῦ
1681 2698 1812 2734 στόματος

1024 2755 1128 2790 ἥκουσα
1147 2752 1207 2778 τοῦ·
1225 2750 1362 2776 Βαστάσαι
1384 2748 1429 2774 τὸν
1442 2747 1606 2783 κρὰϐῦατον.
1630 2745 1662 2771 Εἰ
1686 2744 1716 2771 τὸ
1734 2743 1811 2780 σῶμα

1024 2801 1160 2836 ἐπήκουσε
1177 2797 1224 2825 καὶ
1238 2796 1313 2830 ὑγιὲς
1329 2795 1452 2829 ἐγένετο,
1477 2792 1532 2827 ἐγὼ
1553 2791 1688 2827 ἀγνώμων
1704 2790 1812 2826 ἔσομαι,

1525 2893 1547 2908 ⁵⁶
1567 2890 1646 2918 Joan.
1666 2899 1691 2924 v,
1711 2888 1810 2922 10.“-
