1898 3053
79 173 124 200 165

677 169 821 198 HOMILIA
841 168 885 197 DE
906 168 1079 196 SEMENTE.

1652 165 1705 193 166

76 231 111 267 τῷ
123 231 158 266 μὴ
169 230 298 266 βαστάσαι
307 230 352 257 τὸν
361 229 514 267 κράόϐατον
525 238 532 262 ;
548 229 632 256 Πάλιν
641 230 665 255 οἱ
680 229 800 256 Ἰουδαῖοι
810 229 861 255 οὐκ

932 228 1026 255 atum?
1042 227 1164 255 Rursum
1180 225 1267 254 Judaei
1284 233 1458 262 nequaquam
1476 226 1702 262 sciscitabantur,

76 277 182 312 ἐζήτουν
199 277 297 309 αὐτὸν,
320 277 363 303 ἵνα
389 276 494 312 μάθωσι
518 276 577 308 πῶς
597 275 785 312 ἐθεράπευσε,
812 276 859 302 καὶ

77 324 276 358 προσκννὴσωσι
290 323 335 349 τὸν
348 323 426 350 δόντα
436 322 549 350 τοιαῦτα
559 342 566 353 ,
585 323 641 349 ἀλλ¹
657 323 700 349 ἵνα
712 322 786 357 αὑτῷ
797 323 858 349 ἑπι-

77 368 244 395 6ουλεύεωσι.
275 368 374 403 Γέγονε
389 369 497 395 κάκεῖνο
511 368 601 403 τρίτον
627 368 658 394 τὸ
674 367 721 394 νῦν
738 368 861 401 ἀναγνω-

78 413 146 440 σθεν.

109 459 149 486 16.
167 459 296 495 Εἰσῆλθεν
317 460 357 491 εἰς
377 459 426 495 τὴν
445 459 619 494 συναγωγὴν,
635 458 861 495 πονηρευομὲνων

78 506 224 540 συναγωγή.
253 506 285 531 Τί
300 506 355 541 γὰρ
370 506 549 541 πονηρότερον
565 506 799 541 εὐεργετουμένι-ιν
816 505 862 531 κα)⁵

77 551 312 585 ὲπιῦουλευόντων;
332 552 376 577 Ἐν
390 553 423 586 τῇ
441 553 584 587 συναγωγῇ
598 552 652 577 τῶν
674 551 807 578 Ἰουδαίων
820 551 861 578 ἆν-

78 596 178 632 θρωπος
193 595 227 632 ἦν
241 599 320 633 χεῖρα
331 597 400 632 ἔχων
417 597 512 633 ξηράν.
537 597 623 633 Ξηρὺς
635 595 668 632 ἦν
684 606 726 629 τις
740 597 790 632 τὴν
807 598 863 632 χεῖ-

79 651 119 678 ρα,
134 643 177 669 καὶ
189 644 213 669 οἰ
228 643 361 678 παρόντες
374 643 451 678 ξηροὶ
464 643 513 678 τὴν
526 643 655 673 διάνοιαν,
672 643 717 669 καὶ
727 644 776 669 οὐκ
786 643 862 669 ἔϐλε-

79 697 124 716 πον
145 689 189 716 τὸν
210 689 270 716 τότε
294 690 430 724 παρόντα’
458 690 515 716 οὐδὲ
547 689 707 716 ὑπώπτευον
735 689 765 716 τὸ
797 689 861 716 θαυ-

80 736 213 772 ματούργη
218 745 255 771 μα
263 736 310 762 τοῦ
322 736 516 771 ἐργαζομένου.
525 736 554 762 '0
562 736 589 762 δὲ
597 737 672 771 Σωτὴ
678 745 702 772 ρ,
710 737 774 772 πρὶν
787 736 864 771 ποιῆ-

79 789 119 808 σαι
131 782 160 808 τὸ
171 781 263 817 ἔργον,
278 781 418 816 διαλόγων
432 781 564 817 ἐγεώργει
580 781 628 817 τὴν
640 782 767 809 διάνοιαν.
780 782 864 813 Εἰδὼς

78 826 128 862 γὰρ
142 827 171 853 τὸ
187 827 305 862 πονηρὸν
316 827 364 862 τῆς
377 827 506 858 διανοίας,
519 827 565 852 καὶ
576 827 605 853 τὸ
617 827 697 861 βάθος
710 827 741 853 τὸ
755 827 862 862 πικρὶν,

911 277 941 301 ut
955 274 1109 301 ediscerent
1124 280 1179 308 quo
1192 277 1272 309 pacto
1288 278 1423 305 curasset,
1436 278 1463 301 et
1479 273 1626 301 adorarent
1639 281 1703 301 eum

910 322 957 356 qui
982 321 1047 347 talia
1077 321 1192 355 largitus
1219 324 1311 352 esset;
1329 320 1377 348 sed
1396 324 1425 347 ιιι
1444 320 1495 355 ipsi
1522 320 1637 347 insidias
1655 328 1703 355 pa-

910 373 1013 394 rarent.
1050 365 1112 393 'Jaru
1151 366 1219 393 illud
1254 366 1365 393 tertium
1405 370 1448 394 est
1488 367 1562 402 quod
1603 367 1704 394 lectum

913 412 974 439 fuit.

947 458 992 485 16.
1011 458 1154 493 Ingressus
1166 461 1208 485 est
1223 457 1250 484 in
1269 456 1453 492 Synagogam,
1469 465 1530 492 qua:
1546 463 1605 485 erat
1616 458 1706 494 Syna-

912 512 980 540 goga
1001 504 1220 539 malignantium.
1243 503 1314 536 Quid
1343 512 1459 539 namque
1479 505 1600 531 deterius
1623 511 1706 538 quam

912 552 1044 579 beneﬁcia
1056 551 1181 586 accipere
1196 555 1223 578 et
1239 550 1363 577 insidiari
1377 550 1387 576 ’ἐ
1400 551 1428 576 ln
1441 550 1584 585 Synagoga
1595 549 1706 577 Judazo-

913 607 973 626 rum
991 599 1072 625 homo
1086 601 1144 624 erat
1161 598 1242 631 cujus
1258 597 1335 623 arida
1354 605 1462 624 manus.
1479 597 1580 624 Aridus
1595 597 1705 631 quidam

913 653 995 672 manu
1012 649 1081 676 erat,
1094 648 1120 670 et
1132 644 1178 678 qui
1191 644 1315 674 aderant,
1328 643 1397 670 aridi
1416 647 1506 670 mente
1523 651 1530 670 :
1546 651 1633 678 neque
1643 651 1706 671 eum

914 691 1062 719 cernebant
1080 691 1127 725 qui
1147 695 1204 716 tum
1229 698 1350 725 praesens
1366 694 1424 718 erat
1446 699 1452 716 :
1469 698 1556 724 neque
1582 690 1608 716 in
1631 698 1707 718 men-

915 743 968 764 tem
986 738 1112 764 veniebat
1131 738 1294 764 miraculum
1316 737 1376 771 ejus
1392 737 1438 772 qui
1452 737 1516 763 talia
1533 742 1706 771 operaretur.

914 783 1002 810 Porro
1018 784 1144 810 Salvator
1173 789 1319 818 antequam
1337 791 1407 818 opus
1437 784 1595 814 conﬁceret,
1617 784 1708 811 verbis

915 834 1033 856 mentem
1050 830 1203 857 excolebat.
1217 830 1391 864 Compertum
1410 830 1481 856 enim
1502 830 1604 857 habens
1630 829 1709 856 mali-

78 872 178 908 πρῶτον
188 873 280 904 αὺτοῖς
289 873 450 908 προπαρηγό
455 881 495 908 ρει
503 874 558 904 τοῖς
569 872 667 906 λόγοις,
678 873 762 899 καὶτὸ
770 873 865 908 ἄγριον

935 876 1046 902 nitatem
1063 875 1166 907 animi,
1183 879 1210 902 et
1231 876 1443 910 profunditatem
1470 876 1597 903 acerbam
1623 876 1708 908 illam,

78 919 122 954 τῆς
134 919 249 951 διανοίας
261 919 380 955 ἡμεροῦν
393 919 526 949 ἐϐούλετο,
537 919 584 944 καί
595 927 660 954 φησι
675 918 743 954 πρὸς
751 919 862 951 αὐτούς·

935 922 1086 948 emulcebat
1099 922 1187 956 primo
1201 921 1294 948 verbis
1312 931 1317 948 :
1335 925 1470 955 agrestem
1487 922 1607 948 animum
1625 922 1710 949 lenire

81 965 214 997 σἘξεστιν
228 965 428 1001 ἀγαθοποιῆσαι
439 967 467 991 ὲν
481 965 622 1000 Σαϐϐάτῳ,
636 965 652 1000 ἢ
664 966 862 1001 κακοποιῆσαι;

78 1013 161 1048 ψυχὴν
175 1012 270 1044 σῶσαι,
289 1012 463 1047 ῆάπολὲσαις
478 1013 523 1038 »Εἰ
534 1012 588 1046 γὰρ
598 1010 674 1038 εἶπεν
690 1012 781 1043 αὐτοῖς
797 1012 863 1047 (57),

79 1059 176 1092 ἔξεστιν
192 1059 378 1095 ὲργάσασθαι;
394 1059 495 1090 εὐθέως
510 1059 542 1085 ἂν
555 1059 656 1093 ἔλεγον,
670 1060 748 1094 Παρὰ
760 1059 805 1086 τὸν
820 1060 864 1086 νό-

81 1114 126 1141 μον
137 1105 233 1140 λέγεις.
251 1106 322 1132 Νυνὶ
335 1106 364 1132 δὲ
377 1104 453 1132 εἶπεν
465 1106 567 1137 αὐτοῖς,
583 1105 597 1132 ὃ
610 1107 656 1132 καὶ
669 1107 683 1131 6
698 1106 779 1140 νόμος
792 1105 866 1132 ἐϐού-

79 1151 152 1178 λετοο
169 1153 183 1178 6
196 1152 251 1188 γὰρ
268 1152 335 1188 περὶ
350 1151 397 1178 τοῦ
413 1151 552 1179 Σα66ἀτου
579 1151 762 1187 νομοθετήσας
780 1159 865 1186 προσ-

78 1199 165 1230 ετίθει,
183 1199 223 1226 ὅτι
236 1198 311 1234 Πλὴν
320 1198 426 1232 τούτου,
436 1199 449 1224 ὃ
458 1198 597 1234 ὲπὶψυχὴν
613 1197 801 1233 ποιηθήσεται.
815 1198 868 1224 Αὑ-

79 1244 138 1270 τίκα
150 1245 196 1271 ἐὰν
207 1245 342 1279 Σαὸσάτῳ
356 1245 426 1281 πέσῃ
439 1244 581 1280 ἄνθρωπος
598 1246 638 1275 είς
659 1244 727 1279 βάθη
739 1265 745 1276 ,
761 1244 866 1276 ἔξεστιν

85 1291 214 1324 Ἰουδαίοις
228 1292 402 1318 ἀνασπάσαι·
419 1292 448 1317 οὑ
468 1291 547 1326 μόνον
562 1290 704 1326 ἄνθρωπον
716 1311 722 1323 ,
742 1290 809 1317 ἀλλὰ
820 1290 867 1317 καὶ

81 1336 139 1371 βοῦν
149 1338 196 1364 καὶ
211 1337 282 1364 ὄνον.
297 1337 374 1364 οὕτω
386 1337 420 1363 τὰ
435 1337 482 1363 ἐπὶ
498 1336 620 1372 σωτηρίᾳ.
638 1336 785 1371 συνεχώρει
795 1337 809 1362 6
824 1336 867 1362 νό-

81 1391 127 1418 μος
142 1383 282 1417 γίνεσθαι,
310 1383 357 1409 καὶ
380 1383 523 1418 ἐτρέφοντο
545 1382 666 1409 Ἰουδαῖοι
679 1383 708 1408 ἐν
725 1382 865 1417 Σαϐϐάτῳ.

85 1429 220 1464 Ἦρώτησέ
237 1438 281 1461 τις
300 1429 346 1456 νῦν
361 1429 459 1460 αὐτοὺς
474 1429 504 1455 οὐ
518 1428 548 1454 τὺ
565 1428 783 1463 ἀντιλεγόμενον,
801 1427 868 1454 ἀλλὰ

79 1473 109 1499 τὸ
119 1473 334 1509 ὁμολογούμενον
345 1482 351 1488 ·
369 1473 491 1506 Ἔξεστιν
503 1473 715 1510 ἀγαθοποιῆσαι;
732 1473 799 1500 Ἀλλ’
808 1474 868 1500 οὐδὲ

80 1518 252 1553 ἳ.ὲγουσι,Ναῐ
262 1529 269 1535 ·
283 1520 314 1546 οὐ
326 1520 380 1555 γὰρ
391 1518 460 1556 ἦσαν
477 1519 580 1555 ἀγαθῆς
600 1520 793 1555 προαιρέσεως.
809 1529 817 1545 t
835 1519 864 1546 '0

916 969 1052 1000 studebat,
1077 969 1169 1002 aitque
1191 968 1268 995 illis:
1289 976 1298 992 ι
1322 967 1433 994 Licetne
1455 966 1576 994 Sabbato
1598 968 1711 995 benefa-

916 1022 988 1044 θοι-ιτ,
1015 1022 1049 1040 an
1077 1015 1148 1041 male
1173 1024 1180 1041 :
1202 1015 1321 1041 animam
1353 1015 1455 1041 salvam
1482 1013 1580 1046 facere,
1598 1021 1632 1040 an
1648 1022 1710 1049 per-

916 1058 979 1086 dere
991 1059 1033 1085 5’?
1051 1069 1059 1084 ι
1087 1058 1154 1085 Nam
1172 1059 1195 1086 si
1223 1059 1341 1086 dixisset
1371 1059 1434 1091 illis,
1458 1058 1570 1086 Licetne
1584 1059 1711 1094 operari?

917 1105 1006 1132 statim
1022 1105 1240 1139 respondissent,
1260 1106 1364 1131 Contra
1383 1105 1467 1140 legem
1484 1105 1614 1140 loqueris.
1629 1105 1708 1133 Nunc

917 1155 1007 1178 autent
1023 1151 1048 1177 id
1067 1152 1176 1177 lorutus
1189 1156 1230 1178 est
1241 1151 1315 1185 quod
1329 1151 1371 1177 lex
1384 1152 1441 1184 ipsa
1456 1151 1542 1177 voluit
1555 1160 1562 1178 :
1574 1152 1619 1185 qui
1636 1152 1709 1178 enim

917 1198 1003 1231 legem
1020 1197 1053 1224 de
1069 1196 1190 1224 Sabbato
1206 1197 1328 1228 dederat,
1357 1197 1499 1231 subjunxit
1527 1206 1533 1223 :
1559 1196 1661 1224 Praater
1682 1197 1710 1224 id

917 1244 990 1279 quod
1006 1251 1056 1278 pro
1071 1244 1162 1270 aninl'a
1177 1245 1231 1270 lict.
1252 1242 1311 1270 Mox
1330 1243 1402 1270 enim
1417 1243 1463 1270 uhi
1486 1244 1513 1270 in
1530 1243 1649 1270 Sabbato
1666 1251 1711 1270 ce-

917 1290 1016 1317 ciderit
1041 1289 1123 1316 homo
1150 1290 1178 1316 in
1197 1290 1313 1322 foveam,
1334 1289 1438 1316 licitmn
1459 1288 1561 1316 Iudaeis
1578 1294 1620 1317 est
1649 1290 1712 1318 inde

919 1336 994 1365 illum
1019 1336 1162 1363 extrahere
1181 1345 1188 1363 :
1208 1344 1258 1362 nec
1274 1339 1378 1362 tantum
1401 1335 1550 1367 hominem,
1564 1335 1611 1362 sed
1628 1336 1711 1362 ctiam

918 1382 1014 1409 bovem
1034 1387 1061 1408 et
1077 1382 1195 1409 asinum.
1212 1382 1301 1416 Atque
1319 1382 1355 1408 ita
1375 1389 1436 1416 qtae
1457 1382 1490 1408 ad
1512 1382 1627 1409 salutem
1651 1390 1712 1417 spc-

919 1429 1029 1455 clabanl.
1044 1429 1097 1455 dex
1122 1429 1256 1462 permisit.
1280 1433 1307 1455 ct
1330 1427 1383 1464 54
1401 1429 1460 1463 ipso
1489 1428 1608 1455 Sahhato
1625 1428 1712 1456 Judaei

919 1474 1110 1501 vesrebantur.
1121 1474 1198 1507 Quod
1209 1475 1231 1501 si
1242 1475 1303 1509 quis
1313 1478 1486 1509 percontatus
1496 1482 1543 1501 eos
1556 1475 1647 1506 fuerit,
1657 1482 1712 1502 non

920 1522 953 1549 de
968 1530 1023 1557 quo
1042 1521 1222 1556 disceptatur,
1236 1522 1283 1548 sed
1300 1521 1334 1548 de
1349 1529 1403 1556 quo
1422 1521 1550 1548 convenit
1567 1521 1637 1548 inter
1651 1529 1713 1548 0m-

82 1564 132 1599 γὰρ
144 1565 244 1599 ἀγαθὸς
258 1564 404 1600 ἄνθρωπος
419 1565 450 1591 ὲκ
470 1564 518 1590 τοῦ
535 1564 637 1598 ἀγαθοῦ
649 1563 786 1599 θησαυροῦ
803 1573 867 1600 προ-

932 1575 970 1595 Ies
987 1577 993 1595 :
1011 1566 1123 1594 Lcetne
1140 1566 1321 1594 benefacere?
1344 1574 1515 1602 nequaquam
1534 1567 1711 1601 respondent,

81 1610 154 1646 ςέρει
164 1611 194 1637 τὸ
207 1611 321 1646 ἀγαθόν.
338 1620 348 1636 ι
378 1610 495 1646 Πονηροὶ
510 1611 537 1637 δὲ
553 1610 628 1642 ὕντες
647 1611 766 1637 Ἰουδαῖοι
777 1630 785 1643 ,
806 1611 870 1646 περὶ

82 1656 187 1690 ἀγαθῶν
201 1657 232 1683 οὐ
249 1655 429 1688 συντίθενται,
445 1657 491 1683 καὶ
506 1655 567 1682 οὔτε
584 1656 781 1691 ἀγαθοποιῆσαι
795 1657 870 1692 ὡμο-

82 1700 183 1736 λόγουν,
195 1702 256 1729 οὔτε
279 1702 463 1738 κακοποιῆσαι
473 1702 560 1730 εἰπεῖν
572 1702 703 1738 ἠδύναντο
712 1711 718 1718 ·
730 1703 871 1738 ἀναίσχυν-

82 1755 124 1774 τον
138 1748 191 1783 γὰρ
214 1747 248 1784 ἦν
263 1748 297 1775 τὸ
313 1748 388 1784 ῥῆμα
402 1757 409 1765 ·
438 1748 506 1776 ἀλλὰ
529 1749 676 1776 σιωπῶσιν,
703 1749 766 1776 Ὅτε
783 1749 811 1775 δὲ
828 1749 871 1776 διὰ

83 1793 225 1830 φλυαρίαν,
248 1794 338 1821 πολλὰ
360 1794 540 1830 φλυαροῦσι-ινδ
558 1795 602 1822 ὅτε
626 1795 670 1822 διὰ
693 1796 870 1831 κατηγορίαν,

85 1840 183 1874 μεγάλα
204 1840 409 1876 κραυγάζουσιν
421 1849 427 1855 ·
449 1850 459 1866 ‹
478 1839 544 1877 Αἶρε
556 1861 564 1873 ,
584 1839 644 1876 αἱρε
655 1861 662 1872 ,
679 1841 843 1877 σταύρωσον.
859 1851 868 1867 ι

82 1883 161 1919 Οὗτος
185 1887 200 1913 6
223 1887 369 1924 ἄνθρωπος
394 1887 457 1914 τάδε
483 1889 530 1915 καὶ
557 1889 619 1916 τάδε
646 1888 782 1923 ἐποίησεν.
812 1889 871 1915 ’Ότι

83 1931 121 1958 δεῖ
142 1933 354 1969 ἀγαθοποιῆσαι,
371 1934 387 1969 ἢ
409 1934 600 1970 κακοποιῆσαι.
627 1933 715 1969 ψυχὴν
740 1934 836 1966 σῶσαι,
853 1934 870 1969 ἢ

84 1978 226 2013 ἀπολέσαι,
243 1981 269 2007 οἱ
296 1980 345 2015 μὲν
376 1980 513 2007 σιωπῶσιν
525 1989 532 1996 ·
559 1982 573 2007 6
593 1980 638 2011 δὲ,
655 1979 873 2015 συλλυπούμενος

84 2026 114 2060 τῇ
128 2027 225 2062 καρδία
239 2027 287 2053 ἐπὶ
301 2028 334 2062 τῇ
350 2026 478 2062 πωρώσει
494 2027 543 2062 τῆς
561 2026 674 2061 καρδίας
690 2026 795 2059 αὐτῶν,
811 2024 872 2053 εἶπε

85 2071 119 2107 τῷ
133 2073 286 2109 ἀνθρώπῳ·
307 2073 337 2100 Οἱ
352 2073 494 2108 βλέποντες
509 2073 680 2108 βλεπέτωσαν
690 2093 698 2105 ,
713 2073 737 2099 οἱ
751 2073 870 2108 ἀνήκοοι,

86 2117 119 2149 ὡς
129 2118 267 2154 βούλονται
281 2120 423 2155 πράττειν,
437 2120 632 2155 πραττέτωσαν
642 2128 648 2135 ·
660 2120 684 2146 οι
703 2119 873 2155 σκληροκάρ-

87 2162 131 2191 Stet
156 2166 417 2193 ἁπολιθούσθωσαν·
434 2167 611 2193 ἀπαλυνέσθω
627 2167 656 2193 δέ
680 2175 726 2194 σου
747 2168 762 2202 ὴ
786 2166 870 2200 δεξιά.

90 2210 214 2248 Ἐγειραι,
231 2213 334 2248 μηκέτι
351 2213 500 2248 προσαίτει.
513 2213 550 2239 Τὸ
564 2213 627 2249 γὰρ,
638 2212 752 2248 ἕγειραι,
766 2213 796 2239 τὸ
808 2213 873 2239 καθ-

90 2255 186 2287 έζεσθαι
201 2258 311 2294 ἐδήλου.
335 2258 363 2285 '0
377 2258 405 2284 δὲ
420 2258 505 2295 ξηρὰν
518 2258 588 2294 ἔχων
602 2259 650 2294 τὴν
666 2259 746 2294 χεῖρα
755 2259 781 2284 τί
791 2258 872 2285 ὲκαθ-
889 2253 912 2281 D

91 2300 157 2333 ἐξετο
167 2323 174 2336 ,
204 2304 221 2339 ἢ
247 2305 360 2336 πάντως
374 2305 413 2336 εἰς
427 2304 458 2330 τὸ
472 2305 629 2340 προσαιτεῖν
642 2313 648 2336 ;
667 2304 703 2330 Οὐ
719 2303 814 2339 δίδωμί
832 2313 874 2330 σοι

91 2346 225 2385 ἀργύριον,
239 2351 285 2377 ἵνα
301 2350 338 2386 μὴ
351 2349 492 2386 ἀναλώσῃς
503 2359 509 2364 ·
527 2350 621 2385 ὑγείαν
640 2358 680 2376 σοι
697 2350 802 2386 δίδωμι,
819 2359 873 2386 μη-

91 2391 174 2421 δέποτε
192 2395 404 2430 δαπανωμένην.
431 2395 506 2431 Μηδὲ
528 2395 572 2422 διὰ
587 2396 618 2422 τὸ
633 2395 717 2431 ξηρὰν
738 2396 808 2431 ἐχειν
824 2396 874 2432 τὴν

91 2441 160 2474 χεῖρα
175 2441 321 2477 προσαίτει
331 2461 338 2473 ,
354 2442 411 2469 ἀλλ’
423 2441 568 2469 ἀπολαϐὼν
579 2442 663 2477 αὐτὴν
681 2443 745 2478 ὑγιῆ
756 2462 763 2474 ,
781 2442 874 2469 λοιπὸν

91 2486 133 2512 καὶ
146 2487 214 2515 σώαν
226 2488 416 2525 ἐργασάμενος
426 2509 432 2520 ,
450 2489 568 2515 ἔκτεινον
580 2488 628 2524 τὴν
644 2489 724 2524 χεῖρά
737 2497 784 2516 σου
800 2497 874 2515 πτω-

92 2531 135 2566 χῷ.
154 2534 289 2570 Ἕγειραι,
304 2535 351 2561 καὶ
363 2535 441 2570 στῆθι
456 2536 495 2567 εἰς
511 2535 541 2561 τὸ
554 2535 635 2570 μέσον
646 2543 652 2550 ·
670 2535 748 2568 γενοῦ
764 2534 875 2571 θέατρον

92 2578 141 2608 τοῖς
156 2578 312 2612 βλέπουσιν.
345 2579 389 2606 Ἑν
406 2581 447 2606 σοὶ
461 2581 476 2607 6
491 2579 566 2614 ἀγὼν
581 2580 674 2608 λοιπὸν
683 2580 848 2614 ’ἀγωνίζεται
861 2581 876 2606 6

92 2625 150 2659 περὶ
165 2625 316 2652 Σαόὁάτου.
344 2626 426 2661 Στῆθι
446 2627 486 2657 εἰς
499 2626 530 2652 τὸ
548 2626 638 2662 μέσον,
662 2626 705 2653 ἵνα
719 2627 765 2653 καὶ
781 2627 805 2653 οι
821 2635 876 2661 χω-

92 2668 209 2703 λεύοντες
222 2671 272 2703 τὰς
289 2671 381 2705 ἰγνύας
395 2671 493 2699 στῶσιν
502 2691 509 2703 ,
520 2672 568 2699 ἐὰν
579 2672 633 2708 ἄρα
645 2672 810 2704 ἀκούσωσιν,
828 2673 876 2699 ἐὰν

92 2714 141 2751 ἄρα
154 2717 239 2744 ἴδωσι.
249 2717 332 2754 Στῆθι
345 2719 385 2750 εἰς
395 2718 425 2745 τὸ
437 2718 528 2754 μέσον,
546 2719 593 2746 καὶ⁴
604 2719 722 2756 λαλήσας
736 2720 803 2756 πρὸς
815 2720 877 2752 τοὺς

920 1615 1031 1642 Etiam:
1055 1622 1110 1641 non
1127 1618 1193 1641 sunt
1208 1615 1309 1649 quippe
1335 1613 1414 1640 bona:
1445 1614 1602 1640 voluntatis.
1633 1612 1712 1646 Nam,

923 1669 932 1686 ι
947 1662 1036 1687 bonus
1049 1660 1129 1686 homo
1144 1660 1178 1686 de
1189 1660 1261 1685 hono
1277 1659 1406 1686 thesauro
1421 1659 1524 1694 profert
1538 1659 1638 1686 bonum
1650 1659 1684 1686 ⁵⁸.
1701 1668 1711 1685 ι

921 1707 982 1734 Mali
1003 1714 1084 1740 porro
1097 1714 1159 1734 cum
1176 1706 1232 1733 sint
1243 1705 1340 1736 Judaei.
1359 1705 1393 1733 de
1419 1706 1498 1733 bonis
1518 1706 1632 1741 agendis
1657 1713 1713 1734 non

921 1754 1110 1784 consentiunt,
1128 1760 1178 1780 nec
1199 1753 1321 1780 fatentur
1335 1760 1396 1780 esse
1411 1752 1648 1784 benefaciendum.
1665 1760 1713 1780 ne-

921 1809 974 1836 que
996 1804 1112 1836 possunt
1126 1800 1261 1827 allirmare
1285 1799 1356 1827 male
1378 1799 1480 1826 factum
1497 1805 1622 1834 oportere
1638 1809 1645 1826 :
1660 1799 1714 1826 im-

921 1848 1056 1884 pudenter
1070 1848 1142 1875 enim
1162 1846 1266 1874 dictum
1285 1846 1356 1874 foret
1374 1855 1381 1874 :
1401 1846 1448 1873 sed
1475 1846 1567 1874 silent.
1589 1846 1623 1872 At
1650 1853 1714 1873 cum

921 1894 1078 1929 nugandum
1091 1898 1143 1925 est,
1158 1900 1271 1928 magnas
1286 1901 1374 1928 nugas
1385 1892 1532 1920 eﬂ‘utiunt:
1547 1900 1608 1919 cum
1623 1895 1714 1920 autem

922 1939 1134 1971 criminandum,
1152 1947 1252 1974 magno
1263 1940 1382 1966 clamore
1399 1939 1496 1965 aiunt:
1511 1948 1520 1964 ι
1536 1938 1623 1970 Tolle,
1639 1938 1712 1969 tolle,

921 1986 1052 2021 cruciﬁge
1067 1986 1101 2017 5°,
1115 1996 1124 2012 ι
1146 1986 1189 2013 hic
1205 1986 1286 2013 homo
1302 1986 1359 2013 haec
1376 1989 1403 2013 et
1420 1985 1555 2021 ejusmodi
1574 1989 1713 2020 perpetra-

922 2031 961 2058 vit
976 2040 983 2058 :
997 2039 1059 2058 cum
1075 2035 1166 2058 autem
1183 2031 1327 2066 quaeritur,
1345 2031 1450 2059 benene
1470 2038 1505 2058 an
1531 2032 1600 2058 male
1626 2031 1714 2058 facere

922 2075 1013 2107 liceat,
1030 2076 1148 2102 animam
1162 2076 1266 2102 salvam
1283 2075 1383 2107 facere,
1404 2084 1438 2102 an
1456 2075 1585 2111 perdere;
1601 2075 1639 2102 illi
1652 2076 1714 2110 qui-

922 2121 983 2148 dem
999 2121 1079 2148 silent
1095 2130 1102 2154 ;
1119 2121 1250 2148 Dominus
1264 2129 1329 2148 vero
1346 2121 1429 2148 corde
1446 2129 1565 2149 mwrens
1580 2122 1616 2148 ob
1634 2121 1714 2148 casei-

924 2170 1006 2194 tatem
1022 2167 1115 2194 cordis
1128 2175 1235 2199 eorum,
1252 2167 1290 2194 ait
1306 2167 1410 2194 homini
1424 2167 1461 2194 illi
1479 2179 1486 2195 ς
1501 2166 1553 2200 Qui
1571 2167 1662 2194 vident
1675 2167 1713 2193 vi-

924 2213 1016 2244 deant,
1028 2213 1073 2247 qui
1089 2213 1301 2248 inobsequentes
1313 2217 1387 2244 sunt,
1399 2213 1472 2247 quod
1491 2213 1600 2240 libuerit
1612 2216 1693 2246 agant
1705 2220 1714 2238 :

924 2259 970 2294 qui
991 2259 1053 2286 duri
1070 2262 1134 2286 sunt
1148 2259 1240 2291 corde,
1261 2259 1447 2294 lapidescant;
1460 2267 1554 2286 verum
1574 2258 1714 2285 mollescat

925 2305 1036 2334 dextera
1059 2310 1115 2333 tua.
1134 2305 1232 2342 Surge,
1252 2314 1286 2333 ne,
1310 2306 1428 2341 amplius
1456 2305 1609 2333 mendicato
1626 2314 1632 2331 :
1650 2313 1714 2332 nam

925 2352 1122 2387 quodjusserit
1137 2360 1199 2379 eum
1215 2360 1339 2387 surgere,
1358 2353 1489 2380 indicium
1505 2357 1544 2379 est
1560 2359 1621 2379 eum
1639 2351 1714 2386 prius

925 2399 1030 2427 sedisse
1045 2408 1052 2426 :
1065 2399 1113 2434 qui
1129 2404 1219 2426 autem
1235 2401 1339 2426 aridam
1354 2406 1464 2425 manum
1488 2397 1616 2429 habel-at,
1630 2405 1714 2432 quare

925 2446 1049 2477 sedebat,
1061 2446 1113 2473 nisi
1127 2451 1157 2472 ut
1173 2446 1362 2473 mendicaret?
1379 2445 1438 2472 Non
1455 2445 1490 2471 do
1508 2445 1557 2471 tibi
1574 2449 1714 2479 argentum

927 2500 962 2519 ne
976 2493 1105 2520 absumas
1121 2502 1127 2519 :
1143 2492 1289 2519 sanitatem
1301 2492 1336 2518 do
1351 2491 1399 2521 tibi
1415 2498 1554 2525 nunquam
1570 2491 1702 2518 absumeu

927 2537 1000 2565 dam.
1016 2538 1055 2565 Ne
1065 2539 1211 2566 occasione
1227 2538 1311 2565 aridae
1333 2545 1431 2565 manus
1451 2537 1574 2564 mendica
1592 2546 1598 2565 :
1616 2537 1662 2564 sed
1684 2544 1715 2564 ca

929 2592 995 2613 sana
1017 2585 1147 2619 salvaque
1171 2589 1293 2620 accepta,
1311 2591 1438 2619 operare,
1461 2584 1576 2611 extende
1595 2588 1625 2610 tu
1650 2590 1714 2618 pau-

929 2630 986 2665 peri
1014 2638 1125 2658 manum
1146 2635 1230 2657 tuam.
1261 2630 1358 2666 Surge,
1381 2635 1408 2657 et
1431 2634 1473 2657 sta
1501 2631 1528 2657 in
1547 2630 1635 2657 medio
1653 2629 1716 2657 :‘sis

930 2676 1116 2711 spectaculum
1132 2676 1297 2704 videntibus.
1323 2677 1351 2704 In
1376 2681 1403 2705 te
1426 2677 1555 2712 deinceps
1577 2679 1715 2703 certamen

931 2721 965 2749 de
979 2721 1099 2749 Sabbato
1114 2722 1213 2757 agitur.
1231 2721 1279 2749 Sta
1295 2723 1323 2750 in
1337 2723 1437 2757 medio,
1450 2729 1479 2750 ut
1499 2724 1544 2758 qui
1561 2722 1715 2750 claudicant

123 2805 149 2822 "
162 2805 228 2835 Luc.
247 2815 288 2839 vt,
307 2807 334 2836 9.
370 2809 393 2824 "
413 2808 506 2836 Matth.
524 2817 573 2841 xu,
591 2809 636 2837 55.
673 2809 786 2838 "Joan.
805 2818 862 2844 xm,
882 2810 925 2838 15.

189 2883 363 2928 iAnrgliczbﬁi
370 2884 522 2928 γαρ-εἷπεν,
531 2887 613 2920 Infra,
627 2893 689 2924 post
701 2889 770 2923 νυνί,
785 2889 852 2917 lucc.

933 2887 996 2918 ἷπεν
1017 2889 1154 2922 αὑτοῖς....
1176 2891 1191 2918 ὁ
1211 2891 1266 2927 γὰρ
1280 2891 1355 2928 περί,
1382 2891 1482 2920 dcsunt
1508 2891 1536 2918 in
1550 2890 1644 2927 Angl.,
1663 2887 1715 2919 30d

95 2923 172 2947 manu
188 2919 344 2950 recentiore
357 2919 450 2950 addita
461 2926 536 2950 sunt.

78 2966 97 2983 ,ς
