1898 3053
201 162 252 192 167

802 159 831 186 S.
849 158 1081 188 ATHANASIUS.
1096 175 1131 181 -—
1149 159 1265 188 υεΒιΑ.

1780 161 1836 190 168

199 221 360 258 poplitibus,
374 220 539 252 consistant,
553 219 576 247 si
590 224 680 247 tamen
695 219 819 252 audiant,
835 220 859 247 si
872 219 980 248 videant

1050 219 1192 252 Ἰουδαίους
1205 219 1239 247 τὰ
1252 219 1395 256 εἰρημένα,
1407 220 1447 247 ὅτι
1462 218 1550 252 ἔξεστι
1563 220 1622 246 τὸδε
1634 219 1745 255 ποιῆσαι
1756 220 1774 256 ἢ
1786 219 1836 254 ob;

198 267 246 295 Sta
278 267 305 294 in
325 266 424 299 medio,
449 269 476 293 et
503 266 614 300 loquere
641 265 743 293 Iudaeis
767 273 827 300 quae
846 265 900 300 jam
916 266 988 293 dicta

199 317 264 340 sunt
280 321 286 339 :
307 312 445 338 licitumne
459 315 502 338 est
515 311 540 338 id
559 311 649 338 facere
662 311 776 338 annon?
797 311 874 338 Tunc
895 312 933 339 ait
956 313 990 339 ad

199 357 276 384 illum
294 366 300 384 :
317 356 438 384 Extende
453 364 563 384 manum
581 361 665 388 tuam,
682 365 736 384 non
752 361 778 384 te
790 363 881 392 tango,
894 366 928 385 ne
942 357 991 385 Ju-

199 403 250 430 dazi
266 403 464 435 criminentur,
482 412 549 430 neve
561 404 721 438 contingere
736 403 805 430 idem
818 408 913 438 putent
929 411 991 431 esse

198 454 281 484 atque
296 450 415 484 operari,
432 449 544 476 verbmn
559 453 665 476 tantum
679 449 797 484 profero.
812 449 989 484 Nequaquam

198 495 235 524 ait
252 495 323 521 Deus
341 494 399 522 :Ne
413 495 526 530 loquare
542 495 568 521 in
593 495 724 522 Sabbato.
746 495 774 522 Si
799 500 889 522 autem
907 495 990 522 verbo

197 548 267 576 opus
283 541 426 572 eﬂiciatur,
440 541 615 568 admirationi
633 541 669 568 sit
683 541 730 576 qui
747 541 854 568 loculus
868 546 919 568 est.
938 540 991 567 Ex-

197 587 279 614 tende
291 594 401 614 manum
421 592 504 613 tuam.
522 586 590 614 Vide
610 587 759 614 discrimen
785 588 849 615 lacti
868 597 874 615 :
892 587 989 615 Petrus

198 632 226 659 in
240 632 369 667 Speciosa
394 638 471 667 porta
494 632 673 667 paralytieum
699 641 811 665 sanans,
834 640 990 668 compressa

198 678 272 704 illius
286 678 398 705 dextera
418 686 500 704 manu
520 679 661 705 excitavit.
687 678 788 706 Servus
807 680 988 712 attrectando,

197 723 336 756 extendit;
353 723 485 751 Dominus
499 724 622 758 jubendo
636 725 766 751 extendit.
787 724 908 752 Extende
930 733 989 752 ma-

197 777 263 796 num
278 773 365 796 tuam.
382 769 422 796 Do
435 770 483 796 tibi
498 770 636 801 virtutem,
649 773 675 797 et
687 770 836 797 eilicaciam
852 771 988 799 sanitatis.

198 813 288 842 Verbo
307 815 486 850 jussioneque
504 823 564 842 mea
592 815 619 842 in
648 820 673 842 te
692 817 831 842 constituo
849 817 990 844 :Extende

197 868 308 887 manum
322 865 408 888 tuam.
422 860 493 888 Dixit
504 861 558 893 ille,
573 861 624 888 iste
640 861 704 888 fecit
721 871 727 888 :
743 862 819 889 arida
834 871 930 890 manus
946 872 990 891 sa-

197 907 277 934 nitati
293 907 429 939 restituta,
455 907 609 942 mentisque
624 906 781 934 Judatorum
807 909 920 937 ariditas
935 910 987 936 mi-
1005 897 1025 924 Β

197 953 270 980 nime
287 957 381 980 sanata
394 952 460 986 iuit;
478 953 525 980 sed
539 953 652 988 egressi,
671 957 700 980 ut
715 954 796 980 modo
810 954 909 981 lectum
927 954 987 987 fuit,

195 999 384 1026 deliberabant
398 999 464 1034 quid
477 1000 597 1027 lacerent
614 998 690 1027 Jesu.
710 998 850 1027 Deliberas
867 1001 931 1035 quid
948 1001 988 1027 la-

196 1050 291 1073 cturus
306 1046 344 1073 sis
357 1055 364 1072 :
376 1045 459 1072 adora
478 1051 505 1072 ut
519 1045 614 1079 Dento,
628 1046 712 1073 adora
731 1047 924 1073 miraculorum
939 1054 988 1073 au-

196 1097 312 1122 ctorem.
337 1091 422 1118 adora
437 1091 586 1123 hominem.
610 1099 653 1124 ea,
678 1099 738 1126 qua:
755 1099 838 1126 supra
862 1092 987 1120 homines

197 1142 272 1170 sunt,
283 1142 454 1172 operantem.
472 1137 531 1164 Non
544 1139 670 1173 apposuit
685 1139 844 1172 emplastra,
856 1147 910 1166 non
926 1147 988 1174 per-

197 1184 354 1211 lusionibus
382 1184 547 1218 quibusdam
580 1184 722 1211 brachium
755 1185 905 1216 emollivit,
933 1193 987 1212 non

197 1233 325 1257 sescenta
349 1229 532 1256 remediorum
563 1237 662 1265 genera
692 1231 826 1257 adhibuit.
853 1231 880 1257 ln
897 1231 987 1258 medio

197 1277 287 1304 stabat
306 1276 361 1308 ille,
376 1283 434 1303 rem
451 1284 546 1304 omnes
559 1281 663 1311 gestam
679 1276 808 1304 videbant
825 1285 831 1303 :
848 1285 902 1303 non
914 1278 986 1304 enim

194 1323 266 1349 clam
281 1321 385 1349 editum
402 1329 472 1357 opus
487 1322 586 1354 fuerat,
604 1330 638 1350 ne
651 1323 713 1357 quis
730 1322 832 1350 diceret
847 1332 853 1349 :
869 1322 986 1363 llerbtam

195 1368 330 1400 adhibuit,
339 1369 517 1403 emplastrum
526 1369 663 1404 apposuit.
678 1369 774 1404 Surge,
786 1373 828 1397 sta
840 1370 866 1396 in
880 1370 984 1402 medio;

1041 267 1108 293 Τότε
1132 266 1206 300 λέγει
1227 266 1295 300 πρὸς
1320 265 1417 292 αὐτόν·
1444 266 1584 292 Ἔκτεινον
1606 266 1655 301 τὴν
1671 266 1751 300 χεῖρά
1768 274 1834 292 σου·

1040 313 1091 339 οὐκ
1105 311 1160 346 ἐγὼ
1177 312 1313 346 ἅπτομαι,
1331 311 1374 337 ἵνα
1391 310 1429 346 μὴ
1449 310 1569 337 Ἰουδαῖοι
1587 311 1815 346 κατηγορήσωσιν
1826 318 1834 326 ·

1042 359 1087 386 ἵνα
1100 359 1136 394 μὴ
1153 359 1185 384 τὸ
1204 357 1324 392 ἅψασθαι
1338 357 1418 393 ἔργον
1430 354 1499 384 εἶναι
1511 357 1653 392 νομίσωσι,
1666 357 1736 392 λόγῳ
1749 356 1834 383 λαλῶ.

1041 405 1098 431 Οὐκ
1110 402 1185 430 εἷπεν
1199 405 1213 430 ὁ
1224 404 1299 436 Θεὸς,
1309 403 1354 438 Μὴ
1366 403 1440 429 λάλει
1452 404 1481 429 ὲν
1491 403 1632 438 Σαϐϐάτῳ.
1652 403 1714 429 Ἐὰν
1724 402 1753 429 δὲ
1765 404 1779 429 ὁ
1792 402 1836 429 λό-

1041 459 1088 485 γος
1104 450 1184 486 ἔργον
1195 450 1318 485 γένηται,
1333 449 1512 484 θαυμαζέσθω
1522 450 1536 475 6
1547 449 1677 485 λαλήσας.
1694 449 1836 476 Ἔκτεινον

1040 497 1090 531 τὴν
1115 497 1194 532 χεῖρά
1216 505 1274 523 σου.
1301 495 1388 522 Βλέπε
1407 504 1450 531 μοι
1473 495 1604 531 διαφορὰν
1623 495 1802 530 πράγματοςθ
1820 496 1835 522 ὁ

1041 543 1145 578 Πέτρος
1166 544 1194 569 ἐν
1212 543 1307 578 Ὡραίᾳ
1322 541 1393 577 πύλῃ
1410 542 1593 577 παραλυτικὸν
1611 541 1716 574 σώζων,
1732 542 1835 574 πιάσας

1040 588 1130 622 δεξιᾶς
1151 589 1240 624 χειρὸς
1266 588 1386 624 ἤγειρεν.
1408 589 1436 615 '0
1457 587 1550 619 δοῦλος
1570 587 1676 623 κρατῶν
1699 587 1832 614 ἐκτείνει·

1040 634 1054 660 ὁ
1065 634 1196 670 δεσπότης
1207 634 1323 661 κελεύων
1334 634 1458 660 ἐκτείνει.
1471 633 1608 660 Ἔκτεινον
1616 633 1665 668 τὴν
1676 633 1756 669 χεῖρά
1766 642 1812 660 σου
1824 641 1832 649 ·

1042 680 1083 706 σοὶ
1096 681 1192 716 δίδωμι
1203 681 1252 716 τὴν
1269 680 1393 716 δύναμιν,
1411 680 1458 706 καὶ
1474 680 1522 715 τὴν
1534 680 1674 715 ἐνέργειαν
1689 680 1738 715 τῆς
1751 679 1833 714 θερα-

1041 727 1130 758 πείας.
1145 727 1194 753 Διὰ
1206 727 1259 753 τῶν
1275 726 1361 760 λόγων
1379 725 1509 756 κελεύσας
1525 725 1650 761 ὲντίθημι
1660 734 1667 740 ·
1691 725 1832 752 Ἔκτεινον

1040 772 1089 808 τὴν
1100 772 1177 807 χεῖρά
1190 780 1247 797 σου.
1267 771 1296 797 'O
1311 771 1360 806 μὲν
1373 768 1460 802 εἶπεν,
1475 770 1489 795 ὁ
1502 770 1530 796 δὲ
1545 771 1667 805 ἐποίησε.
1683 770 1767 805 Καὶὴ
1783 770 1832 804 μὲν

1041 817 1111 854 ξηρὰ
1129 818 1190 853 χεὶρ
1213 817 1421 851 ἀποκατεστάθη
1432 825 1438 831 ·
1456 816 1487 842 τὸ
1500 816 1527 842 δὲ
1540 816 1621 851 ξηρὸν
1637 816 1686 851 τῆς
1713 816 1832 847 διανοίας

1040 864 1093 891 τῶν
1110 863 1242 890 Ἰουδαίων
1256 864 1306 890 οὐκ
1317 862 1487 898 ἐθεραπεύθη
1499 871 1504 877 ·
1518 862 1574 888 ἀλλ’
1588 861 1749 894 ἐξελθόντες,
1762 861 1832 888 κατὰ

1040 910 1071 936 τὸ
1085 910 1186 945 ἀρτίως
1203 910 1369 944 ἀνάγνωσμα
1379 928 1385 940 ,
1397 907 1585 942 διελογίζοντο,
1599 907 1624 933 τί
1642 907 1674 933 ἂν
1691 908 1831 942 πο.ήσειαν

1040 956 1080 991 τῷ
1103 955 1199 991 Ἰησοῦ.
1214 955 1358 990 Διαλογίζῃ
1368 974 1376 986 ,
1394 955 1420 980 τί
1433 955 1574 989 ποιήσεις;
1590 953 1778 989 προσκύνησον
1793 952 1830 985 ὼς

1040 1002 1106 1028 Θεὸν
1117 1021 1124 1032 .
1139 1001 1326 1037 προσκύνησον
1343 1001 1389 1027 τὸν
1403 999 1604 1035 θαυματοποιὸν
1615 1019 1623 1031 ,
1643 999 1831 1034 προσκύνησον

1041 1048 1182 1083 ἄνθρωπον
1196 1047 1230 1073 τὰ
1244 1047 1314 1082 ὑπὲρ
1331 1046 1475 1081 ἄνθρωπον
1489 1046 1685 1081 ἐργασάμενον.
1711 1045 1768 1071 Οὐκ
1779 1045 1831 1080 ὲμ-

1041 1095 1127 1121 πλάστ
1133 1103 1194 1129 ρους
1204 1093 1382 1129 προσέθηκεν,
1392 1094 1441 1119 οὐκ
1450 1092 1598 1128 ὲμόροχαῖς
1606 1100 1675 1118 τισιν
1684 1091 1828 1126 ήπάλυνεν,

1040 1141 1070 1168 οὺ
1092 1140 1175 1176 μυρία
1188 1140 1320 1175 φάρμακα
1334 1139 1443 1175 ἰατρικὰ
1459 1139 1655 1174 προσήνεγκεν.
1678 1138 1724 1169 Εἰς
1739 1137 1770 1164 τὸ
1782 1137 1830 1172 μέ-

1043 1195 1088 1213 σον
1097 1184 1130 1222 ἦν
1141 1187 1155 1212 ὁ
1169 1185 1265 1217 ἑστὼς,
1279 1185 1377 1217 πάντες
1388 1184 1501 1210 ἔϐλεπον
1512 1184 1541 1210 τὺ
1553 1183 1696 1219 γενόμενον
1704 1191 1710 1197 ·
1727 1182 1764 1218 μὴ
1775 1182 1829 1218 γὰρ

1041 1232 1154 1268 κρύφιον
1170 1229 1204 1266 ἦν
1216 1231 1246 1257 τὸ
1259 1229 1442 1266 ἐργαζόμενον
1452 1238 1459 1244 ·
1475 1229 1518 1255 ἵνα
1535 1229 1571 1263 μή
1587 1237 1628 1259 τις
1645 1227 1726 1264 εἴπῃ-
1747 1227 1830 1254 Βοτά-

1040 1287 1088 1314 νην
1102 1278 1299 1313 προσήνεγκεν,
1316 1275 1487 1311 ἕμπλαστρον
1497 1273 1675 1310 προσέθηκεν.
1691 1273 1827 1308 Ἐγειραι,

1042 1324 1118 1360 στῆθι
1130 1325 1170 1356 εἰς
1181 1323 1210 1350 τὸ
1225 1323 1318 1359 μέσον,
1331 1323 1375 1349 ἴνα
1389 1323 1497 1354 πάντως
1509 1321 1546 1357 μὴ
1560 1320 1768 1356 κατηγορήσωσι
1778 1319 1828 1354 τῆς

1040 1370 1167 1406 ἀληθείας
1177 1379 1183 1384 ·
1202 1370 1245 1396 ἵνα
1259 1369 1479 1404 ἀσυκοφάντητον
1492 1367 1603 1403 γένηται
1618 1366 1648 1393 τὸ
1661 1367 1788 1402 πρᾶγμα.

195 1420 226 1446 ut
239 1424 274 1444 ne
287 1416 373 1451 ipsam
391 1417 429 1443 rei
444 1416 587 1445 veritatem
608 1416 821 1447 calumnientur.
839 1420 868 1442 ut
889 1416 978 1442 nullus
989 1417 1024 1444 sit
1042 1417 1227 1453 sycophantiae
1241 1417 1326 1443 locus.

230 1495 274 1523 l7.
291 1494 399 1531 Egressi
415 1498 504 1521 autem
521 1493 560 1520 illi
574 1493 761 1521 deliberabant
777 1493 842 1528 quid
861 1494 981 1521 facerent

195 1542 229 1569 de
241 1541 306 1570 Jesu
324 1551 331 1569 :
350 1545 380 1568 ut
399 1542 480 1569 etiam
501 1541 545 1567 hic
561 1540 589 1567 in
608 1540 658 1567 hac
673 1540 731 1575 ipsa
744 1540 820 1572 hora,
835 1544 890 1568 stat
904 1541 981 1575 quis-

194 1589 267 1624 piam
282 1588 357 1615 arida
376 1596 469 1621 manu,
486 1595 548 1614 cum
565 1594 626 1614 eam
652 1587 764 1621 pauperi
788 1594 842 1613 non
871 1586 987 1622 porrigit

195 1634 230 1662 ad
253 1635 454 1670 cleemosynam
473 1642 479 1660 :
497 1634 520 1661 is
546 1633 723 1668 quantumvis
750 1640 865 1667 corpore
889 1641 984 1666 sanus,

193 1681 288 1708 aridus
305 1685 347 1708 est
361 1685 460 1707 mente.
479 1679 548 1706 Audi
563 1683 590 1706 et
607 1682 636 1705 tu
659 1679 709 1706 hac
727 1679 786 1714 ipsa
800 1679 866 1705 hora
883 1679 986 1706 saluta-

193 1728 234 1754 ria
249 1728 306 1755 haec
325 1728 407 1755 verba
425 1735 432 1754 :
450 1726 570 1754 Extende
595 1733 706 1752 manum
730 1729 815 1758 tuam,
833 1731 860 1752 et
886 1726 920 1752 ab
935 1726 985 1752 hac

193 1774 238 1801 die
253 1774 341 1808 incipe
355 1773 553 1807 eleemosynam
570 1771 683 1807 pauperi
706 1779 829 1806 erogare.
842 1771 903 1798 Alio
920 1771 984 1798 item

193 1819 275 1847 modo
297 1819 324 1846 id
347 1822 557 1853 pertractemus.
581 1817 659 1844 Multi
680 1817 779 1844 incurii
798 1823 861 1845 sunt
879 1818 905 1844 in
921 1826 985 1853 pre-

192 1866 292 1895 cando.
312 1869 369 1891 tota
383 1864 425 1891 die
441 1865 557 1899 negotiis
578 1863 742 1890 incumbunt
766 1863 904 1895 Immanis,
923 1864 985 1890 vili-

194 1911 371 1946 penduntque
389 1910 511 1937 divinum
529 1909 716 1943 precationum
743 1909 890 1943 negotium.
914 1908 984 1936 Huic

193 1964 302 1991 quoque
319 1956 392 1983 dicat
411 1954 536 1982 Salvator
554 1963 560 1981 :
577 1953 699 1981 Extende
716 1961 827 1981 manum
846 1958 932 1987 tuam,
954 1958 984 1981 ut

193 2003 232 2030 ait
247 2003 392 2037 Apostolus
410 2009 416 2027 :
434 2010 443 2026 ι
465 2000 533 2028 Volo
546 2008 625 2027 orare
641 2001 764 2028 homines
782 2001 807 2027 in
821 2001 893 2027 omni
912 2001 982 2034 loco,

194 2050 356 2075 extolentes
373 2051 482 2074 sanctas
499 2053 597 2073 manus
614 2045 647 2072 “.
670 2054 678 2070 ι
695 2045 829 2072 (Σίιιιειιιιιιὶ
845 2047 909 2080 quia
924 2053 983 2073 ser-

195 2100 239 2119 mo
249 2095 341 2118 nostcr
353 2093 420 2118 satis
432 2091 576 2125 processit,
590 2096 731 2125 surgentes
743 2090 795 2126 55
806 2099 855 2118 nos
872 2092 922 2126 ipsi
936 2100 983 2118 ex-

195 2136 340 2162 tendamus
356 2143 465 2167 manus,
475 2144 528 2162 non
538 2135 625 2162 solum
643 2135 733 2167 indie,
747 2137 826 2163 sedet
841 2137 867 2162 in
880 2140 959 2162 nocte
974 2145 981 2163 :

195 2191 205 2207 ι
218 2181 245 2208 In
260 2181 387 2208 noctibus
401 2182 523 2209 extollit.-
540 2190 636 2210 manus
650 2185 756 2209 vestras
783 2181 809 2208 in
830 2186 937 2212 sancta.
956 2186 983 2209 et

1073 1495 1116 1521 17.
1141 1494 1307 1526 Ἐξελθόντες
1324 1493 1353 1520 δὲ
1368 1495 1466 1520 ἐκεῖνοι
1489 1494 1685 1529 διελογίζοντο,
1709 1493 1735 1521 τί
1748 1494 1826 1531 ποιή-

1040 1549 1106 1568 σωσι
1116 1539 1154 1574 τῷ
1169 1539 1255 1576 Ἰησοῦ
1265 1549 1271 1555 ·
1285 1540 1322 1572 ὡς
1332 1541 1378 1567 καὶ
1389 1540 1505 1567 ἐνταῦθα
1516 1542 1586 1567 κατὰ
1594 1540 1672 1576 τήνδε
1683 1539 1730 1576 τὴν
1739 1539 1824 1577 ὤραν,

1038 1587 1136 1621 ἕστηκέ
1146 1595 1187 1617 τις
1197 1585 1281 1621 ξηρὰν
1294 1586 1361 1621 ἔχων
1375 1586 1424 1621 τὴν
1435 1587 1523 1621 χεῖρα,
1538 1594 1552 1612 ο
1566 1586 1603 1621 μὴ
1615 1586 1741 1612 ἐκτείνων
1755 1595 1826 1613 πτω-

1037 1633 1077 1668 χῷ
1091 1632 1283 1668 ἐλεημοσύνην.
1300 1629 1382 1664 Οὗτος
1400 1633 1450 1658 κᾶν
1466 1632 1573 1667 ὑγιαίνῃ
1591 1632 1620 1658 τὸ
1636 1632 1715 1667 σῶμα
1726 1653 1732 1663 ι
1746 1631 1827 1668 ξηρός

1037 1680 1095 1705 ἐστι
1109 1678 1158 1714 τὴν
1181 1678 1308 1704 διάνοιαν.
1336 1678 1468 1704 Ἀκουσον
1488 1678 1534 1704 καὶ
1551 1679 1582 1703 σὺ
1598 1677 1669 1704 κατὰ
1683 1678 1760 1713 τήνδε
1777 1679 1827 1714 τὴν

1036 1724 1110 1760 ὤραν
1124 1724 1178 1750 τῶν
1193 1724 1334 1759 σωτηρίων
1357 1723 1443 1757 λόγων
1458 1723 1590 1757 λεγόντων
1600 1731 1607 1737 ’
1626 1724 1764 1750 Ἔκτεινον
1777 1724 1826 1759 τὴν

1035 1770 1115 1806 χεῖρά
1129 1778 1175 1796 σου
1185 1778 1192 1784 ·
1209 1770 1254 1796 καὶ
1265 1771 1317 1796 ἀπο
1331 1770 1376 1796 τοῦ
1391 1771 1510 1805 σήμερον
1522 1769 1601 1804 ἄρξαι
1615 1771 1701 1796 ποιεῖν
1713 1770 1827 1805 ἐλεημο-

1036 1816 1118 1850 σύνην
1135 1815 1244 1851 πτωχῷ.
1268 1816 1322 1842 Καὶ
1337 1815 1423 1848 ἄλλως
1437 1816 1464 1842 δὲ
1479 1816 1545 1842 αὐτὸ
1561 1815 1696 1850 λάϐωμεν.
1730 1816 1826 1842 Πολλοί

1035 1862 1106 1893 τινές
1116 1863 1183 1889 εἰσιν
1198 1861 1307 1897 ἀμελεῖς
1319 1863 1358 1894 είς
1373 1861 1536 1897 προσευχὰς,
1555 1862 1601 1888 καὶ
1613 1857 1702 1888 πᾶσαν
1716 1863 1764 1897 μὲν
1775 1864 1826 1899 τὴν

1034 1909 1141 1944 ἡμέραν
1161 1908 1335 1943 ἀσχολοῦνται
1353 1909 1415 1943 περὶ
1431 1909 1562 1944 ἐργασίας
1577 1908 1760 1944 ἀνθρωπίνας.
1773 1918 1825 1936 κα-

1035 1954 1196 1990 ταφρονοῦσι
1221 1954 1248 1981 δὲ
1266 1955 1315 1989 τῆς
1335 1954 1411 1986 θείας
1428 1954 1558 1988 ἐργασίας
1574 1954 1628 1980 τῶν
1654 1955 1823 1990 προσευχῶν.

1035 2001 1089 2026 Καὶ
1103 2000 1170 2035 πρὸς
1183 1999 1276 2026 τοῦτον
1291 1999 1393 2033 λεγέτω
1406 2000 1523 2035 ὸΣωτήρ
1532 2008 1538 2014 ·
1553 2000 1692 2026 Ἔκτεινον
1707 1999 1754 2035 τὴν
1767 2001 1824 2034 χεῖ-

1036 2045 1070 2082 ρά
1086 2055 1141 2078 σου,
1152 2045 1242 2078 καθὼς
1257 2046 1329 2080 λέγει
1348 2047 1361 2072 ὁ
1381 2046 1540 2077 Ἀπόστολος
1551 2055 1557 2061 ⁸
1573 2056 1581 2071 ι
1594 2047 1727 2081 Βούλομαι
1743 2056 1826 2082 7:906-

1034 2091 1160 2126 εύχεσθαι
1181 2092 1244 2123 τοὺς
1266 2091 1384 2126 ἄνδρας,
1410 2092 1439 2116 ἐν
1465 2091 1546 2117 παντὶ
1562 2092 1636 2127 τόπῳ
1659 2093 1824 2128 ἐπαίροντας

1033 2138 1122 2168 ὁσίους
1134 2138 1236 2173 χεῖρας.
1248 2147 1256 2161 ι
1269 2137 1418 2173 Αὑτάρκως
1427 2137 1454 2163 δὲ
1465 2137 1517 2163 τῶν
1526 2137 1611 2171 λόγων
1623 2138 1701 2174 ἡμῶν
1714 2147 1822 2174 προχω-

1035 2182 1186 2218 ρησάντων,
1200 2183 1364 2214 ἀναστάντες
1375 2182 1422 2208 καὶ
1435 2184 1516 2218 ἡμεῖς
1532 2183 1696 2219 ὲκτείνωμεν
1707 2184 1755 2216 τὰς
1768 2186 1822 2219 χεῖ-

191 2227 344 2254 benedicite
354 2227 496 2254 Dominum
509 2228 541 2256 °‘.
557 2239 565 2254 ι
578 2228 609 2255 Et
621 2229 800 2256 extendamus
810 2236 907 2255 manus
917 2235 980 2255 san-

1044 2237 1097 2260 aa;,
1115 2229 1161 2254 καὶ
1180 2228 1217 2263 μὴ
1232 2229 1312 2263 μόνον
1336 2230 1364 2254 ἐν
1379 2229 1470 2264 ἡμέρᾳ
1483 2249 1489 2260 ,
1519 2229 1586 2256 ἀλλὰ
1603 2231 1650 2256 καὶ
1675 2232 1703 2256 ὲν
1726 2231 1820 2257 νυκτί-

192 2277 251 2300 etas
266 2274 350 2299 abluti
372 2273 442 2300 inter
457 2274 634 2307 innocentes;
651 2279 680 2302 ut
694 2275 818 2301 invocato
836 2275 979 2301 universo-

192 2326 251 2345 rum
269 2319 334 2350 Deo.
355 2319 416 2354 ejus
433 2321 535 2347 auxilio
552 2322 734 2355 perfruamur.
750 2321 777 2347 in
789 2321 900 2348 Christo
915 2320 978 2348 Jesu

192 2364 307 2392 Domino
322 2371 426 2399 nostro,
439 2375 486 2401 per
504 2375 584 2402 quem
599 2367 654 2394 Deo
671 2367 757 2402 gloria
784 2374 846 2394 cum
877 2366 979 2401 Spiritu

191 2416 298 2445 sancto,
322 2420 395 2440 nunc
422 2417 448 2441 et
463 2421 570 2449 semper
589 2417 616 2441 et
635 2414 662 2440 in
679 2413 778 2441 sarcula
805 2413 979 2440 saeculorum.

191 2458 288 2485 Amen.

1037 2283 1046 2299 ι
1057 2274 1122 2305 Ταῖς
1147 2274 1220 2306 νυξὶν
1241 2274 1360 2308 ἐπάρατε
1376 2275 1425 2305 τὰς
1441 2275 1534 2310 χεῖρας
1550 2274 1625 2309 ὑμῶν
1640 2275 1679 2306 είς
1695 2275 1729 2301 τὰ
1743 2276 1820 2309 ἇγια,

1033 2321 1082 2347 καὶ
1095 2320 1229 2354 εὐλογεῖτε
1242 2320 1286 2346 τὸν
1298 2320 1407 2356 Κύριον.
1427 2330 1436 2346 ι
1448 2321 1716 2356 Καὶδιαπετάσωμεν
1727 2323 1822 2357 χεῖρας

1033 2367 1132 2398 ὁσίους,
1151 2366 1291 2401 νιψάμενοι
1307 2367 1335 2393 ὲν
1351 2366 1448 2399 ἀθώοις
1458 2376 1464 2382 '
1480 2368 1533 2400 ἵνα,
1549 2368 1594 2394 τὸν
1609 2369 1662 2395 τῶν
1676 2368 1744 2395 ὅλων
1753 2368 1820 2396 Θεὸν

1033 2412 1258 2447 ἐπικαλούμενοι,
1275 2414 1324 2449 τῆς
1342 2414 1408 2449 παρ’
1422 2414 1504 2440 αὐτοῦ
1522 2414 1647 2450 βοηθείας
1659 2415 1820 2442 ἀπολαύσω-

1034 2467 1084 2495 μεν
1094 2478 1100 2490 ,
1115 2458 1164 2493 τῆς
1177 2459 1206 2485 ὲν
1222 2458 1332 2494 Χριστῷ
1357 2460 1443 2494 Ἰησοῦ
1456 2461 1495 2496 τῷ
1512 2461 1605 2497 Κυρίῳ
1621 2461 1699 2497 ἡμῶν
1711 2481 1718 2495 ,
1739 2461 1773 2489 δι’
1788 2458 1819 2489 οὗ

190 2505 230 2542 τῷ
241 2505 300 2541 Θεῷ
308 2507 327 2542 ἡ
339 2505 401 2540 δόξα
411 2506 469 2542 ἅμα
478 2505 516 2542 τῷ
525 2506 594 2542 ἁγίῳ
605 2505 744 2542 Πνεύματι
756 2505 803 2533 νῦν
818 2506 863 2533 καὶ
875 2506 919 2532 ἀεὶ
932 2505 978 2532 καὶ
991 2506 1030 2537 εἰς
1047 2506 1110 2537 ’τοὺς
1124 2505 1223 2538 αἰῶνας
1234 2505 1289 2533 τῶν
1304 2505 1418 2534 αἰώνων.
1442 2508 1536 2544 Ἀμήν.

222 2627 250 2645 ⁸⁸
265 2626 277 2656 1
291 2626 363 2656 Tim.
381 2635 403 2656 tt
436 2628 464 2658 8.
502 2629 524 2645 “
547 2629 620 2657 Psal.
636 2636 758 2663 cxxxiii,
776 2629 804 2657 Ξ.
