1915 3057
91 142 144 170 1⁸17

613 142 648 170 IN
667 143 780 177 lLLUD,
801 143 970 172 PROFECTI
988 144 1022 172 IN
1042 143 1172 173 PAGUM.

1662 147 1715 177 Ha

89 201 183 236 θῆναι.
199 200 257 227 ἀλλ’
269 200 299 226 ἐν
313 199 394 237 κώμῃ
404 200 443 227 ἔτι
456 200 586 236 διατρίὃει
603 201 617 228 ὁ
631 201 760 234 τοιοῦτος.
782 203 818 229 Τὸ
829 203 882 238 γὰρ

936 203 1048 235 habitat,
1071 211 1126 231 non
1143 207 1219 232 recto
1232 203 1295 232 vitae
1310 203 1446 237 instituto,
1467 212 1520 232 non
1539 209 1628 232 mente
1646 205 1716 233 duce

92 246 222 282 φρόνημα
234 246 284 277 τῆς
299 246 400 281 σαρκὸς
415 246 497 282 ἔχθρα
509 246 564 282 (71)
578 248 618 278 είς
633 247 699 273 Θεόν
714 249 795 276 ἐστιν.
808 249 881 275 Είδέ-

91 302 137 319 ναι
156 291 203 320 οὖν
218 293 268 325 δεῖ,
289 293 329 319 ὅτι
385 291 479 327 κώμην
495 293 576 320 οἰκῶν
599 293 629 320 οὐ
657 294 826 321 πολιτεύεται
847 296 879 330 τῇ

89 337 176 373 ψυχῇ,
195 338 226 364 οὑ
248 339 397 374 στρατηγεῖ
417 339 449 373 τῇ
469 338 576 374 γνώμῃ,
600 339 649 365 οὐκ
670 339 748 374 ἄρχει
772 339 879 365 ἐαυτοῦ·

91 384 200 416 πόλεως
223 383 278 420 γὰρ
304 384 424 420 μεγάλης
439 384 493 411 ἴδια
515 384 611 412 ταῦτα.
625 385 690 410 Ὅτε
712 385 766 420 γάρ
787 393 829 415 τις
852 385 880 411 ἐν

91 431 180 466 ἀρετῇ
193 429 376 465 πολιτεύηται,
391 431 437 457 καὶ
450 431 625 466 σωφροσύνην
637 431 822 466 στρατηγήσῃ,
835 431 880 457 καὶ

93 477 193 510 σοφίαν
211 476 398 512 βουλεύσηται,
413 476 460 502 καὶ
482 477 641 511 ἐγκρατείας
656 476 734 512 ἄρξῃ,
751 476 811 502 τότε
826 475 880 502 τῶν

93 521 181 556 ἁγίων
195 521 318 558 μιμητὴς
336 523 488 557 γενήσεται.
508 522 539 548 Οἱ
559 522 613 558 γὰρ
629 522 700 555 ἅγιοι
712 522 762 548 οὐκ
774 521 880 556 ἔχουσιν

92 564 146 594 ὧδε
163 568 299 603 μένουσαν
316 568 401 601 πόλιν,
413 567 486 601 ἀλλ’,
505 568 543 600 ὡς
559 569 700 604 προεῖπον,
713 567 761 603 τὴν
771 567 881 603 μέλλου-

94 622 145 640 σαν
162 613 346 649 ἐπιζητοῦσιν,
361 611 395 650 ἦς
407 614 532 649 τεχνίτης
541 613 588 640 καὶ
601 613 762 649 δημιουργὸς
773 614 788 640 ό
803 613 878 644 Θεός.

96 660 196 686 ’Δκουε
215 660 268 695 γὰρ
283 660 331 687 τοῦ
349 660 507 687 Ἀποστόλου
518 660 641 694 λέγοντος
650 669 656 674 ·
669 669 678 685 ι
689 659 751 686 Ἐπὶ
765 660 814 694 τῆς
829 659 880 694 γῆς

94 705 320 740 περιπατοῦντες,
340 707 367 732 ἐν
387 706 510 741 οὐρανοῖς
521 706 551 732 τὸ
566 705 713 739 πολίτευμα
726 705 832 740 ἔχωμεν
845 713 852 720 ο
869 714 878 730 ι

93 751 150 781 καὶ,
165 760 175 776 ‹
187 750 280 786 Ἡμῶν
293 751 360 778 δὲτὸ
369 751 515 787 πολίτευμα
536 752 564 778 ἐν
583 751 688 787 οὐρανῷ
702 750 856 786 ὑπαρχέτω,
869 759 879 776 ι

935 249 985 282 uti,
1004 257 1058 277 non
1073 250 1123 278 sibi
1141 250 1275 285 imperare
1292 250 1369 277 :htec
1382 251 1454 278 enim
1480 258 1584 285 magna
1596 251 1714 279 civitatis

934 300 999 323 sunt
1024 296 1144 331 propria.
1173 295 1240 323 Nam
1267 296 1312 323 ubi
1341 297 1402 331 quis
1421 296 1450 323 in
1467 296 1567 324 virtute
1580 296 1663 331 degit,
1680 304 1716 324 ex

933 341 1083 376 prudentiae
1107 341 1191 368 ductu
1215 342 1279 377 agit,
1298 343 1434 378 sapienter
1463 343 1591 376 consulit,
1611 348 1715 378 tempe-

933 391 1026 414 ranter
1039 388 1163 422 imperat,
1173 392 1237 414 tunc
1253 392 1408 415 sanctorum
1423 393 1463 416 est
1478 389 1607 416 imitator.
1620 387 1714 416 Sancti

933 431 1034 466 quippe
1059 438 1113 458 non
1138 431 1238 458 habent
1251 432 1296 459 hic
1313 437 1468 460 manentem
1486 433 1637 461 civitatem:
1654 433 1713 464 sed.

933 478 972 504 uti
987 486 1070 513 supra
1087 478 1153 510 dixi,
1169 478 1286 505 futuram
1310 480 1462 515 requirunt,
1481 481 1559 516 cujus
1573 480 1663 516 opifex
1687 485 1715 508 et

932 523 1058 550 conditor
1066 523 1136 551 Deus
1145 528 1196 551 est.
1211 524 1280 551 Audi
1296 525 1367 552 enim
1387 525 1563 560 Apostolum:
1577 535 1586 552 ι
1598 526 1627 553 ln
1642 530 1715 553 terra

932 567 1101 595 ambulantes
1109 569 1341 596 conversationem
1351 569 1377 596 in
1386 570 1463 598 cmlis
1478 571 1625 598 habeamus
1636 579 1642 603 ;
1656 580 1665 596 ι
1674 575 1712 602 ct,

935 621 944 638 ι
957 612 1053 640 Nostra
1063 615 1233 641 conversatio
1252 615 1279 642 in
1293 615 1369 642 caelis
1379 616 1415 643 sit
1425 616 1470 648 ⁸⁸⁸,
1486 616 1554 652 »58
1561 617 1661 644 dilecti.
1671 616 1715 644 Si-

933 659 1043 694 guiticat
1057 661 1130 687 enim
1145 660 1292 695 Apostolus
1304 662 1346 689 bis
1360 662 1462 693 verbis,
1475 671 1483 687 ι
1495 662 1604 690 lnterra
1619 663 1715 690 ambu-

935 706 1048 739 lantes,»
1068 706 1220 741 profectum
1233 707 1393 742 lucrumque
1406 707 1526 735 futurum
1543 707 1577 735 iis
1591 708 1638 743 qui
1654 711 1716 743 post

936 750 1005 778 hanc
1019 750 1101 777 vitam
1121 751 1149 778 in
1165 751 1241 779 caelis
1251 751 1397 780 habitaturi
1414 757 1486 781 sunt.

91 797 376 832 ἀγαπητοί-Σημαίνει
392 797 444 834 γὰρ
460 798 474 823 ὁ
486 798 562 832 ἅγιος
581 799 738 831 Ἀπόστολος
748 799 792 826 διὰ
809 799 866 830 τοῦ,
884 808 893 825 ι
904 799 965 825 Ἐπὶ
978 799 1029 834 γῆς
1043 799 1263 834 περιπατοῦντες.
1276 809 1284 825 ι
1294 800 1343 836 τὴν
1351 801 1491 835 προκοπὴν
1506 801 1555 828 τὴν
1569 800 1718 835 νενησομέ.

91 851 141 878 νην
157 843 213 878 (72)
227 845 284 875 τοῖς
306 844 376 879 μετὰ
385 843 418 870 τὰ
437 844 529 870 ἐνθάδε
554 847 582 871 ἐν
614 846 737 881 οὐρανοῖς
756 845 940 872 πολιτεύεσθαι
958 845 1107 880 μέλλουσιν.

129 901 157 928 5.
172 901 354 935 Πορευθέντες
368 897 413 926 οὖν
428 900 452 926 οἱ
469 900 597 936 μαθηταὶ,
609 901 705 927 ἔλυσαν
716 901 761 927 τὸν
774 901 862 927 πῶλον
872 909 879 916 ⁸

967 901 994 928 5.
1021 899 1139 928 Profecti
1169 902 1251 937 igitur
1277 902 1414 937 discipuli,
1433 902 1535 937 pullum
1560 902 1716 935 solverunt;

95 947 226 983 μαθητῶν
241 946 296 982 γὰρ
310 946 390 981 ἔργον
406 947 464 972 ἐστὶ
483 946 512 972 τὸ
525 946 605 973 λῦσαι
618 947 661 973 τὸν
674 946 762 972 πῶλον
777 946 879 978 τοῦτον,

94 993 143 1020 καὶ
159 993 287 1028 μαθητῶν
298 992 454 1027 δυναμένων
469 992 524 1027 (75)
540 994 625 1019 ποιεῖν
638 993 672 1019 τὰ
687 993 738 1019 ὑπὸ
750 992 795 1018 τοῦ
807 992 880 1019 διδα-

96 1039 196 1066 σκάλου
219 1038 363 1073 λεγόμενα.
387 1037 482 1064 Πολλοὶ
507 1037 560 1073 γὰρ
583 1037 722 1070 δοκοῦντες
747 1035 816 1064 εἶναι
833 1036 880 1063 τοῦ

102 1083 191 1120 Ἰησοῦ
216 1083 350 1120 μαθηταὶ,
367 1084 415 1119 οὐχ
437 1084 510 1115 ὅπως
526 1083 560 1110 τὰ
583 1084 628 1111 ὑπ’
648 1083 729 1110 αὑτοῦ
749 1084 881 1118 λεγόμενα

96 1130 229 1161 ποιοῦσιν.
245 1130 314 1156 ἀλλὰ
335 1129 381 1156 καὶ
395 1129 597 1156 ἐπιϐουλεύουσι
612 1129 651 1164 τῷ
671 1129 830 1164 διδασκάλῳ,
844 1129 882 1160 ὡς

96 1177 111 1203 ὀ
126 1176 280 1212 τρισάθλιος
296 1176 343 1202 καὶ
364 1175 418 1211 (τί)
435 1175 566 1210 προδότης
588 1175 698 1207 Ἰούδας.
721 1175 838 1210 Πηλίκος
854 1174 882 1201 δέ

97 1223 173 1249 ἐστιν
189 1223 204 1248 ὁ
220 1221 308 1253 πῶλος
327 1218 414 1253 οὗτος,
431 1221 578 1256 ἀγαπητοὶ,
599 1220 637 1252 ὡς
661 1220 698 1256 μὴ
714 1220 762 1246 ἕνα
789 1220 882 1256 κύριον

97 1267 181 1302 ἔχειν,
196 1266 263 1293 ἀλλὰ
284 1266 397 1298 πολλούς
415 1266 487 1302 (75);
506 1263 588 1292 Εἶπον
606 1266 659 1301 γὰρ
677 1265 743 1301 πρὸς
759 1267 821 1297 τοὺς
836 1274 884 1300 μα-

99 1312 184 1349 θητὰς
207 1313 232 1339 οἱ
253 1312 342 1348 κύριοι
364 1311 410 1338 τοῦ
432 1311 540 1338 πώλοιΓ
557 1311 589 1337 Τί
612 1311 689 1337 λύετε
714 1311 759 1337 τὸν
779 1311 882 1343 πῶλον;

98 1357 172 1394 Ἀρα
191 1360 216 1385 εἰ
229 1356 264 1393 ἦν
284 1358 410 1394 αἰσθητὸς
428 1358 442 1384 ό
457 1357 545 1389 πῶλος
565 1354 650 1389 οὗτος,
672 1357 721 1383 οὐκ
741 1357 819 1392 ἢρκει
837 1357 884 1384 ἕνα

99 1406 194 1440 κύριον
214 1405 289 1440 αὐτῷ
305 1403 557 1439 παρακαθέζεσθαις
579 1403 626 1430 νῦν
645 1403 673 1430 δὲ
690 1403 781 1430 πολλοὶ
802 1403 884 1430 αὐτοῦ

99 1452 152 1478 εἱσι
166 1450 254 1486 κύριοι
274 1450 344 1477 κατὰ
361 1450 390 1476 τὸ
401 1450 574 1484 Εὑαγγέλιον.
603 1447 687 1476 Εἶπον
704 1449 768 1486 γὰρ,
792 1450 884 1485 φησιν,

99 1497 123 1523 oi
140 1495 230 1530 κύριοι
249 1495 332 1522 αὑτοῦ
350 1495 416 1530 πρὸς
431 1496 493 1527 τοὺς
516 1495 655 1530 μαθητάς”
674 1505 683 1521 ‹
701 1495 732 1522 Τί
746 1495 823 1522 λύετε
840 1495 885 1522 τὸν

99 1541 190 1568 πῶλον
201 1549 209 1573 ;
227 1550 237 1567 ι
257 1541 337 1572 Ἴσως
350 1541 404 1576 γὰρ
416 1539 507 1576 ἐροῦσι
522 1541 589 1575 πρὸς
601 1539 712 1572 αὐτούς·
725 1541 780 1576 οὐχ
792 1541 884 1576 ὁρᾶτε,

935 946 1130 980 discipulorum
1144 947 1244 982 quippe
1259 955 1327 982 opus
1337 951 1389 978 est,
1400 947 1471 974 hunc
1484 947 1589 974 solvere
1599 947 1715 981 pullum;

932 992 987 1019 imo
1014 991 1210 1027 discipulorum
1237 992 1284 1028 qui
1299 1000 1330 1020 ea
1348 997 1478 1028 prtestare
1499 997 1614 1026 possunt
1629 1000 1689 1027 qua:
1702 1000 1717 1019 a

934 1038 1068 1073 magistro
1089 1039 1228 1073 jubentur.
1244 1039 1319 1066 Multi
1335 1047 1451 1074 namque
1468 1039 1512 1074 qui
1534 1038 1661 1065 videntur
1676 1038 1718 1064 di-

932 1084 1030 1119 scipuli
1046 1092 1107 1111 esse
1118 1083 1194 1116 Jesu,
1209 1093 1262 1111 non
1280 1085 1360 1111 modo
1376 1091 1408 1111 ea
1424 1091 1478 1111 non
1494 1083 1597 1110 faciunt
1613 1091 1673 1118 quae
1684 1084 1718 1110 ab

932 1129 992 1164 ipso
1006 1128 1151 1164 jubentur;
1168 1130 1215 1157 sed
1236 1130 1317 1157 etiam
1333 1130 1464 1164 magistro
1481 1129 1595 1156 insidias
1609 1133 1716 1163 parant,

934 1177 964 1201 ut
981 1174 1200 1210 improbissimus
1215 1179 1242 1202 et
1257 1174 1372 1202 traditor
1388 1174 1482 1201 Judas.
1497 1173 1621 1207 Quantus
1635 1181 1717 1209 porro

933 1226 974 1248 est
1001 1221 1053 1248 iste
1077 1222 1178 1256 pullus,
1201 1221 1302 1254 dilecti,
1321 1221 1367 1256 qui
1387 1229 1440 1249 non
1457 1229 1541 1248 unum
1564 1221 1716 1253 dominum,

933 1265 982 1294 sed
1007 1266 1108 1294 multos
1132 1266 1247 1294 habeat?
1270 1266 1367 1294 Dixere
1381 1274 1497 1301 namque
1519 1266 1551 1293 ad
1568 1266 1718 1301 discipulos

934 1311 999 1348 pulli
1022 1312 1124 1340 domini
1141 1322 1147 1339 :
1164 1311 1253 1344 Quare
1267 1313 1373 1340 solvitis
1390 1313 1512 1348 pullum?
1529 1312 1557 1340 Si
1580 1312 1717 1340 sensibilis

935 1357 1025 1392 pullus
1035 1362 1118 1389 esset,
1139 1365 1229 1384 annon
1245 1357 1378 1385 sulliceret
1392 1359 1417 1385 ei
1433 1366 1516 1385 unum
1534 1357 1654 1385 assidere
1668 1357 1718 1384 do-

935 1403 1058 1430 minum?
1083 1403 1140 1437 jam
1166 1410 1232 1430 vero
1253 1403 1331 1437 juxta
1348 1403 1533 1438 Evangelium,
1555 1404 1633 1430 multi
1658 1403 1718 1439 ejus

936 1449 1037 1476 domini
1054 1453 1128 1476 sunt.
1145 1448 1277 1476 Dixerunt
1299 1450 1382 1482 enim,
1400 1450 1447 1479 ait,
1472 1449 1573 1477 domini
1590 1450 1660 1484 ejus,
1677 1450 1718 1477 di-

937 1494 1070 1529 scipulis:
1091 1503 1101 1520 (
1122 1494 1176 1522 Cur
1202 1494 1306 1522 Solvitis
1335 1495 1487 1530 pullum"?
1508 1506 1517 1521 ι
1544 1495 1576 1522 Ει
1591 1496 1718 1523 fortassis

938 1539 1014 1566 aiunt
1030 1539 1083 1568 illis
1099 1550 1104 1566 :
1121 1539 1216 1567 Nonne
1241 1540 1336 1567 videtis
1363 1544 1429 1575 quot
1454 1540 1505 1575 ipsi
1532 1541 1720 1568 assideamus?

99 1588 179 1614 πόσοι
199 1586 273 1622 αὐτῷ
291 1585 554 1622 παρακαθεζόμεθα;
577 1585 635 1618 πῶς
651 1586 791 1622 δεδεμένος
807 1586 882 1618 ἐστί;

936 1585 1163 1620 quemadmodum
1192 1586 1290 1620 ligatus
1322 1586 1377 1613 sit?
1414 1585 1550 1620 quomodo
1578 1591 1718 1614 teneamus

99 1634 160 1665 πῶς
184 1634 341 1668 ἐσχήκαμεν
365 1633 444 1660 αὑτὸν
468 1633 589 1665 ἐκδοτον;
613 1632 640 1658 τί
668 1633 807 1659 ἀποσπᾶτε
837 1633 884 1668 ἀφ’

97 1679 178 1714 ἡμῶν
197 1679 246 1713 τὴν
259 1678 388 1714 ἐργασίαν
400 1678 495 1714 ἡμῶν;
517 1670 549 1704 Τί
568 1678 645 1705 λύετε
660 1678 709 1713 τὴν
723 1679 884 1714 προσδοκίαν

99 1723 198 1759 qua»;
216 1724 275 1750 Ἔτι
298 1720 374 1755 οὗτος
393 1724 458 1759 ἡμῖν
483 1723 685 1756 ὑπολέλειπται,
720 1724 766 1750 καὶ
790 1723 883 1751 τούτου

97 1770 174 1806 ἡμᾶς
188 1770 340 1804 ἀποστῆσαι
357 1769 411 1804 (76)
425 1769 565 1804 βούλεσθε;
585 1769 647 1796 Ἐὰν
664 1767 740 1801 οὗτος
754 1769 819 1805 λυθῇ
831 1770 884 1796 ἀπὸ

99 1817 156 1843 τῶν
173 1816 293 1851 δεσμῶν,
312 1817 391 1851 ἡμεῖς
412 1815 467 1842 ἀντ’
491 1815 572 1842 αὑτοῦ
591 1814 787 1850 δεσμευόμεοα.
808 1815 885 1849 Ἐφο-

99 1862 197 1889 6οὖντο
215 1861 357 1896 τοιγαροῦν
369 1861 392 1886 οἱ
410 1860 542 1896 ἀλιτήριοι
555 1860 610 1895 (77)
624 1860 757 1896 δαίμονες,
769 1860 885 1896 ὁρῶντες

97 1908 228 1943 λυόμενον
242 1907 288 1933 τὸν
302 1905 388 1932 πῶλον
401 1916 407 1922 ·
424 1906 604 1942 ἐταράσσοντο
615 1906 642 1932 ἐν
655 1906 763 1937 ἑαυταῖς
776 1906 803 1932 αἱ
815 1906 884 1932 ἀντι-

97 1954 224 1989 κείμεναι
238 1954 375 1988 δυνάμεις,
389 1953 488 1984 αἵτινες
498 1952 710 1988 ῂχμαλὼτευσαν
722 1953 805 1988 ἡμᾶς.
815 1952 882 1978 Ἀλλ’

97 2001 144 2026 ὅτε
160 2000 332 2035 ἐπεδήμησεν
344 1999 357 2024 ὁ
372 1999 472 2034 Κύριος
484 1998 560 2033 ἡμῶν
579 1991 681 2033 Ἰησοῦς
700 1998 825 2033 Χριστος.
838 1998 884 2024 καὶ

99 2047 258 2080 ἐπέγνωσαν
273 2045 354 2072 αὐτοῦ
369 2045 417 2080 τὴν
434 2045 593 2080 παρουσίαν,
609 2043 788 2080 ἐφοὸήθησαν,
804 2043 884 2070 ἀκού-

99 2101 196 2124 σαντες
203 2091 285 2118 αὑτοῦ
299 2092 365 2127 πρὸς
378 2092 441 2123 τοὺς
453 2090 574 2126 μαθητὰς
585 2090 719 2124 λέγοντος·
732 2099 740 2115 ι
753 2089 816 2115 Ἰδοὺ
827 2090 882 2123 (78)

98 2139 202 2165 δέδωκα
216 2138 279 2172 ὑμῖν
295 2137 417 2169 ἐξουσίαν
433 2137 528 2163 πατεῖν
544 2136 635 2163 ἐπάνω
646 2136 734 2170 ὄφεων
747 2135 793 2162 καὶ
809 2143 884 2170 σκορ-

100 2185 180 2215 πίων,
193 2184 241 2210 καὶ
254 2183 300 2209 ἐπὶ
314 2183 403 2209 πᾶσαν
412 2182 461 2218 τὴν
472 2182 585 2218 δύναμιν
598 2181 644 2208 τοῦ
659 2180 767 2217 ἐχθροῦ.
781 2190 790 2205 ι
806 2181 883 2214 Ἐφο-

100 2230 223 2265 ῦήθησαν
246 2228 424 2260 ἀκούσαντες·
456 2237 464 2253 ι
486 2227 666 2264 Πορευθέντες
697 2226 882 2262 μαθητεύσατε

101 2276 189 2302 πάντα
213 2274 248 2301 τὰ
273 2274 346 2308 ἔθνη,
373 2274 545 2309 βαπτίζοντες
571 2273 669 2305 αὐτοὺς
691 2274 730 2304 είς
746 2273 776 2299 τὺ
798 2273 881 2307 ὄνομα

101 2322 146 2349 τοῦ
157 2321 275 2356 Πατρὺς,
291 2320 336 2346 καὶ
349 2319 396 2346 τοῦ
411 2320 486 2351 Υίοῦ,
498 2320 544 2346 καὶ
554 2320 600 2346 τοῦ
610 2319 687 2354 ἁγίου
697 2320 862 2354 Πνεύματος.
871 2329 879 2344 ι

108 2366 296 2402 Ἑφοὸήθησαν
318 2366 354 2401 μὴ
371 2364 447 2397 οὗτος
466 2366 538 2392 ἐστιν
555 2367 569 2392 ὁ
583 2365 613 2392 τὸ
632 2365 724 2397 σκότος
741 2364 880 2399 καταλάμ-

102 2421 175 2439 πων·
190 2413 310 2447 ἥκουσαν
329 2411 382 2446 γὰρ
397 2410 444 2437 τοῦ
464 2411 603 2446 προφήτου
616 2410 754 2444 λέγοντος·
776 2418 786 2434 ι
802 2409 822 2435 Γ
823 2409 881 2435 αλι-

135 2512 169 2528 ⁸³⁶
191 2511 309 2548 Philipp.
330 2519 378 2543 Ill,
392 2511 437 2538 20.

150 2613 194 2647 7i)
215 2612 383 2645 Basiliensis,
396 2611 500 2647 ἐχθρός.

151 2649 196 2683 72)
216 2647 284 2683 Tres
298 2655 373 2683 mss;
383 2647 537 2683 γενομένην.

141 2680 196 2718 (75)
216 2682 294 2709 Gobl.
307 2686 337 2718 et
354 2681 427 2710 Felc.
443 2680 469 2714 ί,
484 2680 579 2708 ἔλυσαν
597 2681 640 2708 τὸν
650 2680 747 2707 πῶλον·
759 2681 805 2706 καὶ
837 2688 888 2715 μα-

105 2718 194 2754 θητῶν
211 2718 377 2754 δυναμένων.

107 2750 207 2815 FX‘M)1
220 2750 294 2785 Haec,
308 2751 461 2788 τρισάθλιος
475 2751 531 2784 καί,
546 2751 644 2778 desunt
655 2751 682 2778 in
693 2750 848 2778 Goblerian.
860 2752 887 2777 et

129 2797 142 2814 ι·
154 2796 179 2815 c.
213 2807 222 2814 .

129 2789 179 2815 εἰς.
195 2789 222 2815 l.

142 2823 200 2864 (75)
220 2822 266 2850 Sic
287 2826 344 2850 tres
357 2830 424 2850 mss.
442 2821 493 2849 Alii
507 2829 570 2849 vero
585 2829 646 2848 cum
666 2820 755 2854 editis,
777 2819 833 2847 ἀλλ’
849 2819 886 2850 ὡς

108 2866 229 2890 πολλους.

475 2510 498 2526 ³⁸
518 2509 582 2538 Luc.
600 2517 664 2542 xix,
684 2509 728 2537 33.
766 2509 787 2525 "
807 2508 872 2536 Luc.
889 2516 925 2540 x,

935 1632 1010 1660 illum
1036 1632 1240 1666 mancipatum?
1261 1631 1317 1658 Cur
1336 1631 1495 1659 abstraltitis
1524 1639 1538 1658 a
1563 1631 1642 1659 nobis
1667 1640 1716 1658 no-

935 1683 1019 1706 stram
1033 1678 1163 1713 operam?
1179 1677 1249 1710 Quid
1265 1677 1369 1706 solvitis
1390 1682 1512 1705 nostram
1536 1678 1718 1712 exspectatio-t

935 1724 1014 1751 nem?
1026 1723 1074 1751 llic
1088 1724 1236 1751 etiamnum
1249 1723 1328 1750 nobis
1345 1729 1479 1757 superest,
1496 1726 1522 1750 et
1537 1731 1586 1750 nos
1603 1723 1649 1749 illo
1664 1731 1719 1757 μισ

935 1777 999 1796 vare
1023 1769 1122 1796 vultis?
1138 1768 1165 1796 Si
1194 1769 1252 1804 ipse
1275 1769 1396 1797 solvatur
1416 1776 1430 1795 a
1450 1769 1574 1801 vinculis,
1590 1776 1640 1795 nos
1658 1769 1718 1803 ejus

935 1817 996 1843 loco
1013 1816 1173 1842 vincientur.
1189 1814 1374 1843 Terrebantur
1389 1815 1481 1850 itaque
1494 1814 1602 1842 scelesti
1618 1815 1719 1842 daemo—

935 1869 994 1894 nes,
1013 1861 1114 1896 pullum
1129 1863 1271 1888 cernentes
1285 1861 1402 1888 solutum
1418 1870 1424 1888 :
1442 1860 1678 1887 conturbabantur
1691 1861 1718 1887 in

935 1915 996 1934 sese
1015 1906 1178 1933 adversaria:
1198 1909 1356 1940 potestates,
1366 1913 1425 1940 quae
1435 1913 1485 1932 nos
1496 1906 1522 1932 in
1534 1905 1718 1940 captivitatem

935 1952 1103 1987 redegerant.
1114 1952 1147 1978 At
1158 1951 1267 1986 quando
1277 1952 1386 1979 advenit
1398 1951 1527 1978 Dominus
1539 1950 1718 1979 nosterJesus

933 1998 1069 2030 Christus,
1085 1997 1199 2032 ejusque
1215 1997 1387 2032 praesentiam
1398 2004 1542 2031 agnovere,
1555 1997 1718 2024 reformida-

934 2045 1010 2075 bant,
1019 2052 1080 2071 cum
1091 2044 1232 2071 audissent
1245 2051 1306 2070 eum
1318 2043 1374 2070 lucc
1385 2043 1528 2078 discipulis
1541 2043 1694 2078 loquentem
1709 2052 1716 2069 :

936 2100 945 2116 ι
962 2090 1030 2118 Ecce
1053 2089 1114 2117 dedi
1129 2089 1206 2117 vobis
1228 2093 1389 2124 potestatem
1415 2089 1538 2116 calcaudi
1565 2097 1647 2124 supra
1660 2095 1717 2115 ser-

934 2139 1028 2170 pentes
1043 2139 1070 2161 et
1085 2135 1253 2170 scorpiones.
1267 2137 1293 2160 et
1308 2141 1389 2168 supra
1400 2141 1507 2160 omnem
1524 2134 1649 2160 virtutem
1667 2133 1717 2159 inl-

934 2180 1038 2207 ntiei".
1062 2190 1071 2206 ι
1096 2179 1330 2207 Pertituescebant
1357 2179 1400 2206 his
1425 2179 1526 2206 auditis
1543 2188 1549 2206 :
1569 2187 1577 2204 ι
1598 2178 1716 2204 Profecti

933 2225 1028 2252 docete
1055 2232 1150 2252 omnes
1174 2228 1279 2259 gentes,
1301 2223 1470 2258 baptizantes
1493 2230 1541 2251 eos
1560 2224 1588 2250 in
1608 2223 1716 2249 nomine

934 2271 1034 2303 Patris,
1055 2275 1081 2298 et
1104 2270 1176 2302 Filii,
1198 2274 1223 2297 et
1245 2269 1363 2305 Spiritus
1389 2270 1518 2297 sancti".
1535 2279 1544 2295 ι
1562 2269 1716 2296 Metuebant

935 2325 970 2344 ne
998 2317 1042 2344 ille
1068 2320 1140 2344 esset
1166 2316 1212 2351 qui
1237 2315 1364 2343 tenebras
1390 2315 1559 2342 illustraret:
1575 2313 1716 2340 audierunt

935 2362 1007 2390 enim
1036 2362 1195 2398 prophetam
1229 2361 1363 2388 dicentem
1387 2370 1394 2388 :
1419 2369 1429 2386 ι
1450 2360 1558 2387 Galilzea
1583 2359 1714 2394 gentium,

937 2408 1052 2443 populus
1078 2408 1124 2443 qui
1149 2407 1260 2435 sedebat
1280 2407 1307 2433 iu
1327 2406 1447 2434 tenebris
1475 2405 1541 2432 vidit
1561 2405 1645 2432 lucem
1659 2413 1716 2431 nia-

945 2508 984 2535 I‘J.
1023 2507 1045 2522 ³³
1065 2498 1158 2534 Matth.
1178 2514 1276 2538 xxvm.
1297 2506 1338 2533 l9.

973 2607 1028 2642 (76)
1048 2606 1216 2642 Basiliensis,
1230 2607 1284 2642 agro

974 2639 1030 2676 (7?)
1051 2642 1078 2667 in
1094 2641 1172 2668 Gobl.
1189 2646 1216 2667 et
1239 2640 1311 2668 Felc.
1327 2639 1352 2672 ἰ,
1375 2641 1509 2676 ἀλιτήριοι
1537 2639 1622 2667 deest.
1645 2641 1718 2669 Mor.

939 2675 1094 2738 feguer._év
1107 2677 1226 2707 ἑαυταῖς,
1242 2676 1345 2704 rectius
1357 2684 1438 2710 quam
1452 2675 1528 2707 editi,
1542 2675 1587 2710 qui
1605 2676 1716 2709 habent,

954 2721 968 2738 ν
996 2720 1094 2738 αυτοις.

954 2721 968 2738 ν
981 2713 1094 2743 ἑαυτοῖς.

975 2747 1027 2782 (⁵⁷8)
1051 2746 1150 2780 Regius
1166 2747 1241 2774 solus
1258 2746 1297 2773 sic
1316 2750 1402 2772 totum
1425 2746 1497 2772 hunc
1517 2746 1605 2782 locum
1625 2745 1715 2775 habet.

938 2781 1110 2812 ἀκούσαντες·
1135 2782 1268 2816 Ὑπάγετε
1291 2782 1329 2812 εἰς
1343 2781 1376 2808 τὺ
1402 2781 1494 2809 σκότος
1517 2781 1664 2816 ἐξώτερον,
1688 2790 1719 2815 τρ

939 2817 1137 2851 ἡτοιμασμένον
1151 2817 1189 2852 τῷ
1204 2817 1318 2851 διαϐόλῳ
1337 2817 1383 2852 καὶ
1402 2818 1457 2847 τοῖς
1479 2816 1602 2850 ἀγγέλοις
1623 2816 1716 2843 αὐτοὶ.

945 2852 1129 2888 Ἐφοδήϐησαν
1145 2851 1316 2884 ἀκούσαντες·
1345 2851 1406 2879 Ἰδοὺ
1424 2851 1536 2884 δέδωκα,
1549 2856 1600 2879 etc.

1286 2606 1391 2640 στῆναι.
