1915 3057
216 140 269 171 179

780 137 808 165 S.
832 136 1064 165 ATHANASIUS.
1083 149 1118 157 -
1136 135 1247 164 DUBlA.

1779 135 1840 163 180

210 206 291 233 gnam
299 199 331 224 ε’.
339 208 348 222 ι
359 198 458 226 Omnes
469 197 559 232 itaque
567 197 639 224 circa
651 196 754 232 pullum
765 196 889 228 hiabant,
900 203 990 222 omnes

1047 194 1108 220 λαία
1124 194 1177 221 τῶν
1197 194 1290 225 ἐθνῶν,
1306 194 1320 220 ὁ
1333 194 1396 225 λαὸς
1409 194 1424 220 ὁ
1441 193 1593 230 καθήμενος
1618 194 1647 221 ὲν
1669 194 1759 222 σκότει
1777 191 1839 222 εἶδε

210 245 283 273 circa
304 245 392 280 ipsum
418 243 558 273 sedebant,
570 250 650 269 nemo
667 242 701 268 ab
716 241 762 268 illo
773 240 905 268 abscedit.
918 240 992 268 Talis

210 291 261 319 iste
286 291 376 326 pullus
403 293 454 320 est,
471 293 501 316 ut
524 296 619 316 omnes
639 289 698 322 ejus
714 288 816 315 domini
838 287 993 314 custodiant

209 337 295 364 illum.
304 336 331 363 Si
344 336 480 363 sensibilis
493 338 575 366 esset,
588 342 651 361 num
661 334 763 362 domini
777 333 928 361 assiderent
938 332 993 359 illi?

208 382 278 410 Num
301 383 401 410 asellus
431 382 568 409 sensibilis
593 381 741 408 multorum
764 380 936 407 dominorum
951 381 993 405 est

207 429 363 464 possessio?
378 436 442 455 num
459 435 554 455 omnes
574 427 634 462 ejus
655 427 758 454 domini
783 426 906 453 assident
928 424 990 460 ipsi,

208 475 246 503 ita
266 479 294 501 ut
310 475 400 502 nullus
415 474 519 508 negotia
532 474 622 505 obeat,
641 473 732 500 nullus
743 473 770 499 in
783 472 842 499 foro
861 471 990 503 ambulet,

208 520 276 547 nihil
304 520 377 547 aliud
404 520 496 555 operis
514 519 641 550 habeam,
658 519 706 546 sed
725 525 779 545 una
799 525 894 545 omnes
917 517 992 544 circa

207 565 297 600 ipsum
315 565 501 600 occupentur?
515 564 584 592 Num
602 564 703 592 asellus
724 563 861 591 sensibilis
876 563 904 590 in
918 562 992 590 bivio

207 612 346 647 alligatur,
364 612 516 639 diversorio
541 611 727 646 prmsepioque
749 614 832 640 caret,
848 609 875 636 in
896 616 992 644 agrum

206 665 263 684 non
279 657 419 692 procedit?
432 657 479 684 sed
505 656 644 684 sensibilis
667 655 758 690 pullus
770 655 798 681 in
810 654 882 681 bivio
898 654 993 688 alliga-

206 708 262 735 tur,
275 710 424 737 omnesque
436 702 537 729 domini
549 701 608 736 ejus
621 700 741 728 assident
756 699 819 734 ipsi,
831 700 993 726 observant-

207 757 260 784 que
284 748 369 775 illum.
387 747 448 775 llaec
471 755 534 774 cum
558 747 630 778 dico.
647 745 788 773 historiam
805 752 859 771 non
874 743 969 771 aul‘ero
985 753 990 770 :

207 801 379 829 nequaquam
400 794 471 821 enim
490 793 607 820 litteram
623 792 659 819 ob
678 792 804 827 spiritum
823 790 990 822 auferimus;

207 839 254 867 sed
266 839 378 873 spiritus
392 839 444 865 vim
462 844 602 865 servamus
617 845 665 871 per
678 837 806 863 litteram.

1044 239 1100 274 φῶς
1122 239 1204 274 μέγα.
1222 249 1230 265 ι
1248 239 1352 271 Πάντες
1368 238 1414 266 οὖν
1435 241 1499 274 περ).
1519 239 1564 266 τοῦ
1582 239 1670 266 πώλου
1687 241 1838 276 κεχήνασι,

1043 286 1142 316 πάντες
1158 285 1221 320 περὶ
1232 286 1312 312 αὑτὸν
1324 286 1464 321 κάθηνται,
1479 286 1564 318 οὐδεὶς
1576 286 1658 313 αὑτοῦ
1672 287 1836 321 ἀφίσταται.

1042 331 1167 363 Τοιοῦτός
1189 332 1262 358 ἐστιν
1277 329 1353 363 οὗτος
1370 333 1384 358 ό
1405 331 1504 363 πῶλος,
1521 332 1558 364 ὼς
1581 333 1684 364 πάντας
1702 334 1764 365 τοὺς
1782 342 1836 360 κυ-

1047 377 1121 413 ρίους
1133 377 1215 404 αὐτοῦ
1228 378 1319 412 τηρεῖν
1330 375 1505 413 αὑτόνῘΑρα,
1518 379 1542 404 εἰ
1554 375 1587 413 ἦν
1601 378 1728 413 αἰσθητὸς
1740 375 1835 411 οὗτος,

1042 424 1067 449 οἱ
1092 423 1180 458 κύριοι
1205 422 1286 449 αὐτοῦ
1313 423 1528 459 παρεκαθέζοντο
1544 424 1633 459 αὐτῷ;
1654 425 1701 451 καὶ
1722 424 1836 460 ὀνάριον

1043 470 1170 505 αἰσθητὸν
1187 470 1290 496 πολλῶν
1308 470 1409 505 κυρίων
1421 470 1524 503 γίνεται
1545 469 1653 504 Itium;
1671 470 1717 497 καὶ
1729 470 1835 502 πάντες

1042 516 1067 542 οἱ
1091 516 1251 551 κεκτημένοι
1275 515 1508 551 παρακαθέζονται
1529 515 1620 550 «ib-rd);
1636 516 1722 547 οὐδεὶς
1740 515 1834 542 αὐτῶν

1043 561 1275 596 πραγματεύεται,
1291 561 1376 593 οὐδεὶς
1392 561 1479 588 αὐτῶν
1496 562 1524 588 ὲν
1539 562 1626 596 ἀγορᾷ
1640 560 1741 596 βαδίζει
1760 561 1834 596 (79),

1042 608 1105 635 ἄλλο
1129 608 1210 644 ἔργον
1235 608 1283 634 οὑκ
1305 607 1421 643 ἔχουσιν,
1445 607 1511 634 ἀλλὰ
1533 608 1631 639 πάντες
1651 607 1740 634 αὐτῶν
1760 607 1833 643 ὁμοῦ

1043 655 1106 690 περ)⁴
1117 655 1182 682 αὐτὸ
1188 655 1365 690 ὴσχόληνται;
1378 655 1413 681 ’Ἡ
1426 655 1531 690 ὀνάριον
1548 654 1674 689 αἰσθητὸν
1684 654 1729 680 ἐπὶ
1743 653 1837 689 ἀμφό-

1042 701 1087 728 δου
1110 701 1220 732 δέδεται,
1243 701 1352 728 ἔπαυλιν
1389 701 1437 727 οὐκ
1471 700 1537 736 ἔχει,
1563 701 1664 735 φάτνην
1684 701 1733 727 οὐκ
1761 700 1832 736 ἔχει,

1043 748 1084 778 εἰς
1105 747 1188 782 ἀγρὸν
1204 747 1259 781 (80)
1275 747 1304 773 οὺ
1322 747 1498 782 κατέρχεται;
1516 746 1582 773 ἀλλά
1596 746 1684 778 πῶλος
1701 746 1833 781 αἰσθητὸς

1044 794 1088 820 ἐπ’
1110 794 1231 829 ἀμφόδου
1257 793 1371 824 δέδεται,
1392 793 1439 820 καὶ
1465 794 1562 824 πάντες
1585 793 1610 818 οἱ
1636 792 1724 828 κύριοι
1747 791 1831 818 αὑτοῦ

1046 840 1120 875 αὐτῷ
1139 840 1387 875 παραχαθέζονται,
1408 839 1552 875 πιροῦντες
1569 839 1658 866 αὐτόν.
1680 838 1771 865 Ταῦτα
1785 837 1833 864 λέ-

209 893 266 919 γων
289 885 338 910 οὐκ
357 883 461 918 ἀναιρῶ
475 883 524 918 τὴν
548 882 682 918 ἱστορίαν·
700 882 731 908 οὐ
752 881 805 917 γὰρ
829 881 994 918 ἀναιροῧμεν
1012 884 1043 910 τὸ
1066 885 1184 921 γράμμα
1205 885 1249 912 διὰ
1271 885 1302 912 τὸ
1323 885 1449 921 πνεῦμα·
1473 885 1539 913 ἀλλὰ
1572 884 1691 919 σώζομεν
1712 884 1760 919 τὴν
1781 883 1831 910 to;

206 931 361 966 πνεύματος
375 931 488 966 δύναμιν
504 929 547 956 διὰ
563 929 609 955 τοῦ
623 928 797 964 γράμματος,

242 977 269 1005 6.
287 977 389 1004 Revera
409 977 532 1004 sensibili
558 976 645 1003 asello
662 976 764 1004 insedit
786 976 928 1008 Dominus,
945 976 990 1005 Be-

1084 978 1109 1005 6.
1131 978 1249 1014 Ἀληθῶς
1264 978 1310 1004 ἐπὶ
1330 977 1438 1013 ὀναρίου
1453 976 1580 1012 αἰσθητοῦ
1595 977 1608 1003 ό
1621 977 1720 1012 Κύριος
1734 976 1830 1004 exeat-

207 1024 300 1052 thania
323 1023 518 1058 Jerosolymam
538 1022 698 1057 profectus:
722 1023 759 1049 ita
782 1023 854 1050 enim
873 1023 991 1058 prophe-

207 1071 274 1098 tavit
296 1069 443 1097 Zacharias
465 1079 471 1096 :
493 1079 502 1095 (
520 1069 607 1096 Dicite
636 1068 697 1096 ﬁliae
721 1068 787 1096 Sion
811 1078 817 1095 :
838 1068 908 1096 Ecce
932 1069 991 1096 Rex

205 1121 270 1144 tuus
293 1116 367 1143 venit
385 1115 433 1142 tibi
449 1119 618 1149 mansuetus.
637 1113 734 1141 sedens
746 1122 829 1149 super
845 1115 951 1142 asinum
964 1119 991 1142 et

206 1161 311 1197 pullum
335 1160 418 1187 ﬁlium
434 1160 625 1194 subjugalis”.
645 1170 654 1185 ι
669 1158 749 1186 Salva
773 1159 856 1194 igitur
871 1159 992 1187 historiae

206 1207 270 1237 ﬁde,
282 1210 439 1241 perscrutor
449 1212 481 1234 ea
489 1213 549 1240 qua
564 1207 592 1232 in
605 1205 651 1232 illa
666 1204 772 1232 defossa
789 1209 870 1232 sunt:
883 1205 991 1240 perqui-

206 1253 293 1281 rimus
317 1252 466 1285 repositum
485 1250 564 1278 nobis
596 1250 755 1278 thesaurum
770 1270 777 1282 ,
807 1251 991 1285 perquirimus

205 1298 319 1332 spiritus
334 1298 398 1324 vim.
415 1297 472 1325 Non
483 1297 555 1325 enim
567 1297 646 1324 nudae
669 1296 788 1324 historiae
803 1297 987 1330 attendimus;

206 1344 360 1372 Judzeorum
388 1347 430 1370 est
455 1343 589 1377 ejusmodi
608 1343 735 1370 stultitia.
757 1343 837 1371 Certe
859 1343 991 1371 Dominus

206 1396 300 1419 uoster
312 1389 392 1416 Jesus
400 1389 527 1416 Christus
552 1397 645 1416 eorum
660 1396 811 1423 coarguens
826 1390 970 1417 amentiam
981 1411 989 1423 ,

205 1437 257 1464 ait:
271 1445 280 1461 ι
293 1435 456 1463 Scrutamini
467 1435 634 1470 Scripturas,
646 1435 709 1470 quia
719 1443 767 1465 vos
776 1436 875 1470 putatis
886 1437 913 1462 in
923 1436 991 1470 ipsis

208 1481 311 1509 habere
323 1481 406 1508 vitam
422 1481 591 1508 aaternam".
606 1490 615 1506 ι
637 1480 688 1508 Sed
699 1480 783 1508 Judaei
803 1481 882 1509 nuda:
896 1482 992 1509 littera:

205 1527 386 1569 adhaerentes,
396 1527 466 1554 fame
477 1527 630 1561 consumpti
645 1531 719 1554 sunt.
732 1526 816 1554 Gnari
827 1528 918 1562 itaque
929 1535 990 1560 nos,

206 1572 261 1608 59
271 1572 381 1603 fratres,
391 1572 509 1599 litteram
517 1571 652 1604 occidere,
665 1571 789 1606 spiritum
799 1576 888 1600 autem
900 1572 988 1599 viviﬁ-

206 1625 285 1651 care;
296 1625 350 1644 non
363 1617 444 1644 modo
456 1617 596 1644 historiam
610 1615 815 1652 Scripturarum
831 1625 988 1652 sequamur,

208 1649 307 1697 neque,
323 1667 352 1690 ut
368 1663 466 1694 Judaei,
480 1663 558 1690 nuda;
573 1649 914 1695 littcrze-adhatrescamus,
930 1649 988 1695 sed,
1003 1649 1024 1677 θ

208 1713 238 1734 ut
252 1708 384 1742 scriptum
395 1713 446 1739 est,
459 1712 613 1735 scrutemur
626 1707 792 1743 Scripturas.
805 1713 834 1736 ut
847 1709 883 1736 ita
897 1716 991 1737 earum

207 1753 241 1781 de
256 1753 319 1780 Jesu
335 1753 445 1781 Christo
466 1753 624 1781 testimonia
639 1754 731 1780 animo
751 1754 880 1788 colligere
902 1755 993 1781 valea-

204 1807 278 1826 mus.
295 1799 432 1826 Ridebunt
443 1806 509 1827 sane
519 1798 618 1830 Graeci,
627 1799 797 1834 objectantes
807 1801 896 1832 nobis,
907 1799 991 1827 Deum

206 1844 447 1877 Christianorum,
473 1845 520 1880 qui
543 1845 671 1873 Christus
699 1852 883 1880 nuncupatur,
908 1847 992 1874 asello

205 1890 351 1919 insedisse.
367 1889 420 1918 Sed
437 1898 488 1918 nos
501 1899 589 1926 neque
600 1891 626 1918 in
642 1891 726 1919 dubio
737 1899 889 1924 versamur,
905 1900 992 1928 neque

206 1943 339 1971 negamus
353 1936 412 1970 ejus
428 1937 455 1963 in
472 1944 555 1964 carne
573 1937 729 1965 adventum.
749 1938 812 1966 Ideo
834 1939 907 1966 enim
930 1947 988 1966 cor-

205 1981 337 2017 poraliter
352 1981 541 2017 peregrinatus
558 1986 611 2014 est,
630 1987 659 2010 ut
677 1983 702 2010 id
718 1983 790 2018 quod
801 1985 918 2019 perierat
931 1993 993 2020 per—

207 2026 343 2061 quirendo
361 2027 503 2061 reperiret,
519 2032 547 2055 et
565 2028 639 2062 quod
656 2029 766 2056 errabat
782 2030 935 2058 reduceret.
953 2030 992 2058 Ita

205 2073 280 2100 enim
305 2080 354 2108 per
380 2073 541 2108 prophetam
563 2073 756 2103 denuntiavit:
771 2086 781 2102 ι
802 2076 990 2110 Revertimini,

205 2119 254 2148 lilii
280 2123 458 2151 revertentes.
485 2123 512 2147 et
540 2128 591 2156 ego
614 2121 718 2151 sanabo
742 2121 919 2150 contritiones
942 2130 991 2150 ve-

203 2159 279 2193 stras
287 2165 321 2192 ".
340 2174 349 2191 ι
364 2164 425 2192 Νοη
443 2165 493 2193 abs
505 2173 534 2193 re
543 2165 626 2200 igitur
641 2165 698 2193 ham
708 2166 897 2201 signiﬁcantur
911 2167 939 2194 in
948 2167 990 2194 di-

204 2211 278 2238 vinis
293 2209 456 2245 Scripturis,
469 2211 573 2238 dilecti.
591 2211 706 2246 Magnus
723 2211 766 2238 hic
783 2212 874 2246 pullus
888 2217 929 2240 est
944 2213 991 2247 qui

206 2257 282 2289 alibi,
303 2267 312 2283 ι
329 2257 415 2284 Filius
429 2257 523 2292 junior
538 2267 547 2283 ›
565 2261 688 2285 vocatur.
706 2257 773 2284 Nam
785 2258 893 2292 pullus,
911 2258 991 2293 juve—

204 2304 250 2332 nis
263 2308 306 2332 est
320 2304 426 2331 asinus.
441 2303 496 2331 Nos
512 2305 615 2339 itaque,
628 2304 656 2331 id
671 2308 714 2332 est
743 2305 863 2332 humana
881 2309 990 2339 natura,

1016 1033 1020 1036 ·
1043 1032 1089 1050 σεν
1109 1024 1164 1059 (81)
1186 1024 1331 1059 ἐρχόμενος
1353 1023 1407 1049 ἀπὸ
1423 1022 1557 1057 Βηθανίας
1577 1023 1615 1053 είς
1635 1021 1828 1058 Ἰεροσόλυμα·

1041 1069 1112 1096 οὕτω
1123 1069 1177 1105 γὰρ
1199 1069 1334 1105 Ζαχαρίας
1353 1068 1517 1106 προφητεύει
1528 1068 1630 1102 λέγων’
1649 1077 1658 1093 ‹
1677 1068 1778 1095 Εἴπατε
1795 1070 1828 1104 τῇ

1042 1114 1156 1151 θυγατρὶ
1172 1114 1253 1141 Σιὼψ
1275 1115 1340 1141 Ἰδοὺ
1354 1115 1368 1141 ὁ
1384 1114 1514 1145 Βασιλεύς
1529 1122 1575 1140 σου
1593 1113 1648 1148 (8'2)
1664 1113 1772 1149 ἔρχεταί
1788 1122 1830 1140 σοι

1041 1161 1142 1198 πραῢς,
1155 1160 1326 1196 ἐπιϐεϐηκὼς
1342 1160 1388 1187 ἐπὶ
1409 1160 1469 1186 δνον
1489 1159 1536 1186 καὶ
1551 1159 1638 1187 πῶλον
1653 1159 1708 1186 υἱὸν
1729 1159 1830 1191 ὑποζυ-

1041 1207 1110 1241 γίου.
1130 1216 1139 1232 ι
1158 1206 1214 1241 Τῆς
1235 1204 1280 1232 οὖν
1296 1205 1416 1241 ἱστορίας
1432 1205 1627 1241 ἀληθευούσης,
1650 1204 1724 1240 ζητῶ
1743 1205 1780 1232 τὰ
1799 1206 1829 1232 ὲν

1041 1253 1109 1288 αὐτῇ
1135 1252 1345 1287 καταχωσθέντα
1369 1251 1532 1288 πράγματα·
1557 1251 1690 1286 ζητοῦμεν
1716 1251 1760 1277 τὸν
1784 1252 1829 1278 ὲν-

1041 1297 1220 1331 αποκείμενον
1251 1296 1305 1331 (85)
1336 1297 1402 1331 ἡμῖν
1434 1295 1578 1332 θησαυρὸν,
1611 1295 1747 1331 ζητοῦμεν
1780 1296 1828 1322 τοῦ

1041 1343 1194 1377 πνεύματος
1207 1342 1255 1378 τήν
1271 1342 1394 1377 δύναμιν.
1411 1343 1448 1369 Οὐ
1465 1342 1520 1378 γὰρ
1538 1342 1602 1378 ψιλῇ
1619 1342 1724 1378 ἱστορία
1741 1351 1827 1378 προσ-

1041 1388 1156 1424 ἔχομεν·
1177 1388 1309 1414 Ἰουδαίων
1325 1387 1379 1422 γὰρ
1400 1388 1416 1423 ὴ
1441 1388 1553 1422 τοιαύτη
1575 1388 1698 1415 ἀπόνοια.
1722 1387 1829 1423 Ἀμέλει

1042 1434 1088 1460 καὶ
1115 1435 1130 1460 ό
1158 1433 1259 1469 Κύριος
1286 1433 1365 1468 ἡμῶν
1396 1433 1498 1469 Ἰησοῦς
1527 1433 1652 1469 Χριστὸς,
1684 1433 1830 1469 διελέγχων

1041 1479 1130 1507 αὐτῶν
1153 1480 1201 1515 τὴν
1229 1479 1331 1510 ἄνςιαν,
1359 1479 1450 1514 φησίνο
1471 1488 1481 1504 (
1511 1479 1653 1514 Ἐρευνᾶτε
1681 1478 1730 1510 τὰς
1757 1478 1836 1514 Γρα-”

1042 1525 1104 1560 φὰς,
1130 1526 1171 1552 ὅτι
1196 1526 1224 1552 ὲν
1245 1525 1339 1556 αὑταῖς
1363 1524 1466 1551 δοκεῖτε
1490 1524 1562 1560 ζωὴν
1589 1524 1696 1552 αἰώνιον
1711 1524 1794 1559 ἔχειν.
1814 1534 1825 1550 ι

1048 1571 1127 1597 Ἀλλὰ
1159 1571 1279 1598 Ἰουδαῖοι
1308 1571 1363 1606 (84)
1395 1570 1465 1606 ψιλῷ
1496 1571 1535 1606 τῷ
1563 1571 1708 1607 γράμματι
1740 1579 1825 1606 προσ-

1042 1617 1148 1652 έχοντες
1168 1617 1424 1653 ὲλιμοκτονήθησαν.
1445 1617 1550 1649 Εἱδότες
1571 1615 1617 1644 οὖν
1638 1618 1727 1652 ἡμεῖς,
1749 1617 1826 1643 ἀδελ-

1041 1663 1095 1698 φοὶ,
1119 1664 1160 1689 ὅτι
1176 1663 1205 1689 τὺ
1220 1664 1268 1698 μὲν
1281 1663 1397 1699 γράμμα
1413 1663 1576 1696 ἀποκτείνει,
1603 1663 1634 1689 τὸ
1665 1663 1693 1690 δὲ
1720 1663 1828 1698 πνεῦμα

1042 1708 1178 1740 ζωοποιεῖ,
1196 1709 1226 1735 οὐ
1244 1709 1322 1745 μόνον
1343 1711 1376 1744 τῇ
1404 1709 1508 1745 ἱστορίᾳ
1523 1709 1577 1736 τῶν
1593 1709 1708 1745 Γραφῶν
1731 1710 1826 1742 ἐξακο-

1041 1754 1215 1790 λουθήσωμεν
1242 1755 1310 1789 (85),
1325 1755 1385 1781 οὐδὲ
1409 1755 1447 1786 ὡς
1467 1755 1586 1782 Ἰουδαῖοι
1599 1754 1669 1789 ψιλῷ
1684 1754 1722 1790 τῷ
1741 1755 1827 1791 γράμ-

1044 1809 1108 1836 ματι
1124 1801 1311 1836 προσέχωμεν,
1326 1800 1396 1833 ἀλλ’,
1412 1801 1450 1832 ὡς
1473 1801 1636 1836 γέγραπται,
1652 1801 1765 1836 ὲρευνᾷν
1778 1800 1826 1831 τὰς

1042 1846 1154 1881 Γραφὰς
1168 1845 1320 1881 ὀφείλομεν,
1342 1846 1376 1872 ἵν’
1400 1844 1471 1872 οὕτω
1490 1846 1539 1880 τὴν
1558 1847 1589 1872 ἐκ
1609 1845 1709 1872 τούτων
1723 1854 1826 1881 μαρτυ-

1044 1892 1103 1927 ρίαν
1123 1892 1186 1928 περὶ
1209 1891 1255 1918 τοῦ
1275 1891 1361 1926 Ἰησοῦ
1385 1891 1546 1919 καταλαϐεῖν
1561 1891 1728 1927 δυνηθῶμεν.
1747 1891 1828 1919 Γελά-

1043 1946 1119 1964 σουσι
1138 1937 1192 1973 γὰρ
1210 1938 1257 1964 καὶ
1278 1937 1406 1973 ’Έλληνες
1426 1937 1485 1964 καθ’
1500 1937 1579 1975 ήμῶν
1601 1937 1735 1970 λέγοντες,
1757 1938 1797 1963 ὃτι
1812 1938 1827 1964 ό

1042 1983 1109 2015 Θεὸς
1126 1983 1179 2010 τῶν
1194 1983 1361 2020 Χριστιανῶν
1374 1984 1388 2010 ὁ
1399 1983 1566 2018 καλούμενος
1578 1983 1695 2019 Χριστὸς
1711 1984 1749 2014 εἰς
1765 1984 1825 2010 όνά-

1043 2041 1101 2068 ριον
1113 2031 1222 2058 ὲκάοισε
1234 2031 1301 2066 (86).
1318 2031 1372 2058 Καὶ
1386 2032 1464 2066 ἡμεῖς
1478 2031 1529 2058 οὐκ
1541 2030 1755 2066 ἀμφιϐάλλομεν,
1768 2027 1826 2061 οὐδὲ

1043 2078 1198 2114 ἀρνούμεθα
1214 2078 1296 2105 αὑτοῦ
1312 2077 1360 2113 τὴν
1376 2078 1405 2104 ὲν
1421 2078 1503 2113 σαρκὶ
1519 2077 1668 2113 παρουσίαν
1685 2077 1752 2112 (87).
1778 2077 1826 2104 Διά

1043 2123 1097 2159 γὰρ
1109 2122 1187 2149 τοῦτο
1203 2122 1365 2158 σωματικῶς
1385 2122 1569 2157 ἐπεδήμησεν,
1589 2122 1634 2150 ἵνα
1649 2122 1679 2149 τὸ
1688 2121 1825 2154 ἀπολωλὸς

1043 2169 1162 2205 ζητήσας
1177 2168 1255 2204 εὕρῃ,
1269 2168 1316 2195 καὶ
1331 2168 1361 2194 τὸ
1375 2167 1549 2202 πλανώμενον
1570 2168 1729 2204 ἐπιστρέψῃ.
1749 2167 1825 2194 Οὕτω

1042 2216 1097 2250 γὰρ
1116 2215 1162 2241 καὶ
1175 2213 1220 2240 διὰ
1234 2213 1282 2240 τοῦ
1298 2214 1436 2249 προφήτου
1460 2213 1508 2249 βοᾷ
1531 2213 1632 2248 λέγων·
1652 2223 1661 2239 t
1686 2213 1824 2249 Ἐπιστρέ-

1042 2261 1122 2295 ψατε,
1140 2261 1194 2286 υἱοὶ
1206 2261 1424 2296 ἐπιστρέφοντες,
1439 2260 1516 2294 κάγὼ
1530 2260 1638 2295 ἰάσομαι
1649 2259 1684 2286 τὰ
1698 2259 1824 2295 συντρίμι

1045 2315 1117 2341 ματα
1139 2305 1225 2341 ὑμῶν.
1254 2316 1263 2332 ι
1287 2306 1438 2341 Πράγματα
1453 2303 1499 2332 οὖν
1514 2306 1571 2332 ἐστι
1588 2305 1622 2332 τὰ
1641 2305 1823 2340 σημαινόμενα

240 2381 263 2398 ”
278 2380 331 2409 lsa.
343 2389 382 2414 ix,
394 2382 421 2414 1,
438 2381 466 2408 2.
502 2381 525 2396 ’⁸
543 2380 625 2408 Zach.
643 2389 686 2414 ix,
703 2381 729 2408 9.
741 2399 748 2406 ι
767 2381 789 2397 ’ί
810 2380 890 2409 Joan.
907 2390 934 2414 v,
949 2382 990 2409 59.

1045 2383 1055 2397 ⁸
1073 2381 1125 2409 Jer.
1144 2391 1173 2409 In
1185 2403 1191 2414 ,
1208 2382 1253 2410 22.

242 2459 298 2494 (79)
317 2459 498 2500 Anglicanus;
508 2460 536 2485 ἐν
548 2459 637 2500 ἀγρρᾷ
651 2458 881 2500 διατρίϐει.“Μοξι.
900 2459 990 2500 Angli~

1045 2460 1326 2500 §XK&_'Iou§alot_pév.
1341 2461 1411 2493 Mor,
1424 2462 1599 2497 προσέχοντες
1616 2460 1692 2488 deest
1705 2460 1732 2487 in
1750 2459 1822 2488 Basi-

242 2467 298 2494 (ιθ)
317 2467 493 2495 angucanus.
508 2467 536 2485 εν
548 2467 635 2494 αγορᾳ
651 2467 709 2485 οιατ
731 2467 791 2486 ιοει.
810 2467 881 2490 mox.
900 2467 994 2494 angu-

205 2502 302 2525 canus,
319 2497 418 2526 πάντες
429 2494 518 2521 αὐτῶν
533 2495 597 2529 περὶ
609 2494 691 2522 αὺτοῦ
709 2467 771 2529 ἔσχ.
795 2493 906 2528 Regius.
929 2495 994 2522 πάν-

206 2538 252 2561 τες
266 2529 333 2564 ὁμοῦ
349 2530 450 2565 ὀναριῳ
466 2528 713 2565 παρακαθέζονται.
733 2528 805 2562 Mox,
820 2530 991 2562 Basiliensis,

207 2566 254 2592 ἐπὶ
269 2564 388 2600 ἀμφόδου
402 2564 519 2600 δέχεταιζ

243 2599 299 2635 (80)
321 2600 430 2634 Regius.
447 2601 487 2631 είς
504 2599 597 2634 ἀγρόν.
624 2599 706 2630 Editi,
724 2600 764 2630 είς
785 2600 896 2635 ἀγοράν.
920 2600 992 2631 Mox,

205 2635 290 2662 Basil.
315 2636 357 2661 ἐπ’
381 2635 502 2670 ἀμφόδου
527 2635 644 2670 δέχεται.
669 2635 775 2670 Anglic.
807 2636 849 2661 ἐπ’
872 2635 992 2661 autem

209 2671 359 2704 ἐκδέχεται.

245 2705 301 2739 (8t)
323 2705 384 2740 Seg.
401 2709 428 2731 et
449 2705 532 2732 Basil.
556 2705 728 2732 ἐπεκάθισεν.
751 2704 829 2740 Angl.
846 2705 989 2739 ἑχάθησεν.

210 2738 281 2766 Idem
298 2738 372 2772 mox;
388 2740 459 2766 οὕτω
472 2741 518 2767 καὶ
534 2741 599 2774 Ζαχ.

245 2774 300 2808 (82)
321 2774 371 2801 Σου
388 2774 463 2802 deest
478 2775 505 2802 in
523 2774 680 2803 Gohlerian.
695 2779 722 2803 et
744 2774 817 2802 Felc.
836 2775 861 2801 l.
878 2774 990 2804 Ibidem.

211 2809 381 2844 ἐπιϐεϐηκώς
396 2809 472 2836 abest
486 2817 500 2835 a
515 2809 656 2838 Basiliensi
674 2815 701 2837 et
716 2810 875 2844 Anglicano.

246 2844 300 2875 (85)
320 2844 358 2879 ita
374 2844 490 2871 maxima
508 2853 570 2879 pars
585 2854 649 2873 mss.
670 2845 751 2876 Editi.
766 2845 953 2879 ἀποκείμενον.

246 2878 300 2915 (84)
321 2878 367 2908 Sic
386 2878 627 2915 Regius,'Gobler.
651 2884 677 2908 et
696 2880 768 2909 Felc.
785 2880 809 2906 l.
829 2878 898 2907 Ediii
914 2887 988 2912 vero,

1045 2495 1125 2526 liensi
1142 2501 1169 2524 et
1184 2496 1289 2530 Anglic.

1081 2530 1135 2567 (85)
1155 2531 1265 2567 Regius,
1287 2531 1527 2567 €5czxo).ou00iipsv:
1545 2530 1659 2567 Seguer:
1673 2535 1699 2558 et
1713 2533 1818 2561 Gobler.

1042 2565 1311 2602 ὲξακολονθήσωμεν.
1324 2567 1406 2594 Paulo
1422 2565 1624 2602 postLRegius,
1643 2565 1756 2601 Seguer.
1771 2569 1820 2596 Ba-

1045 2601 1089 2638 sil.
1113 2601 1361 2638 Anglic,_é9spv§tv,
1387 2607 1469 2638 recte.
1492 2601 1562 2627 Editi
1586 2608 1649 2638 vero
1671 2609 1698 2630 et
1722 2605 1819 2638 αξιοι-ἰ,

1044 2636 1397 2674 Epsuvt‘bvtsgzpaltlopost,
1415 2637 1569 2674 tioblerian.
1585 2637 1633 2674 snt
1642 2638 1690 2664 τοῦ
1709 2639 1802 2674 Ἰησοῦ.

1081 2671 1136 2708 (86)
1155 2671 1260 2708 Anglic.
1279 2672 1405 2708 ὲκάοησε.
1425 2671 1534 2708 Regius,
1556 2672 1697 2708 ὲκαθέστη.
1721 2671 1779 2701 Mox
1794 2675 1818 2701 in

1045 2706 1125 2745 editis
1137 2711 1166 2745 _et
1182 2707 1208 2745 in
1219 2707 1467 2745 quibusdmnntss.
1485 2707 1592 2745 legitur,
1609 2708 1655 2733 καὶ
1668 2706 1748 2745 ἡμεῖς
1762 2709 1817 2745 μέν,

1043 2741 1160 2777 δεάνμέν
1184 2742 1259 2768 deest
1276 2742 1303 2769 in
1318 2742 1458 2769 Basiliensi
1472 2746 1498 2768 et
1512 2742 1672 2777 Anglicano.

1079 2775 1139 2813 (87)_
1155 2777 1314 2813 Basiliensis
1331 2781 1356 2804 et
1377 2777 1481 2813 Anglic.
1505 2775 1706 2813 cijv‘évaapxov
1721 2786 1818 2813 παρου-

1045 2810 1121 2860 sicut,
1131 2810 1202 2840 Infra
1213 2812 1366 2851 Goblerian.
1378 2810 1478 2841 διϊτοῦ
1491 2810 1628 2849 προφήτου
1642 2810 1733 2848 ξρησίψ
1751 2810 1821 2842 ‘Em-

1044 2853 1184 2881 στρεψατε.
