1915 3057
109 99 163 128 181

643 100 677 128 ΙΝ
697 100 811 134 ILLUD,
832 100 1003 129 PROFECTI
1022 103 1055 130 IN
1076 104 1206 132 PAGUM.

1683 110 1733 138 182

109 159 142 183 ἐν
159 157 221 188 ταῖς
242 157 330 189 θείαις
349 157 479 193 Γραφαῖς,
497 157 642 193 ἀγαπητοί.
661 158 756 192 Μέγας
769 159 842 185 ἐστὶν
858 155 902 185 οὗ-

956 160 1046 196 pullus
1067 169 1171 189 sumus.
1186 161 1328 190 Hominem
1354 161 1464 199 quippe,
1482 163 1584 191 domini
1603 165 1672 200 ejus,
1686 167 1733 202 qui

109 211 160 234 τος
171 203 186 229 6
199 202 300 234 πῶλος,
314 202 343 234 ὃς
359 203 412 238 (88)
426 204 472 230 καὶ
486 203 606 243 ἀλλαχοῦ,
622 203 728 238 λέγεται
744 214 754 230 ι
772 204 830 236 um;
844 204 908 231 νεώ-

111 256 222 283 τερος.»
238 249 294 274 Καὶ
306 249 359 284 γὰρ
372 249 386 275 6
403 249 501 282 πῶλος,
518 249 577 281 ὄνος
595 250 654 276 ἐστὶ
668 250 737 281 νέος.
753 250 846 284 Ἡμεῖς
861 248 907 277 οὖν

112 294 201 329 ἐσμεν
212 294 227 320 6
239 293 338 326 πῶλος,
349 295 487 321 τουτέστιν
498 295 515 330 ἡ
535 295 722 330 ἀνθρωπότης.
739 295 849 322 Ὄντινα
862 296 907 323 ἅν-

112 340 224 376 θρωπον
235 341 260 367 οἱ
274 341 542 375 αἰχμαλωτεύσαντες
553 341 606 376 πρὸ
612 341 706 368 τούτου
720 341 809 377 κύριοι
823 342 905 369 αὐτοῦ

113 386 174 422 (89)
202 386 300 422 ἔδησαν
324 386 432 422 δεσμοῖς
456 386 573 419 ἀλύτοις,
602 387 649 414 καὶ
675 387 788 419 ἕκαστος
815 387 903 414 αὐτῶν

113 432 233 467 δεσμοὺς
249 433 295 458 ἐπὶ
317 432 424 467 δεσμῶν
444 432 604 467 κατέδησαν,
623 433 669 459 καὶ
689 432 809 468 σφοδρῶς
824 432 904 460 αὑτὸν

113 480 313 516 ἠσφαλίσαντο,
338 480 375 512 ὡς
397 478 483 515 οἶμαι,
509 481 550 507 ὅτι
566 481 614 507 καὶ
636 481 698 511 τοὺς
721 479 803 511 πόδας
825 479 906 506 αὐτοῦ

115 527 280 563 κατέδησαν,
303 527 339 562 μὴ
355 526 557 561 συγχωροῦντες
580 526 654 562 αὐτῷ
672 526 796 562 διαϐῆναι
812 526 857 552 ἐπὶ
872 525 907 552 τὰ

115 573 224 608 βελτίω.
249 573 318 599 Ἀλλ’
343 575 356 599 6
378 574 566 610 φιλάνθρωπος
587 572 634 599 τοῦ
648 572 716 598 Θεοῦ
734 573 807 604 Υἱὸς,
830 573 845 598 ὁ
863 571 907 598 διὰ

116 618 196 644 τοῦτο
215 619 387 654 ἐπιδημήσας
406 619 472 654 (90),
498 618 602 645 κελεύει
627 619 683 649 τοῖς
709 617 841 652 μαθηταῖς
859 617 906 643 αὺ-

956 206 1032 241 prius
1052 207 1080 234 in
1095 207 1279 243 captivitatem
1301 207 1377 235 illum
1391 209 1562 244 redegerant,
1578 211 1733 238 insolubili—

955 252 1007 279 bus
1024 253 1141 281 vinculis
1158 254 1389 287 constrinxerant,
1418 263 1533 290 quorum
1561 256 1661 291 singuli
1676 256 1736 283 vin»

956 298 1016 325 cula
1036 299 1153 326 vinculis
1169 299 1336 334 adiecerant,
1354 304 1433 336 atque
1450 307 1544 336 magna
1564 302 1639 328 illum
1659 301 1736 329 solli-

956 343 1076 371 citudine
1091 345 1287 377 observabant,
1305 346 1342 373 ita
1357 349 1386 373 ut
1401 347 1481 374 etiam
1498 346 1636 381 (arbitror)
1651 347 1734 381 pedes

957 389 1016 423 ejus
1032 391 1185 425 alligarent,
1203 400 1253 420 nec
1273 392 1394 421 sinerent
1405 401 1465 421 eum
1488 393 1522 420 ad
1547 394 1658 421 meliora
1672 401 1736 428 pro-

959 435 1045 469 gredi.
1063 436 1115 463 Sed
1131 436 1217 465 Filius
1229 438 1276 466 Dei
1297 438 1436 466 hominum
1459 439 1672 471 amantissimus,
1687 439 1735 474 qui

956 481 1030 509 illius
1054 489 1137 509 causa
1153 483 1343 518 peregrinatus
1359 488 1412 516 est,
1425 483 1567 519 discipulis
1585 485 1642 512 suis
1665 492 1735 519 prte-

955 527 1023 562 cipit
1040 527 1117 555 hisce
1136 529 1228 556 verbis
1243 539 1249 556 :
1271 539 1279 555 ι
1293 529 1410 557 Profecti
1434 530 1461 557 in
1475 538 1572 566 pagum
1588 538 1604 558 e
1625 531 1735 566 regione

956 572 1050 605 situm,
1065 573 1210 601 invenietis
1236 574 1340 610 pullum
1360 576 1511 612 alligatum,
1530 577 1665 604 solventes
1687 576 1735 603 ad-

955 618 1046 646 ducite
1062 620 1127 646 mihi
1134 621 1167 646 9’.
1189 630 1198 646 ι

115 666 173 698 τοῦ,
189 667 274 692 εἰπὼν
294 667 362 702 πρὸς
380 667 490 698 αὐτούς’
520 675 529 692 ι
549 664 727 701 Πορευθέντες
754 666 792 696 εἰς
815 666 864 700 τὴν
884 666 1024 693 κατέναντι
1050 667 1155 703 κώμην,
1172 669 1300 704 εὑρήσετε
1324 669 1410 696 πῶλον
1436 670 1589 705 δεδεμένον·
1607 670 1734 701 λύσαντες

116 712 235 746 ἀγάγετέ
254 720 307 746 μοι.
329 721 337 737 ι
639 750 645 755 Ι

152 760 177 786 7.
201 760 290 787 Πολλὰ
315 758 362 787 οὖν
382 759 516 795 παρέσχεν
542 760 606 794 ἡμῖν
630 759 720 793 ἀγαθὰ
743 760 758 786 6
790 759 901 795 Κύριος,

994 759 1018 786 ’1.
1036 758 1118 786 Multa
1136 760 1228 794 itaque
1249 760 1328 787 nobis
1355 760 1425 787 bona
1448 761 1572 795 prastitit
1591 761 1733 795 Dominus,

114 806 271 842 ἀγαπητοί·
295 806 324 832 οὺ
348 806 401 841 γὰρ
427 806 504 841 μόνον
528 806 591 837 τοὺς
615 805 729 840 δεσμοὺς
752 806 828 840 ἡμῶν
853 807 902 841 τῆς

956 805 1045 832 dilecti
1060 813 1066 830 :
1083 813 1138 832 non
1150 806 1230 833 modo
1241 807 1340 841 quippe
1355 807 1551 834 solvitvincula
1561 812 1734 842 peccatorum

115 853 254 888 ἁμαρτίας
271 852 375 884 ἔλυσεν,
396 852 462 878 ἀλλὰ
476 852 522 878 καὶ
537 851 661 884 ἐξουσίαν
678 852 742 886 ἡμῖν
758 851 841 878 ἔδωκε
858 852 903 878 τοῦ

115 900 213 926 πατεῖν
222 898 313 924 ἐπάνω
321 898 407 932 ὄφεων
416 898 462 924 καὶ
474 896 611 932 σκορπίων
621 897 668 922 καί
679 897 724 922 ἐπὶ
733 897 822 924 πᾶσαν
831 896 906 923 δύνα-

117 954 164 981 μιν
187 944 233 971 τοῦ
252 943 359 980 ἐχθροῦ.
389 941 442 970 Ἦν
466 942 519 977 γὰρ
548 943 562 968 6
584 941 705 973 διάΰολος
735 942 782 968 καὶ
810 942 834 968 οἱ
860 951 905 969 κο-

116 991 302 1026 σμοκράτορες
319 990 364 1016 τοῦ
381 989 490 1021 σκότους
500 989 554 1024 (9i)
571 988 676 1020 τούτου,
692 988 816 1020 mem;
832 989 904 1024 ἡμᾶς

116 1036 314 1072 αἰχμαλώτους,
322 1036 369 1062 καὶ
379 1036 508 1071 δήσαντες
516 1035 589 1070 ἡμᾶς
597 1035 705 1070 δεσμοῖς
714 1034 830 1067 ἀλύτοις,
840 1043 905 1070 προ-

116 1084 229 1110 κόπτειν
244 1083 294 1109 οὑκ
308 1082 467 1118 ἐπέτρεπον,
485 1081 543 1107 οὐδὲ
561 1081 729 1116 συνεχώρουν
744 1080 859 1116 βαδίζειν
871 1082 903 1115 τῇ

115 1127 168 1162 ὀδῷ
182 1129 215 1162 τῇ
234 1127 338 1162 ἀγαθῇ·
352 1127 399 1152 καὶ
413 1126 473 1152 οὐδὲ
487 1125 572 1157 οὕτως
587 1125 666 1160 ἡμῶν
676 1126 823 1160 ἀφίσταντο
835 1125 902 1160 (92),

116 1174 184 1200 ἀλλὰ
199 1174 246 1200 καὶ
256 1173 412 1208 διδεμένους
424 1173 496 1207 ἡμᾶς
512 1172 669 1207 ἐσχηκότες,
687 1171 766 1198 πάλιν
779 1171 904 1207 περιεκά-

116 1220 209 1256 θηντο,
227 1219 296 1255 ὠμοί
309 1227 383 1250 τινες
397 1218 472 1249 ὄντες
486 1218 531 1244 καὶ
543 1218 633 1253 ἄγριοι
647 1217 784 1244 δεσπόται.
808 1217 877 1243 Ἀλλ’
889 1218 904 1243 ὁ

115 1266 219 1300 Κύριος
235 1266 281 1291 καὶ
294 1265 388 1300 Σωτὴρ
402 1264 481 1299 ἡμῶν
498 1263 602 1299 Ἰησοῦς
617 1263 732 1300 Χριστὸς
751 1263 903 1298 ἐπεδήμησε

117 1311 174 1346 (95)
192 1311 309 1347 κηρύξαι
326 1309 506 1346 αἰχμαλώτοις
529 1309 635 1343 ἄφεσιν,
660 1310 705 1335 καὶ
718 1309 826 1343 τυφλοῖς
840 1309 904 1335 ἀνά-

115 1358 220 1392 6).εψιν.
263 1357 371 1392 Ἀμέλει
394 1355 551 1383 ἀποστέλλει
574 1355 636 1387 τοὺς
664 1355 785 1391 μαθητὰς
810 1355 902 1386 αὑτοῦ,

116 1403 162 1429 καὶ
175 1403 267 1429 λύουσι
279 1402 325 1429 τὸν
340 1401 437 1429 πῶλον.
455 1400 521 1428 Εἶτα
537 1401 619 1432 λύσας
633 1401 723 1432 αὑτὸν,
742 1401 788 1427 καὶ
801 1401 903 1435 φάτνην

115 1449 251 1484 οἰκοδομεῖ
276 1447 360 1483 αὐτῷ,
385 1448 431 1474 καὶ
453 1446 538 1482 νομὴν
558 1446 706 1481 ἐτοιμάζει.
734 1446 820 1472 Τοῦτο
848 1446 901 1481 (94)

956 855 1130 884 nostrorum;
1146 852 1193 879 sed
1215 852 1297 879 etiam
1314 856 1473 887 potestatem
1496 854 1575 881 nobis
1590 853 1664 881 dedit
1678 855 1734 881 cal-

955 898 1034 925 eandi
1049 905 1132 933 supra
1149 902 1289 933 serpentes
1308 903 1334 925 et
1349 899 1516 934 scorpiones,
1538 903 1564 926 et
1580 907 1661 935 supra
1677 908 1736 927 om-

954 951 1016 971 nem
1034 944 1161 971 virtutem
1182 944 1297 971 inimici.
1315 943 1380 970 Erat
1396 945 1467 971 enim
1482 945 1605 973 diabolus
1618 949 1645 972 et
1659 946 1734 981 prin—

955 990 1029 1025 cipes
1044 990 1141 1017 mundi
1161 991 1335 1017 tenebrarum
1351 991 1459 1022 harum,
1478 991 1524 1026 qui
1540 999 1591 1019 nos
1612 992 1734 1026 captivos

954 1035 1085 1070 fecerant,
1103 1037 1318 1072 colligarantque
1339 1037 1530 1065 insolubilibus
1545 1038 1670 1069 vinculis,
1685 1046 1734 1064 nec

954 1083 1080 1110 sinebant
1100 1083 1248 1118 procedere
1267 1087 1312 1110 aut
1337 1083 1364 1110 in
1381 1083 1422 1110 \ia
1441 1084 1509 1111 bona
1532 1083 1668 1119 progredi.
1683 1083 1731 1110 Ne-

954 1137 1007 1164 que
1022 1135 1113 1157 tamen
1127 1137 1143 1156 a
1167 1130 1248 1157 nobis
1270 1130 1322 1157 hoc
1336 1130 1362 1157 in
1388 1134 1461 1157 statu
1486 1131 1583 1166 positis
1605 1130 1736 1158 abscede-

954 1176 1033 1208 bant;
1051 1183 1145 1202 verum
1160 1176 1188 1202 in
1206 1175 1323 1203 vinculis
1345 1183 1395 1203 nos
1410 1175 1563 1203 detinentes
1587 1175 1660 1202 circa
1685 1183 1735 1203 nos

954 1221 1093 1253 sedebant.
1110 1221 1235 1248 crudeles
1252 1229 1318 1248 sane
1331 1225 1357 1248 et
1372 1220 1476 1248 ell‘erati
1489 1220 1602 1248 domini.
1617 1220 1669 1247 Sed
1684 1219 1736 1245 Do-

954 1267 1045 1295 minus
1067 1271 1094 1295 et
1109 1266 1235 1294 Salvator
1258 1271 1352 1295 noster
1373 1267 1452 1295 Jesus
1474 1267 1599 1294 Christus
1616 1267 1736 1302 peregri-

954 1317 1034 1340 natus
1053 1316 1097 1339 est
1114 1316 1143 1339 ut
1164 1312 1322 1347 praedicaret
1343 1312 1458 1347 captivis
1485 1311 1683 1342 dimissionem,
1707 1315 1735 1338 et

954 1357 1032 1384 caecis
1046 1357 1122 1384 visus
1142 1357 1355 1384 restitutionem.
1375 1358 1478 1384 Revera
1500 1356 1650 1392 discipulos
1670 1364 1736 1383 suos

954 1402 1048 1434 mittit,
1061 1403 1108 1438 qui
1123 1403 1227 1438 pullum
1244 1403 1365 1430 solvunt.
1381 1402 1484 1429 Dehinc
1495 1402 1584 1429 soluto
1599 1402 1656 1432 illo,
1668 1409 1736 1436 prte-

956 1456 1019 1484 scpc
1028 1448 1155 1479 aediﬁcat,
1167 1452 1194 1475 et
1205 1449 1334 1484 pabulum
1354 1452 1441 1483 parat.
1456 1447 1512 1474 Hoc
1527 1455 1588 1474 cum
1599 1447 1734 1482 Propheta

116 1494 171 1530 γὰρ
183 1495 197 1520 6
217 1494 363 1529 Προφήτης
383 1492 542 1528 βουλόμενος
559 1491 653 1525 δεῖξαι,
672 1491 754 1526 φησι·
773 1501 782 1516 ι
803 1491 902 1526 Κύριος

956 1491 1094 1518 declarare
1109 1492 1198 1524 vellet,
1213 1492 1250 1519 ait
1264 1501 1270 1519 :
1285 1502 1294 1518 ι
1312 1491 1443 1518 Dominus
1457 1491 1544 1526 pascit
1558 1499 1609 1524 me,
1626 1495 1652 1518 et
1667 1491 1733 1518 nihil

116 1539 254 1574 ’ποιμαίνει
281 1547 325 1574 με,
350 1538 397 1564 καὶ
416 1537 490 1564 οὐδέν
519 1546 552 1572 με
579 1537 733 1572 ὑστερήσει,
757 1538 796 1568 εἰς
821 1537 902 1563 τόπον

115 1585 208 1621 χλόης,
226 1586 282 1611 ἐκεῖ
300 1593 333 1619 με
353 1584 568 1618 κατεσκήνωσεν.
590 1582 650 1608 Ἑπὶ
665 1581 760 1613 ὓδατος
780 1582 902 1609 ἀναπαύ-

117 1640 187 1662 σεως
205 1630 332 1666 ἐξέθρεψέ
356 1639 389 1665 με
407 1630 473 1665 (95),
489 1629 537 1665 τὴν
551 1629 639 1664 ψυχήν
657 1637 706 1664 μου
723 1628 869 1664 ἐπέτρεψε·
891 1639 899 1654 ι

116 1677 166 1704 καὶ
179 1676 258 1703 πάλιν
268 1685 275 1691 ·
289 1686 297 1701 ι
315 1677 344 1702 ’0
359 1674 540 1708 ἐξανατέλλων
553 1674 648 1710 χόρτον
657 1675 713 1705 τοῖς
723 1674 843 1709 κτήνεσι,
856 1673 903 1700 καὶ

116 1723 199 1758 χλόην
215 1724 248 1758 τῇ
263 1722 369 1757 δουλείᾳ
385 1721 439 1748 τῶν
459 1720 617 1756 ἀνθρώπων.
641 1729 650 1745 ι
674 1719 842 1755 Στραφέντες
857 1717 902 1746 οὖν

115 1769 208 1796 λοιπὸν
226 1768 280 1803 (96)
297 1766 515 1803 εὐαισθητότεροι
536 1765 690 1801 γενοίμεθα,
714 1766 761 1792 καὶ
782 1766 902 1800 ἀναγνω-

116 1816 238 1852 ρίσωμεν
258 1814 304 1840 τὸν
320 1813 475 1848 εὐεργέτην,
499 1813 546 1839 καὶ
561 1812 594 1838 τὰ
608 1811 653 1838 ὑπ’
670 1811 751 1838 αὑτοῦ
776 1811 903 1845 δεδομένα

112 1862 182 1896 ἡμῖν
197 1859 285 1894 ἀγαθὰ
302 1859 448 1895 προθύμως
469 1858 618 1893 δεξώμεθα.
645 1857 722 1884 Οὕτω
745 1858 798 1893 γὰρ
823 1858 903 1892 εὐχα-

115 1906 272 1945 ριστοῦντες
286 1905 422 1941 δυνάμεθα
438 1905 526 1939 λέγειν
540 1906 588 1931 σὺν
603 1904 641 1940 τῷ
661 1905 756 1931 Δαδίδ’
783 1914 792 1930 ‹
817 1905 904 1931 Ἠτοί-

115 1962 208 1989 μᾳσας
221 1952 336 1979 ἐνώπιόν
357 1960 407 1987 μου
420 1951 557 1987 τράπεζαν
570 1951 723 1984 ἐξεναντίας
735 1951 788 1977 τῶν
800 1952 902 1978 θλιϐόν-

113 2009 170 2026 των
196 2008 240 2034 με.
260 2009 269 2025 ι
282 1998 407 2025 Τοιοῦτον
429 1998 482 2033 γάρ
496 1999 553 2024 ἐστι
575 1998 616 2027 τὸ,
633 2007 641 2023 ι
658 1998 748 2032 Ἔγνω
772 1998 834 2032 βοῦς
858 1998 902 2024 τὸν

113 2044 298 2080 κτησάμενον,
313 2043 358 2070 καὶ
371 2043 429 2074 τινος
439 2042 486 2078 τὴν
499 2042 601 2077 φάτνην
614 2041 661 2068 τοῦ
677 2042 771 2077 κυρίου
783 2041 874 2068 αὑτοῦ.
892 2052 900 2067 ι

114 2090 171 2118 Καὶ
183 2089 254 2124 τάχα
269 2089 312 2116 διὰ
327 2087 420 2115 τοῦτον
431 2089 476 2115 τὸν
493 2087 581 2118 πῶλον
594 2090 608 2114 ὁ
624 2087 726 2123 Ἰησοῦς
742 2087 790 2114 ἐπὶ
802 2088 902 2123 φάτνης

115 2136 298 2165 ἀνακλίνεται.
324 2133 396 2170 ’Δρα
414 2135 467 2171 γὰρ
485 2134 566 2162 τόπον
590 2134 640 2161 οὐκ
663 2132 734 2169 εῖχεν
755 2134 769 2160 6
793 2133 900 2169 Ἰωσὴφ,

115 2183 185 2218 ἀνὴρ
202 2181 315 2216 εὐγενὴς
340 2181 478 2216 ὑπάρχων,
497 2181 547 2208 καὶ
572 2180 625 2206 ἀπὸ
648 2180 741 2214 γένους
759 2179 899 2214 βασιλικοῦ

115 2228 318 2263 καταγόμενος,
344 2227 400 2258 υίὸς
426 2226 507 2253 Δαὸὶδ
528 2226 721 2261 χρηματίζωνς
747 2225 802 2252 Καὶ
821 2226 900 2251 τόπον

116 2274 164 2300 οὐκ
176 2272 250 2308 εἶχεν
263 2274 287 2299 εἰ
304 2273 340 2308 μὴ
352 2273 382 2299 τὸ
395 2271 554 2307 κατάλυμα;
568 2271 664 2302 Ἀλλος
677 2271 725 2306 οὐχ
741 2271 847 2306 ὑπῆρχε
862 2271 902 2296 τὸ·

118 2328 182 2353 πος;
199 2320 235 2346 Ἦ
250 2319 369 2354 δηλονότι
391 2319 541 2355 πράγματα
566 2317 624 2346 θεῖα
646 2315 679 2352 ἧν
695 2317 730 2344 τὰ
745 2316 901 2352 οἰκονομού-

100 2391 103 2401 ²
150 2395 290 2458 ';0Matth.
308 2404 370 2429 im,
385 2395 413 2422 2.
451 2396 474 2411 "
492 2394 565 2423 Psal.
584 2403 652 2427 xm,
670 2394 731 2422 2-5.

115 2441 138 2458 Ι.
198 2451 205 2458 ι

115 2441 138 2462 Ι.
158 2441 205 2458 Ζυ.

103 2484 107 2504 i
153 2477 208 2512 (88)
229 2476 267 2503 lta
284 2476 383 2511 Regius
400 2480 426 2512 et
441 2474 754 2512 Seguer.rrccte.‘_Editi,
768 2473 900 2512 ᾠςχΡου-

116 2513 143 2549 l_o
156 2509 220 2549 post
235 2516 297 2538 ante
311 2509 391 2549 ἡμεῖς
408 2509 565 2549 ιθςὶιιιι-καί
582 2511 609 2549 in
628 2509 721 2549 editis,
734 2510 785 2549 sed
799 2509 902 2549 abest}

117 2544 212 2583 Regio,
224 2551 252 2583 et
264 2544 496 2583 superﬂuum'est.
510 2545 577 2583 lbid.
590 2544 656 2583 Reg.
672 2549 698 2583 et
708 2544 814 2583 Anglic.
826 2545 902 2583 6}ch-

117 2580 171 2615 λοςξ
194 2582 242 2609 καὶ
265 2580 307 2608 ἂν
322 2581 445 2616 λέγωμεν
473 2581 562 2616 ἡμεῖς,
588 2581 661 2616 πᾶσα
681 2581 698 2616 ἠ
725 2580 903 2616 ᾴνθρωπότης

117 2614 188 2648 ἐστὶ,
206 2618 298 2644 ὅντινα
311 2614 462 2651 ἄνθρωπον.
479 2614 587 2643 Cohler.
604 2619 631 2651 et
640 2614 713 2651 Felc.
731 2614 757 2646 1,
772 2622 841 2651 quos
856 2614 901 2641 se-

118 2654 239 2688 quimur,
255 2655 285 2678 ut
300 2652 326 2678 in
344 2649 430 2678 textu.
441 2650 510 2677 Editi
527 2658 601 2681 vero,
619 2650 633 2675 6
649 2649 747 2686 πῶλος,
764 2649 901 2675 τουτέστιν

118 2689 135 2711 ἢ
151 2686 339 2711 mamentis-nc.
363 2686 426 2711 Ἐὰν
445 2686 473 2711 δὲ
491 2685 613 2711 λέγωμεν
631 2686 720 2711 ἡμεῖς.
735 2686 809 2711 πᾶσα
824 2685 839 2711 ἡ
857 2685 901 2710 ἀν-

128 2685 134 2688 ’
151 2687 200 2715 ἀνθ
221 2686 339 2721 ωπότης.
363 2686 426 2713 Ἐὰν
445 2686 473 2712 δέ
491 2685 613 2720 λέγωμεν
631 2685 720 2720 ἡμεῖς,
735 2686 809 2711 πᾶσα
824 2685 839 2719 ἡ
857 2685 903 2710 ἀν-

118 2689 343 2761 θρωττξιῃςιὲστίυ
360 2721 462 2761 ᾅντιναὲ
474 2725 529 2761 etc.
546 2720 656 2761 Regius,
677 2720 738 2760 ςΕὰν
751 2719 778 2745 δὲ
793 2719 886 2761 λέγω..

156 2753 329 2793 (δίη-’Κύριοι
341 2755 523 2793 αὐτοίηξξίιίιί,
537 2755 630 2793 αὑτοῦ,
647 2754 738 2793 minus
754 2758 836 2793 recte.
850 2753 902 2793 lbi-

122 2788 384 2826 dein,'Basiliensisf-,
410 2791 549 2826 ἐξέδοσαν.
572 2790 644 2826 Mox.
674 2789 784 2826 Regius,
802 2788 900 2823 δεσμὸν

126 2828 170 2854 ιπῑ
180 2821 289 2862 δεσμόν.
303 2824 409 2861 Anglic.
427 2821 522 2860 esset)»
535 2825 580 2852 ἐπι
595 2825 703 2860 δεσμοῦ.

779 2394 803 2410 ³³
822 2394 893 2422 Psal.
911 2401 969 2427 cur,
987 2393 1029 2422 Η.

954 1537 1019 1564 mihi
1037 1537 1133 1569 deerit,
1152 1538 1178 1565 in
1195 1538 1256 1565 loco
1272 1545 1380 1572 pascua:
1396 1538 1432 1565 ibi
1458 1545 1500 1565 me
1514 1537 1666 1565 collocavit.
1684 1537 1735 1564 Su-

953 1590 1001 1617 per
1016 1590 1112 1617 aquam
1128 1583 1285 1611 refectionis
1299 1582 1425 1611 educavit
1443 1591 1495 1616 me,
1511 1584 1629 1610 animam
1647 1591 1733 1610 meam

953 1629 1133 1661 convertit“;
1151 1639 1159 1655 ι
1177 1633 1205 1656 et
1221 1637 1330 1658 rursum
1344 1639 1350 1656 :
1371 1639 1380 1655 ι
1396 1629 1446 1662 Qui
1466 1630 1591 1664 producit
1604 1629 1734 1664 jumentis

953 1675 1057 1707 fenum.
1068 1679 1095 1702 et
1105 1675 1217 1702 herbam
1235 1676 1358 1703 servituti
1376 1676 1515 1704 hominum
1523 1676 1556 1703 ".
1579 1686 1588 1702 ι
1603 1676 1736 1704 Conversi

953 1720 1037 1755 igitur
1050 1721 1177 1756 deinceps
1191 1721 1380 1749 sensibiliores
1393 1722 1550 1755 reddamur,
1563 1727 1590 1750 et
1600 1729 1734 1758 agnosca-

953 1775 1014 1794 mus
1030 1766 1242 1798 beuel‘actorem,
1260 1770 1287 1794 et
1308 1767 1378 1794 bona
1399 1767 1498 1802 quibus
1516 1767 1550 1794 ab
1574 1767 1634 1802 ipso
1650 1767 1736 1795 dona-

953 1820 1015 1839 mur
1041 1812 1166 1839 alacriter
1180 1811 1355 1846 accipiamus.
1373 1811 1410 1839 Ita
1423 1812 1495 1839 enim
1508 1812 1609 1847 gratias
1624 1816 1735 1847 agentes

953 1866 1099 1892 possumus
1122 1866 1183 1886 cum
1205 1858 1305 1885 Davide
1330 1858 1444 1886 dicere:
1463 1867 1472 1883 ι
1494 1857 1599 1886 Parasti
1617 1859 1644 1885 in
1668 1866 1734 1886 con-

954 1909 1048 1939 spcclu
1073 1912 1133 1932 meo
1158 1912 1279 1932 mensam
1306 1904 1436 1933 adversus
1461 1913 1509 1933 eos
1531 1905 1577 1940 qui
1603 1904 1734 1931 tribulant

953 1958 996 1978 me
1005 1951 1037 1977 ‘°.
1055 1960 1064 1976 ι
1077 1950 1142 1977 Tale
1159 1951 1258 1985 quippe
1270 1953 1312 1977 est
1328 1950 1395 1977 illud
1412 1961 1418 1977 :
1438 1960 1448 1976 ι
1464 1949 1596 1986 Cognovit
1610 1951 1659 1978 bos
1675 1959 1737 1984 pos-

953 2003 1088 2024 sessorem
1105 1995 1197 2028 suum,
1213 2000 1239 2023 et
1259 1996 1354 2024 asinus
1367 2004 1487 2032 praesepe
1503 1996 1605 2024 domini
1619 1997 1701 2024 sui”.
1722 2006 1731 2022 ι

954 2043 986 2069 Et
1004 2042 1130 2069 fortassis
1144 2041 1179 2068 ob
1190 2042 1272 2069 istum
1287 2043 1390 2076 pullum
1409 2042 1542 2070 Dominus
1559 2042 1586 2069 in
1602 2042 1734 2077 prmsepio

953 2088 1337 2123 reclinatur.AnnonJoscph
1362 2089 1450 2115 locum
1473 2088 1608 2119 habuerit,
1630 2089 1671 2115 vir
1690 2088 1735 2121 il_lc

955 2134 1064 2166 nobilis,
1082 2137 1109 2162 et
1122 2142 1155 2162 ex
1169 2135 1242 2169 regia
1256 2135 1340 2171 stirpe
1356 2135 1497 2166 oriundus,
1507 2135 1553 2170 qui
1566 2135 1636 2161 (ilius
1650 2134 1734 2161 David

954 2179 1178 2215 nuncupatur”?
1194 2181 1234 2207 An
1252 2181 1340 2208 locum
1358 2181 1440 2208 alium
1464 2188 1517 2208 non
1532 2180 1637 2212 habuit,
1653 2187 1734 2214 quam

955 2225 1156 2253 diversorium?
1173 2226 1300 2254 nullusne
1324 2222 1399 2254 alius.
1419 2225 1469 2252 fuit
1491 2226 1583 2252 locus?
1601 2224 1733 2251 Nimirum

954 2278 1018 2298 vere
1032 2271 1124 2298 divina
1139 2271 1184 2298 hic
1199 2272 1306 2308 negotia
1324 2275 1465 2307 geruntur.
1483 2270 1552 2298 Sane
1567 2271 1623 2306 jam
1637 2271 1734 2297 iterum

956 2316 1129 2344 adversarius
1143 2317 1202 2357 θοι
1213 2321 1310 2350 ιιοδιειτ
1323 2317 1458 2349 diabolus,
1471 2323 1586 2343 cernens
1601 2323 1646 2342 res
1656 2314 1735 2350 ‘benc

1078 2394 1101 2410 "
1118 2393 1191 2422 Psal.
1209 2402 1275 2427 xxu,
1298 2395 1324 2422 5.
1376 2395 1398 2410 ’⁷
1419 2393 1468 2421 lsa.
1489 2401 1514 2425 ι,
1533 2393 1559 2421 5.
1597 2394 1619 2409 ⁹⁸
1638 2393 1732 2423 Matth.

989 2477 1045 2583 (9οξ
1066 2476 1233 2506 Basiliensis.
1247 2477 1440 2513 ἐπιδρομήσας.

989 2513 1029 2546 (91
1063 2511 1136 2545 Haec,
1151 2513 1198 2543 τοῦ
1216 2513 1336 2543 σκότους,
1349 2512 1440 2540 desum

990 2547 1034 2582 (92
1064 2547 1176 2583 Regius,
1201 2547 1279 2583 ἡμῶν
1304 2547 1440 2582 ἀφίσταντι

988 2511 1043 2546 (91)
1063 2511 1136 2545 Haec,
1151 2513 1198 2543 τοῦ
1216 2511 1447 2543 σκότουςίᾱυειιηι
1467 2514 1493 2540 in
1511 2513 1663 2542 Rasiliensi.

954 2547 1176 2615 ὲφὲξῖἓὶνξὶξεὶυδ,
1201 2547 1279 2583 ἡμῶν
1304 2547 1459 2582 ἀφίσταντο,
1482 2549 1551 2576 Editi
1567 2558 1641 2581 vero,
1659 2549 1734 2584 ἡμῶν

990 2617 1045 2652 (95)
1066 2617 1178 2653 Regius,
1203 2617 1395 2653 ἐπιδεδήμηκε.
1425 2618 1596 2651 Basiliensis,
1626 2618 1734 2655 ἐπεδρά-

955 2660 1048 2758 μηδλέ
1067 2687 1105 2714 lta
1119 2687 1228 2722 Regius.
1246 2687 1315 2714 Editi
1336 2696 1411 2719 vero,
1426 2689 1507 2716 οὕτω.

991 2722 1037 2756 (95
1067 2723 1108 2758 Me
1132 2722 1208 2758 deest
1231 2722 1364 2754 inﬂasil.
1390 2728 1416 2751 et
1440 2725 1507 2758 Angl

991 2722 1108 2760 (95)_Me
1132 2722 1208 2760 deest
1231 2722 1364 2754 iu,Basil.
1390 2728 1416 2751 et
1440 2725 1545 2760 Anglic.
1575 2724 1649 2758 Mox,
1667 2724 1732 2760 Reg.

954 2757 1042 2787 solus,
1060 2757 1220 2792 ἐπέστρεψε.

991 2792 1047 2821 (96')
1066 2793 1169 2820 Λοιπόν
1180 2794 1255 2822 deest
1272 2793 1298 2821 in
1312 2793 1417 2822 Gobler.
1436 2799 1462 2823 et
1480 2793 1542 2822 Fele
1571 2794 1594 2821 ι.
