1915 3057
203 135 258 164 183

204 198 295 229 gestas
309 197 336 221 tn
352 194 465 229 gratiam
483 194 593 221 humani
611 194 727 229 generis.
742 194 776 222 de
790 202 865 222 more
879 193 981 221 invidet
995 196 1017 224 Α

204 240 256 274 ipsi
273 244 287 267 :‘
298 244 373 267 ratus
391 241 462 267 enim
481 248 496 267 e
511 241 591 275 vulgo
609 241 727 275 aliquem
752 247 813 268 esse
829 240 982 271 dominum,

204 284 338 312 Herodem
354 284 480 316 adornat,
504 285 551 319 qui
575 289 671 311 natum
689 292 785 312 verum
808 283 907 319 Regem
927 291 989 319 per-

203 331 359 365 vestigaret,
386 330 529 365 ut~ipsum
554 330 690 365 perderet.
718 329 862 365 Proprium
887 330 989 365 quippe

204 376 392 404 scelestissimi
411 380 438 404 et
461 376 558 404 nefarii
575 377 649 404 illius
671 380 715 404 est
737 377 849 412 perdere
863 381 890 403 et
915 377 988 403 occi-

204 422 269 450 dere
285 432 291 449 :
307 421 371 450 Jesu
387 430 452 450 vero
470 423 609 457 proprium
626 427 667 450 est
681 431 791 450 servare
803 427 884 457 atque
901 423 986 455 tueri;

204 476 269 495 suas
283 469 383 502 quippe
403 469 550 495 misi-ratur
571 473 722 500 creaturas,
740 469 874 503 siquidem
895 469 987 494 omnia

203 521 252 548 per
272 513 360 546 ipsmu
373 514 443 540 facta
458 518 532 541 sunt.
550 514 710 546 Qumramus
726 514 808 549 igitur
823 521 916 541 verum
934 513 987 541 Re-

203 567 262 594 gem
280 559 425 586 Dominum
443 565 568 586 nostrum
587 559 680 587 Jesum
700 559 841 587 Christum
859 568 864 584 :
881 567 986 594 nosque

203 606 277 640 ipsos
288 606 486 638 examinemus,
501 615 566 634 num
582 607 670 634 soluta
686 607 742 637 sint
758 607 866 635 vincula
881 611 984 635 nostra.

203 652 280 684 Quod
298 652 320 679 si
336 653 424 680 soluta
439 657 512 684 sunt,
524 654 550 680 in
562 653 660 682 melius
672 653 845 688 proﬁciamus
858 661 864 679 :
876 653 901 681 si
917 661 985 681 non-

204 699 268 724 dum
284 698 372 726 soluta
386 703 450 726 sunt
463 700 571 726 vincula
587 703 644 731 tua,
660 699 738 727 trade
756 700 872 733 teipsum
902 699 985 727 disci-

204 745 277 779 pulis
290 744 365 772 Jesu.
382 745 488 773 Adsunt
505 746 577 772 enim
593 746 639 781 qui
666 754 715 774 nos
733 746 850 777 solvant,
873 750 984 781 accepta

204 797 236 816 ea
249 797 264 816 a
277 789 419 817 Salvatore
435 794 585 824 potestate:
606 801 615 816 «
631 790 820 826 Quodcunque
836 790 985 825 ligaveritis

205 843 288 870 super
300 840 401 863 terram
419 836 470 863 erit
486 836 597 871 ligatum
614 841 641 864 et
656 837 683 863 in
697 837 786 869 caelis,
800 840 828 864 et
842 836 984 871 quodcun-

205 889 258 914 que
273 881 410 909 solveritis
423 889 505 916 super
524 885 625 908 terram
639 882 693 908 erit
706 882 827 909 solutum
841 886 869 910 et
881 882 909 908 in
928 889 984 909 caa-
1000 874 1021 901 Β

206 926 285 958 lis";
301 936 311 952 ι
324 930 351 954 et
366 936 372 953 :
389 935 398 952 ι
412 926 534 959 Quorum
546 927 706 955 remiseritis
717 931 827 961 peccata
843 928 986 955 remittunt-

205 975 251 997 tur
259 970 299 998 eis
308 970 410 1006 '.jBeati
423 981 432 997 ι
443 971 525 1006 igitur
535 979 667 1006 (quorum
680 971 801 1000 remissae
811 976 875 1000 sunt
884 972 985 1007 iniqui-

206 1021 276 1044 tates
291 1020 317 1044 et
331 1024 448 1052 quorum
459 1021 529 1044 tecta
548 1022 611 1044 sunt
627 1019 764 1052 peccata'.
781 1028 791 1044 ι

242 1192 268 1220 8.
283 1191 415 1219 Dixerunt
431 1192 514 1228 igitur
531 1192 633 1219 domini
650 1192 714 1227 pulli
733 1192 806 1220 illius
825 1193 859 1220 ad
870 1193 989 1228 discipu-

207 1238 266 1265 los:
283 1247 292 1263 ι
311 1237 367 1264 Cur
392 1238 497 1266 solvitis
513 1239 639 1273 pullum?
659 1248 668 1265 ι
691 1238 902 1274 Responderunt
925 1239 963 1266 illi
979 1249 986 1267 :

209 1291 219 1308 ι
231 1281 299 1315 Quia
314 1281 445 1310 Dominus
455 1283 502 1310 illo
513 1290 582 1318 opus
594 1283 676 1311 habet
684 1283 705 1311 ³.
721 1293 730 1310 ι
741 1282 824 1312 Vides
836 1284 988 1319 sapientem

208 1328 405 1362 discipulorum
424 1329 630 1362 responsionem
646 1338 652 1356 :
667 1329 811 1357 audientes
832 1330 904 1357 enim
928 1329 988 1358 falsi

207 1374 309 1400 domini
322 1374 402 1402 istius
425 1375 503 1410 pulli,
521 1375 593 1410 quod
613 1383 695 1402 verus
722 1375 853 1402 Dominus
869 1383 902 1403 eo
920 1383 989 1410 opus

209 1418 330 1450 haberet,
345 1419 413 1446 nihil
427 1420 549 1447 secundo
568 1424 716 1455 reponunt;
729 1420 777 1448 sed
792 1425 866 1456 terga
881 1420 988 1454 dantes,

207 1462 274 1489 nihil
299 1463 370 1490 ultra
387 1471 538 1499 repugnare
561 1465 672 1493 audent.
688 1465 784 1493 Statim
804 1465 896 1501 itaque
912 1467 990 1494 festi-

206 1513 273 1536 nant
287 1509 320 1537 ad
336 1510 484 1546 principem
503 1519 582 1539 suum
607 1511 756 1545 diabolum,
777 1512 821 1539 cui
838 1520 898 1547 qua:
915 1517 990 1548 gesta

206 1558 297 1583 essent
323 1555 490 1583 renuntiant.
514 1557 602 1591 Atque
628 1557 673 1584 hic
695 1557 771 1589 mihi,
798 1565 901 1592 quaeso,
927 1553 1023 1585 videC

206 1601 349 1629 consilium
375 1605 402 1629 et
436 1601 657 1630 deliberationem
682 1602 813 1631 adversus
834 1603 988 1631 Dominum.

205 1646 348 1682 Coguntur
366 1647 404 1675 ibi
424 1649 558 1676 universa:
579 1649 741 1676 adversaria}
764 1653 923 1684 potestates,
935 1649 991 1677 elli—

207 1691 331 1727 citurque
341 1693 455 1720 ecclesia
467 1693 683 1728 malignantium,
707 1698 737 1721 ut
748 1695 905 1728 impleretur
917 1694 990 1730 quod

207 1737 309 1764 dictum
322 1742 365 1765 est
379 1745 426 1774 per
437 1737 598 1773 Prophetam
611 1747 617 1764 :
630 1749 639 1764 ι
650 1738 800 1766 Astiterunt
815 1747 892 1775 reges
899 1745 987 1772 terrae.

207 1787 234 1810 et
246 1783 383 1818 principes
395 1789 581 1812 convenerunt
596 1785 623 1812 in
639 1793 736 1817 unum,
748 1786 880 1814 adversus
896 1786 989 1813 Domi-

207 1836 272 1855 num
288 1832 315 1856 et
327 1829 458 1857 adversus
473 1829 611 1857 Christum
622 1830 711 1864 ejus‘.
729 1841 739 1857 ι
757 1830 854 1858 Dicunt
870 1832 940 1858 enim
955 1830 989 1858 ad

208 1875 346 1902 diabolum
371 1875 468 1903 nefarii
489 1876 625 1904 daemones
640 1886 646 1903 :
663 1876 732 1909 Quid
752 1876 885 1904 facimus?
899 1877 989 1912 pullus

209 1920 315 1947 solutus
329 1924 382 1952 est,
397 1921 462 1948 abiit
475 1921 509 1948 ad
524 1920 666 1948 Dominum
681 1929 782 1956 suum;
800 1929 854 1949 non
864 1922 920 1956 jam
937 1922 989 1950 sub

208 1973 291 1993 manu
308 1969 355 1993 tua
375 1969 428 1998 est,
444 1973 496 1993 nec
516 1965 586 1994 ultra
605 1966 644 1994 illi
665 1966 825 1995 dominaris.
846 1966 989 2002 Cogitabat

208 2011 307 2039 deinde
321 2011 404 2038 miser
427 2011 563 2044 diabolus,
581 2012 646 2046 quid
659 2018 754 2040 contra
775 2012 868 2040 Jesum
881 2013 989 2040 molire-

207 2062 264 2086 tur.
283 2057 360 2084 Tunc
375 2062 561 2085 convenerunt
585 2057 682 2086 scribae
697 2062 725 2086 et
745 2058 874 2086 Pharisaei
890 2059 918 2085 in
940 2066 989 2086 au-

207 2103 260 2130 lam
275 2101 395 2138 Caiphae,
410 2108 437 2130 et
450 2103 594 2130 consilium
610 2103 729 2131 inierunt
740 2104 871 2132 adversus
883 2104 987 2137 Jesum,

208 2147 345 2183 quomodo
366 2156 427 2176 eum
447 2149 600 2183 perderent.
617 2148 780 2184 Ignorabant
795 2151 868 2177 enim
883 2150 986 2183 miseri,

207 2194 268 2229 ejus
291 2197 406 2222 mortem
438 2194 667 2222 immortalitatem
693 2196 772 2223 nobis
796 2195 954 2232 largituram
979 2206 986 2223 :

207 2241 322 2275 ejusque
333 2240 506 2272 descensum,
515 2248 658 2268 ascensum
672 2242 752 2269 nobis
765 2242 791 2269 in
807 2243 906 2269 cmlum
920 2251 988 2270 con-

207 2285 326 2313 ciliasse.
335 2284 494 2313 Resurrexit
505 2286 578 2313 enim
592 2285 724 2314 Dominus
737 2288 817 2314 tertia
835 2287 903 2315 diea
913 2295 988 2315 nor-

209 2333 273 2363 tuis,
284 2332 400 2367 spoliato
408 2331 525 2365 inferno,
538 2333 642 2360 calcato
652 2333 772 2366 inimico,
787 2335 877 2362 soluta
888 2338 985 2367 morte,

208 2377 302 2405 fractis
326 2383 509 2412 peccatorum,
531 2379 630 2414 quibus
654 2379 824 2413 tenebamur,
850 2380 985 2408 vinculis:

242 2475 266 2492 ”
285 2475 378 2503 Matth.
395 2485 450 2508 xvt,
468 2477 518 2511 l9;
534 2485 611 2510 xvut,
627 2477 670 2505 l8.
712 2477 720 2493 ι
740 2476 818 2506 Joan.
837 2486 890 2512 xx,
904 2478 949 2506 25.

243 2567 299 2602 (97)
319 2567 402 2593 Πάλιν
427 2567 502 2602 deest
518 2567 544 2594 in
561 2566 670 2594 Gobler.
681 2571 708 2594 et
724 2565 797 2594 Felc.
810 2567 835 2593 ι.
851 2566 918 2594 Ibid.
931 2568 988 2593 An-

207 2603 270 2638 glic.
290 2602 323 2638 ἀν
340 2610 438 2638 τινωνη
457 2601 533 2638 lliid._
545 2602 689 2638 τοιγαροῦν
721 2602 798 2629 deest
819 2602 845 2628 in
865 2601 943 2629 Gobl.
959 2605 986 2628 et

207 2637 280 2664 Felc.
297 2637 322 2663 l.
343 2636 414 2668 Mox,
432 2637 495 2672 Reg.
515 2634 553 2664 ὧν
566 2634 701 2672 aestimat
714 2637 751 2664 αἱ.

244 2672 299 2708 (98)
325 2670 530 2708 Ἀποκριθέντες
552 2670 633 2708 deest
646 2673 673 2699 in
693 2672 798 2707 Anglic.
822 2670 931 2699 Gobler.
958 2675 986 2698 et

209 2709 283 2742 telo,
299 2709 325 2738 l,
343 2711 370 2734 et
383 2715 446 2734 mox
459 2707 487 2742 iu
501 2708 607 2739 iisdem,
622 2707 686 2742 ἔχει.

244 2741 299 2775 (99)
319 2742 430 2776 Regius,
454 2741 570 2768 δίδωσιν·
596 2741 687 2768 οὐκέτι
714 2742 781 2776 πρὸς
801 2741 835 2768 τὰ
854 2741 988 2776 λεγόμενα

208 2775 425 2811 ὐποκρινόμενοι.
447 2775 534 2803 Paulo
549 2781 610 2811 post
622 2776 704 2808 idem,
727 2775 890 2811 ἀπαγγεῖλαι
913 2775 987 2811 αρτᾦ

208 2811 251 2872 ἰὰ.
269 2810 327 2838 Mox
342 2810 422 2844 idem,
437 2812 495 2838 ἐκεῖ
507 2810 618 2846 θόρυϐον
632 2812 680 2838 καὶ
691 2810 796 2846 σκέψιν,
810 2812 855 2839 καὶ
871 2810 987 2846 συμϐού-

222 2851 273 2872 ιον.

234 2853 273 2872 ον.

773 137 802 166 S.
823 136 1054 165 ATHANASIUS.
1073 151 1109 158 —
1134 136 1248 166 DUBIA.

1002 2220 1025 2247 D

1770 139 1824 168 184

1033 201 1110 228 μενα.
1136 193 1242 228 ’Δμέλει
1256 193 1304 220 καὶ⁷
1325 193 1384 220 τότε
1399 194 1479 222 πάλιν
1491 195 1506 222 ὃ
1523 195 1655 228 ἀντίδικος
1672 197 1749 232 ήμῶν
1762 199 1823 226 διά-

1039 239 1126 272 ϐολος,
1140 239 1210 275 ὁρῶν
1232 239 1266 266 τὰ
1278 239 1479 276 κατορθούμενα
1493 240 1532 276 τῷ
1544 241 1599 268 τῶν
1613 241 1761 277 ἀνθρώπων
1775 244 1823 276 τέ’

1038 293 1089 317 νει,
1109 283 1231 320 συνήθως
1254 283 1394 320 ἐφθόνησε.
1412 285 1533 321 Νομίσας
1547 285 1602 321 γάρ
1623 286 1671 313 ἕνα
1684 286 1738 312 τῶν
1755 287 1824 314 πάν-

1037 338 1091 356 των
1109 327 1179 357 ε’ίναι
1202 330 1247 356 τὸν
1262 328 1374 365 Κύριον,
1399 331 1602 366 παρασκευάζει
1625 333 1672 359 τὸν
1699 332 1824 369 Ἡρώδην

1038 375 1152 410 ζητῆσαι
1167 375 1213 402 τὸν
1224 375 1352 411 τεχθέντα
1364 377 1487 412 ἀληθινὸν
1507 377 1632 410 Βασιλέα,
1653 379 1727 410 ὅπως
1741 379 1825 406 αὐτὸν

1037 421 1166 457 ἀπολέσῃ.
1181 422 1260 448 Ἴδιον
1279 423 1332 458 γάρ
1346 423 1404 449 ὲστι
1420 422 1469 449 τοῦ
1484 424 1644 459 παμμιάρου
1659 423 1752 451 τούτου
1775 425 1825 451 καὶ

1037 468 1180 501 παγκάκου
1198 467 1341 494 ἀπολλύειν
1359 469 1406 494 καὶ
1419 469 1604 496 ἀποκτείνειν
1622 470 1669 496 τοῦ
1685 471 1713 497 δὲ
1735 469 1826 506 Ἰησοῦ

1038 512 1102 541 ἴδιόν
1118 515 1175 540 ἐστι
1189 514 1219 540 τὸ
1233 514 1328 546 σώζειν
1341 515 1388 541 καὶ
1401 515 1600 550 περιποιεῖσθαι
1612 523 1619 530 ³
1639 516 1685 542 καὶ
1700 515 1754 551 γὰρ
1765 517 1826 551 φεί-

1034 560 1110 588 δεται
1134 560 1188 587 τῶν
1209 560 1305 587 ἑαυτοῦ
1328 561 1495 596 κτισμάτων,
1512 562 1604 597 ἐπειδὴ
1618 562 1665 589 καὶ
1681 563 1768 589 πάντα
1790 563 1825 589 δι’

1035 605 1118 632 αὐτοῦ
1140 606 1257 640 ἐγένετο.
1281 605 1504 642 Ἐπιζητήσωμεν
1523 606 1666 642 τοιγαροῦν
1689 608 1735 634 τὸν
1757 608 1826 643 ἀλη-

1035 650 1106 678 θινὸν
1130 651 1245 678 Βασιλέα
1268 651 1315 678 τὸν
1338 651 1439 687 Κύριον
1453 652 1532 687 ήμῶν
1559 652 1662 688 Ἰησοῦν
1688 653 1829 688 Χριστόν*

1036 697 1207 733 ἐξετάσωμεν
1229 698 1351 729 ἑαυτοὺς,
1375 698 1400 723 εἰ
1422 697 1556 733 ἐλύθησαν
1578 697 1658 733 ήμῶν
1670 699 1694 724 οἱ
1719 698 1825 733 δεσμοί·

1035 743 1090 769 Καὶ
1107 744 1131 770 εἰ
1146 743 1286 779 λελυμένοι
1302 743 1365 775 εἰσὶ,
1383 743 1563 778 προκόψωμεν
1587 743 1634 770 ἐπὶ
1654 743 1684 770 τὺ
1700 743 1802 779 βέλτιον
1815 752 1823 759 '

1034 789 1058 814 εί
1080 789 1108 815 δὲ
1127 789 1209 824 μήπω
1235 789 1358 815 λέλυνται
1380 798 1426 815 σου
1449 789 1474 815 οἰ
1495 788 1599 824 δεσμοὶ,
1616 788 1706 820 ἐπίδος
1730 789 1826 816 ἑαυτὸν

1033 835 1088 866 τοῖς
1118 834 1251 869 μαθηταῖς
1275 834 1322 861 τοῦ
1342 834 1442 870 Ἰησοῦ.
1461 835 1576 870 Πάρεισι
1598 835 1653 871 γὰρ
1672 836 1698 861 oi.
1717 835 1828 867 λύοντες

1037 881 1122 914 ἡμᾶς,
1134 880 1257 913 ἐξουσίαν
1274 880 1376 915 ταύτην
1389 880 1532 916 εἰληφότες
1541 880 1617 916 παρά
1629 880 1675 907 τοῦ
1688 881 1824 916 Σωτῆρος.

1037 933 1047 950 ‹
1068 925 1154 951 Ὅτιὸ
1168 924 1215 951 ἐὰν
1227 924 1324 960 δήσητε
1339 925 1384 951 ἐπὶ
1401 925 1451 960 τῆς
1464 925 1526 960 γῆς,
1543 925 1618 952 ἔσται
1644 925 1782 960 δεδεμένον
1796 926 1826 951 έν

1034 973 1090 1003 τοῖς
1109 972 1232 1007 οὐρανοῖς
1243 980 1250 987 ·
1267 971 1314 998 καὶ
1327 971 1342 998 ὂ
1356 971 1403 998 ἐὰν
1415 971 1514 1008 λύσητε
1535 973 1581 998 ἐπὶ
1593 972 1643 1007 τῆς
1665 972 1728 1006 γῆς,
1748 971 1826 1009 ἔσται

1035 1015 1179 1052 λελυμένον
1195 1018 1224 1044 ὲν
1240 1018 1295 1048 τοῖς
1311 1017 1444 1052 οὐρανοῖςο
1468 1026 1478 1042 ι
1494 1017 1541 1043 καὶ
1560 1017 1641 1044 πάλιν
1654 1016 1697 1049 (97
1701 1026 1710 1051 )
1722 1025 1729 1033 ι
1743 1027 1752 1043 ι
1764 1017 1827 1044 Ἐάν
1868 1021 1869 1024 ‘

1037 1070 1118 1088 τινων
1142 1062 1228 1097 ἀφῆτε
1243 1061 1293 1094 τὰς
1314 1062 1460 1097 ἁμαρτίας,
1486 1062 1611 1096 ἀφίενται
1629 1062 1730 1093 αὐτοῖς.
1763 1062 1827 1089 Μα-

1037 1107 1126 1142 κάριοι
1145 1116 1154 1133 ι
1173 1107 1333 1143 τοιγαροῦν,
1373 1117 1382 1133 ι
1402 1104 1440 1134 ὧν
1469 1107 1607 1143 ἀφέθησαν
1637 1108 1665 1134 αὶ
1693 1107 1828 1143 ἁμαρτίαι

1038 1153 1085 1179 καὶ
1105 1149 1142 1179 ὧν
1165 1153 1392 1189 ὲπεκαλύφθησαν
1406 1154 1434 1180 αἱ
1447 1153 1566 1189 ἀνομίαι.
1588 1163 1597 1180 r

1073 1198 1099 1226 8.
1120 1197 1202 1225 Εἶπον
1215 1197 1262 1225 οὖν
1274 1199 1299 1226 οἱ
1311 1199 1400 1235 κύριοι
1410 1199 1458 1226 τοῦ
1474 1198 1565 1226 πώλου
1580 1199 1649 1235 πρὸς
1663 1199 1726 1231 τοὺς
1739 1199 1827 1235 μαθη-

1037 1244 1103 1276 τάς·
1123 1253 1132 1269 ι
1158 1244 1192 1271 Τί
1210 1244 1287 1271 λύετε
1302 1244 1346 1271 τὸν
1363 1244 1468 1277 πῶλον;
1497 1255 1506 1271 ›
1534 1245 1566 1271 Οἱ
1581 1245 1609 1271 δὲ
1632 1244 1826 1280 ἀποκριθέντες

1039 1290 1096 1326 (98)
1120 1287 1211 1317 είπον-
1233 1299 1243 1316 ‹
1271 1291 1333 1317 Ὀτι
1353 1291 1482 1327 ὁΚύριος
1505 1290 1588 1318 αὐτοῦ
1609 1291 1703 1326 χρείαν
1724 1290 1792 1325 ἔχει.
1813 1301 1824 1317 r

1044 1335 1125 1371 Ὁρᾷς
1140 1335 1194 1362 τῶν
1212 1336 1339 1372 μαθητῶν
1350 1337 1399 1372 τὴν
1415 1336 1500 1372 σοφὴν
1517 1336 1678 1372 ἀπόκρισιν·
1695 1336 1826 1363 ἀκούσαν-

1039 1389 1084 1412 τες
1108 1381 1161 1416 γὰρ
1177 1382 1201 1407 οἱ
1215 1381 1323 1416 ψευδεῖς
1343 1381 1433 1417 κύριοι
1457 1381 1503 1408 τοῦ
1525 1381 1626 1414 πώλου,
1651 1382 1690 1408 ὅτι
1705 1382 1719 1408 ὁ
1741 1381 1826 1413 ὅντως

1040 1427 1087 1452 καὶ
1102 1426 1202 1462 ἀληθὴς
1221 1428 1321 1463 Κύριος
1342 1427 1424 1453 αὐτοῦ
1447 1427 1541 1463 χρείαν
1554 1427 1622 1462 ἔχει,
1639 1427 1763 1462 δεύτερον
1776 1427 1826 1453 οὐκ

1040 1472 1228 1507 ἁπεκρίνοντο,
1244 1471 1312 1499 ἀλλὰ
1325 1472 1397 1499 νῶτα
1411 1472 1537 1503 διδόασιν,
1552 1472 1602 1498 οὐκ
1620 1471 1660 1498 ἐτι
1675 1471 1825 1506 ἀντιλέγειν

1040 1517 1174 1553 τολμῶσιν
1197 1519 1263 1554 (99).
1284 1519 1371 1550 Εὐθὺς
1393 1516 1439 1546 οὖν
1464 1518 1605 1545 σπεύδουσι
1628 1518 1695 1554 πρὸς
1713 1518 1759 1545 τὸν
1781 1519 1826 1553 ἄρ-

1040 1572 1122 1599 χοντα
1141 1564 1229 1591 αὐτῶν
1248 1565 1293 1591 τὸν
1311 1564 1443 1597 διάϐολον,
1459 1563 1677 1598 ἀπαγγέλλουσιν
1699 1563 1773 1599 αὐτῷ
1792 1564 1825 1590 τὰ

1041 1610 1240 1646 συμϐεϐηκότα.
1258 1611 1313 1637 Καὶ
1334 1611 1385 1646 ὅρα
1408 1612 1467 1637 ἐκεῖ
1483 1610 1644 1646 συμϐούλιον
1661 1610 1708 1636 καὶ¹
1731 1610 1825 1644 σκέψιν

1039 1657 1110 1682 κατά
1128 1656 1175 1682 τοῦ
1192 1657 1304 1692 Κυρίου.
1323 1657 1472 1691 Συνάγεται
1490 1657 1548 1683 ἐκεῖ
1570 1657 1644 1683 πᾶσα
1667 1657 1685 1691 ὴ
1706 1656 1825 1683 ἀντικει-

1041 1703 1109 1738 μένη
1122 1702 1245 1738 δύναμις,
1259 1704 1304 1730 καὶ
1317 1704 1420 1737 γίνεται
1437 1703 1568 1738 ἐκκλησία
1579 1703 1805 1738 πονηρευομένων
1814 1711 1822 1718 ·

1039 1748 1112 1779 ὅπως
1128 1748 1257 1784 πληρωθῇ
1279 1749 1310 1775 τὸ
1328 1749 1472 1785 εἰρημένον
1495 1749 1540 1775 διὰ
1558 1748 1606 1775 τοῦ
1620 1749 1764 1784 Προφήτου
1786 1749 1823 1782 (l)

1039 1790 1163 1826 λέγοντος
1175 1800 1181 1806 ·
1202 1801 1211 1818 t
1230 1792 1409 1828 Παρέστησαν
1423 1793 1448 1819 οἱ
1463 1792 1582 1828 βασιλεῖς
1604 1793 1654 1827 τῆς
1669 1792 1722 1827 γῆς
1737 1792 1784 1819 καὶ
1797 1793 1823 1818 οι

1039 1837 1167 1873 ἄρχοντες
1184 1838 1355 1873 συνήχθησαν
1371 1838 1418 1864 ἐπὶ
1437 1838 1468 1865 τὸ
1483 1839 1558 1871 αὐτὸ,
1571 1838 1641 1865 κατά
1657 1838 1704 1865 τοῦ
1722 1838 1824 1874 Κυρίου

1039 1883 1086 1909 καὶ
1108 1883 1180 1910 κατά
1198 1883 1244 1910 τοῦ
1267 1884 1384 1919 Χριστοῦ
1416 1885 1512 1911 αὑτοῦ.
1542 1894 1552 1910 r
1576 1885 1692 1919 Λέγουσι
1711 1884 1765 1920 γὰρ
1785 1883 1824 1919 (2)

1040 1927 1107 1963 πρὸς
1117 1927 1162 1954 τὸν
1176 1927 1296 1955 διάϐολον
1309 1929 1334 1954 οἱ
1347 1929 1479 1964 ἀλιτήριοι
1489 1929 1627 1964 δαίμονες·
1640 1929 1672 1955 Τί
1684 1928 1823 1963 ποιοῦμεν;

1038 1971 1053 1997 ὁ
1067 1972 1154 2004 πῶλος
1161 1972 1278 2004 λέλυται,
1287 1973 1390 2008 ἀπῆλθε
1402 1973 1469 2009 πρὸς
1482 1973 1527 1999 τὸν
1536 1973 1637 2007 Κύριον
1649 1973 1741 2000 αὐτοῦ.
1751 1973 1823 1999 Οὐκ-

1039 2018 1079 2044 έτι
1100 2026 1146 2044 σου
1169 2019 1242 2045 ἐστὶν
1255 2019 1408 2054 ὑποχείριος
1418 2027 1424 2033 ”
1435 2019 1526 2045 οὐκέτι
1536 2018 1616 2046 αὐτοῦ
1629 2018 1765 2053 κυριεύεις
1772 2018 1822 2052 (3).

1038 2062 1205 2096 Διελογίζετο
1219 2063 1310 2090 λοιπὸν
1321 2065 1336 2090 ὁ
1350 2063 1464 2094 δείλαιος
1478 2063 1608 2095 διάϐολος,
1620 2063 1647 2090 τί
1667 2063 1774 2098 ποιήσει
1785 2063 1823 2098 τῷ

1046 2107 1141 2143 Ἰησοῦ.
1157 2107 1223 2134 Τότε
1235 2107 1394 2142 συνάγονται
1409 2108 1432 2133 oi
1449 2108 1622 2142 γραμματεῖς
1637 2107 1683 2134 καὶ
1695 2107 1720 2133 οί
1739 2107 1823 2142 Φαριι

1039 2153 1109 2178 σαῖοι
1126 2153 1165 2183 είς
1176 2152 1226 2188 τὴν
1238 2152 1322 2187 αὐλὴν
1336 2152 1382 2179 τοῦ
1393 2152 1538 2187 λεγομένου
1550 2152 1672 2186 Καῖάφα,
1698 2151 1744 2178 καὶ¹
1758 2159 1821 2178 συν-

1039 2197 1232 2224 εϐουλεύσαντο
1246 2197 1317 2224 κατὰ
1328 2196 1376 2224 τοῦ
1391 2197 1487 2233 Ἰησοῦ,
1504 2198 1577 2229 ὅπως
1593 2197 1673 2224 αὑτὸν
1686 2196 1825 2223 ἀπολέσω-

1039 2251 1090 2269 σιν.
1114 2242 1263 2278 Ἦγνόησαν
1276 2242 1329 2278 γὰρ
1343 2243 1368 2269 οἱ
1390 2242 1485 2274 ἄθλιοι,
1502 2243 1542 2269 ὄτι
1560 2243 1574 2269 ό
1593 2242 1688 2268 τούτου
1709 2241 1824 2272 θάνατος

1015 2306 1021 2311 ι
1038 2289 1185 2316 ἀθανασίαν
1204 2290 1271 2324 ἡμῖν
1287 2289 1436 2324 χαρίζεται,
1460 2289 1507 2316 καὶ
1528 2290 1545 2325 ἡ
1566 2288 1649 2315 αὑτοῦ
1672 2288 1823 2319 κατάϐασις

1038 2334 1087 2370 τὴν
1101 2335 1141 2366 είς
1154 2334 1283 2370 οὐρανοὺς
1303 2334 1394 2362 ἄνοδον
1415 2336 1481 2370 ήμῖν
1500 2334 1688 2370 προεξένησεν.
1710 2334 1822 2368 ’Δνέστη

1039 2380 1093 2416 γὰρ
1115 2381 1129 2406 ὁ
1149 2380 1250 2416 Κύριος
1263 2380 1410 2416 τριήμερος
1429 2381 1461 2407 ὲκ
1474 2380 1528 2406 τῶν
1542 2379 1656 2416 νεκρῶν,
1672 2379 1822 2410 σκυλεύσας

988 2478 998 2493 ¹
1017 2477 1089 2506 Psal.
1109 2486 1189 2511 nn,
1208 2479 1236 2506 L
1273 2479 1283 2494 ³
1302 2478 1367 2506 Luc.
1387 2486 1450 2510 ιιι,
1468 2478 1518 2511 55,
1534 2478 1578 2506 54.
1617 2477 1628 2494 ⁸
1647 2477 1720 2504 Psal.
1739 2485 1776 2508 ιι,
1791 2476 1819 2504 9.

1074 2567 1111 2602 (1)
1131 2567 1169 2594 Ita
1194 2567 1310 2594 maxima
1335 2574 1398 2602 pars
1416 2574 1483 2595 mss.
1506 2566 1558 2593 Alii
1574 2573 1639 2593 vero
1653 2572 1715 2592 cum
1727 2565 1820 2599 editis,

1037 2602 1095 2638 ὑπὺῗ
1102 2603 1148 2638 τού
1163 2603 1312 2638 προφήτου.

1072 2637 1110 2673 (g)
1130 2635 1196 2672 rap',
1206 2635 1236 2673 ει
1248 2635 1333 2671 paulo
1342 2641 1402 2672 post
1416 2637 1560 2673 ἀλιτήριοι,
1583 2635 1683 2673 desunt
1694 2635 1722 2662 in
1737 2635 1818 2673 Gobl.

1035 2677 1067 2733 ets
1077 2671 1150 2700 Felc.
1163 2670 1189 2700 Ι.
1204 2670 1288 2699 Paulo
1299 2670 1370 2707 post,
1384 2670 1492 2708 Anglic;
1499 2670 1623 2698 λέλυται·
1639 2672 1734 2705 ἄγεται
1752 2670 1820 2706 πρὸς

1037 2715 1052 2732 τ
1068 2716 1092 2733 ν.
1213 2715 1219 2723 ·

1037 2715 1082 2733 τον
1085 2728 1092 2734 .
1213 2715 1219 2723 ¹

1074 2742 1111 2778 (5)
1131 2741 1173 2778 illa
1193 2741 1259 2777 Reg.
1284 2741 1369 2778 Basili.
1386 2741 1465 2777 Angl.
1486 2741 1557 2778 Editi
1574 2748 1650 2778 vero,
1672 2739 1818 2778 κυριεύοις.

1039 2774 1110 2809 Mor.
1128 2774 1251 2809 δείλαιος,
1276 2781 1304 2805 et
1323 2777 1404 2810 intra,
1425 2774 1581 2812 λεγομένου,
1604 2774 1747 2804 άεευηῐίιι
1762 2774 1819 2803 Go-

1039 2812 1106 2840 bler.
1127 2817 1154 2840 et
1168 2812 1239 2840 Felc.
1258 2813 1282 2839 l.

1067 2820 1106 2840 er.
1127 2817 1154 2840 et
1168 2817 1239 2840 r'elc.
1258 2817 1282 2839 Ι.
