  <div class='ocr_page' id='page_1' title='image "/cluster/home/n/w/nwhite01/storage/ocr_20150623/28/njp.32101007506148/099.png"; bbox 0 0 1915 3057; ppageno 0'>
   <div class='ocr_carea' id='block_1_1' title="bbox 145 93 195 122">
    <p class='ocr_par' dir='ltr' id='par_1_1' title="bbox 145 93 195 122">
     <span class='ocr_line' id='line_1_1' title="bbox 145 93 195 122; baseline -0.02 0"><span class='ocrx_word' id='word_1_1' title='bbox 145 93 195 122; x_wconf 74' lang='lat' dir='ltr'><strong>I87</strong></span> 
     </span>
    </p>
   </div>
   <div class='ocr_carea' id='block_1_2' title="bbox 708 86 1184 124">
    <p class='ocr_par' dir='ltr' id='par_1_2' title="bbox 708 86 1184 124">
     <span class='ocr_line' id='line_1_2' title="bbox 708 86 1184 124; baseline -0.002 -1"><span class='ocrx_word' id='word_1_2' title='bbox 708 95 737 123; x_wconf 87' lang='lat' dir='ltr'><strong>s.</strong></span> <span class='ocrx_word' id='word_1_3' title='bbox 759 94 995 124; x_wconf 80' lang='lat' dir='ltr'><strong>ATHANASIUS.</strong></span> <span class='ocrx_word' id='word_1_4' title='bbox 1013 86 1052 117; x_wconf 13' lang='lat' dir='ltr'><strong>a—‘-</strong></span> <span class='ocrx_word' id='word_1_5' title='bbox 1071 93 1184 123; x_wconf 80' lang='lat' dir='ltr'><strong>DUBIA.</strong></span> 
     </span>
    </p>
   </div>
   <div class='ocr_carea' id='block_1_3' title="bbox 1717 92 1778 121">
    <p class='ocr_par' dir='ltr' id='par_1_3' title="bbox 1717 92 1778 121">
     <span class='ocr_line' id='line_1_3' title="bbox 1717 92 1778 121; baseline -0.066 0"><span class='ocrx_word' id='word_1_6' title='bbox 1717 92 1778 121; x_wconf 77' lang='grc'><strong>188.</strong></span> 
     </span>
    </p>
   </div>
   <div class='ocr_carea' id='block_1_4' title="bbox 144 149 921 187">
    <p class='ocr_par' dir='ltr' id='par_1_4' title="bbox 144 149 921 186">
     <span class='ocr_line' id='line_1_4' title="bbox 144 149 921 186; baseline 0.001 -8"><span class='ocrx_word' id='word_1_7' title='bbox 144 151 202 186; x_wconf 86' lang='lat' dir='ltr'><strong>ipse</strong></span> <span class='ocrx_word' id='word_1_8' title='bbox 217 149 329 182; x_wconf 83' lang='lat' dir='ltr'><strong>Paulus,</strong></span> <span class='ocrx_word' id='word_1_9' title='bbox 339 149 506 185; x_wconf 88' lang='lat' dir='ltr'><strong>impossibile</strong></span> <span class='ocrx_word' id='word_1_10' title='bbox 518 157 581 178; x_wconf 82' lang='lat' dir='ltr'><strong>esse</strong></span> <span class='ocrx_word' id='word_1_11' title='bbox 604 151 714 178; x_wconf 90' lang='lat' dir='ltr'><strong>mentiri</strong></span> <span class='ocrx_word' id='word_1_12' title='bbox 730 150 825 184; x_wconf 83' lang='lat' dir='ltr'><strong>Deum,</strong></span> <span class='ocrx_word' id='word_1_13' title='bbox 851 159 921 179; x_wconf 89' lang='lat' dir='ltr'><strong>eum-</strong></span> 
     </span>
    </p>
   </div>
   <div class='ocr_carea' id='block_1_5' title="bbox 972 149 1784 187">
    <p class='ocr_par' dir='ltr' id='par_1_5' title="bbox 982 149 1784 187">
     <span class='ocr_line' id='line_1_5' title="bbox 982 149 1784 187; baseline -0.001 -9"><span class='ocrx_word' id='word_1_14' title='bbox 982 151 1077 187; x_wconf 86' lang='grc' dir='ltr'>κάριος</span> <span class='ocrx_word' id='word_1_15' title='bbox 1102 150 1229 182; x_wconf 81' lang='grc' dir='ltr'><strong>Παῦλος,</strong></span> <span class='ocrx_word' id='word_1_16' title='bbox 1257 150 1297 177; x_wconf 80' lang='grc' dir='ltr'><strong>ὅτι</strong></span> <span class='ocrx_word' id='word_1_17' title='bbox 1317 149 1446 177; x_wconf 76' lang='grc' dir='ltr'>ἀδύνατόν</span> <span class='ocrx_word' id='word_1_18' title='bbox 1467 150 1524 176; x_wconf 74' lang='grc' dir='ltr'>ἐστι</span> <span class='ocrx_word' id='word_1_19' title='bbox 1547 149 1699 183; x_wconf 78' lang='grc' dir='ltr'>ψεύσασθαι</span> <span class='ocrx_word' id='word_1_20' title='bbox 1723 151 1784 177; x_wconf 66' lang='grc' dir='ltr'><strong>τὸνΔ</strong></span> 
     </span>
    </p>
   </div>
   <div class='ocr_carea' id='block_1_6' title="bbox 143 197 927 232">
    <p class='ocr_par' dir='ltr' id='par_1_6' title="bbox 143 197 927 232">
     <span class='ocr_line' id='line_1_6' title="bbox 143 197 927 232; baseline 0.004 -10"><span class='ocrx_word' id='word_1_21' title='bbox 143 204 197 232; x_wconf 89' lang='lat' dir='ltr'><strong>que</strong></span> <span class='ocrx_word' id='word_1_22' title='bbox 208 197 326 223; x_wconf 81' lang='lat' dir='ltr'><strong>maxime</strong></span> <span class='ocrx_word' id='word_1_23' title='bbox 337 203 460 223; x_wconf 88' lang='lat' dir='ltr'><strong>veracem</strong></span> <span class='ocrx_word' id='word_1_24' title='bbox 469 204 635 231; x_wconf 85' lang='lat' dir='ltr'><strong>esse,neque</strong></span> <span class='ocrx_word' id='word_1_25' title='bbox 645 197 753 224; x_wconf 84' lang='lat' dir='ltr'><strong>mentiri</strong></span> <span class='ocrx_word' id='word_1_26' title='bbox 762 198 772 213; x_wconf 87' lang='grc'><strong>⁷</strong></span> <span class='ocrx_word' id='word_1_27' title='bbox 784 198 861 225; x_wconf 82' lang='lat' dir='ltr'><strong>.Nam</strong></span> <span class='ocrx_word' id='word_1_28' title='bbox 868 198 927 232; x_wconf 84' lang='lat' dir='ltr'><strong>opi-</strong></span> 
     </span>
    </p>
   </div>
   <div class='ocr_carea' id='block_1_7' title="bbox 143 244 932 280">
    <p class='ocr_par' dir='ltr' id='par_1_7' title="bbox 143 244 932 280">
     <span class='ocr_line' id='line_1_7' title="bbox 143 244 932 280; baseline 0.004 -10"><span class='ocrx_word' id='word_1_29' title='bbox 143 245 267 270; x_wconf 84' lang='lat' dir='ltr'><strong>liciorum</strong></span> <span class='ocrx_word' id='word_1_30' title='bbox 284 244 394 279; x_wconf 87' lang='lat' dir='ltr'><strong>quidem</strong></span> <span class='ocrx_word' id='word_1_31' title='bbox 418 249 524 271; x_wconf 64' lang='lat' dir='ltr'><strong>natura:</strong></span> <span class='ocrx_word' id='word_1_32' title='bbox 541 244 569 272; x_wconf 83' lang='lat' dir='ltr'><strong>id</strong></span> <span class='ocrx_word' id='word_1_33' title='bbox 594 245 736 280; x_wconf 90' lang='lat' dir='ltr'><strong>proprium</strong></span> <span class='ocrx_word' id='word_1_34' title='bbox 756 249 808 278; x_wconf 88' lang='lat' dir='ltr'><strong>est,</strong></span> <span class='ocrx_word' id='word_1_35' title='bbox 825 250 854 273; x_wconf 89' lang='lat' dir='ltr'><strong>ut</strong></span> <span class='ocrx_word' id='word_1_36' title='bbox 869 253 932 273; x_wconf 90' lang='lat' dir='ltr'><strong>con-</strong></span> 
     </span>
    </p>
   </div>
   <div class='ocr_carea' id='block_1_8' title="bbox 142 290 931 328">
    <p class='ocr_par' dir='ltr' id='par_1_8' title="bbox 142 290 931 328">
     <span class='ocr_line' id='line_1_8' title="bbox 142 290 931 328; baseline 0.004 -12"><span class='ocrx_word' id='word_1_37' title='bbox 142 294 284 317; x_wconf 70' lang='lat' dir='ltr'><strong>vertantur</strong></span> <span class='ocrx_word' id='word_1_38' title='bbox 295 293 320 317; x_wconf 89' lang='lat' dir='ltr'><strong>et</strong></span> <span class='ocrx_word' id='word_1_39' title='bbox 333 290 418 318; x_wconf 87' lang='lat' dir='ltr'><strong>variis</strong></span> <span class='ocrx_word' id='word_1_40' title='bbox 429 291 627 319; x_wconf 89' lang='lat' dir='ltr'><strong>mutationibus</strong></span> <span class='ocrx_word' id='word_1_41' title='bbox 638 296 816 326; x_wconf 75' lang='lat' dir='ltr'><strong>moveantur;</strong></span> <span class='ocrx_word' id='word_1_42' title='bbox 832 292 931 328; x_wconf 86' lang='lat' dir='ltr'><strong>quippe</strong></span> 
     </span>
    </p>
   </div>
   <div class='ocr_carea' id='block_1_9' title="bbox 143 331 930 373">
    <p class='ocr_par' dir='ltr' id='par_1_9' title="bbox 143 331 930 373">
     <span class='ocr_line' id='line_1_9' title="bbox 143 331 930 373; baseline 0.003 -11"><span class='ocrx_word' id='word_1_43' title='bbox 143 344 206 362; x_wconf 88' lang='lat' dir='ltr'><strong>cmn</strong></span> <span class='ocrx_word' id='word_1_44' title='bbox 222 344 275 363; x_wconf 92' lang='lat' dir='ltr'><strong>non</strong></span> <span class='ocrx_word' id='word_1_45' title='bbox 289 341 380 364; x_wconf 87' lang='lat' dir='ltr'><strong>essent</strong></span> <span class='ocrx_word' id='word_1_46' title='bbox 396 336 555 372; x_wconf 82' lang='lat' dir='ltr'><strong>aliquando,</strong></span> <span class='ocrx_word' id='word_1_47' title='bbox 571 331 724 365; x_wconf 80' lang='lat' dir='ltr'><strong>conditoris</strong></span> <span class='ocrx_word' id='word_1_48' title='bbox 741 338 782 365; x_wconf 91' lang='lat' dir='ltr'><strong>sui</strong></span> <span class='ocrx_word' id='word_1_49' title='bbox 799 339 885 373; x_wconf 83' lang='lat' dir='ltr'><strong>gratia</strong></span> <span class='ocrx_word' id='word_1_50' title='bbox 903 342 930 366; x_wconf 87' lang='lat' dir='ltr'><strong>et</strong></span> 
     </span>
    </p>
   </div>
   <div class='ocr_carea' id='block_1_10' title="bbox 143 381 930 418">
    <p class='ocr_par' dir='ltr' id='par_1_10' title="bbox 143 381 930 418">
     <span class='ocr_line' id='line_1_10' title="bbox 143 381 930 418; baseline 0.004 -10"><span class='ocrx_word' id='word_1_51' title='bbox 143 381 313 409; x_wconf 72' lang='lat' dir='ltr'><strong>immanitate</strong></span> <span class='ocrx_word' id='word_1_52' title='bbox 328 382 354 409; x_wconf 92' lang='lat' dir='ltr'><strong>id</strong></span> <span class='ocrx_word' id='word_1_53' title='bbox 370 389 500 417; x_wconf 85' lang='lat' dir='ltr'><strong>accepere</strong></span> <span class='ocrx_word' id='word_1_54' title='bbox 516 386 545 410; x_wconf 89' lang='lat' dir='ltr'><strong>ut</strong></span> <span class='ocrx_word' id='word_1_55' title='bbox 554 391 602 418; x_wconf 89' lang='lat' dir='ltr'><strong>per</strong></span> <span class='ocrx_word' id='word_1_56' title='bbox 618 384 798 411; x_wconf 88' lang='lat' dir='ltr'><strong>mutationem</strong></span> <span class='ocrx_word' id='word_1_57' title='bbox 815 384 930 411; x_wconf 87' lang='lat' dir='ltr'><strong>exsiste-</strong></span> 
     </span>
    </p>
   </div>
   <div class='ocr_carea' id='block_1_11' title="bbox 143 427 929 462">
    <p class='ocr_par' dir='ltr' id='par_1_11' title="bbox 143 427 929 462">
     <span class='ocr_line' id='line_1_11' title="bbox 143 427 929 462; baseline 0.005 -10"><span class='ocrx_word' id='word_1_58' title='bbox 143 430 221 454; x_wconf 83' lang='lat' dir='ltr'><strong>rent:</strong></span> <span class='ocrx_word' id='word_1_59' title='bbox 238 427 466 462; x_wconf 86' lang='lat' dir='ltr'><strong>quemadmodum</strong></span> <span class='ocrx_word' id='word_1_60' title='bbox 483 429 520 454; x_wconf 90' lang='lat' dir='ltr'><strong>ait</strong></span> <span class='ocrx_word' id='word_1_61' title='bbox 536 428 606 455; x_wconf 86' lang='lat' dir='ltr'><strong>idem</strong></span> <span class='ocrx_word' id='word_1_62' title='bbox 616 427 736 456; x_wconf 88' lang='lat' dir='ltr'><strong>Paulus:</strong></span> <span class='ocrx_word' id='word_1_63' title='bbox 755 438 764 454; x_wconf 79' lang='grc' dir='ltr'><strong>ι</strong></span> <span class='ocrx_word' id='word_1_64' title='bbox 783 428 834 462; x_wconf 87' lang='lat' dir='ltr'><strong>Qui</strong></span> <span class='ocrx_word' id='word_1_65' title='bbox 850 435 929 456; x_wconf 80' lang='lat' dir='ltr'><strong>vocat</strong></span> 
     </span>
    </p>
   </div>
   <div class='ocr_carea' id='block_1_12' title="bbox 142 474 929 508">
    <p class='ocr_par' dir='ltr' id='par_1_12' title="bbox 142 474 929 508">
     <span class='ocr_line' id='line_1_12' title="bbox 142 474 929 508; baseline 0.005 -11"><span class='ocrx_word' id='word_1_66' title='bbox 142 478 173 497; x_wconf 86' lang='lat' dir='ltr'><strong>ea</strong></span> <span class='ocrx_word' id='word_1_67' title='bbox 190 479 250 505; x_wconf 77' lang='lat' dir='ltr'><strong>quae</strong></span> <span class='ocrx_word' id='word_1_68' title='bbox 267 479 322 498; x_wconf 89' lang='lat' dir='ltr'><strong>non</strong></span> <span class='ocrx_word' id='word_1_69' title='bbox 339 475 414 503; x_wconf 88' lang='lat' dir='ltr'><strong>sunt,</strong></span> <span class='ocrx_word' id='word_1_70' title='bbox 435 476 565 507; x_wconf 85' lang='lat' dir='ltr'><strong>tanquam</strong></span> <span class='ocrx_word' id='word_1_71' title='bbox 583 481 614 500; x_wconf 87' lang='lat' dir='ltr'><strong>ea</strong></span> <span class='ocrx_word' id='word_1_72' title='bbox 632 481 693 508; x_wconf 83' lang='lat' dir='ltr'><strong>qme</strong></span> <span class='ocrx_word' id='word_1_73' title='bbox 718 474 808 501; x_wconf 68' lang='lat' dir='ltr'><strong>sunt“.</strong></span> <span class='ocrx_word' id='word_1_74' title='bbox 829 484 838 500; x_wconf 75' lang='grc' dir='ltr'><strong>ι</strong></span> <span class='ocrx_word' id='word_1_75' title='bbox 857 474 929 502; x_wconf 85' lang='lat' dir='ltr'><strong>Deus</strong></span> 
     </span>
    </p>
   </div>
   <div class='ocr_carea' id='block_1_13' title="bbox 142 516 930 551">
    <p class='ocr_par' dir='ltr' id='par_1_13' title="bbox 142 516 930 551">
     <span class='ocr_line' id='line_1_13' title="bbox 142 516 930 551; baseline 0.006 -9"><span class='ocrx_word' id='word_1_76' title='bbox 142 520 249 548; x_wconf 74' lang='lat' dir='ltr'><strong>contra;</strong></span> <span class='ocrx_word' id='word_1_77' title='bbox 265 517 311 551; x_wconf 89' lang='lat' dir='ltr'><strong>qui</strong></span> <span class='ocrx_word' id='word_1_78' title='bbox 335 524 383 551; x_wconf 91' lang='lat' dir='ltr'><strong>per</strong></span> <span class='ocrx_word' id='word_1_79' title='bbox 406 516 536 549; x_wconf 86' lang='lat' dir='ltr'><strong>Verbum,</strong></span> <span class='ocrx_word' id='word_1_80' title='bbox 559 518 681 545; x_wconf 86' lang='lat' dir='ltr'><strong>omnium</strong></span> <span class='ocrx_word' id='word_1_81' title='bbox 704 519 832 546; x_wconf 89' lang='lat' dir='ltr'><strong>conditor</strong></span> <span class='ocrx_word' id='word_1_82' title='bbox 849 525 891 547; x_wconf 89' lang='lat' dir='ltr'><strong>cst</strong></span> <span class='ocrx_word' id='word_1_83' title='bbox 902 524 930 547; x_wconf 89' lang='lat' dir='ltr'><strong>et</strong></span> 
     </span>
    </p>
   </div>
   <div class='ocr_carea' id='block_1_14' title="bbox 140 563 929 594">
    <p class='ocr_par' dir='ltr' id='par_1_14' title="bbox 140 563 929 594">
     <span class='ocr_line' id='line_1_14' title="bbox 140 563 929 594; baseline 0.005 -5"><span class='ocrx_word' id='word_1_84' title='bbox 140 570 205 590; x_wconf 83' lang='lat' dir='ltr'><strong>vere</strong></span> <span class='ocrx_word' id='word_1_85' title='bbox 223 563 341 594; x_wconf 80' lang='lat' dir='ltr'><strong>exsistit.</strong></span> <span class='ocrx_word' id='word_1_86' title='bbox 364 563 561 590; x_wconf 88' lang='lat' dir='ltr'><strong>immutabilem</strong></span> <span class='ocrx_word' id='word_1_87' title='bbox 589 564 671 591; x_wconf 85' lang='lat' dir='ltr'><strong>habet</strong></span> <span class='ocrx_word' id='word_1_88' title='bbox 691 571 753 591; x_wconf 91' lang='lat' dir='ltr'><strong>eum</strong></span> <span class='ocrx_word' id='word_1_89' title='bbox 774 564 863 592; x_wconf 82' lang='lat' dir='ltr'><strong>Verbo</strong></span> <span class='ocrx_word' id='word_1_90' title='bbox 878 574 929 593; x_wconf 90' lang='lat' dir='ltr'><strong>suo</strong></span> 
     </span>
    </p>
   </div>
   <div class='ocr_carea' id='block_1_15' title="bbox 142 608 929 643">
    <p class='ocr_par' dir='ltr' id='par_1_15' title="bbox 142 608 929 643">
     <span class='ocr_line' id='line_1_15' title="bbox 142 608 929 643; baseline 0.004 -9"><span class='ocrx_word' id='word_1_91' title='bbox 142 611 281 634; x_wconf 86' lang='lat' dir='ltr'><strong>naturam.</strong></span> <span class='ocrx_word' id='word_1_92' title='bbox 301 608 389 642; x_wconf 84' lang='lat' dir='ltr'><strong>Atque</strong></span> <span class='ocrx_word' id='word_1_93' title='bbox 403 608 468 634; x_wconf 92' lang='lat' dir='ltr'><strong>illud</strong></span> <span class='ocrx_word' id='word_1_94' title='bbox 485 615 532 642; x_wconf 88' lang='lat' dir='ltr'><strong>per</strong></span> <span class='ocrx_word' id='word_1_95' title='bbox 544 609 703 643; x_wconf 81' lang='lat' dir='ltr'><strong>prophetam</strong></span> <span class='ocrx_word' id='word_1_96' title='bbox 718 609 799 636; x_wconf 81' lang='lat' dir='ltr'><strong>docet</strong></span> <span class='ocrx_word' id='word_1_97' title='bbox 814 610 857 637; x_wconf 91' lang='lat' dir='ltr'><strong>his</strong></span> <span class='ocrx_word' id='word_1_98' title='bbox 869 618 929 637; x_wconf 89' lang='lat' dir='ltr'><strong>ver-</strong></span> 
     </span>
    </p>
   </div>
   <div class='ocr_carea' id='block_1_16' title="bbox 141 651 928 688">
    <p class='ocr_par' dir='ltr' id='par_1_16' title="bbox 141 651 928 688">
     <span class='ocr_line' id='line_1_16' title="bbox 141 651 928 688; baseline 0.004 -9"><span class='ocrx_word' id='word_1_99' title='bbox 141 652 205 680; x_wconf 88' lang='lat' dir='ltr'><strong>bis:</strong></span> <span class='ocrx_word' id='word_1_100' title='bbox 222 662 231 678; x_wconf 90' lang='grc'><strong><em>‹</em></strong></span> <span class='ocrx_word' id='word_1_101' title='bbox 249 651 362 686; x_wconf 80' lang='lat' dir='ltr'><strong>Videte,</strong></span> <span class='ocrx_word' id='word_1_102' title='bbox 389 653 489 684; x_wconf 85' lang='lat' dir='ltr'><strong>videte,</strong></span> <span class='ocrx_word' id='word_1_103' title='bbox 508 654 636 688; x_wconf 89' lang='lat' dir='ltr'><strong>quoniam</strong></span> <span class='ocrx_word' id='word_1_104' title='bbox 653 661 704 688; x_wconf 80' lang='lat' dir='ltr'><strong>ego</strong></span> <span class='ocrx_word' id='word_1_105' title='bbox 731 662 803 686; x_wconf 87' lang='lat' dir='ltr'><strong>sum,</strong></span> <span class='ocrx_word' id='word_1_106' title='bbox 826 659 853 681; x_wconf 92' lang='lat' dir='ltr'><strong>et</strong></span> <span class='ocrx_word' id='word_1_107' title='bbox 873 662 928 682; x_wconf 90' lang='lat' dir='ltr'><strong>non</strong></span> 
     </span>
    </p>
   </div>
   <div class='ocr_carea' id='block_1_17' title="bbox 140 698 928 734">
    <p class='ocr_par' dir='ltr' id='par_1_17' title="bbox 140 698 928 734">
     <span class='ocr_line' id='line_1_17' title="bbox 140 698 928 734; baseline 0.004 -10"><span class='ocrx_word' id='word_1_108' title='bbox 140 699 260 725; x_wconf 64' lang='lat' dir='ltr'><strong>mutor”.</strong></span> <span class='ocrx_word' id='word_1_109' title='bbox 276 709 285 724; x_wconf 75' lang='grc' dir='ltr'><strong>ι</strong></span> <span class='ocrx_word' id='word_1_110' title='bbox 305 698 396 731; x_wconf 84' lang='lat' dir='ltr'><strong>Quare</strong></span> <span class='ocrx_word' id='word_1_111' title='bbox 411 698 445 726; x_wconf 92' lang='lat' dir='ltr'><strong>de</strong></span> <span class='ocrx_word' id='word_1_112' title='bbox 466 698 624 727; x_wconf 89' lang='lat' dir='ltr'><strong>hominibus</strong></span> <span class='ocrx_word' id='word_1_113' title='bbox 639 699 748 734; x_wconf 87' lang='lat' dir='ltr'><strong>quidem</strong></span> <span class='ocrx_word' id='word_1_114' title='bbox 769 700 797 726; x_wconf 92' lang='lat' dir='ltr'><strong>in</strong></span> <span class='ocrx_word' id='word_1_115' title='bbox 812 699 928 728; x_wconf 87' lang='lat' dir='ltr'><strong>Psalmis</strong></span> 
     </span>
    </p>
   </div>
   <div class='ocr_carea' id='block_1_18' title="bbox 140 743 928 779">
    <p class='ocr_par' dir='ltr' id='par_1_18' title="bbox 140 743 928 779">
     <span class='ocr_line' id='line_1_18' title="bbox 140 743 928 779; baseline 0.004 -9"><span class='ocrx_word' id='word_1_116' title='bbox 140 744 268 771; x_wconf 86' lang='lat' dir='ltr'><strong>canitur:</strong></span> <span class='ocrx_word' id='word_1_117' title='bbox 286 754 295 769; x_wconf 88' lang='grc'><strong><em>‹</em></strong></span> <span class='ocrx_word' id='word_1_118' title='bbox 313 743 369 779; x_wconf 79' lang='lat' dir='ltr'><strong>Ego</strong></span> <span class='ocrx_word' id='word_1_119' title='bbox 387 744 442 771; x_wconf 84' lang='lat' dir='ltr'><strong>dixi</strong></span> <span class='ocrx_word' id='word_1_120' title='bbox 459 744 487 771; x_wconf 93' lang='lat' dir='ltr'><strong>in</strong></span> <span class='ocrx_word' id='word_1_121' title='bbox 507 752 623 772; x_wconf 79' lang='lat' dir='ltr'><strong>excessu</strong></span> <span class='ocrx_word' id='word_1_122' title='bbox 647 753 718 777; x_wconf 89' lang='lat' dir='ltr'><strong>meo,</strong></span> <span class='ocrx_word' id='word_1_123' title='bbox 737 745 832 773; x_wconf 90' lang='lat' dir='ltr'><strong>Omnis</strong></span> <span class='ocrx_word' id='word_1_124' title='bbox 847 747 928 773; x_wconf 91' lang='lat' dir='ltr'><strong>homo</strong></span> 
     </span>
    </p>
   </div>
   <div class='ocr_carea' id='block_1_19' title="bbox 140 789 926 827">
    <p class='ocr_par' dir='ltr' id='par_1_19' title="bbox 140 789 926 827">
     <span class='ocr_line' id='line_1_19' title="bbox 140 789 926 827; baseline 0.004 -11"><span class='ocrx_word' id='word_1_125' title='bbox 140 789 256 816; x_wconf 79' lang='lat' dir='ltr'><strong>mendax</strong></span> <span class='ocrx_word' id='word_1_126' title='bbox 266 790 287 805; x_wconf 84' lang='grc'><strong>¹⁰</strong></span> <span class='ocrx_word' id='word_1_127' title='bbox 302 799 308 816; x_wconf 89' lang='lat'><strong>:</strong></span> <span class='ocrx_word' id='word_1_128' title='bbox 327 799 336 816; x_wconf 70' lang='grc' dir='ltr'><strong>ι</strong></span> <span class='ocrx_word' id='word_1_129' title='bbox 347 789 381 817; x_wconf 90' lang='lat' dir='ltr'><strong>de</strong></span> <span class='ocrx_word' id='word_1_130' title='bbox 392 789 445 816; x_wconf 86' lang='lat' dir='ltr'><strong>Deo</strong></span> <span class='ocrx_word' id='word_1_131' title='bbox 457 793 546 816; x_wconf 83' lang='lat' dir='ltr'><strong>autem</strong></span> <span class='ocrx_word' id='word_1_132' title='bbox 557 794 673 818; x_wconf 85' lang='lat' dir='ltr'><strong>testatur</strong></span> <span class='ocrx_word' id='word_1_133' title='bbox 685 789 776 818; x_wconf 83' lang='lat' dir='ltr'><strong>Moses</strong></span> <span class='ocrx_word' id='word_1_134' title='bbox 797 791 826 818; x_wconf 92' lang='lat' dir='ltr'><strong>in</strong></span> <span class='ocrx_word' id='word_1_135' title='bbox 850 791 926 827; x_wconf 75' lang='lat' dir='ltr'><strong>lege:</strong></span> 
     </span>
    </p>
   </div>
   <div class='ocr_carea' id='block_1_20' title="bbox 142 834 536 864">
    <p class='ocr_par' dir='ltr' id='par_1_20' title="bbox 142 834 536 864">
     <span class='ocr_line' id='line_1_20' title="bbox 142 834 536 864; baseline 0.003 -3"><span class='ocrx_word' id='word_1_136' title='bbox 142 844 152 861; x_wconf 77' lang='grc' dir='ltr'><strong>ι</strong></span> <span class='ocrx_word' id='word_1_137' title='bbox 166 834 237 863; x_wconf 87' lang='lat' dir='ltr'><strong>Deus</strong></span> <span class='ocrx_word' id='word_1_138' title='bbox 251 835 336 864; x_wconf 81' lang='lat' dir='ltr'><strong>fidelis</strong></span> <span class='ocrx_word' id='word_1_139' title='bbox 352 840 378 863; x_wconf 89' lang='lat' dir='ltr'><strong>et</strong></span> <span class='ocrx_word' id='word_1_140' title='bbox 387 844 469 863; x_wconf 80' lang='lat' dir='ltr'><strong>verax</strong></span> <span class='ocrx_word' id='word_1_141' title='bbox 479 836 510 863; x_wconf 83' lang='grc'><strong>¹¹.</strong></span> <span class='ocrx_word' id='word_1_142' title='bbox 527 845 536 862; x_wconf 73' lang='grc' dir='ltr'><strong>ι</strong></span> 
     </span>
    </p>
   </div>
   <div class='ocr_carea' id='block_1_21' title="bbox 980 195 1767 232">
    <p class='ocr_par' dir='ltr' id='par_1_21' title="bbox 980 195 1767 232">
     <span class='ocr_line' id='line_1_21' title="bbox 980 195 1767 232; baseline -0.003 -9"><span class='ocrx_word' id='word_1_143' title='bbox 980 197 1046 224; x_wconf 73' lang='grc' dir='ltr'>Θεόν</span> <span class='ocrx_word' id='word_1_144' title='bbox 1056 206 1063 212; x_wconf 89' lang='grc'><strong>·</strong></span> <span class='ocrx_word' id='word_1_145' title='bbox 1076 197 1123 223; x_wconf 82' lang='grc' dir='ltr'><strong>καὶ</strong></span> <span class='ocrx_word' id='word_1_146' title='bbox 1135 195 1262 232; x_wconf 83' lang='grc' dir='ltr'>ἀληθεύει</span> <span class='ocrx_word' id='word_1_147' title='bbox 1283 196 1400 231; x_wconf 83' lang='grc' dir='ltr'>μάλιστα</span> <span class='ocrx_word' id='word_1_148' title='bbox 1417 195 1514 229; x_wconf 83' lang='grc' dir='ltr'>λέγων,</span> <span class='ocrx_word' id='word_1_149' title='bbox 1530 195 1576 221; x_wconf 77' lang='grc' dir='ltr'>καὶ</span> <span class='ocrx_word' id='word_1_150' title='bbox 1589 196 1619 221; x_wconf 82' lang='grc' dir='ltr'>οὑ</span> <span class='ocrx_word' id='word_1_151' title='bbox 1631 195 1767 229; x_wconf 73' lang='grc' dir='ltr'>ψεύδεται.</span> 
     </span>
    </p>
   </div>
   <div class='ocr_carea' id='block_1_22' title="bbox 981 241 1768 281">
    <p class='ocr_par' dir='ltr' id='par_1_22' title="bbox 981 241 1768 281">
     <span class='ocr_line' id='line_1_22' title="bbox 981 241 1768 281; baseline -0.003 -12"><span class='ocrx_word' id='word_1_152' title='bbox 981 242 1041 269; x_wconf 88' lang='grc' dir='ltr'><strong>Τῶν</strong></span> <span class='ocrx_word' id='word_1_153' title='bbox 1056 243 1103 278; x_wconf 86' lang='grc' dir='ltr'><strong>μὲν</strong></span> <span class='ocrx_word' id='word_1_154' title='bbox 1116 242 1170 278; x_wconf 87' lang='grc' dir='ltr'>γὰρ</span> <span class='ocrx_word' id='word_1_155' title='bbox 1188 242 1309 278; x_wconf 79' lang='grc' dir='ltr'><strong>γενητῶν</strong></span> <span class='ocrx_word' id='word_1_156' title='bbox 1325 241 1363 277; x_wconf 88' lang='lat'><strong>(8)</strong></span> <span class='ocrx_word' id='word_1_157' title='bbox 1379 242 1395 277; x_wconf 85' lang='grc' dir='ltr'>ἡ</span> <span class='ocrx_word' id='word_1_158' title='bbox 1413 241 1493 281; x_wconf 68' lang='grc' dir='ltr'>φύσις</span> <span class='ocrx_word' id='word_1_159' title='bbox 1507 241 1570 267; x_wconf 83' lang='grc' dir='ltr'>ἴδιον</span> <span class='ocrx_word' id='word_1_160' title='bbox 1584 241 1639 276; x_wconf 72' lang='grc' dir='ltr'>ἔχει</span> <span class='ocrx_word' id='word_1_161' title='bbox 1655 241 1685 267; x_wconf 86' lang='grc' dir='ltr'><strong>τὸ</strong></span> <span class='ocrx_word' id='word_1_162' title='bbox 1703 241 1768 276; x_wconf 80' lang='grc' dir='ltr'>τρέ-</span> 
     </span>
    </p>
   </div>
   <div class='ocr_carea' id='block_1_23' title="bbox 982 286 1768 322">
    <p class='ocr_par' dir='ltr' id='par_1_23' title="bbox 982 286 1768 322">
     <span class='ocr_line' id='line_1_23' title="bbox 982 286 1768 322; baseline -0.003 -8"><span class='ocrx_word' id='word_1_163' title='bbox 982 287 1079 314; x_wconf 86' lang='grc' dir='ltr'>πεσθαι</span> <span class='ocrx_word' id='word_1_164' title='bbox 1096 287 1143 314; x_wconf 77' lang='grc' dir='ltr'>καὶ</span> <span class='ocrx_word' id='word_1_165' title='bbox 1159 288 1291 314; x_wconf 74' lang='grc' dir='ltr'>κινεῖσθαι</span> <span class='ocrx_word' id='word_1_166' title='bbox 1306 287 1442 318; x_wconf 74' lang='grc' dir='ltr'><strong>ποικίλαις</strong></span> <span class='ocrx_word' id='word_1_167' title='bbox 1463 286 1639 322; x_wconf 76' lang='grc' dir='ltr'>μεταϐολαῖς·</span> <span class='ocrx_word' id='word_1_168' title='bbox 1658 287 1768 322; x_wconf 75' lang='grc' dir='ltr'>ἐπειδή-</span> 
     </span>
    </p>
   </div>
   <div class='ocr_carea' id='block_1_24' title="bbox 980 329 1771 369">
    <p class='ocr_par' dir='ltr' id='par_1_24' title="bbox 980 329 1771 369">
     <span class='ocr_line' id='line_1_24' title="bbox 980 329 1771 369; baseline -0.001 -10"><span class='ocrx_word' id='word_1_169' title='bbox 980 342 1032 369; x_wconf 82' lang='grc' dir='ltr'><strong>περ</strong></span> <span class='ocrx_word' id='word_1_170' title='bbox 1047 333 1093 359; x_wconf 81' lang='grc' dir='ltr'>καὶ</span> <span class='ocrx_word' id='word_1_171' title='bbox 1117 334 1155 369; x_wconf 85' lang='grc' dir='ltr'>μὴ</span> <span class='ocrx_word' id='word_1_172' title='bbox 1170 333 1234 360; x_wconf 78' lang='grc' dir='ltr'>ὄντα</span> <span class='ocrx_word' id='word_1_173' title='bbox 1249 333 1324 365; x_wconf 81' lang='grc' dir='ltr'>ποτὲ,</span> <span class='ocrx_word' id='word_1_174' title='bbox 1344 333 1494 368; x_wconf 72' lang='grc' dir='ltr'>μεταϐολὴν</span> <span class='ocrx_word' id='word_1_175' title='bbox 1508 333 1586 367; x_wconf 73' lang='grc' dir='ltr'>ἔσχεν</span> <span class='ocrx_word' id='word_1_176' title='bbox 1596 333 1636 364; x_wconf 87' lang='grc' dir='ltr'><strong>είς</strong></span> <span class='ocrx_word' id='word_1_177' title='bbox 1651 333 1683 358; x_wconf 88' lang='grc' dir='ltr'><strong>τὸ</strong></span> <span class='ocrx_word' id='word_1_178' title='bbox 1699 329 1771 359; x_wconf 79' lang='grc' dir='ltr'>εἶναι</span> 
     </span>
    </p>
   </div>
   <div class='ocr_carea' id='block_1_25' title="bbox 979 377 1787 417">
    <p class='ocr_par' dir='ltr' id='par_1_25' title="bbox 979 377 1787 417">
     <span class='ocr_line' id='line_1_25' title="bbox 979 377 1787 417; baseline 0 -13"><span class='ocrx_word' id='word_1_179' title='bbox 979 380 1012 413; x_wconf 83' lang='grc' dir='ltr'>τῇ</span> <span class='ocrx_word' id='word_1_180' title='bbox 1027 378 1073 404; x_wconf 75' lang='grc' dir='ltr'>τοῦ</span> <span class='ocrx_word' id='word_1_181' title='bbox 1088 378 1269 414; x_wconf 80' lang='grc' dir='ltr'><strong>πεποιηκότος</strong></span> <span class='ocrx_word' id='word_1_182' title='bbox 1284 378 1375 414; x_wconf 82' lang='grc' dir='ltr'>χάριτι</span> <span class='ocrx_word' id='word_1_183' title='bbox 1391 379 1437 405; x_wconf 73' lang='grc' dir='ltr'>καὶ</span> <span class='ocrx_word' id='word_1_184' title='bbox 1452 378 1641 414; x_wconf 72' lang='grc' dir='ltr'><strong>φιλανθρωπίᾳ</strong></span> <span class='ocrx_word' id='word_1_185' title='bbox 1651 386 1657 393; x_wconf 76' lang='grc'><strong><em>⁸</em></strong></span> <span class='ocrx_word' id='word_1_186' title='bbox 1675 377 1767 409; x_wconf 86' lang='grc' dir='ltr'>καθὼς</span> <span class='ocrx_word' id='word_1_187' title='bbox 1780 400 1787 417; x_wconf 43' lang='grc' dir='ltr'>ι</span> 
     </span>
    </p>
   </div>
   <div class='ocr_carea' id='block_1_26' title="bbox 979 424 1767 460">
    <p class='ocr_par' dir='ltr' id='par_1_26' title="bbox 979 424 1767 460">
     <span class='ocr_line' id='line_1_26' title="bbox 979 424 1767 460; baseline 0 -10"><span class='ocrx_word' id='word_1_188' title='bbox 979 424 1025 450; x_wconf 74' lang='grc' dir='ltr'>καὶ</span> <span class='ocrx_word' id='word_1_189' title='bbox 1036 424 1116 451; x_wconf 87' lang='grc' dir='ltr'>πάλιν</span> <span class='ocrx_word' id='word_1_190' title='bbox 1127 426 1141 451; x_wconf 84' lang='grc' dir='ltr'>ὁ</span> <span class='ocrx_word' id='word_1_191' title='bbox 1153 424 1258 456; x_wconf 77' lang='grc' dir='ltr'>Παῦλος</span> <span class='ocrx_word' id='word_1_192' title='bbox 1271 433 1351 459; x_wconf 78' lang='grc' dir='ltr'>φησιν</span> <span class='ocrx_word' id='word_1_193' title='bbox 1361 433 1367 438; x_wconf 94' lang='grc'>·</span> <span class='ocrx_word' id='word_1_194' title='bbox 1385 433 1394 449; x_wconf 88' lang='grc'><em>‹</em></span> <span class='ocrx_word' id='word_1_195' title='bbox 1415 425 1443 451; x_wconf 87' lang='lat'><strong>&#39;0</strong></span> <span class='ocrx_word' id='word_1_196' title='bbox 1457 424 1547 451; x_wconf 82' lang='grc' dir='ltr'>καλῶν</span> <span class='ocrx_word' id='word_1_197' title='bbox 1561 424 1595 451; x_wconf 79' lang='grc' dir='ltr'>τὰ</span> <span class='ocrx_word' id='word_1_198' title='bbox 1608 424 1645 460; x_wconf 85' lang='grc' dir='ltr'><strong>μὴ</strong></span> <span class='ocrx_word' id='word_1_199' title='bbox 1657 425 1720 451; x_wconf 76' lang='grc' dir='ltr'>ὂντα</span> <span class='ocrx_word' id='word_1_200' title='bbox 1729 424 1767 456; x_wconf 85' lang='grc' dir='ltr'>ὡς</span> 
     </span>
    </p>
   </div>
   <div class='ocr_carea' id='block_1_27' title="bbox 978 468 1774 504">
    <p class='ocr_par' dir='ltr' id='par_1_27' title="bbox 978 468 1774 504">
     <span class='ocr_line' id='line_1_27' title="bbox 978 468 1774 504; baseline 0.001 -10"><span class='ocrx_word' id='word_1_201' title='bbox 978 469 1053 495; x_wconf 80' lang='grc' dir='ltr'>δντα.</span> <span class='ocrx_word' id='word_1_202' title='bbox 1075 478 1084 494; x_wconf 74' lang='grc' dir='ltr'><strong>ι</strong></span> <span class='ocrx_word' id='word_1_203' title='bbox 1104 469 1170 501; x_wconf 83' lang='grc' dir='ltr'><strong>Θεὸς</strong></span> <span class='ocrx_word' id='word_1_204' title='bbox 1189 469 1232 500; x_wconf 83' lang='grc' dir='ltr'><strong>δὲ,</strong></span> <span class='ocrx_word' id='word_1_205' title='bbox 1249 468 1264 493; x_wconf 80' lang='grc' dir='ltr'>ὁ</span> <span class='ocrx_word' id='word_1_206' title='bbox 1285 469 1394 495; x_wconf 85' lang='grc' dir='ltr'>πάντων</span> <span class='ocrx_word' id='word_1_207' title='bbox 1412 468 1455 494; x_wconf 79' lang='grc' dir='ltr'>διὰ</span> <span class='ocrx_word' id='word_1_208' title='bbox 1473 468 1519 495; x_wconf 85' lang='grc' dir='ltr'>τοῦ</span> <span class='ocrx_word' id='word_1_209' title='bbox 1541 469 1628 503; x_wconf 87' lang='grc' dir='ltr'>Λόγου</span> <span class='ocrx_word' id='word_1_210' title='bbox 1652 469 1774 504; x_wconf 79' lang='grc' dir='ltr'>ποιητὴς-</span> 
     </span>
    </p>
   </div>
   <div class='ocr_carea' id='block_1_28' title="bbox 978 514 1773 551">
    <p class='ocr_par' dir='ltr' id='par_1_28' title="bbox 978 514 1773 551">
     <span class='ocr_line' id='line_1_28' title="bbox 978 514 1773 551; baseline 0.003 -11"><span class='ocrx_word' id='word_1_211' title='bbox 978 515 1129 550; x_wconf 80' lang='grc' dir='ltr'>τυγχάνων,</span> <span class='ocrx_word' id='word_1_212' title='bbox 1143 515 1226 547; x_wconf 80' lang='grc' dir='ltr'>ὖντως</span> <span class='ocrx_word' id='word_1_213' title='bbox 1238 514 1286 548; x_wconf 86' lang='grc' dir='ltr'><strong>ὢν,</strong></span> <span class='ocrx_word' id='word_1_214' title='bbox 1301 514 1486 550; x_wconf 77' lang='grc' dir='ltr'>ἀμετάϐλητον</span> <span class='ocrx_word' id='word_1_215' title='bbox 1502 515 1558 549; x_wconf 77' lang='grc' dir='ltr'>ἔχει</span> <span class='ocrx_word' id='word_1_216' title='bbox 1572 515 1620 541; x_wconf 83' lang='grc' dir='ltr'><strong>σὺν</strong></span> <span class='ocrx_word' id='word_1_217' title='bbox 1633 515 1671 550; x_wconf 86' lang='grc' dir='ltr'>τῷ</span> <span class='ocrx_word' id='word_1_218' title='bbox 1686 516 1773 551; x_wconf 71' lang='grc' dir='ltr'>Λόγῳι</span> 
     </span>
    </p>
   </div>
   <div class='ocr_carea' id='block_1_29' title="bbox 978 560 1765 596">
    <p class='ocr_par' dir='ltr' id='par_1_29' title="bbox 978 560 1765 596">
     <span class='ocr_line' id='line_1_29' title="bbox 978 560 1765 596; baseline 0.003 -10"><span class='ocrx_word' id='word_1_219' title='bbox 978 561 1027 595; x_wconf 82' lang='grc' dir='ltr'>τὴν</span> <span class='ocrx_word' id='word_1_220' title='bbox 1044 561 1141 595; x_wconf 84' lang='grc' dir='ltr'>φύσιν·</span> <span class='ocrx_word' id='word_1_221' title='bbox 1166 561 1213 587; x_wconf 80' lang='grc' dir='ltr'><strong>καὶ</strong></span> <span class='ocrx_word' id='word_1_222' title='bbox 1234 561 1312 587; x_wconf 83' lang='grc' dir='ltr'>τοῦτο</span> <span class='ocrx_word' id='word_1_223' title='bbox 1337 560 1380 587; x_wconf 80' lang='grc' dir='ltr'>διὰ</span> <span class='ocrx_word' id='word_1_224' title='bbox 1399 560 1446 587; x_wconf 82' lang='grc' dir='ltr'><strong>τοῦ</strong></span> <span class='ocrx_word' id='word_1_225' title='bbox 1463 561 1601 596; x_wconf 75' lang='grc' dir='ltr'>προφήτου</span> <span class='ocrx_word' id='word_1_226' title='bbox 1624 561 1743 588; x_wconf 77' lang='grc' dir='ltr'><strong>διδάσκει</strong></span> <span class='ocrx_word' id='word_1_227' title='bbox 1757 582 1765 594; x_wconf 85' lang='grc'><em>,</em></span> 
     </span>
    </p>
   </div>
   <div class='ocr_carea' id='block_1_30' title="bbox 977 606 1765 642">
    <p class='ocr_par' dir='ltr' id='par_1_30' title="bbox 977 606 1765 642">
     <span class='ocr_line' id='line_1_30' title="bbox 977 606 1765 642; baseline 0.004 -10"><span class='ocrx_word' id='word_1_228' title='bbox 977 606 1063 640; x_wconf 84' lang='grc' dir='ltr'>λέγων</span> <span class='ocrx_word' id='word_1_229' title='bbox 1075 615 1082 622; x_wconf 91' lang='grc'><strong>·</strong></span> <span class='ocrx_word' id='word_1_230' title='bbox 1094 617 1103 633; x_wconf 81' lang='grc' dir='ltr'><strong>ι</strong></span> <span class='ocrx_word' id='word_1_231' title='bbox 1119 607 1213 638; x_wconf 86' lang='grc' dir='ltr'>Ἴδετε,</span> <span class='ocrx_word' id='word_1_232' title='bbox 1233 607 1310 638; x_wconf 77' lang='grc' dir='ltr'>ἴδετε,</span> <span class='ocrx_word' id='word_1_233' title='bbox 1328 608 1369 633; x_wconf 84' lang='grc' dir='ltr'>ὅτι</span> <span class='ocrx_word' id='word_1_234' title='bbox 1393 606 1448 641; x_wconf 78' lang='grc' dir='ltr'>ἐγώ</span> <span class='ocrx_word' id='word_1_235' title='bbox 1462 607 1530 642; x_wconf 76' lang='grc' dir='ltr'>εἰμι,</span> <span class='ocrx_word' id='word_1_236' title='bbox 1548 607 1594 634; x_wconf 74' lang='grc' dir='ltr'><strong>καὶ</strong></span> <span class='ocrx_word' id='word_1_237' title='bbox 1609 608 1659 634; x_wconf 87' lang='grc' dir='ltr'>οὐκ</span> <span class='ocrx_word' id='word_1_238' title='bbox 1675 608 1765 642; x_wconf 67' lang='grc' dir='ltr'>ἠλλοί-</span> 
     </span>
    </p>
   </div>
   <div class='ocr_carea' id='block_1_31' title="bbox 976 651 1769 687">
    <p class='ocr_par' dir='ltr' id='par_1_31' title="bbox 976 651 1769 687">
     <span class='ocr_line' id='line_1_31' title="bbox 976 651 1769 687; baseline 0 -9"><span class='ocrx_word' id='word_1_239' title='bbox 976 660 1059 686; x_wconf 85' lang='grc' dir='ltr'>ωμαι.</span> <span class='ocrx_word' id='word_1_240' title='bbox 1076 661 1085 677; x_wconf 82' lang='grc' dir='ltr'><strong>ι</strong></span> <span class='ocrx_word' id='word_1_241' title='bbox 1111 651 1156 677; x_wconf 89' lang='grc' dir='ltr'>Διὸ</span> <span class='ocrx_word' id='word_1_242' title='bbox 1180 651 1243 686; x_wconf 76' lang='grc' dir='ltr'>περὶ</span> <span class='ocrx_word' id='word_1_243' title='bbox 1265 651 1313 686; x_wconf 81' lang='grc' dir='ltr'><strong>μὲν</strong></span> <span class='ocrx_word' id='word_1_244' title='bbox 1336 651 1389 677; x_wconf 83' lang='grc' dir='ltr'><strong>τῶν</strong></span> <span class='ocrx_word' id='word_1_245' title='bbox 1413 651 1564 687; x_wconf 80' lang='grc' dir='ltr'>ἀνθρώπων</span> <span class='ocrx_word' id='word_1_246' title='bbox 1587 652 1615 678; x_wconf 78' lang='grc' dir='ltr'>ὲν</span> <span class='ocrx_word' id='word_1_247' title='bbox 1640 652 1769 686; x_wconf 29' lang='grc' dir='ltr'>Ψαλμοῖς.</span> 
     </span>
    </p>
   </div>
   <div class='ocr_carea' id='block_1_32' title="bbox 977 694 1764 732">
    <p class='ocr_par' dir='ltr' id='par_1_32' title="bbox 977 694 1764 732">
     <span class='ocr_line' id='line_1_32' title="bbox 977 694 1764 732; baseline 0 -9"><span class='ocrx_word' id='word_1_248' title='bbox 977 697 1078 732; x_wconf 79' lang='grc' dir='ltr'>ᾄδεται·</span> <span class='ocrx_word' id='word_1_249' title='bbox 1100 706 1109 722; x_wconf 76' lang='grc' dir='ltr'><strong>ι</strong></span> <span class='ocrx_word' id='word_1_250' title='bbox 1134 695 1205 730; x_wconf 86' lang='grc' dir='ltr'><strong>Ἐγὼ</strong></span> <span class='ocrx_word' id='word_1_251' title='bbox 1225 694 1291 723; x_wconf 80' lang='grc' dir='ltr'>εἶπα</span> <span class='ocrx_word' id='word_1_252' title='bbox 1308 697 1336 723; x_wconf 84' lang='grc' dir='ltr'>ὲν</span> <span class='ocrx_word' id='word_1_253' title='bbox 1357 698 1390 732; x_wconf 86' lang='grc' dir='ltr'>τῇ</span> <span class='ocrx_word' id='word_1_254' title='bbox 1413 697 1539 723; x_wconf 81' lang='grc' dir='ltr'>ἐκστάσει</span> <span class='ocrx_word' id='word_1_255' title='bbox 1557 705 1606 732; x_wconf 90' lang='grc' dir='ltr'>μου</span> <span class='ocrx_word' id='word_1_256' title='bbox 1620 703 1627 712; x_wconf 78' lang='grc'><strong><em>⁸</em></strong></span> <span class='ocrx_word' id='word_1_257' title='bbox 1645 697 1702 729; x_wconf 83' lang='grc' dir='ltr'><strong>Πᾶς</strong></span> <span class='ocrx_word' id='word_1_258' title='bbox 1718 698 1764 724; x_wconf 83' lang='grc' dir='ltr'><strong>ἄν·</strong></span> 
     </span>
    </p>
   </div>
   <div class='ocr_carea' id='block_1_33' title="bbox 978 741 1764 778">
    <p class='ocr_par' dir='ltr' id='par_1_33' title="bbox 978 741 1764 778">
     <span class='ocr_line' id='line_1_33' title="bbox 978 741 1764 778; baseline 0 -10"><span class='ocrx_word' id='word_1_259' title='bbox 978 741 1086 778; x_wconf 86' lang='grc' dir='ltr'>θρωπος</span> <span class='ocrx_word' id='word_1_260' title='bbox 1096 742 1215 777; x_wconf 81' lang='grc' dir='ltr'>ψεύστης</span> <span class='ocrx_word' id='word_1_261' title='bbox 1227 751 1234 758; x_wconf 91' lang='grc'>·</span> <span class='ocrx_word' id='word_1_262' title='bbox 1253 752 1262 768; x_wconf 74' lang='grc' dir='ltr'><strong>ι</strong></span> <span class='ocrx_word' id='word_1_263' title='bbox 1279 742 1344 778; x_wconf 76' lang='grc' dir='ltr'>περὶ</span> <span class='ocrx_word' id='word_1_264' title='bbox 1358 742 1386 768; x_wconf 83' lang='grc' dir='ltr'>δὲ</span> <span class='ocrx_word' id='word_1_265' title='bbox 1401 741 1447 769; x_wconf 84' lang='grc' dir='ltr'>τοῦ</span> <span class='ocrx_word' id='word_1_266' title='bbox 1463 742 1531 769; x_wconf 82' lang='grc' dir='ltr'>Θεοῦ</span> <span class='ocrx_word' id='word_1_267' title='bbox 1546 742 1650 778; x_wconf 87' lang='grc' dir='ltr'><strong>Μωσῆς</strong></span> <span class='ocrx_word' id='word_1_268' title='bbox 1673 744 1702 769; x_wconf 80' lang='grc' dir='ltr'><strong>ὲν</strong></span> <span class='ocrx_word' id='word_1_269' title='bbox 1725 743 1764 778; x_wconf 86' lang='grc' dir='ltr'><strong>τῷ</strong></span> 
     </span>
    </p>
   </div>
   <div class='ocr_carea' id='block_1_34' title="bbox 977 787 1763 824">
    <p class='ocr_par' dir='ltr' id='par_1_34' title="bbox 977 787 1763 824">
     <span class='ocr_line' id='line_1_34' title="bbox 977 787 1763 824; baseline -0.003 -9"><span class='ocrx_word' id='word_1_270' title='bbox 977 788 1051 823; x_wconf 88' lang='grc' dir='ltr'>νόμῳ</span> <span class='ocrx_word' id='word_1_271' title='bbox 1075 789 1218 824; x_wconf 83' lang='grc' dir='ltr'>μαρτυρεῖ,</span> <span class='ocrx_word' id='word_1_272' title='bbox 1242 788 1282 814; x_wconf 86' lang='grc' dir='ltr'>ὅτι</span> <span class='ocrx_word' id='word_1_273' title='bbox 1305 797 1314 813; x_wconf 79' lang='grc' dir='ltr'><strong>ι</strong></span> <span class='ocrx_word' id='word_1_274' title='bbox 1328 788 1342 814; x_wconf 83' lang='grc' dir='ltr'>ὁ</span> <span class='ocrx_word' id='word_1_275' title='bbox 1359 787 1424 819; x_wconf 84' lang='grc' dir='ltr'>Θεὸς</span> <span class='ocrx_word' id='word_1_276' title='bbox 1437 787 1533 819; x_wconf 83' lang='grc' dir='ltr'>πιστός</span> <span class='ocrx_word' id='word_1_277' title='bbox 1548 788 1606 814; x_wconf 77' lang='grc' dir='ltr'>ἐστι</span> <span class='ocrx_word' id='word_1_278' title='bbox 1630 787 1676 814; x_wconf 79' lang='grc' dir='ltr'><strong>καὶ</strong></span> <span class='ocrx_word' id='word_1_279' title='bbox 1698 787 1763 823; x_wconf 84' lang='grc' dir='ltr'>ἀλη-</span> 
     </span>
    </p>
   </div>
   <div class='ocr_carea' id='block_1_35' title="bbox 978 834 1087 866">
    <p class='ocr_par' dir='ltr' id='par_1_35' title="bbox 978 834 1087 866">
     <span class='ocr_line' id='line_1_35' title="bbox 978 834 1087 866; baseline 0 -6"><span class='ocrx_word' id='word_1_280' title='bbox 978 834 1059 866; x_wconf 83' lang='grc' dir='ltr'>θινός.</span> <span class='ocrx_word' id='word_1_281' title='bbox 1078 844 1087 860; x_wconf 76' lang='grc' dir='ltr'><strong>ι</strong></span> 
     </span>
    </p>
   </div>
   <div class='ocr_carea' id='block_1_36' title="bbox 178 869 921 919">
    <p class='ocr_par' dir='ltr' id='par_1_36' title="bbox 178 881 921 919">
     <span class='ocr_line' id='line_1_36' title="bbox 178 881 921 919; baseline 0.005 -11"><span class='ocrx_word' id='word_1_282' title='bbox 178 882 205 911; x_wconf 74' lang='lat'><strong>2.</strong></span> <span class='ocrx_word' id='word_1_283' title='bbox 217 881 265 908; x_wconf 83' lang='lat' dir='ltr'><strong>Vir</strong></span> <span class='ocrx_word' id='word_1_284' title='bbox 282 882 364 916; x_wconf 78' lang='lat' dir='ltr'><strong>igitur</strong></span> <span class='ocrx_word' id='word_1_285' title='bbox 375 883 420 909; x_wconf 85' lang='lat' dir='ltr'><strong>ille</strong></span> <span class='ocrx_word' id='word_1_286' title='bbox 434 881 573 910; x_wconf 86' lang='lat' dir='ltr'><strong>Christum</strong></span> <span class='ocrx_word' id='word_1_287' title='bbox 588 890 695 918; x_wconf 77' lang='lat' dir='ltr'><strong>gerens,</strong></span> <span class='ocrx_word' id='word_1_288' title='bbox 705 883 782 919; x_wconf 85' lang='lat' dir='ltr'><strong>quasi</strong></span> <span class='ocrx_word' id='word_1_289' title='bbox 793 891 826 912; x_wconf 83' lang='lat' dir='ltr'><strong>ex</strong></span> <span class='ocrx_word' id='word_1_290' title='bbox 842 885 921 913; x_wconf 62' lang='lat' dir='ltr'><strong>utris&lt;</strong></span> 
     </span>
    </p>
   </div>
   <div class='ocr_carea' id='block_1_37' title="bbox 972 869 1763 919">
    <p class='ocr_par' dir='ltr' id='par_1_37' title="bbox 1011 877 1763 916">
     <span class='ocr_line' id='line_1_37' title="bbox 1011 877 1763 916; baseline -0.003 -10"><span class='ocrx_word' id='word_1_291' title='bbox 1011 879 1038 906; x_wconf 72' lang='lat'><strong>2.</strong></span> <span class='ocrx_word' id='word_1_292' title='bbox 1060 880 1089 906; x_wconf 86' lang='grc' dir='ltr'><strong>Ὀ</strong></span> <span class='ocrx_word' id='word_1_293' title='bbox 1109 880 1175 914; x_wconf 80' lang='grc' dir='ltr'>γοῦν</span> <span class='ocrx_word' id='word_1_294' title='bbox 1199 879 1375 916; x_wconf 79' lang='grc' dir='ltr'>χριστοφόρος</span> <span class='ocrx_word' id='word_1_295' title='bbox 1396 879 1475 914; x_wconf 75' lang='grc' dir='ltr'>ἀνὴρ,</span> <span class='ocrx_word' id='word_1_296' title='bbox 1498 878 1536 910; x_wconf 82' lang='grc' dir='ltr'>ὡς</span> <span class='ocrx_word' id='word_1_297' title='bbox 1550 877 1579 911; x_wconf 78' lang='grc' dir='ltr'>ἐξ</span> <span class='ocrx_word' id='word_1_298' title='bbox 1600 878 1763 914; x_wconf 75' lang='grc' dir='ltr'><strong>ἀμφοτέρων</strong></span> 
     </span>
    </p>
   </div>
   <div class='ocr_carea' id='block_1_38' title="bbox 139 927 924 964">
    <p class='ocr_par' dir='ltr' id='par_1_38' title="bbox 139 927 924 964">
     <span class='ocr_line' id='line_1_38' title="bbox 139 927 924 964; baseline 0.005 -10"><span class='ocrx_word' id='word_1_299' title='bbox 139 935 191 964; x_wconf 82' lang='lat' dir='ltr'><strong>que</strong></span> <span class='ocrx_word' id='word_1_300' title='bbox 207 928 342 960; x_wconf 87' lang='lat' dir='ltr'><strong>eruditus,</strong></span> <span class='ocrx_word' id='word_1_301' title='bbox 366 927 412 955; x_wconf 88' lang='lat' dir='ltr'><strong>Dei</strong></span> <span class='ocrx_word' id='word_1_302' title='bbox 429 931 455 955; x_wconf 89' lang='lat' dir='ltr'><strong>et</strong></span> <span class='ocrx_word' id='word_1_303' title='bbox 470 928 529 963; x_wconf 86' lang='lat' dir='ltr'><strong>ipse</strong></span> <span class='ocrx_word' id='word_1_304' title='bbox 540 935 603 955; x_wconf 86' lang='lat' dir='ltr'><strong>cum</strong></span> <span class='ocrx_word' id='word_1_305' title='bbox 624 930 760 957; x_wconf 84' lang='lat' dir='ltr'><strong>creaturis</strong></span> <span class='ocrx_word' id='word_1_306' title='bbox 777 929 924 958; x_wconf 85' lang='lat' dir='ltr'><strong>discrimen</strong></span> 
     </span>
    </p>
   </div>
   <div class='ocr_carea' id='block_1_39' title="bbox 138 973 924 1008">
    <p class='ocr_par' dir='ltr' id='par_1_39' title="bbox 138 973 924 1008">
     <span class='ocr_line' id='line_1_39' title="bbox 138 973 924 1008; baseline 0.005 -8"><span class='ocrx_word' id='word_1_307' title='bbox 138 981 288 1008; x_wconf 82' lang='lat' dir='ltr'><strong>exponens,</strong></span> <span class='ocrx_word' id='word_1_308' title='bbox 303 974 340 1001; x_wconf 84' lang='lat' dir='ltr'><strong>ita</strong></span> <span class='ocrx_word' id='word_1_309' title='bbox 353 974 462 1001; x_wconf 84' lang='lat' dir='ltr'><strong>scribit:</strong></span> <span class='ocrx_word' id='word_1_310' title='bbox 478 983 487 999; x_wconf 79' lang='grc' dir='ltr'><strong>ι</strong></span> <span class='ocrx_word' id='word_1_311' title='bbox 502 973 543 1000; x_wconf 88' lang='lat' dir='ltr'><strong>Sit</strong></span> <span class='ocrx_word' id='word_1_312' title='bbox 556 981 620 1002; x_wconf 90' lang='lat' dir='ltr'><strong>vero</strong></span> <span class='ocrx_word' id='word_1_313' title='bbox 631 974 703 1002; x_wconf 89' lang='lat' dir='ltr'><strong>Deus</strong></span> <span class='ocrx_word' id='word_1_314' title='bbox 726 983 819 1008; x_wconf 88' lang='lat' dir='ltr'><strong>verax,</strong></span> <span class='ocrx_word' id='word_1_315' title='bbox 834 977 924 1005; x_wconf 89' lang='lat' dir='ltr'><strong>omnis</strong></span> 
     </span>
    </p>
   </div>
   <div class='ocr_carea' id='block_1_40' title="bbox 139 1018 922 1055">
    <p class='ocr_par' dir='ltr' id='par_1_40' title="bbox 139 1018 922 1055">
     <span class='ocr_line' id='line_1_40' title="bbox 139 1018 922 1055; baseline 0.004 -10"><span class='ocrx_word' id='word_1_316' title='bbox 139 1024 228 1046; x_wconf 89' lang='lat' dir='ltr'><strong>autem</strong></span> <span class='ocrx_word' id='word_1_317' title='bbox 254 1019 336 1046; x_wconf 86' lang='lat' dir='ltr'><strong>homo</strong></span> <span class='ocrx_word' id='word_1_318' title='bbox 355 1019 473 1046; x_wconf 83' lang='lat' dir='ltr'><strong>mendax</strong></span> <span class='ocrx_word' id='word_1_319' title='bbox 486 1020 518 1045; x_wconf 84' lang='lat'><strong>&quot;.</strong></span> <span class='ocrx_word' id='word_1_320' title='bbox 534 1028 544 1045; x_wconf 76' lang='grc' dir='ltr'><strong>ι</strong></span> <span class='ocrx_word' id='word_1_321' title='bbox 561 1018 650 1046; x_wconf 84' lang='lat' dir='ltr'><strong>Verus</strong></span> <span class='ocrx_word' id='word_1_322' title='bbox 667 1027 750 1055; x_wconf 87' lang='lat' dir='ltr'><strong>porro</strong></span> <span class='ocrx_word' id='word_1_323' title='bbox 773 1025 816 1048; x_wconf 86' lang='lat' dir='ltr'><strong>est</strong></span> <span class='ocrx_word' id='word_1_324' title='bbox 832 1020 922 1055; x_wconf 84' lang='lat' dir='ltr'><strong>Deus;</strong></span> 
     </span>
    </p>
   </div>
   <div class='ocr_carea' id='block_1_41' title="bbox 137 1065 923 1101">
    <p class='ocr_par' dir='ltr' id='par_1_41' title="bbox 137 1065 923 1101">
     <span class='ocr_line' id='line_1_41' title="bbox 137 1065 923 1101; baseline 0.005 -10"><span class='ocrx_word' id='word_1_325' title='bbox 137 1073 192 1092; x_wconf 88' lang='lat' dir='ltr'><strong>non</strong></span> <span class='ocrx_word' id='word_1_326' title='bbox 206 1065 270 1100; x_wconf 87' lang='lat' dir='ltr'><strong>quia</strong></span> <span class='ocrx_word' id='word_1_327' title='bbox 295 1073 350 1092; x_wconf 92' lang='lat' dir='ltr'><strong>non</strong></span> <span class='ocrx_word' id='word_1_328' title='bbox 365 1065 495 1092; x_wconf 88' lang='lat' dir='ltr'><strong>mentitur</strong></span> <span class='ocrx_word' id='word_1_329' title='bbox 510 1075 515 1092; x_wconf 93' lang='lat'><strong>:</strong></span> <span class='ocrx_word' id='word_1_330' title='bbox 530 1065 598 1092; x_wconf 91' lang='lat' dir='ltr'><strong>nihil</strong></span> <span class='ocrx_word' id='word_1_331' title='bbox 618 1066 717 1100; x_wconf 87' lang='lat' dir='ltr'><strong>quippe</strong></span> <span class='ocrx_word' id='word_1_332' title='bbox 732 1066 783 1101; x_wconf 91' lang='lat' dir='ltr'><strong>ipsi</strong></span> <span class='ocrx_word' id='word_1_333' title='bbox 796 1067 923 1094; x_wconf 80' lang='lat' dir='ltr'><strong>adversa-</strong></span> 
     </span>
    </p>
   </div>
   <div class='ocr_carea' id='block_1_42' title="bbox 137 1110 924 1145">
    <p class='ocr_par' dir='ltr' id='par_1_42' title="bbox 137 1110 924 1145">
     <span class='ocr_line' id='line_1_42' title="bbox 137 1110 924 1145; baseline 0.005 -9"><span class='ocrx_word' id='word_1_334' title='bbox 137 1115 197 1144; x_wconf 86' lang='lat' dir='ltr'><strong>tur;</strong></span> <span class='ocrx_word' id='word_1_335' title='bbox 213 1118 301 1145; x_wconf 88' lang='lat' dir='ltr'><strong>neque</strong></span> <span class='ocrx_word' id='word_1_336' title='bbox 316 1110 390 1145; x_wconf 82' lang='lat' dir='ltr'><strong>quia,</strong></span> <span class='ocrx_word' id='word_1_337' title='bbox 403 1110 631 1145; x_wconf 86' lang='lat' dir='ltr'><strong>quemadmodum</strong></span> <span class='ocrx_word' id='word_1_338' title='bbox 648 1111 741 1144; x_wconf 92' lang='lat' dir='ltr'><strong>homo,</strong></span> <span class='ocrx_word' id='word_1_339' title='bbox 760 1112 838 1139; x_wconf 84' lang='lat' dir='ltr'><strong>alteri</strong></span> <span class='ocrx_word' id='word_1_340' title='bbox 853 1114 924 1140; x_wconf 83' lang='lat' dir='ltr'><strong>veri-</strong></span> 
     </span>
    </p>
   </div>
   <div class='ocr_carea' id='block_1_43' title="bbox 136 1156 921 1192">
    <p class='ocr_par' dir='ltr' id='par_1_43' title="bbox 136 1156 921 1192">
     <span class='ocr_line' id='line_1_43' title="bbox 136 1156 921 1192; baseline 0.006 -10"><span class='ocrx_word' id='word_1_341' title='bbox 136 1160 219 1183; x_wconf 83' lang='lat' dir='ltr'><strong>tatem</strong></span> <span class='ocrx_word' id='word_1_342' title='bbox 242 1156 504 1184; x_wconf 71' lang='lat' dir='ltr'><strong>testiticaturmulli</strong></span> <span class='ocrx_word' id='word_1_343' title='bbox 528 1157 600 1184; x_wconf 91' lang='lat' dir='ltr'><strong>enim</strong></span> <span class='ocrx_word' id='word_1_344' title='bbox 629 1157 765 1186; x_wconf 72' lang='lat' dir='ltr'><strong>obnoxius</strong></span> <span class='ocrx_word' id='word_1_345' title='bbox 795 1162 853 1192; x_wconf 87' lang='lat' dir='ltr'><strong>est;</strong></span> <span class='ocrx_word' id='word_1_346' title='bbox 875 1160 921 1187; x_wconf 85' lang='lat' dir='ltr'><strong>sed</strong></span> 
     </span>
    </p>
   </div>
   <div class='ocr_carea' id='block_1_44' title="bbox 136 1202 923 1238">
    <p class='ocr_par' dir='ltr' id='par_1_44' title="bbox 136 1202 923 1238">
     <span class='ocr_line' id='line_1_44' title="bbox 136 1202 923 1238; baseline 0.005 -10"><span class='ocrx_word' id='word_1_347' title='bbox 136 1202 209 1236; x_wconf 89' lang='lat' dir='ltr'><strong>quod</strong></span> <span class='ocrx_word' id='word_1_348' title='bbox 234 1202 322 1236; x_wconf 87' lang='lat' dir='ltr'><strong>ipsam</strong></span> <span class='ocrx_word' id='word_1_349' title='bbox 344 1202 484 1230; x_wconf 82' lang='lat' dir='ltr'><strong>veritatem</strong></span> <span class='ocrx_word' id='word_1_350' title='bbox 511 1203 644 1237; x_wconf 79' lang='lat' dir='ltr'><strong>genuerit,</strong></span> <span class='ocrx_word' id='word_1_351' title='bbox 662 1203 794 1238; x_wconf 88' lang='lat' dir='ltr'><strong>Paterque</strong></span> <span class='ocrx_word' id='word_1_352' title='bbox 809 1205 844 1232; x_wconf 88' lang='lat' dir='ltr'><strong>sit</strong></span> <span class='ocrx_word' id='word_1_353' title='bbox 868 1205 923 1232; x_wconf 88' lang='lat' dir='ltr'><strong>Do-</strong></span> 
     </span>
    </p>
   </div>
   <div class='ocr_carea' id='block_1_45' title="bbox 136 1246 921 1285">
    <p class='ocr_par' dir='ltr' id='par_1_45' title="bbox 136 1246 921 1285">
     <span class='ocr_line' id='line_1_45' title="bbox 136 1246 921 1285; baseline 0.006 -12"><span class='ocrx_word' id='word_1_354' title='bbox 136 1247 215 1279; x_wconf 92' lang='lat' dir='ltr'><strong>mini,</strong></span> <span class='ocrx_word' id='word_1_355' title='bbox 228 1247 274 1281; x_wconf 89' lang='lat' dir='ltr'><strong>qui</strong></span> <span class='ocrx_word' id='word_1_356' title='bbox 286 1247 323 1273; x_wconf 88' lang='lat' dir='ltr'><strong>ait</strong></span> <span class='ocrx_word' id='word_1_357' title='bbox 336 1255 342 1272; x_wconf 86' lang='lat'><strong>:</strong></span> <span class='ocrx_word' id='word_1_358' title='bbox 353 1256 362 1273; x_wconf 74' lang='grc' dir='ltr'><strong>ι</strong></span> <span class='ocrx_word' id='word_1_359' title='bbox 377 1246 431 1282; x_wconf 83' lang='lat' dir='ltr'><strong>Ego</strong></span> <span class='ocrx_word' id='word_1_360' title='bbox 448 1255 507 1274; x_wconf 90' lang='lat' dir='ltr'><strong>sum</strong></span> <span class='ocrx_word' id='word_1_361' title='bbox 528 1247 628 1275; x_wconf 88' lang='lat' dir='ltr'><strong>veritas</strong></span> <span class='ocrx_word' id='word_1_362' title='bbox 636 1247 676 1274; x_wconf 75' lang='lat' dir='ltr'><strong>“z</strong></span> <span class='ocrx_word' id='word_1_363' title='bbox 690 1258 700 1274; x_wconf 74' lang='grc' dir='ltr'><strong>ι</strong></span> <span class='ocrx_word' id='word_1_364' title='bbox 713 1249 818 1276; x_wconf 87' lang='lat' dir='ltr'><strong>veritati</strong></span> <span class='ocrx_word' id='word_1_365' title='bbox 839 1257 921 1285; x_wconf 89' lang='lat' dir='ltr'><strong>porro</strong></span> 
     </span>
    </p>
   </div>
   <div class='ocr_carea' id='block_1_46' title="bbox 135 1292 920 1327">
    <p class='ocr_par' dir='ltr' id='par_1_46' title="bbox 135 1292 920 1327">
     <span class='ocr_line' id='line_1_46' title="bbox 135 1292 920 1327; baseline 0.006 -9"><span class='ocrx_word' id='word_1_366' title='bbox 135 1299 276 1327; x_wconf 88' lang='lat' dir='ltr'><strong>nunquam</strong></span> <span class='ocrx_word' id='word_1_367' title='bbox 296 1292 468 1320; x_wconf 84' lang='lat' dir='ltr'><strong>mendacium</strong></span> <span class='ocrx_word' id='word_1_368' title='bbox 487 1293 605 1320; x_wconf 86' lang='lat' dir='ltr'><strong>amicum</strong></span> <span class='ocrx_word' id='word_1_369' title='bbox 621 1292 712 1321; x_wconf 83' lang='lat' dir='ltr'><strong>fuerit.</strong></span> <span class='ocrx_word' id='word_1_370' title='bbox 727 1293 804 1322; x_wconf 84' lang='lat' dir='ltr'><strong>Unde</strong></span> <span class='ocrx_word' id='word_1_371' title='bbox 818 1297 920 1324; x_wconf 70' lang='lat' dir='ltr'><strong>verita-</strong></span> 
     </span>
    </p>
   </div>
   <div class='ocr_carea' id='block_1_47' title="bbox 135 1338 921 1375">
    <p class='ocr_par' dir='ltr' id='par_1_47' title="bbox 135 1338 921 1375">
     <span class='ocr_line' id='line_1_47' title="bbox 135 1338 921 1375; baseline 0.006 -11"><span class='ocrx_word' id='word_1_372' title='bbox 135 1341 190 1365; x_wconf 87' lang='lat' dir='ltr'><strong>tem</strong></span> <span class='ocrx_word' id='word_1_373' title='bbox 206 1338 328 1372; x_wconf 88' lang='lat' dir='ltr'><strong>quidem,</strong></span> <span class='ocrx_word' id='word_1_374' title='bbox 350 1339 426 1373; x_wconf 82' lang='lat' dir='ltr'><strong>iuxta</strong></span> <span class='ocrx_word' id='word_1_375' title='bbox 445 1339 669 1372; x_wconf 80' lang='lat' dir='ltr'><strong>Psalmistam&quot;,</strong></span> <span class='ocrx_word' id='word_1_376' title='bbox 692 1341 807 1375; x_wconf 86' lang='lat' dir='ltr'><strong>requirit</strong></span> <span class='ocrx_word' id='word_1_377' title='bbox 829 1341 921 1369; x_wconf 90' lang='lat' dir='ltr'><strong>Domi-</strong></span> 
     </span>
    </p>
   </div>
   <div class='ocr_carea' id='block_1_48' title="bbox 135 1384 920 1422">
    <p class='ocr_par' dir='ltr' id='par_1_48' title="bbox 135 1384 920 1422">
     <span class='ocr_line' id='line_1_48' title="bbox 135 1384 920 1422; baseline 0.005 -12"><span class='ocrx_word' id='word_1_378' title='bbox 135 1391 199 1415; x_wconf 88' lang='lat' dir='ltr'><strong>nus,</strong></span> <span class='ocrx_word' id='word_1_379' title='bbox 218 1384 390 1411; x_wconf 88' lang='lat' dir='ltr'><strong>mendacium</strong></span> <span class='ocrx_word' id='word_1_380' title='bbox 409 1392 475 1412; x_wconf 90' lang='lat' dir='ltr'><strong>vero</strong></span> <span class='ocrx_word' id='word_1_381' title='bbox 498 1385 548 1413; x_wconf 89' lang='lat' dir='ltr'><strong>abs</strong></span> <span class='ocrx_word' id='word_1_382' title='bbox 562 1392 592 1412; x_wconf 89' lang='lat' dir='ltr'><strong>se</strong></span> <span class='ocrx_word' id='word_1_383' title='bbox 615 1385 722 1420; x_wconf 89' lang='lat' dir='ltr'><strong>rejicit,</strong></span> <span class='ocrx_word' id='word_1_384' title='bbox 748 1387 920 1422; x_wconf 88' lang='lat' dir='ltr'><strong>alienumque</strong></span> 
     </span>
    </p>
   </div>
   <div class='ocr_carea' id='block_1_49' title="bbox 134 1429 920 1461">
    <p class='ocr_par' dir='ltr' id='par_1_49' title="bbox 134 1429 920 1461">
     <span class='ocr_line' id='line_1_49' title="bbox 134 1429 920 1461; baseline 0.003 -3"><span class='ocrx_word' id='word_1_385' title='bbox 134 1429 187 1458; x_wconf 78' lang='lat' dir='ltr'><strong>libi</strong></span> <span class='ocrx_word' id='word_1_386' title='bbox 203 1429 278 1461; x_wconf 81' lang='lat' dir='ltr'><strong>facit,</strong></span> <span class='ocrx_word' id='word_1_387' title='bbox 300 1430 344 1457; x_wconf 89' lang='lat' dir='ltr'><strong>his</strong></span> <span class='ocrx_word' id='word_1_388' title='bbox 372 1431 463 1458; x_wconf 87' lang='lat' dir='ltr'><strong>verbis</strong></span> <span class='ocrx_word' id='word_1_389' title='bbox 485 1440 490 1458; x_wconf 94' lang='lat'><strong>:</strong></span> <span class='ocrx_word' id='word_1_390' title='bbox 508 1441 517 1457; x_wconf 83' lang='grc' dir='ltr'><strong>ι</strong></span> <span class='ocrx_word' id='word_1_391' title='bbox 534 1430 597 1458; x_wconf 84' lang='lat' dir='ltr'><strong>Filii</strong></span> <span class='ocrx_word' id='word_1_392' title='bbox 623 1431 704 1459; x_wconf 84' lang='lat' dir='ltr'><strong>alieni</strong></span> <span class='ocrx_word' id='word_1_393' title='bbox 726 1433 833 1460; x_wconf 92' lang='lat' dir='ltr'><strong>mentiti</strong></span> <span class='ocrx_word' id='word_1_394' title='bbox 856 1438 920 1461; x_wconf 90' lang='lat' dir='ltr'><strong>sunt</strong></span> 
     </span>
    </p>
   </div>
   <div class='ocr_carea' id='block_1_50' title="bbox 135 1474 920 1511">
    <p class='ocr_par' dir='ltr' id='par_1_50' title="bbox 135 1474 920 1511">
     <span class='ocr_line' id='line_1_50' title="bbox 135 1474 920 1511; baseline 0.006 -10"><span class='ocrx_word' id='word_1_395' title='bbox 135 1475 242 1502; x_wconf 81' lang='lat' dir='ltr'><strong>mihi&quot;.</strong></span> <span class='ocrx_word' id='word_1_396' title='bbox 259 1485 268 1501; x_wconf 79' lang='grc' dir='ltr'><strong>ι</strong></span> <span class='ocrx_word' id='word_1_397' title='bbox 287 1474 391 1502; x_wconf 83' lang='lat' dir='ltr'><strong>Mentiti</strong></span> <span class='ocrx_word' id='word_1_398' title='bbox 414 1476 515 1511; x_wconf 87' lang='lat' dir='ltr'><strong>quippe</strong></span> <span class='ocrx_word' id='word_1_399' title='bbox 532 1481 596 1504; x_wconf 90' lang='lat' dir='ltr'><strong>sunt</strong></span> <span class='ocrx_word' id='word_1_400' title='bbox 610 1477 694 1504; x_wconf 72' lang='lat' dir='ltr'><strong>Judaei</strong></span> <span class='ocrx_word' id='word_1_401' title='bbox 714 1482 809 1505; x_wconf 82' lang='lat' dir='ltr'><strong>contra</strong></span> <span class='ocrx_word' id='word_1_402' title='bbox 826 1478 920 1506; x_wconf 79' lang='lat' dir='ltr'><strong>Salva-</strong></span> 
     </span>
    </p>
   </div>
   <div class='ocr_carea' id='block_1_51' title="bbox 135 1521 955 1573">
    <p class='ocr_par' dir='ltr' id='par_1_51' title="bbox 135 1521 955 1573">
     <span class='ocr_line' id='line_1_51' title="bbox 135 1521 955 1573; baseline 0.006 -26"><span class='ocrx_word' id='word_1_403' title='bbox 135 1525 233 1553; x_wconf 83' lang='lat' dir='ltr'><strong>torem,</strong></span> <span class='ocrx_word' id='word_1_404' title='bbox 247 1525 275 1548; x_wconf 87' lang='lat' dir='ltr'><strong>et</strong></span> <span class='ocrx_word' id='word_1_405' title='bbox 290 1529 352 1549; x_wconf 91' lang='lat' dir='ltr'><strong>cum</strong></span> <span class='ocrx_word' id='word_1_406' title='bbox 366 1529 395 1549; x_wconf 90' lang='lat' dir='ltr'><strong>se</strong></span> <span class='ocrx_word' id='word_1_407' title='bbox 410 1521 496 1557; x_wconf 81' lang='lat' dir='ltr'><strong>legem</strong></span> <span class='ocrx_word' id='word_1_408' title='bbox 510 1522 564 1558; x_wconf 77' lang='lat'><strong>62</strong></span> <span class='ocrx_word' id='word_1_409' title='bbox 580 1530 690 1550; x_wconf 87' lang='lat' dir='ltr'><strong>servare</strong></span> <span class='ocrx_word' id='word_1_410' title='bbox 714 1524 917 1559; x_wconf 84' lang='lat' dir='ltr'><strong>proﬁterentur,</strong></span> <span class='ocrx_word' id='word_1_411' title='bbox 933 1543 955 1573; x_wconf 63' lang='grc' dir='ltr'><strong><em>ε</em></strong></span> 
     </span>
    </p>
   </div>
   <div class='ocr_carea' id='block_1_52' title="bbox 134 1567 919 1605">
    <p class='ocr_par' dir='ltr' id='par_1_52' title="bbox 134 1567 919 1605">
     <span class='ocr_line' id='line_1_52' title="bbox 134 1567 919 1605; baseline 0.005 -11"><span class='ocrx_word' id='word_1_412' title='bbox 134 1574 307 1602; x_wconf 83' lang='lat' dir='ltr'><strong>nequaquam</strong></span> <span class='ocrx_word' id='word_1_413' title='bbox 325 1575 388 1595; x_wconf 88' lang='lat' dir='ltr'><strong>vere</strong></span> <span class='ocrx_word' id='word_1_414' title='bbox 401 1567 509 1601; x_wconf 80' lang='lat' dir='ltr'><strong>dixere;</strong></span> <span class='ocrx_word' id='word_1_415' title='bbox 523 1568 570 1595; x_wconf 84' lang='lat' dir='ltr'><strong>sed</strong></span> <span class='ocrx_word' id='word_1_416' title='bbox 588 1568 690 1603; x_wconf 87' lang='lat' dir='ltr'><strong>injuste</strong></span> <span class='ocrx_word' id='word_1_417' title='bbox 704 1577 766 1596; x_wconf 92' lang='lat' dir='ltr'><strong>cum</strong></span> <span class='ocrx_word' id='word_1_418' title='bbox 777 1570 825 1597; x_wconf 86' lang='lat' dir='ltr'><strong>illo</strong></span> <span class='ocrx_word' id='word_1_419' title='bbox 839 1578 919 1605; x_wconf 77' lang='lat' dir='ltr'><strong>egere</strong></span> 
     </span>
    </p>
   </div>
   <div class='ocr_carea' id='block_1_53' title="bbox 133 1612 920 1650">
    <p class='ocr_par' dir='ltr' id='par_1_53' title="bbox 133 1612 920 1650">
     <span class='ocr_line' id='line_1_53' title="bbox 133 1612 920 1650; baseline 0.008 -12"><span class='ocrx_word' id='word_1_420' title='bbox 133 1613 180 1647; x_wconf 90' lang='lat' dir='ltr'><strong>qui</strong></span> <span class='ocrx_word' id='word_1_421' title='bbox 199 1620 258 1640; x_wconf 89' lang='lat' dir='ltr'><strong>eam</strong></span> <span class='ocrx_word' id='word_1_422' title='bbox 278 1612 401 1646; x_wconf 85' lang='lat' dir='ltr'><strong>dederat,</strong></span> <span class='ocrx_word' id='word_1_423' title='bbox 414 1621 476 1640; x_wconf 87' lang='lat' dir='ltr'><strong>cum</strong></span> <span class='ocrx_word' id='word_1_424' title='bbox 492 1621 541 1648; x_wconf 91' lang='lat' dir='ltr'><strong>pro</strong></span> <span class='ocrx_word' id='word_1_425' title='bbox 555 1614 619 1641; x_wconf 87' lang='lat' dir='ltr'><strong>data</strong></span> <span class='ocrx_word' id='word_1_426' title='bbox 630 1615 718 1650; x_wconf 76' lang='lat' dir='ltr'><strong>gratia</strong></span> <span class='ocrx_word' id='word_1_427' title='bbox 735 1620 849 1643; x_wconf 84' lang='lat' dir='ltr'><strong>mortem</strong></span> <span class='ocrx_word' id='word_1_428' title='bbox 867 1616 920 1644; x_wconf 79' lang='lat' dir='ltr'><strong>Do-</strong></span> 
     </span>
    </p>
   </div>
   <div class='ocr_carea' id='block_1_54' title="bbox 133 1658 920 1695">
    <p class='ocr_par' dir='ltr' id='par_1_54' title="bbox 133 1658 920 1695">
     <span class='ocr_line' id='line_1_54' title="bbox 133 1658 920 1695; baseline 0.008 -11"><span class='ocrx_word' id='word_1_429' title='bbox 133 1658 208 1684; x_wconf 88' lang='lat' dir='ltr'><strong>mino</strong></span> <span class='ocrx_word' id='word_1_430' title='bbox 226 1658 463 1685; x_wconf 85' lang='lat' dir='ltr'><strong>machinabantur.</strong></span> <span class='ocrx_word' id='word_1_431' title='bbox 480 1658 577 1686; x_wconf 82' lang='lat' dir='ltr'><strong>Merito</strong></span> <span class='ocrx_word' id='word_1_432' title='bbox 591 1660 673 1694; x_wconf 74' lang='lat' dir='ltr'><strong>igitur</strong></span> <span class='ocrx_word' id='word_1_433' title='bbox 692 1661 787 1695; x_wconf 85' lang='lat' dir='ltr'><strong>rejecti</strong></span> <span class='ocrx_word' id='word_1_434' title='bbox 804 1666 877 1695; x_wconf 89' lang='lat' dir='ltr'><strong>sunt,</strong></span> <span class='ocrx_word' id='word_1_435' title='bbox 893 1667 920 1690; x_wconf 91' lang='lat' dir='ltr'><strong>et</strong></span> 
     </span>
    </p>
   </div>
   <div class='ocr_carea' id='block_1_55' title="bbox 132 1700 917 1739">
    <p class='ocr_par' dir='ltr' id='par_1_55' title="bbox 132 1700 917 1739">
     <span class='ocr_line' id='line_1_55' title="bbox 132 1700 917 1739; baseline 0.008 -11"><span class='ocrx_word' id='word_1_436' title='bbox 132 1708 214 1736; x_wconf 85' lang='lat' dir='ltr'><strong>quam</strong></span> <span class='ocrx_word' id='word_1_437' title='bbox 233 1700 348 1728; x_wconf 88' lang='lat' dir='ltr'><strong>Domino</strong></span> <span class='ocrx_word' id='word_1_438' title='bbox 360 1707 474 1730; x_wconf 88' lang='lat' dir='ltr'><strong>mortem</strong></span> <span class='ocrx_word' id='word_1_439' title='bbox 494 1703 644 1731; x_wconf 76' lang='lat' dir='ltr'><strong>mendaciis</strong></span> <span class='ocrx_word' id='word_1_440' title='bbox 664 1705 722 1733; x_wconf 88' lang='lat' dir='ltr'><strong>suis</strong></span> <span class='ocrx_word' id='word_1_441' title='bbox 742 1706 917 1739; x_wconf 86' lang='lat' dir='ltr'><strong>induxerunt,</strong></span> 
     </span>
    </p>
   </div>
   <div class='ocr_carea' id='block_1_56' title="bbox 132 1746 919 1783">
    <p class='ocr_par' dir='ltr' id='par_1_56' title="bbox 132 1746 919 1783">
     <span class='ocr_line' id='line_1_56' title="bbox 132 1746 919 1783; baseline 0.009 -11"><span class='ocrx_word' id='word_1_442' title='bbox 132 1746 255 1773; x_wconf 85' lang='lat' dir='ltr'><strong>eamdem</strong></span> <span class='ocrx_word' id='word_1_443' title='bbox 270 1746 322 1773; x_wconf 86' lang='lat' dir='ltr'><strong>sibi</strong></span> <span class='ocrx_word' id='word_1_444' title='bbox 340 1746 391 1781; x_wconf 92' lang='lat' dir='ltr'><strong>ipsi</strong></span> <span class='ocrx_word' id='word_1_445' title='bbox 418 1751 576 1776; x_wconf 71' lang='lat' dir='ltr'><strong>attraxere:</strong></span> <span class='ocrx_word' id='word_1_446' title='bbox 595 1750 822 1783; x_wconf 84' lang='lat' dir='ltr'><strong>quemadmodum</strong></span> <span class='ocrx_word' id='word_1_447' title='bbox 846 1752 919 1779; x_wconf 79' lang='lat' dir='ltr'><strong>Ana-</strong></span> 
     </span>
    </p>
   </div>
   <div class='ocr_carea' id='block_1_57' title="bbox 131 1790 919 1833">
    <p class='ocr_par' dir='ltr' id='par_1_57' title="bbox 131 1790 919 1833">
     <span class='ocr_line' id='line_1_57' title="bbox 131 1790 919 1833; baseline 0.01 -16"><span class='ocrx_word' id='word_1_448' title='bbox 131 1791 193 1818; x_wconf 83' lang='lat' dir='ltr'><strong>nias</strong></span> <span class='ocrx_word' id='word_1_449' title='bbox 206 1795 231 1818; x_wconf 88' lang='lat' dir='ltr'><strong>et</strong></span> <span class='ocrx_word' id='word_1_450' title='bbox 244 1790 377 1826; x_wconf 88' lang='lat' dir='ltr'><strong>Sapphira</strong></span> <span class='ocrx_word' id='word_1_451' title='bbox 390 1793 419 1820; x_wconf 85' lang='lat' dir='ltr'><strong>in</strong></span> <span class='ocrx_word' id='word_1_452' title='bbox 432 1793 548 1821; x_wconf 79' lang='lat' dir='ltr'><strong>Actibus</strong></span> <span class='ocrx_word' id='word_1_453' title='bbox 569 1796 756 1830; x_wconf 88' lang='lat' dir='ltr'><strong>apostolorum</strong></span> <span class='ocrx_word' id='word_1_454' title='bbox 776 1805 782 1822; x_wconf 87' lang='lat'><strong>:</strong></span> <span class='ocrx_word' id='word_1_455' title='bbox 798 1798 919 1833; x_wconf 90' lang='lat' dir='ltr'><strong>quicum</strong></span> 
     </span>
    </p>
   </div>
   <div class='ocr_carea' id='block_1_58' title="bbox 132 1835 919 1878">
    <p class='ocr_par' dir='ltr' id='par_1_58' title="bbox 132 1835 919 1878">
     <span class='ocr_line' id='line_1_58' title="bbox 132 1835 919 1878; baseline 0.011 -16"><span class='ocrx_word' id='word_1_456' title='bbox 132 1841 194 1863; x_wconf 85' lang='lat' dir='ltr'><strong>vota</strong></span> <span class='ocrx_word' id='word_1_457' title='bbox 217 1835 272 1863; x_wconf 90' lang='lat' dir='ltr'><strong>Deo</strong></span> <span class='ocrx_word' id='word_1_458' title='bbox 293 1836 434 1869; x_wconf 80' lang='lat' dir='ltr'><strong>fecissent,</strong></span> <span class='ocrx_word' id='word_1_459' title='bbox 459 1846 491 1865; x_wconf 83' lang='lat' dir='ltr'><strong>ex</strong></span> <span class='ocrx_word' id='word_1_460' title='bbox 515 1839 587 1866; x_wconf 87' lang='lat' dir='ltr'><strong>votis</strong></span> <span class='ocrx_word' id='word_1_461' title='bbox 603 1840 662 1867; x_wconf 89' lang='lat' dir='ltr'><strong>suis</strong></span> <span class='ocrx_word' id='word_1_462' title='bbox 677 1840 820 1869; x_wconf 79' lang='lat' dir='ltr'><strong>detraxere</strong></span> <span class='ocrx_word' id='word_1_463' title='bbox 836 1852 842 1869; x_wconf 91' lang='lat'><strong>:</strong></span> <span class='ocrx_word' id='word_1_464' title='bbox 858 1851 919 1878; x_wconf 71' lang='lat' dir='ltr'><strong>qua:</strong></span> 
     </span>
    </p>
   </div>
   <div class='ocr_carea' id='block_1_59' title="bbox 132 1883 918 1920">
    <p class='ocr_par' dir='ltr' id='par_1_59' title="bbox 132 1883 918 1920">
     <span class='ocr_line' id='line_1_59' title="bbox 132 1883 918 1920; baseline 0.01 -11"><span class='ocrx_word' id='word_1_465' title='bbox 132 1890 177 1909; x_wconf 86' lang='lat' dir='ltr'><strong>res</strong></span> <span class='ocrx_word' id='word_1_466' title='bbox 192 1890 253 1909; x_wconf 89' lang='lat' dir='ltr'><strong>cum</strong></span> <span class='ocrx_word' id='word_1_467' title='bbox 268 1883 364 1910; x_wconf 85' lang='lat' dir='ltr'><strong>lateret</strong></span> <span class='ocrx_word' id='word_1_468' title='bbox 373 1884 444 1918; x_wconf 86' lang='lat' dir='ltr'><strong>aliis,</strong></span> <span class='ocrx_word' id='word_1_469' title='bbox 460 1885 534 1920; x_wconf 88' lang='lat' dir='ltr'><strong>ipsos</strong></span> <span class='ocrx_word' id='word_1_470' title='bbox 546 1887 667 1914; x_wconf 85' lang='lat' dir='ltr'><strong>veritatis</strong></span> <span class='ocrx_word' id='word_1_471' title='bbox 680 1887 805 1916; x_wconf 87' lang='lat' dir='ltr'><strong>minister</strong></span> <span class='ocrx_word' id='word_1_472' title='bbox 821 1888 918 1918; x_wconf 86' lang='lat' dir='ltr'><strong>Petrus</strong></span> 
     </span>
    </p>
   </div>
   <div class='ocr_carea' id='block_1_60' title="bbox 132 1927 916 1970">
    <p class='ocr_par' dir='ltr' id='par_1_60' title="bbox 132 1927 916 1970">
     <span class='ocr_line' id='line_1_60' title="bbox 132 1927 916 1970; baseline 0.01 -15"><span class='ocrx_word' id='word_1_473' title='bbox 132 1927 175 1955; x_wconf 91' lang='lat' dir='ltr'><strong>his</strong></span> <span class='ocrx_word' id='word_1_474' title='bbox 192 1928 282 1955; x_wconf 89' lang='lat' dir='ltr'><strong>verbis</strong></span> <span class='ocrx_word' id='word_1_475' title='bbox 300 1929 400 1964; x_wconf 82' lang='lat' dir='ltr'><strong>repulit</strong></span> <span class='ocrx_word' id='word_1_476' title='bbox 415 1939 422 1958; x_wconf 90' lang='lat'><strong>:</strong></span> <span class='ocrx_word' id='word_1_477' title='bbox 443 1939 452 1955; x_wconf 78' lang='grc' dir='ltr'><strong>ε</strong></span> <span class='ocrx_word' id='word_1_478' title='bbox 467 1930 527 1958; x_wconf 86' lang='lat' dir='ltr'><strong>Non</strong></span> <span class='ocrx_word' id='word_1_479' title='bbox 545 1932 675 1961; x_wconf 88' lang='lat' dir='ltr'><strong>mentitus</strong></span> <span class='ocrx_word' id='word_1_480' title='bbox 699 1941 730 1962; x_wconf 91' lang='lat' dir='ltr'><strong>es</strong></span> <span class='ocrx_word' id='word_1_481' title='bbox 750 1935 916 1970; x_wconf 85' lang='lat' dir='ltr'><strong>hominibus,</strong></span> 
     </span>
    </p>
   </div>
   <div class='ocr_carea' id='block_1_61' title="bbox 131 1973 917 2012">
    <p class='ocr_par' dir='ltr' id='par_1_61' title="bbox 131 1973 917 2012">
     <span class='ocr_line' id='line_1_61' title="bbox 131 1973 917 2012; baseline 0.01 -11"><span class='ocrx_word' id='word_1_482' title='bbox 131 1973 178 2001; x_wconf 81' lang='lat' dir='ltr'><strong>sed</strong></span> <span class='ocrx_word' id='word_1_483' title='bbox 195 1973 368 2009; x_wconf 70' lang='lat' dir='ltr'><strong>Deo&quot;.iQua</strong></span> <span class='ocrx_word' id='word_1_484' title='bbox 382 1975 409 2002; x_wconf 90' lang='lat' dir='ltr'><strong>in</strong></span> <span class='ocrx_word' id='word_1_485' title='bbox 425 1983 456 2003; x_wconf 87' lang='lat' dir='ltr'><strong>re</strong></span> <span class='ocrx_word' id='word_1_486' title='bbox 471 1983 598 2012; x_wconf 77' lang='lat' dir='ltr'><strong>magnum</strong></span> <span class='ocrx_word' id='word_1_487' title='bbox 611 1977 663 2005; x_wconf 81' lang='lat' dir='ltr'><strong>fuit</strong></span> <span class='ocrx_word' id='word_1_488' title='bbox 679 1979 839 2007; x_wconf 88' lang='lat' dir='ltr'><strong>miraculum</strong></span> <span class='ocrx_word' id='word_1_489' title='bbox 853 1990 859 2008; x_wconf 92' lang='lat'><strong>:</strong></span> <span class='ocrx_word' id='word_1_490' title='bbox 871 1981 917 2008; x_wconf 88' lang='lat' dir='ltr'><strong>ubi</strong></span> 
     </span>
    </p>
   </div>
   <div class='ocr_carea' id='block_1_62' title="bbox 131 2018 917 2054">
    <p class='ocr_par' dir='ltr' id='par_1_62' title="bbox 131 2018 917 2054">
     <span class='ocr_line' id='line_1_62' title="bbox 131 2018 917 2054; baseline 0.011 -9"><span class='ocrx_word' id='word_1_491' title='bbox 131 2018 205 2053; x_wconf 88' lang='lat' dir='ltr'><strong>quod</strong></span> <span class='ocrx_word' id='word_1_492' title='bbox 219 2019 294 2047; x_wconf 87' lang='lat' dir='ltr'><strong>solus</strong></span> <span class='ocrx_word' id='word_1_493' title='bbox 311 2024 391 2047; x_wconf 88' lang='lat' dir='ltr'><strong>norat</strong></span> <span class='ocrx_word' id='word_1_494' title='bbox 404 2019 512 2053; x_wconf 84' lang='lat' dir='ltr'><strong>Petrus,</strong></span> <span class='ocrx_word' id='word_1_495' title='bbox 529 2022 556 2049; x_wconf 90' lang='lat' dir='ltr'><strong>id</strong></span> <span class='ocrx_word' id='word_1_496' title='bbox 571 2023 684 2051; x_wconf 75' lang='lat' dir='ltr'><strong>Ananiae</strong></span> <span class='ocrx_word' id='word_1_497' title='bbox 696 2028 783 2052; x_wconf 78' lang='lat' dir='ltr'><strong>morte</strong></span> <span class='ocrx_word' id='word_1_498' title='bbox 790 2026 917 2054; x_wconf 90' lang='lat' dir='ltr'><strong>omnibus</strong></span> 
     </span>
    </p>
   </div>
   <div class='ocr_carea' id='block_1_63' title="bbox 131 2064 916 2104">
    <p class='ocr_par' dir='ltr' id='par_1_63' title="bbox 131 2064 916 2104">
     <span class='ocr_line' id='line_1_63' title="bbox 131 2064 916 2104; baseline 0.013 -14"><span class='ocrx_word' id='word_1_499' title='bbox 131 2064 220 2099; x_wconf 82' lang='lat' dir='ltr'><strong>palam</strong></span> <span class='ocrx_word' id='word_1_500' title='bbox 246 2064 326 2099; x_wconf 82' lang='lat' dir='ltr'><strong>fecit;</strong></span> <span class='ocrx_word' id='word_1_501' title='bbox 350 2065 388 2092; x_wconf 87' lang='lat' dir='ltr'><strong>ita</strong></span> <span class='ocrx_word' id='word_1_502' title='bbox 411 2070 441 2094; x_wconf 92' lang='lat' dir='ltr'><strong>ut</strong></span> <span class='ocrx_word' id='word_1_503' title='bbox 456 2074 536 2094; x_wconf 92' lang='lat' dir='ltr'><strong>nemo</strong></span> <span class='ocrx_word' id='word_1_504' title='bbox 565 2076 620 2096; x_wconf 89' lang='lat' dir='ltr'><strong>non</strong></span> <span class='ocrx_word' id='word_1_505' title='bbox 645 2074 796 2104; x_wconf 86' lang='lat' dir='ltr'><strong>vereretur,</strong></span> <span class='ocrx_word' id='word_1_506' title='bbox 823 2072 916 2100; x_wconf 86' lang='lat' dir='ltr'><strong>nullus</strong></span> 
     </span>
    </p>
   </div>
   <div class='ocr_carea' id='block_1_64' title="bbox 131 2111 659 2148">
    <p class='ocr_par' dir='ltr' id='par_1_64' title="bbox 131 2111 659 2148">
     <span class='ocr_line' id='line_1_64' title="bbox 131 2111 659 2148; baseline 0.008 -10"><span class='ocrx_word' id='word_1_507' title='bbox 131 2111 272 2147; x_wconf 73' lang='lat' dir='ltr'><strong>Sapphiraa</strong></span> <span class='ocrx_word' id='word_1_508' title='bbox 284 2113 436 2148; x_wconf 86' lang='lat' dir='ltr'><strong>exemplum</strong></span> <span class='ocrx_word' id='word_1_509' title='bbox 450 2121 504 2140; x_wconf 90' lang='lat' dir='ltr'><strong>non</strong></span> <span class='ocrx_word' id='word_1_510' title='bbox 517 2117 659 2142; x_wconf 88' lang='lat' dir='ltr'><strong>metueret.</strong></span> 
     </span>
    </p>
   </div>
   <div class='ocr_carea' id='block_1_65' title="bbox 163 2257 913 2300">
    <p class='ocr_par' dir='ltr' id='par_1_65' title="bbox 163 2257 913 2300">
     <span class='ocr_line' id='line_1_65' title="bbox 163 2257 913 2300; baseline 0.011 -16"><span class='ocrx_word' id='word_1_511' title='bbox 163 2259 190 2285; x_wconf 79' lang='grc'><strong>5.</strong></span> <span class='ocrx_word' id='word_1_512' title='bbox 205 2257 282 2286; x_wconf 88' lang='lat' dir='ltr'><strong>Scire</strong></span> <span class='ocrx_word' id='word_1_513' title='bbox 295 2259 394 2287; x_wconf 88' lang='lat' dir='ltr'><strong>etenim</strong></span> <span class='ocrx_word' id='word_1_514' title='bbox 405 2267 492 2295; x_wconf 88' lang='lat' dir='ltr'><strong>neque</strong></span> <span class='ocrx_word' id='word_1_515' title='bbox 508 2261 633 2296; x_wconf 80' lang='lat' dir='ltr'><strong>ignorare</strong></span> <span class='ocrx_word' id='word_1_516' title='bbox 648 2261 790 2295; x_wconf 88' lang='lat' dir='ltr'><strong>debemus,</strong></span> <span class='ocrx_word' id='word_1_517' title='bbox 806 2271 837 2291; x_wconf 84' lang='lat' dir='ltr'><strong>ea</strong></span> <span class='ocrx_word' id='word_1_518' title='bbox 852 2272 913 2300; x_wconf 70' lang='lat' dir='ltr'><strong>quae</strong></span> 
     </span>
    </p>
   </div>
   <div class='ocr_carea' id='block_1_66' title="bbox 130 2304 912 2341">
    <p class='ocr_par' dir='ltr' id='par_1_66' title="bbox 130 2304 912 2341">
     <span class='ocr_line' id='line_1_66' title="bbox 130 2304 912 2341; baseline 0.01 -10"><span class='ocrx_word' id='word_1_519' title='bbox 130 2304 185 2332; x_wconf 79' lang='lat' dir='ltr'><strong>Deo</strong></span> <span class='ocrx_word' id='word_1_520' title='bbox 202 2305 374 2340; x_wconf 85' lang='lat' dir='ltr'><strong>pollicemur,</strong></span> <span class='ocrx_word' id='word_1_521' title='bbox 392 2314 445 2334; x_wconf 91' lang='lat' dir='ltr'><strong>non</strong></span> <span class='ocrx_word' id='word_1_522' title='bbox 470 2307 504 2334; x_wconf 91' lang='lat' dir='ltr'><strong>ad</strong></span> <span class='ocrx_word' id='word_1_523' title='bbox 526 2316 576 2336; x_wconf 89' lang='lat' dir='ltr'><strong>nos</strong></span> <span class='ocrx_word' id='word_1_524' title='bbox 592 2309 672 2341; x_wconf 87' lang='lat' dir='ltr'><strong>ultra,</strong></span> <span class='ocrx_word' id='word_1_525' title='bbox 700 2309 748 2337; x_wconf 86' lang='lat' dir='ltr'><strong>sed</strong></span> <span class='ocrx_word' id='word_1_526' title='bbox 770 2310 803 2338; x_wconf 90' lang='lat' dir='ltr'><strong>ad</strong></span> <span class='ocrx_word' id='word_1_527' title='bbox 826 2310 912 2339; x_wconf 91' lang='lat' dir='ltr'><strong>Deum</strong></span> 
     </span>
    </p>
   </div>
   <div class='ocr_carea' id='block_1_67' title="bbox 129 2350 912 2393">
    <p class='ocr_par' dir='ltr' id='par_1_67' title="bbox 129 2350 912 2393">
     <span class='ocr_line' id='line_1_67' title="bbox 129 2350 912 2393; baseline 0.01 -17"><span class='ocrx_word' id='word_1_528' title='bbox 129 2350 275 2387; x_wconf 85' lang='lat' dir='ltr'><strong>pertinere.</strong></span> <span class='ocrx_word' id='word_1_529' title='bbox 293 2351 372 2384; x_wconf 87' lang='lat' dir='ltr'><strong>Quod</strong></span> <span class='ocrx_word' id='word_1_530' title='bbox 396 2353 418 2380; x_wconf 90' lang='lat' dir='ltr'><strong>si</strong></span> <span class='ocrx_word' id='word_1_531' title='bbox 435 2352 501 2388; x_wconf 83' lang='lat' dir='ltr'><strong>quid</strong></span> <span class='ocrx_word' id='word_1_532' title='bbox 527 2353 591 2382; x_wconf 88' lang='lat' dir='ltr'><strong>inde</strong></span> <span class='ocrx_word' id='word_1_533' title='bbox 606 2354 793 2388; x_wconf 87' lang='lat' dir='ltr'><strong>detrahamus,</strong></span> <span class='ocrx_word' id='word_1_534' title='bbox 813 2364 912 2393; x_wconf 86' lang='lat' dir='ltr'><strong>nequa-</strong></span> 
     </span>
    </p>
   </div>
   <div class='ocr_carea' id='block_1_68' title="bbox 127 2399 911 2438">
    <p class='ocr_par' dir='ltr' id='par_1_68' title="bbox 127 2399 911 2438">
     <span class='ocr_line' id='line_1_68' title="bbox 127 2399 911 2438; baseline 0.011 -17"><span class='ocrx_word' id='word_1_535' title='bbox 127 2403 209 2430; x_wconf 89' lang='lat' dir='ltr'><strong>quam</strong></span> <span class='ocrx_word' id='word_1_536' title='bbox 230 2401 325 2425; x_wconf 81' lang='lat' dir='ltr'><strong>nostra</strong></span> <span class='ocrx_word' id='word_1_537' title='bbox 350 2399 501 2432; x_wconf 80' lang='lat' dir='ltr'><strong>sumimus;</strong></span> <span class='ocrx_word' id='word_1_538' title='bbox 526 2399 574 2428; x_wconf 91' lang='lat' dir='ltr'><strong>sed</strong></span> <span class='ocrx_word' id='word_1_539' title='bbox 600 2408 660 2436; x_wconf 67' lang='lat' dir='ltr'><strong>quae</strong></span> <span class='ocrx_word' id='word_1_540' title='bbox 679 2400 724 2428; x_wconf 90' lang='lat' dir='ltr'><strong>Dei</strong></span> <span class='ocrx_word' id='word_1_541' title='bbox 744 2406 808 2430; x_wconf 89' lang='lat' dir='ltr'><strong>sunt</strong></span> <span class='ocrx_word' id='word_1_542' title='bbox 832 2403 911 2438; x_wconf 86' lang='lat' dir='ltr'><strong>quasi</strong></span> 
     </span>
    </p>
   </div>
   <div class='ocr_carea' id='block_1_69' title="bbox 126 2443 910 2483">
    <p class='ocr_par' dir='ltr' id='par_1_69' title="bbox 126 2443 910 2483">
     <span class='ocr_line' id='line_1_69' title="bbox 126 2443 910 2483; baseline 0.013 -15"><span class='ocrx_word' id='word_1_543' title='bbox 126 2443 288 2477; x_wconf 81' lang='lat' dir='ltr'><strong>expilamus.</strong></span> <span class='ocrx_word' id='word_1_544' title='bbox 302 2443 452 2473; x_wconf 88' lang='lat' dir='ltr'><strong>Promissio</strong></span> <span class='ocrx_word' id='word_1_545' title='bbox 458 2453 541 2481; x_wconf 90' lang='lat' dir='ltr'><strong>porro</strong></span> <span class='ocrx_word' id='word_1_546' title='bbox 555 2454 609 2474; x_wconf 92' lang='lat' dir='ltr'><strong>non</strong></span> <span class='ocrx_word' id='word_1_547' title='bbox 623 2447 656 2475; x_wconf 93' lang='lat' dir='ltr'><strong>ad</strong></span> <span class='ocrx_word' id='word_1_548' title='bbox 670 2448 800 2483; x_wconf 83' lang='lat' dir='ltr'><strong>pecunias</strong></span> <span class='ocrx_word' id='word_1_549' title='bbox 811 2450 910 2483; x_wconf 85' lang='lat' dir='ltr'><strong>solum,</strong></span> 
     </span>
    </p>
   </div>
   <div class='ocr_carea' id='block_1_70' title="bbox 159 2519 925 2560">
    <p class='ocr_par' dir='ltr' id='par_1_70' title="bbox 159 2519 925 2560">
     <span class='ocr_line' id='line_1_70' title="bbox 159 2519 925 2560; baseline 0.013 -14"><span class='ocrx_word' id='word_1_550' title='bbox 159 2520 169 2535; x_wconf 90' lang='lat'><strong><em>&quot;</em></strong></span> <span class='ocrx_word' id='word_1_551' title='bbox 190 2519 272 2560; x_wconf 53' lang='grc' dir='ltr'>θείη.</span> <span class='ocrx_word' id='word_1_552' title='bbox 288 2529 327 2553; x_wconf 89' lang='lat' dir='ltr'><strong>vt,</strong></span> <span class='ocrx_word' id='word_1_553' title='bbox 345 2521 388 2550; x_wconf 80' lang='grc'><strong>18.</strong></span> <span class='ocrx_word' id='word_1_554' title='bbox 408 2524 437 2560; x_wconf 19' lang='grc' dir='ltr'><strong>ξι</strong></span> <span class='ocrx_word' id='word_1_555' title='bbox 456 2522 534 2560; x_wconf 76' lang='lat' dir='ltr'><strong>Rom.</strong></span> <span class='ocrx_word' id='word_1_556' title='bbox 553 2532 589 2556; x_wconf 90' lang='lat' dir='ltr'><strong>tv,</strong></span> <span class='ocrx_word' id='word_1_557' title='bbox 606 2525 649 2552; x_wconf 83' lang='grc' dir='ltr'><strong>Π.</strong></span> <span class='ocrx_word' id='word_1_558' title='bbox 688 2525 820 2553; x_wconf 71' lang='lat' dir='ltr'><strong>&#39;Malach.</strong></span> <span class='ocrx_word' id='word_1_559' title='bbox 839 2535 880 2560; x_wconf 87' lang='lat' dir='ltr'><strong>tu,</strong></span> <span class='ocrx_word' id='word_1_560' title='bbox 898 2529 925 2557; x_wconf 88' lang='lat'><strong>6.</strong></span> 
     </span>
    </p>
   </div>
   <div class='ocr_carea' id='block_1_71' title="bbox 975 924 1762 960">
    <p class='ocr_par' dir='ltr' id='par_1_71' title="bbox 975 924 1762 960">
     <span class='ocr_line' id='line_1_71' title="bbox 975 924 1762 960; baseline -0.001 -8"><span class='ocrx_word' id='word_1_561' title='bbox 975 926 1078 952; x_wconf 80' lang='grc' dir='ltr'>τούτων</span> <span class='ocrx_word' id='word_1_562' title='bbox 1094 925 1258 957; x_wconf 76' lang='grc' dir='ltr'>παιδευθεὶς,</span> <span class='ocrx_word' id='word_1_563' title='bbox 1276 926 1322 951; x_wconf 72' lang='grc' dir='ltr'><strong>καὶ</strong></span> <span class='ocrx_word' id='word_1_564' title='bbox 1338 925 1419 957; x_wconf 82' lang='grc' dir='ltr'>αὐτὸς</span> <span class='ocrx_word' id='word_1_565' title='bbox 1434 925 1482 960; x_wconf 84' lang='grc' dir='ltr'><strong>τὴν</strong></span> <span class='ocrx_word' id='word_1_566' title='bbox 1496 924 1543 950; x_wconf 82' lang='grc' dir='ltr'><strong>τοῦ</strong></span> <span class='ocrx_word' id='word_1_567' title='bbox 1563 924 1630 951; x_wconf 84' lang='grc' dir='ltr'><strong>Θεοῦ</strong></span> <span class='ocrx_word' id='word_1_568' title='bbox 1646 925 1713 960; x_wconf 79' lang='grc' dir='ltr'>πρὸς</span> <span class='ocrx_word' id='word_1_569' title='bbox 1727 925 1762 951; x_wconf 80' lang='grc' dir='ltr'>τὰ</span> 
     </span>
    </p>
   </div>
   <div class='ocr_carea' id='block_1_72' title="bbox 974 970 1762 1006">
    <p class='ocr_par' dir='ltr' id='par_1_72' title="bbox 974 970 1762 1006">
     <span class='ocr_line' id='line_1_72' title="bbox 974 970 1762 1006; baseline -0.001 -9"><span class='ocrx_word' id='word_1_570' title='bbox 974 971 1075 1006; x_wconf 73' lang='grc' dir='ltr'>γενητὰ</span> <span class='ocrx_word' id='word_1_571' title='bbox 1092 971 1221 1006; x_wconf 73' lang='grc' dir='ltr'>διαφορὰν</span> <span class='ocrx_word' id='word_1_572' title='bbox 1240 970 1429 1006; x_wconf 78' lang='grc' dir='ltr'>ἐξηγούμενος,</span> <span class='ocrx_word' id='word_1_573' title='bbox 1444 970 1558 1006; x_wconf 81' lang='grc' dir='ltr'>γράφει·</span> <span class='ocrx_word' id='word_1_574' title='bbox 1579 980 1587 996; x_wconf 80' lang='grc' dir='ltr'><strong>ι</strong></span> <span class='ocrx_word' id='word_1_575' title='bbox 1603 970 1721 997; x_wconf 84' lang='grc' dir='ltr'>Γινέσθω</span> <span class='ocrx_word' id='word_1_576' title='bbox 1733 971 1762 997; x_wconf 79' lang='grc' dir='ltr'>δὲ</span> 
     </span>
    </p>
   </div>
   <div class='ocr_carea' id='block_1_73' title="bbox 973 1016 1762 1052">
    <p class='ocr_par' dir='ltr' id='par_1_73' title="bbox 973 1016 1762 1052">
     <span class='ocr_line' id='line_1_73' title="bbox 973 1016 1762 1052; baseline 0.001 -10"><span class='ocrx_word' id='word_1_577' title='bbox 973 1017 988 1042; x_wconf 84' lang='grc' dir='ltr'><strong>ὸ</strong></span> <span class='ocrx_word' id='word_1_578' title='bbox 1003 1016 1068 1048; x_wconf 83' lang='grc' dir='ltr'>Θεὸς</span> <span class='ocrx_word' id='word_1_579' title='bbox 1082 1016 1195 1052; x_wconf 80' lang='grc' dir='ltr'>ἀληθὴς,</span> <span class='ocrx_word' id='word_1_580' title='bbox 1207 1018 1260 1048; x_wconf 86' lang='grc' dir='ltr'><strong>πᾶς</strong></span> <span class='ocrx_word' id='word_1_581' title='bbox 1276 1017 1304 1043; x_wconf 79' lang='grc' dir='ltr'>δὲ</span> <span class='ocrx_word' id='word_1_582' title='bbox 1321 1017 1463 1052; x_wconf 82' lang='grc' dir='ltr'>ἄνθρωπος</span> <span class='ocrx_word' id='word_1_583' title='bbox 1472 1017 1600 1052; x_wconf 77' lang='grc' dir='ltr'>ψεύστης.</span> <span class='ocrx_word' id='word_1_584' title='bbox 1616 1026 1626 1042; x_wconf 83' lang='grc'><strong>›</strong></span> <span class='ocrx_word' id='word_1_585' title='bbox 1649 1016 1762 1052; x_wconf 78' lang='grc' dir='ltr'>’Δληθὴς</span> 
     </span>
    </p>
   </div>
   <div class='ocr_carea' id='block_1_74' title="bbox 972 1062 1762 1099">
    <p class='ocr_par' dir='ltr' id='par_1_74' title="bbox 972 1062 1762 1099">
     <span class='ocr_line' id='line_1_74' title="bbox 972 1062 1762 1099; baseline 0 -10"><span class='ocrx_word' id='word_1_586' title='bbox 972 1062 1000 1088; x_wconf 79' lang='grc' dir='ltr'><em>δέ</em></span> <span class='ocrx_word' id='word_1_587' title='bbox 1017 1064 1090 1089; x_wconf 82' lang='grc' dir='ltr'>ἐστιν</span> <span class='ocrx_word' id='word_1_588' title='bbox 1101 1064 1115 1089; x_wconf 83' lang='grc' dir='ltr'><strong>ό</strong></span> <span class='ocrx_word' id='word_1_589' title='bbox 1133 1063 1209 1095; x_wconf 82' lang='grc' dir='ltr'>Θεὸς,</span> <span class='ocrx_word' id='word_1_590' title='bbox 1225 1063 1274 1098; x_wconf 77' lang='grc' dir='ltr'>οὐχ</span> <span class='ocrx_word' id='word_1_591' title='bbox 1296 1063 1333 1094; x_wconf 83' lang='grc' dir='ltr'>ὡς</span> <span class='ocrx_word' id='word_1_592' title='bbox 1351 1063 1387 1098; x_wconf 85' lang='grc' dir='ltr'>μὴ</span> <span class='ocrx_word' id='word_1_593' title='bbox 1410 1062 1573 1098; x_wconf 72' lang='grc' dir='ltr'>ψευδόμενος</span> <span class='ocrx_word' id='word_1_594' title='bbox 1584 1070 1591 1078; x_wconf 83' lang='grc'>·</span> <span class='ocrx_word' id='word_1_595' title='bbox 1609 1062 1686 1089; x_wconf 79' lang='grc' dir='ltr'>οὐδὲν</span> <span class='ocrx_word' id='word_1_596' title='bbox 1707 1063 1762 1099; x_wconf 82' lang='grc' dir='ltr'><strong>γάρ</strong></span> 
     </span>
    </p>
   </div>
   <div class='ocr_carea' id='block_1_75' title="bbox 973 1108 1760 1144">
    <p class='ocr_par' dir='ltr' id='par_1_75' title="bbox 973 1108 1760 1144">
     <span class='ocr_line' id='line_1_75' title="bbox 973 1108 1760 1144; baseline -0.001 -9"><span class='ocrx_word' id='word_1_597' title='bbox 973 1109 1046 1135; x_wconf 83' lang='grc' dir='ltr'>ἐστιν</span> <span class='ocrx_word' id='word_1_598' title='bbox 1066 1109 1184 1135; x_wconf 75' lang='grc' dir='ltr'>ἐναντίον</span> <span class='ocrx_word' id='word_1_599' title='bbox 1202 1109 1291 1144; x_wconf 75' lang='grc' dir='ltr'>αὐτῷ’</span> <span class='ocrx_word' id='word_1_600' title='bbox 1309 1109 1369 1135; x_wconf 81' lang='grc' dir='ltr'>οὐδὲ</span> <span class='ocrx_word' id='word_1_601' title='bbox 1381 1108 1419 1140; x_wconf 88' lang='grc' dir='ltr'>ὠς</span> <span class='ocrx_word' id='word_1_602' title='bbox 1430 1108 1571 1143; x_wconf 83' lang='grc' dir='ltr'>ἄνθρωπος</span> <span class='ocrx_word' id='word_1_603' title='bbox 1586 1108 1672 1143; x_wconf 79' lang='grc' dir='ltr'>ἑτέρῳ</span> <span class='ocrx_word' id='word_1_604' title='bbox 1689 1116 1760 1144; x_wconf 88' lang='grc' dir='ltr'>μαρ-</span> 
     </span>
    </p>
   </div>
   <div class='ocr_carea' id='block_1_76' title="bbox 972 1154 1760 1191">
    <p class='ocr_par' dir='ltr' id='par_1_76' title="bbox 972 1154 1760 1191">
     <span class='ocr_line' id='line_1_76' title="bbox 972 1154 1760 1191; baseline -0.001 -10"><span class='ocrx_word' id='word_1_605' title='bbox 972 1155 1062 1191; x_wconf 81' lang='grc' dir='ltr'>τυρῶν</span> <span class='ocrx_word' id='word_1_606' title='bbox 1075 1155 1106 1182; x_wconf 83' lang='grc' dir='ltr'><strong>τὸ</strong></span> <span class='ocrx_word' id='word_1_607' title='bbox 1119 1155 1218 1190; x_wconf 80' lang='grc' dir='ltr'>ἀληθές</span> <span class='ocrx_word' id='word_1_608' title='bbox 1229 1164 1235 1170; x_wconf 84' lang='grc'><strong>”</strong></span> <span class='ocrx_word' id='word_1_609' title='bbox 1253 1155 1341 1182; x_wconf 72' lang='grc' dir='ltr'>οὐδενὶ</span> <span class='ocrx_word' id='word_1_610' title='bbox 1358 1155 1412 1190; x_wconf 86' lang='grc' dir='ltr'>γὰρ</span> <span class='ocrx_word' id='word_1_611' title='bbox 1429 1155 1576 1186; x_wconf 83' lang='grc' dir='ltr'>ὑπεύθυνός</span> <span class='ocrx_word' id='word_1_612' title='bbox 1592 1156 1665 1181; x_wconf 77' lang='grc' dir='ltr'>ἐστιν</span> <span class='ocrx_word' id='word_1_613' title='bbox 1678 1162 1685 1169; x_wconf 79' lang='grc'><em>”</em></span> <span class='ocrx_word' id='word_1_614' title='bbox 1703 1154 1760 1181; x_wconf 79' lang='grc' dir='ltr'>ἀλλ’</span> 
     </span>
    </p>
   </div>
   <div class='ocr_carea' id='block_1_77' title="bbox 971 1201 1760 1238">
    <p class='ocr_par' dir='ltr' id='par_1_77' title="bbox 971 1201 1760 1238">
     <span class='ocr_line' id='line_1_77' title="bbox 971 1201 1760 1238; baseline -0.003 -10"><span class='ocrx_word' id='word_1_615' title='bbox 971 1202 1009 1232; x_wconf 83' lang='grc' dir='ltr'>ὡς</span> <span class='ocrx_word' id='word_1_616' title='bbox 1025 1202 1108 1236; x_wconf 81' lang='grc' dir='ltr'>αὐτὴν</span> <span class='ocrx_word' id='word_1_617' title='bbox 1123 1202 1171 1238; x_wconf 76' lang='grc' dir='ltr'>τὴν</span> <span class='ocrx_word' id='word_1_618' title='bbox 1187 1202 1314 1238; x_wconf 89' lang='grc' dir='ltr'>ἀλήθειαν</span> <span class='ocrx_word' id='word_1_619' title='bbox 1328 1201 1440 1236; x_wconf 83' lang='grc' dir='ltr'><strong>γεννῶν,</strong></span> <span class='ocrx_word' id='word_1_620' title='bbox 1458 1201 1504 1228; x_wconf 74' lang='grc' dir='ltr'><strong>καὶ</strong></span> <span class='ocrx_word' id='word_1_621' title='bbox 1520 1201 1616 1236; x_wconf 79' lang='grc' dir='ltr'>Πατὴρ</span> <span class='ocrx_word' id='word_1_622' title='bbox 1630 1201 1760 1236; x_wconf 80' lang='grc' dir='ltr'><strong>ὑπάρχων</strong></span> 
     </span>
    </p>
   </div>
   <div class='ocr_carea' id='block_1_78' title="bbox 971 1246 1757 1283">
    <p class='ocr_par' dir='ltr' id='par_1_78' title="bbox 971 1246 1757 1283">
     <span class='ocr_line' id='line_1_78' title="bbox 971 1246 1757 1283; baseline -0.001 -10"><span class='ocrx_word' id='word_1_623' title='bbox 971 1246 1017 1273; x_wconf 80' lang='grc' dir='ltr'><strong>τοῦ</strong></span> <span class='ocrx_word' id='word_1_624' title='bbox 1039 1247 1141 1283; x_wconf 80' lang='grc' dir='ltr'>Κυρίου</span> <span class='ocrx_word' id='word_1_625' title='bbox 1166 1247 1309 1282; x_wconf 81' lang='grc' dir='ltr'>λέγοντος’</span> <span class='ocrx_word' id='word_1_626' title='bbox 1338 1257 1347 1273; x_wconf 73' lang='grc' dir='ltr'><strong>ι</strong></span> <span class='ocrx_word' id='word_1_627' title='bbox 1369 1247 1438 1282; x_wconf 87' lang='grc' dir='ltr'>Ἐγώ</span> <span class='ocrx_word' id='word_1_628' title='bbox 1464 1248 1521 1282; x_wconf 82' lang='grc' dir='ltr'>εἰμι</span> <span class='ocrx_word' id='word_1_629' title='bbox 1549 1247 1565 1282; x_wconf 88' lang='grc' dir='ltr'><strong>ή</strong></span> <span class='ocrx_word' id='word_1_630' title='bbox 1591 1246 1704 1282; x_wconf 81' lang='grc' dir='ltr'>ἀλήθεια</span> <span class='ocrx_word' id='word_1_631' title='bbox 1719 1255 1725 1261; x_wconf 92' lang='grc'>·</span> <span class='ocrx_word' id='word_1_632' title='bbox 1746 1257 1757 1273; x_wconf 71' lang='grc' dir='ltr'><strong>ι</strong></span> 
     </span>
    </p>
   </div>
   <div class='ocr_carea' id='block_1_79' title="bbox 971 1293 1756 1329">
    <p class='ocr_par' dir='ltr' id='par_1_79' title="bbox 971 1293 1756 1329">
     <span class='ocr_line' id='line_1_79' title="bbox 971 1293 1756 1329; baseline 0.001 -10"><span class='ocrx_word' id='word_1_633' title='bbox 971 1293 1098 1328; x_wconf 84' lang='grc' dir='ltr'><strong>ἀληθείας</strong></span> <span class='ocrx_word' id='word_1_634' title='bbox 1123 1294 1151 1320; x_wconf 85' lang='grc' dir='ltr'>δὲ</span> <span class='ocrx_word' id='word_1_635' title='bbox 1176 1294 1251 1328; x_wconf 85' lang='grc' dir='ltr'>φίλον</span> <span class='ocrx_word' id='word_1_636' title='bbox 1267 1294 1298 1320; x_wconf 84' lang='grc' dir='ltr'><strong>τὸ</strong></span> <span class='ocrx_word' id='word_1_637' title='bbox 1313 1294 1409 1329; x_wconf 84' lang='grc' dir='ltr'>ψεῦδος</span> <span class='ocrx_word' id='word_1_638' title='bbox 1431 1294 1481 1320; x_wconf 76' lang='grc' dir='ltr'>οὐκ</span> <span class='ocrx_word' id='word_1_639' title='bbox 1505 1293 1538 1320; x_wconf 75' lang='grc' dir='ltr'>ἄν</span> <span class='ocrx_word' id='word_1_640' title='bbox 1562 1302 1626 1320; x_wconf 85' lang='grc' dir='ltr'>ποτε</span> <span class='ocrx_word' id='word_1_641' title='bbox 1641 1293 1756 1327; x_wconf 82' lang='grc' dir='ltr'>γένοιτο.</span> 
     </span>
    </p>
   </div>
   <div class='ocr_carea' id='block_1_80' title="bbox 972 1339 1760 1375">
    <p class='ocr_par' dir='ltr' id='par_1_80' title="bbox 972 1339 1760 1375">
     <span class='ocr_line' id='line_1_80' title="bbox 972 1339 1760 1375; baseline 0.001 -9"><span class='ocrx_word' id='word_1_642' title='bbox 972 1339 1052 1366; x_wconf 82' lang='grc' dir='ltr'>Ὅθεν</span> <span class='ocrx_word' id='word_1_643' title='bbox 1068 1339 1196 1375; x_wconf 81' lang='grc' dir='ltr'>ἀληθείας</span> <span class='ocrx_word' id='word_1_644' title='bbox 1212 1340 1261 1374; x_wconf 83' lang='grc' dir='ltr'>μὲν</span> <span class='ocrx_word' id='word_1_645' title='bbox 1277 1339 1315 1375; x_wconf 90' lang='grc'><strong>(9)</strong></span> <span class='ocrx_word' id='word_1_646' title='bbox 1331 1340 1402 1367; x_wconf 85' lang='grc' dir='ltr'>κατὰ</span> <span class='ocrx_word' id='word_1_647' title='bbox 1417 1340 1461 1366; x_wconf 81' lang='grc' dir='ltr'><strong>τὸν</strong></span> <span class='ocrx_word' id='word_1_648' title='bbox 1478 1339 1622 1375; x_wconf 81' lang='grc' dir='ltr'>ψαλμῳδὸν</span> <span class='ocrx_word' id='word_1_649' title='bbox 1636 1340 1760 1375; x_wconf 79' lang='grc' dir='ltr'>ἐκζητῶν</span> 
     </span>
    </p>
   </div>
   <div class='ocr_carea' id='block_1_81' title="bbox 969 1385 1759 1421">
    <p class='ocr_par' dir='ltr' id='par_1_81' title="bbox 969 1385 1759 1421">
     <span class='ocr_line' id='line_1_81' title="bbox 969 1385 1759 1421; baseline 0.001 -10"><span class='ocrx_word' id='word_1_650' title='bbox 969 1386 984 1411; x_wconf 79' lang='grc' dir='ltr'><strong>ὁ</strong></span> <span class='ocrx_word' id='word_1_651' title='bbox 998 1386 1108 1421; x_wconf 81' lang='grc' dir='ltr'>Κύριος,</span> <span class='ocrx_word' id='word_1_652' title='bbox 1126 1385 1156 1412; x_wconf 87' lang='grc' dir='ltr'><strong>τὸ</strong></span> <span class='ocrx_word' id='word_1_653' title='bbox 1176 1386 1203 1412; x_wconf 85' lang='grc' dir='ltr'>δὲ</span> <span class='ocrx_word' id='word_1_654' title='bbox 1226 1386 1326 1420; x_wconf 62' lang='grc' dir='ltr'>ψεῦδος</span> <span class='ocrx_word' id='word_1_655' title='bbox 1350 1386 1396 1421; x_wconf 78' lang='grc' dir='ltr'><strong>ἀφ’</strong></span> <span class='ocrx_word' id='word_1_656' title='bbox 1414 1386 1509 1413; x_wconf 76' lang='grc' dir='ltr'>ἑαυτοῦ</span> <span class='ocrx_word' id='word_1_657' title='bbox 1525 1387 1625 1421; x_wconf 79' lang='grc' dir='ltr'>ῥίπτει,</span> <span class='ocrx_word' id='word_1_658' title='bbox 1650 1386 1697 1412; x_wconf 76' lang='grc' dir='ltr'><strong>καὶ</strong></span> <span class='ocrx_word' id='word_1_659' title='bbox 1712 1386 1759 1412; x_wconf 77' lang='grc' dir='ltr'>ἁλ-</span> 
     </span>
    </p>
   </div>
   <div class='ocr_carea' id='block_1_82' title="bbox 970 1430 1758 1468">
    <p class='ocr_par' dir='ltr' id='par_1_82' title="bbox 970 1430 1758 1468">
     <span class='ocr_line' id='line_1_82' title="bbox 970 1430 1758 1468; baseline 0.001 -11"><span class='ocrx_word' id='word_1_660' title='bbox 970 1430 1076 1466; x_wconf 81' lang='grc' dir='ltr'>λότριον</span> <span class='ocrx_word' id='word_1_661' title='bbox 1105 1433 1186 1464; x_wconf 84' lang='grc' dir='ltr'>ποιεῖ,</span> <span class='ocrx_word' id='word_1_662' title='bbox 1217 1431 1303 1465; x_wconf 85' lang='grc' dir='ltr'>λέγων</span> <span class='ocrx_word' id='word_1_663' title='bbox 1315 1440 1322 1446; x_wconf 89' lang='grc'><strong>·</strong></span> <span class='ocrx_word' id='word_1_664' title='bbox 1340 1442 1348 1457; x_wconf 81' lang='grc' dir='ltr'><strong>ι</strong></span> <span class='ocrx_word' id='word_1_665' title='bbox 1361 1431 1420 1458; x_wconf 74' lang='grc' dir='ltr'><strong>Υἱοὶ</strong></span> <span class='ocrx_word' id='word_1_666' title='bbox 1440 1431 1576 1468; x_wconf 80' lang='grc' dir='ltr'>ἀλλότριοι</span> <span class='ocrx_word' id='word_1_667' title='bbox 1610 1431 1758 1466; x_wconf 74' lang='grc' dir='ltr'>ἐψεύσαντο</span> 
     </span>
    </p>
   </div>
   <div class='ocr_carea' id='block_1_83' title="bbox 972 1477 1758 1514">
    <p class='ocr_par' dir='ltr' id='par_1_83' title="bbox 972 1477 1758 1514">
     <span class='ocr_line' id='line_1_83' title="bbox 972 1477 1758 1514; baseline 0 -10"><span class='ocrx_word' id='word_1_668' title='bbox 972 1486 1027 1512; x_wconf 89' lang='grc' dir='ltr'>μοι.</span> <span class='ocrx_word' id='word_1_669' title='bbox 1046 1487 1056 1504; x_wconf 71' lang='grc' dir='ltr'><strong>ι</strong></span> <span class='ocrx_word' id='word_1_670' title='bbox 1081 1477 1245 1512; x_wconf 75' lang='grc' dir='ltr'>Ἐψεύσαντο</span> <span class='ocrx_word' id='word_1_671' title='bbox 1264 1478 1318 1514; x_wconf 86' lang='grc' dir='ltr'><strong>γὰρ</strong></span> <span class='ocrx_word' id='word_1_672' title='bbox 1333 1479 1357 1504; x_wconf 76' lang='grc' dir='ltr'>οἱ</span> <span class='ocrx_word' id='word_1_673' title='bbox 1378 1478 1496 1505; x_wconf 86' lang='grc' dir='ltr'>Ἰουδαῖοι</span> <span class='ocrx_word' id='word_1_674' title='bbox 1509 1478 1579 1505; x_wconf 80' lang='grc' dir='ltr'>κατὰ</span> <span class='ocrx_word' id='word_1_675' title='bbox 1598 1478 1643 1505; x_wconf 83' lang='grc' dir='ltr'>τοῦ</span> <span class='ocrx_word' id='word_1_676' title='bbox 1667 1478 1758 1512; x_wconf 85' lang='grc' dir='ltr'><strong>Σωτῆ-</strong></span> 
     </span>
    </p>
   </div>
   <div class='ocr_carea' id='block_1_84' title="bbox 973 1523 1758 1560">
    <p class='ocr_par' dir='ltr' id='par_1_84' title="bbox 973 1523 1758 1560">
     <span class='ocr_line' id='line_1_84' title="bbox 973 1523 1758 1560; baseline 0 -10"><span class='ocrx_word' id='word_1_677' title='bbox 973 1532 1027 1559; x_wconf 83' lang='grc' dir='ltr'>ρος,</span> <span class='ocrx_word' id='word_1_678' title='bbox 1046 1524 1093 1550; x_wconf 70' lang='grc' dir='ltr'><strong>καὶ</strong></span> <span class='ocrx_word' id='word_1_679' title='bbox 1108 1523 1154 1550; x_wconf 84' lang='grc' dir='ltr'><strong>τὸν</strong></span> <span class='ocrx_word' id='word_1_680' title='bbox 1176 1524 1257 1560; x_wconf 84' lang='grc' dir='ltr'>νόμον</span> <span class='ocrx_word' id='word_1_681' title='bbox 1278 1524 1504 1559; x_wconf 75' lang='grc' dir='ltr'>ἐπαγγειλάμενοι</span> <span class='ocrx_word' id='word_1_682' title='bbox 1530 1523 1689 1559; x_wconf 77' lang='grc' dir='ltr'>φυλάττειν,</span> <span class='ocrx_word' id='word_1_683' title='bbox 1707 1524 1758 1550; x_wconf 79' lang='grc' dir='ltr'>οὐκ</span> 
     </span>
    </p>
   </div>
   <div class='ocr_carea' id='block_1_85' title="bbox 970 1570 1756 1606">
    <p class='ocr_par' dir='ltr' id='par_1_85' title="bbox 970 1570 1756 1606">
     <span class='ocr_line' id='line_1_85' title="bbox 970 1570 1756 1606; baseline 0.001 -11"><span class='ocrx_word' id='word_1_684' title='bbox 970 1570 1132 1605; x_wconf 75' lang='grc' dir='ltr'>ὴλήθευσαν,</span> <span class='ocrx_word' id='word_1_685' title='bbox 1152 1570 1222 1597; x_wconf 85' lang='grc' dir='ltr'><strong>ἀλλά</strong></span> <span class='ocrx_word' id='word_1_686' title='bbox 1244 1570 1419 1606; x_wconf 76' lang='grc' dir='ltr'>παρηνόμουν</span> <span class='ocrx_word' id='word_1_687' title='bbox 1443 1570 1513 1597; x_wconf 87' lang='grc' dir='ltr'>κατὰ</span> <span class='ocrx_word' id='word_1_688' title='bbox 1539 1570 1586 1597; x_wconf 83' lang='grc' dir='ltr'><strong>τοῦ</strong></span> <span class='ocrx_word' id='word_1_689' title='bbox 1610 1570 1756 1601; x_wconf 81' lang='grc' dir='ltr'>δεδωκότος</span> 
     </span>
    </p>
   </div>
   <div class='ocr_carea' id='block_1_86' title="bbox 970 1615 1755 1652">
    <p class='ocr_par' dir='ltr' id='par_1_86' title="bbox 970 1615 1755 1652">
     <span class='ocr_line' id='line_1_86' title="bbox 970 1615 1755 1652; baseline 0.001 -10"><span class='ocrx_word' id='word_1_690' title='bbox 970 1616 1060 1650; x_wconf 85' lang='grc' dir='ltr'>αὐτὸν,</span> <span class='ocrx_word' id='word_1_691' title='bbox 1077 1617 1191 1643; x_wconf 82' lang='grc' dir='ltr'>θάνατον</span> <span class='ocrx_word' id='word_1_692' title='bbox 1217 1617 1277 1644; x_wconf 76' lang='grc' dir='ltr'>ἀντὶ</span> <span class='ocrx_word' id='word_1_693' title='bbox 1302 1617 1413 1652; x_wconf 82' lang='grc' dir='ltr'>χάριτος</span> <span class='ocrx_word' id='word_1_694' title='bbox 1442 1616 1631 1652; x_wconf 84' lang='grc' dir='ltr'>μηχανώμενοι</span> <span class='ocrx_word' id='word_1_695' title='bbox 1649 1615 1686 1651; x_wconf 82' lang='grc' dir='ltr'><strong>τῷ</strong></span> <span class='ocrx_word' id='word_1_696' title='bbox 1703 1616 1755 1643; x_wconf 81' lang='grc' dir='ltr'><strong>Κυ-</strong></span> 
     </span>
    </p>
   </div>
   <div class='ocr_carea' id='block_1_87' title="bbox 971 1662 1756 1699">
    <p class='ocr_par' dir='ltr' id='par_1_87' title="bbox 971 1662 1756 1699">
     <span class='ocr_line' id='line_1_87' title="bbox 971 1662 1756 1699; baseline 0.003 -11"><span class='ocrx_word' id='word_1_697' title='bbox 971 1662 1030 1698; x_wconf 87' lang='grc' dir='ltr'>ρίῳ.</span> <span class='ocrx_word' id='word_1_698' title='bbox 1052 1663 1258 1698; x_wconf 81' lang='grc' dir='ltr'>Ἀπεσλήθησαν</span> <span class='ocrx_word' id='word_1_699' title='bbox 1271 1663 1336 1698; x_wconf 83' lang='grc' dir='ltr'>γοῦν</span> <span class='ocrx_word' id='word_1_700' title='bbox 1349 1663 1470 1696; x_wconf 78' lang='grc' dir='ltr'>εἰκότως,</span> <span class='ocrx_word' id='word_1_701' title='bbox 1488 1664 1536 1690; x_wconf 75' lang='grc' dir='ltr'>καὶ</span> <span class='ocrx_word' id='word_1_702' title='bbox 1553 1663 1593 1695; x_wconf 77' lang='grc' dir='ltr'><strong>ὃν,</strong></span> <span class='ocrx_word' id='word_1_703' title='bbox 1617 1662 1756 1699; x_wconf 75' lang='grc' dir='ltr'>ψευσάμε-</span> 
     </span>
    </p>
   </div>
   <div class='ocr_carea' id='block_1_88' title="bbox 970 1707 1757 1746">
    <p class='ocr_par' dir='ltr' id='par_1_88' title="bbox 970 1707 1757 1746">
     <span class='ocr_line' id='line_1_88' title="bbox 970 1707 1757 1746; baseline 0.004 -12"><span class='ocrx_word' id='word_1_704' title='bbox 970 1717 1019 1740; x_wconf 90' lang='grc' dir='ltr'>νοι,</span> <span class='ocrx_word' id='word_1_705' title='bbox 1037 1707 1107 1735; x_wconf 83' lang='grc' dir='ltr'><strong>κατά</strong></span> <span class='ocrx_word' id='word_1_706' title='bbox 1119 1708 1166 1735; x_wconf 82' lang='grc' dir='ltr'>τοῦ</span> <span class='ocrx_word' id='word_1_707' title='bbox 1186 1708 1287 1744; x_wconf 83' lang='grc' dir='ltr'>Κυρίου</span> <span class='ocrx_word' id='word_1_708' title='bbox 1306 1709 1419 1737; x_wconf 86' lang='grc' dir='ltr'>θάνατον</span> <span class='ocrx_word' id='word_1_709' title='bbox 1436 1711 1586 1746; x_wconf 75' lang='grc' dir='ltr'>ἐπήγαγον,</span> <span class='ocrx_word' id='word_1_710' title='bbox 1599 1708 1693 1736; x_wconf 83' lang='grc' dir='ltr'>τοῦτον</span> <span class='ocrx_word' id='word_1_711' title='bbox 1708 1711 1757 1737; x_wconf 82' lang='grc' dir='ltr'><strong>αὺ-</strong></span> 
     </span>
    </p>
   </div>
   <div class='ocr_carea' id='block_1_89' title="bbox 969 1754 1756 1790">
    <p class='ocr_par' dir='ltr' id='par_1_89' title="bbox 969 1754 1756 1790">
     <span class='ocr_line' id='line_1_89' title="bbox 969 1754 1756 1790; baseline 0.004 -10"><span class='ocrx_word' id='word_1_712' title='bbox 969 1754 1010 1780; x_wconf 75' lang='grc' dir='ltr'>τοὶ</span> <span class='ocrx_word' id='word_1_713' title='bbox 1022 1754 1083 1781; x_wconf 81' lang='grc' dir='ltr'>καθ’</span> <span class='ocrx_word' id='word_1_714' title='bbox 1100 1755 1204 1781; x_wconf 79' lang='grc' dir='ltr'>ἑαυτῶν</span> <span class='ocrx_word' id='word_1_715' title='bbox 1221 1755 1328 1790; x_wconf 78' lang='grc' dir='ltr'>ἀληθῶς</span> <span class='ocrx_word' id='word_1_716' title='bbox 1341 1756 1530 1783; x_wconf 78' lang='grc' dir='ltr'>ἐπεσπάσαντο</span> <span class='ocrx_word' id='word_1_717' title='bbox 1541 1764 1548 1771; x_wconf 95' lang='grc'><strong>·</strong></span> <span class='ocrx_word' id='word_1_718' title='bbox 1565 1756 1602 1788; x_wconf 85' lang='grc' dir='ltr'>ὡς</span> <span class='ocrx_word' id='word_1_719' title='bbox 1614 1757 1661 1783; x_wconf 72' lang='grc' dir='ltr'><strong>καὶ</strong></span> <span class='ocrx_word' id='word_1_720' title='bbox 1679 1757 1756 1783; x_wconf 82' lang='grc' dir='ltr'>Ἀνα-</span> 
     </span>
    </p>
   </div>
   <div class='ocr_carea' id='block_1_90' title="bbox 969 1800 1753 1839">
    <p class='ocr_par' dir='ltr' id='par_1_90' title="bbox 969 1800 1753 1839">
     <span class='ocr_line' id='line_1_90' title="bbox 969 1800 1753 1839; baseline 0.004 -12"><span class='ocrx_word' id='word_1_721' title='bbox 969 1800 1028 1833; x_wconf 91' lang='grc' dir='ltr'>νίας</span> <span class='ocrx_word' id='word_1_722' title='bbox 1049 1801 1096 1827; x_wconf 78' lang='grc' dir='ltr'><strong>καὶ</strong></span> <span class='ocrx_word' id='word_1_723' title='bbox 1109 1801 1252 1837; x_wconf 85' lang='grc' dir='ltr'>Σάπφειρα</span> <span class='ocrx_word' id='word_1_724' title='bbox 1266 1802 1294 1828; x_wconf 81' lang='grc' dir='ltr'>ὲν</span> <span class='ocrx_word' id='word_1_725' title='bbox 1309 1803 1369 1834; x_wconf 84' lang='grc' dir='ltr'>ταῖς</span> <span class='ocrx_word' id='word_1_726' title='bbox 1379 1801 1497 1839; x_wconf 83' lang='grc' dir='ltr'>Πράξεσι</span> <span class='ocrx_word' id='word_1_727' title='bbox 1513 1802 1566 1829; x_wconf 84' lang='grc' dir='ltr'><strong>τῶν</strong></span> <span class='ocrx_word' id='word_1_728' title='bbox 1580 1803 1734 1830; x_wconf 85' lang='grc' dir='ltr'>ἀποστόλων</span> <span class='ocrx_word' id='word_1_729' title='bbox 1746 1811 1753 1818; x_wconf 90' lang='grc'><strong>·</strong></span> 
     </span>
    </p>
   </div>
   <div class='ocr_carea' id='block_1_91' title="bbox 968 1846 1755 1885">
    <p class='ocr_par' dir='ltr' id='par_1_91' title="bbox 968 1846 1755 1885">
     <span class='ocr_line' id='line_1_91' title="bbox 968 1846 1755 1885; baseline 0.006 -14"><span class='ocrx_word' id='word_1_730' title='bbox 968 1846 1076 1878; x_wconf 83' lang='grc' dir='ltr'>οἵτινες,</span> <span class='ocrx_word' id='word_1_731' title='bbox 1107 1846 1271 1881; x_wconf 77' lang='grc' dir='ltr'>ἐπαγγελίαν</span> <span class='ocrx_word' id='word_1_732' title='bbox 1296 1846 1334 1883; x_wconf 83' lang='grc' dir='ltr'>τῷ</span> <span class='ocrx_word' id='word_1_733' title='bbox 1360 1847 1419 1883; x_wconf 85' lang='grc' dir='ltr'>Θεῷ</span> <span class='ocrx_word' id='word_1_734' title='bbox 1441 1848 1597 1881; x_wconf 77' lang='grc' dir='ltr'>δεδωκότες,</span> <span class='ocrx_word' id='word_1_735' title='bbox 1624 1849 1677 1876; x_wconf 87' lang='grc' dir='ltr'><strong>ἀπὸ</strong></span> <span class='ocrx_word' id='word_1_736' title='bbox 1705 1849 1755 1885; x_wconf 75' lang='grc' dir='ltr'>τῆς</span> 
     </span>
    </p>
   </div>
   <div class='ocr_carea' id='block_1_92' title="bbox 968 1891 1755 1930">
    <p class='ocr_par' dir='ltr' id='par_1_92' title="bbox 968 1891 1755 1930">
     <span class='ocr_line' id='line_1_92' title="bbox 968 1891 1755 1930; baseline 0.006 -13"><span class='ocrx_word' id='word_1_737' title='bbox 968 1891 1132 1926; x_wconf 71' lang='grc' dir='ltr'>ἐπαγγελίας</span> <span class='ocrx_word' id='word_1_738' title='bbox 1148 1892 1340 1927; x_wconf 81' lang='grc' dir='ltr'>ὲνοσφίσαντο·</span> <span class='ocrx_word' id='word_1_739' title='bbox 1358 1893 1405 1920; x_wconf 80' lang='grc' dir='ltr'>καὶ</span> <span class='ocrx_word' id='word_1_740' title='bbox 1417 1894 1480 1924; x_wconf 85' lang='grc' dir='ltr'>τοὺς</span> <span class='ocrx_word' id='word_1_741' title='bbox 1499 1895 1548 1930; x_wconf 83' lang='grc' dir='ltr'>μὲν</span> <span class='ocrx_word' id='word_1_742' title='bbox 1561 1894 1659 1927; x_wconf 77' lang='grc' dir='ltr'>ἄλλους</span> <span class='ocrx_word' id='word_1_743' title='bbox 1675 1895 1755 1922; x_wconf 74' lang='grc' dir='ltr'>ὲλάνο</span> 
     </span>
    </p>
   </div>
   <div class='ocr_carea' id='block_1_93' title="bbox 968 1937 1754 1976">
    <p class='ocr_par' dir='ltr' id='par_1_93' title="bbox 968 1937 1754 1976">
     <span class='ocr_line' id='line_1_93' title="bbox 968 1937 1754 1976; baseline 0.005 -12"><span class='ocrx_word' id='word_1_744' title='bbox 968 1937 1050 1965; x_wconf 87' lang='grc' dir='ltr'>θανον</span> <span class='ocrx_word' id='word_1_745' title='bbox 1061 1947 1067 1954; x_wconf 94' lang='grc'><strong>·</strong></span> <span class='ocrx_word' id='word_1_746' title='bbox 1084 1939 1099 1964; x_wconf 82' lang='grc' dir='ltr'><strong>ὁ</strong></span> <span class='ocrx_word' id='word_1_747' title='bbox 1117 1938 1145 1966; x_wconf 82' lang='grc' dir='ltr'>δὲ</span> <span class='ocrx_word' id='word_1_748' title='bbox 1165 1939 1216 1975; x_wconf 84' lang='grc' dir='ltr'>τῆς</span> <span class='ocrx_word' id='word_1_749' title='bbox 1239 1939 1368 1975; x_wconf 82' lang='grc' dir='ltr'>ἀληθείας</span> <span class='ocrx_word' id='word_1_750' title='bbox 1381 1940 1503 1972; x_wconf 83' lang='grc' dir='ltr'>διάκονος</span> <span class='ocrx_word' id='word_1_751' title='bbox 1525 1941 1628 1976; x_wconf 80' lang='grc' dir='ltr'>Πέτρος</span> <span class='ocrx_word' id='word_1_752' title='bbox 1642 1941 1754 1973; x_wconf 78' lang='grc' dir='ltr'>τούτους</span> 
     </span>
    </p>
   </div>
   <div class='ocr_carea' id='block_1_94' title="bbox 967 1984 1750 2022">
    <p class='ocr_par' dir='ltr' id='par_1_94' title="bbox 967 1984 1750 2022">
     <span class='ocr_line' id='line_1_94' title="bbox 967 1984 1750 2022; baseline 0.004 -11"><span class='ocrx_word' id='word_1_753' title='bbox 967 1984 1128 2017; x_wconf 87' lang='grc' dir='ltr'>ἀπωθεῖται,</span> <span class='ocrx_word' id='word_1_754' title='bbox 1143 1984 1229 2019; x_wconf 82' lang='grc' dir='ltr'>λέγων</span> <span class='ocrx_word' id='word_1_755' title='bbox 1240 1993 1246 2001; x_wconf 93' lang='grc'><strong>·</strong></span> <span class='ocrx_word' id='word_1_756' title='bbox 1266 1995 1274 2011; x_wconf 80' lang='grc' dir='ltr'><strong>ι</strong></span> <span class='ocrx_word' id='word_1_757' title='bbox 1285 1985 1341 2012; x_wconf 85' lang='grc' dir='ltr'>Οὐκ</span> <span class='ocrx_word' id='word_1_758' title='bbox 1357 1985 1464 2020; x_wconf 75' lang='grc' dir='ltr'>ἐψεύσω</span> <span class='ocrx_word' id='word_1_759' title='bbox 1488 1986 1650 2022; x_wconf 78' lang='grc' dir='ltr'>ἀνθρώποις,</span> <span class='ocrx_word' id='word_1_760' title='bbox 1681 1987 1750 2014; x_wconf 82' lang='grc' dir='ltr'><strong>ἀλλά</strong></span> 
     </span>
    </p>
   </div>
   <div class='ocr_carea' id='block_1_95' title="bbox 965 2029 1751 2067">
    <p class='ocr_par' dir='ltr' id='par_1_95' title="bbox 965 2029 1751 2067">
     <span class='ocr_line' id='line_1_95' title="bbox 965 2029 1751 2067; baseline 0.003 -10"><span class='ocrx_word' id='word_1_761' title='bbox 965 2030 1004 2066; x_wconf 82' lang='grc' dir='ltr'><strong>τῷ</strong></span> <span class='ocrx_word' id='word_1_762' title='bbox 1020 2030 1088 2066; x_wconf 80' lang='grc' dir='ltr'>Θεῷ.</span> <span class='ocrx_word' id='word_1_763' title='bbox 1107 2041 1116 2057; x_wconf 71' lang='grc' dir='ltr'><strong>ι</strong></span> <span class='ocrx_word' id='word_1_764' title='bbox 1146 2031 1189 2058; x_wconf 82' lang='grc' dir='ltr'>Ἐν</span> <span class='ocrx_word' id='word_1_765' title='bbox 1213 2029 1254 2063; x_wconf 69' lang='grc' dir='ltr'><strong>οἶς</strong></span> <span class='ocrx_word' id='word_1_766' title='bbox 1274 2032 1321 2058; x_wconf 81' lang='grc' dir='ltr'><strong>καὶ</strong></span> <span class='ocrx_word' id='word_1_767' title='bbox 1349 2031 1475 2067; x_wconf 84' lang='grc' dir='ltr'>μέγιστον</span> <span class='ocrx_word' id='word_1_768' title='bbox 1498 2032 1590 2067; x_wconf 83' lang='grc' dir='ltr'>θαῦμα</span> <span class='ocrx_word' id='word_1_769' title='bbox 1619 2033 1729 2067; x_wconf 71' lang='grc' dir='ltr'>γέγονεν</span> <span class='ocrx_word' id='word_1_770' title='bbox 1744 2041 1751 2047; x_wconf 90' lang='grc'>·</span> 
     </span>
    </p>
   </div>
   <div class='ocr_carea' id='block_1_96' title="bbox 966 2076 1752 2113">
    <p class='ocr_par' dir='ltr' id='par_1_96' title="bbox 966 2076 1752 2113">
     <span class='ocr_line' id='line_1_96' title="bbox 966 2076 1752 2113; baseline 0.004 -11"><span class='ocrx_word' id='word_1_771' title='bbox 966 2076 1034 2112; x_wconf 85' lang='grc' dir='ltr'>ὅπερ</span> <span class='ocrx_word' id='word_1_772' title='bbox 1050 2076 1104 2112; x_wconf 83' lang='grc' dir='ltr'>γὰρ</span> <span class='ocrx_word' id='word_1_773' title='bbox 1121 2077 1199 2112; x_wconf 86' lang='grc' dir='ltr'>μόνος</span> <span class='ocrx_word' id='word_1_774' title='bbox 1210 2077 1344 2111; x_wconf 80' lang='grc' dir='ltr'>ἠπίστατο</span> <span class='ocrx_word' id='word_1_775' title='bbox 1362 2077 1474 2113; x_wconf 84' lang='grc' dir='ltr'>Πέτρος,</span> <span class='ocrx_word' id='word_1_776' title='bbox 1492 2077 1570 2104; x_wconf 80' lang='grc' dir='ltr'>τοῦτο</span> <span class='ocrx_word' id='word_1_777' title='bbox 1585 2077 1624 2113; x_wconf 87' lang='grc' dir='ltr'>τῷ</span> <span class='ocrx_word' id='word_1_778' title='bbox 1645 2078 1752 2113; x_wconf 83' lang='grc' dir='ltr'>θανάτῳ</span> 
     </span>
    </p>
   </div>
   <div class='ocr_carea' id='block_1_97' title="bbox 966 2121 1752 2159">
    <p class='ocr_par' dir='ltr' id='par_1_97' title="bbox 966 2121 1752 2159">
     <span class='ocr_line' id='line_1_97' title="bbox 966 2121 1752 2159; baseline 0.004 -11"><span class='ocrx_word' id='word_1_779' title='bbox 966 2121 1004 2157; x_wconf 87' lang='grc' dir='ltr'>τῷ</span> <span class='ocrx_word' id='word_1_780' title='bbox 1020 2122 1085 2157; x_wconf 75' lang='grc' dir='ltr'>περὶ</span> <span class='ocrx_word' id='word_1_781' title='bbox 1093 2123 1138 2149; x_wconf 91' lang='grc' dir='ltr'><strong>τὸν</strong></span> <span class='ocrx_word' id='word_1_782' title='bbox 1159 2123 1283 2150; x_wconf 85' lang='grc' dir='ltr'>Ἀνανίαν</span> <span class='ocrx_word' id='word_1_783' title='bbox 1299 2124 1381 2150; x_wconf 76' lang='grc' dir='ltr'>πᾶσιν</span> <span class='ocrx_word' id='word_1_784' title='bbox 1400 2123 1571 2159; x_wconf 72' lang='grc' dir='ltr'>ἐφανέρωσεν</span> <span class='ocrx_word' id='word_1_785' title='bbox 1582 2132 1588 2139; x_wconf 68' lang='grc' dir='ltr'><strong>τ</strong></span> <span class='ocrx_word' id='word_1_786' title='bbox 1604 2123 1674 2150; x_wconf 78' lang='grc' dir='ltr'>ὥστε</span> <span class='ocrx_word' id='word_1_787' title='bbox 1689 2124 1752 2156; x_wconf 78' lang='grc' dir='ltr'>τοὺς</span> 
     </span>
    </p>
   </div>
   <div class='ocr_carea' id='block_1_98' title="bbox 967 2167 1751 2205">
    <p class='ocr_par' dir='ltr' id='par_1_98' title="bbox 967 2167 1751 2205">
     <span class='ocr_line' id='line_1_98' title="bbox 967 2167 1751 2205; baseline 0.004 -12"><span class='ocrx_word' id='word_1_788' title='bbox 967 2167 1070 2199; x_wconf 82' lang='grc' dir='ltr'>πάντας</span> <span class='ocrx_word' id='word_1_789' title='bbox 1094 2169 1134 2200; x_wconf 82' lang='grc' dir='ltr'>εἰς</span> <span class='ocrx_word' id='word_1_790' title='bbox 1159 2168 1300 2195; x_wconf 74' lang='grc' dir='ltr'>εὐλάϐειαν</span> <span class='ocrx_word' id='word_1_791' title='bbox 1332 2168 1429 2202; x_wconf 81' lang='grc' dir='ltr'>ἐλθεῖν,</span> <span class='ocrx_word' id='word_1_792' title='bbox 1458 2168 1552 2196; x_wconf 76' lang='grc' dir='ltr'>καὶτὸ</span> <span class='ocrx_word' id='word_1_793' title='bbox 1579 2170 1751 2205; x_wconf 82' lang='grc' dir='ltr'>παράδειγμα</span> 
     </span>
    </p>
   </div>
   <div class='ocr_carea' id='block_1_99' title="bbox 931 2213 1299 2250">
    <p class='ocr_par' dir='ltr' id='par_1_99' title="bbox 931 2213 1299 2250">
     <span class='ocr_line' id='line_1_99' title="bbox 931 2213 1299 2250; baseline 0.008 -11"><span class='ocrx_word' id='word_1_794' title='bbox 931 2217 953 2245; x_wconf 82' lang='grc' dir='ltr'><strong>Ι)</strong></span> <span class='ocrx_word' id='word_1_795' title='bbox 966 2213 1122 2249; x_wconf 77' lang='grc' dir='ltr'>Σαπφείρας</span> <span class='ocrx_word' id='word_1_796' title='bbox 1137 2214 1299 2250; x_wconf 77' lang='grc' dir='ltr'>φοϐηθῆναι.</span> 
     </span>
    </p>
   </div>
   <div class='ocr_carea' id='block_1_100' title="bbox 1001 2269 1748 2307">
    <p class='ocr_par' dir='ltr' id='par_1_100' title="bbox 1001 2269 1748 2307">
     <span class='ocr_line' id='line_1_100' title="bbox 1001 2269 1748 2307; baseline 0.005 -12"><span class='ocrx_word' id='word_1_797' title='bbox 1001 2269 1028 2296; x_wconf 76' lang='grc'><strong>5.</strong></span> <span class='ocrx_word' id='word_1_798' title='bbox 1048 2269 1094 2295; x_wconf 88' lang='grc' dir='ltr'>Δεῖ</span> <span class='ocrx_word' id='word_1_799' title='bbox 1121 2269 1174 2305; x_wconf 88' lang='grc' dir='ltr'><strong>γὰρ</strong></span> <span class='ocrx_word' id='word_1_800' title='bbox 1193 2269 1292 2296; x_wconf 80' lang='grc' dir='ltr'>εἰδέναι</span> <span class='ocrx_word' id='word_1_801' title='bbox 1314 2270 1361 2297; x_wconf 80' lang='grc' dir='ltr'>καὶ</span> <span class='ocrx_word' id='word_1_802' title='bbox 1386 2270 1423 2306; x_wconf 84' lang='grc' dir='ltr'>μὴ</span> <span class='ocrx_word' id='word_1_803' title='bbox 1446 2271 1552 2305; x_wconf 86' lang='grc' dir='ltr'>ἀγνοειν</span> <span class='ocrx_word' id='word_1_804' title='bbox 1575 2271 1642 2307; x_wconf 82' lang='grc'><strong>(10),</strong></span> <span class='ocrx_word' id='word_1_805' title='bbox 1666 2272 1705 2299; x_wconf 82' lang='grc' dir='ltr'>ὅτι</span> <span class='ocrx_word' id='word_1_806' title='bbox 1731 2271 1748 2299; x_wconf 75' lang='grc' dir='ltr'><strong>ἃ</strong></span> 
     </span>
    </p>
   </div>
   <div class='ocr_carea' id='block_1_101' title="bbox 964 2311 1782 2352">
    <p class='ocr_par' dir='ltr' id='par_1_101' title="bbox 964 2311 1782 2352">
     <span class='ocr_line' id='line_1_101' title="bbox 964 2311 1782 2352; baseline 0.005 -12"><span class='ocrx_word' id='word_1_807' title='bbox 964 2314 1186 2350; x_wconf 72' lang='grc' dir='ltr'>ἐπαγγελλόμεθα</span> <span class='ocrx_word' id='word_1_808' title='bbox 1196 2315 1265 2350; x_wconf 84' lang='grc' dir='ltr'>Θεῷ,</span> <span class='ocrx_word' id='word_1_809' title='bbox 1277 2316 1327 2342; x_wconf 84' lang='grc' dir='ltr'>οὐκ</span> <span class='ocrx_word' id='word_1_810' title='bbox 1341 2315 1380 2343; x_wconf 68' lang='grc' dir='ltr'>ἔτι</span> <span class='ocrx_word' id='word_1_811' title='bbox 1389 2316 1481 2343; x_wconf 84' lang='grc' dir='ltr'>λοιπόν</span> <span class='ocrx_word' id='word_1_812' title='bbox 1496 2318 1569 2343; x_wconf 76' lang='grc' dir='ltr'>ἐστιν</span> <span class='ocrx_word' id='word_1_813' title='bbox 1582 2317 1670 2352; x_wconf 83' lang='grc' dir='ltr'>ἡμῶν,</span> <span class='ocrx_word' id='word_1_814' title='bbox 1683 2317 1750 2344; x_wconf 84' lang='grc' dir='ltr'><strong>ἀλλά</strong></span> <span class='ocrx_word' id='word_1_815' title='bbox 1776 2311 1782 2319; x_wconf 46' lang='grc' dir='ltr'><strong>ί</strong></span> 
     </span>
    </p>
   </div>
   <div class='ocr_carea' id='block_1_102' title="bbox 964 2358 1747 2398">
    <p class='ocr_par' dir='ltr' id='par_1_102' title="bbox 964 2358 1747 2398">
     <span class='ocr_line' id='line_1_102' title="bbox 964 2358 1747 2398; baseline 0.001 -12"><span class='ocrx_word' id='word_1_816' title='bbox 964 2359 1023 2396; x_wconf 87' lang='grc' dir='ltr'>Θεῷ</span> <span class='ocrx_word' id='word_1_817' title='bbox 1042 2360 1174 2396; x_wconf 86' lang='grc' dir='ltr'>διαφέρει.</span> <span class='ocrx_word' id='word_1_818' title='bbox 1199 2362 1255 2388; x_wconf 77' lang='grc' dir='ltr'><strong>Καὶ</strong></span> <span class='ocrx_word' id='word_1_819' title='bbox 1278 2362 1326 2389; x_wconf 82' lang='grc' dir='ltr'><strong>ὲάν</strong></span> <span class='ocrx_word' id='word_1_820' title='bbox 1351 2358 1533 2398; x_wconf 83' lang='grc' dir='ltr'>ἀποσύρωμεν</span> <span class='ocrx_word' id='word_1_821' title='bbox 1557 2363 1611 2389; x_wconf 86' lang='grc' dir='ltr'><strong>ἀπὸ</strong></span> <span class='ocrx_word' id='word_1_822' title='bbox 1636 2362 1747 2393; x_wconf 82' lang='grc' dir='ltr'>τούτων,</span> 
     </span>
    </p>
   </div>
   <div class='ocr_carea' id='block_1_103' title="bbox 965 2405 1748 2443">
    <p class='ocr_par' dir='ltr' id='par_1_103' title="bbox 965 2405 1748 2443">
     <span class='ocr_line' id='line_1_103' title="bbox 965 2405 1748 2443; baseline 0.006 -12"><span class='ocrx_word' id='word_1_823' title='bbox 965 2406 1014 2440; x_wconf 80' lang='grc' dir='ltr'><strong>οὐχ</strong></span> <span class='ocrx_word' id='word_1_824' title='bbox 1037 2405 1075 2438; x_wconf 81' lang='grc' dir='ltr'>ὡς</span> <span class='ocrx_word' id='word_1_825' title='bbox 1087 2406 1122 2433; x_wconf 79' lang='grc' dir='ltr'>τὰ</span> <span class='ocrx_word' id='word_1_826' title='bbox 1136 2406 1215 2442; x_wconf 79' lang='grc' dir='ltr'>ἡμῶν</span> <span class='ocrx_word' id='word_1_827' title='bbox 1241 2408 1324 2443; x_wconf 73' lang='grc' dir='ltr'>ἐσμεν</span> <span class='ocrx_word' id='word_1_828' title='bbox 1349 2407 1533 2443; x_wconf 77' lang='grc' dir='ltr'>λαμὸάνοντες</span> <span class='ocrx_word' id='word_1_829' title='bbox 1547 2429 1553 2441; x_wconf 94' lang='grc'>,</span> <span class='ocrx_word' id='word_1_830' title='bbox 1579 2407 1637 2435; x_wconf 80' lang='grc' dir='ltr'>ἀλλ’</span> <span class='ocrx_word' id='word_1_831' title='bbox 1662 2409 1697 2440; x_wconf 60' lang='grc' dir='ltr'><strong>ὼ.</strong></span> <span class='ocrx_word' id='word_1_832' title='bbox 1714 2409 1748 2436; x_wconf 76' lang='grc' dir='ltr'>τὰ</span> 
     </span>
    </p>
   </div>
   <div class='ocr_carea' id='block_1_104' title="bbox 965 2451 1748 2491">
    <p class='ocr_par' dir='ltr' id='par_1_104' title="bbox 965 2451 1748 2491">
     <span class='ocr_line' id='line_1_104' title="bbox 965 2451 1748 2491; baseline 0.004 -13"><span class='ocrx_word' id='word_1_833' title='bbox 965 2451 1013 2478; x_wconf 80' lang='grc' dir='ltr'><strong>τοῦ</strong></span> <span class='ocrx_word' id='word_1_834' title='bbox 1030 2452 1098 2480; x_wconf 78' lang='grc' dir='ltr'>Θεοῦ</span> <span class='ocrx_word' id='word_1_835' title='bbox 1114 2452 1323 2489; x_wconf 77' lang='grc' dir='ltr'>ἱεροσυλοῦντες.</span> <span class='ocrx_word' id='word_1_836' title='bbox 1347 2454 1379 2481; x_wconf 85' lang='grc' dir='ltr'><strong>Ἦ</strong></span> <span class='ocrx_word' id='word_1_837' title='bbox 1399 2454 1428 2481; x_wconf 78' lang='grc' dir='ltr'>δὲ</span> <span class='ocrx_word' id='word_1_838' title='bbox 1445 2454 1595 2490; x_wconf 75' lang='grc' dir='ltr'>ἐπαγγελία</span> <span class='ocrx_word' id='word_1_839' title='bbox 1614 2455 1643 2481; x_wconf 84' lang='grc' dir='ltr'><strong>οὐ</strong></span> <span class='ocrx_word' id='word_1_840' title='bbox 1668 2454 1748 2491; x_wconf 76' lang='grc' dir='ltr'>μέχρι</span> 
     </span>
    </p>
   </div>
   <div class='ocr_carea' id='block_1_105' title="bbox 965 2529 1745 2566">
    <p class='ocr_par' dir='ltr' id='par_1_105' title="bbox 965 2529 1745 2566">
     <span class='ocr_line' id='line_1_105' title="bbox 965 2529 1745 2566; baseline 0.004 -9"><span class='ocrx_word' id='word_1_841' title='bbox 965 2530 986 2545; x_wconf 86' lang='grc'><strong>¹⁰</strong></span> <span class='ocrx_word' id='word_1_842' title='bbox 999 2529 1076 2566; x_wconf 65' lang='grc' dir='ltr'><strong>Ρςοι.</strong></span> <span class='ocrx_word' id='word_1_843' title='bbox 1094 2538 1155 2562; x_wconf 82' lang='lat' dir='ltr'><strong>cxv,</strong></span> <span class='ocrx_word' id='word_1_844' title='bbox 1174 2531 1216 2559; x_wconf 77' lang='grc'><strong>11.</strong></span> <span class='ocrx_word' id='word_1_845' title='bbox 1256 2533 1277 2548; x_wconf 86' lang='grc'>¹¹</span> <span class='ocrx_word' id='word_1_846' title='bbox 1294 2531 1372 2560; x_wconf 84' lang='lat' dir='ltr'><strong>Deut.</strong></span> <span class='ocrx_word' id='word_1_847' title='bbox 1389 2540 1480 2566; x_wconf 79' lang='lat' dir='ltr'><strong>xxxu,</strong></span> <span class='ocrx_word' id='word_1_848' title='bbox 1495 2532 1522 2560; x_wconf 82' lang='grc'><strong>4.</strong></span> <span class='ocrx_word' id='word_1_849' title='bbox 1561 2532 1583 2548; x_wconf 87' lang='lat'>“</span> <span class='ocrx_word' id='word_1_850' title='bbox 1601 2531 1680 2560; x_wconf 84' lang='lat' dir='ltr'><strong>Rom.</strong></span> <span class='ocrx_word' id='word_1_851' title='bbox 1698 2539 1745 2564; x_wconf 84' lang='lat' dir='ltr'><strong>tu.</strong></span> 
     </span>
    </p>
   </div>
   <div class='ocr_carea' id='block_1_106' title="bbox 125 2555 921 2600">
    <p class='ocr_par' dir='ltr' id='par_1_106' title="bbox 125 2555 921 2592">
     <span class='ocr_line' id='line_1_106' title="bbox 125 2555 921 2592; baseline 0.011 -11"><span class='ocrx_word' id='word_1_852' title='bbox 125 2555 152 2581; x_wconf 74' lang='grc'><strong>4.</strong></span> <span class='ocrx_word' id='word_1_853' title='bbox 191 2556 212 2571; x_wconf 86' lang='grc'><strong>¹¹</strong></span> <span class='ocrx_word' id='word_1_854' title='bbox 228 2555 307 2584; x_wconf 80' lang='lat' dir='ltr'><strong>Joan.</strong></span> <span class='ocrx_word' id='word_1_855' title='bbox 328 2565 388 2591; x_wconf 83' lang='lat' dir='ltr'><strong>xtv,</strong></span> <span class='ocrx_word' id='word_1_856' title='bbox 404 2558 431 2587; x_wconf 82' lang='lat'><strong>6.</strong></span> <span class='ocrx_word' id='word_1_857' title='bbox 469 2560 491 2575; x_wconf 67' lang='grc' dir='ltr'>ιδ</span> <span class='ocrx_word' id='word_1_858' title='bbox 511 2559 581 2587; x_wconf 84' lang='lat' dir='ltr'><strong>Psal.</strong></span> <span class='ocrx_word' id='word_1_859' title='bbox 600 2568 667 2592; x_wconf 80' lang='lat' dir='ltr'><strong>xxx,</strong></span> <span class='ocrx_word' id='word_1_860' title='bbox 685 2560 730 2589; x_wconf 72' lang='grc'><strong>24.</strong></span> <span class='ocrx_word' id='word_1_861' title='bbox 769 2561 790 2577; x_wconf 77' lang='grc'><strong>¹⁸</strong></span> <span class='ocrx_word' id='word_1_862' title='bbox 810 2555 882 2590; x_wconf 64' lang='grc' dir='ltr'>Ρεειί</span> <span class='ocrx_word' id='word_1_863' title='bbox 898 2555 921 2590; x_wconf 51' lang='grc' dir='ltr'><strong>χλ</strong></span> 
     </span>
    </p>
   </div>
   <div class='ocr_carea' id='block_1_107' title="bbox 972 2555 1263 2600">
    <p class='ocr_par' dir='ltr' id='par_1_107' title="bbox 991 2555 1263 2600">
     <span class='ocr_line' id='line_1_107' title="bbox 991 2555 1263 2600; baseline 0.011 -8"><span class='ocrx_word' id='word_1_864' title='bbox 991 2555 1221 2600; x_wconf 57' lang='grc' dir='ltr'><strong>εἰςῗπλέιῖὲζ</strong></span> <span class='ocrx_word' id='word_1_865' title='bbox 1237 2567 1263 2595; x_wconf 73' lang='lat' dir='ltr'><strong>.t.</strong></span> 
     </span>
    </p>
   </div>
   <div class='ocr_carea' id='block_1_108' title="bbox 160 2665 907 2708">
    <p class='ocr_par' dir='ltr' id='par_1_108' title="bbox 160 2665 907 2708">
     <span class='ocr_line' id='line_1_108' title="bbox 160 2665 907 2708; baseline 0.012 -16"><span class='ocrx_word' id='word_1_866' title='bbox 160 2665 199 2701; x_wconf 92' lang='grc'><strong>(8)</strong></span> <span class='ocrx_word' id='word_1_867' title='bbox 219 2666 258 2708; x_wconf 66' lang='lat' dir='ltr'><strong>Ita</strong></span> <span class='ocrx_word' id='word_1_868' title='bbox 268 2667 380 2703; x_wconf 78' lang='lat' dir='ltr'><strong>Regius,</strong></span> <span class='ocrx_word' id='word_1_869' title='bbox 396 2669 556 2700; x_wconf 86' lang='lat' dir='ltr'><strong>Basiliensis</strong></span> <span class='ocrx_word' id='word_1_870' title='bbox 567 2676 592 2699; x_wconf 87' lang='lat' dir='ltr'><strong>et</strong></span> <span class='ocrx_word' id='word_1_871' title='bbox 604 2671 712 2708; x_wconf 79' lang='lat' dir='ltr'><strong>Anglic.</strong></span> <span class='ocrx_word' id='word_1_872' title='bbox 724 2677 808 2701; x_wconf 87' lang='lat' dir='ltr'><strong>recte.</strong></span> <span class='ocrx_word' id='word_1_873' title='bbox 824 2673 907 2707; x_wconf 90' lang='lat' dir='ltr'><strong>Editi,</strong></span> 
     </span>
    </p>
   </div>
   <div class='ocr_carea' id='block_1_109' title="bbox 123 2709 909 2798">
    <p class='ocr_par' dir='ltr' id='par_1_109' title="bbox 123 2709 909 2798">
     <span class='ocr_line' id='line_1_109' title="bbox 123 2709 909 2778; baseline 0.011 -16"><span class='ocrx_word' id='word_1_874' title='bbox 123 2709 331 2771; x_wconf 44' lang='grc' dir='ltr'><strong>γεῖξῖὶτίίὶινὲειε.</strong></span> <span class='ocrx_word' id='word_1_875' title='bbox 347 2739 374 2769; x_wconf 80' lang='grc'><strong>5,</strong></span> <span class='ocrx_word' id='word_1_876' title='bbox 411 2740 450 2771; x_wconf 85' lang='grc' dir='ltr'><strong>έν,</strong></span> <span class='ocrx_word' id='word_1_877' title='bbox 471 2740 557 2768; x_wconf 90' lang='lat' dir='ltr'><strong>deest.</strong></span> <span class='ocrx_word' id='word_1_878' title='bbox 575 2741 688 2775; x_wconf 88' lang='lat' dir='ltr'><strong>Ibidem,</strong></span> <span class='ocrx_word' id='word_1_879' title='bbox 701 2742 866 2778; x_wconf 78' lang='lat' dir='ltr'><strong>Anglicanus</strong></span> <span class='ocrx_word' id='word_1_880' title='bbox 882 2748 909 2772; x_wconf 89' lang='lat' dir='ltr'><strong>et</strong></span> 
     </span>
     <span class='ocr_line' id='line_1_110' title="bbox 123 2748 908 2798; baseline 0.001 -1"><span class='ocrx_word' id='word_1_881' title='bbox 123 2771 206 2798; x_wconf 80' lang='lat' dir='ltr'><strong>Basil.</strong></span> <span class='ocrx_word' id='word_1_882' title='bbox 218 2772 264 2798; x_wconf 81' lang='grc' dir='ltr'><strong>τὸν</strong></span> <span class='ocrx_word' id='word_1_883' title='bbox 274 2748 417 2798; x_wconf 43' lang='lat' dir='ltr'><strong>damnas:</strong></span> <span class='ocrx_word' id='word_1_884' title='bbox 425 2774 534 2798; x_wconf 71' lang='grc' dir='ltr'>ὲκῖῇτεῖ</span> <span class='ocrx_word' id='word_1_885' title='bbox 547 2779 561 2798; x_wconf 73' lang='grc' dir='ltr'>δι</span> <span class='ocrx_word' id='word_1_886' title='bbox 571 2777 672 2798; x_wconf 70' lang='grc' dir='ltr'><strong>Κύηιημ</strong></span> <span class='ocrx_word' id='word_1_887' title='bbox 694 2777 764 2798; x_wconf 67' lang='lat' dir='ltr'><strong>qus</strong></span> <span class='ocrx_word' id='word_1_888' title='bbox 782 2779 828 2798; x_wconf 66' lang='grc' dir='ltr'><strong>εδυ</strong></span> <span class='ocrx_word' id='word_1_889' title='bbox 839 2779 908 2798; x_wconf 59' lang='lat'><strong>4...)-</strong></span> 
     </span>
    </p>
   </div>
   <div class='ocr_carea' id='block_1_110' title="bbox 127 2773 908 2850">
    <p class='ocr_par' dir='ltr' id='par_1_110' title="bbox 127 2773 908 2850">
     <span class='ocr_line' id='line_1_111' title="bbox 127 2773 908 2814; baseline 0.01 -16"><span class='ocrx_word' id='word_1_890' title='bbox 127 2773 206 2799; x_wconf 81' lang='lat' dir='ltr'><strong>Busil.</strong></span> <span class='ocrx_word' id='word_1_891' title='bbox 218 2773 264 2798; x_wconf 84' lang='grc' dir='ltr'><strong>τὸν</strong></span> <span class='ocrx_word' id='word_1_892' title='bbox 274 2773 417 2808; x_wconf 79' lang='grc' dir='ltr'>ψαλμῳδὸν</span> <span class='ocrx_word' id='word_1_893' title='bbox 425 2774 474 2807; x_wconf 60' lang='lat' dir='ltr'><strong>ex:</strong></span> <span class='ocrx_word' id='word_1_894' title='bbox 493 2777 534 2802; x_wconf 87' lang='grc' dir='ltr'>τεῖ</span> <span class='ocrx_word' id='word_1_895' title='bbox 547 2779 561 2803; x_wconf 74' lang='grc' dir='ltr'>δ</span> <span class='ocrx_word' id='word_1_896' title='bbox 571 2773 685 2813; x_wconf 68' lang='grc' dir='ltr'><strong>Κύριοςζ</strong></span> <span class='ocrx_word' id='word_1_897' title='bbox 694 2773 828 2810; x_wconf 63' lang='lat' dir='ltr'><strong>Editi,-toti</strong></span> <span class='ocrx_word' id='word_1_898' title='bbox 839 2779 908 2814; x_wconf 79' lang='grc' dir='ltr'>ψαλ-</span> 
     </span>
     <span class='ocr_line' id='line_1_112' title="bbox 127 2784 907 2850; baseline 0.01 -16"><span class='ocrx_word' id='word_1_899' title='bbox 127 2807 214 2843; x_wconf 80' lang='grc' dir='ltr'>μῳδόν</span> <span class='ocrx_word' id='word_1_900' title='bbox 223 2807 368 2843; x_wconf 79' lang='lat' dir='ltr'><strong>(Commel.</strong></span> <span class='ocrx_word' id='word_1_901' title='bbox 383 2784 538 2847; x_wconf 50' lang='grc' dir='ltr'>ψαλμιρῖὸὸν)</span> <span class='ocrx_word' id='word_1_902' title='bbox 556 2812 678 2848; x_wconf 79' lang='grc' dir='ltr'>ἐκζητῶν</span> <span class='ocrx_word' id='word_1_903' title='bbox 690 2813 823 2850; x_wconf 80' lang='grc' dir='ltr'>ὁΚύριος.</span> <span class='ocrx_word' id='word_1_904' title='bbox 836 2814 907 2848; x_wconf 79' lang='lat' dir='ltr'><strong>Mox,</strong></span> 
     </span>
    </p>
   </div>
   <div class='ocr_carea' id='block_1_111' title="bbox 961 2676 1746 2717">
    <p class='ocr_par' dir='ltr' id='par_1_111' title="bbox 961 2676 1746 2717">
     <span class='ocr_line' id='line_1_113' title="bbox 961 2676 1746 2717; baseline 0.01 -15"><span class='ocrx_word' id='word_1_905' title='bbox 961 2676 1128 2717; x_wconf 70' lang='lat' dir='ltr'><strong>Anglicanps</strong></span> <span class='ocrx_word' id='word_1_906' title='bbox 1143 2678 1229 2717; x_wconf 76' lang='lat' dir='ltr'><strong>solus,</strong></span> <span class='ocrx_word' id='word_1_907' title='bbox 1247 2687 1327 2714; x_wconf 91' lang='lat' dir='ltr'><strong>quem</strong></span> <span class='ocrx_word' id='word_1_908' title='bbox 1347 2680 1498 2717; x_wconf 86' lang='lat' dir='ltr'><strong>sequimur,</strong></span> <span class='ocrx_word' id='word_1_909' title='bbox 1511 2682 1541 2708; x_wconf 86' lang='grc' dir='ltr'><strong>τὸ</strong></span> <span class='ocrx_word' id='word_1_910' title='bbox 1554 2682 1582 2709; x_wconf 80' lang='grc' dir='ltr'>δὲ</span> <span class='ocrx_word' id='word_1_911' title='bbox 1595 2681 1701 2717; x_wconf 77' lang='grc' dir='ltr'>ψεῦδος.</span> <span class='ocrx_word' id='word_1_912' title='bbox 1718 2681 1746 2710; x_wconf 91' lang='lat' dir='ltr'><strong>in</strong></span> 
     </span>
    </p>
   </div>
   <div class='ocr_carea' id='block_1_112' title="bbox 961 2712 1226 2744">
    <p class='ocr_par' dir='ltr' id='par_1_112' title="bbox 961 2712 1226 2744">
     <span class='ocr_line' id='line_1_114' title="bbox 961 2712 1226 2744; baseline 0.015 -7"><span class='ocrx_word' id='word_1_913' title='bbox 961 2712 1078 2744; x_wconf 78' lang='lat' dir='ltr'><strong>caeteris,</strong></span> <span class='ocrx_word' id='word_1_914' title='bbox 1095 2712 1123 2739; x_wconf 80' lang='grc' dir='ltr'>δέ</span> <span class='ocrx_word' id='word_1_915' title='bbox 1140 2713 1226 2741; x_wconf 88' lang='lat' dir='ltr'><strong>deest.</strong></span> 
     </span>
    </p>
   </div>
   <div class='ocr_carea' id='block_1_113' title="bbox 998 2747 1743 2786">
    <p class='ocr_par' dir='ltr' id='par_1_113' title="bbox 998 2747 1743 2786">
     <span class='ocr_line' id='line_1_115' title="bbox 998 2747 1743 2786; baseline 0.009 -13"><span class='ocrx_word' id='word_1_916' title='bbox 998 2747 1053 2786; x_wconf 62' lang='lat' dir='ltr'><strong>(ip)</strong></span> <span class='ocrx_word' id='word_1_917' title='bbox 1073 2747 1146 2786; x_wconf 67' lang='lat' dir='ltr'><strong>Haec,</strong></span> <span class='ocrx_word' id='word_1_918' title='bbox 1164 2749 1211 2786; x_wconf 71' lang='grc' dir='ltr'>καὶ</span> <span class='ocrx_word' id='word_1_919' title='bbox 1229 2750 1265 2786; x_wconf 82' lang='grc' dir='ltr'><strong>μὴ</strong></span> <span class='ocrx_word' id='word_1_920' title='bbox 1281 2752 1396 2785; x_wconf 79' lang='grc' dir='ltr'>ἀγνοεῖν,</span> <span class='ocrx_word' id='word_1_921' title='bbox 1409 2751 1508 2779; x_wconf 86' lang='lat' dir='ltr'><strong>desunt</strong></span> <span class='ocrx_word' id='word_1_922' title='bbox 1532 2751 1560 2779; x_wconf 89' lang='lat' dir='ltr'><strong>in</strong></span> <span class='ocrx_word' id='word_1_923' title='bbox 1575 2751 1648 2780; x_wconf 77' lang='lat' dir='ltr'><strong>Felc.</strong></span> <span class='ocrx_word' id='word_1_924' title='bbox 1660 2752 1687 2780; x_wconf 80' lang='grc'><strong>5.</strong></span> <span class='ocrx_word' id='word_1_925' title='bbox 1703 2751 1743 2780; x_wconf 75' lang='lat' dir='ltr'><strong>ln-</strong></span> 
     </span>
    </p>
   </div>
   <div class='ocr_carea' id='block_1_114' title="bbox 963 2781 1579 2823">
    <p class='ocr_par' dir='ltr' id='par_1_114' title="bbox 963 2781 1579 2823">
     <span class='ocr_line' id='line_1_116' title="bbox 963 2781 1579 2823; baseline 0.013 -15"><span class='ocrx_word' id='word_1_926' title='bbox 963 2781 1003 2810; x_wconf 81' lang='lat' dir='ltr'><strong>l‘ra</strong></span> <span class='ocrx_word' id='word_1_927' title='bbox 1015 2781 1115 2818; x_wconf 77' lang='lat' dir='ltr'><strong>Regius</strong></span> <span class='ocrx_word' id='word_1_928' title='bbox 1130 2787 1157 2812; x_wconf 89' lang='lat' dir='ltr'><strong>et</strong></span> <span class='ocrx_word' id='word_1_929' title='bbox 1170 2781 1276 2821; x_wconf 70' lang='lat' dir='ltr'><strong>Anglic.</strong></span> <span class='ocrx_word' id='word_1_930' title='bbox 1293 2781 1339 2813; x_wconf 54' lang='lat' dir='ltr'><strong>saw</strong></span> <span class='ocrx_word' id='word_1_931' title='bbox 1355 2781 1544 2823; x_wconf 78' lang='grc' dir='ltr'>ὑποσύρωμεν.</span> <span class='ocrx_word' id='word_1_932' title='bbox 1577 2806 1579 2808; x_wconf 74' lang='lat'><strong>~</strong></span> 
     </span>
    </p>
   </div>
  </div>
