1915 3057
138 106 199 135 189

675 107 718 136 DE
738 105 903 136 PASSIONE
922 106 966 133 ET
986 105 1101 134 CRUCE
1118 104 1246 133 DOMINI.

1723 105 1769 132 190

138 167 299 202 χρημάτων
319 166 375 202 (Η)
400 167 477 202 μόνον
494 187 501 200 ,
530 167 597 196 ἀλλὰ
614 167 661 194 καὶ
685 167 767 203 μέχρι
782 167 861 202 λόγου
883 165 926 193 καὶ

982 164 1029 192 sed
1045 165 1126 192 etiam
1145 164 1179 191 ad
1198 163 1299 196 verba,
1322 163 1357 190 ad
1382 162 1604 198 propositumque
1629 163 1767 198 pertingit.

138 212 337 248 προαιρέσεως
361 213 447 248 αὐτῆς
470 213 576 248 φθάνει.
599 213 666 240 Οὐδὲ
690 213 745 248 γὰρ
766 214 793 239 εῐ
815 213 856 244 τίς
877 213 934 240 ἐστι

139 258 233 292 πένης
249 258 410 294 χρημάτων,
434 255 510 290 οὗτος
534 258 580 285 καὶ
605 259 799 294 προαιρέσεως.
827 258 934 294 Ἀμέλει

138 304 173 330 τὸ
201 303 272 338 μέγα
297 303 381 335 ὅντως
396 304 442 330 καὶ
459 303 529 330 θεῖον
555 305 703 339 μυστήριον
727 304 805 339 ἡμῶν
822 304 872 330 οὐκ
888 303 933 329 ἐπὶ

139 349 286 385 χρήμασιν
310 350 365 384 ἔχει
388 350 437 384 τὴν
452 349 615 384 ὑπόσχεσιν,
632 349 688 376 ἀλλ’
707 350 753 376 ἐπὶ
776 349 932 384 προαιρέσει

139 395 248 430 τελείᾳ,
263 395 310 422 καὶ
322 397 354 431 τῇ
371 396 442 423 κατὰ
455 396 520 422 θεὸν
536 395 635 423 πίστει.
654 395 757 427 Πάντες
770 395 835 429 γοῦν
848 396 932 429 ἐπηγ-

140 441 317 476 γειλάμεθα,
353 442 401 469 καὶ
424 443 526 474 πάντες
550 442 633 477 ὲσμὲν
655 440 819 475 ἐπαγγελίας
845 440 931 475 χρεῶ-

142 495 209 514 σται
221 496 228 502 ·
249 487 320 514 ὥστε
336 489 441 524 ἀνάγκη
461 488 613 515 ἀποδιδόναι
632 487 679 523 τὴν
705 487 752 522 μὲν
781 486 926 522 παρθένον,

142 532 196 568 τὴν
226 533 376 568 παρθενίαν
412 534 507 560 ὁποίαν
538 533 585 560 καὶ
612 531 812 567 ἐπηγγείλατο·
831 530 877 557 τὸν
902 529 932 557 δὲ

142 579 278 614 ἐγκρατῆ,
292 579 340 614 τὴν
353 579 527 614 ὲγκρςῑὶττιαν⁸
544 578 608 610 τοὺς
624 578 652 604 δὲ
664 579 692 604 ὲν
706 577 796 612 γάμῳ,
814 577 864 611 τὴν
880 584 931 603 σω-

143 624 294 659 φροσύνην,
310 624 356 651 καὶ
379 624 427 659 τὴν
449 624 517 659 πρὸς
534 623 663 659 ἀλλήλους
688 623 798 658 ἀγάπην
821 622 867 648 καὶ
889 630 930 648 τι-

145 669 201 704 μήν
211 677 217 684 ·
236 670 282 695 καὶ
294 669 369 700 τέλος
383 669 485 700 πάντας
497 670 546 704 τὴν
561 669 599 700 εἰς
611 668 675 695 Θεὸν
686 669 776 694 πίστιν
789 668 836 695 καὶ
852 667 930 694 εὐλά-

143 714 222 739 6ειαν
246 714 292 740 καὶ
315 713 503 748 δικαιοσύνην,
527 713 574 740 καὶ
612 713 738 749 ἀνδρίαν·
765 712 808 738 ἵνα
834 712 870 747 μὴ
893 712 930 743 ὡς

142 758 308 794 ἀγνώμονας
331 760 404 794 ἡμᾶς
425 759 456 785 τὸ
482 759 656 794 παράδειγμα
678 758 731 785 τῶν
756 758 820 793 περὶ
852 758 929 784 Ἀνα-

142 803 205 828 victv
222 803 278 838 (12)
307 803 355 829 καὶ
383 803 540 838 Σάπφειραν
567 803 718 839 καταλάϐῃ.
754 802 854 831 Τούτου
876 802 930 836 γὰρ

143 847 224 882 χάριν
245 847 292 873 καὶ
303 849 317 874 ὁ
333 847 510 878 ἀποστολικὸς
524 847 754 884 προασφαλίζεται
776 847 852 883 λόγος
864 857 870 862 ·
887 849 928 874 ὅτι
944 839 968 867 Β

146 903 155 918 ι
169 892 293 919 ’Δπὸδοτε
311 893 377 919 πᾶσι
389 893 437 925 τὰς
451 893 569 928 ὀφειλὰς,
581 893 620 928 τῷ
630 893 674 920 τὸν
689 894 770 930 φόρον
779 894 825 920 τὸν
836 894 926 930 φόρον·

142 936 184 972 τῷ
200 937 247 972 τὴν
266 937 348 972 τιμὴν
368 938 416 972 τὴν
437 939 528 974 τιμήν,
546 938 649 974 Μηδενὶ
679 939 761 974 μηδὲν
787 939 906 973 ὀφείλετε
920 959 928 971 ,

146 983 171 1008 εἰ
189 982 226 1018 μὴ
241 983 271 1009 τὸ
288 983 417 1018 ἀλλήλους
434 985 556 1019 ἀγαπᾷν.
584 994 594 1010 ι
610 984 694 1011 Τοῦτο
712 985 860 1020 πεποίηκεν
880 985 929 1011 αὺ-

143 1028 227 1060 τὸς¹6
249 1028 335 1056 ταῦτα
370 1029 520 1065 κηρύττων.
549 1030 652 1066 Ὥσπερ
675 1030 730 1065 (15)
756 1028 802 1056 οὖν
826 1031 931 1066 παρρη-

145 1073 266 1105 σιάζεται
283 1075 394 1110 γράφων
409 1083 416 1090 ·
437 1085 446 1100 ι
463 1075 515 1101 Τὺν
531 1075 611 1102 καλὸν
638 1075 731 1109 ἀγῶνα
759 1074 927 1110 ἡγώνισμαι”

144 1118 190 1145 τὸν
202 1119 300 1154 δρόμον
326 1119 464 1151 τετέλεκα,
486 1120 534 1155 τὴν
551 1120 641 1146 πίστιν
658 1121 815 1156 τετήρηκα·
837 1119 929 1146 λοιπὸν

143 1165 286 1191 ἀπόκειταί
303 1174 347 1200 μοι
365 1166 379 1192 ὁ
395 1166 446 1200 τῆς
467 1166 638 1201 δικαιοσύνης
659 1166 798 1200 στέφανος,
817 1165 849 1205 ηὸν
865 1167 929 1192 ἀπο-

143 1209 223 1237 δώσει
239 1219 283 1245 μοι
299 1213 313 1238 ὁ
336 1211 438 1243 δίκαιος
454 1212 559 1247 κριτής.
577 1222 586 1238 ι
611 1211 657 1247 Μὴ
684 1211 855 1247 ψευσάμενος
874 1212 927 1248 γὰρ

984 210 1043 238 Non
1057 210 1129 238 enim
1143 209 1268 245 quisquis
1284 208 1398 241 divitiis,
1409 208 1432 236 is
1444 209 1586 244 proposito
1601 217 1702 244 pauper
1714 214 1757 237 est

984 256 1064 284 Certe
1087 264 1150 283 vere
1171 263 1297 291 magnum
1319 255 1396 285 illud,
1412 254 1587 290 divinumque
1607 255 1766 290 mysterium

983 307 1119 335 nostrum,
1137 310 1190 329 non
1207 302 1235 328 in
1253 301 1375 337 pecuniis
1387 300 1468 327 habet
1482 301 1700 336 promissionem,
1719 301 1767 329 sed

983 349 1010 376 in
1027 348 1144 383 perfecto
1153 348 1293 383 proposito
1303 351 1329 374 et
1345 347 1396 374 ﬁde
1410 355 1474 383 erga
1488 347 1582 375 Deum.
1593 347 1692 376 Omnes
1702 355 1768 376 sane

983 395 1176 430 promittimus.
1198 401 1292 421 omnes
1311 393 1366 420 voti
1388 393 1525 421 debitores
1549 401 1660 424 sumus;
1675 393 1711 420 ita
1736 397 1767 420 ut

983 448 1127 467 necessum
1149 440 1184 467 sit
1201 446 1309 466 servare
1335 439 1467 473 virginem
1494 439 1770 474 virginitatem.qua-

982 485 1034 515 lem
1055 485 1196 520 promisit;
1216 485 1412 516 continentem,
1438 485 1648 518 continentiam;
1671 484 1767 519 conju-

981 534 1069 566 gates,
1087 530 1255 565 pudicitiam,
1269 533 1391 556 mutuum
1413 536 1547 563 amorem,
1561 530 1764 564 honoremque:

981 575 1088 604 demum
1104 584 1198 604 omnes
1213 575 1291 602 ﬁdem
1305 579 1332 602 et
1347 575 1523 602 reverentiam
1537 583 1599 611 erga
1615 575 1708 608 Deum,
1722 576 1767 610 ju-

980 622 1081 650 stitiam
1096 626 1122 649 et
1134 621 1318 649 fortitudinem
1330 632 1337 656 ;
1351 630 1385 649 ne
1400 630 1451 650 nos
1466 625 1559 657 utpote
1567 623 1693 658 ingratos
1705 629 1766 656 per-

981 667 1114 703 ﬁdosque,
1130 668 1243 695 Ananiae
1258 672 1284 696 et
1300 668 1440 704 Sapphiraa
1450 668 1603 703 exemplum
1614 668 1766 703 apprehen-

980 713 1036 740 dat.
1054 713 1141 749 Hujus
1153 715 1225 742 enim
1237 715 1276 742 rei
1294 714 1477 750 praecavendze
1492 714 1578 749 gratia
1598 714 1765 748 apostolicus

981 759 1106 786 ﬁrmatur
1125 767 1215 787 sermo
1234 769 1241 787 :
1268 768 1277 785 ι
1300 759 1416 786 Reddite
1438 758 1564 786 omnibus
1591 758 1680 784 debita
1696 757 1764 790 :‘cui

981 805 1106 839 vectigal,
1119 805 1234 840 vectigal
1250 814 1256 838 ;
1272 805 1316 832 cui
1335 805 1471 838 timorem,
1489 805 1612 832 timorem
1657 803 1700 830 cui
1715 802 1765 829 ho-

981 858 1085 883 norem,
1105 850 1244 878 honorem.
1265 850 1371 878 Nemini
1396 851 1541 886 quidquam
1565 850 1696 882 debeatis,
1713 849 1767 876 nisi

982 899 1012 922 ut
1025 902 1074 922 vos
1092 900 1187 922 mutuo
1209 895 1368 929 diligatis".
1390 905 1399 921 ι
1416 894 1473 922 Hoc
1496 895 1623 929 praestitit
1642 894 1700 928 ipse
1717 894 1764 928 qui

982 941 1034 969 ista
1054 941 1218 976 praedicavit.
1235 942 1322 975 Atque
1341 940 1402 968 ideo
1429 941 1486 967 hac
1512 941 1626 968 ﬁdenter
1646 939 1679 967 de
1705 947 1765 966 sese

983 985 1112 1021 praedicat
1126 995 1133 1013 :
1152 995 1161 1010 ι
1177 985 1280 1012 Bonum
1296 989 1432 1013 certamen
1448 985 1561 1019 certari,
1577 993 1687 1012 cursum
1698 993 1764 1012 con-

984 1033 1128 1063 summavi,
1153 1031 1233 1058 ﬁdem
1253 1032 1361 1059 servavi
1378 1042 1384 1058 :
1402 1032 1429 1058 in
1450 1032 1556 1066 reliquo
1579 1032 1698 1066 reposita
1723 1034 1764 1058 est

982 1077 1048 1105 mihi
1063 1085 1164 1106 corona
1180 1077 1303 1112 justitiae,
1323 1085 1403 1113 quam
1425 1077 1518 1105 reddet
1539 1078 1603 1104 mihi
1616 1076 1765 1112 justusju—

981 1124 1074 1153 des".
1093 1134 1102 1150 ι
1120 1124 1178 1152 Νοη
1201 1125 1272 1152 enim
1293 1125 1410 1152 mendax
1434 1125 1462 1152 in
1478 1124 1630 1160 promissis,
1647 1122 1693 1149 sed
1706 1129 1763 1148 ser-

980 1178 1048 1197 vans
1064 1178 1094 1197 ea
1106 1179 1166 1206 qua:
1181 1170 1235 1198 Deo
1250 1171 1386 1206 pollicitus
1402 1174 1470 1204 erat,
1484 1179 1499 1197 a
1518 1177 1581 1197 vero
1594 1173 1620 1196 et
1634 1169 1691 1203 ipse
1708 1166 1763 1194 Deo

979 1217 1097 1243 obtinuit
1111 1225 1164 1243 non
1175 1217 1306 1244 caducam
1318 1217 1538 1252 promissionem.

143 1255 186 1289 ιφ¹
205 1253 245 1287 οἷς
260 1257 451 1292 ἐπηγγείλατο,
480 1256 547 1284 ἀλλὰ
572 1257 620 1284 καὶ
641 1259 762 1293 τηρήσας
787 1257 837 1293 τὴν
863 1258 931 1293 πρὸς
949 1261 995 1287 τὸν
1008 1262 1073 1288 Θεὸν
1091 1263 1245 1298 ὑπόσχεσιν,
1261 1262 1322 1298 ἔσχε
1355 1263 1400 1290 καὶ
1419 1262 1500 1294 αὐτὸς
1519 1262 1686 1289 ἀδιάπτωτον
1714 1258 1763 1294 τὴν

143 1303 308 1337 ἐπαγγελίαν
342 1304 416 1340 παρὰ
430 1304 476 1330 τοῦ
497 1304 621 1340 ἀληθινοῦ
638 1305 714 1331 Θεοῦ.

176 1362 203 1388 4.
224 1361 328 1388 Οὑκοῦν
355 1362 398 1388 διὰ
422 1362 501 1389 τοῦτο
522 1364 588 1398 ἡμῖν
616 1363 794 1398 συμῧουλεύει
821 1363 924 1398 λέγων·

145 1416 155 1433 ε
171 1407 216 1442 Μὴ
233 1407 362 1442 ψεύδεσθε
384 1409 423 1439 εἰς
449 1408 578 1443 ἀλλήλους
592 1416 599 1423 ⁸
615 1418 623 1433 ι
646 1409 693 1435 καὶ
714 1409 794 1435 πάλιν
808 1417 814 1423 ⁵
843 1418 852 1434 ι
869 1410 926 1436 Πᾶν

1016 1364 1040 1390 ι.
1056 1363 1143 1397 Atque
1155 1362 1220 1389 hine
1235 1366 1275 1390 est
1288 1363 1359 1397 qnoil
1372 1363 1450 1390 nobis
1467 1363 1561 1390 suadet
1577 1372 1583 1389 :
1604 1372 1613 1388 ‹
1631 1361 1670 1390 Ne
1685 1371 1761 1391 men—

979 1409 1084 1436 tiamini
1109 1409 1264 1435 invicem”.
1283 1419 1292 1434 ι
1310 1407 1342 1434 Et
1358 1416 1467 1435 rursum
1489 1418 1494 1434 :
1517 1417 1525 1433 ι
1541 1407 1627 1434 Omne
1652 1409 1764 1436 menda-

142 1452 238 1486 ψεῦδος
252 1454 284 1478 ὲκ
297 1452 345 1478 τοῦ
361 1452 492 1488 στόματος
506 1453 645 1489 ὑμῶν(14)
657 1454 692 1491 μὴ
709 1454 922 1490 ἐκπορευέσθω.)

981 1455 1051 1482 cium
1077 1463 1110 1482 ex
1127 1463 1174 1482 ore
1197 1459 1287 1482 vestro
1312 1462 1364 1481 non
1385 1453 1515 1489 procedat
1525 1454 1558 1481 ὀ.
1577 1463 1586 1479 ι
1605 1453 1669 1480 Vult
1690 1456 1762 1482 enim

142 1498 218 1525 Θέλει
235 1498 289 1534 γὰρ
310 1499 383 1534 ἡμᾶς
404 1499 524 1534 μιμητὰς
545 1500 641 1525 ἑαυτοῦ
663 1499 920 1535 γενέσθαιγράφωψ

147 1554 155 1570 ι
173 1544 313 1580 Ἀλήθειαν
327 1544 407 1579 λέγω,
425 1545 454 1571 οὐ
469 1544 612 1580 ψεύδομαι.
629 1555 637 1569 ι
654 1545 761 1580 Ἐπειδὴ
777 1546 823 1571 καὶ
845 1545 926 1578 εὐαγ-

144 1590 248 1623 γελικόν
274 1590 331 1617 ἐστι
347 1590 393 1617 τοῦ
411 1591 512 1626 Κυρίου
531 1590 611 1625 ῥητὸν
628 1587 696 1616 εἶναι
716 1590 793 1626 ἡμῶν
817 1590 848 1616 τὸ
861 1590 925 1622 Ναὶ,

145 1635 198 1667 ναὶ,
211 1637 258 1662 καὶ
273 1636 303 1662 τὸ
320 1635 368 1669 OG,
388 1635 428 1662 οὕ.
446 1636 534 1672 Μέχρι
553 1636 648 1662 τούτου
662 1637 686 1662 οἱ
706 1636 734 1662 εν
756 1635 865 1671 Χριστῷ
884 1636 928 1670 βεν

144 1681 311 1708 ὃαιούτωσαν
328 1681 431 1708 ἑαυτῶν
447 1683 509 1713 τοὺς
526 1682 631 1715 λόγους,
650 1683 695 1710 καὶ
708 1683 755 1718 μὴ,
770 1683 925 1718 περαιτέρω

145 1726 279 1762 βαίνοντες
295 1728 365 1759 ,,είς
392 1727 490 1762 ὅρκους
516 1727 731 1762 καταφεύγωμεν
749 1736 756 1742 ·
780 1727 850 1754 ὥστε
880 1728 926 1754 καὶ

144 1771 271 1807 φθαρτῶν
285 1772 362 1808 χάριν
374 1773 520 1807 χρημάτων
533 1773 646 1807 ὀμνύναι
656 1773 702 1799 τὸν
716 1773 794 1805 θεὸν,
809 1773 926 1809 μάλιστα

143 1817 263 1850 Μωσέως
275 1818 482 1853 νομοθετοῦντος
493 1827 500 1834 ⁸
517 1827 527 1844 ι
537 1819 574 1845 Οὐ
587 1818 660 1854 λήψῃ
676 1819 706 1845 τὸ
725 1819 809 1854 ὄνομα
824 1820 925 1856 Κυρίου

144 1864 189 1890 τοῦ
206 1863 332 1890 Θεοῦ-σου
345 1865 390 1891 ἐπὶ
407 1865 520 1900 ματαίῳ.
534 1875 543 1891 ι
564 1866 595 1891 Et
614 1865 667 1901 γὰρ
684 1865 751 1897 ὅλως
773 1865 846 1898 ἄξιος
857 1874 925 1900 τυγ-

145 1910 220 1945 χάνει
249 1919 291 1942 τις
311 1910 443 1945 ὀνομάσαι
464 1911 508 1937 τὸν
525 1910 607 1942 Θεὸν,
628 1910 782 1943 ἀξιόπιστός
799 1912 856 1938 ἐστι
879 1912 926 1939 καὶ

144 1956 227 1991 χωρὶς
251 1956 332 1991 ὅρκου
359 1955 555 1991 πιστευθῆναι·
578 1957 592 1983 ὁ
613 1957 667 1993 γὰρ
691 1957 759 1993 πρὸς
780 1958 811 1984 τὸ
834 1957 925 1993 μεῖζον

145 2003 235 2034 ἱκανὸς
255 2003 398 2038 γενόμενος
415 2003 503 2038 πολλῷ
525 2003 605 2030 πλέον
632 2003 700 2040 πρὸς
711 2004 742 2030 τὸ
757 2004 865 2031 ἔλαττον
880 2005 926 2039 γέ-

144 2048 207 2074 νοιτ’
227 2047 259 2074 ἂν
286 2047 386 2079 ἱκανός.
410 2048 441 2074 Εἰ
461 2048 489 2074 δὲ
513 2048 549 2083 μή
571 2049 644 2074 ἐστιν
660 2048 813 2081 ἀξιόπιστος
840 2049 924 2085 χωρὶς

145 2092 226 2127 ὅρκου
259 2092 442 2128 πιστευθῆναι,
464 2093 514 2119 οὐκ
535 2092 607 2123 ἔστιν
620 2094 674 2130 ἄρα
692 2093 766 2127 ἄξιος
786 2095 846 2121 οὐδὲ
868 2094 924 2130 (15)

145 2140 274 2174 ὀνομάσαι
288 2139 318 2165 τὸ
333 2139 419 2174 ονομα
437 2140 550 2175 Κυρίου,
565 2140 614 2167 οὐκ
632 2140 690 2167 ἐστι
722 2141 817 2173 πιστὸς
835 2142 864 2167 ὲν
880 2142 925 2168 λό-
940 2156 962 2184 D

145 2193 196 2219 γῳ.
213 2185 275 2216 Πῶς
289 2185 342 2219 γὰρ
357 2185 424 2216 ὅλως
440 2185 526 2220 τούτῳ
542 2186 710 2221 μαρτυρήσει
724 2186 739 2211 ὁ
757 2185 821 2217 Θεὸς
842 2185 925 2221 ὀμνύ-

145 2240 211 2263 οντι,
230 2231 266 2267 μὴ
287 2232 374 2266 ἔχοντι
392 2232 493 2263 πίστιν,
508 2233 548 2263 είς
564 2232 597 2268 ἢν
618 2233 632 2258 ὁ
649 2233 750 2269 Κύριος
770 2230 925 2266 ἐπιὸλέπεὶ;

151 2276 182 2303 Ἦ
197 2277 225 2302 δὲ
238 2277 422 2311 Sestertio-too
439 2277 543 2312 μάρτυς
556 2277 629 2304 ἐστὶν
640 2279 656 2312 ἡ
669 2278 793 2312 λέγουσα·
810 2287 819 2303 ι
833 2274 925 2314 Ἅγιον

151 2323 204 2357 γὰρ
216 2322 327 2357 Πνεῦμα
344 2322 398 2357 (16)
413 2323 534 2354 παιδείας
548 2323 676 2358 φεύξεται
689 2323 772 2355 δόλον,
795 2324 842 2350 καὶ
870 2324 924 2350 ἀπ-

146 2369 324 2403 αναστήσεται
339 2369 392 2395 ἀπὸ
402 2369 537 2404 λογισμῶν
555 2369 700 2402 ἀσυνέτων,
717 2370 763 2396 καὶ
780 2370 810 2398 οὐ
833 2378 925 2397 κατοι-

977 1508 1028 1529 nos
1043 1501 1084 1529 sui
1101 1501 1253 1528 imitatores
1268 1509 1329 1528 esse
1340 1508 1400 1528 cum
1417 1501 1454 1526 ait
1470 1509 1476 1526 :
1495 1509 1504 1526 ‹
1521 1499 1667 1527 Veritatem
1686 1501 1758 1533 dico,

977 1555 1031 1574 non
1048 1547 1163 1574 mentior
1171 1548 1204 1574 ²¹.
1222 1557 1231 1573 ι
1251 1547 1366 1574 Maxime
1383 1554 1445 1573 eum
1455 1546 1520 1573 illud
1531 1546 1566 1573 sit
1577 1547 1761 1581 evangelicum

976 1592 1083 1619 Domini
1097 1593 1210 1624 dictum,
1231 1596 1260 1619 ut
1271 1593 1307 1620 sit
1323 1596 1458 1623 nostrum,
1472 1590 1521 1623 ita,
1533 1591 1569 1618 ita
1583 1600 1590 1625 ;
1612 1591 1682 1624 Non,
1695 1600 1760 1620 non.

977 1638 1124 1672 [lucusque
1150 1638 1196 1672 qui
1217 1645 1280 1664 vere
1295 1636 1398 1665 Christi
1419 1640 1483 1664 sunt
1500 1636 1606 1663 ﬁrment
1621 1644 1762 1664 sermones

977 1691 1052 1716 suos,
1073 1691 1124 1711 nec
1142 1684 1213 1710 ultra
1241 1683 1378 1718 progressi
1404 1682 1438 1709 ad
1458 1683 1611 1716 juramenta
1635 1684 1763 1718 proceda-

977 1738 1055 1763 mus;
1075 1734 1105 1757 ut
1122 1730 1299 1764 pecuniarum
1314 1728 1531 1763 corruptibilium
1548 1736 1641 1762 causa,
1660 1729 1714 1757 Deo
1733 1731 1763 1758 in

976 1779 1073 1803 testem
1089 1775 1355 1810 adhibitojuremus,
1372 1782 1434 1801 eum
1450 1775 1673 1809 maximejubeat
1686 1775 1762 1811 Moy-

977 1828 1021 1848 ses
1034 1820 1123 1847 :¢Non
1137 1820 1255 1855 accipies
1263 1827 1362 1847 nomen
1378 1818 1484 1846 Domini
1494 1819 1541 1846 Dei
1554 1820 1592 1846 tui
1603 1819 1760 1847 frustra!»

976 1867 1044 1894 Nam
1063 1867 1085 1894 si
1098 1867 1158 1901 quis
1183 1866 1262 1901 plane
1279 1866 1378 1901 dignus
1399 1869 1441 1893 est
1462 1866 1508 1900 qui
1523 1865 1607 1892 Deum
1629 1866 1763 1897 nominet.

976 1914 999 1940 is
1026 1913 1107 1940 etiam
1136 1913 1204 1939 citra
1232 1912 1418 1946 juramentum
1445 1911 1498 1938 ﬁde
1517 1910 1615 1946 dignus
1641 1917 1692 1939 est.
1708 1911 1760 1944 Qui

975 1959 1047 1986 enim
1068 1957 1101 1985 ad
1127 1957 1233 1992 majora
1258 1957 1374 1984 idoneus
1397 1956 1488 1989 fuerit,
1506 1956 1593 1983 multo
1616 1956 1701 1992 magis
1727 1957 1763 1984 ad

976 2004 1082 2030 minora
1103 2003 1218 2030 idoneus
1238 2002 1299 2030 erit.
1318 2001 1395 2035 Quod
1418 2002 1442 2029 si
1458 2001 1510 2029 ﬁde
1522 2001 1620 2037 dignus
1644 2009 1698 2028 non
1719 2006 1762 2029 ost

976 2049 1078 2084 absque
1091 2048 1265 2084 juramento;
1279 2055 1335 2075 non
1351 2051 1394 2076 est
1406 2055 1472 2083 ergo
1489 2047 1587 2082 dignus
1601 2048 1645 2082 qui
1663 2055 1760 2074 nomen

977 2095 1084 2122 Domini
1105 2094 1275 2130 pronuntiet.
1299 2101 1351 2121 nec
1374 2098 1417 2122 est
1432 2095 1460 2121 in
1475 2094 1565 2121 verbis
1582 2097 1639 2122 suis
1654 2093 1704 2120 ﬁde
1719 2093 1760 2120 di-

977 2149 1056 2176 gnus.
1071 2139 1212 2173 Quomodo
1227 2140 1298 2167 enim
1317 2139 1421 2174 juranti
1446 2139 1522 2167 testis
1539 2138 1626 2166 aderit
1639 2137 1721 2171 Deus,
1737 2139 1760 2166 si

980 2187 1060 2214 ﬁdem
1073 2194 1126 2213 non
1139 2186 1231 2218 habet,
1249 2186 1275 2212 in
1288 2193 1369 2220 quam
1387 2185 1460 2212 Deus
1475 2185 1604 2220 respicit?
1615 2184 1705 2211 Testis
1719 2189 1760 2211 est

979 2230 1040 2265 ejus
1058 2230 1207 2264 Sapientia,
1226 2238 1286 2265 qua:
1307 2231 1362 2257 ait:
1382 2241 1391 2256 ι
1415 2229 1533 2265 Spiritus
1551 2229 1621 2256 enim
1649 2232 1760 2256 sanctus

979 2276 1129 2311 disciplinae
1141 2276 1250 2311 eﬁ‘ugiet
1264 2275 1366 2307 dolum.
1384 2279 1411 2303 et
1425 2275 1529 2302 auferet
1544 2283 1572 2303 se
1589 2281 1604 2301 a
1618 2274 1760 2308 cogitatio-

978 2322 1061 2349 nibus
1078 2330 1138 2357 quaa
1165 2326 1229 2349 sunt
1245 2322 1304 2349 sine
1326 2321 1464 2348 intellectu
1483 2328 1490 2346 :
1507 2327 1556 2347 nec
1578 2318 1710 2346 habitabit
1732 2319 1758 2345 in

981 2376 1096 2404 corpore
1110 2367 1219 2395 subdito
1234 2367 1353 2403 peccatis
1363 2367 1395 2393 ”.
1409 2376 1418 2392 ι
1430 2365 1519 2399 Quare
1526 2364 1656 2392 Dominus
1667 2367 1762 2391 noster

182 2456 202 2472 "’
215 2456 299 2494 Bora.
317 2465 376 2494 sui.
392 2457 454 2490 7,8.
494 2459 516 2474 ¹⁸
535 2458 556 2485 ll
571 2458 641 2486 Tim.
661 2466 699 2493 IvI
715 2459 740 2492 'l,
757 2459 785 2490 8,
823 2458 926 2487 "Colot

981 2467 1017 2492 lu,
1033 2459 1059 2486 9.
1097 2459 1120 2474 ὀ
1139 2458 1236 2494 Ephes.
1256 2465 1292 2491 iv,
1306 2456 1350 2484 29.
1389 2455 1429 2481 "l
1447 2455 1518 2482 Tim.
1531 2462 1561 2485 ii,
1580 2454 1604 2480 7.
1642 2454 1664 2470 ²¹
1673 2452 1757 2480 Exod.

146 2499 197 2523 xx,
215 2492 239 2518 7.
279 2493 302 2508 "
322 2493 385 2528 Sap.
406 2501 433 2526 I,
451 2493 529 2526 4,5.

181 2568 238 2606 (li)
257 2568 322 2606 Reg.
339 2569 388 2606 ουκ
404 2569 467 2605 ἄχρι
484 2570 642 2606 χρημάτων.
664 2569 738 2606 Felc.
755 2571 782 2601 5,
799 2571 828 2606 οὺ
849 2570 928 2606 μέχρι

150 2602 286 2640 ῥημάτων.
300 2602 384 2640 Paulo
398 2602 469 2639 post,
484 2602 550 2633 hinc.
569 2605 652 2640 αὐτῆς
667 2604 772 2640 φθάνει,
789 2602 865 2636 οὗτος
882 2602 928 2632 ita!

150 2639 344 2673 προαιρέσεως,
359 2639 457 2666 desunt
478 2640 504 2666 in
523 2639 596 2667 Felc.
612 2641 638 2667 5.

256 2674 296 2711 ita
309 2673 411 2711 Regius
422 2679 449 2701 et
461 2675 566 2711 Anglic.
584 2674 653 2711 Editi
663 2682 737 2704 vero.
748 2675 778 2701 τὸ
789 2675 853 2711 περὶ
871 2675 925 2701 Ἀν.

256 2708 425 2745 Basiliensis,
444 2710 546 2736 ὀτοῦτο
560 2710 709 2745 κηρύττων.
729 2711 826 2745 Ὅπερ.

181 2742 295 2780 ῌΔληα
306 2743 372 2780 Reg.
382 2749 411 2780 et
425 2744 530 2779 Anglic.
547 2742 616 2772 Editi
632 2753 706 2776 vero,
724 2742 813 2780 ἡμῶν.
828 2744 887 2771 Mox
900 2745 926 2771 in

149 2775 262 2813 Felc.'5,
279 2775 359 2812 ἡμᾶξ
374 2775 552 2807 desideratur.
578 2780 649 2811 Mox,
675 2775 755 2807 Basi'l'.
775 2784 802 2807 et
820 2780 925 2813 Anglic.

151 2812 272 2848 γενέσθαι
283 2812 378 2847 λέγων.
394 2813 476 2842 Paulo
486 2821 547 2849 post
558 2815 632 2850 editi,
649 2817 705 2842 ἐστι
715 2814 798 2842 τὸτοῦ
812 2812 925 2847 Κυρίου,

981 2570 1028 2597 sed
1042 2569 1073 2599 τὸ
1086 2568 1161 2597 deest
1175 2570 1202 2596 in
1221 2568 1316 2604 Regio.

1017 2605 1070 2639 (15)
1090 2604 1157 2631 οὐδέ
1181 2599 1304 2631 ἀθεειἾη
1326 2603 1406 2631 Basil.
1429 2606 1462 2639 et
1476 2601 1580 2636 Anglic.
1601 2600 1670 2630 Mox.
1689 2599 1757 2639 haec,

980 2635 1029 2666 οὐδὲ
1044 2635 1100 2667 ἔστι
1115 2639 1209 2669 πιστὸς
1226 2640 1253 2674 ὲν
1269 2638 1350 2673 λόγῳ,
1370 2637 1479 2674 punctis
1498 2635 1626 2664 annotata
1647 2638 1709 2663 srvit
1728 2635 1757 2661 in

980 2674 1046 2708 Reg.
1064 2673 1279 2708 quasidelenda.

1016 2705 1119 2744 (Ἰϐῌιι
1141 2707 1234 2744 Regio,
1254 2708 1373 2735 secunda
1389 2715 1471 2734 manu
1490 2705 1628 2744 scribitur,
1649 2705 1755 2740 σοφίας.

979 2742 1066 2776 Infra,
1086 2742 1190 2778 Regius
1207 2747 1233 2769 et
1254 2743 1430 2778 Anglicanus,
1453 2742 1604 2778 xajdtxpstp,
1627 2748 1687 2778 cum
1711 2747 1757 2778 ae-

979 2772 1060 2806 centu
1073 2778 1099 2805 in
1117 2772 1340 2812 antepenultiiiia.
1357 2772 1468 2810 Ibidem,
1483 2772 1586 2812 Regius
1600 2781 1624 2804 et
1642 2775 1714 2804 Felc.
1728 2772 1757 2809 5.

978 2813 1124 2850 ἁμαρτίας.
