1915 3057
140 111 189 139 1θί

699 115 728 143 S.
749 113 982 142 ATHANASIUS.
1000 129 1034 134 —
1054 113 1166 141 DUBIA.

1693 114 1748 142 {92

138 170 217 199 Jcsus
231 170 358 198 Christus
372 171 407 199 ab
421 171 609 201 invocantibus
623 181 662 206 se,
677 174 764 208 primo
778 173 855 200 ﬁdem
871 180 919 208 po-

976 173 1047 206 ιήσει
1064 173 1093 198 ὲν
1117 171 1223 207 σώματι
1238 172 1381 208 καταχρέῳ
1396 171 1551 208 ἁμαρτίαις.
1567 181 1576 197 ι
1599 172 1648 199 Διά
1668 173 1747 199 τοῦτο

140 219 232 251 stnlat,
247 218 318 245 sicut
329 225 400 245 caeco
411 218 467 245 ait:
481 228 490 243 ‹
504 218 600 246 Credis
610 219 683 254 quod
699 219 749 247 hoc
761 219 861 254 possim
871 218 919 246 tibi

139 263 297 293 facere'i?»
307 264 360 299 63
371 264 489 291 lunatico
497 269 586 292 autctn
602 266 654 292 ait:
667 275 675 290 I
690 264 717 292 Si
727 265 834 298 credas,
846 265 917 292 ﬁet.»

140 309 168 336 Id
179 314 266 337 autem
278 309 402 337 Salvator
415 310 546 345 postulat,
562 319 617 338 non
629 311 701 346 quod
715 311 830 338 aliorum
843 314 920 346 egeat

140 355 290 382 ministerio
305 363 314 381 ι
331 355 388 390 ipse
404 355 504 390 quippe
524 355 587 383 ﬁdei
602 355 734 383 Dominus
751 359 778 383 et
793 355 921 390 suppedi-

140 403 211 427 tator
224 404 283 433 est;
301 400 348 427 sed
373 408 406 428 ne
424 401 547 428 videatur
571 402 695 436 personis
718 401 880 436 gratiﬁcari.
894 404 920 428 et

139 446 211 480 quod
230 446 405 474 credentibus
422 452 524 474 annuat
541 457 547 474 :
565 456 632 475 neve
649 449 671 475 si
694 448 762 475 citra
775 447 853 475 ﬁdem
873 448 920 474 be-

140 491 236 519 neﬁcia
259 493 402 528 recipiant,
427 493 586 520 inﬁdelitate
611 494 670 528 ipsa
695 494 831 520 amittant.
857 492 921 519 Vult

139 535 211 562 enim
225 543 306 570 quam
332 537 448 571 largitur
464 537 590 572 gratiam.
614 545 782 572 permanere,
805 541 831 564 et
858 545 919 564 cttm

140 584 230 610 sanat.
247 589 388 616 nunquam
414 582 500 609 amitti
516 583 695 611 curationem.
719 583 822 610 Cavere
841 583 921 617 jussit

140 627 224 661 igitur
238 628 416 663 paralyticum
431 628 474 655 his
491 629 581 656 verbis
595 637 601 654 :
620 638 630 654 ‹
648 628 718 656 Ecce
731 637 815 657 sanus
833 629 920 657 factus

140 680 180 703 es.
197 673 253 700 noli
268 674 384 708 amplius
400 682 523 709 peccare,
540 683 573 701 ne
587 675 636 702 tibi
650 675 715 710 quid
727 675 846 703 deterius
856 683 922 703 con-

140 719 269 754 tingat“.
289 729 298 745 ι
315 720 354 747 Ac
369 720 453 747 veluti
474 720 498 748 si
514 721 576 755 quis
599 721 723 748 medicus
748 721 782 749 ad
805 726 921 757 aegrotos

141 765 292 800 ingressus,
308 766 464 794 sciscitatus
480 767 597 802 primum
621 767 712 800 fuerit,
727 775 762 794 an
777 768 861 795 velint
873 776 921 795 cu-

140 811 214 844 rari;
228 818 262 838 ne
277 817 389 839 curante
413 820 483 844 sese,
499 813 607 848 illisque
633 813 799 846 nolentibus,
816 814 922 843 inutilis
937 842 938 845 η

141 854 187 881 ﬁat
213 856 329 888 curatio,
354 856 563 885 adversantibus
590 857 700 892 aegrotis
726 858 824 886 medici
853 859 919 893 arti;

140 901 177 927 ita
193 909 302 936 quoque
316 901 448 931 Dominus
464 912 497 931 ex
513 904 643 932 sanandis
667 910 842 940 percontatus
866 910 920 939 est,

141 952 166 974 et
179 947 354 976 credentibus
362 949 530 984 gratiﬁcatus
544 955 596 982 est,
611 955 640 978 ut
653 959 700 986 per
712 951 789 979 ﬁdem
805 952 921 988 gratiam

140 993 263 1020 obtinere
278 999 399 1029 possent.
417 994 549 1023 Indicium
573 997 645 1024 enim
661 997 794 1032 propositi
812 997 920 1030 animae,

139 1038 206 1066 ﬁdes
222 1043 272 1066 est.

970 217 1016 244 καὶ
1028 217 1042 243 ὁ
1056 217 1157 252 Κύριος
1167 217 1244 253 ἡμῶν
1261 217 1362 253 Ἰησοῦς
1371 218 1486 253 Χριστὸς
1492 219 1555 250 τοὺς
1569 218 1748 254 ἐπικαλουμέ-

971 272 1033 295 νους
1046 264 1125 290 αὐτὸν
1137 264 1227 290 πίστιν
1239 264 1348 290 ἀπαιτεῖ
1358 263 1474 299 πρῶτον.
1490 264 1527 295 ὡς
1540 264 1585 290 ἐπὶ
1592 263 1638 290 τοῦ
1647 264 1746 299 τυφλοῦ

971 308 1073 343 λέγων’
1093 319 1102 334 ι
1123 308 1272 340 Πιστεύεις,
1289 309 1329 335 ὅτι
1343 309 1458 343 δύναμαί
1477 317 1518 334 σοι
1528 308 1581 344 (17)
1590 309 1749 344 τοῦτοποιῆ-

972 363 1034 386 σαι;
1048 365 1057 380 ι
1069 356 1115 381 καὶ
1124 354 1169 382 ἐπὶ
1175 354 1221 381 τοῦ
1233 355 1452 390 σεληνιαζομένου
1466 355 1493 381 δέ
1508 363 1599 390 φησιν,
1610 356 1650 382 ὅτι
1664 365 1673 381 ι
1685 355 1746 382 Ἐὰν

970 400 1110 437 πιστεύῃς,
1123 401 1234 435 γίνεται.
1251 410 1260 426 ι
1277 401 1398 428 Ἀπαιτεῖ
1414 401 1442 428 δὲ
1458 402 1536 428 τοῦτο
1550 402 1564 427 ὁ
1578 401 1682 437 Σωτὴρ,
1698 402 1747 428 οὐκ

970 446 1118 482 ἐπειδήπερ
1133 446 1230 482 ἔχρῃζε
1245 447 1291 482 τῆς
1307 448 1371 482 παρ’
1388 447 1486 482 ἑτέρων
1502 447 1653 483 συνεργίας·
1668 448 1747 479 αὐτὸς

971 491 1026 526 γὰρ
1047 492 1094 517 καὶ
1123 492 1171 527 τῆς
1197 493 1313 523 πίστεως
1329 492 1430 527 Κύριος
1454 493 1500 518 καὶ
1525 492 1640 527 χορηγός
1656 493 1727 519 ἐστιν
1740 501 1747 508 ·

972 537 1030 563 ἀλλ’
1043 537 1085 563 ἵνα
1098 537 1133 572 μὴ
1144 537 1181 569 ὡς
1193 537 1346 573 προσώποις
1357 537 1533 573 χαριζόμενος
1545 539 1625 573 φανῇ,
1643 537 1698 564 ἀλλ’
1708 538 1748 564 ὅτι

971 583 1027 613 τοῖς
1038 582 1208 609 πιστεύουσιν
1224 583 1341 609 ἐπινεύει
1351 591 1357 597 ·
1371 583 1417 609 καὶ
1428 583 1470 609 ἵνα
1485 582 1522 618 μὴ
1538 583 1620 618 χωρὶς
1633 583 1749 614 πίστεως

969 628 1098 661 δέξωνται
1107 629 1156 661 τὰς
1167 629 1333 664 εὐεργεσίας,
1345 630 1392 656 καὶ
1402 630 1435 664 τῇ
1446 629 1559 664 ἀπιστίᾳ
1573 629 1672 661 ταύτας
1695 629 1748 656 ἀπ-

971 673 1093 700 ολέσωσι.
1109 673 1186 699 Θέλει
1205 673 1259 708 γὰρ
1269 673 1445 708 χαριζόμενος
1463 674 1628 709 παραμένειν
1637 674 1686 709 τὴν
1702 674 1750 709 χά-

973 728 1026 755 ριν,
1039 720 1086 746 καὶ
1097 719 1255 755 θεραπεύων
1267 719 1434 747 ἀδιάπτωτον
1449 718 1518 746 εἶναι
1531 721 1579 754 τὴν
1593 720 1749 755 θεραπείαν.

978 765 1152 800 Ὴσφαλίξετο
1163 765 1228 800 γοῦν
1238 766 1283 792 τὸν
1300 766 1481 801 παραλυτικὸν
1494 766 1548 800 (18)
1560 766 1645 800 λέγων
1653 774 1659 781 ·
1670 776 1678 791 ι
1687 766 1749 797 Ἴδε,

973 812 1050 847 ὑγιὴς
1066 812 1190 846 γέγονας,
1209 812 1305 847 μηκέτι
1322 812 1470 848 ἁμάρτανε,
1486 812 1528 838 ἵνα
1547 811 1583 847 μὴ
1602 811 1691 847 χεῖρόν
1710 811 1750 837 σοί

972 867 997 885 τι
1006 858 1126 893 γένηται.
1134 868 1142 883 ι
1152 859 1206 885 Καὶ
1213 858 1305 894 ὥσπερ
1316 858 1347 884 ἄν
1354 867 1395 889 τις
1407 858 1496 894 ἰατρὸς
1505 857 1594 884 εἰσιὼν
1608 858 1676 894 πρὸς
1689 858 1752 890 τοὺς

973 904 1134 939 κάμνοντας,
1146 903 1306 930 πυνθάνοιτο
1322 903 1428 939 πρῶτον
1439 905 1462 930 εί
1475 903 1608 938 βούλοιντο
1621 904 1752 940 θεραπεύ-

972 950 1060 982 εσθαι,
1077 950 1119 976 ἶνα
1137 949 1174 985 μὴ
1194 949 1274 976 αὐτοῦ
1291 949 1485 984 φροντίζοντος,
1507 949 1637 976 κάκείνων
1646 949 1682 985 μὴ
1691 949 1752 984 βου-

972 996 1101 1031 λομένων,
1120 994 1259 1030 ἀνωφελὴς
1276 995 1292 1030 ὴ
1310 994 1441 1030 θεραπεία
1468 995 1589 1030 γένηται,
1618 995 1751 1021 ἐναντιου-

975 1041 1061 1077 μένων
1080 1040 1134 1066 τῶν
1151 1039 1308 1075 καμνόντων
1326 1040 1393 1075 πρὸς
1407 1041 1455 1076 τὴν
1468 1040 1514 1066 τοῦ
1529 1040 1619 1075 ἰατροῦ
1640 1040 1734 1076 τέχνην
1743 1048 1755 1057 ·-

137 1085 208 1112 οὖτω
227 1087 300 1112 καὶὸ
317 1086 418 1122 Κύριος
438 1087 491 1113 τῶν
517 1088 741 1123 θεραπευομένων
766 1089 939 1120 ἐπυνθάνετο,
970 1089 1017 1115 καὶ
1035 1089 1090 1119 τοῖς
1117 1086 1288 1113 πιστεύουσιν
1315 1086 1466 1122 ἐχαρίζετο,
1488 1086 1532 1113 ἴνα
1545 1088 1579 1122 τῇ
1601 1086 1689 1112 πίστει
1706 1086 1753 1113 καὶ¹

138 1130 186 1167 τὴν
209 1133 288 1168 χάριν
313 1135 457 1169 κατασχεῖν
480 1135 625 1170 δυνηθῶσι.
641 1131 786 1173 Γνώρισμα
803 1137 857 1172 γὰρ
869 1137 918 1172 τῆς
934 1136 1022 1172 ψυχῆς
1033 1135 1082 1170 τῆς
1092 1135 1274 1171 προαιρέσεως
1285 1134 1303 1170 ἡ
1318 1134 1409 1166 πίστις
1421 1134 1503 1162 ἐστίν.

173 1190 200 1217 5.
221 1191 291 1223 Quid
313 1191 404 1226 itaque
427 1191 509 1220 Deum
530 1198 626 1221 testem
647 1195 795 1226 advocant,
811 1195 857 1230 qui
877 1203 921 1222 re-

138 1243 202 1264 vera
219 1236 298 1264 ﬁdem
314 1246 367 1265 non
385 1239 508 1266 habent?
527 1238 646 1274 Spiritus
662 1241 690 1267 in
706 1241 823 1269 Psalmis
836 1247 921 1269 testa-

140 1286 204 1308 tur:
220 1291 228 1307 ι
245 1281 332 1318 Prope
355 1288 397 1311 est
423 1283 556 1312 Dominus
581 1285 709 1313 omnibus
731 1286 920 1314 invocantibus

140 1336 202 1355 eum
227 1329 254 1356 in
274 1329 388 1357 veritate
402 1330 426 1346 "
437 1350 445 1362 ,
461 1340 469 1356 ι
489 1338 536 1365 per
550 1338 632 1366 quam
647 1332 732 1359 solam
746 1331 819 1360 Deus
832 1335 921 1367 potest

141 1375 272 1401 invocari.
286 1374 357 1407 Quid
371 1376 462 1410 itaque
475 1380 518 1403 est
528 1376 600 1412 quod
613 1377 640 1404 in
655 1376 739 1404 Deum
750 1378 860 1411 jurent,
874 1376 921 1412 qui

141 1427 175 1447 ne
188 1420 216 1446 in
231 1421 321 1454 parvis
337 1420 446 1455 quidem
461 1421 543 1448 rebus
557 1421 635 1449 ﬁdem
649 1422 766 1449 habent?
781 1429 841 1449 cum
856 1422 923 1449 alio—

140 1466 186 1501 qui
199 1467 384 1501 juramentum
398 1469 519 1496 veritatis
532 1468 568 1496 sit
582 1469 671 1502 testis,
680 1477 734 1496 non
746 1469 825 1497 index
839 1476 924 1503 nego-

1009 1194 1035 1221 5.
1053 1194 1085 1220 Τί
1099 1193 1188 1220 τοίνυν
1202 1192 1247 1219 τὸν
1263 1192 1330 1219 Θεὸν
1351 1192 1462 1218 καλοῦσι
1480 1192 1605 1228 μάρτυρα
1622 1193 1646 1218 οἱ
1661 1191 1697 1227 μὴ
1709 1191 1754 1218 πί-

974 1248 1032 1266 στιν
1050 1239 1120 1266 κατά
1143 1238 1270 1275 ἀλήθειαν
1290 1237 1413 1272 ἔχοντεςς
1434 1237 1470 1263 Τὸ
1489 1237 1599 1272 Πνεῦμα
1624 1238 1755 1272 μαρτυρεῖ

973 1286 1001 1311 ὲν
1017 1285 1139 1320 Ψαλμοῖς
1149 1294 1155 1300 ·
1177 1294 1186 1310 ι
1198 1285 1295 1318 Ἐγγὺς
1307 1283 1408 1318 Κύριος
1422 1284 1488 1310 πᾶσι
1507 1284 1563 1315 τοῖς
1575 1283 1754 1318 ἐπικαλουμέ-

972 1338 1028 1361 νοις
1045 1329 1124 1356 «om
1141 1330 1170 1356 ὲν
1186 1329 1315 1364 ἀληθείᾳ,
1333 1337 1342 1354 ι
1361 1328 1395 1354 δι’
1411 1325 1444 1363 ἦς
1473 1327 1554 1363 μόνης
1568 1327 1753 1354 ὲπικαλεζσθαι

973 1376 1082 1403 δύναται
1097 1377 1110 1403 ὁ
1126 1376 1201 1407 Θεός.
1217 1377 1297 1402 Ὥστε
1319 1375 1346 1402 τί
1373 1375 1502 1410 ὀμνύουσι
1516 1374 1582 1400 Θεὸν
1602 1373 1626 1400 οἱ
1648 1373 1715 1409 μηιε
1724 1373 1753 1399 ὲν

973 1424 1029 1454 τοῖς
1046 1423 1151 1458 μικροῖς
1165 1422 1255 1449 πίστιν
1271 1421 1394 1457 ἔχοντες
1417 1421 1504 1451 ἄλλως
1521 1428 1551 1446 τε
1567 1420 1614 1446 καὶ
1638 1420 1652 1445 ὀ
1673 1417 1754 1454 ὅρκος

975 1467 1102 1502 ἀληθείας
1115 1468 1172 1495 ἐστὶ
1190 1467 1303 1503 μάρτυς,
1319 1467 1365 1493 καὶ
1378 1466 1409 1492 οὐ
1420 1466 1473 1492 τῶν
1489 1465 1637 1501 χρημάτων
1651 1473 1756 1500 σημαν-

141 1514 251 1541 tiorum.
274 1513 371 1541 Jurant
394 1514 465 1542 enim
482 1515 605 1543 homines
620 1522 675 1542 non
691 1523 745 1550 quo
760 1523 804 1542 res
820 1515 923 1551 signiﬁ-

976 1512 1057 1544 τιχός.
1084 1511 1227 1548 Ὀμνύουσι
1243 1512 1297 1548 γὰρ
1314 1512 1339 1538 οἱ
1358 1511 1504 1546 ἄνθρωποι,
1520 1511 1569 1545 οὐχ
1586 1510 1628 1536 ἵνα
1640 1509 1673 1535 τὰ
1685 1509 1753 1544 πρά-

141 1562 204 1586 ceut
214 1578 221 1591 ,
238 1558 286 1586 sed
301 1567 356 1594 quo
370 1561 510 1587 veritatem
525 1560 675 1593 aﬁirment.
689 1565 718 1588 et
739 1565 769 1587 ut
789 1568 849 1588 sese
868 1569 923 1589 non

142 1606 249 1644 mentiri
265 1607 456 1634 testiﬁcentur.
475 1606 504 1633 Si
527 1607 619 1642 itaque
636 1607 742 1642 juranti
765 1609 836 1635 inest
856 1604 923 1635 ﬁdes

142 1657 223 1688 a'que
238 1654 340 1681 veritas
350 1674 358 1685 ,
374 1654 437 1689 quid
453 1661 522 1689 opus
535 1654 712 1689 juramento?
725 1653 803 1687 Quod
818 1655 841 1682 si
858 1654 924 1682 ﬁdes

142 1702 170 1725 et
198 1699 298 1727 veritas
321 1699 426 1734 juranti
449 1700 535 1732 adsit,
559 1707 608 1727 cur
632 1703 734 1727 tantam
756 1700 925 1728 admittimus

143 1743 324 1778 impietatem.
347 1749 376 1771 ut
399 1745 579 1772 humanarum
603 1745 813 1780 mortaliumque
833 1752 925 1772 rerum

143 1797 226 1817 causa
236 1810 243 1822 ,
258 1790 342 1818 Deum
354 1810 362 1822 .
379 1791 424 1826 qui
446 1800 529 1826 supra
547 1792 671 1819 homines
681 1795 741 1825 est,
756 1791 866 1819 testem'
877 1791 926 1820 ad-

142 1836 294 1863 vocemus?
315 1835 383 1863 Nam
402 1837 426 1865 si
448 1836 527 1865 nefas
557 1841 599 1865 est
622 1841 760 1864 terrenum
782 1845 874 1872 regem
891 1837 926 1864 ad

143 1880 279 1907 exteriora
293 1881 443 1908 tribunalia
458 1886 554 1909 testem
570 1882 718 1915 advocare,
734 1885 826 1917 utpote
839 1882 885 1918 qui
899 1886 926 1910 et

144 1926 351 1954 accusatoribus
366 1930 392 1953 et
403 1926 545 1961 judicibus
558 1928 595 1955 sit
611 1928 792 1963 praestantior,
808 1936 857 1955 cur
871 1936 927 1955 non

143 1969 245 1996 factum
260 1969 293 1996 ad
311 1977 355 1997 res
373 1969 458 1998 factas
473 1971 639 1998 advocamus
649 1992 656 2005 ,
674 1971 814 2008 Deumque
828 1973 863 2000 ab
879 1973 927 2000 ho-

143 2015 263 2042 minibus
279 2015 418 2050 despectui
434 2017 527 2044 haberi
542 2019 693 2046 curamus?
707 2019 798 2053 Apage
808 2019 814 2045 l
826 2018 855 2046 ld
870 2027 928 2046 om-

144 2069 207 2089 nem
221 2067 332 2096 superat
349 2063 518 2098 iniquitatem
535 2064 741 2100 audaciamque.
759 2065 829 2098 Quid
846 2066 928 2101 igitur

144 2107 302 2142 agendum?
316 2107 389 2135 Nihil
403 2109 475 2136 aliud
493 2117 559 2136 sane
569 2130 576 2142 ,
594 2117 675 2143 quam
691 2113 721 2136 ut
735 2110 769 2137 sit
783 2113 907 2137 nostrum
918 2131 926 2144 ,

143 2154 181 2181 lta
194 2173 201 2185 ,
226 2155 282 2187 ita;
308 2153 384 2186 Non,
400 2162 455 2181 non
474 2165 479 2180 :
500 2158 528 2182 et
549 2155 624 2182 nullo
645 2155 726 2192 modo
751 2155 926 2182 mentiamur.

143 2199 210 2226 Nam
225 2200 248 2227 si
263 2201 298 2227 ita
314 2207 426 2228 veraces
440 2200 527 2229 simus
537 2221 544 2234 ,
557 2201 744 2237 veracemJl-ac
757 2201 786 2228 in
800 2208 829 2228 re
841 2200 926 2229 Deum
941 2189 964 2217 Ῑ)

144 2245 244 2272 imitari
261 2245 424 2273 videbimur.

177 2290 205 2317 6.
226 2290 333 2326 Aliquis
349 2290 475 2318 fortassis
490 2291 556 2324 erit,
573 2291 619 2326 qui
636 2291 712 2319 hisce
734 2291 926 2319 verosimiliter

144 2336 184 2364 sic
203 2337 393 2364 contradicat:
419 2336 447 2363 Si
465 2336 659 2372 jusjurandum
674 2337 787 2364 vetitum
809 2336 926 2364 homini-

144 2381 195 2408 bus
209 2385 268 2413 est,
283 2385 310 2409 et
327 2382 350 2409 si
363 2381 525 2409 abstinendo
546 2389 561 2408 a
582 2381 738 2416 juramento
757 2382 819 2416 quis
840 2381 925 2409 Deum

145 2426 285 2460 imitatur;
299 2427 364 2462 quid
379 2431 421 2455 est
435 2427 508 2463 quod
523 2427 595 2455 Detts
618 2427 645 2454 in
660 2427 761 2454 divinis
775 2426 925 2462 Scripturis

143 2472 236 2507 jurare
247 2472 375 2500 dicatur?
388 2472 455 2500 Nam
471 2473 625 2501 Abrahamo
644 2473 761 2508 juravil,
776 2477 807 2500 ut
828 2472 924 2500 testiﬁ-

975 1567 1067 1594 γματα
1078 1558 1246 1593 σημάνωσιν,
1263 1558 1319 1584 ἀλλ’
1338 1557 1380 1584 ἵνα
1394 1557 1442 1592 τὴν
1457 1556 1583 1592 ἀλήθειαν
1598 1555 1754 1582 πιστώσων-

974 1614 1030 1636 ται,
1046 1605 1093 1631 καὶ
1108 1605 1148 1631 ὅτι
1173 1603 1295 1638 λέγοντες
1309 1604 1337 1630 οὐ
1355 1603 1505 1638 ψεύδονται.
1523 1602 1552 1628 ΙΞί
1568 1602 1617 1637 μὲν
1635 1599 1680 1627 οὖν
1697 1602 1755 1627 ἐστι

974 1650 1013 1685 τῷ
1027 1649 1152 1685 ὀμνύοντι
1178 1649 1268 1681 πίστις
1288 1649 1334 1676 καὶ
1350 1649 1473 1684 ἀλήθεια,
1498 1647 1539 1680 τίς
1566 1648 1583 1682 ἡ
1606 1647 1683 1683 χρεία
1707 1646 1754 1673 τοῦ

974 1695 1072 1731 ὃρκου;
1088 1695 1119 1720 El
1131 1694 1159 1721 δὲ
1179 1695 1214 1730 μή
1228 1695 1302 1721 ἐστιν
1322 1694 1351 1720 ὲν
1365 1693 1439 1728 αύτῷ
1452 1693 1550 1724 πίστις,
1563 1692 1607 1719 διὰ
1621 1693 1647 1718 τί
1660 1692 1756 1719 τοσοῦ-

974 1748 1019 1765 τον
1028 1739 1188 1774 ἀσεϐούμεν,
1198 1739 1266 1765 ὥστε
1276 1739 1309 1765 δι’
1317 1738 1472 1774 ἀνθρώπινα
1486 1739 1531 1765 καὶ
1543 1737 1625 1773 θνητά
1632 1738 1676 1764 τὸν
1686 1738 1756 1774 ὑπὲρ

975 1785 1115 1821 ἄνθρωπον
1128 1785 1194 1811 Θεὸν
1203 1785 1295 1811 καλεῖν
1312 1785 1454 1821 μάρτυρα;
1470 1785 1501 1811 Et
1518 1785 1572 1820 γὰρ
1586 1785 1630 1811 τὸν
1645 1784 1756 1819 βασιλέα

975 1831 1021 1858 τὸν
1036 1832 1081 1858 ἐπὶ
1098 1833 1149 1867 γῆς
1164 1832 1203 1863 είς
1223 1831 1256 1858 τὰ
1271 1830 1323 1864 ἔξω
1346 1831 1506 1867 δικαστήρια
1525 1831 1614 1858 καλεῖν
1632 1831 1756 1867 μάρτυρα

977 1877 1008 1903 οὑ
1027 1876 1117 1911 θέμις,
1135 1876 1173 1908 ὼς
1193 1876 1334 1912 κρείττονα
1361 1876 1408 1903 καὶ
1434 1876 1487 1904 τῶν
1503 1876 1684 1910 ἐγκαλούντων
1702 1876 1756 1912 (19)

976 1921 1023 1949 καὶ
1041 1921 1094 1948 τῶν
1113 1921 1284 1954 δικαζόντων,
1301 1922 1326 1948 τί
1351 1922 1395 1949 τὸν
1408 1922 1537 1957 ἀγένητον
1552 1923 1591 1954 εἰς
1609 1922 1643 1948 τὰ
1657 1922 1757 1957 γενητὰ

976 1967 1057 1994 καλοῦ
1062 1976 1120 2003 μεν,
1130 1968 1177 1995 καὶ
1188 1968 1232 1995 τὸν
1240 1967 1305 1994 Θεὸν
1314 1968 1365 1994 ὑπὸ
1377 1967 1524 2003 ἀνθρώπων
1535 1967 1663 2002 ποιοῦμεν
1673 1975 1757 1994 κατα-

977 2012 1147 2048 φρονεῖσθαι;
1159 2014 1280 2048 Ἀπαγει
1296 2014 1379 2040 Τοῦτο
1396 2015 1485 2040 πᾶσαν
1495 2014 1656 2050 ὑπερϐάλλει
1670 2021 1759 2049 παρα-

976 2060 1075 2095 νομίαν
1085 2061 1131 2087 καὶ
1145 2060 1254 2096 τόλμαν.
1275 2061 1306 2087 Τί
1321 2059 1366 2088 οὖν
1377 2060 1416 2087 δεῖ
1429 2061 1530 2093 ποιεῑν;
1549 2060 1628 2087 Οὐδὲν
1646 2059 1724 2086 πλέον
1740 2059 1759 2094 ἢ

977 2104 1046 2133 εἶναι
1063 2106 1141 2142 ἡμῶν
1157 2107 1187 2133 τὸ
1202 2107 1266 2138 Ναὶ,
1281 2107 1334 2137 ναὶ,
1350 2107 1436 2133 καὶτὸ
1451 2106 1500 2135 OB.
1515 2105 1544 2133 οὕ
1557 2115 1563 2121 ·
1583 2106 1629 2133 καὶ
1644 2105 1758 2133 καθόλου

979 2152 1016 2188 μὴ
1031 2152 1186 2187 ψεύδεσθαι.
1204 2153 1296 2185 Οὕτως
1312 2153 1364 2188 γὰρ
1391 2154 1469 2188 ἡμεῖς
1492 2153 1547 2188 (ΞΟ)
1571 2152 1758 2187 ἀληθεύοντες,

978 2198 1104 2234 δόξαιμεν
1118 2199 1165 2226 καὶ
1181 2200 1209 2226 ὲν
1222 2199 1307 2233 τούτῳ
1320 2199 1459 2235 μιμεῖσθαι
1472 2199 1515 2226 τὸν
1534 2199 1621 2235 ἀληθῆ
1637 2199 1712 2225 Θεόν.

1013 2288 1040 2316 6.
1056 2289 1135 2320 Ἴσως
1150 2290 1178 2316 δέ
1196 2298 1238 2321 τις
1249 2290 1295 2316 ἐπὶ
1310 2289 1414 2320 τούτοις
1428 2289 1544 2323 εὐλόγως
1569 2287 1706 2323 ἀντιθήσει
1720 2286 1760 2313 λέ-

978 2342 1047 2368 γων·
1062 2335 1093 2360 Et
1106 2336 1120 2361 ὁ
1133 2335 1213 2370 ὅρκος
1227 2335 1279 2362 ἀπὸ
1292 2335 1440 2371 ἀνθρώπων
1452 2334 1612 2365 κεκώλυται,
1621 2334 1666 2360 καὶ
1681 2334 1708 2359 ὲν
1719 2332 1760 2369 τῷ

978 2380 1016 2416 μὴ
1035 2381 1147 2416 ὀμνύναι
1161 2390 1202 2414 τις
1218 2383 1341 2417 μιμεῖται
1354 2381 1383 2408 τὸ
1400 2381 1485 2413 Θεῖον,
1502 2381 1560 2413 πῶς
1576 2380 1654 2411 αὐτὸς
1669 2380 1683 2406 ὁ
1694 2379 1760 2411 Θεὸς

977 2427 1090 2462 ὀμνύναι
1109 2428 1216 2462 λέγεται
1242 2429 1271 2454 ὲν
1287 2429 1346 2460 ταῖς
1363 2427 1447 2459 θείαις
1464 2428 1601 2464 Γραφαῖς;
1630 2427 1685 2454 Καὶ
1705 2425 1759 2461 γὰρ

979 2474 1026 2501 καὶ
1044 2474 1084 2510 τῷ
1101 2474 1225 2510 Ἀϐραὰμ
1241 2473 1356 2510 ὤμοσεν,
1371 2474 1464 2510 ὥσπερ
1479 2474 1526 2501 καὶ
1540 2473 1641 2508 Μωσῆς
1659 2481 1754 2508 μαρτψ

182 2561 204 2577 ⁸⁸
223 2559 318 2588 Matth.
337 2569 382 2593 ιιι,
399 2561 444 2588 28.
482 2561 504 2577 ’⁸
524 2560 603 2589 Joan.
620 2570 646 2594 ν,
665 2561 707 2589 id.
745 2562 768 2577 ’⁸
787 2562 859 2590 Psal.
880 2569 970 2595 chtv,
990 2563 1032 2589 18.

184 2650 238 2684 (l7)
258 2651 314 2684 Σοι,
325 2655 352 2679 et
367 2659 440 2683 mox,
456 2652 497 2684 δέ,
509 2651 608 2679 desunt
619 2653 645 2679 in
661 2652 802 2681 Basiliensi
816 2657 843 2680 et
852 2652 926 2681 Felc.

146 2686 173 2712 '5.
191 2685 327 2723 ln_[er_ius._
335 2687 512 2720 Anglicanus,
531 2688 595 2722 παρ’
609 2687 704 2723 ἑτέρῳ.

184 2721 239 2755 (18)
260 2720 298 2758 1ηΔ
312 2721 396 2756 Regio
412 2726 481 2758 post
505 2720 699 2757 παραλυτικόν,
724 2723 757 2750 ad
779 2723 929 2758 marginem

149 2756 275 2792 additurL
288 2756 497 2792 θεραπευθέντα.

186 2791 241 2826 (19)
262 2791 372 2826 Regius,
391 2792 552 2818 καλούντων.
566 2792 644 2827 Μοχ,
654 2791 796 2827 ἀγένητον,
813 2791 851 2818 sic
863 2791 928 2818 edit.

149 2826 280 2854 Connuel.
294 2831 320 2854 ct
334 2834 428 2854 omnes
443 2834 508 2854 mss.
527 2830 625 2861 prteter
636 2826 716 2854 Basil.
730 2826 775 2861 qui
787 2834 848 2854 cum
863 2827 928 2853 edit.

980 2653 1130 2689 Parisiens.
1141 2654 1223 2681 habet
1233 2653 1388 2689 ἀγέννητον,
1400 2654 1491 2681 minus
1502 2657 1585 2681 recte.
1595 2653 1680 2689 Paulo
1688 2659 1759 2689 post,

980 2695 996 2715 e
1013 2687 1122 2722 regione
1143 2689 1219 2716 vocis
1241 2687 1477 2724 καταφρονεῖσθαι,
1494 2689 1528 2716 ad
1544 2687 1696 2724 marginem
1709 2689 1760 2716 [ie-

979 2724 1015 2758 gii
1032 2724 1139 2759 legitur,
1153 2725 1297 2759 γράφεται,
1315 2723 1361 2751 καὶ
1376 2723 1525 2759 κρίνεσθαι.

1034 2732 1057 2751 te
1076 2732 1139 2757 ttur,
1153 2732 1297 2760 γραφεται,
1307 2732 1361 2765 ’και
1376 2732 1525 2764 κρινεσναι.

1017 2732 1073 2794 (2οῗ
1098 2760 1192 2794 Ἡμεῖς
1218 2759 1293 2788 deest
1306 2767 1332 2787 tn
1346 2759 1451 2794 Angltc.
1467 2758 1537 2792 Mox,
1555 2757 1627 2787 Felc.
1647 2758 1673 2792 '5,
1689 2756 1759 2790 δόξο-

982 2803 1040 2829 μεν.
