1915 3057
167 127 221 154 193

665 128 895 170 DE_PASSIONE
910 129 953 158 ΕΤ
973 129 1086 159 CRUCE
1103 130 1231 160 DOMINI.

1725 133 1777 162 194

166 186 220 221 ρεῖ,
235 186 282 212 καὶ
295 186 324 211 ὲν
343 186 456 221 Ὕμνοις
470 185 499 212 δὲ
514 186 679 220 γέγραπται·
700 188 818 223 ‹¹Ωμοσε
836 189 942 224 Κύριος

1001 193 1078 216 catur
1099 189 1203 225 Moyses
1214 190 1246 221 "’.
1271 193 1297 217 et
1313 190 1339 217 in
1355 190 1468 226 Hymnis
1483 191 1614 226 scriptum
1630 196 1691 219 est:
1709 201 1718 218 ι
1731 191 1780 220 Ja-

165 233 214 259 καὶ
230 233 260 258 ού
284 231 550 267 μεταμεληθήσεται·
570 232 605 258 Σὺ
630 233 718 268 ἱερεὺς
738 235 777 265 είς
796 234 841 260 τὸν
863 234 948 261 αἰῶνα

165 277 238 305 κατὰ
250 277 298 312 τὴν
311 276 387 309 τάξιν
397 277 573 312 Μελχισεδέκ.
587 287 595 303 ι
610 278 682 311 Δόξει
695 278 750 314 (21)
765 279 818 315 γὰρ
834 279 850 315 ἢ
862 280 949 307 ταῦτα

166 321 302 356 μάχεσθαι
313 323 370 353 τοῖς
384 322 579 357 προλεχθεῖσιν,
588 322 604 357 ἢ
615 323 646 349 ὲκ
655 323 756 351 τούτων
764 324 948 360 ὲπιτρὶὃεσθαι

164 368 230 398 τοὺς
243 366 400 402 ἀνθρώπους
412 367 449 398 εἰς
459 367 565 403 ὅρκους.
585 368 652 394 Ἀλλ’
663 369 713 395 οὐκ
723 369 795 396 ἔστιν
808 369 878 396 οῦτω
888 378 895 385 ·
911 370 947 406 μὴ

113 414 122 422 ‘
165 413 254 440 ταῦτά
272 422 313 444 τις
337 413 391 448 (22)
421 413 562 448 νομιζέτω.
593 414 656 447 Θεὸς
684 416 738 451 γὰρ
762 417 821 443 κατ’
845 414 949 447 οὐδενὸς

162 459 270 494 ὀμνύει.
297 459 359 491 Πῶς
377 460 440 495 γὰρ,
457 460 537 492 αὐτὸς
557 461 658 496 Κύριος
682 463 728 488 καὶ
753 462 868 497 ποιητὴς
893 462 948 488 τῶν

163 506 293 532 ἁπάντων
313 506 459 541 ὑπάρχων;
485 506 553 532 Ἀλλ’
576 507 600 533 εί
621 508 673 543 χρὴ
695 507 797 543 τάληθῆ
817 508 916 542 λέγειν,
933 509 947 535 ὸ

164 550 244 584 λόγος
257 551 337 586 ὅρκος
350 551 431 578 αὐτοῦ
445 553 512 584 ἐστι,
521 552 699 588 πληροφορῶν
710 554 772 585 τοὺς
787 554 944 586 ἀκούοντας,

165 597 212 623 καί
229 596 320 623 πίστιν
333 597 440 633 ἑκάστῳ
458 597 594 634 παρέχων,
622 599 662 625 ὃτι
676 599 690 625 ὃ
707 600 887 635 ἐπηγγείλατο
902 601 948 627 καὶ

164 642 250 673 λαλεῖ,
269 642 376 674 πάντως
389 642 436 668 καὶ
459 643 612 678 γενήσεται.
625 643 661 669 Οὐ
678 642 731 678 γὰρ
756 643 793 675 ὡς
808 643 948 680 ἄνθρωπος

162 687 258 722 ὀμνύει
275 688 350 720 Θεὸς,
365 688 420 714 ἀλλ’
431 689 495 723 ἡμῖν
507 690 521 714 ὁ
533 688 610 723 λόγος
622 689 702 715 αὑτοῦ
717 689 776 716 ἀντὶ
789 690 869 726 ὂρκου
880 690 948 726 πρὸς

162 734 294 770 ἀλήθειαν
307 735 421 768 γίνεται.
452 735 615 771 Ἀνθρώποις
631 735 658 763 δὲ
675 735 761 763 λαλῶν
774 736 887 772 ὀμνύναι
904 736 947 763 λέ-

164 789 254 814 γεται,
282 781 328 807 καὶ
347 780 427 806 τοῦτο
453 780 694 816 ἀνθρωπικώτερον
723 782 873 810 λαλούντων
893 783 946 810 τῶν

163 826 250 860 ἁγίων
262 834 269 841 ’
285 826 328 853 ἵνα
340 827 386 860 ἀφ’
400 823 438 852 ὧν
451 826 526 852 αὐτοὶ
540 826 661 860 λέγοντες
677 827 807 861 ἀξιοῦσιν,
823 828 875 854 ἀπὸ
886 827 946 855 τού-

999 234 1068 260 ravit
1077 233 1217 268 Dominus,
1225 238 1252 262 et
1259 242 1311 261 non
1324 236 1463 270 paenitebit
1473 244 1534 262 eum
1543 244 1549 260 :
1559 235 1597 262 Tu
1610 243 1639 263 es
1653 237 1780 265 sacerdos

999 278 1025 304 in
1047 284 1177 306 aeternum
1198 280 1348 307 secundum
1370 281 1493 308 ordinem
1508 280 1704 309 Melchisedech
1715 282 1747 310 ".
1765 291 1777 310 ι

998 324 1131 352 Videntur
1146 326 1219 353 enim
1233 326 1285 354 ista
1301 331 1348 353 aut
1360 334 1423 354 cum
1439 327 1626 362 superioribus
1640 335 1778 363 pugnare,

995 372 1044 395 aut
1061 369 1160 396 isthinc
1180 370 1305 398 homines
1327 371 1360 397 ad
1380 371 1535 406 juramenta
1555 373 1705 400 assueiieri.
1725 373 1778 400 Sed

998 421 1052 440 non
1075 414 1111 441 ita
1132 422 1163 442 se
1183 423 1227 443 res
1248 416 1328 443 habet
1345 425 1351 442 :
1367 424 1400 443 ne
1417 417 1560 451 quisquam
1580 417 1616 444 ita
1627 418 1776 445 existimet.

997 459 1069 487 Deus
1081 461 1153 488 enim
1169 469 1218 496 per
1232 462 1367 489 neminem
1379 463 1464 497 jurat.
1485 463 1538 496 Qui
1552 464 1577 490 id
1595 463 1652 490 ﬁeri
1670 468 1758 499 potest
1768 485 1776 496 ,

997 510 1058 532 eum
1074 505 1110 533 sit
1127 505 1259 534 Dominus
1273 511 1300 534 et
1313 507 1437 534 conditor
1451 508 1571 534 omnium
1583 508 1594 534 ἶ)
1612 507 1663 535 Sed
1677 510 1699 535 si
1715 516 1778 536 vero

996 551 1113 584 dicatur,
1130 551 1243 578 verbum
1268 556 1309 580 est
1328 553 1513 587 juramentum
1531 554 1621 587 illius,
1644 555 1716 589 quod
1729 562 1776 582 au‘

996 596 1102 624 dientes
1117 597 1251 624 certiores
1267 597 1349 630 facit,
1362 597 1488 625 omnibus
1502 598 1581 625 ﬁdem
1596 599 1734 633 praebens,
1745 606 1777 626 ea

997 651 1058 678 quae
1069 643 1203 678 promittit
1218 648 1245 671 et
1260 643 1390 678 loquitur,
1406 652 1519 679 prorsus
1531 643 1621 671 futura
1634 653 1704 673 esse.
1717 644 1778 672 Non

996 689 1069 716 enim
1084 688 1158 716 velut
1173 688 1254 716 homo
1268 689 1344 723 jurat
1364 689 1453 722 Deus,
1470 689 1518 717 sed
1540 690 1620 717 nobis
1641 691 1700 725 ejus
1715 698 1778 718 ver—

996 734 1061 761 hum
1083 742 1133 769 pro
1152 734 1308 769 juramento
1321 738 1363 762 est
1384 735 1418 762 ad
1437 735 1587 763 veritatem.
1603 735 1670 763 Cum
1686 741 1776 764 autem

997 781 1119 816 loquitur
1134 781 1307 813 hominibus,
1322 781 1416 816 jurare
1431 782 1533 809 dicitur
1546 791 1553 810 :
1569 790 1622 817 qua
1639 783 1667 810 in
1683 790 1713 810 re
1726 774 1777 809 1ιύ-

998 833 1077 853 mano
1099 834 1175 853 more
1196 826 1347 862 loquuntur
1373 828 1472 862 sancti,
1495 831 1524 854 ut
1541 835 1575 855 ex
1596 828 1695 863 quibus
1710 828 1776 863 ipsi,

161 880 219 901 των
232 874 308 900 αὐτοὶ
325 873 490 900 πιστεύσωσι
503 873 541 908 τῷ
553 873 673 900 λαλοῦντι
687 874 755 910 Θεῷ.
780 875 822 907 Ὠς
835 875 890 910 γὰρ
902 876 942 902 ἀν-

996 873 1059 900 dum
1072 873 1229 908 loquuntur,
1243 873 1320 900 ﬁdem
1334 874 1488 908 postulant,
1501 881 1533 902 ex
1545 873 1641 901 iisdem
1655 874 1777 908 loquenti

161 918 280 953 θρώπων
292 918 335 944 τὸν
345 918 421 953 λόγον
434 919 514 954 ὅρκος
525 918 635 953 βεὸαιοῖ,
647 919 732 951 οὕτως
745 919 761 946 ἃ
772 919 869 946 λαλεῖὸ
880 919 944 951 Θεὸς

158 964 221 990 ἀνθ’
237 965 318 999 ὅρκου
330 964 476 998 λογίζεσθω
495 964 537 991 διὰ
549 960 700 999 τὸ’βέ6αιον
721 966 768 992 καὶ
782 966 944 1001 ἀμετάθετον

159 1010 213 1044 τῆς
227 1009 324 1044 βουλῆς
333 1009 425 1036 αὑτοῦ.
441 1010 582 1045 Μαρτυρεῖ
590 1010 618 1036 δὲ
633 1010 671 1046 τῷ
685 1010 822 1046 λεγομένῳ
833 1011 880 1037 κα)⁵
894 1011 943 1037 αὕ-

162 1055 208 1087 τδς
216 1057 230 1082 ὁ
238 1056 427 1091 γεγραμμένος
435 1056 514 1091 ὅρκος
524 1064 530 1071 ·
542 1065 551 1081 ι
559 1056 658 1091 Ὤμοσε
671 1065 680 1082 ι
691 1056 744 1092 γὰρ
757 1066 765 1082 ι
775 1056 885 1092 Κύριος,
898 1056 945 1084 καὶ

162 1102 194 1128 οὐ
215 1101 476 1137 μεταμεληθήσεται,
498 1111 506 1127 ι
533 1102 570 1134 ὡς
593 1102 638 1129 τοῦ
666 1102 872 1138 ἀμεταμελήτου
898 1102 944 1130 καὶ

163 1147 272 1179 πάντως
292 1147 420 1182 ἐσομένου
440 1148 509 1174 κατὰ
522 1148 578 1183 ’τὴν
593 1148 756 1182 ἐπαγγελίαν
777 1149 858 1184 ὅρκου
878 1156 944 1183 τυγ-

161 1194 298 1228 χάνοντος.
316 1194 401 1220 Τοῦτο
416 1193 445 1220 δὲ
460 1194 505 1221 καὶ
523 1194 604 1225 αὐτὸς
619 1195 632 1221 ό
654 1194 719 1226 Θεὸς
742 1195 770 1221 ὲν
784 1196 817 1230 τῇ
837 1195 943 1221 Γενέσει

164 1239 292 1274 σημαίνει
308 1239 408 1273 λέγων·
429 1249 438 1264 t
458 1241 522 1266 Κατ’
537 1239 654 1274 ἐμαυτοῦ
677 1239 780 1275 ὤμοσα.
792 1249 801 1266 ι
820 1240 904 1266 Τοῦτο
916 1240 944 1267 δὲ

163 1285 213 1319 οὐχ
226 1285 306 1321 ὅρκος
321 1285 404 1311 ἐστίν.
421 1285 486 1311 Οὐδὲ
500 1285 553 1320 γὰρ
569 1285 639 1311 κατά
652 1294 722 1316 τινος
737 1284 852 1320 ὤμοσεν,
875 1285 944 1321 ὅπερ

162 1331 228 1358 ἴδιόν
257 1332 330 1358 ἐστιν
357 1332 454 1366 ὅρκου·
480 1331 547 1357 ἀλλὰ
580 1331 640 1358 καθ’
663 1331 774 1364 ἑαυτοῦ,
804 1332 871 1367 ὅπερ
895 1331 944 1367 τὴν

159 1376 207 1403 τοῦ
229 1376 311 1411 ὅρκου
340 1377 465 1403 ὑπόνοιαν
494 1376 635 1411 ἐκφεύγει,
659 1377 705 1403 καὶ
728 1378 756 1403 ἐν
779 1373 801 1411 ᾧ
818 1377 943 1413 σημαίνει

159 1423 192 1450 τὸ
202 1423 310 1458 βέϐαιον
323 1423 373 1458 τῆς
384 1423 555 1458 ἐπαγγελίας,
575 1423 660 1450 καὶτὸ
671 1423 767 1458 χρῆναι
781 1423 889 1455 πάντως
903 1432 944 1449 πι-

161 1468 274 1495 στεῦσαι
287 1469 333 1495 τὸν
350 1468 491 1495 ἀκούοντα,
503 1469 593 1495 Ἔστω
608 1468 636 1494 δὲ
650 1469 718 1494 καὶὸ
734 1468 853 1504 ὑμνῳδὸς
875 1469 943 1503 μάρ-

997 918 1052 946 Deo
1066 919 1188 947 credant.
1207 919 1242 947 Ut
1258 927 1375 954 namque
1396 919 1535 946 hominum
1555 927 1708 947 sermonem
1728 918 1776 947 ﬁr-

996 968 1053 991 mat
1066 965 1271 999 juramentum;
1288 965 1325 992 ita
1340 972 1400 1000 qua:
1413 964 1534 1000 loquitur
1550 965 1621 993 Deus
1638 973 1687 1000 pro
1700 965 1778 1000 jura-

997 1014 1089 1037 mento
1106 1010 1229 1038 habenda
1244 1014 1324 1042 sunt,
1342 1010 1378 1038 ob
1393 1011 1547 1038 ﬁrmitatem
1569 1011 1774 1038 immutabilita-

997 1057 1104 1089 temque
1118 1054 1227 1081 consilii
1241 1054 1310 1089 ejus.
1326 1054 1454 1082 Testatur
1477 1055 1502 1082 id
1516 1054 1588 1089 quod
1602 1055 1704 1082 dictum
1717 1060 1774 1088 est,

997 1099 1086 1134 ipsum
1097 1100 1124 1127 in
1136 1100 1276 1136 Scriptura
1287 1101 1413 1128 traditum
1423 1101 1608 1135 juramentum
1618 1110 1624 1128 :
1634 1100 1753 1129 duravit
1763 1112 1773 1128 ι

996 1146 1068 1173 enim
1078 1145 1241 1180 (Dominus,
1255 1150 1282 1174 et
1296 1154 1350 1174 non
1366 1147 1506 1182 pmnitehit
1521 1147 1576 1183 64
1589 1155 1665 1179 eum,
1682 1156 1691 1172 ι
1706 1148 1777 1183 quod
1815 1177 1818 1179 λ

996 1190 1125 1218 ηἱιιιιίιιυιη
1147 1191 1332 1226 juramentum
1346 1192 1414 1219 illud
1429 1192 1487 1219 sine
1502 1191 1664 1227 paenitentia
1681 1192 1734 1224 sit,
1751 1198 1778 1219 et

996 1244 1109 1272 prorsus
1119 1236 1239 1264 futurum
1253 1237 1401 1265 secundum
1415 1237 1639 1272 promissionem.
1651 1235 1708 1264 Hoc
1720 1237 1777 1272 ipse

996 1281 1067 1310 Deus
1087 1283 1114 1310 in
1138 1281 1237 1310 Genesi
1255 1283 1356 1310 indicat
1379 1283 1422 1311 his
1445 1283 1534 1311 verbis
1550 1291 1556 1310 :
1574 1292 1583 1308 ι
1598 1282 1649 1310 Per
1665 1288 1779 1310 memet-

996 1328 1085 1364 ipsum
1108 1328 1198 1363 juravi
1213 1330 1247 1357 ’³.
1266 1339 1275 1355 ι
1298 1328 1366 1356 lllud
1392 1333 1481 1356 autem
1507 1335 1679 1364 nequaquam
1700 1328 1776 1363 jura—

996 1380 1115 1402 mentum
1129 1379 1181 1403 est.
1206 1374 1299 1410 Neque
1312 1375 1383 1402 enim
1401 1382 1449 1410 per
1464 1375 1545 1402 alium
1560 1375 1679 1409 juravit,
1703 1374 1776 1410 quod

996 1421 1135 1456 proprium
1157 1424 1198 1448 est
1216 1421 1383 1459 juramenti;
1411 1421 1458 1448 sed
1483 1429 1532 1456 per
1548 1421 1667 1456 seipsum
1679 1440 1686 1452 .
1704 1421 1776 1456 quod

993 1467 1139 1501 juramenti
1160 1467 1343 1502 suspicionem
1362 1471 1501 1496 removet.
1525 1471 1552 1494 et
1568 1474 1621 1501 quo
1644 1467 1778 1502 signiﬁcat

159 1523 209 1546 ⁸τυς
220 1515 274 1541 τῶν
290 1515 451 1550 λεγομένων,
466 1515 678 1550 ἀναμιμνήσκων
689 1514 734 1541 τὴν
751 1514 825 1545 Θεὸν,
836 1514 942 1549 ψάλλων

997 1512 1185 1547 promissionis
1202 1513 1374 1545 ﬁrmitatem,
1395 1516 1422 1540 et
1443 1513 1559 1545 indicat,
1583 1520 1644 1540 eum
1667 1512 1713 1547 qui
1727 1519 1778 1540 au-

161 1561 210 1586 καὶ
225 1560 327 1594 λέγων·
348 1570 357 1585 ι
382 1559 436 1586 Ποῦ
452 1560 504 1586 είσι
520 1559 553 1586 τὰ
568 1559 629 1596 ὲλέη
647 1568 693 1585 σου
707 1559 741 1586 τὰ
755 1560 863 1595 ἀρχαῖα.
892 1560 942 1586 Κύ-

996 1557 1074 1585 dierit
1089 1557 1168 1592 plane
1183 1557 1294 1585 credere
1308 1557 1415 1586 debere.
1440 1557 1530 1585 Testis
1547 1557 1582 1585 sit
1601 1565 1694 1585 eorum
1715 1566 1776 1594 quae

157 1614 203 1642 ςριε
216 1605 283 1640 (23),
306 1604 324 1632 ἃ
341 1603 449 1640 ὤμοσας
465 1604 504 1639 τῷ
519 1604 600 1631 Δαῦὶδ
615 1606 643 1631 ὲν
664 1607 697 1640 τῇ
714 1605 825 1641 ἀληθείᾳ
850 1613 911 1638 σου;
932 1614 941 1631 ι

160 1651 199 1678 Ut’:
216 1651 269 1687 γὰρ
287 1651 356 1678 κατὰ
377 1651 424 1686 τῆς
446 1651 574 1687 ἀληθείας
594 1651 688 1687 ὀμνύει
708 1651 788 1683 Θεός·
806 1651 862 1678 ἀλλ’
874 1652 944 1688 ἆπερ

161 1696 301 1731 ἀληθεύων
319 1696 395 1723 λαλεῖ
416 1697 453 1728 ὡς
468 1697 548 1732 ὅρκος
562 1697 620 1723 ἐστὶ
631 1698 687 1729 τοῖς
702 1696 854 1732 ἀνθρώποις
877 1697 945 1732 πρὸς

163 1743 263 1769 πίστιν.
288 1742 355 1769 Οὔτε
368 1741 413 1769 οὖν
427 1742 493 1774 Θεὸς
510 1742 579 1769 κατὰ
592 1743 654 1774 τοὺς
668 1742 826 1778 ἀνθρώπους
838 1743 943 1778 ὀμνύει,

160 1788 223 1814 οὗτε
241 1789 312 1825 ἡμᾶς
328 1790 360 1816 ὲκ
383 1788 483 1816 τούτων
509 1789 548 1820 εἰς
569 1789 666 1824 ὅρκους
689 1789 874 1824 ὲπιτρίϐεσθαι
888 1789 942 1825 (24)

159 1835 213 1870 χρή
223 1843 230 1849 ·
246 1834 313 1861 ἀλλὰ
329 1834 439 1861 τοιαῦτα
452 1834 574 1870 λέγωμεν
592 1835 639 1861 καὶ
654 1833 828 1869 πράττωμεν,
848 1833 885 1865 ὡς
907 1834 943 1869 μὴ

161 1881 244 1915 ὅρκου
259 1880 361 1907 δεῖσθαι
376 1881 439 1911 τοὺς
454 1880 610 1912 ἀκούοντας,
621 1879 677 1906 ἀλλ’
694 1880 739 1914 ἀφ’
751 1879 853 1906 ἑαυτῶν
873 1879 944 1914 ἔχειν

160 1926 196 1952 τὰ
209 1926 341 1961 λεγόμενα
355 1927 404 1961 τῆς
414 1925 542 1960 ἀληθείας
555 1925 603 1960 τὴν
618 1924 777 1960 μαρτυρίαν.
798 1925 842 1951 Ἑν
857 1925 944 1959 τούτῳ

162 1971 217 2006 γὰρ
233 1972 316 2003 ὅντως
332 1971 506 2007 μιμησόμεθα
522 1971 552 1997 τὸ
569 1971 654 1997 Θεῖον.

994 1603 1115 1630 diximus
1132 1602 1291 1636 Psalmista,
1308 1603 1353 1638 qui
1371 1603 1426 1631 Deo
1440 1603 1511 1630 inter
1534 1604 1703 1638 psallendum
1719 1612 1773 1631 me-

994 1649 1109 1676 mor-iam
1137 1652 1246 1676 revocat
1273 1649 1469 1684 promissorum
1499 1649 1541 1676 his
1569 1649 1682 1677 verbis:
1700 1659 1709 1675 ι
1725 1649 1776 1677 Ubi

994 1697 1058 1720 sunt
1073 1694 1268 1721 misericordia:
1284 1698 1337 1722 tuae
1351 1695 1468 1729 antiquae
1480 1714 1488 1726 ,
1506 1694 1633 1726 Domine.
1649 1703 1717 1730 quas
1728 1695 1776 1730 ju-

994 1739 1061 1766 rasti
1084 1738 1179 1765 Davidi
1199 1739 1226 1765 in
1249 1739 1363 1766 veritate
1384 1744 1430 1766 tua
1445 1739 1489 1766 "‘2
1504 1749 1513 1765 ι
1531 1739 1706 1774 Nequaquam
1727 1747 1776 1774 per

994 1787 1134 1813 veritatem
1147 1785 1222 1820 jurat
1237 1785 1308 1813 Deus
1322 1795 1328 1812 :
1345 1787 1390 1814 sed
1409 1794 1468 1821 quae
1484 1786 1527 1813 ille
1540 1787 1674 1814 veraciter
1687 1786 1776 1821 loqui-

994 1837 1047 1864 tur,
1063 1840 1111 1867 pro
1123 1833 1278 1867 juramento
1292 1836 1357 1860 sunt
1372 1833 1528 1860 hominibus
1544 1833 1577 1860 ad
1594 1833 1685 1860 ﬁdem.
1701 1831 1774 1860 Deus

995 1878 1086 1913 itaque
1109 1887 1162 1906 non
1184 1880 1257 1907 velut
1280 1879 1403 1907 homines
1420 1879 1512 1914 jurat,
1536 1887 1625 1914 neque
1642 1879 1704 1906 hinc
1722 1886 1772 1906 no-

993 1925 1036 1951 bis
1056 1924 1211 1959 juramento
1235 1925 1469 1953 assuescendum:
1494 1925 1542 1953 sed
1567 1926 1636 1953 tales
1661 1933 1711 1953 nos
1736 1925 1777 1952 lo-

994 1970 1102 2004 quendo
1118 1971 1275 2006 agendoque
1289 1971 1483 2003 exhibeamus,
1505 1975 1535 1997 ut
1557 1970 1696 1998 auditores
1719 1978 1774 1997 non

159 2020 258 2051 egeant
270 2016 425 2050 juramento
439 2020 553 2048 nostro;
573 2015 620 2042 sed
653 2014 725 2042 dicta
749 2019 844 2042 nostra
871 2023 902 2042 ex
930 2022 989 2042 sese
1003 2015 1124 2043 veritatis
1151 2016 1336 2043 testimonium
1363 2016 1489 2043 habeant.
1516 2016 1573 2043 Hac
1596 2017 1668 2044 enim
1693 2017 1722 2043 in
1746 2022 1776 2043 re

162 2067 242 2101 plane
257 2064 340 2092 Deum
356 2065 530 2092 imitabimur.

197 2113 224 2138 7.
246 2111 313 2138 Ἀλλ’
329 2112 394 2142 ἴσως
417 2112 462 2138 καὶ
487 2111 517 2138 τὸ
537 2112 607 2138 κατὰ
621 2111 682 2142 τοὺς
695 2110 837 2141 Νινευΐτας
853 2109 885 2136 ἄν
900 2117 940 2141 τις

159 2158 358 2192 ὲπερωτήσειεν
371 2156 455 2187 οὓτως
466 2165 472 2171 ·
490 2157 521 2183 Et
535 2158 548 2183 ὁ
561 2157 638 2191 λόγος
645 2157 726 2191 ὅρκος
735 2156 792 2183 ἐστὶ
803 2154 849 2181 τοῦ
863 2154 940 2188 Θεοῦ,

1031 2108 1057 2136 7.
1079 2108 1113 2135 At
1128 2107 1255 2136 fortassis
1269 2109 1403 2144 quispiam
1417 2109 1450 2136 de
1463 2109 1545 2137 rebus
1557 2109 1628 2144 apud
1640 2109 1774 2137 Ninivitas

995 2155 1078 2189 gestis
1093 2154 1130 2181 ita
1148 2158 1344 2189 percontetur:
1366 2155 1394 2182 Si
1419 2163 1509 2182 sermo
1530 2155 1576 2182 Dei
1588 2155 1773 2190 juramentum

159 2203 201 2230 ὅτι
220 2202 305 2236 λέγων
323 2201 448 2236 ἀληθεύει
467 2201 514 2228 καὶ
529 2202 559 2228 οὐ
582 2201 717 2236 ψεύδεται,
731 2201 790 2232 πῶς
805 2200 921 2235 εἰρηκώς
933 2208 940 2214 ·

996 2205 1054 2231 est,
1081 2200 1153 2234 quod
1178 2201 1313 2228 veraciter
1337 2201 1464 2235 loquatur
1486 2204 1512 2228 et
1537 2209 1592 2228 non
1615 2200 1773 2231 mentiatur,

164 2258 173 2273 ι
181 2248 321 2283 Ἐτιτρεῐς
327 2247 436 2282 ἡμέραι,
444 2246 490 2272 καὶ
498 2246 589 2272 Νινευϊ
596 2246 649 2281 (25)
659 2246 922 2281 καταστραφήσεται,
931 2254 939 2270 ι

161 2293 193 2320 ὠ
206 2293 369 2328 πεπλήρωκε
383 2292 428 2318 τὸν
450 2291 544 2326 λόγον;
569 2292 638 2325 δόξει
659 2291 714 2326 γὰρ
725 2291 772 2318 καὶ
791 2290 869 2317 τοῦτο
893 2290 943 2325 μά-

165 2337 259 2373 χεσθαι
272 2338 340 2372 πρὸς
362 2337 396 2363 τὰ
416 2337 521 2371 πρῶτα.
545 2337 613 2363 Ἀλλ’
627 2337 656 2363 οὺ
679 2336 804 2371 ψεύδεται
826 2338 839 2363 ό
859 2336 940 2367 Θεός’

166 2385 201 2419 μὴ
214 2384 332 2418 γένοιτοί
352 2383 412 2410 οὐδὲ
428 2385 441 2410 ὁ
458 2383 535 2417 λόγος
549 2383 708 2418 ἀπλήρωτος
727 2383 833 2417 ἔμεινεν
849 2382 939 2408 αὑτοῦ.

162 2431 200 2465 Τῇ
214 2429 268 2465 γὰρ
291 2429 479 2464 φιλανθρωπίᾳ
505 2429 554 2464 τὴν
580 2428 664 2464 ὀργὴν
686 2428 816 2464 ἤμϐλυνε,
843 2429 887 2454 καὶ
909 2429 941 2463 τῇ

197 2507 219 2524 ¹⁷
238 2505 305 2534 Gen.
325 2513 399 2539 un,
417 2505 461 2532 16.
499 2505 521 2522 ’⁸
537 2504 610 2533 Psal.
627 2512 688 2537 cxx,
705 2505 732 2532 4.
771 2505 793 2521 ²⁹
811 2504 879 2532 Gen.
896 2513 971 2538 χχιι,

198 2591 252 2629 (il)
271 2591 334 2624 Alii,
353 2591 426 2629 δόξῃ,
446 2591 587 2629 ειὶὶιδόξει
606 2591 721 2629 habent._
734 2590 805 2629 Mox,
825 2589 938 2629 Regius,

162 2625 336 2660 Anglicanus,
352 2625 425 2654 Felé.
447 2626 474 2658 '5,
495 2626 662 2658 Basiliensis,
680 2626 697 2661 ἢ
713 2626 745 2652 ἐκ
759 2625 860 2661 τούτων
878 2626 939 2652 ἐπι-

161 2661 315 2695 τρίὸεσθαι,
342 2662 369 2689 in
396 2665 533 2696 postremo
557 2666 664 2693 tamen,
689 2660 815 2696 secunda
839 2667 937 2696 manu,

163 2696 364 2731 ἐπιτρέπεσθαι.
384 2695 414 2723 ut
428 2697 543 2731 habetur
554 2697 581 2723 in
595 2696 695 2731 editis;
711 2695 793 2722 dubia
809 2695 900 2723 lectio.

199 2730 252 2763 (22)
272 2732 319 2758 Sic
338 2730 439 2766 Regius
456 2735 483 2758 et
499 2730 573 2758 Felc.
592 2731 618 2759 5.
635 2730 710 2766 ~Editi
726 2738 790 2766 vero
806 2735 833 2758 et
846 2731 938 2766 caeteri

164 2760 350 2801 manuscripti,
370 2760 406 2801 ιῖὴ
418 2765 503 2801 ταῦτα
518 2766 551 2799 γέ
562 2774 617 2796 τις.
635 2760 737 2794 11³1άωὶ
751 2764 871 2794 Felc..5.
888 2774 936 2793 κο-

165 2800 274 2834 μιζέτω,
289 2800 339 2835 pro
351 2800 491 2835 νομιζέτω.
746 2834 752 2835 γ
923 2827 928 2831 .

200 2835 254 2871 (9.3)
274 2834 421 2871 dets,est
437 2836 464 2863 in
480 2836 539 2864 solo
555 2835 715 2871 Anglicano,
728 2834 801 2870 Mox,
814 2835 883 2869 haec,
899 2835 936 2862 Οὐ

993 2255 1077 2282 quare
1091 2255 1153 2274 cum
1168 2248 1279 2275 dixisset
1295 2258 1300 2275 :
1315 2257 1325 2273 ι
1337 2248 1432 2275 Adhuc
1453 2252 1508 2276 tres
1530 2248 1588 2276 dies
1601 2267 1608 2280 ,
1629 2252 1657 2276 et
1677 2247 1774 2274 Ninive

994 2294 1166 2321 subvertetur
1180 2293 1214 2325 ",
1230 2302 1238 2319 ι
1252 2301 1403 2320 sermonem
1419 2301 1472 2320 non
1486 2293 1626 2327 implevit?
1645 2292 1774 2321 Videntur

993 2340 1065 2366 enim
1080 2339 1174 2366 isthaac
1189 2346 1310 2374 pugnare
1329 2346 1391 2366 cum
1417 2338 1642 2374 praecedentibus.
1662 2339 1697 2365 At
1718 2347 1773 2366 non

994 2386 1123 2412 mentitur
1140 2384 1228 2417 Deus,
1244 2384 1313 2412 absit
1326 2385 1332 2411 ί
1347 2393 1434 2419 neque
1450 2384 1562 2411 verbum
1576 2383 1636 2418 ejus
1653 2391 1773 2419 unquam

993 2429 1156 2463 completum
1172 2436 1228 2456 non
1242 2433 1292 2456 est.
1310 2428 1366 2456 Suo
1380 2429 1451 2456 enim
1466 2436 1530 2464 erga
1543 2429 1667 2458 homines
1680 2437 1772 2457 amore

990 2504 1032 2532 l6.
1071 2505 1093 2521 '°
1112 2504 1184 2533 Psal.
1202 2514 1339 2539 Lxxxvnl,
1357 2507 1400 2534 50.
1438 2507 1459 2522 ³¹
1479 2506 1541 2534 Jon.
1561 2515 1603 2540 In,
1621 2509 1648 2536 4.

991 2590 1132 2629 γὰρλκατά
1152 2592 1203 2627 τῆς
1225 2591 1362 2629 ᾴληθείας,
1385 2593 1520 2621 habentur
1537 2593 1564 2620 in
1581 2594 1731 2629 Anglicano
1745 2600 1773 2623 et

991 2626 1018 2666 in
1030 2625 1121 2666 'llegio
1133 2625 1260 2666 secunda
1270 2625 1368 2660 manu,
1383 2625 1638 2664 desideranturque'
1646 2630 1674 2657 in
1690 2635 1770 2658 caete-

990 2662 1030 2688 ris
1046 2665 1073 2688 et
1090 2662 1117 2688 in
1134 2662 1225 2689 editis.

1025 2695 1088 2734 (24)»
1102 2696 1141 2723 lta
1158 2696 1269 2734 Regius.
1287 2696 1369 2725 Basil.
1386 2698 1494 2734 Anglic.
1514 2702 1541 2726 et
1557 2697 1630 2727 Felc.
1653 2699 1680 2726 3.
1700 2699 1772 2727 Editi

988 2738 1064 2767 vero,
1081 2731 1282 2767 ἐπιτρέπεσθαι.

990 2766 1083 2834 δόὲξθ)
1101 2765 1213 2802 Regius,
1231 2767 1342 2801 Νινευή,
1364 2772 1390 2795 et
1411 2769 1450 2796 sic
1472 2767 1598 2797 inferius.
1617 2769 1679 2798 Mox
1692 2769 1772 2807 Ang‘.
