1915 3057
171 136 223 163 195

734 132 764 160 S.
784 127 1017 160 ATIIANASIUS.
1039 147 1072 152 —
1094 129 1207 160 DUBIA.

1701 143 1703 145 ι
1735 126 1787 156 196

171 194 239 220 iram
266 192 416 227 mitigavit,
443 190 582 226 magisque
607 190 640 217 ad
665 191 852 225 pmnitentiam
878 190 955 217 Nini-

1010 189 1134 225 μετανοίᾳ
1150 189 1203 215 τῶν
1220 187 1366 215 Νινευῖτῶν
1376 188 1477 222 μᾶλλον
1493 187 1639 222 ἐπέϐλεψεν
1651 187 1707 223 (‘26)
1721 187 1737 223 ἢ
1752 189 1787 223 τῇ

170 240 288 267 vitarum
314 238 448 273 respexit,
470 244 551 272 quam
574 236 609 263 ad
632 237 788 272 praecedens
802 240 953 272 peccatum.

170 283 264 318 Neque
284 283 337 310 tale
358 282 404 309 Dei
417 282 530 309 verbum
545 285 622 313 erat,
646 282 726 316 quasi
751 286 811 316 post
836 281 956 308 triduum

170 328 357 357 subvertenda
371 332 444 355 esset
458 326 556 354 Ninive
571 336 578 354 :
598 326 646 354 sed
660 327 765 357 tribus,
783 327 888 359 aiebat,
907 333 955 353 vos

172 374 267 401 diebus
284 373 424 401 sustinebo
438 392 446 405 ,
469 375 498 399 ut
521 372 650 399 dilatione
673 373 815 404 triduana,
840 371 956 398 facultas

167 423 244 447 esset
267 419 435 454 pmnitendi,
461 422 508 445 aut
533 419 742 453 subsequentem
770 422 864 453 postea
887 417 956 444 iram

165 464 299 501 eligendi.
324 464 394 497 Quid
410 472 529 499 namque
543 464 582 491 ait
596 464 728 498 propheta
742 464 775 489 1H
791 464 886 491 Adhuc
901 466 958 490 tres

172 511 241 542 dies,
257 515 284 538 et
297 509 392 537 Nlnive
405 510 585 537 subvertetur.
600 520 609 535 ι
619 509 677 536 Non
690 510 727 536 ait
739 518 745 535 :
755 509 821 536 Post
833 509 955 536 triduum

173 558 367 589 subvertetur;
383 556 406 583 si
421 557 494 583 enim
515 557 551 583 ita
567 557 698 588 dixisset,
720 557 757 582 ita
780 555 891 582 omnino
917 554 957 582 fa-

173 607 246 630 ctum
255 603 351 630 fuisset
359 612 366 630 :
374 602 447 634 sed,¢
461 602 557 629 Adhuc
567 607 622 630 tres
631 602 700 634 dies,
710 605 736 629 et
749 602 922 629 subvertetur
931 610 937 628 :
945 610 954 626 ι

167 652 203 674 'ut
216 655 277 675 cum
292 647 406 679 diceret,
421 656 431 672 ι
445 647 545 679 adhuc,
557 656 567 673 )
579 647 751 675 tolerantiam
765 646 812 674 Dei
827 646 958 682 intellige-

170 701 265 721 remus
281 702 288 726 ;
305 694 332 720 in
348 693 526 721 subversione
542 697 631 721 autem
644 713 651 726 ,
668 693 736 721 iram
758 700 819 728 qua:
839 697 900 728 post
914 697 958 720 to-

173 739 316 766 lerantiam
329 738 421 766 futura
434 743 513 772 erat,
530 739 583 766 nisi
598 739 801 775 resipiscerent.
813 738 870 767 Nisi
885 739 958 766 enim

174 786 210 813 ita
226 793 256 813 se
270 793 314 813 res
330 785 470 813 habuisset
483 806 490 818 ,
504 789 531 813 et
547 786 570 813 si
588 794 640 813 non
654 806 661 818 ,
677 791 706 813 ut
721 786 848 813 homines
869 786 959 821 pmni-

169 831 287 859 tentiam
303 835 432 866 agerent,
449 831 481 858 ad
499 836 555 859 tres
570 832 676 860 distulit
691 831 767 862 dies,
782 832 850 867 quid
871 831 956 859 Deum

174 878 335 910 cohibebat,
363 878 429 913 quin
457 878 549 905 statim
575 877 690 905 Niniven
715 877 891 906 destrueret?
915 878 957 905 An

174 923 368 950 imbecillitas?
380 923 492 959 Apagei!
510 924 537 950 id
552 931 586 951 ne
600 924 627 950 in
645 928 763 951 tuentem
780 923 890 959 quidem
906 931 957 951 n0-

173 974 258 997 stram
271 970 373 998 veniat.
392 970 523 998 Dominus
538 970 610 997 enim
626 971 757 997 virtutum
769 992 776 1003 ,
793 976 820 998 et
835 970 915 998 fortis
930 975 957 998 et

172 1021 268 1051 potens
288 1020 330 1044 est
352 1016 433 1043 Deus.
458 1019 498 1043 An
521 1017 673 1051 ignorantia
689 1017 804 1044 istarum
821 1024 911 1044 rerum
929 1017 956 1043 in

172 1069 255 1089 causa
271 1062 342 1089 fuit?
358 1070 407 1090 nec
422 1063 571 1098 quidquam
586 1063 720 1096 ejusmodi
736 1063 845 1090 dicatur
859 1072 865 1089 :
882 1063 957 1090 novit

174 1109 246 1135 enim
261 1108 352 1134 omnia
365 1112 510 1143 antequam
532 1108 598 1134 liant
607 1108 720 1141 περιιιά
733 1108 825 1143 itaque
834 1108 958 1143 cogitau-

174 1153 239 1180 dum
254 1157 356 1185 restat,
378 1154 430 1181 nisi
453 1154 686 1189 longanimitatem
712 1159 739 1182 et
763 1155 954 1190 benignitatem

174 1199 310 1226 Domini?
333 1207 414 1234 quam
446 1207 507 1227 cum
545 1205 639 1228 nosset
671 1201 824 1236 propheta,
849 1201 955 1236 primo,

168 1245 275 1271 missus
291 1245 395 1280 aufugit
409 1265 416 1276 ,
433 1245 564 1278 secundo,
580 1253 629 1281 pro
639 1245 798 1273 defensione
812 1245 880 1273 dixit
893 1256 899 1273 :
912 1255 924 1272 ἰ
935 1246 956 1273 Ο

174 1289 288 1317 Domine
299 1310 307 1322 ,
328 1299 420 1318 nonne
439 1291 496 1318 haec
519 1296 583 1318 sunt
600 1292 680 1319 verba
697 1299 756 1319 mea
769 1311 777 1325 ,
792 1300 854 1319 cum
869 1292 958 1320 adhuc

168 1344 262 1364 'esscm
277 1337 304 1364 in
321 1342 393 1364 terra
411 1338 491 1364 mea?
505 1337 653 1373 Propterea
668 1339 901 1374 przeoccupavi'ut
916 1338 958 1365 fu-

174 1389 265 1416 gerem
282 1382 308 1409 in
325 1380 454 1414 Tharsis,
471 1383 534 1417 quia
555 1383 674 1410 sciebam
686 1403 693 1415 .
711 1383 783 1418 quod
800 1388 828 1410 tu
845 1383 883 1411 sis
903 1384 958 1410 cle-

174 1436 252 1456 mens
268 1434 294 1456 et
308 1429 464 1457 misericors
474 1450 481 1462 ,
498 1430 603 1464 patiens
614 1434 641 1457 et
651 1430 742 1457 multa;
756 1430 939 1458 miserationis
948 1450 956 1464 ,

173 1478 201 1501 et
216 1475 360 1510 ignoscens
375 1483 456 1511 super
472 1475 590 1502 malitias
606 1475 639 1504 ³³.
655 1485 664 1501 ι
678 1476 756 1511 Fugit
777 1482 842 1504 vero
855 1474 957 1508 Jonas,

171 1525 230 1548 'non
246 1521 318 1555 quod
335 1525 498 1556 repugnaret
522 1521 597 1555 Deo;
618 1521 798 1557 dolebatque,
815 1529 868 1550 non
884 1522 958 1558 quod

174 1566 314 1593 lauaretur
337 1565 371 1594 de
393 1566 575 1594 Ninivitarum
595 1567 700 1600 exitio;
726 1567 774 1595 sed
794 1568 819 1595 id
843 1569 957 1603 agebat,

175 1613 247 1646 quod
262 1606 444 1640 Ninivitarum
461 1613 670 1640 sollicitudinem
689 1617 804 1648 gereret.
823 1612 959 1642 Metuebat

174 1659 247 1686 enim
272 1666 306 1686 ne
329 1659 464 1686 incertum
489 1659 550 1693 ejus
576 1667 731 1686 sermonem
753 1661 958 1693 existimarent,

175 1711 258 1742 atque
274 1707 311 1733 ita
325 1706 453 1741 deinceps
477 1707 629 1742 inciperent
653 1708 794 1742 prophetis
818 1716 874 1735 non
899 1716 959 1736 cre-

176 1753 240 1780 dere
251 1773 258 1786 ,
275 1753 323 1780 sed
341 1753 391 1780 [ide
406 1761 500 1781 carere
514 1754 653 1781 videretur
667 1754 842 1789 propheticus
856 1762 958 1783 sermo.

176 1799 239 1825 Ideo
260 1799 386 1826 videlicet
400 1799 623 1831 contristabatur,
636 1805 687 1826 uta
700 1800 813 1827 Domino
820 1801 962 1828 convince-

175 1849 262 1877 retur,
285 1849 367 1879 atque
379 1845 418 1872 sic
429 1846 557 1872 omnibus
567 1845 694 1873 Ninivitis
705 1846 791 1880 palam
804 1845 890 1878 ﬁeret,
905 1855 959 1874 non

176 1890 248 1925 quod
260 1891 423 1917 mentiretur
435 1891 565 1926 propheta
576 1900 584 1924 ;
595 1891 641 1918 sed
653 1891 688 1918 ob
699 1889 743 1919 Dei
752 1891 958 1927 benignitatem,

174 1936 229 1972 65
246 1937 349 1963 veniam
366 1936 493 1964 Ninivitis
510 1937 594 1964 fuisse
610 1937 870 1966 cuncessam.Norat
888 1939 961 1966 enim

176 1983 203 2010 in
220 1983 314 2014 verbo,
329 1993 337 2008 ι
354 1984 453 2015 adhuc,
469 1993 479 2009 ›
494 1983 539 2010 Dei
553 1984 784 2018 longanimitatem
800 1985 959 2020 signiﬁcari.

178 2029 210 2055 Et
223 2029 267 2056 hic
282 2037 339 2056 mos
354 2034 395 2056 est
406 2029 504 2056 divinae
520 2029 677 2065 Scripturre,
691 2034 721 2057 ut
734 2039 795 2058 curn
810 2039 886 2058 suam
898 2032 959 2059 lon-

173 2075 361 2110 ganimitatem
386 2075 458 2102 Deus
482 2076 602 2103 indicare
628 2077 761 2109 voluerit,
784 2085 832 2112 per
845 2085 959 2111 vocem,

179 2131 188 2146 ι
201 2121 289 2148 adhuc
302 2141 309 2153 ,
321 2129 404 2148 ream
423 2122 560 2155 declaret;
577 2127 606 2149 ut
622 2130 683 2149 eum
698 2131 746 2158 per
761 2122 858 2151 Isaiam
875 2124 959 2151 dicit:

180 2178 189 2193 ι
209 2167 279 2201 Quid
295 2168 383 2195 adhuc
405 2168 500 2195 faciant
515 2169 600 2196 vineae
618 2177 693 2201 meae,
709 2173 736 2196 et
753 2177 806 2196 non
822 2170 873 2197 feci
884 2170 926 2197 “‘1
946 2181 955 2196 ι

995 235 1059 271 -πρὸ
1069 234 1171 270 ταύτης
1181 235 1311 270 ἁμαρτίᾳ.
1325 235 1379 260 Καὶ
1395 235 1408 260 ὁ
1418 234 1496 268 λόγος
1507 234 1535 260 δὲ
1545 234 1591 260 τοῦ
1606 233 1672 260 Θεοῦ
1685 235 1733 269 οὐχ
1742 234 1789 260 οὕ-

1005 291 1060 313 τως
1075 279 1120 317 ἦν,
1136 281 1206 308 ὥστε
1224 282 1292 317 μετὰ
1307 282 1454 317 τριήμερον
1461 282 1665 317 κατασκαφῆναι
1678 283 1728 318 τὴν
1739 282 1790 308 Νι-

1006 326 1081 353 νευΐ·
1093 326 1150 352 ἀλλ’
1166 326 1206 353 ὅτι
1226 327 1299 361 τρεῖς
1320 320 1424 361 ἡμέρας
1452 325 1527 361 ὑμῶν
1543 325 1688 360 ἀνέξομαι·
1703 325 1746 351 ἵνα
1759 327 1789 352 ὲν

1005 374 1038 408 τῇ
1055 373 1137 408 ἀνοχῇ
1153 372 1205 399 τῶν
1222 371 1304 407 τριῶν
1324 371 1443 406 ἡμερῶν,
1464 370 1586 403 ἐξουσίαν
1603 371 1685 406 ἔχωσι
1710 379 1791 405 μετα-

1006 406 1143 454 νόῆσαι,ἧ
1161 419 1209 453 τὴν
1225 406 1294 453 μετὰ
1308 418 1393 443 ταῦτα
1406 417 1490 453 ὀργὴν
1505 417 1673 450 ἐκλέξασθαι;
1689 417 1721 443 Τί
1734 406 1804 452 γάρ’

1007 472 1087 499 φησιν
1106 464 1120 490 ό
1137 463 1297 498 προφήτης;
1315 463 1391 488 ιἜτι
1405 464 1479 497 τρεῖς
1500 463 1612 497 ἡμέραι,
1629 461 1675 489 καὶ
1696 462 1789 489 Νινευῒ

1006 511 1276 546 καταστραφήσεται.
1296 519 1304 535 ι
1320 510 1376 536 ωκ
1392 507 1467 535 εἷπε·
1491 509 1568 535 Μετὰ
1590 511 1664 544 τρεῖς
1683 509 1789 545 ἡμέρας

1007 557 1261 590 καταστραφήσεται
1276 554 1331 590 (27)
1341 562 1348 569 ⁸
1362 555 1386 580 εἰ
1402 554 1455 589 γὰρ
1470 553 1513 584 ἂν,
1529 555 1648 588 ἐγεγόνει
1661 554 1768 586 πάντως
1780 562 1788 568 ·

1007 601 1063 628 ἀλλ’
1075 611 1084 626 ι
1097 603 1156 628 Ἔτι
1169 603 1242 636 τρεῖς
1253 601 1363 636 ἡμέραι,
1377 601 1424 627 καὶ
1431 600 1749 636 καταστραφήσεταωῖφ
1760 602 1790 627 ἐν

1009 650 1056 683 μὲν
1069 648 1119 683 τῷ,
1139 657 1148 673 ί
1167 647 1217 680 ἔτι,
1237 657 1247 673 ι
1267 647 1403 681 λέγεσθαι,
1420 647 1468 683 τὴν
1483 647 1581 683 ἀνοχὴν
1596 648 1729 683 ἐννοῶμεν
1740 647 1789 674 τοῦ

1007 693 1084 726 Θεοῦ,
1097 695 1125 720 ὲν
1139 693 1168 720 δὲ
1184 694 1216 729 τῇ
1231 694 1393 728 κατασκαφῇ
1408 693 1457 728 τὴν
1472 693 1540 728 μετὰ
1559 693 1607 729 τὴν
1626 693 1735 728 ἀνοχὴν,
1764 694 1790 720 εξ

1009 740 1046 775 μὴ
1062 740 1263 775 μετανοήσαιεν,
1283 739 1467 775 γενησομένην
1485 740 1571 775 ὀργήν
1587 739 1652 773 (‘28).
1673 739 1747 766 Ἐπεὶ
1765 741 1791 766 ει

1010 784 1047 820 μὴ
1064 785 1157 811 τοῦτον
1168 783 1225 819 εἶχε
1238 784 1283 811 τὸν
1296 784 1404 820 τρόπον,
1421 785 1468 812 καὶ
1488 785 1632 820 μετανοίας
1641 786 1720 821 χάριν
1735 786 1792 812 τῶν

1008 830 1055 857 ἀνθ
1061 830 1157 866 ρώπων
1173 831 1319 867 ὑπερέθετο
1331 831 1380 863 τὰς
1394 833 1468 867 τρεῖς
1487 832 1604 868 ἡμέρας,
1628 831 1655 859 τί
1667 833 1712 860 τὸν
1724 833 1792 860 Θεὸν

1011 877 1110 903 ἐκώλυε
1122 878 1169 904 καὶ
1180 877 1307 914 παραυτὰ
1319 878 1367 914 τὴν
1380 879 1404 904 Ν
1408 878 1473 904 ινευῒ
1484 879 1613 906 ἀπολέσαι
1622 887 1628 911 ;
1638 879 1790 913 Ἀσθένεια;

1012 923 1136 956 Ἀπαγεί
1154 923 1222 958 μηδὲ
1238 924 1277 955 είς
1291 923 1352 950 νοῦν
1372 932 1435 950 ποτε
1451 924 1529 950 τοῦτο
1545 925 1591 952 τὸν
1607 925 1738 961 ἡμέτερον
1750 926 1793 952 ἕλ-

1010 969 1060 995 Θοι.
1076 969 1177 1005 Κύριος
1189 969 1242 1005 γὰρ
1257 969 1310 995 τῶν
1323 969 1462 1005 δυνάμεων
1474 970 1520 996 καὶ
1534 971 1642 1006 ἰσχυρὸς
1652 972 1698 998 καὶ
1713 972 1793 999 δυνα-

1009 1016 1054 1047 τός
1067 1016 1139 1042 ἐστιν
1154 1016 1167 1041 ό
1182 1015 1257 1047 Θεός.
1284 1015 1353 1042 Ἀλλ’
1360 1016 1455 1049 ἄγνοια
1465 1015 1518 1042 τ’ὡν
1530 1016 1654 1052 πράξεων
1663 1018 1791 1052 ἐκείνων;

1011 1061 1078 1097 μηδὲ
1087 1061 1163 1088 τοῦτο
1171 1061 1291 1096 λεγέσθω
1298 1070 1304 1076 ·
1318 1059 1372 1088 οἶδε
1382 1061 1436 1098 γὰρ
1443 1061 1478 1088 τὰ
1488 1062 1576 1089 πάντα
1587 1064 1650 1099 πρὶν
1659 1064 1793 1098 γενέσεως

1009 1106 1108 1133 αὐτῶν.
1127 1107 1159 1133 Τί
1172 1105 1218 1133 οὖν
1238 1106 1412 1134 ὑπολείπεται
1427 1109 1497 1135 νοεῖν
1511 1108 1527 1144 ἢ
1543 1109 1732 1145 μακροθυμίαν
1744 1111 1794 1138 καὶ

1010 1153 1213 1188 φιλανθρωπίαν
1226 1152 1273 1178 τοῦ
1288 1153 1423 1179 Δεσπότου
1437 1162 1443 1186 ;
1458 1154 1490 1188 ἣν
1506 1152 1552 1180 καὶ
1567 1155 1580 1180 ὁ
1595 1156 1735 1191 προφήτης
1747 1157 1794 1183 ὲπέ

1012 1199 1163 1234 ιστάμενος,
1173 1198 1270 1233 ἔφευγε
1283 1199 1332 1234 μὲν
1346 1199 1572 1236 ἀποστελλόμενος
1584 1201 1614 1227 τὸ
1634 1202 1749 1237 πρῶτον,
1762 1203 1794 1229 τὺ

1009 1245 1133 1281 δεύτερον
1143 1245 1173 1273 δὲ
1186 1246 1401 1281 ἀπολογούμενος
1417 1255 1506 1281 φησιν·
1519 1244 1568 1273 (Ὦ
1585 1248 1680 1284 Κύριε,
1692 1250 1739 1283 οὐχ
1751 1246 1795 1276 ob-

1010 1301 1051 1319 τοι
1066 1294 1091 1319 οί
1116 1293 1189 1327 λόγοι
1210 1301 1271 1328 μου,
1297 1293 1335 1319 ἑτι
1350 1293 1426 1325 δντος
1443 1300 1491 1328 μου
1507 1295 1536 1320 ὲν
1549 1295 1581 1329 τῇ
1595 1295 1630 1329 γῇ
1658 1303 1726 1330 μου;
1748 1295 1794 1322 διὰ

1010 1338 1088 1366 τοῦτο
1102 1339 1260 1375 προέφθασα
1272 1339 1319 1365 τοῦ
1335 1342 1428 1374 φυγεῖν
1438 1341 1476 1371 είς
1486 1340 1610 1375 Θαρσεῖς,
1619 1341 1685 1368 διότι
1697 1341 1791 1375 ἔγνων,

1010 1386 1050 1412 ὅτι
1066 1385 1097 1412 σὺ
1111 1385 1233 1422 ἐλεήμων
1244 1386 1290 1412 καὶ
1306 1386 1463 1422 οἰκτίρμων,
1473 1387 1645 1422 μακρόθυμος
1657 1388 1702 1414 καὶ
1712 1388 1795 1414 πολυ-

1011 1432 1093 1463 έλεος,
1115 1433 1162 1459 καὶ
1182 1432 1318 1467 μετανοῶν
1341 1433 1386 1459 ἐπὶ
1409 1435 1468 1465 ταῖς
1487 1434 1604 1465 κακίαις.
1619 1434 1742 1468 »Ἔφυγε
1763 1435 1793 1460 δὲ

1016 1479 1118 1512 Ἰωνᾶς.
1131 1480 1179 1514 οὐχ
1188 1479 1225 1511 ὡς
1239 1480 1384 1514 ἀντιλέγων
1398 1480 1436 1515 τῷ
1451 1480 1509 1516 Θεῷ
1518 1489 1526 1496 ·
1537 1481 1586 1508 καὶ
1600 1480 1733 1513 ἐλυπεῖτο,
1744 1483 1792 1517 οὐχ

1012 1526 1049 1558 ὡς
1060 1527 1104 1553 ἐπὶ
1112 1528 1144 1562 τῇ
1155 1526 1277 1562 ἀπωλείᾳ.
1285 1526 1338 1553 τῶν
1351 1527 1496 1553 Νινευῖτῶν
1507 1527 1609 1563 χαίρων
1618 1536 1624 1542 ·
1635 1527 1703 1554 ἀλλὰ
1714 1527 1793 1554 τοῦτο

1011 1572 1096 1599 ἐποίει
1111 1572 1153 1599 διὰ
1165 1572 1215 1608 τὴν
1230 1572 1378 1598 Νινευῖτῶν
1394 1571 1565 1607 κηδεμονίαν.
1586 1573 1722 1607 Ἑφοὸεῖτο
1739 1573 1793 1610 γὰρ

1012 1618 1048 1654 μὴ
1061 1618 1186 1651 ἀϐέϐαιος
1205 1620 1270 1654 παρ’
1277 1619 1367 1650 αὐτοῖς
1383 1619 1507 1654 νομισθῇ,
1526 1619 1572 1646 καὶ
1588 1619 1679 1646 λοιπὸν
1691 1619 1794 1655 ἄρξων-

1010 1667 1054 1687 ται
1069 1661 1125 1696 (29)
1145 1660 1242 1696 μηκέτι
1257 1662 1409 1696 προφήταις
1426 1661 1571 1693 πιστεύειν,
1592 1661 1659 1688 ἀλλά
1680 1662 1794 1694 ἄπιστος

1011 1707 1172 1742 παράὺτοῐς
1186 1707 1201 1732 ό
1221 1706 1387 1742 προφητικὸς
1405 1705 1482 1740 λόγος
1504 1707 1625 1742 γένηται.
1652 1707 1701 1734 Διὰ
1715 1707 1794 1734 τοῦτο

1010 1754 1074 1787 γοῦν
1088 1754 1133 1779 καὶ¹
1147 1753 1297 1788 ὴῧύμησεν,
1316 1753 1358 1780 ἵνα
1369 1754 1481 1790 ἐλεγχθῇ
1496 1754 1570 1790 παρὰ
1584 1754 1630 1781 τοῦ
1648 1755 1792 1786 Δεσπότου.

1010 1800 1058 1826 καὶ
1073 1799 1187 1835 φανερὸν
1195 1801 1250 1831 τοῖς
1260 1800 1411 1832 Νινευΐταις
1427 1800 1484 1827 ἐκεῖ
1495 1801 1561 1827 πᾶσι
1575 1801 1696 1836 γένηται,
1708 1802 1748 1828 ὅτι
1762 1803 1792 1828 οὐ

1009 1846 1053 1873 διὰ
1066 1846 1097 1873 τὸ
1111 1846 1261 1881 ψεύσασθαι
1272 1847 1316 1873 τὸν
1329 1848 1470 1882 προφήτην
1481 1848 1547 1883 (50),
1556 1848 1623 1874 ἀλλὰ
1638 1848 1681 1874 διὰ
1699 1848 1793 1882 φιλαν-

1010 1892 1025 1918 θ
1029 1893 1132 1928 ρωπίαν
1142 1892 1187 1919 τοῦ
1198 1892 1264 1919 Θεοῦ
1274 1891 1479 1928 συγκεχώρηται
1486 1895 1540 1924 τοῖς
1549 1894 1571 1919 Ν
1576 1894 1794 1929 ινευῒταις.’ᾙδει

1011 1938 1066 1974 γὰρ
1075 1939 1103 1965 ἐν
1110 1940 1142 1974 τῇ
1154 1947 1163 1964 ι
1174 1939 1214 1965 ἔτι
1230 1949 1238 1964 ι
1246 1938 1316 1978 λέξει
1324 1938 1523 1974 σημαινομένην
1532 1939 1791 1974 μακροϐυμίανῷῖ).

1011 1985 1066 2012 Καὶ
1078 1985 1155 2012 τοῦτο
1166 1986 1214 2020 τῆς
1228 1985 1302 2016 θείοις
1315 1985 1425 2021 Γραφῆς
1442 1986 1498 2011 ἐστι
1511 1985 1541 2011 τὸ
1554 1985 1624 2016 ἔθος.
1644 1985 1727 2012 Ὅταν
1739 1985 1794 2020 γὰρ

1010 2032 1059 2067 τὴν
1070 2031 1166 2058 ἑαυτοῦ
1183 2028 1370 2067 μακροθυμίαν
1388 2031 1528 2066 σημαίνειν
1545 2031 1625 2067 ἐθέλῃ
1636 2032 1650 2057 ό
1664 2031 1739 2064 Θεὸς,
1749 2031 1793 2058 διὰ

1010 2078 1059 2113 τῆς
1070 2078 1168 2111 λέξεως
1182 2078 1242 2113 τῆς,
1259 2087 1268 2104 ι
1286 2078 1336 2109 ἔτι,
1357 2087 1366 2103 ι
1383 2077 1483 2112 ταύτην
1498 2077 1678 2111 ἀπαγγέλλει·
1690 2077 1728 2110 ὡς
1746 2077 1794 2105 ἐὰν

1011 2124 1077 2161 λέγῃ
1095 2124 1139 2151 διὰ
1155 2124 1203 2160 μὲν
1218 2124 1264 2151 τοῦ
1281 2124 1389 2150 Ἡσαΐου
1403 2133 1409 2139 ·
1428 2134 1437 2149 ι
1456 2124 1488 2150 Τί
1510 2124 1550 2150 ἑτι
1566 2125 1670 2159 ποιήσω
1685 2124 1723 2160 τῷ
1741 2125 1794 2159 ἁμ-

1011 2170 1110 2196 πελῶνί
1133 2179 1194 2205 μου,
1207 2171 1254 2196 καὶ
1268 2168 1317 2197 οὐκ
1331 2169 1446 2204 ἐποίησα
1459 2169 1531 2206 (5‘2);
1550 2180 1559 2196 ι
1583 2170 1627 2196 διὰ
1642 2170 1670 2196 δὲ
1683 2170 1729 2196 τοῦ
1745 2168 1793 2196 Ἱε·

175 2222 225 2249 per
243 2213 386 2241 Jeremiam
405 2221 471 2241 vero
489 2224 495 2240 :
514 2222 523 2238 ι
544 2213 607 2241 Ideo
624 2214 713 2241 adhuc
733 2215 895 2251 contendam
911 2223 957 2243 vo-

1013 2217 1123 2255 ρεμίου·
1139 2227 1148 2242 ι
1160 2216 1208 2244 Διὰ
1222 2217 1300 2244 τοῦτο
1317 2217 1355 2243 ἔτι
1368 2217 1532 2253 κριθήσομαι
1546 2218 1614 2254 πρὸς
1624 2218 1705 2252 ὑμᾶς,
1720 2216 1794 2251 λέγει

176 2261 282 2289 biscum
297 2261 324 2287 in
336 2260 450 2296 judicio,
462 2260 527 2288 dicit
537 2261 667 2289 Dominus
676 2259 708 2288 ³⁸,
722 2271 731 2286 ι
751 2256 838 2289 Verbo
852 2265 952 2294 autem,

1009 2265 1120 2301 Κύριος.
1139 2273 1148 2290 ι
1164 2264 1207 2291 Ἐν
1223 2263 1252 2290 δὲ
1262 2264 1299 2299 τῷ
1313 2264 1411 2298 λέγειν,
1429 2274 1437 2289 ι
1450 2263 1499 2295 ἑτι,
1517 2274 1526 2290 ι
1537 2264 1655 2290 δείκνυσι
1670 2264 1719 2300 τὴν
1730 2263 1793 2290 ἐαυ-

212 2349 233 2366 "
253 2349 321 2377 Dan.
338 2358 403 2394 xm,
421 2349 466 2377 42.
504 2349 527 2366 ³³
545 2348 606 2377 Jon.
626 2357 663 2382 tv,
678 2349 707 2378 2.
745 2349 768 2366 ³⁸
786 2350 839 2377 Isa.
854 2358 880 2383 v,
897 2349 925 2379 ι.

1010 2350 1102 2379 lerem.
1123 2359 1140 2378 ll
1152 2370 1160 2383 ,
1177 2351 1202 2378 9.

214 2437 268 2473 ('26)
291 2437 451 2466 Basiliensis
477 2442 504 2475 et
532 2437 641 2475 Anglic.
664 2438 769 2474 ἔϐλεψε.
785 2438 870 2466 Paulo
885 2445 957 2475 post,

260 2470 349 2508 prima
371 2481 464 2516 manu,
487 2474 556 2500 ὥστε
577 2470 649 2516 μετὰ
671 2470 744 2516 τρεῖξ
763 2475 867 2516 ἡμέρας
882 2470 958 2516 ὗμῶκλ

176 2485 243 2508 nrg.
264 2485 349 2508 prima
372 2485 464 2506 manu,
487 2485 556 2500 ωστε
582 2485 649 2516 μετα
671 2485 744 2509 τρεις
763 2485 867 2510 ημερας
882 2485 958 2536 οἴων

175 2509 459 2554 ᾁῖῗζοὲἐῆἱὲβῗῗ¹ηἷ¹ἓ¹
482 2517 558 2554 VSF“
575 2509 739 2554 Συσῖίκέλεῖᾲ
758 2511 832 2552 τρεῖς
852 2511 958 2554 TW?“

176 2544 398 2581 καταστραφῆναι
421 2545 470 2580 τὴν
496 2545 596 2581 Νινευΐ·
624 2544 677 2581 ἀλλ’
702 2544 836 2581 ὅτιῌτρεῖς
853 2544 959 2581 ἡμέρας

177 2554 398 2579 καταστραφηναι
421 2554 470 2580 την
496 2554 596 2571 ινινευι·
624 2554 671 2570 αΛΛ
702 2554 742 2571 οτι
764 2554 779 2571 τ
799 2554 836 2576 εις
853 2554 959 2581 ημερας

177 2579 253 2614 ὑμῶν
267 2579 408 2614 ἀνέχομαι,
424 2580 531 2614 vulgata
547 2580 602 2614 jam
633 2579 697 2606 olim
719 2554 796 2606 LXXP
812 2581 903 2612 lectio,
920 2582 959 2607 ἔτι

175 2615 250 2648 τρεῖς
260 2614 374 2655 ᾑμέραι,
382 2615 705 2655 ,ρτετε.σσαράκοντα,.αᾱ
717 2615 877 2655 [meusque
889 2621 958 2643 tern-

176 2657 243 2683 pora
259 2650 285 2676 in
302 2649 404 2676 Grarcis
424 2649 519 2677 Bibliis
535 2649 695 2685 permansit.
715 2649 839 2678 Justinus
854 2651 892 2677 ait
906 2659 957 2678 suo
972 2675 975 2679 .

175 2688 299 2718 tempore
315 2686 341 2711 in
358 2685 419 2712 aliis
432 2686 633 2719 exemplaribus
654 2686 754 2713 lectum
777 2686 871 2717 fuisse,
893 2695 955 2712 τεσ-

177 2720 331 2762 ςηαράκυντα
343 2721 425 2755 τρεῖς,
440 2721 471 2762 in
481 2721 630 2762 aliisvero,
643 2723 725 2762 τρεῖς.
743 2721 848 2762 Dialog.
864 2726 956 2762 contra

179 2753 338 2789 Tryphonem
360 2753 421 2791 pag.
439 2755 500 2782 554.
517 2755 583 2783 Vide
598 2753 669 2783 ideni
686 2753 849 2784 Theodoret.
865 2757 893 2783 in
908 2756 956 2784 Jo-

174 2795 219 2817 ,ηπ
232 2797 292 2824 cap.
307 2798 345 2821 Ill,
361 2799 387 2817 ν.
403 2791 429 2818 4.

213 2810 577 2862 iiiirltegitis.anglicanus
593 2830 620 2853 et
638 2824 712 2862 Felc.
736 2826 763 2858 3,
780 2827 957 2862 κατασκαφῆ-

175 2867 262 2888 σεται.
274 2859 340 2889 ibid:
361 2859 415 2889 duo
430 2859 571 2894 postremi,
589 2862 618 2888 οὐ
634 2861 689 2896 γὰρ
704 2861 832 2895 ἐγεγόνει.

1012 2442 1102 2511 μέῼεί)
1121 2441 1232 2477 Regius,
1249 2442 1421 2478 γιγνομένην.
1440 2443 1518 2479 Angl.
1535 2447 1561 2471 et
1579 2442 1654 2471 Felc.
1674 2444 1701 2477 ὅ,
1719 2452 1791 2478 γινο-

1047 2486 1103 2511 νην.

1047 2486 1103 2504 νην.

1120 2512 1296 2549 énglicanus,
1314 2513 1442 2549 ἄρωνται.

1122 2548 1285 2592 liellckm'an.‘
1295 2549 1321 2592 5:
1339 2549 1388 2592 την
1403 2549 1582 2592 προφητείαν.

1046 2583 1101 2620 (51)
1128 2582 1207 2620 Ροιοη
1226 2584 1254 2611 5.
1272 2582 1440 2620 Δεῖνγάρῷ.
1464 2582 1660 2620 ’μακροθυμίαν
1684 2585 1793 2613 εἰδέναι.

1009 2617 1096 2656 Paulo
1107 2622 1168 2656 post
1184 2619 1264 2656 idem,
1282 2619 1366 2656 ὲθέλει
1380 2617 1394 2646 ό
1408 2617 1482 2652 Θεὸς.
1493 2617 1563 2652 Mox,
1581 2617 1639 2656 τῆς,
1656 2625 1728 2652 ante,
1742 2621 1794 2652 ἔτι,

1009 2654 1086 2681 deest
1103 2655 1128 2680 in
1146 2653 1288 2681 Basiliens.
1304 2659 1331 2681 et
1350 2655 1492 2689 Anglican.

1044 2689 1101 2724 (3‘2)
1118 2689 1190 2719 Haec.
1207 2690 1253 2715 καὶ
1264 2690 1313 2716 οὐκ
1326 2690 1451 2724 ἐποίησα,
1471 2691 1569 2718 desunt
1586 2691 1614 2717 in
1626 2690 1708 2718 Basil.
1723 2690 1794 2718 Pau-

1009 2724 1119 2761 l_o¥post,
1131 2724 1242 2759 Regius,
1254 2724 1359 2761 Anglic.
1375 2730 1402 2752 et
1412 2725 1483 2761 Felc.
1500 2725 1588 2761 15,va
1601 2726 1631 2761 δέ
1646 2726 1683 2761 τῷ
1694 2726 1792 2760 λέγειν.

1009 2759 1080 2796 μίιί
1105 2765 1131 2786 et
1142 2760 1249 2796 αξιοι-ἰ,
1273 2760 1365 2796 ‘Evﬁé
1387 2760 1426 2796 τῷ
1444 2759 1489 2787 οὖν
1510 2760 1608 2794 λέγειν.
1625 2759 1708 2788 Paulo
1721 2759 1792 2796 post,

1010 2793 1211 2832 §e&._et_Angl.
1226 2794 1364 2832 Χεττιεῖμ.
1384 2793 1456 2827 Mox,
1474 2793 1660 2832 RegaAnglic.
1675 2800 1703 2826 et
1719 2793 1783 2825 Felc

1011 2830 1038 2863 3,
1054 2830 1084 2856 Et
1103 2829 1140 2866 μὴ
1158 2830 1352 2866 μακροθυμεῖν,
1368 2832 1471 2860 omisso
1487 2829 1585 2858 τοίνυν.
