1915 3057
131 133 184 160 197

629 130 672 158 DE
691 130 855 159 PASSIONE
876 126 1054 160 ET'CRUCE
1069 130 1198 159 DOMIM.

1696 131 1748 158 198

129 191 177 217 τοῦ
202 190 357 226 ἀγαθότητα
373 191 419 217 καὶ
441 190 547 226 ἀνοχήν.
577 191 659 224 Λέγει
675 190 728 225 γάρ
741 198 748 204 '
769 199 778 216 ι
793 189 916 216 Διέλοετε

970 199 980 215 ί
999 190 1098 222 adhuc,
1118 199 1128 215 ι
1146 197 1222 217 suam
1237 188 1355 216 ostendit
1367 188 1513 216 bonitatem
1529 193 1555 216 et
1571 189 1754 216 tolerantiam.

129 237 234 272 νήσους
254 236 378 272 Χετιεὶμ,
401 236 447 263 καὶ
471 238 510 268 εἰς
531 235 627 271 Κηδὰρ
653 235 844 269 ἀποστείλατε,
872 237 919 262 καὶ

129 282 212 308 ἴδετε.
233 292 242 308 ι
254 283 286 308 Εἰ
296 281 384 309 τοίνυν
398 282 434 317 μὴ
449 282 633 317 μακροθυμεῖν
659 281 763 316 ἢθελεν,
780 281 839 307 οὐδὲ
851 290 920 317 παρ-

128 328 251 360 αινέσεις
270 328 359 360 αὐτοῖς
383 328 482 354 ὲόίδου’
494 327 562 354 ὥστε
579 327 700 358 διελθεῖν,
710 327 755 353 καὶ
769 327 919 358 διελθόντας

131 374 232 408 μαθεῖν
247 374 279 399 ὲκ
295 373 348 399 τῶν
361 373 489 400 ἐναντίων
510 373 558 408 τὴν
578 372 645 408 πρὸς
667 372 696 398 τὸ
712 372 793 398 καλὸν
807 372 919 408 σύγκρι-

130 417 192 446 σινῖ
210 418 318 453 Ἀμέλει
335 419 398 445 ὅταν
420 418 517 453 μηκέτι
534 417 736 453 μακροθυμίαν,
765 417 821 443 ἀλλ’
836 417 919 452 ὀργὴν

131 465 148 499 ἡ
169 464 272 499 πρᾶξις
295 464 409 490 ἑκάστου
429 464 620 498 προσκαλεῖται
635 463 700 498 (55),
734 462 828 489 λοιπὸν
852 463 920 488 ἀπο-

130 510 257 544 φαίνεται
284 509 390 543 λέγων·
420 519 429 534 ‹
461 509 558 535 Οὐκέτι
573 509 674 535 ἀνοίσω
703 508 753 539 τὰς
784 508 919 544 ἁμαρτίας

129 554 215 587 ὑμῶν.
238 564 247 580 ›
264 555 312 580 Διὰ
323 554 350 580 δὲ
366 554 411 580 τοῦ
432 550 494 587 ὧδε,
512 564 521 579 ‹
537 553 638 585 οὐκέτι,
654 563 663 579 ι
680 554 800 588 ῥήματος
825 562 920 588 σημαι-

128 600 256 635 νομένου,
269 600 386 626 δείκνυσι
407 600 531 635 φανερῶς
550 600 599 635 τὴν
620 600 683 634 περὶ
700 599 753 625 τῶν
772 598 919 625 Νινευῖτῶν

127 646 299 681 δηλουμένην
314 645 358 672 διὰ
371 646 418 672 τοῦ
429 646 496 682 (54),
519 655 527 671 ι
545 645 596 677 ἔτι,
616 655 626 671 ι
652 645 852 681 μακροθυμίαν,
873 645 920 672 καὶ

128 692 174 718 τοῦ
191 691 273 725 λόγου
282 691 330 726 τὴν
345 691 481 727 ἀλήθειαν.
502 691 642 718 Ἀδύνατον
663 691 715 726 γὰρ
739 689 774 726 ἦν
791 690 828 726 μὴ
855 690 920 726 ἀλη-

128 736 224 763 θεῦσαι
242 737 288 763 τὸν
302 736 367 763 Θεὸν
386 737 508 771 λέγοντα,
527 737 574 763 καὶ
590 736 669 772 μόνον
684 736 854 773 βουλόμενον.
871 737 920 764 Διὰ

128 782 206 809 τοῦτο
214 782 254 818 τῷ
263 782 387 820 ’Ᾱὸραὰμ
395 782 634 818 ἐπαγγειλάμενος,
645 783 694 809 οὐκ
703 782 765 817 ἐψεύ
771 791 845 815 σατο,
854 783 920 810 ἀλλὰ

129 830 176 856 καὶ
191 829 238 855 τὸν
251 829 310 855 υἱὸν
324 829 477 864 ἐχαρίζετο·
496 829 542 855 καὶ
554 825 599 855 τὸν
612 828 674 855 λαὸν
687 828 819 864 ἐξήγαγεν
833 829 864 854 ἐκ
873 829 921 864 τῆς

128 875 269 908 Αἰγύπτου
286 874 330 901 διὰ
346 874 392 900 τοῦ
414 874 572 910 ἱεροφάντου
589 874 720 906 Μωσέως.
739 875 794 901 Καὶ
810 874 855 901 τὸν
869 875 918 909 μὲν
935 870 954 899 Β

135 922 227 948 Ἰσαὰκ
244 921 427 956 ὲπληροφόρει
439 923 471 957 τῇ
487 921 643 956 ὑποσχέσει,
667 921 713 947 xui.
736 921 840 956 πατέρα
859 921 919 947 τοῦ-

129 977 172 995 τον
186 968 274 994 ἐποίει
289 968 343 994 τῶν
362 967 407 994 δύο
422 967 511 993 λαῶν·
535 967 574 1002 τῷ
592 967 620 993 δὲ
638 966 733 993 Ἰακὼὸ
757 966 919 1001 ἐπαγγειλά-

131 1022 209 1045 μενος
225 1013 407 1040 ὲδείχνυετὺν
426 1013 534 1048 Ἰωσήφ.
566 1013 620 1039 Καὶ
638 1012 676 1047 τῷ
698 1013 746 1047 μὲν
766 1012 918 1047 πιστοτάτῳ

129 1059 222 1085 Μωσεῐ
234 1058 319 1084 ἐδίδου
333 1058 385 1084 τῶν
401 1057 555 1092 λεγομένων
564 1057 613 1092 τὴν
630 1057 721 1083 πίστιν
729 1057 772 1083 διὰ
785 1056 839 1083 τῶν
850 1066 919 1093 συμ-

131 1102 276 1130 ϐαινόντων
308 1103 347 1138 τῷ
370 1102 469 1138 Φαραώ
488 1102 561 1139 (55)·
579 1101 617 1136 τῷ
635 1101 662 1128 δὲ
682 1101 764 1128 Δαϐὶδ
788 1103 918 1136 ἐπαγγει-

129 1148 253 1182 λάμενπ,
279 1149 405 1174 ἀπεδίδου
431 1148 479 1183 τὴν
502 1147 648 1182 ὑπόσχεσιν
663 1147 708 1174 διὰ
730 1147 916 1182 Σολομῶντος’

130 1194 199 1228 λέγω
214 1195 246 1230 δὴ
265 1194 315 1230 τὴν
330 1194 376 1220 τοῦ
387 1194 451 1220 ναοῦ
464 1194 619 1228 οίκοδομήν.

164 1287 190 1314 8.
206 1286 261 1313 Καὶ
278 1286 305 1312 τί
322 1294 366 1320 μοι
379 1285 457 1320 χρεία
477 1283 596 1315 πολλῶν;
613 1282 694 1309 Οὐδέν
711 1283 796 1316 ἐστιν,
811 1282 826 1308 ὃ
844 1281 918 1316 λέγει

129 1333 144 1358 ὁ
159 1332 234 1364 Θεὸς,
245 1332 294 1358 καὶ
311 1331 469 1366 ἁπλήρωτον
486 1329 561 1356 τοῦτο
579 1329 663 1364 μένει.
684 1328 742 1354 Κᾶν
760 1327 917 1363 παραυτίκα

130 1386 170 1408 τις
195 1378 316 1412 ὀλιγωρῇ
345 1376 434 1410 ζητῶν
452 1373 499 1401 τὸν
515 1375 603 1408 λόγον,
627 1373 694 1400 ἀλλὰ
711 1373 749 1408 τῷ
762 1373 848 1408 χρόνῳ
870 1372 917 1408 τὴν

131 1423 254 1450 ἀπόδοσιν
268 1425 285 1458 η
303 1422 448 1457 ὑπόσχεσις
475 1421 542 1456 ἔχει,
559 1421 606 1447 καὶ
628 1420 667 1455 τῷ
682 1420 768 1456 χρόνῳ
784 1421 916 1456 πάντωςή

131 1468 279 1502 ἐπαγγελία
307 1467 466 1503 πληροῦται,
489 1466 554 1492 Ἰδοὺ
578 1466 631 1501 γὰρ
647 1467 693 1492 καὶ
707 1466 741 1492 τὰ
752 1466 804 1501 πρὸ
820 1465 916 1492 πολλοῦ

129 1514 257 1549 λεχθέντα
274 1514 328 1540 ὑπὸ
351 1512 397 1539 τοῦ
417 1512 518 1545 Κυρίου
543 1511 589 1538 κατ¹
605 1512 637 1537 τὰ
655 1511 709 1546 πρὸ
729 1510 832 1537 πολλῶν
847 1512 918 1546 είρη-

134 1559 198 1593 μένα
215 1558 321 1593 χρόνων
330 1557 377 1583 νῦν
388 1558 416 1583 ἐν
428 1558 483 1588 τοῖς
495 1556 670 1589 Εὑαγγελίοις
684 1555 790 1590 ὁρῶμεν
801 1555 917 1591 πληρού-

134 1612 208 1638 μενα.
233 1604 348 1634 Ἠσαῖας
366 1603 414 1638 μὲν
428 1603 481 1637 γὰρ
498 1602 698 1637 προεφήτευσεν
723 1601 751 1634 ἐξ
770 1602 917 1636 ἀπειρογά-

134 1658 182 1684 μου
197 1649 328 1683 γυναικὸς
342 1647 519 1684 τεχθήσεσθαι
532 1647 577 1673 τὸν
595 1646 781 1681 Ἐμμανουήλ·
798 1646 878 1678 αὐτὸς
890 1647 918 1673 δὲ

133 1697 164 1722 ὲκ
172 1697 278 1731 Μαρίας
289 1695 340 1728 τῆς
350 1694 487 1730 Παρθένου
501 1693 639 1729 γεννηθεὶς
658 1693 703 1719 καὶ
712 1693 778 1724 Θεὸς
792 1693 919 1728 φαινόμε-

135 1750 185 1773 νος,
199 1742 320 1777 ἐπλήρου
331 1743 468 1776 προφήτου
480 1741 526 1766 τὸν
538 1739 625 1773 λόγον.
643 1738 697 1766 Καὶ
711 1740 724 1765 ὁ
741 1739 789 1773 μὲν
802 1739 918 1773 Μιχαίας

135 1785 337 1822 προαπήγγειλε
354 1785 400 1812 καὶ
415 1785 458 1811 τὸν
475 1785 566 1816 τόπον,
581 1785 610 1810 ὲν
623 1780 645 1817 ᾧ
661 1784 751 1819 μέλλει
768 1784 781 1809 ὁ
804 1783 918 1819 Χριστὸς

135 1832 276 1865 γεννᾶσθαι
287 1840 294 1847 ”
314 1832 393 1863 αὐτὸς
406 1831 434 1857 δὲ
455 1831 564 1866 Κύριος,
585 1831 613 1857 ὲν
629 1830 752 1865 Βηθλεὲμ
761 1830 806 1856 ἐπὶ
817 1830 918 1864 φάτνης

132 1877 318 1912 ἀνακείμενος,
333 1877 451 1902 ἐδείκνυε
461 1875 505 1902 τὸν
514 1876 655 1911 προφήτην
665 1874 749 1910 ἀληθῆ
760 1875 824 1910 (56).
835 1875 889 1901 Καὶ
904 1875 919 1900 ὁ

137 1923 181 1958 μὲν
191 1924 328 1959 Ζαχαρίας
340 1922 529 1958 εὐηγγελίζετο
541 1923 574 1957 τῇ
594 1921 767 1956 Ἰερουσαλὴμ
797 1921 846 1956 τὴν
861 1921 917 1947 εἴσ-

135 1969 188 1996 οδον
201 1970 247 1996 τοῦ
266 1970 393 2005 Σωτῆρος
404 1978 410 1983 ·
419 1969 499 2000 αὐτὸς
508 1969 536 1995 δὲ
544 1969 557 1995 ὁ
566 1968 678 2003 Κύριος,
693 1967 862 1994 ἀποστέλλων
873 1967 918 1994 ἐπὶ

136 2015 242 2042 τδνὸνον
254 2016 313 2051 (57)
330 2015 375 2042 καὶ
388 2014 587 2050 είσερχόμενος,
603 2015 644 2048 ἐφ’
658 2013 752 2040 ἑαυτοῦ
759 2013 806 2048 τὴν
815 2021 919 2049 προφη-

135 2061 204 2087 τείαν
225 2061 390 2096 ἀνεπλήρου.
419 2061 473 2087 Καὶ
487 2060 564 2092 ὅλως,
583 2060 625 2086 ἵνα
646 2059 682 2095 μὴ
701 2059 732 2085 τὸ
750 2059 918 2085 καθέκαστον

134 2105 253 2141 ’ὀνομάζω
269 2107 325 2133 τῶν
333 2106 540 2142 γεγραμμένων,
558 2105 637 2136 αὐτὸς
660 2105 795 2140 πλήρωμα
814 2104 860 2131 τοῦ
876 2105 918 2130 νό-

138 2160 184 2184 μου
197 2152 243 2178 καὶ
261 2152 318 2178 τῶν
344 2150 490 2187 προφητῶν
517 2150 637 2184 γέγονεν.
663 2150 695 2175 Ἀ
715 2150 768 2184 γὰρ
781 2149 813 2176 δι’
830 2149 917 2176 αὐτῶν

970 235 1014 261 Ait
1027 235 1098 262 enim
1117 245 1123 262 :
1143 244 1152 260 ι
1172 234 1316 270 Peragrate
1335 235 1438 262 insulas
1452 234 1570 267 Chetim,
1585 239 1612 261 et
1626 235 1654 261 in
1669 233 1757 260 Cedar

971 280 1078 312 mittite,
1094 283 1120 307 et
1138 280 1224 307 videte
1236 280 1266 307 ⁵⁸.
1284 290 1292 305 ι
1310 279 1467 314 Nisiitaque
1477 280 1665 312 longanimiter
1678 287 1758 315 agere

971 325 1060 356 vellet,
1079 325 1182 351 monita
1201 332 1255 351 non
1278 324 1354 352 daret
1373 325 1442 357 illis,
1459 329 1487 351 ut
1504 324 1673 359 peragrando
1698 323 1756 351 edi-

971 374 1080 399 scerent
1096 379 1130 398 ex
1143 371 1293 398 contrariis
1320 370 1384 398 boni
1409 371 1637 405 comparationem
1656 371 1754 398 discri-

970 425 1097 452 menque.
1106 417 1184 444 Certe
1194 417 1240 444 ubi
1249 417 1305 452 jam
1320 424 1374 444 non
1387 416 1502 444 ulterius
1513 416 1754 452 longanimitatem,

971 463 1019 490 sed
1049 463 1118 489 iram
1143 462 1312 497 singulorum
1343 469 1424 496 opera
1451 465 1621 496 provocant,
1645 462 1754 489 demum

971 510 1132 536 sententiam
1154 508 1258 543 profert
1275 508 1318 535 his
1338 509 1446 535 verbis:
1462 516 1471 533 (
1491 507 1551 535 Non
1575 500 1646 535 ultra
1668 507 1754 536 feram

969 558 1080 590 peccata
1099 558 1199 582 vestra.
1220 564 1230 581 ι
1249 554 1298 581 lllo
1314 558 1403 582 autem
1423 554 1515 586 verbo,
1537 563 1545 579 ι
1567 562 1620 581 non
1642 555 1722 586 ultra,
1741 564 1751 580 ι

969 601 1058 635 palam
1074 600 1227 636 signiﬁcat,
1243 608 1319 628 suam
1336 608 1398 635 erga
1414 599 1546 627 Ninivitas
1564 600 1755 644 longanimita:

969 651 1034 680 tem,
1049 655 1125 680 voce,
1151 656 1160 672 ι
1182 647 1280 685 adhuc,
1306 656 1315 673 ι
1339 647 1504 674 declaratam
1528 655 1536 675 :
1556 655 1661 674 necnon
1677 647 1753 674 verni

970 693 1012 721 sui
1036 693 1188 721 veritatem.
1210 693 1381 728 [inpossibile
1404 693 1502 728 quippe
1519 696 1588 725 erat,
1610 700 1664 720 non
1685 701 1748 720 vere
1775 717 1777 720 .

970 737 1059 766 dicere
1071 738 1153 767 Deum
1165 739 1228 766 dum
1245 739 1383 774 quidpiam
1398 738 1511 771 diceret,
1529 744 1575 765 aut
1588 738 1674 766 solum
1688 737 1753 765 dum

970 785 1108 820 quidpiam
1127 785 1219 813 vellet.
1240 786 1330 818 Quare
1355 792 1416 812 cum
1439 785 1593 813 Abrahamo
1617 784 1753 820 pollicitus

970 835 1053 864 esset,
1067 839 1237 866 nequaquam
1253 831 1383 858 mentitus
1402 835 1453 863 est,
1475 831 1522 858 sed
1541 831 1625 858 tilium
1643 830 1754 857 donavit

970 877 1019 908 illi,
1048 877 1230 912 populumque
1251 876 1345 903 eduxit
1369 883 1402 903 ex
1427 875 1544 910 .Egypto
1573 883 1620 910 per
1654 882 1753 902 oracu-

969 923 1058 950 lorum
1072 922 1291 949 annuntiatorem
1314 921 1432 957 Moysen.
1455 922 1547 948 lsaaeo
1558 921 1640 948 etiam
1651 923 1753 948 certam

969 969 1176 1003 promissionem
1198 967 1381 999 denuntiavit,
1405 967 1574 1002 duorumque
1593 967 1754 1002 populorum

969 1018 1073 1049 patrem
1104 1013 1192 1041 etfecit
1223 1013 1298 1040 illum
1325 1023 1330 1040 :
1359 1012 1477 1044 Jacobo,
1507 1014 1545 1039 uti
1573 1013 1752 1048 promiserat,

967 1058 1114 1095 Josephum
1138 1059 1260 1087 exhibuit
1289 1070 1296 1086 :
1318 1058 1403 1095 Moysi
1427 1059 1582 1087 ﬁdelissimo
1606 1058 1751 1086 verborum

969 1113 1079 1133 suorum
1092 1105 1169 1132 [idem
1181 1105 1264 1137 dedit,
1276 1113 1323 1139 per
1334 1112 1365 1132 ea
1377 1113 1436 1140 quae
1446 1105 1579 1131 Pharaoni
1595 1103 1732 1138 contigere
1744 1112 1750 1129 :

968 1150 1062 1178 Davidi
1078 1159 1138 1178 cum
1154 1151 1291 1186 pollicitus
1305 1155 1388 1183 esset,
1407 1151 1613 1186 promissionem
1629 1151 1750 1185 implevit

968 1204 1016 1231 per
1048 1196 1220 1224 Salomonem
1248 1206 1254 1223 :
1286 1197 1381 1232 loquor
1405 1201 1496 1223 autem
1524 1197 1556 1224 de
1586 1196 1676 1230 templi
1705 1203 1753 1223 ex-

969 1243 1127 1269 structione.

1003 1287 1029 1314 8.
1049 1286 1152 1322 Ecquid
1175 1287 1240 1314 mihi
1261 1287 1355 1314 multis
1375 1286 1464 1322 opus?
1483 1285 1554 1313 Nihil
1575 1294 1669 1314 eorum
1692 1294 1752 1321 qua;

967 1331 1111 1366 pollicetur
1134 1331 1204 1358 Deus
1220 1331 1350 1358 infectum
1368 1335 1468 1358 manet.
1488 1331 1600 1359 Etiamsi
1617 1332 1678 1366 quis
1695 1334 1749 1359 sta-

967 1377 1016 1404 tim
1043 1377 1132 1403 animo
1156 1376 1273 1408 deﬁciat,
1295 1376 1359 1402 dum
1378 1376 1439 1411 ejus
1462 1376 1574 1410 inquirit
1594 1376 1673 1403 verba
1696 1383 1702 1402 :
1725 1381 1752 1403 at

968 1426 1088 1457 tempore
1109 1429 1158 1450 suo
1173 1421 1380 1456 promissionem
1401 1430 1444 1448 res
1464 1422 1651 1456 consequitur,
1671 1426 1751 1456 atque

969 1469 1077 1496 tandem
1101 1468 1258 1503 pollicitatio
1280 1467 1415 1502 impletur.
1439 1467 1509 1495 Ecce
1531 1469 1602 1495 enim
1629 1476 1672 1495 res
1695 1468 1750 1502 jam

968 1515 1032 1541 olim
1056 1522 1071 1541 a
1096 1514 1208 1541 Domino
1230 1514 1404 1541 denuntiatas
1421 1518 1446 1541 et
1463 1514 1565 1548 jamdiu
1588 1514 1749 1545 declaratos,

969 1568 1041 1587 nunc
1062 1560 1089 1586 in
1107 1559 1259 1594 Evangeliis
1280 1560 1429 1594 completas
1449 1559 1582 1586 videmus.
1600 1559 1750 1594 Proplteta~

969 1604 1007 1630 vit
1018 1603 1112 1634 Isaias,
1131 1611 1163 1630 ex
1180 1604 1334 1639 nuptiarum
1345 1608 1455 1638 experte
1463 1604 1574 1631 muliere
1584 1605 1751 1632 nasciturum

969 1649 1169 1676 Emmanuelem
1195 1659 1202 1676 :
1227 1649 1339 1684 ipseque
1361 1649 1432 1677 Deus
1457 1657 1589 1684 apparens
1609 1658 1642 1676 ex
1667 1649 1752 1676 Maria

969 1694 1078 1729 Virgine
1106 1695 1224 1729 genitus.
1248 1695 1384 1730 propheta:
1416 1703 1567 1723 sermonem
1596 1695 1750 1730 complevit.

969 1739 1093 1767 Miciucas
1111 1741 1197 1775 ipsum
1215 1741 1303 1768 locum
1321 1745 1381 1768 ante
1395 1741 1560 1775 dcsignarat,
1577 1741 1603 1767 in
1626 1748 1680 1776 quo
1703 1748 1752 1767 na-

969 1787 1088 1813 sciturus
1111 1786 1236 1814 Christus
1252 1792 1343 1819 esset;
1368 1788 1480 1822 ipseque
1497 1787 1626 1815 Dominus
1645 1787 1748 1814 Bethle-

969 1831 1029 1858 hem
1046 1832 1071 1858 in
1092 1839 1210 1866 praesepe
1228 1833 1378 1867 repositus.
1398 1833 1556 1868 prophetam
1571 1841 1634 1860 vere
1648 1833 1751 1860 dixisse

969 1877 1125 1904 declaravit.
1154 1876 1301 1904 Zacharias
1322 1875 1497 1912 Jcrosolyma:
1518 1879 1669 1913 ingressum
1692 1877 1751 1905 Sal-

967 1922 1070 1949 vatoris
1086 1922 1277 1956 praenuntiavit
1294 1932 1301 1948 :
1320 1923 1377 1957 ipse
1390 1922 1521 1950 Dominus
1536 1925 1642 1951 asinum
1657 1924 1753 1958 quaesi-

969 1971 1026 1994 tum
1045 1968 1166 1999 mittens,
1184 1973 1264 2002 atque
1281 1969 1327 1995 illo
1341 1974 1434 1996 vectus
1451 1969 1614 2003 ingrediens,
1633 1969 1751 2004 prophe-

968 2013 1032 2040 tiam
1050 2013 1179 2047 imple.vit.
1199 2012 1227 2040 In
1250 2021 1364 2045 summa,
1384 2022 1418 2040 ne
1441 2014 1544 2048 singula
1565 2022 1625 2048 quae
1650 2015 1751 2049 scripta

968 2063 1031 2087 sunt
1040 2067 1193 2086 recenseam
1204 2079 1211 2091 ,
1224 2060 1280 2094 ipse
1290 2059 1429 2093 plenitudo
1441 2060 1508 2094 legis
1523 2064 1549 2086 et
1559 2061 1751 2095 prophetarum

967 2105 1079 2134 eﬂ‘ectus
1105 2110 1157 2133 est.
1181 2105 1249 2132 Nam
1267 2114 1327 2140 qua:
1349 2114 1397 2140 per
1417 2114 1465 2134 eo:
1490 2107 1695 2141 praenuntiant,
1719 2115 1751 2133 ea

967 2148 1090 2186 prasens'
1103 2151 1160 2186 ipse
1176 2151 1337 2186 complebat,
1350 2151 1492 2187 aiebatque
1511 2161 1518 2180 :
1537 2162 1545 2177 ι
1562 2151 1617 2186 Ego
1633 2152 1690 2186 ipse
1704 2152 1751 2186 qui

139 2197 351 2234 προαπήγγελλε,
365 2197 450 2224 ταῦτα
466 2197 559 2233 παρὼν
579 2196 659 2227 αὐτὸς
674 2195 789 2222 ὲτελείου
805 2195 916 2232 πληρῶν

970 2197 1073 2231 loquor,
1084 2196 1179 2224 adsum
1186 2195 1218 2223 ³⁷.
1232 2206 1241 2222 ›
1252 2195 1291 2223 En
1305 2196 1394 2231 itaque
1407 2204 1467 2232 quae
1481 2197 1544 2224 olim
1564 2196 1596 2224 de
1612 2195 1752 2223 Salvatore

139 2243 180 2268 καὶ
192 2243 296 2278 λέγων·
318 2252 328 2268 ί
343 2243 428 2275 Αὐτὸς
449 2242 463 2268 ὁ
488 2242 576 2269 λαλῶν
605 2242 730 2277 πάρειμι.
757 2251 766 2267 ι
787 2241 852 2268 Ἰδοὺ
869 2240 916 2269 οὖν

140 2289 182 2315 καὶ
195 2289 240 2316 νῦν
256 2289 312 2325 (38)
326 2290 360 2316 τὰ
372 2289 454 2315 πάλαι
464 2286 676 2323 ἀναφωνούμενα
687 2287 750 2323 ’περὶ¹
765 2286 812 2313 τοῦ
826 2287 918 2322 Σωτῆ-

142 2341 182 2368 ρος
197 2335 223 2361 ὲν
238 2336 293 2366 τοῖς
310 2335 444 2369 Ψαλμοῖς.
461 2333 522 2369 ἄρτι
540 2333 620 2360 πάλιν
636 2332 785 2368 πληροῦται
800 2331 843 2358 διὰ
868 2332 918 2367 τῆς

141 2379 188 2404 τῶν
200 2380 371 2416 στρατιωτῶν
383 2379 493 2414 τόλμης.
512 2379 545 2405 Ἀ
568 2379 622 2413 γὰρ
636 2379 808 2414 προεσήμανε
822 2378 917 2405 παθεῖν

143 2424 223 2456 αὐτὸν,
235 2426 321 2452 ταῦτα
335 2425 382 2452 νῦν
396 2427 420 2452 οἱ
436 2425 516 2460 δῆμοι
536 2425 668 2451 Ἰουδαίων
686 2424 836 2459 ἐνεργοῦσι,
859 2423 917 2450 δια-

145 2471 305 2506 μεριζόμενοι
322 2471 355 2498 ei
367 2472 462 2506 ἱμάτια
480 2470 527 2496 τοῦ
545 2470 679 2506 Σωτῆρος,
697 2470 743 2496 καὶ
762 2469 918 2501 ποτίζοντες

143 2515 214 2542 αὐτὸν
229 2517 287 2550 ὖξος
303 2518 371 2553 μετὰ
384 2517 474 2553 χολῆς.
489 2526 497 2542 ι
508 2516 598 2542 Ταῦτα
614 2516 678 2552 γὰρ,
701 2526 709 2541 ι
725 2515 818 2551 φησὶν,
837 2525 846 2541 ι
863 2515 920 2549 ὲγί-

176 2592 196 2608 "
213 2592 308 2622 Jerem.
326 2603 356 2629 ll,
375 2596 418 2624 10.

177 2659 228 2729 ἓδὸ)
242 2661 396 2691 Basiliensis
410 2667 437 2691 et
452 2663 556 2698 Anglic.
575 2663 760 2700 προκαλεῖται.

188 2696 229 2729 34)
249 2698 276 2724 In
295 2699 373 2726 editis
391 2703 418 2726 et
440 2699 601 2729 quibusdam
622 2707 689 2726 mss.
713 2707 760 2729 nos

188 2696 229 2733 34)
249 2698 276 2724 In
295 2699 373 2726 editis
391 2703 418 2726 et
440 2696 604 2733 quiliusdam'
622 2707 689 2726 mss.
713 2703 773 2733 post
784 2697 915 2733 δηλουμέ-

178 2706 229 2731 tos)
249 2706 276 2724 In
295 2706 373 2726 emus
391 2706 418 2726 et
440 2706 601 2733 qumusuam
622 2707 689 2726 mss.
713 2706 797 2733 posto
818 2706 914 2733 Αουμε-

147 2736 200 2763 νην,
211 2732 316 2769 legitur.
329 2734 372 2760 διὰ
385 2734 431 2760 τοῦ
445 2734 496 2765 ἔτι,
513 2734 539 2760 in
553 2734 619 2769 Reg.
638 2734 742 2769 Anglic.
760 2738 786 2761 et
799 2706 878 2760 item.
887 2733 914 2765 5,

116 2765 332 2804 ίιπυιιιηαιιειιητ.

129 2797 144 2819 ³
243 2797 353 2845 Ettigius,
369 2803 451 2845 Basil.
468 2803 572 2845 Anglic.
589 2803 697 2845 (harpag.

180 2834 231 2870 (ὅθ)
244 2834 315 2865 Fere.
333 2839 359 2872 5,
376 2839 424 2874 τὴν
435 2834 599 2874 προφητείαν
614 2834 708 2875 ἀληθῆ.

966 2243 994 2270 in
1011 2241 1127 2270 Psalmis
1147 2242 1291 2278 pmdicata
1311 2246 1385 2276 sunt,
1397 2242 1453 2270 haec
1472 2242 1528 2277 jam
1548 2242 1663 2269 militum
1682 2249 1750 2269 ausn

967 2289 1146 2323 complentur.
1167 2287 1233 2322 Qua:
1250 2288 1322 2316 enim
1344 2295 1488 2323 passurum
1508 2289 1596 2323 ipsum
1620 2294 1749 2322 pnenun-

968 2332 1060 2363 tiavit,
1093 2332 1150 2359 haec
1181 2331 1238 2367 jam
1271 2331 1426 2360 Judmorum
1460 2332 1552 2366 populi
1590 2331 1748 2365 perﬁciunt,

967 2377 1119 2405 dividentes
1133 2377 1293 2404 vestimenta
1313 2376 1473 2408 Salvatoris,
1494 2379 1521 2402 et
1545 2379 1670 2411 potantes
1687 2384 1749 2403 eum

968 2427 1046 2450 aceto
1079 2427 1160 2458 atque
1187 2423 1258 2450 felle.
1287 2432 1296 2448 ι
1325 2423 1388 2450 Haec
1422 2422 1504 2453 enim,
1546 2422 1643 2456 inquit,
1679 2421 1750 2449 facta

968 2473 1041 2498 sunt,
1073 2472 1102 2494 ut
1128 2468 1305 2503 implerentur
1330 2467 1475 2502 Scriptura:
1502 2466 1523 2482 ³³
1551 2477 1557 2494 :
1592 2476 1601 2492 )
1633 2474 1748 2502 quarum

969 2515 1052 2542 altera
1069 2514 1136 2541 dicit
1152 2524 1158 2541 :
1179 2524 1187 2539 ι
1213 2514 1368 2542 Diviseruut
1389 2513 1440 2541 sibi
1462 2513 1621 2540 vestimenta
1640 2521 1710 2546 mea,
1723 2518 1751 2540 et

463 2595 485 2611 ³⁷
505 2594 556 2624 lsa.
576 2603 629 2628 LII,
647 2595 672 2622 6.
710 2596 733 2612 ³⁸
752 2595 846 2623 Matth.
867 2602 959 2627 xxv",
980 2594 1024 2622 55.

1001 2662 1055 2696 (57)
1073 2661 1241 2696 Basiliensis,
1258 2659 1364 2696 ὲπὶτὴν
1379 2659 1447 2696 ὄνον.
1470 2658 1583 2696 Ibidem,
1600 2659 1698 2694 Regius
1723 2663 1751 2687 et

963 2695 1036 2724 Felc.
1047 2694 1049 2696 ’
1062 2697 1088 2727 5,
1104 2696 1146 2722 ἐπ’
1161 2695 1252 2723 αὑτοῦ.
1276 2694 1358 2725 Editi,
1375 2695 1425 2730 ἐφ’
1444 2694 1551 2721 ἑαυτοῦ.
1571 2695 1749 2730 Anglicanus,

964 2731 1070 2759 ἑαυτοῦ.
1089 2731 1189 2758 Ibidem
1206 2730 1277 2757 Felc.
1297 2731 1323 2761 '5,
1339 2729 1468 2765 ἐπλήρου.

999 2768 1054 2802 (58)
1068 2765 1181 2802 Regius.
1191 2766 1334 2802 Anglic.ret
1346 2763 1462 2802 Felcgﬁ.
1476 2764 1540 2802 Ἰδοὺ
1551 2765 1598 2802 καὶ
1608 2763 1750 2802 νῦνκίίιίίξὶ

963 2808 989 2830 et
1005 2798 1190 2834 ὶεωίοιιίίἹδοὺ
1205 2798 1250 2828 οὖν
1263 2801 1310 2827 καὶ
1330 2800 1387 2828 νῦν.
1409 2800 1476 2828 Ibid.
1490 2800 1534 2831 τά,
1549 2800 1625 2827 abest
1638 2807 1652 2826 a
1666 2799 1748 2827 Basil.
