1915 3057
197 153 210 180 ‘l
215 153 248 181 99

819 146 1050 177 ATHANA‘SlUS.
1070 160 1106 168 —-
1124 143 1237 173 DUBlA.

1781 140 1835 168 200

195 215 279 242 super
295 211 402 234 vestem
422 214 508 233 meam
525 206 658 233 miserunt
679 211 779 233 sortem
796 206 818 223 ³·
834 215 842 240 ;
862 216 871 232 ι
892 206 977 233 altera

1041 212 1098 234 ιετο,
1112 203 1155 229 ἵνα
1179 201 1358 237 πληρωθῶσιν
1375 201 1401 226 al
1415 197 1536 235 Γραφαί·
1556 208 1565 224 ι
1585 199 1603 233 ἡ
1623 199 1677 233 μὲν
1694 198 1833 231 λέγουσα·

198 262 262 281 vero
276 263 281 280 :
300 263 308 278 ι
323 252 459 280 Dedcrunt
471 251 498 278 in
513 259 604 279 escam
618 259 705 279 meam
720 251 767 284 fel,
783 252 846 279 etin
863 253 907 280 siti
920 260 979 280 mea

194 303 357 336 potaverunt
374 307 414 325 me
430 298 546 326 aceto".
562 308 572 324 ι

231 444 256 471 9.
278 443 353 470 Multi
373 444 419 478 qui
440 442 590 477 Evangelia
609 443 712 477 legunt,
731 442 874 469 audientes
893 442 975 468 illud:

199 499 208 515 I
242 489 276 517 Ut
302 490 458 524 impleretur
484 489 555 524 quod
581 489 712 523 scriptum
737 492 789 519 est,
819 498 829 514 ι
857 488 980 515 arbitrati

194 541 270 569 sunt,
292 543 323 562 ea
342 543 402 570 qua:
422 540 496 570 gesta
516 539 589 564 sntit,
604 535 677 561 nulla
698 535 750 561 alia
765 533 798 561 de
812 541 896 561 causa
911 533 980 566 fieri,

197 590 278 616 quam
304 586 334 608 ut
363 581 512 617 Scriptura:
535 581 712 615 implerentur
740 590 746 607 :
774 584 856 614 atque
885 579 982 607 exinde

198 629 384 659 aestimarunt,
397 635 445 655 eos
458 627 504 662 qui
518 627 568 653 ista
583 627 712 658 facerent,
728 634 782 653 non
798 625 878 652 modo
894 625 983 653 incul-

198 678 276 707 patos
287 681 348 701 esse
362 683 369 706 ;
385 672 432 700 sed
448 672 538 707 potius
550 672 628 699 laude
639 671 808 707 dignos,66
833 671 906 706 quod
928 679 982 699 non

199 720 348 755 peccando,
365 718 413 746 sed
431 718 583 753 Scripturis
599 717 790 748 ministrando.
807 717 871 744 talia
887 725 984 752 perpe-

193 769 303 793 ‘trarcnt
337 774 343 792 :
374 772 464 799 neque
492 764 563 791 enim
590 771 652 790 vera
679 763 764 790 fuisse
791 763 982 797 prophetarum

199 811 292 842 verba,
309 810 361 838 nisi
379 814 439 837 acta
463 817 512 837 sua
532 809 678 837 subsecuta
700 809 826 836 fuissent.
843 807 920 841 Quod
943 808 982 834 illi

200 857 317 884 maxime
337 856 440 892 opinati
463 861 528 884 sunt
548 863 582 883 ex
606 855 649 882 his
670 854 808 890 Evangelii
833 854 983 882 secundum

1032 259 1041 275 ‹
1068 248 1259 284 Διεμερίσαντο
1279 247 1314 273 τὰ
1336 246 1432 281 ἱμάτιά
1447 254 1497 280 μου
1515 245 1637 275 ἑαυτοῖς,
1652 244 1704 270 καὶ
1721 244 1770 269 ἐπὶ
1787 243 1835 270 τὸν

1031 294 1176 330 ἱματισμόν
1190 303 1240 329 μου
1257 292 1351 319 ἔϐαλον
1367 292 1466 326 κλῆρον
1476 299 1482 304 ·
1502 300 1512 316 ι
1527 289 1580 325 ἡδὲ
1595 288 1701 315 πάλιν·
1720 298 1730 314 ‹
1750 288 1836 314 Ἔδω-

1030 349 1081 367 καν
1092 341 1131 371 εἰς
1145 341 1174 366 τὸ
1193 338 1289 375 βρῶμά
1315 347 1365 373 μου
1383 337 1438 372 (59)
1455 336 1545 372 χολὴν,
1560 336 1608 362 καὶ
1622 335 1666 366 εἰς
1681 334 1734 370 τὴν
1752 334 1835 370 δίψαν

1032 395 1082 421 μου
1094 386 1222 413 ὲπότισάν
1236 393 1268 420 με
1284 383 1353 417 ὅξος.
1373 393 1381 409 ι

1066 444 1092 471 9.
1113 442 1217 474 Πολλοὶ,
1242 443 1298 472 τοῖς
1320 440 1495 474 Εὑαγγελιοις
1524 437 1766 473 ἐντυγχάνοντες,
1786 438 1835 464 καὶ

1032 489 1174 519 ἀκούοντες
1194 487 1233 518 τὸ,
1258 497 1267 512 ι
1285 487 1343 512 Ἵνα
1363 484 1492 520 πληρωθῇ
1523 483 1554 510 τὸ
1578 482 1803 518 γεγραμμένον,
1821 491 1832 508 ι

1031 535 1160 570 ἐνόμισαν
1182 534 1216 560 τὰ
1230 533 1360 568 γινόμενα
1375 531 1407 558 δι’
1433 531 1509 558 οὐδὲν
1535 531 1632 566 ἓτερον
1659 529 1803 563 γίνεσθαι,
1817 528 1834 563 ἢ

1033 580 1076 607 ἵνα
1089 579 1218 616 πληρωθῇ
1233 579 1267 605 τὰ
1285 577 1464 613 γεγραμμένα
1474 585 1480 592 ⁵
1497 577 1544 603 καὶ
1564 577 1595 602 ὲκ
1612 575 1724 602 τούτων
1738 575 1834 610 ᾠήθη-

1033 635 1082 652 σαν
1097 625 1134 661 μὴ
1150 626 1228 660 μόνον
1243 624 1379 655 ἀναιτίους
1395 621 1463 649 εἶναι
1477 624 1539 655 τοὺς
1558 623 1748 657 πράττοντας,
1764 621 1834 648 ἀλλὰ

1032 673 1078 699 καὶ
1097 672 1194 708 μᾶλλον
1204 671 1295 704 ἀξίους
1310 671 1430 702 ἐπαίνου,
1441 671 1482 696 ὃτι
1495 670 1543 704 οὐχ
1552 670 1590 701 ὡς
1604 669 1832 704 ἁμαρτάνοντες,

1032 718 1089 745 ἀλλ’
1104 718 1141 749 ὡς
1155 717 1338 749 διακονοῦντες
1353 718 1409 748 τοῖς
1434 715 1639 751 γεγραμμέναις
1666 714 1832 749 ἐνεργοῦσι·

1035 765 1072 800 μὴ
1087 765 1141 799 γὰρ
1154 764 1187 791 ἂν
1214 763 1323 799 ἀληθεῖς
1346 762 1509 798 γεγενῆσθαι
1522 761 1576 788 τῶν
1592 760 1752 797 προφητῶν
1770 760 1834 792 τοὺς

1033 811 1136 845 λόγους,
1162 811 1186 836 εἰ
1208 810 1244 846 μὴ
1276 809 1377 837 τούτων
1400 807 1469 844 ἦσαν
1493 809 1520 834 αί
1548 808 1679 843 πράξεις.
1704 807 1836 834 Μάλιστα

1033 857 1061 883 δὲ
1073 856 1176 891 (ιο-ιι)
1192 855 1279 883 ταῦτα
1296 855 1429 882 ὑπέλαϐον
1445 856 1477 881 ὲκ
1489 854 1543 880 τῶν
1554 854 1594 885 εἰς
1602 853 1637 879 τὸ
1651 853 1727 880 κατὰ
1741 852 1835 880 Ἰωάν-

197 902 329 930 Joannem
349 902 439 932 dictis.
456 901 500 928 ubi
519 908 581 927 cum
597 900 753 927 Judaeorum
769 903 877 928 enarrat
895 900 981 926 incre-

1041 911 1082 937 μην
1098 902 1186 937 ῥητῶν
1197 901 1361 936 κινηθέντες,
1374 900 1448 933 ἔνθα,
1459 900 1513 927 τῶν
1529 899 1670 926 Ἰουδαίων
1689 899 1743 934 τὴν
1769 899 1835 925 ἀπι-

200 949 352 979 dulitatem,
379 955 412 974 ex
442 947 518 974 Isaia:
539 947 678 981 prophetia
697 947 737 973 sic
753 946 790 972 ait
806 955 812 972 :
831 954 840 970 ι
860 945 927 972 Cum
945 949 984 971 tot

201 994 279 1028 signa
290 1000 382 1020 coram
395 993 436 1020 eis
451 992 570 1023 iecisset,
583 999 637 1018 non
650 991 823 1019 crediderunt
836 1001 842 1017 :
855 995 884 1017 ut
895 998 985 1018 sermo

195 1037 276 1066 ‘lsaiaa
297 1038 434 1073 propheta:
451 1038 620 1072 impleretur,
635 1044 714 1072 quem
730 1037 799 1063 dixit
827 1046 832 1063 :
858 1035 983 1068 Domine,

195 1085 262 1120 quis
277 1084 393 1112 credidit
410 1084 514 1111 auditui
535 1083 649 1111 nostro?
668 1086 696 1111 et
716 1082 857 1110 brachium
877 1082 985 1109 Domini

197 1131 245 1158 cui
259 1131 407 1157 revelatum
422 1135 465 1157 est
480 1129 520 1156 “?
539 1139 549 1155 ›
567 1128 595 1156 Si
611 1129 683 1156 enim
705 1128 766 1155 ideo
784 1136 838 1155 non
861 1128 985 1155 credide-

199 1179 265 1202 runt
287 1174 389 1205 Judaei,
408 1180 437 1201 ut
458 1174 537 1202 lsaize
561 1182 651 1201 sermo
673 1174 851 1208 impleretur;
869 1180 924 1200 non
944 1173 982 1199 illi

196 1220 400 1248 incredulitatis
416 1227 471 1247 sua:
485 1227 568 1246 causa
583 1223 657 1251 sunt,
675 1219 722 1246 sed
738 1218 784 1253 qui
803 1218 854 1245 ista
868 1218 984 1250 dixerat,

197 1267 273 1294 unde
290 1266 390 1294 factum
412 1270 502 1294 est‘ut
519 1266 576 1293 haec
597 1266 810 1300 complerentur.
830 1264 916 1295 Tolle,
941 1265 984 1292 in-

198 1313 305 1348 quient,
317 1313 457 1348 prophetae
471 1312 594 1343 verbum,
611 1315 638 1339 et
654 1312 732 1346 plane
753 1311 874 1338 futurum
893 1315 935 1339 est
956 1316 986 1338 ut

203 1360 241 1386 illi
256 1359 379 1387 credant.
393 1358 447 1386 Sed
462 1359 519 1385 hozc
529 1358 721 1393 ejusmodique
740 1359 873 1385 sententia
887 1366 903 1384 a
917 1359 986 1385 veri-

200 1409 258 1432 tate
283 1405 399 1432 multum
424 1404 533 1431 aberrat
561 1414 568 1431 :
597 1411 659 1430 nam
685 1411 772 1438 neque
798 1404 929 1439 propheta
957 1404 985 1430 in

198 1457 286 1478 causa
309 1451 363 1478 illis
388 1454 441 1482 est,
465 1458 553 1485 neque
577 1448 663 1476 Judaei
685 1449 764 1483 culpa
785 1448 986 1476 incredulitatis

203 1501 268 1524 sunt
287 1496 376 1524 liberi.
396 1495 450 1523 Sed
471 1496 616 1531 propheta,
630 1494 799 1530 prospiciens
813 1502 873 1529 quae
887 1494 984 1521 facturi

198 1545 310 1574 essent,
329 1550 361 1569 ea
375 1542 568 1577 praenuntiavit
584 1551 590 1569 :
609 1541 660 1576 ipsi
675 1548 741 1568 vero
756 1540 862 1573 deinde,
878 1548 910 1567 ea
925 1548 987 1575 per-

198 1593 354 1625 petrantes,
378 1589 587 1616 declaraverunt
616 1595 710 1615 verum
739 1587 823 1615 fuisse
851 1585 1021 1623 prophetaeC

202 1643 359 1663 sermonem
393 1644 400 1661 :
431 1641 482 1662 nec
506 1634 588 1668 quasi
618 1633 783 1668 propheticis
816 1634 987 1660 sermonibus

200 1681 403 1712 ministrarent,
418 1680 477 1707 haac
495 1684 591 1707 contra
606 1680 745 1706 Christum
763 1683 827 1706 sunt
841 1680 918 1711 ausi;
941 1679 988 1707 sed

203 1735 253 1755 sua
270 1731 376 1762 sponte,
394 1730 490 1762 suopte
500 1727 643 1761 proposito
657 1734 689 1753 ea
700 1726 823 1753 facinora
837 1726 986 1753 admisere:

203 1773 242 1799 ita
256 1777 286 1799 ut
300 1779 470 1806 nequaquam
486 1771 540 1798 illis
560 1771 587 1797 in
607 1777 690 1798 causa
705 1770 933 1805 fuerit'propheta,
942 1770 990 1798 sed

201 1825 253 1845 sua
268 1818 390 1852 ipsorum
406 1817 553 1848 voluntas;
573 1817 628 1843 imo
646 1816 699 1851 ipsi
711 1816 801 1851 potius
813 1816 989 1851 prophetaein

202 1871 288 1891 causa
306 1863 426 1894 fuerunt,
442 1866 471 1889 ut
487 1862 552 1889 talia
566 1861 600 1889 de
616 1862 684 1897 ipsis
704 1862 907 1897 praanuntiaret.
921 1861 989 1889 Nam

203 1910 342 1944 prophetae
355 1909 463 1944 quidem
477 1907 618 1943 proprium
630 1911 671 1935 est
685 1907 776 1935 futura
788 1908 889 1940 videre,
902 1916 990 1943 neque

204 1954 367 1982 hallucinari
384 1963 391 1980 :
407 1961 520 1988 operum
537 1957 627 1980 autem
646 1953 762 1988 quisque
776 1961 887 1982 suorum
898 1954 992 1981 volun-

202 2005 287 2028 tatem
299 2008 409 2027 causam
422 1999 513 2027 habet.
531 1999 562 2025 Et
574 1999 800 2037 quemadmodum
816 2007 875 2031 nos,
887 2008 918 2027 ea
929 2008 991 2035 qua:

205 2048 232 2074 in
249 2050 399 2081 conspectu
421 2053 485 2073 sunt
505 2045 639 2075 videntes.
665 2053 835 2080 nequaquam
860 2045 989 2078 fallimur,

203 2100 294 2128 neque
312 2100 362 2119 nos
384 2092 438 2118 alin
460 2091 542 2118 modo
564 2091 687 2118 videmus
709 2099 789 2126 quam
809 2091 883 2122 ﬁant,
903 2099 990 2126 neque

205 2139 259 2165 alio
277 2138 357 2165 modo
369 2137 450 2170 ﬁunt,
463 2144 545 2172 quam
560 2144 610 2164 nos
628 2137 768 2164 videamus
781 2146 789 2170 ;
806 2137 852 2164 sed
868 2141 897 2164 ut
912 2137 988 2168 ﬁunt,

204 2185 340 2217 videmus,
365 2187 391 2211 et
411 2187 441 2210 ut
468 2183 594 2210 videmus
616 2183 703 2216 ﬁunt;
721 2191 754 2211 eo
777 2191 885 2218 quoque
909 2183 989 2210 modo

205 2231 344 2267 prophetae
381 2229 472 2256 futura
499 2233 627 2264 tanquam
662 2229 805 2264 praesentia
835 2229 989 2257 videbant:

205 2261 406 2311 incessumque
423 2279 483 2303 erat
505 2279 534 2302 ut
551 2275 646 2302 tierent
662 2261 695 2301 ea
717 2282 778 2310 qua:
793 2274 845 2310 ipsi
857 2274 988 2306 viderent,
1006 2261 1027 2288 D

202 2329 232 2351 et
248 2323 380 2356 vicissim,
395 2327 425 2349 ut
444 2321 567 2348 viderent
581 2321 631 2356 ipsi
648 2329 709 2356 qua;
728 2321 818 2349 futura
837 2325 938 2348 essent.
957 2321 989 2348 Et

205 2377 327 2402 rursum,
343 2367 572 2403 quemadmodum
593 2375 654 2402 qua:
675 2367 762 2394 oculis
786 2367 920 2399 videmus,
941 2376 989 2394 ne-

206 2423 284 2442 cesse
297 2421 411 2449 prorsus
422 2418 464 2441 est
478 2417 508 2439 ut
526 2413 670 2445 exsistant,
686 2420 748 2440 nam
762 2421 823 2448 quae
836 2417 899 2441 sunt
914 2414 990 2441 vide-

207 2469 279 2493 mus,
301 2468 389 2495 neque
407 2460 461 2487 alio
479 2463 594 2494 possunt
611 2466 672 2486 esse
685 2459 766 2486 modo
784 2467 865 2494 quam
880 2467 931 2487 nos
947 2461 987 2487 vi-

203 2506 320 2534 deamus
331 2507 388 2540 ;sie
395 2510 422 2533 et
432 2505 639 2541 quas-prophetat
650 2505 861 2540 prospiciebant,
876 2513 989 2534 necesse

1037 947 1113 973 στίαν
1137 947 1323 983 διηγούμενος,
1346 946 1416 973 κατὰ
1439 946 1488 982 τὴν
1515 945 1629 972 Ἡσαΐου
1659 944 1834 980 προφητείαν

1037 995 1121 1030 φησί’
1139 1005 1148 1020 1
1160 994 1283 1021 Τοσαῦτα
1302 994 1330 1020 δὲ
1350 993 1432 1020 αὑτοῦ
1455 994 1553 1028 σημεῖα
1573 993 1764 1027 πεποιηκότος
1785 991 1835 1026 ἐμ-

1037 1041 1151 1076 προσθεν
1167 1040 1266 1072 αὐτῶν,
1279 1041 1329 1066 οὐκ
1340 1041 1518 1066 ἐπίστευσαν
1532 1039 1576 1066 ἵνα
1587 1040 1601 1066 ὁ
1616 1039 1701 1074 λόγος
1720 1038 1833 1065 Ἠσαῖου

1035 1085 1082 1112 τοῦ
1107 1087 1246 1121 προφήτου
1268 1085 1324 1120 (42)
1342 1085 1484 1120 πληρωθῇ,
1517 1085 1546 1112 ὃν
1570 1083 1633 1111 εἷπε
1646 1093 1654 1100 ·
1672 1085 1773 1120 Κύριε,
1792 1083 1834 1114 τίς

1036 1131 1177 1158 ἐπίστευσε
1188 1133 1221 1167 τῇ
1235 1133 1302 1167 ἀκοῇ
1322 1131 1417 1167 ήμῶν;
1434 1131 1480 1157 καὶ
1493 1132 1507 1157 ὁ
1525 1130 1646 1166 βραχίων
1662 1131 1770 1166 Κυρίου
1780 1129 1833 1156 τίνι

1036 1177 1233 1212 ἀπεκαλύφθη;
1259 1187 1268 1203 ι
1290 1178 1320 1204 Εἰ
1337 1177 1405 1214 γὰρ,
1429 1178 1472 1204 ἵνα
1486 1178 1500 1204 ὁ
1525 1177 1604 1211 λόγος
1626 1177 1744 1203 Ἦσαῒου
1765 1175 1833 1209 πλη-

1038 1224 1121 1259 ρωθῇ,
1133 1224 1182 1250 οὐκ
1196 1224 1335 1250 ἐπίστευον
1346 1225 1371 1250 ot
1391 1223 1521 1255 Ἰουδαῖοι,
1536 1223 1586 1249 οὐκ
1600 1223 1683 1249 αὐτοὶ
1696 1223 1748 1257 τῆς
1769 1222 1832 1248 ἀπι-

1037 1271 1112 1301 στίας
1126 1269 1217 1302 αἴτιοι,
1234 1270 1291 1296 ἀλλ’
1308 1271 1322 1296 ό
1341 1269 1428 1296 ταῦτα
1442 1268 1569 1304 εἰρηκὼς,
1586 1268 1621 1295 δι’
1634 1269 1666 1295 ὃν
1683 1267 1832 1295 καὶταῦτα

1037 1315 1224 1351 πεπλήρωται.
1248 1314 1334 1352 ’Ἃρον
1359 1315 1423 1351 γὰρ,
1451 1316 1576 1350 φήσουσι,
1610 1314 1659 1342 τὸν
1679 1314 1760 1349 λόγον
1784 1312 1831 1340 τοῦ

1037 1362 1185 1397 προφήτου,
1205 1362 1251 1388 καὶ
1273 1362 1380 1393 πάντως
1397 1363 1494 1389 ἐκεῖνοι
1513 1360 1718 1388 πιστεῦσουσιν.
1752 1358 1831 1385 Ἀλλὰ

1035 1408 1120 1434 ταῦτα
1134 1408 1180 1434 καὶ
1196 1409 1212 1442 ὴ
1225 1408 1334 1443 τοιαύτη
1351 1407 1454 1434 διάνοια
1467 1407 1534 1434 πολὺ
1548 1407 1599 1442 τῆς
1610 1407 1747 1441 ἀληθείας
1760 1406 1829 1432 ἀπο·

1035 1453 1089 1480 δέει
1101 1453 1156 1488 (45)
1167 1462 1173 1468 ·
1185 1453 1246 1479 οὔτε
1262 1453 1316 1489 γὰρ
1328 1454 1343 1480 ὁ
1364 1454 1506 1488 προφήτης
1521 1453 1607 1484 αίτιος
1627 1452 1748 1484 τούτοις,
1770 1450 1830 1477 οὔτε

1036 1500 1060 1526 οἱ
1079 1499 1198 1526 Ἰουδαῖοι
1211 1499 1260 1534 τῆς
1278 1499 1404 1530 ἀπιστίας
1423 1498 1525 1525 ἑαυτῶν
1541 1498 1659 1525 ἀναίτιοι
1680 1496 1830 1532 τυγχάνου-

1038 1553 1097 1571 σιν·
1123 1545 1181 1571 ἀλλ’
1196 1546 1210 1571 ὁ
1238 1544 1286 1580 μὲν
1311 1545 1464 1580 προφήτης,
1481 1543 1645 1580 προῦλέπων
1661 1543 1680 1570 ὃ.
1704 1542 1829 1578 μέλλουσι

1038 1590 1178 1626 πράττειν.
1204 1589 1368 1625 ἀπήγγειλεν
1380 1597 1387 1604 '
1406 1590 1481 1616 αὐτοὶ
1495 1589 1522 1615 δὲ
1552 1588 1623 1623 μετὰ
1642 1588 1730 1615 ταῦτα
1746 1587 1831 1623 πράτ-

1038 1644 1138 1667 τοντες,
1169 1635 1302 1662 ἐδείκνυον
1332 1634 1378 1661 τοῦ
1397 1635 1535 1670 προφήτου
1558 1635 1604 1661 τὸν
1628 1635 1709 1669 λόγον
1722 1633 1827 1669 ἀληθῆ’

1038 1681 1085 1708 καὶ
1109 1681 1158 1716 οὐχ
1190 1680 1228 1712 ὡς
1251 1680 1437 1712 διακονοῦντες
1466 1681 1521 1712 τοῖς
1551 1682 1735 1716 προφητικοῖς
1763 1679 1827 1714 (Ml,

1038 1727 1158 1762 ἐτόλμων
1189 1726 1260 1753 κατὰ
1285 1726 1331 1753 τοῦ
1359 1727 1494 1762 Σωτῆρος,
1516 1726 1584 1752 ἀλλὰ
1612 1728 1647 1762 τῇ
1671 1724 1829 1762 προαιρέσει

1039 1773 1160 1804 θέλοντες
1176 1771 1309 1807 ἔπραττον
1325 1771 1359 1798 τὰ
1375 1772 1525 1807 πράγματα
1537 1781 1543 1787 ·
1557 1773 1630 1799 ὥστε
1648 1773 1696 1800 τὸν
1712 1773 1761 1808 μὲν
1774 1771 1827 1807 (45)

1039 1820 1180 1854 προφήτην
1205 1818 1241 1853 μὴ
1262 1818 1346 1844 αἴτιον
1373 1818 1465 1849 αὐτοῖς
1494 1819 1670 1854 γεγενῆσθαι,
1692 1818 1760 1845 ἀλλὰ
1782 1816 1828 1851 τὴν

1039 1864 1196 1899 προαίρεσιν
1207 1863 1295 1890 αὐτῶν
1306 1872 1312 1878 ·
1328 1863 1425 1895 αὐτοὺς
1438 1864 1465 1890 δὲ
1489 1863 1588 1899 μᾶλλον
1604 1865 1709 1896 αἰτίους
1719 1862 1828 1898 γεγενῆ-

1042 1911 1103 1937 σθαι
1119 1909 1157 1945 τῷ
1171 1910 1297 1946 προφήτῃ
1307 1909 1354 1936 τοῦ
1367 1909 1453 1936 ταῦτα
1469 1911 1549 1936 αὑτὸν
1559 1912 1623 1946 περὶ
1632 1911 1722 1937 αὐτῶν
1734 1909 1826 1936 είπεῖν.

1041 1956 1093 1983 Τοῦ
1110 1957 1158 1992 μὲν
1170 1957 1224 1991 γὰρ
1236 1957 1374 1992 προφήτου
1390 1956 1454 1983 ἴδιόν
1469 1957 1541 1983 ἐστιν
1558 1957 1623 1993 ὁρᾷν
1643 1956 1679 1984 τὰ
1689 1956 1825 1992 μέλλοντα,

1040 2002 1088 2029 καὶ
1105 2002 1142 2038 μὴ
1171 2002 1334 2037 σφάλλεσθαι
1348 2011 1355 2018 ·
1376 2002 1430 2029 τῶν
1449 2002 1480 2029 δὲ
1505 2003 1632 2038 πράξεων
1653 2003 1766 2032 ἕκαστος
1779 2000 1826 2035 τὴν

1042 2049 1109 2075 ἰδίαν
1123 2049 1281 2084 προαίρεσιν
1295 2049 1384 2076 αἰτίαν
1397 2049 1465 2085 ἔχει.
1479 2051 1535 2077 Καὶ
1543 2050 1638 2087 ὥσπερ
1653 2052 1734 2086 ἡμεῖς
1752 2048 1785 2075 τὰ
1798 2049 1825 2074 ὲν

1039 2094 1187 2130 ὀφθαλμοῖς
1207 2094 1333 2130 ὁρῶντες,
1350 2096 1380 2121 οὐ
1402 2096 1574 2131 σφαλλόμεθα
1594 2096 1748 2131 βλέποντες,
1767 2093 1824 2120 οὐδὲ

1041 2139 1128 2170 ἄλλως
1143 2139 1191 2174 μὲν
1207 2139 1352 2174 βλέπομεν,
1366 2139 1452 2171 ἄλλως
1463 2140 1491 2166 δὲ
1502 2141 1605 2174 γίνεται
1618 2149 1625 2155 ·
1637 2140 1694 2167 ἀλλ’
1708 2139 1745 2170 ὡς
1756 2137 1826 2172 γίνε-

1040 2193 1105 2217 ται,
1123 2183 1266 2219 βλέπομεν,
1281 2185 1328 2211 καὶ
1341 2185 1378 2217 ὡς
1391 2185 1535 2221 βλέπομεν,
1551 2185 1657 2219 γίνεται
1667 2194 1674 2200 ·
1689 2185 1760 2211 οὕτω
1780 2182 1823 2209 καὶ

1041 2231 1064 2256 οἱ
1080 2229 1218 2265 προφῆται
1230 2230 1262 2256 τὰ
1279 2230 1408 2265 μέλλοντα
1422 2231 1460 2262 ὡς
1474 2231 1594 2267 παρόντα
1607 2231 1720 2257 ἔϐλεπον
1729 2239 1735 2244 ·
1753 2227 1798 2255 καὶ
1807 2227 1823 2253 ἃ

1043 2276 1164 2304 ἔϐλεπον.
1177 2275 1230 2302 ἔδει
1240 2275 1365 2309 γενέσθαι
1384 2276 1451 2311 (46),
1463 2277 1509 2303 καὶ
1523 2277 1555 2303 τὰ
1571 2277 1701 2312 γινόμενα
1720 2274 1823 2302 πάντως

1042 2324 1108 2359 ὸρᾷν
1137 2322 1199 2349 ἔδει.
1227 2323 1282 2349 Καὶ
1299 2323 1389 2354 πάλιν,
1407 2323 1500 2358 ὥσπερ
1517 2324 1596 2359 ἡμεῖς
1611 2323 1629 2350 ἃ.
1647 2322 1779 2358 βλέπομεν
1795 2319 1822 2344 ὲν

1042 2368 1200 2404 ὀφθαλμοῖς,
1217 2368 1322 2404 ἀνάγκη
1345 2369 1453 2400 πάντως
1471 2366 1550 2400 εἶναι,
1568 2369 1603 2395 τὰ
1617 2368 1671 2404 γὰρ
1688 2368 1750 2394 ὄντα
1766 2363 1823 2399 βλέ-

1043 2423 1140 2450 πομεν,
1158 2414 1203 2441 καὶ
1219 2415 1268 2441 οὐκ
1285 2415 1358 2441 ἐστιν
1371 2415 1458 2446 ἄλλως
1477 2414 1602 2449 γενέσθαι
1618 2415 1634 2450 ἥ
1654 2414 1691 2444 ὡς
1705 2411 1822 2447 ὁρῶμεν·

1040 2460 1111 2486 οὓτω
1130 2461 1177 2487 καὶ
1198 2462 1223 2487 οἱ
1249 2461 1397 2496 προφῆται,
1414 2460 1432 2487 ἃ
1452 2461 1627 2496 προέὸλεπον,
1643 2461 1695 2487 ἔδει
1719 2458 1822 2485 πάντως

1042 2505 1122 2540 εἶναι,
1139 2507 1186 2534 καὶ
1204 2507 1241 2543 μὴ
1265 2507 1353 2539 ἄλλως
1378 2507 1499 2541 γίνεσθαι
1517 2507 1533 2543 ἢ
1553 2508 1590 2539 ὡς
1609 2505 1821 2543 προεωράκασιν-

244 2587 265 2602 ³⁸
286 2586 356 2614 Psal.
375 2596 436 2621 xxx,
453 2588 495 2615 l9.
533 2587 555 2603 ⁵⁸
575 2586 648 2614 Psal.
666 2591 749 2612 uvut
761 2603 768 2612 .
785 2582 831 2611 Ὠ.
868 2584 889 2600 ⁸⁸
910 2583 962 2612 lsa.
979 2592 1046 2618 Llll,
1066 2586 1076 2612 l
1094 2594 1101 2618 ;
1119 2583 1198 2612 Joan.
1217 2593 1253 2612 xu
1265 2605 1272 2617 ,
1290 2586 1382 2619 57,38.

247 2677 301 2712 (59)
318 2679 387 2708 Μου,
409 2677 485 2706 abest
504 2686 519 2704 a
542 2677 623 2705 Basil.
645 2681 672 2704 et
694 2676 800 2711 Anglic.
815 2674 901 2702 Paulo
919 2679 991 2710 post,

208 2711 351 2749 Anglicani.
369 2713 464 2749 ῌολλοὶ
482 2713 536 2749 γὰρ
551 2711 809 2749 τοῐςέιέὺαγγελιοις.

245 2747 352 2783 (40-41)
369 2747 537 2779 Basiliensis,
556 2747 655 2783 μᾶλλον
673 2747 710 2783 δέζ

245 2782 301 2818 (42)
318 2783 370 2811 Τοῦ
388 2784 538 2819 προφήτου,
557 2779 637 2810 deest
653 2782 681 2808 in
696 2781 839 2809 Basiliensi
857 2783 884 2808 et
900 2779 992 2815 Angli-

207 2823 308 2890 callgb)
326 2851 398 2881 Felc.
414 2853 448 2889 3,_
457 2852 544 2886 solus,
562 2851 664 2879 ἀποδεῖ.
683 2851 767 2879 Paulo
785 2854 857 2886 pOst,
875 2850 990 2882 ἑαυτῶν,

1045 2674 1122 2701 abest
1136 2674 1170 2700 ab
1184 2675 1279 2702 eodem

1080 2709 1136 2745 (44)
1150 2709 1223 2737 Felc.
1236 2710 1262 2739 5,
1284 2711 1338 2741 τοῖς
1353 2710 1514 2745 προφήταις.

1080 2718 1136 2745 tu)
1150 2718 1223 2737 rete.
1236 2718 1262 2739 ο.
1284 2718 1338 2741 τοις
1353 2719 1374 2735 π
1407 2718 1514 2744 φηταις.

1080 2745 1136 2780 (45)
1155 2745 1223 2780 Μέν,
1238 2744 1340 2780 abesta
1361 2718 1432 2772 ὥς.
1448 2745 1474 2772 5.
1628 2779 1636 2780 ί
1713 2775 1721 2780 _
1778 2772 1784 2778 _

1080 2775 1135 2814 (46)
1156 2779 1228 2807 Fe'lc.
1249 2780 1275 2809 '5,
1291 2779 1403 2806 ἔϐλεπον
1417 2780 1460 2805 ἀεὶ
1475 2779 1611 2814 γενέσθαι.
1627 2779 1656 2806 In
1672 2775 1762 2806 eodem
1776 2775 1818 2801 Πι-

1044 2813 1084 2841 fra
1103 2815 1131 2842 ὲν
1147 2819 1210 2842 ante
1225 2813 1383 2850 ὀφθαλμοῖς,
1402 2815 1485 2843 deest.
