1915 3057
73 133 118 159 ‘20!
589 129 633 157 DE
653 129 822 158 PASSIONE
836 129 880 156 ET
900 128 1017 157 CRUCE
1037 128 1166 156 DOMINI.

1649 135 1703 163 209.

78 189 152 216 Ἐπεὶ
160 190 184 215 εἰ
193 188 227 215 τὰ
236 189 404 224 γενησόμενα
411 189 518 224 (4748)
529 190 566 225 μὴ
575 188 752 224 προέὗλεπον,
766 187 860 214 οὐκετι

916 194 1026 221 prorsus
1041 191 1100 214 erat
1121 191 1150 214 ιιι
1166 186 1277 222 ﬁerent,
1291 195 1379 223 neque
1392 189 1446 217 alio
1459 190 1539 218 modo
1552 199 1632 226 quam
1650 192 1701 228 ipsi

72 235 102 261 ἂν
115 233 185 270 ἦσαν
197 235 345 270 προφῆται.
364 235 418 261 Καὶ
434 235 548 262 καθόλου
561 235 590 261 δὲ
602 234 681 261 τοῦτο
699 234 798 260 ειδέναι
809 234 859 266 δεῖ,

72 282 110 308 ὅτι
124 282 148 308 οι
171 281 309 316 προφῆται
326 281 355 307 οὐ
370 281 459 316 νόμων
483 282 536 308 elui
556 280 721 314 διδάσκαλοι,
743 281 786 306 ἵνα
815 279 862 315 μό-

71 335 114 353 νον
129 325 196 361 (49),
214 325 232 351 ἃ.
251 326 459 361 προστάττουσι,
480 326 619 361 γίγνηται,
636 324 703 351 ἀλλὰ
726 324 780 351 τῶν
799 323 862 359 μελ-

71 372 168 399 λόντων
183 372 237 399 εἰσὶ
253 372 486 407 προσημάντορες.
503 372 540 398 υὺ
555 371 608 406 γὰρ
627 370 720 406 ἐπειδὴ
739 371 860 404 λέγουσι,

70 418 112 444 διὰ
124 417 204 444 τοῦτο
217 418 266 444 καὶ
281 418 384 451 γίνεται
400 418 435 445 τὰ
448 418 591 452 γινόμενα,
615 416 673 443 ἀλλ’
688 417 728 443 ὅτι
739 416 862 450 γίνεσθαι

73 463 171 497 μέλλει,
187 462 233 489 διὰ
248 462 327 489 τοῦτο
352 463 399 490 καὶ
419 463 593 498 προλέγουσι,
617 462 664 489 καὶ
690 462 797 498 ἀνάγκη
823 462 860 498 μὴ

70 507 214 541 ψεύδεσθαι
237 507 301 539 τοὺς
323 509 476 544 προφήτας,
493 508 578 544 ὁρῶσι
603 507 655 543 γὰρ
682 507 801 543 ἀληθῶς.
830 508 861 534 Et

70 553 121 588 γὰρ
134 553 197 579 καθ’
213 553 341 580 ὑπόθεσιν
358 553 413 589 (50)
437 554 474 590 μὴ
496 553 722 589 προαπήγγελλον
744 555 770 580 ot
793 562 860 588 προ-

72 599 161 634 φῆται,
188 598 258 625 ἀλλὰ
279 599 334 625 τῶν
356 599 490 626 Ἰουδαίων
503 598 537 635 ἧν
556 601 572 635 ὴ
595 599 762 635 προαίρεσις,
789 598 860 626 ὥστε

73 644 197 679 πράττειν
213 644 311 671 ταῦτα.
330 645 384 672 Καὶ
401 645 469 677 ὅλως
482 646 506 672 ot
521 645 650 680 ἆγιοιοὺκ
664 645 861 680 ἀναγκαστικοὶ

72 691 120 717 τῶν
145 691 316 726 γιγνομένων
345 691 431 718 εἰσίν·
457 691 525 719 ἀλλὰ
549 692 599 728 τὴν
624 692 784 729 προαίρεσιν
806 692 860 718 τῶν

49 751 51 753 ι
73 738 242 772 πραττόντων
269 738 469 773 προϐλέποντες
490 739 662 774 σημαίνουσι.
688 739 744 765 Καὶ
766 739 860 774 ὥσπερ

72 783 94 809 οἱ
106 783 336 815 ἀνασκευάζοντες
350 783 442 818 ἔλεγον
452 793 458 799 ·
475 782 560 820 *Αρον
574 786 620 812 τὸν
637 785 716 820 λόγον
733 786 780 812 τοῦ
794 795 860 822 προ-

72 829 151 863 φήτου
165 849 172 860 ,
194 830 244 856 καὶ
269 829 378 862 πάντως
394 830 449 866 (51)
464 831 489 857 οι
508 831 628 858 Ἰουδαῖοι
651 831 857 859 πιστεύσουσιν·

72 874 152 907 οὕτως
160 875 246 911 φαίην
266 875 300 902 ἂν
322 875 415 910 κάγώ·
431 875 516 912 Ἆρον
531 878 581 909 τὰς
598 878 712 913 πράξεις
725 878 780 904 τῶν
796 879 861 904 Ἰου-
877 867 897 894 Β

72 920 160 953 δαίων,
185 922 235 948 καὶ
258 921 367 954 πάντως
386 923 416 949 οὐ
433 924 602 959 προεφήτευε
619 924 653 951 ἂν
663 924 728 960 περὶ¹
741 924 831 950 αὐτῶν
847 925 861 951 ὀ

79 967 188 1000 Ἡσαΐας
201 968 327 996 τοιαῦτα.

104 1013 148 1041 ιθ.
167 1014 231 1041 Ἐὰν
247 1015 360 1041 τοίνυνὸ
376 1014 503 1051 Ἰωάννης
517 1016 585 1053 λέγῃ
596 1025 603 1031 ·
623 1026 633 1042 ι
650 1017 707 1044 Οὐκ
719 1017 861 1046 ἐπίστευον

72 1059 110 1091 εἰς
119 1060 197 1086 αὐτὸν
207 1060 233 1087 οἱ
251 1060 383 1093 Ἰουδαῖοι,
399 1061 442 1088 ἵνα
453 1062 583 1098 πληρωθῇ
597 1064 610 1090 ὁ
622 1063 701 1098 λόγος
720 1065 841 1097 Ἡσαΐου,
849 1075 858 1091 ι

75 1106 108 1141 μὴ
121 1105 157 1141 τῷ
173 1106 246 1142 λόγῳ
266 1106 314 1133 τοῦ
327 1108 469 1144 προφήτου
483 1109 532 1144 τὴν
546 1109 637 1136 αἰτίαν
658 1110 711 1145 δῷς
725 1110 775 1146 τῆς
796 1111 861 1138 ἀπι-

74 1151 146 1183 στίας
162 1151 263 1184 αὐτῶν,
277 1152 345 1179 ἀλλὰ
358 1154 391 1187 τῇ
418 1153 517 1188 πράξει
533 1153 624 1180 αὐτῶν
636 1154 690 1181 τῶν
716 1155 860 1183 Ἰουδαίων.

76 1197 107 1223 Ἀ
117 1197 169 1233 γὰρ
179 1195 253 1225 οὗτοι
269 1197 316 1224 νῦν
334 1198 478 1233 ἔπραττον,
491 1198 577 1226 ταῦτα
591 1199 758 1235 προέδλεπεν
769 1202 784 1227 ὁ
795 1210 862 1237 προ-

75 1244 157 1279 φήτης
184 1245 216 1271 ὲκ
242 1244 342 1271 πολλοῦ
354 1253 362 1261 ι
391 1245 438 1272 καὶ
459 1245 512 1272 ἔδει
530 1246 625 1273 τοῦτον
639 1247 677 1282 μὴ
696 1247 860 1282 ψεύσασθαι,

74 1289 136 1316 ἀλλὰ
164 1290 330 1326 γνωσθῆναι,
356 1291 397 1318 ὅτι
422 1291 456 1318 τὰ
477 1291 526 1319 νῦν
541 1292 671 1328 γινόμενα
686 1293 862 1330 προεώρακεν

75 1335 185 1370 ἀληθῶς.
204 1337 266 1364 Ἵνα
278 1336 333 1372 γὰρ
347 1337 361 1363 ὁ
375 1337 454 1372 λόγος
478 1338 560 1365 αὑτοῦ
591 1337 695 1375 ἀληθὴς
712 1341 770 1372 τοῖς
792 1340 863 1376 μετὰ

74 1383 154 1410 ταῦτα
166 1386 250 1420 φανῇ,
267 1383 440 1419 ὴλέγχθησαν
464 1384 574 1411 ἄπιστοι
596 1385 644 1411 καὶ
666 1386 860 1421 κρυπτόμενοι.

75 1427 158 1457 Ἦσαν
182 1431 231 1465 μὲν
257 1429 313 1464 γὰρ
332 1431 366 1466 τῇ
396 1430 556 1466 προαιρέσει
583 1429 697 1464 φαῦλον
718 1431 812 1467 ἐπειδὴ
834 1432 863 1459 δὲ

76 1476 201 1512 ἔκρυπτον
216 1475 310 1503 αὐτῶν
319 1475 368 1511 τὴν
384 1476 524 1508 ἀπιστίαν,
542 1475 557 1502 ὁ
582 1475 662 1510 λόγος
687 1476 797 1512 ἔλεγχος
819 1477 864 1512 γέ-

77 1530 147 1556 γονεν
166 1523 269 1550 αὐτῶν.
293 1523 344 1550 Διὰ
368 1522 448 1549 τοῦτο
469 1522 534 1556 γοῦν
561 1523 612 1549 οὐκ
643 1522 801 1556 ἐπίστευον,
821 1524 863 1550 ὅτι
876 1543 898 1572 c

78 1568 182 1604 ήλεγχεν
212 1569 315 1600 αὐτοὺς
338 1569 352 1595 ὁ
376 1568 454 1603 λόγος
478 1568 700 1604 κρυπτομένους;
733 1570 789 1597 Καὶ
815 1570 863 1596 ὲὰν

78 1614 137 1650 λέγῃ
155 1615 250 1642 πάλιν·
277 1615 336 1641 Οὐκ
352 1614 483 1650 ἠδύναντο
509 1614 648 1642 πιστεύειν
673 1616 696 1642 οἱ
729 1615 862 1648 Ἰουδαῖοι,

78 1661 114 1687 ὅτι
137 1661 291 1697 γέγραπται
314 1660 348 1687 τὰ
371 1662 432 1688 κατ’
459 1661 549 1687 αὐτῶν
561 1669 568 1676 ·
587 1660 624 1696 μὴ
643 1661 674 1688 τὸ
687 1661 817 1689 ἀδύνατον
829 1664 862 1698 τῇ

79 1708 227 1743 προαιρέσει
243 1706 301 1733 τῶν
314 1705 370 1742 (52)
384 1706 559 1741 πραττόντων
573 1705 636 1741 δῷς.
657 1706 797 1734 Ἐδύναντο
811 1707 863 1742 γὰρ

80 1753 122 1778 καὶ
135 1752 364 1788 μεταϐάλλεσθαι·
379 1751 448 1779 ἀλλὰ
467 1752 498 1778 τὸ
514 1751 643 1778 ἀδύνατον
658 1752 690 1778 τὸ
712 1752 749 1787 μὴ
763 1752 863 1787 ψεύσα-

82 1797 136 1824 σθαι
148 1799 191 1825 τὸν
204 1798 360 1834 προφήτην.
381 1797 490 1833 Ἐπειδὴ
502 1797 556 1834 γὰρ
570 1797 678 1833 ἀληθῶς
689 1796 805 1833 ἑώρακε,
820 1797 864 1824 διὰ

81 1843 152 1870 τοῦτο
180 1844 312 1871 ἀδύνατον
331 1842 365 1879 ἧν
390 1844 524 1879 σφαλῆναι
547 1845 638 1871 αὐτόν.
653 1845 689 1871 Οὐ
712 1845 766 1880 γὰρ
777 1845 864 1877 ἄλλως

83 1889 230 1927 ἑώρακεν,ῆ
247 1892 287 1922 ὡς
295 1891 402 1925 γέγονε,
418 1891 464 1917 καὶ
478 1891 616 1926 ὲεράνησαν
630 1891 749 1918 ἄπιστοι.
767 1891 862 1923 Οὕτως

84 1937 125 1963 καὶ
135 1938 163 1964 τὺ
177 1938 246 1965 κατὰ
254 1938 306 1974 τὴν
318 1938 455 1974 Παρθένον
473 1937 650 1973 πεπλήρωται
658 1938 760 1973 θαῦμα,
776 1938 824 1965 καὶ
835 1938 865 1965 τὸ

84 1983 145 2010 κατὰ
172 1985 299 2019 Ἰωάννην
314 1983 369 2018 (55)
397 1983 487 2019 ἀπέϐη
514 1984 644 2019 σήμερον.
661 1984 707 2010 καὶ
726 1984 815 2010 πάντα
829 1984 864 2011 τὰ

86 2030 308 2066 προγεγραμμένα
326 2029 512 2065 πεπλήρωται.
536 2030 603 2056 Οὐδὲ
627 2029 681 2065 γὰρ
698 2030 793 2066 ἐπειδὴ
817 2031 864 2064 γέ-

86 2083 202 2110 γραπται,
212 2077 256 2103 διὰ
272 2076 353 2103 τοῦτο
367 2076 414 2102 καὶ⁸
428 2075 586 2107 ἀπέϐαινον,
603 2075 659 2102 ἀλλ’
678 2076 718 2102 ὅτι
743 2075 865 2110 ἐγίγνετο

87 2120 190 2154 πάντως,
209 2122 254 2149 διὰ
263 2122 344 2148 τοῦτο
354 2122 401 2147 καὶ
412 2121 574 2156 προελέχθη.
589 2120 682 2152 Οὕτως
698 2122 745 2148 καὶ
756 2121 785 2148 τὸ
795 2121 865 2149 κατὰ

88 2165 125 2192 τὸν
140 2168 266 2204 μερισμὸν
289 2167 338 2194 νῦν
352 2166 406 2193 τῶν
418 2166 532 2202 ἱματίων
545 2166 641 2201 γέγονε
651 2175 658 2182 ο
676 2167 722 2193 κιύ¹
736 2166 773 2198 ὡς
787 2166 865 2201 γέγο-

913 232 1111 267 ρπιενὶᾱίεδοηι.
1134 231 1273 268 Siquidem
1297 234 1350 262 nisi
1377 234 1468 263 futura
1497 237 1701 271 praevidissent,

914 284 1085 312 nequaquam
1103 278 1242 312 propheta‘.
1257 278 1384 306 fuissent.
1406 279 1439 306 Et
1459 281 1603 308 sciendum
1622 290 1702 316 pror-

912 330 961 350 sus
974 327 1033 354 est,
1050 324 1198 358 prophetas
1222 332 1276 351 non
1294 326 1382 360 legum
1403 334 1465 354 esse
1487 328 1634 362 magistros
1650 337 1658 362 ;
1674 333 1703 356 ut

912 376 943 396 ea
959 369 1046 396 solum
1061 377 1122 404 quae
1139 370 1177 396 illi
1192 370 1299 405 jubent,
1320 371 1517 406 perficiantur;
1534 374 1582 401 sed
1594 373 1701 401 futuro-

912 421 973 440 rum
997 421 1059 441 esse
1084 415 1323 448 praenuntiatores.
1340 415 1400 443 Non
1418 417 1490 444 enim
1513 418 1578 452 quia
1596 418 1701 451 dicunt,

912 467 956 486 res
978 460 1119 492 eveniunt,
1147 460 1194 487 sed
1216 460 1280 495 quia
1304 466 1442 489 eventura:
1463 466 1552 494 erant,
1578 463 1640 491 ideo
1661 464 1703 492 Elii

911 505 1106 539 praenuntiant,
1112 513 1310 541 uecessumque
1316 511 1418 534 estnon
1425 509 1533 536 mentiri
1543 509 1701 544 prophetas,

911 559 974 579 cum
997 559 1062 580 vere
1085 561 1129 581 res
1154 557 1184 580 ut
1211 558 1275 581 sunt
1297 554 1416 582 videant.
1450 554 1478 582 Si
1500 563 1619 592 namque
1637 565 1702 594 pro-

911 599 998 634 phetae
1013 606 1067 626 non
1086 600 1331 634 praenuntiassent,
1349 601 1528 630 nihilominus
1544 602 1702 632 Iudaeorum

911 644 1008 672 fuisset
1037 646 1209 680 propositum
1248 647 1313 674 talia
1346 648 1534 683 perpetrandi.
1564 650 1653 685 Atque
1674 651 1702 678 in

911 698 1017 718 summa
1029 692 1132 724 sancti,
1147 699 1318 727 nequaquam
1336 695 1426 721 verbis
1441 695 1499 722 suis
1512 696 1701 724 necessitatem

911 737 1054 771 inducunt,
1084 742 1114 765 ut
1139 747 1184 766 res
1206 740 1357 774 eveniant;
1382 741 1430 768 sed
1453 748 1515 768 cum
1537 743 1703 777 praevideant

911 792 1005 812 eorum
1026 785 1196 819 propositum
1216 786 1263 821 qui
1283 786 1370 813 acturi
1393 791 1466 820 sunt,
1489 787 1515 814 id
1537 788 1701 824 signiﬁcant.

910 830 945 857 At
971 831 1042 858 sicut
1062 831 1188 866 objecere
1216 831 1255 858 illi
1279 831 1464 867 refragatores
1494 842 1500 860 :
1530 832 1607 861 Tolle
1637 842 1703 870 pro-

913 876 1002 912 phetae
1026 884 1193 908 sermonem,
1224 881 1252 904 et
1282 878 1362 912 plane
1389 879 1503 906 credent
1531 879 1637 914 Judmi;
1665 881 1703 908 ita

913 922 1029 950 dixerim
1045 930 1096 957 ego
1113 931 1119 949 :
1138 921 1215 950 Tolle
1229 922 1385 951 Judmorum
1399 929 1472 957 acta,
1488 929 1516 953 et
1530 934 1702 961 nequaquam

915 969 977 995 talia
994 968 1028 996 de
1045 968 1100 996 illis
1113 969 1316 1003 prophetaverit
1333 969 1428 998 lsaias.

951 1015 995 1042 10.
1012 1014 1041 1042 Si
1055 1015 1147 1050 itaque
1160 1015 1262 1043 dixerit
1273 1015 1391 1044 Joannes
1409 1026 1416 1044 :
1434 1026 1444 1043 ‹
1460 1016 1518 1045 Non
1529 1019 1703 1046 crediderunt

914 1062 943 1089 in
954 1062 1031 1089 illum
1042 1061 1139 1093 Judaei,
1151 1066 1181 1089 ut
1196 1061 1356 1098 impleretur
1369 1072 1459 1092 sermo
1467 1063 1561 1098 Isaia);
1578 1075 1586 1091 ι
1600 1073 1634 1093 ne
1644 1074 1704 1100 pro-

913 1108 1002 1143 phetat
1019 1108 1137 1135 sermoni
1155 1108 1272 1143 imputes
1291 1117 1387 1137 eorum
1405 1110 1637 1144 incredulitatem,
1655 1113 1704 1139 sed

914 1154 1036 1189 ipsorum
1048 1153 1204 1182 Iudaeorum
1218 1155 1343 1183 facinori.
1360 1155 1428 1183 Nam
1442 1165 1502 1192 qua:
1515 1157 1571 1192 jam
1590 1158 1628 1184 illi
1640 1166 1704 1193 per-

915 1201 1068 1236 petrabant,
1089 1201 1147 1229 haec
1169 1201 1274 1236 jamdiu
1295 1202 1458 1237 praeviderat
1480 1204 1612 1238 propheta
1632 1213 1705 1232 :ne-

913 1256 1046 1284 cesseque
1068 1248 1119 1276 fuit
1134 1248 1211 1275 illum
1240 1256 1296 1275 non
1314 1248 1434 1280 mentiri,
1456 1253 1486 1276 ut
1509 1249 1599 1284 palam
1623 1250 1704 1284 foret,

913 1301 977 1323 eum
1002 1295 1047 1322 illa
1067 1302 1131 1322 vere
1148 1294 1307 1330 prmvidisse
1326 1302 1387 1329 qua:
1404 1295 1461 1329 jam
1476 1299 1552 1330 gesta
1576 1300 1649 1324 sunt.
1668 1297 1705 1324 Ut

914 1349 1034 1377 namque
1047 1348 1138 1368 sermo
1152 1340 1226 1368 illius
1240 1348 1321 1368 verus
1331 1341 1402 1376 apud
1417 1345 1542 1376 posteros
1556 1342 1704 1377 videretur,

914 1386 1079 1422 deprehensi
1094 1390 1159 1414 sunt
1175 1386 1320 1418 increduli,
1340 1386 1447 1414 etiamsi
1463 1387 1548 1414 latere
1564 1392 1703 1416 curarent.

913 1433 968 1469 67
985 1433 1069 1460 Erant
1084 1433 1157 1460 enim
1182 1432 1220 1459 illi
1242 1433 1382 1467 proposito
1407 1440 1457 1460 suo
1482 1432 1614 1468 improbi;
1643 1441 1705 1461 cum

915 1483 1007 1507 autem
1022 1486 1100 1507 suam
1117 1479 1289 1506 occultarent
1301 1478 1533 1513 incredulitatem,
1549 1487 1639 1508 sermo
1655 1481 1705 1508 ista

915 1526 1003 1553 adfuit
1015 1527 1062 1562 qui
1076 1534 1123 1555 eos
1142 1529 1310 1561 coargueret.
1328 1525 1428 1552 ldeone
1447 1525 1529 1560 igitur
1545 1533 1600 1552 non
1616 1526 1706 1554 credi-

914 1573 1024 1604 derunt,
1042 1573 1114 1607 quod
1134 1580 1225 1600 sermo
1249 1573 1300 1599 iste
1315 1572 1400 1598 latere
1415 1571 1538 1599 volentes
1552 1573 1613 1600 illos
1628 1580 1708 1599 coar-

914 1618 1021 1654 guerit?
1035 1618 1112 1651 Quod
1125 1618 1147 1646 si
1163 1625 1272 1645 rursum
1289 1617 1362 1644 dicat
1379 1617 1514 1652 quispiam
1530 1627 1536 1644 :
1555 1617 1613 1645 Non
1631 1622 1708 1653 pole-

915 1670 976 1692 rant
988 1664 1074 1692 Judaei
1088 1664 1209 1696 credere,
1226 1664 1291 1698 quia
1309 1664 1365 1691 haec
1375 1663 1409 1691 de
1426 1663 1481 1692 illis
1497 1664 1600 1699 scripta
1611 1668 1707 1698 erant;

915 1711 1163 1746 impossibilitatem
1178 1731 1185 1743 ,
1215 1711 1352 1746 agentium
1368 1711 1502 1738 voluntati
1517 1718 1551 1738 ne
1566 1711 1706 1740 tribueris.

914 1757 1044 1785 Poterant
1068 1757 1140 1784 enim
1157 1761 1264 1784 mutare
1279 1756 1452 1789 sententiam,
1467 1756 1513 1784 sed
1537 1757 1708 1791 impossibile

914 1806 974 1830 erat
985 1802 1092 1830 mentiri
1108 1802 1280 1837 prophetam.
1296 1801 1364 1829 Cum
1378 1803 1450 1829 enim
1467 1810 1560 1830 revera
1577 1803 1686 1831 vidisset
1699 1824 1706 1835 ,

915 1849 973 1877 ﬁeri
1001 1849 1131 1884 nequibat
1161 1854 1191 1875 ut
1214 1848 1439 1876 hallucinaretur.
1469 1847 1529 1876 Non
1558 1849 1612 1876 alio
1634 1850 1707 1877 enim

913 1895 996 1925 modo
1022 1902 1079 1922 rem
1097 1895 1184 1927 vidit,
1206 1902 1288 1929 quam
1306 1902 1360 1930 quo
1377 1899 1453 1929 gesta
1483 1899 1543 1922 est:
1563 1899 1643 1930 atque
1670 1895 1710 1923 illi

915 1942 1049 1969 increduli
1067 1941 1227 1976 deprehensi
1248 1947 1321 1968 sunt.
1349 1941 1448 1968 Eadem
1470 1942 1574 1969 ratione
1597 1941 1662 1969 illud
1681 1943 1708 1969 in

915 1987 1025 2022 Virgine
1041 1987 1201 2014 miraculum
1215 1987 1355 2022 impletum
1369 1992 1421 2020 esl,
1433 1991 1459 2014 et
1471 1986 1544 2022 quod
1568 1994 1583 2013 a
1605 1986 1710 2015 Joanne

915 2036 1059 2064 narratur,
1089 2032 1170 2060 hodie
1185 2033 1299 2067 contigit
1313 2042 1319 2059 :
1335 2032 1427 2059 omnia
1457 2033 1522 2059 item
1538 2040 1709 2068 quaecunque

916 2079 1018 2114 scripta
1035 2083 1099 2106 sunt
1115 2078 1223 2113 impleta
1242 2075 1327 2105 i’uere.
1352 2076 1410 2104 Non
1429 2078 1500 2105 enim
1518 2077 1579 2105 ideo
1595 2086 1710 2106 evenere

915 2125 979 2160 quia
993 2125 1095 2159 scripta
1110 2127 1192 2158 sunt;
1211 2124 1257 2151 sed
1275 2124 1338 2159 quia
1355 2131 1481 2155 evenere,
1499 2123 1560 2151 ideo
1578 2131 1708 2158 praenun-

916 2170 983 2196 tiata
1000 2169 1117 2197 fuerant.
1135 2168 1180 2196 Sic
1200 2169 1258 2203 jam
1278 2169 1313 2196 de
1331 2169 1557 2196 vestimentorum
1574 2168 1710 2195 divisione

89 2214 222 2246 νεν,οὖτως
239 2214 290 2241 καὶ
310 2214 467 2249 προεωρᾶτο
476 2222 483 2228 ·
498 2213 545 2239 καὶ
558 2213 596 2244 ὡς
608 2213 803 2249 προεσημάνθη
816 2214 862 2240 καὶ

916 2219 1006 2243 actum
1021 2219 1082 2243 est:
1099 2219 1135 2246 et,
1160 2219 1240 2250 prout
1256 2219 1346 2242 actum
1367 2219 1419 2246 est,
1432 2214 1470 2240 ita
1489 2214 1632 2249 praevisum
1649 2213 1710 2241 fue-

77 2260 286 2296 ,προαπηγγελθη
303 2259 370 2295 (54),
383 2259 468 2291 οὕτως
480 2259 527 2286 καὶ
547 2259 726 2294 πεπλήρωται
749 2259 796 2286 καὶ
816 2259 864 2285 πέ-

93 2312 203 2338 πρακται.
228 2306 387 2340 Γέγραπται
408 2304 437 2331 δὲ
460 2304 546 2331 οὕτω·
566 2314 575 2330 ι
600 2303 811 2339 Σταυρώσαντες
836 2304 864 2330 δὲ

93 2350 174 2383 αὑτὸν,
199 2352 389 2388 διεμερίσαντο
418 2351 452 2378 τὰ
474 2352 569 2386 ἱμάτια
596 2351 689 2383 αὑτοῦ,
721 2350 864 2386 βάλλοντες

95 2395 191 2431 κλῆρον·
211 2399 254 2425 ἵνα
275 2397 407 2434 πληρωΘῇ
432 2397 463 2424 τὺ
478 2397 560 2432 ῥηθὲν
572 2396 616 2423 διὰ
629 2396 676 2423 τοῦ
702 2397 842 2432 προφήτου
855 2405 862 2411 ·

94 2442 266 2479 Διεμερίσαντο
288 2444 323 2470 τὰ
347 2443 441 2478 ἱμάτιά
469 2451 520 2478 μου
546 2444 661 2475 ἑαυτοῖς,
687 2443 735 2469 καὶ
758 2443 804 2469 ἐπὶ
817 2442 864 2469 τὸν

95 2486 221 2525 ἱματισμόν
246 2499 297 2526 μου
323 2490 418 2516 ἔϐαλον
435 2489 545 2525 κλῆρον.
567 2498 576 2514 ι
594 2488 732 2520 Ματθαῖος
748 2489 799 2523 μὲν
818 2486 864 2515 οὖν

96 2533 153 2560 μετὰ
165 2536 216 2562 τῶν
230 2536 316 2562 ἄλλων
340 2535 539 2570 εὑαγγελιστῶν
557 2534 739 2570 ἁπλούστερον
755 2535 800 2561 τὸν
817 2543 865 2569 με-

97 2580 178 2614 ρισμὸν
204 2581 364 2617 γεγενῆσθαί
385 2589 467 2617 φησι·
489 2581 504 2606 6
531 2580 560 2606 δὲ
585 2580 712 2616 Ἰωάννης
741 2580 788 2606 καὶ
815 2580 865 2615 τὴν

95 2646 220 2706 νόξιξ-48)
237 2650 347 2685 Regius,
362 2651 386 2676 εὶ
401 2650 435 2677 τὰ
449 2651 590 2686 γινόμενα.
606 2649 712 2685 Anglic.
732 2651 757 2676 ει
771 2650 805 2678 τὰ
818 2659 865 2685 γε-

153 2692 192 2706 να,

123 2690 192 2715 μενα.

125 2717 236 2755 _(_lQ)Sic
249 2719 349 2755 Regius
364 2720 484 2747 secunda
498 2728 591 2750 manu,
610 2727 690 2754 quem
711 2721 862 2755 sequimur.

125 2729 174 2758 γον)
192 2729 236 2746 me
251 2729 349 2755 negius
364 2729 484 2747 secunda
498 2729 591 2750 manu,
610 2729 690 2754 quem
711 2729 862 2782 sequimur.

97 2748 222 2797 Ediltklva
238 2755 277 2797 μὴ
298 2756 383 2797 μόνον.
396 2756 659 2797 MoxLAn‘glicanus,
683 2764 740 2796 σημ.
760 2765 862 2797 ντορες.

127 2786 176 2827 ςὸθ)
195 2789 222 2816 In
237 2786 389 2827 haic'verba
405 2786 438 2818 ad
459 2786 542 2818 BasiE
562 2795 673 2818 notatur
687 2786 863 2827 iii'mergine,

97 2818 174 2860 λείπει
187 2832 222 2860 τι,
237 2825 299 2851 licet
314 2826 408 2852 lacuna
422 2826 496 2853 nulla
509 2830 676 2860 compareat.

129 2856 177 2894 (5i)
190 2858 474 2892 Basiliensisnravte;
492 2856 580 2892 Infra,-
591 2861 634 2893 ἄν,
655 2866 726 2896 post,
746 2864 866 2900 προεφή-

244 2905 368 2936 Pnaor.
397 2906 455 2938 Gn.
483 2906 633 2938 XXVIII.

917 2266 960 2289 rat
976 2271 982 2288 :
996 2266 1024 2289 et
1038 2266 1068 2289 ut
1083 2261 1160 2296 prius
1176 2261 1357 2296 signiﬁcatum
1373 2261 1639 2296 praenuntiatumque
1647 2260 1709 2292 fuit,

918 2307 956 2334 ita
968 2307 1132 2341 completum
1147 2311 1310 2341 gestumque
1324 2310 1376 2334 est.
1399 2305 1537 2341 Scriptum
1562 2309 1652 2332 autem
1669 2309 1714 2331 est

918 2353 955 2380 ita
971 2363 976 2380 :
997 2362 1005 2378 ι
1024 2352 1171 2388 Postquam
1189 2358 1279 2380 autem
1298 2352 1494 2380 cruciﬁxerunt
1517 2359 1593 2383 eum,
1610 2351 1711 2378 divise-

918 2401 983 2425 runt
997 2398 1159 2425 vestimenta
1172 2397 1247 2432 ejus,
1272 2401 1372 2425 sortem
1390 2398 1549 2424 mittentes:
1566 2401 1595 2423 ut
1612 2396 1708 2432 imple-

919 2448 993 2472 retur
1021 2444 1094 2479 quod
1118 2444 1220 2471 dictum
1250 2447 1293 2471 est
1324 2451 1372 2479 per
1397 2443 1558 2478 prophetam
1581 2442 1711 2470 :Divisc-

919 2495 984 2518 runt
997 2490 1049 2517 sibi
1063 2490 1226 2518 vestimenta
1249 2497 1326 2522 mea,
1349 2493 1376 2516 et
1393 2496 1475 2524 super
1492 2493 1595 2516 vestem
1621 2496 1709 2516 meam

918 2537 1052 2564 miserunt
1080 2540 1193 2564 sortem.
1214 2545 1224 2562 ›
1242 2535 1384 2562 MatthmI-s
1407 2539 1481 2562 certe
1508 2543 1570 2562 cum
1598 2535 1711 2570 reliquis

918 2581 1094 2617 evangelistis
1127 2581 1279 2616 simplicius
1316 2581 1417 2608 iactam
1455 2580 1617 2608 divisionem
1652 2581 1709 2608 ait:

915 2660 987 2683 τευε,
1004 2652 1081 2679 deest
1101 2651 1128 2678 in
1152 2651 1247 2686 Regio,
1267 2651 1418 2684 Anglicano
1440 2655 1466 2678 et
1491 2649 1563 2677 Felc.
1583 2650 1610 2678 5.
1626 2650 1711 2678 Paulo

916 2691 988 2722 post.
1005 2686 1106 2720 Regius
1118 2691 1145 2713 et
1159 2687 1338 2722 Anglicanus,
1353 2686 1438 2720 λέγει,
1456 2687 1516 2712 οὐκ.

965 2722 1008 2756 52)
1023 2722 1194 2754 Basiliensis,
1206 2720 1328 2748 secunda
1344 2729 1437 2752 manu,
1450 2722 1483 2755 τῇ
1501 2720 1633 2756 πορῤήσει
1644 2721 1709 2748 τῶν.

953 2722 1008 2792 ἓὸἓ)
1023 2722 1194 2754 Basiliensis,
1208 2722 1328 2748 secunda
1344 2729 1437 2752 manu,
1501 2722 1633 2756 πορῤήσει
1644 2722 1709 2762 τῶν.

965 2758 1009 2793 55)
1027 2757 1181 2799 itajiegius
1200 2756 1316 2799 et_Fﬁelc.
1373 2757 1403 2799 In
1420 2757 1501 2799 editis
1515 2764 1585 2799 Iverp
1600 2757 1709 2799 legitur,

916 2793 972 2824 τὸν,
989 2791 1051 2819 ante
1072 2791 1208 2828 Ἰωάννην.
1226 2791 1312 2824 Infra,
1331 2791 1413 2819 Basil.
1432 2795 1458 2819 ct
1476 2791 1550 2819 Felc.
1563 2791 1589 2826 5,
1603 2792 1640 2818 Οὐ
1656 2792 1711 2827 γὰρ

918 2828 1022 2854 ἐπειδή.

954 2837 1138 2900 fari-Regius,
1152 2864 1256 2900 Anglic.
1273 2868 1299 2892 et
1317 2863 1392 2892 Felc.
1406 2864 1433 2897 5,
1446 2862 1656 2899 προαπηγγέλη..

1487 2911 1507 2938 7
