1915 3057
226 121 278 148 205

787 119 816 148 S.
834 119 1066 148 ATIIANASIUS.
1087 135 1122 139 —
1139 118 1252 147 DUBlA.

1799 123 1869 150 Ξῐη

229 179 346 208 Joannes
360 185 433 209 vero,
450 177 559 205 modum
573 177 725 209 divisionis,
743 185 909 212 causamque
925 178 1002 205 missa

1069 176 1198 212 ποιότητα
1222 175 1269 202 τοῦ
1297 176 1442 211 μερισμοῦ,
1456 177 1502 203 καὶ
1516 177 1565 212 τὴν
1578 178 1667 205 αἰτίαν
1680 179 1726 205 τοῦ
1741 188 1868 217 γεγενη-

227 225 309 254 sorlis
334 225 453 251 declarat
476 223 519 250 his
549 224 658 250 verbis:
688 233 697 249 ι
717 223 814 251 Milites
840 224 923 258 igitur
950 231 1012 250 cum

225 270 423 298 crncilixisscnt
447 267 549 300 Iesum,
575 272 741 303 aceeperunt
756 270 915 296 vestimenta
932 269 993 303 ejus
1004 289 1011 301 ,

223 322 250 343 et
266 316 388 343 fecerunt
405 318 522 349 quatuor
550 318 650 349 partes,
671 315 816 349 unicuique
841 314 919 341 militi
947 321 1011 349 par-

224 366 286 388 tem.
302 360 433 387 Tunicam
450 367 524 391 vero,
542 359 605 394 quia
628 367 686 387 erat
703 360 876 387 inconsutilis
891 359 1010 394 desuper

223 410 348 433 contexta
374 413 421 440 per
436 409 542 436 totum,
567 404 693 432 dixerunt
720 405 753 432 ad
784 405 919 432 invicem:
952 404 1011 431 Non

222 452 380 479 scindamus
396 459 455 478 eam
468 472 475 482 ,
497 452 545 479 sed
560 451 708 478 sortiamur
722 450 755 477 de
782 450 827 477 illa
842 450 921 485 cujus
937 450 989 477 erit
1003 459 1009 476 :

223 503 251 525 ut
268 498 427 533 impleretur
437 497 595 532 Scriptura:
614 496 768 524 Diviserunt
784 496 836 524 sibi
850 490 1010 523 vestimenta

222 551 291 577 mea,
307 547 333 571 et
349 551 430 578 super
446 547 548 570 vestem
567 551 655 570 meam
676 543 808 570 miserunt
825 546 927 570 sortem
947 542 980 569 δ’,
999 551 1008 567 ι

1066 223 1146 258 μένου
1163 222 1265 258 κλήρου
1282 221 1415 257 διηγεῖται
1427 223 1514 257 λέγων
1523 223 1622 256 οὕτως·
1637 235 1646 250 ι
1660 226 1691 251 οἱ
1707 224 1754 253 οὖν
1770 236 1867 263 στρα-

1063 269 1168 300 τιῶται,
1180 269 1225 295 ὅτε
1240 269 1414 304 ἐσταύρωσαν
1436 269 1481 295 τὸν
1501 269 1614 304 Ἰησοῦν,
1633 270 1726 297 ἔλαϐον
1740 272 1774 298 τὰ
1788 273 1867 308 igni-

1063 323 1108 341 τια
1120 314 1214 346 αὐτοῦ,
1228 315 1274 341 καὶ
1284 314 1413 348 ἐποίησαν
1422 314 1541 351 τέσσαρα
1553 315 1634 351 μέρη,
1646 316 1752 352 ἑκάστῳ
1768 325 1866 354 στραι-

1062 359 1146 395 τιώτῃ
1164 361 1254 396 μέρος.
1273 359 1324 386 Τὸν
1346 360 1373 386 δὲ
1395 359 1507 395 χιτῶνα,
1531 360 1591 387 ἐπεὶ
1603 359 1637 396 ἦν
1651 362 1773 397 ἆρραφος
1794 363 1863 398 (ὃὸ)

1062 407 1095 432 ἐκ
1120 406 1175 432 τῶν
1203 405 1258 432 ἂνω
1284 405 1402 439 ὑφαντὸς
1423 405 1520 438 διόλου,
1537 404 1613 433 εἷπον
1630 407 1698 442 πρὸς
1709 407 1862 443 ἀλλήλους·

1061 451 1107 487 Μὴ
1120 452 1257 487 σχίσωμεν
1271 451 1362 483 αὑτὸν,
1379 451 1446 478 ἀλλὰ
1458 452 1585 487 λάχωμεν
1598 453 1661 489 περὶ
1671 454 1763 487 αὐτοῦ,
1778 455 1864 487 τίνος

1061 500 1138 526 ἔσται
1153 507 1158 513 ·
1178 499 1221 525 ἵνα
1235 499 1251 534 ἡ
1268 498 1362 533 Γραφὴ
1374 497 1504 534 πληρωθῇ
1517 506 1523 513 ·
1539 499 1732 534 Διεμερίσαντο
1745 500 1779 527 τὰ
1791 501 1866 535 ἱμά-

1060 544 1106 570 τιά
1127 552 1178 578 μου
1206 544 1322 575 ἑαυτοῖς,
1349 543 1396 569 καὶ
1410 543 1457 569 ἐπὶ
1470 543 1516 570 τὸν
1532 543 1677 579 ἱματισμόν
1691 552 1742 579 μου
1757 544 1864 571 ἔϐαλον

1015 607 1018 610 ~
1061 589 1172 624 κλῆρον.
1192 598 1200 614 ι

258 635 300 661 Η.
319 632 456 661 Fortassis
480 633 537 668 jam
554 633 690 668 quispiam
707 632 759 660 erit
776 632 822 668 qui
853 631 896 659 his
910 631 1011 659 auditis

221 681 385 708 erubescat:
406 679 531 708 fortassis
560 680 670 715 quidam
697 679 771 710 erit,
797 678 844 713 qui
867 677 1010 705 Dominum

220 733 335 754 cernens
351 725 459 752 illusum
473 745 480 757 ,
497 725 643 752 abductum
656 744 663 757 ,
684 731 784 751 caesum
799 743 806 754 ,
835 723 936 758 pudore
951 722 1010 749 afﬁ-

221 771 331 798 ciatur:
365 769 490 797 fortassis
520 769 576 804 jam
603 769 702 804 aliquis
724 768 821 795 videns
847 767 1008 800 Dominum,

221 814 388 841 Salvatorem
409 817 436 841 et
454 821 543 849 regem
556 813 688 845 universi,
704 820 719 839 a
737 811 825 840 Pilato
839 812 990 846 judicatum
1001 833 1007 845 ,

1096 635 1140 661 H.
1158 635 1238 666 Ἰσως
1260 643 1302 666 τις
1328 633 1429 660 τούτων
1451 633 1556 661 ἀκούων
1575 634 1700 670 ἐρυθριᾷ·
1727 635 1792 667 ἴσως
1810 644 1863 668 τις

1060 679 1131 715 ὀρῶν
1148 680 1193 706 τὸν
1216 679 1318 714 Κύριον
1344 679 1518 715 παιζόμενον,
1535 681 1582 707 καὶ
1603 681 1786 716 ἀπαγόμενον,
1804 683 1862 708 καὶ

1060 726 1237 761 τυπτόμενον,
1255 726 1411 760 αἰσχύνεται
1423 735 1429 741 ·
1447 727 1512 758 ἴσως
1530 726 1578 754 νῦν
1594 735 1635 759 τις
1651 727 1721 762 ὀρῶν
1737 728 1783 754 τὸν
1791 728 1840 755 Κύ
1853 743 1862 748 -

1061 781 1128 808 ριον,
1155 773 1202 798 καὶ
1229 772 1352 807 Σωτῆρα,
1381 773 1427 798 καὶ
1443 772 1554 807 βασιλέα
1574 772 1620 798 τοῦ
1645 773 1746 805 παντὸς
1758 774 1861 809 κρινό-

1062 826 1140 853 μενον
1152 818 1205 844 om
1220 817 1346 849 Πιλάτου,
1359 818 1405 844 καὶ
1418 817 1617 853 σταυρούμενον
1633 818 1685 844 ὑπὸ
1703 819 1857 851 Ἰουδαίων,

219 863 246 886 et
262 859 422 887 crucifixum
435 866 449 884 a
460 856 571 889 Judzeis,
587 857 689 893 pudore
701 856 844 890 afﬁciatur,
856 857 1002 892 oculosque

1056 863 1231 894 δυσωπεῖται,
1248 862 1295 888 καὶ
1312 861 1387 888 κάτω
1411 861 1457 887 τὸν
1473 860 1611 896 ὀφθαλμὸν
1624 861 1690 896 ἔχει.
1709 861 1776 888 Οὐδὲ
1793 862 1858 897 γὰρ

219 905 354 932 demittat.
370 903 436 931 Nam
451 911 538 939 neque
552 904 592 931 sol
607 904 668 930 tulit
681 904 732 931 hoc
745 903 943 939 spectaculum,
960 902 1007 930 sed

220 949 383 977 obscuratus
398 953 471 976 totus
484 953 536 981 est,
554 954 583 976 ut
602 949 718 977 aliorum
737 950 832 977 oculos
847 953 982 977 averteret
999 958 1005 975 :

220 1002 270 1022 nec
286 996 393 1023 curavit
408 995 478 1022 ultra
493 1001 656 1031 praeceptum
676 995 846 1023 illuminandi
862 995 1005 1029 homines;

221 1041 269 1069 sed
283 1046 339 1068 ttnn
356 1042 529 1077 prmvaricari
545 1050 629 1069 ausus
645 1045 698 1074 est,
719 1049 782 1069 cum
799 1042 900 1069 videret
916 1041 1007 1068 Domi-

220 1096 295 1121 num,
311 1088 357 1122 qui
383 1088 435 1115 sibi
453 1087 503 1115 hoc
521 1087 677 1114 mandatum
694 1087 824 1119 dedisset,
841 1088 874 1114 ab
889 1087 1007 1114 homini-

219 1134 270 1160 bus
281 1133 408 1160 erueiari.
423 1132 475 1159 Sed
492 1133 513 1159 si
525 1139 636 1160 causam
650 1132 805 1160 ediscamus
823 1141 872 1160 cur
900 1135 936 1161 ita
960 1141 1006 1160 ex-

219 1179 360 1207 cruciatus
375 1181 427 1213 sit,
449 1187 504 1207 non
520 1180 592 1207 ultra
606 1180 810 1212 erubescemus,
826 1179 874 1207 sed
896 1180 1007 1208 mirabi-

219 1236 280 1255 mur
294 1228 442 1256 bonitatem
457 1226 710 1261 humanitatemque
729 1226 821 1259 illius;
840 1226 1006 1261 gloriﬁcabi-

217 1282 279 1301 mur
294 1278 320 1301 et
339 1274 400 1309 ipsi,
412 1273 641 1308 quemadmodum
657 1271 768 1306 Paulus,
782 1273 809 1299 in
823 1281 905 1300 cruce
919 1282 925 1299 ε
942 1273 1005 1308 quia

217 1328 272 1347 non
288 1320 345 1354 ipse
361 1319 492 1346 Dominus
516 1323 627 1354 propter
655 1326 715 1346 sese
730 1338 737 1350 ,
765 1319 812 1346 sed
835 1327 884 1346 nos
903 1319 931 1346 in
948 1321 1006 1354 ipso

216 1366 398 1401 patiebamur.
414 1365 594 1400 Permagnum
606 1365 705 1400 quippe
721 1369 779 1392 erat
792 1365 932 1393 hominum
943 1374 1006 1400 pec-

216 1417 319 1444 catum,
333 1412 544 1448 hujusmodique
561 1413 674 1443 malum,
687 1415 773 1439 totum
790 1412 882 1439 orbem
904 1419 1006 1447 prame-

216 1464 349 1494 euparat:
371 1459 443 1494 quod
456 1466 584 1494 magnum
597 1459 706 1494 quidem
730 1458 834 1494 jamdiu
855 1464 925 1490 erat,
939 1466 1006 1493 pau-

215 1506 290 1532 latim
317 1513 381 1533 vero
407 1509 536 1537 auctum,
560 1512 592 1532 ac
620 1504 775 1532 hominibus
802 1503 1004 1531 intolerandum

1057 909 1117 935 οὐδὲ
1129 909 1204 944 ἥλιος
1221 907 1278 944 (56)
1296 908 1394 944 ἤνεγκε
1420 908 1470 942 τὴν
1493 907 1556 933 θέαν
1574 907 1647 939 ἰδεῖν,
1665 907 1722 934 ἀλλ’
1740 909 1856 934 ἐσκοτί-

1058 955 1118 988 ζετο
1142 955 1220 986 ὅλος,
1249 955 1293 980 ἴνα
1322 954 1369 980 καὶ
1396 953 1458 985 τοὺς
1483 953 1570 980 ἄλλων
1598 953 1752 988 ὀφθαλμοὺς
1777 954 1855 980 ἀπο-

1058 999 1162 1036 στρέψῃ
1183 999 1239 1034 (57)
1252 1007 1259 1013 ·
1278 999 1324 1025 καί¹
1341 999 1390 1024 οὐκ
1416 997 1573 1034 ἐφρόντιζεν
1595 997 1635 1023 ἔτι
1665 997 1714 1032 τῆς
1735 997 1855 1032 ἐντολῆς

1056 1046 1102 1072 τοῦ
1117 1046 1222 1080 φαίνειν
1244 1046 1299 1076 τοῖς
1322 1043 1486 1080 ἀνθρώποις,
1510 1043 1578 1070 ἀλλὰ
1601 1042 1648 1069 καὶ
1666 1043 1854 1077 παραϐαίνειν

1056 1092 1156 1128 ἐτόλμα
1172 1091 1274 1124 λοιπὸν,
1289 1090 1360 1126 ὀρῶν
1376 1090 1420 1116 τὸν
1442 1089 1630 1124 ἐντειλάμενον
1642 1089 1716 1124 αὐτῷ
1743 1090 1855 1115 Δεσπό-

1055 1147 1104 1173 την
1128 1137 1180 1165 ὑπὸ
1203 1136 1353 1173 ἀνθρώπων
1369 1136 1518 1171 πάσχοντα.
1542 1135 1612 1162 Ἀλλ’
1626 1136 1673 1163 ἐὰν
1687 1135 1736 1171 τὴν
1753 1135 1852 1162 αἰτίαν

1057 1183 1195 1218 μάθωμεν,
1225 1183 1274 1209 καὶ
1293 1182 1337 1208 διὰ
1355 1182 1381 1208 τί
1395 1181 1527 1208 πέπονθεν
1542 1181 1650 1216 ἴδωμεν,
1671 1181 1762 1207 οὐκέτι
1779 1182 1852 1216 ἐρυ-

1057 1229 1188 1264 θριῶμεν,
1202 1228 1270 1256 ἀλλὰ
1284 1227 1459 1263 θαυμάζομεν
1489 1227 1538 1263 τὴν
1557 1227 1712 1262 ἁγαθότητα
1729 1227 1776 1253 καὶ
1794 1227 1852 1262 τὴν

1055 1274 1258 1310 φιλανθρωπίαν
1275 1273 1357 1300 αὐτοῦ
1369 1282 1375 1288 ·
1393 1274 1440 1301 καὶ
1453 1273 1509 1308 (58)
1534 1272 1728 1308 καυχησόμεθα
1748 1272 1777 1298 δὲ
1797 1274 1852 1300 καὶ

1055 1321 1143 1356 ἡμεῖς,
1158 1321 1196 1352 ὡς
1212 1321 1226 1346 ὁ
1250 1321 1368 1352 Παῦλος,
1382 1321 1411 1347 ὲν
1426 1319 1464 1356 τῷ
1481 1319 1606 1356 σταυρῷ·
1616 1320 1658 1346 ὅτι
1669 1319 1720 1346 οὐκ
1738 1319 1822 1352 αὐτὸς
1835 1321 1852 1346 ὁ

1055 1366 1156 1401 Κύριος
1180 1366 1213 1392 δι’
1227 1366 1332 1398 ἑαυτὸν,
1351 1365 1407 1392 ἀλλ’
1430 1367 1510 1401 ἡμεῖς
1531 1366 1559 1392 ἐν
1575 1364 1670 1400 ἐκείνῳ
1693 1365 1851 1400 πάσχοντες

1054 1409 1134 1447 ἦμεν.
1146 1411 1206 1438 Τῶν
1219 1411 1267 1446 μὲν
1281 1412 1335 1447 γὰρ
1357 1411 1413 1448 (59)
1428 1411 1577 1447 ἀνθρώπων
1592 1413 1608 1447 ἡ
1621 1411 1742 1447 ἁμαρτία
1758 1411 1849 1447 πολλή

1054 1466 1095 1489 τις
1104 1455 1148 1493 ἦν,
1157 1458 1203 1484 καὶ
1215 1459 1304 1484 πᾶσαν
1314 1457 1363 1493 τὴν
1372 1457 1534 1493 οἰκουμένην
1544 1457 1754 1493 προκατειλήφει
1764 1458 1850 1484 τοῦτο

1054 1504 1084 1530 τὸ
1102 1505 1196 1536 κακὸν,
1220 1505 1290 1540 μέγα
1312 1505 1359 1540 μὲν
1377 1503 1432 1540 (60)
1446 1503 1579 1539 τυγχάνον
1595 1504 1642 1531 καὶ
1662 1504 1715 1539 πρὸ
1734 1504 1847 1538 τούτου,

215 1555 348 1579 evaserat.
367 1550 508 1586 Siquidem
529 1551 626 1578 mortis
649 1557 761 1585 regnum
777 1550 804 1576 in
822 1557 917 1576 omnes
928 1549 1002 1576 inva-

1055 1550 1114 1576 κατ’
1129 1550 1218 1584 ὀλίγον
1236 1551 1264 1577 δὲ
1281 1552 1327 1577 καὶ
1347 1550 1537 1585 αὐξανόμενον,
1556 1550 1604 1577 καὶ
1617 1551 1752 1587 ἀφόρητον
1773 1553 1849 1585 γινό-

215 1598 311 1626 luerat.
332 1597 463 1624 Dominus
479 1600 570 1624 autem
586 1600 679 1624 noster
697 1595 858 1624 immortalis
872 1599 899 1622 et
914 1595 1003 1622 incor-

215 1644 353 1679 ruptibilis
381 1647 422 1671 est
436 1652 443 1670 :
464 1647 546 1678 atque
563 1648 592 1670 ul
608 1643 770 1670 immortalis
794 1646 820 1669 et
835 1642 1002 1676 incorrupti-

214 1689 288 1722 bilis,
305 1689 341 1716 ita
369 1689 458 1717 bonus
479 1688 679 1723 humanusque.
693 1687 763 1715 Boni
781 1694 897 1722 namque
913 1686 1002 1714 Patris

213 1734 314 1761 bonum
329 1732 447 1761 Verbum
462 1733 588 1760 exsistit:
610 1740 695 1768 quare
721 1740 775 1760 non
799 1732 860 1759 tulit
881 1737 910 1759 ιιι
922 1731 1001 1766 opifi-

213 1779 285 1806 cium
315 1787 394 1807 suum
425 1778 543 1813 periret:
561 1786 648 1813 neque
673 1778 820 1810 sustinuit,
843 1781 872 1804 ut
889 1785 1001 1812 operum

213 1832 325 1851 suorum
351 1824 418 1851 alter
432 1829 505 1852 esset
521 1824 670 1852 Dominus:
687 1824 735 1851 sed
750 1823 946 1851 intolerandam
963 1824 1002 1850 vi-

211 1871 281 1898 dens
296 1870 436 1902 malitiam,
452 1871 620 1905 mortaleque
641 1878 726 1906 genus
742 1877 796 1897 non
815 1869 905 1896 valere
920 1870 1000 1896 morti

211 1918 361 1950 obsistere,
388 1927 475 1953 neque
498 1926 579 1954 posse
597 1926 704 1953 pcenam
732 1924 844 1945 suorum
867 1916 999 1943 malorum

207 1964 369 1999 persolvere
381 1975 387 1992 :
405 1973 467 1992 nam
478 1965 587 1992 malitiae
600 1971 730 1992 excessus
741 1971 821 1990 omne
836 1962 1000 1998 supplicium

211 2010 375 2045 superabat;
392 2010 487 2038 videns
501 2010 564 2037 item
580 2008 668 2037 Patris
680 2009 722 2036 sui
737 2009 895 2040 bonitatem,
908 2015 999 2035 suam-

210 2064 264 2092 que
289 2057 439 2092 potentiam
462 2056 518 2092 68
533 2060 559 2084 et
575 2056 703 2083 virtutem
719 2064 726 2081 :
746 2064 755 2080 ι
774 2054 901 2082 Christus
926 2054 999 2081 enim

209 2102 257 2130 Dei
275 2103 362 2130 virtus
373 2107 399 2130 et
412 2102 459 2130 Dei
473 2102 606 2137 sapientia
622 2102 662 2135 u;
683 2111 693 2127 ›
710 2105 865 2128 commotus
880 2099 930 2127 fuit
948 2107 999 2127 suo

208 2155 272 2182 erga
289 2147 413 2175 homines
432 2155 536 2179 amore,
554 2147 755 2181 miseratusque
776 2150 896 2174 nostram
923 2145 998 2172 infir-

210 2194 343 2224 mitatem,
357 2192 480 2220 eamdem
508 2192 606 2220 induit.
639 2192 697 2228 Ipse
713 2191 802 2222 enim,
824 2194 854 2218 ut
878 2191 915 2218 ait
929 2198 996 2226 pro-

210 2239 302 2274 pheta,
319 2239 492 2266 infirmitates
506 2242 616 2266 nostras
633 2238 714 2271 tulit,
733 2241 760 2265 et
781 2235 893 2264 morbos
907 2240 996 2271 ϐοείας

209 2287 248 2313 vit
263 2286 296 2314 “.
311 2286 455 2315 Miseratus
469 2286 533 2314 item
550 2291 671 2313 nostram
685 2284 887 2316 mortalitatem,
901 2283 996 2311 eadem

209 2331 326 2359 amictus
340 2335 392 2360 est.
405 2331 451 2358 Ait
464 2330 538 2359 enim
552 2330 654 2358 Paulus
669 2339 676 2358 :
696 2339 706 2355 ι
723 2328 883 2356 Humiliavit
899 2332 998 2357 semet-

1057 1604 1136 1632 μενον
1158 1598 1214 1628 τοῖς
1234 1595 1397 1631 ἀνθρώποις.
1414 1596 1468 1622 Καὶ
1481 1595 1537 1632 γὰρ
1559 1597 1607 1623 καὶ
1622 1597 1636 1622 ὁ
1653 1596 1766 1628 θάνατος
1795 1598 1847 1624 ἐπὶ

1055 1642 1157 1673 πάντας
1165 1643 1210 1668 καὶ
1221 1641 1292 1668 κατὰ
1304 1641 1412 1668 πάντων
1425 1642 1498 1677 ἴσχυε
1511 1641 1662 1677 βασιλεύειν
1679 1642 1745 1677 (61).
1770 1642 1799 1668 '0
1812 1644 1845 1670 δὲ

1054 1688 1154 1724 Κύριος
1170 1689 1185 1723 ἡ
1190 1688 1246 1722 μῶν
1261 1687 1392 1719 ἀθάνατος
1403 1688 1451 1715 καὶ.
1461 1687 1598 1723 ἄφθαρτός
1606 1688 1674 1714 ἐστι·
1688 1688 1734 1714 καὶ
1747 1687 1846 1724 ὥσπερ

1053 1733 1184 1766 ἀθάνατος
1213 1733 1259 1759 καὶ
1278 1733 1425 1768 ἄφθαρτος,
1442 1733 1527 1764 οὕτως
1545 1733 1645 1768 ἀγαθὸς
1677 1735 1723 1763 καὶ
1746 1735 1845 1768 φιλάν-

1053 1779 1168 1814 θρωπος.
1201 1778 1315 1812 Ἀγαθοῦ
1346 1779 1400 1814 γὰρ
1442 1779 1547 1814 Πατρὸς
1569 1779 1682 1813 ’ἀγαθὸς
1708 1781 1723 1806 ὁ
1753 1781 1843 1814 Λόγος

1053 1825 1190 1860 ὑπάρχει·
1219 1824 1259 1850 διὸ
1289 1824 1319 1850 οὐ
1349 1823 1476 1860 παρεῖδεν
1498 1823 1645 1851 ἀπολέσθαι
1672 1824 1704 1851 τὸ
1725 1825 1842 1861 γενόμε-

1051 1880 1095 1897 νον
1131 1871 1207 1906 (62),
1232 1871 1287 1897 οὐδ’
1316 1871 1446 1906 ὑπέμεινε
1473 1871 1527 1897 τῶν
1561 1870 1643 1897 αὑτοῦ
1677 1872 1841 1906 ποιημάτων

1051 1918 1129 1944 ἄλλον
1145 1917 1270 1952 γενέσθαι
1282 1916 1383 1953 Κύριον
1393 1925 1399 1931 ·
1417 1916 1474 1943 ἀλλ’
1484 1916 1555 1952 ὁρῶν
1569 1916 1599 1942 τὸ
1615 1916 1664 1952 μὲν
1677 1917 1726 1952 τῆς
1737 1918 1839 1950 κακίας

1050 1963 1197 1999 ἀφόρητον,
1209 1964 1256 1990 καὶ
1275 1963 1304 1989 τὸ
1313 1963 1409 1998 θνητὸν
1423 1962 1500 1997 γένος
1511 1962 1560 1997 οὐχ
1577 1961 1668 1988 ἱκανὸν
1680 1962 1839 1998 ἀντιστῆναι

1051 2010 1118 2046 πρὸς
1130 2011 1174 2036 τὸν
1186 2010 1308 2041 θάνατον,
1320 2009 1379 2036 οὐδὲ
1387 2009 1435 2044 τὴν
1446 2008 1579 2044 τιμωρίαν
1589 2008 1642 2034 τῶν
1655 2008 1747 2035 κακῶν
1759 2008 1839 2036 δυνα-

1049 2056 1094 2082 τὸν
1111 2055 1254 2082 ἀποδοῦναι
1265 2063 1272 2070 ·
1289 2055 1409 2090 ὑπερῆρε
1429 2054 1482 2090 γὰρ
1501 2054 1591 2081 πᾶσαν
1607 2053 1741 2089 τιμωρίαν
1756 2055 1772 2089 ἡ
1787 2055 1838 2089 τῆς

1049 2101 1148 2132 κακίας
1162 2100 1316 2135 ὑπερϐολή·
1331 2099 1401 2136 ὁρῶν
1415 2099 1443 2126 δὲ
1459 2099 1504 2126 καὶ
1520 2100 1569 2135 τὴν
1585 2099 1632 2126 τοῦ
1648 2099 1754 2135 Πατρὸς
1768 2101 1838 2134 ἀγα-

1049 2146 1235 2182 οότητα,ὁρῶν
1252 2146 1300 2172 καὶ
1311 2145 1360 2181 τὴν
1371 2145 1468 2173 ἑαυτοῦ
1481 2147 1625 2183 ἱκανότητα
1634 2147 1680 2173 καὶ
1695 2145 1837 2182 (65)δύνα-

1051 2201 1109 2228 μιν·
1129 2202 1138 2218 ι
1150 2192 1265 2227 Χριστὸς
1278 2192 1332 2228 γὰρ
1345 2192 1413 2218 Θεοῦ
1427 2192 1540 2228 δύναμις
1554 2193 1599 2219 καὶ
1613 2192 1681 2219 Θεοῦ
1699 2192 1779 2226 σοφία
1793 2200 1801 2208 ο
1824 2202 1833 2217 ι

1049 2238 1187 2273 κεκίνηται
1199 2239 1232 2274 τῇ
1250 2237 1450 2274 φιλανθρωπίᾳ,
1476 2238 1522 2265 καὶ
1532 2238 1670 2273 οἰκτείρας
1683 2237 1732 2274 τὴν
1752 2237 1835 2265 ἀσθέ-

1049 2293 1122 2311 νειαν
1135 2283 1222 2319 ἡμῶν,
1240 2283 1384 2311 ἐνεδύσατο
1395 2282 1599 2318 ταύτην.Δὺτὸς
1611 2283 1676 2319 γὰρ,
1688 2284 1726 2315 ὡς
1741 2284 1755 2310 ὁ
1769 2291 1836 2319 προ-

1050 2329 1137 2364 φήτης
1148 2329 1225 2365 φησι,
1238 2329 1288 2361 τὰς
1300 2328 1440 2361 ἀσθενείας
1454 2329 1531 2365 ήμῶν
1542 2326 1604 2366 ἦρε,
1619 2329 1666 2356 καὶ
1679 2328 1729 2361 τὰς
1741 2329 1836 2361 νόσους

247 2411 268 2427 ⁸³
286 2409 364 2438 Joan.
382 2418 446 2444 ιιι,
463 2410 515 2442 23,
531 2409 577 2438 24.
613 2411 635 2426 ⁸³
655 2410 665 2437 l
680 2411 743 2438 Cor.
762 2419 787 2442 ι,
803 2409 848 2437 24.
886 2410 910 2425 “
929 2409 981 2437 lsa.
999 2418 1064 2442 Llll,
1081 2411 1108 2438 4.

245 2491 301 2527 (55)
318 2491 419 2527 Regius
434 2495 461 2519 et
474 2490 651 2527 Anglicanus,
664 2490 777 2527 ἄραφος,
793 2490 864 2524 Mox,
879 2489 991 2526 Regius,

210 2523 298 2553 εἷτὲανζ
314 2523 385 2560 Mei,
400 2527 490 2559 αὐτόν,
504 2523 580 2552 abest
593 2525 627 2552 ab
638 2523 798 2560 Anglicano.

243 2561 299 2595 (56)
313 2561 394 2590 Basil.
410 2567 436 2589 et
451 2561 557 2596 Anglic.
573 2560 641 2587 Οὐδὲ
653 2559 707 2595 γὰρ
724 2561 832 2596 όῇλιος.

244 2597 300 2632 (57)
314 2596 359 2624 Sic
374 2597 485 2632 Regius,
499 2595 582 2632 atque
598 2596 634 2623 ita
656 2596 720 2632 legit
734 2595 866 2624 Nannius.
883 2595 954 2623 Editi
966 2600 993 2624 et

208 2630 263 2664 alii,
277 2630 340 2664 τοὺς
356 2630 452 2663 ἄλλους
463 2631 524 2666 ὀφθ.

255 2667 299 2700 58)
315 2666 378 2698 Καί,
392 2667 469 2694 deest
488 2669 514 2693 in
529 2665 601 2693 Felc.
615 2666 641 2692 5.
656 2665 713 2693 Ibid
728 2666 766 2697 δέ,
783 2666 860 2693 abest
872 2673 887 2692 a
907 2665 990 2693 Basil.

255 2702 297 2736 59)
312 2702 372 2728 Τῶν
388 2702 437 2736 μὲν
453 2702 517 2737 γὰρ.
535 2701 600 2737 Ha'c
624 2705 648 2737 et
669 2702 803 2736 sequentia
811 2701 938 2737 Δηιιιυιίαηι
952 2709 993 2728 re-

207 2737 344 2769 periuntur
366 2735 451 2763 adhuc
470 2735 547 2763 semel
574 2736 602 2762 ἱιι
624 2736 776 2767 Basiliensi,
798 2735 944 2771 Anglicano
966 2741 992 2763 ει

207 2770 279 2798 Lall.
295 2773 370 2799 edi”.
396 2777 425 2798 ut
443 2777 467 2798 et
494 2772 521 2798 in
545 2771 633 2798 codice
648 2779 666 2798 ιι
681 2777 770 2798 nostra
791 2770 942 2801 sub'lilulo.
955 2771 991 2799 De

209 2807 343 2838 passione.
370 2806 560 2841 Fragmentum
578 2807 658 2840 igitur
678 2807 824 2840 repetitum.
847 2814 892 2840 per
912 2807 990 2832 Basi-

207 2842 313 2870 liensem
329 2841 470 2870 secundum
482 2846 506 2870 et
526 2842 700 2878 Anglicanam
720 2841 872 2874 secundum,
890 2842 990 2876 signari

1046 2491 1171 2526 intellige.
1189 2490 1250 2518 Haec
1263 2489 1499 2526 Felckmtquibus
1517 2489 1672 2523 adjicimus,
1689 2489 1742 2526 hoc
1754 2489 1834 2526 fratr

1046 2524 1167 2553 mentum
1185 2526 1278 2554 haberi
1305 2527 1332 2553 in
1356 2524 1476 2553 editione
1491 2524 1634 2552 Basiliensi
1659 2525 1724 2551 anni
1750 2525 1831 2557 £556,

1046 2568 1107 2596 pag.
1125 2561 1187 2592 579.
1202 2565 1229 2588 et
1247 2562 1287 2588 sic
1301 2560 1425 2596 inchoari
1433 2569 1447 2596 ι
1465 2560 1608 2596 Hominum
1625 2566 1694 2587 certe
1711 2565 1830 2594 peccata.

1080 2596 1136 2631 (60)
1148 2597 1216 2627 Μὲν,
1234 2596 1311 2623 deest
1327 2597 1355 2622 in
1366 2595 1511 2631 Basiliensi
1525 2595 1726 2631 et_Anglicano.

1071 2629 1134 2674 (ϐξ)
1151 2631 1262 2666 Regius,
1277 2631 1353 2666 ῐσχυε
1365 2629 1524 2666 βασιλεύων.
1543 2629 1614 2657 Felc.
1633 2630 1660 2663 2,
1677 2630 1770 2666 ἴσχυσε
1784 2629 1832 2665 βα-

1044 2674 1164 2692 σιλευων.

1078 2701 1133 2736 (62)
1149 2701 1250 2735 Regius
1265 2701 1385 2729 secunda
1403 2707 1495 2736 manu,
1511 2701 1540 2726 τὸ
1555 2700 1633 2735 γένος
1648 2700 1738 2736 ἡμῶν.
1755 2699 1828 2730 Mox,

1042 2735 1114 2763 Felc.
1129 2736 1157 2768 ‘2,
1173 2737 1226 2763 τῶν
1237 2736 1332 2763 ἑαυτοῦ
1348 2735 1516 2770 ποιημάτων.

1064 2771 1132 2814 ’(65)
1147 2772 1254 2808 Anglic.
1270 2775 1298 2805 2,
1318 2772 1367 2807 τὴν
1386 2769 1428 2806 sip"
1446 2769 1552 2807 ἑκάστῳ
1571 2771 1685 2806 δύναμιν
1704 2770 1751 2798 καὶ
1766 2769 1828 2798 ἱκα-

1043 2815 1149 2842 νοτητα.
