1915 3057
55 138 104 166 εοδ

569 138 614 165 DE
632 137 799 166 PASSIONE
818 136 863 165 ET
882 137 998 166 CRUCE
1018 138 1146 166 DOMINI.

1623 140 1676 167 206

56 197 187 224 ἐϐάστασε
200 196 268 232 (64).
284 197 339 224 Καὶ
356 196 470 232 ἐλεήσας
489 196 520 222 τὸ
535 195 631 231 θνητὸν
650 196 742 231 ἡμῶν,
767 205 842 232 περι-

897 197 983 232 ipsum
996 205 1081 232 usque
1094 196 1127 223 ad
1138 201 1263 228 mortem,
1280 200 1394 224 mortem
1408 201 1497 225 autem
1508 198 1598 226 crucis
1609 199 1641 226 ".
1665 209 1674 224 ι

54 242 162 269 εὸάλετο
173 241 265 268 τοῦτο.
279 242 359 276 Λέγει
375 241 451 276 γὰρὺ
464 240 568 272 Παῦλος
581 249 589 256 ο
612 250 621 267 ‹
647 241 842 268 Ἐταπείνωσεν

52 287 147 314 ἑαυτὸν
169 287 253 322 μέχρι
268 287 393 319 θανάτου,
409 287 524 313 Θανάτου
539 287 567 313 δὲ
591 287 717 321 σταυροῦ.
738 296 748 312 ι
770 286 842 313 Ἰδὼν

51 333 80 359 δὲ
103 333 150 359 καὶ
171 333 203 359 τὸ
227 333 296 368 πρὸς
315 334 364 368 τὴν
386 333 513 359 ἀπόδοσιν
529 332 608 367 ἡμῶν
631 333 680 368 τῆς
707 333 843 367 τιμωρίας

50 379 193 410 ἀδύνατον,
215 379 360 411 ἀνεδέξατο
383 378 485 414 ταύτην
509 378 604 410 αὑτός·
621 388 630 404 ι
648 377 767 414 Χριστὸς
788 378 842 413 γὰρ

49 425 162 459 γέγονεν
176 425 247 460 ὑπὲρ
257 424 336 460 ἡμῶν
349 425 466 460 κατάρα.
481 434 490 451 ι
503 424 558 451 Καὶ
572 424 643 450 οὕτω
653 424 685 460 δὴ
695 424 729 451 τὰ
739 424 786 451 ἀνθ
792 424 843 460 ρώ-

51 480 115 498 πινα
126 470 343 506 περιϐαλόμενος
357 471 403 498 καὶ
419 471 634 506 ἀμφιεσάμενος,
650 470 682 496 δι’
698 470 794 497 ἑαυτοῦ
809 470 843 496 τὰ

50 516 128 552 ἡμῶν
161 516 322 551 προσήγαγε
349 515 388 551 τῷ
415 515 514 551 Πατρὶ,
542 516 596 547 ἵνα,
623 516 661 546 ὼς
686 515 740 551 (65)
762 515 843 548 αὐτὸς

51 562 175 597 πάσχων,
190 561 296 596 ἀϐλαϐῆ
311 561 357 588 τὸν
372 561 513 597 ἄνθρωπον
538 561 676 596 πάσχοντα
695 570 843 588 κατασκευ-

51 609 113 644 άσῃ,
130 608 179 634 καὶ
197 607 283 643 μικρὰ
302 607 428 643 μεγάλοις
453 607 727 642 ἀντικαταλλάξηται.
749 607 842 634 Κατα-

52 654 152 689 ῦέὸηκε
167 653 234 689 γὰρ,
247 654 291 679 ἵνα
303 653 380 688 ἡμῶν
394 654 443 688 τὴν
459 653 551 680 ἄνοδον
565 654 762 690 κατασκευάσῃ
773 662 779 668 ·
797 654 843 680 καὶ

52 700 218 735 πεπείραται
245 699 389 733 γενέσεως,
404 699 448 725 ῖνα
463 699 543 734 ἡμεῖς
563 699 596 725 δι’
612 699 694 726 αὑτοῦ
711 699 749 734 τῷ
764 699 843 734 ἀγεν-

50 746 123 781 νήτῳ
147 744 205 779 (66)
239 744 420 779 φιλιάσωμεν.
438 745 585 780 Ἠσθένησε
613 745 647 771 δι’
677 746 770 781 ἡμᾶς,
799 745 843 772 ἵνα

50 792 131 826 ἡμεῖς
165 790 326 825 ἐγερθῶμεν
356 791 385 816 ἐν
405 789 529 825 δυνάμει,
556 791 602 816 καὶ
619 790 749 826 εἴπωμεν,
767 791 805 822 ὼς
829 791 844 816 ὁ

49 837 157 868 Παῦλος
169 845 176 851 ·
191 836 299 863 «Πάντα
312 836 394 871 ίο-χύω
404 837 431 862 ὲν
446 836 484 871 τῷ
500 836 691 872 ἐνδυναμοῦντί
702 845 736 872 με
755 836 842 872 Ἰησοῦ

892 242 961 269 Cum
975 242 1078 269 videret
1092 243 1156 268 item
1175 249 1226 268 nos
1247 249 1300 268 non
1318 241 1352 268 ad
1369 242 1532 269 solutionem
1550 243 1676 278 supplicii

893 287 1031 319 subicere,
1063 287 1183 322 suscepit
1208 287 1280 314 illam
1296 296 1303 314 :
1322 297 1331 312 ι
1348 287 1474 316 Christus
1487 290 1560 315 enim
1589 289 1677 316 factus

892 337 934 360 est
949 341 997 368 pro
1013 333 1091 361 nobis
1109 334 1282 361 maledictum
1305 334 1339 362 ιθ.
1365 345 1374 361 ›
1391 336 1479 370 Atque
1495 336 1535 363 sic
1549 337 1677 365 humanis

893 379 1114 408 circumamictus
1141 380 1326 415 indutusque,
1352 390 1399 416 per
1419 390 1480 410 sese
1499 391 1559 418 qua:
1583 389 1678 412 nostra

893 428 971 451 erant
984 424 1057 451 Patri
1075 425 1187 457 obtulit;
1207 430 1236 452 ut
1249 426 1327 460 quasi
1351 427 1406 461 ipse
1418 432 1567 462 pateretur,
1587 429 1678 456 immi-

893 479 954 498 nem
970 471 1116 505 patientem
1132 471 1244 498 illaesum
1264 472 1398 504 redderet,
1422 478 1448 501 et
1465 482 1548 509 parva
1573 475 1678 510 magnis

893 519 1083 542 commutaret.
1104 515 1248 543 Descendit
1259 517 1348 549 enim,
1379 521 1408 544 ut
1431 519 1509 546 nobis
1533 527 1677 547 ascensum

893 565 1072 596 prmpararet:
1091 561 1260 589 nativitatem
1282 568 1410 597 expertus
1429 568 1488 595 est,
1512 569 1541 591 ut
1555 572 1605 592 nos
1631 573 1678 600 per

893 614 954 633 eum
979 607 1099 642 ingenito
1124 608 1203 634 amici
1232 612 1377 636 essemus:
1399 609 1551 637 infirmatus
1568 615 1678 646 propter

893 660 944 679 nos
955 657 1007 684 est,
1021 657 1050 680 ut
1065 660 1116 681 nos
1128 653 1313 681 excitaremur
1330 654 1357 680 in
1379 655 1493 688 virtute,
1518 660 1544 683 et
1573 656 1679 684 dicere-

893 706 966 731 mus.
983 699 1213 733 quemadmodum
1233 699 1355 728 Paulus:
1376 710 1385 726 ι
1402 700 1499 728 Omnia
1521 710 1634 736 possum
1651 703 1678 730 in

892 751 925 772 eo
941 745 987 779 qui
1012 752 1055 772 me
1071 745 1208 772 confortat
1236 745 1300 774 Jesu
1324 746 1434 774 Christo
1458 748 1490 775 ".
1518 758 1527 775 ι
1558 749 1680 785 Sumpsit

893 798 992 825 corpus
1007 792 1192 826 corruptibile,
1206 797 1235 818 ut
1255 795 1433 828 eorruplibile
1448 795 1572 823 indueret
1586 797 1679 824 incor-

893 837 1067 870 ruptionem:
1094 836 1182 863 induit
1208 839 1338 870 mortale,
1365 844 1394 866 ut
1418 840 1533 867 mortale
1555 840 1680 869 indueret

48 881 191 917 Χριστῷ.»
212 881 312 907 Ἐλαῧε
343 881 421 916 σῶμα
450 881 585 917 φθαρτὸν,
614 882 658 908 ἵνα
676 882 706 908 τὸ
721 881 839 918 φθαρτὸν

897 881 1135 909 immortalitatem.
1166 882 1278 910 Demum
1294 884 1384 912 factus
1405 890 1446 913 est
1465 886 1546 913 homo
1564 891 1591 913 et
1611 896 1681 915 mor-

47 927 195 962 ἐνδύσηται
216 928 266 963 τὴν
280 926 433 962 ἀφθαρσίαν
447 935 454 941 ·
475 927 618 954 ἐνεδύσατο
633 928 663 954 τὸ
677 927 783 963 θνητὸν,
799 927 842 954 ἵνα

46 973 77 998 τὸ
87 972 187 1007 θνητὸν
215 971 358 1006 ἐνδύσηται
370 971 419 1007 τὴν
434 972 593 999 ἀθανασίαν.
609 973 663 999 Καὶ
675 972 750 1004 τέλος
762 973 842 1006 γέγο-

46 1027 93 1044 νεν
111 1018 256 1053 ἄνθρωπος
267 1018 314 1044 καὶ
327 1018 470 1049 ἀπέθανεν,
488 1018 531 1044 ἵνα
544 1018 634 1054 ἡμεῖς,
653 1019 677 1044 οἱ
690 1018 727 1049 ὼς
740 1017 843 1055 ἄνθρω-

45 1073 96 1090 ποι
121 1064 350 1099 ἀποθνήσκοντες,
379 1063 593 1099 θεοποιηθῶμεν,
616 1064 663 1090 καὶ
686 1065 783 1099 μηκέτι
797 1064 842 1090 τὸν

45 1111 166 1137 θάνατον
192 1110 297 1145 ἔχωμεν
332 1109 515 1145 βασιλεύοντα.
539 1110 659 1141 Θάνατος
685 1111 739 1146 γὰρ
763 1109 842 1145 ἡμῶν

45 1156 80 1182 οὐ
98 1155 371 1190 (θηκατακυριεύει,
393 1156 461 1182 καὶὸ
477 1155 653 1187 ἀποττολικὸς
673 1155 701 1181 δὲ
714 1155 842 1191 κηρύττει

45 1203 130 1236 λόγος
140 1210 146 1216 ·
157 1202 200 1228 διὰ
207 1202 287 1228 τοῦτο
302 1203 349 1229 καὶ
362 1202 535 1238 σταυροῦται,
548 1202 590 1228 ἵνα
607 1201 656 1237 τὴν
667 1203 789 1237 κατάραν
805 1201 844 1233 ea.

46 1249 185 1284 αγοράσῃ,
195 1250 241 1275 καὶ
247 1250 327 1284 ἡμεῖς
333 1250 380 1285 τὴν
389 1249 513 1283 εὐλογίαν
521 1249 571 1284 κλη
576 1248 675 1284 ρονομή
680 1256 778 1283 σωμεν.
788 1248 844 1275 Πά-

48 1303 123 1330 σχων
130 1295 185 1330 γὰρ
191 1295 281 1327 αὐτὸς,
290 1295 437 1322 ἔϐλαπτετο
445 1296 492 1330 μὲν
500 1295 553 1321 οὐδ’
560 1295 637 1326 ὅλως,
647 1293 841 1330 ὲχαρίζετο(68)

47 1341 80 1366 δὲ
92 1340 193 1375 μᾶλλον
203 1349 209 1356 ·
225 1344 272 1367 καὶ
284 1341 478 1376 ἀποθνήσκων,
492 1341 542 1367 οὐκ
561 1340 640 1375 ἔμενε
656 1340 762 1376 νεκρὸς,
775 1339 842 1367 ἀλλὰ

50 1386 153 1420 μᾶλλον
168 1387 215 1412 καὶ
233 1387 296 1418 τοὺς
316 1387 429 1422 νεκροὺς
438 1387 577 1418 ὲζωοποίει
587 1387 645 1413 ’καὶ
660 1387 843 1422 σφαγιαζόμε-

50 1431 133 1462 νοςδὲ
148 1432 200 1458 οὐκ
211 1432 330 1458 ἀπόλυτα
349 1431 414 1467 (69),
434 1431 502 1458 ἀλλὰ
514 1431 553 1468 τῷ
566 1432 661 1467 αἵματι
673 1432 721 1468 τῆς
736 1432 843 1467 σφαγῆς

50 1477 155 1510 πάντας
169 1477 264 1509 ἁπλῶς
275 1477 430 1513 ἐλυτροῦτο,
443 1478 491 1505 καὶ
514 1477 595 1510 αὐτὸς
611 1478 706 1513 ἔμενεν
722 1477 840 1514 απαθής.

89 1535 132 1561 ‘12.
150 1534 212 1566 Πῶς
220 1534 249 1560 δὲ
263 1534 341 1561 τοῦτο
357 1535 479 1568 γέγονεν,
494 1533 521 1560 εί
533 1542 575 1565 τις
592 1533 691 1570 ἔροιτο,
709 1534 840 1561 ἀκουέτω.

50 1580 104 1607 Δύο
132 1581 303 1615 πραγμάτων
331 1581 359 1606 ὲν
388 1580 475 1615 τούτῳ
508 1579 563 1615 (70)
590 1580 684 1614 γέγονε
715 1579 840 1612 σύνοδος·

49 1626 225 1661 πραγμάτων
240 1626 268 1652 δὲ
284 1625 355 1660 λέγω
363 1626 412 1652 οὐκ
430 1625 504 1658 ἴσων,
523 1625 591 1652 ἀλλά
607 1626 654 1652 καὶ
671 1626 741 1652 κατὰ
757 1626 844 1652 πάντα

50 1671 198 1707 σᾶγκρισιν
214 1672 263 1697 οὐκ
280 1672 404 1706 ἑχόντων.
425 1671 527 1707 Θνητὸν
555 1671 609 1707 γὰρ
633 1671 759 1708 ἀθανάτῳ
786 1681 843 1698 συν-

49 1718 194 1750 επλέκετο,
223 1718 270 1744 καὶ
292 1717 409 1753 φθαρτὸν
430 1717 509 1751 σῶμα
536 1717 666 1753 ἀφθάρτῳ
689 1717 759 1753 λόγῳ
788 1718 844 1754 (71)

51 1764 239 1800 συνεληλύθει.
269 1764 323 1790 Καὶ
345 1764 375 1790 τὺ
399 1763 448 1798 μὲν
476 1763 571 1798 θνητὸν
593 1764 642 1790 οὐκ
671 1764 788 1790 ἔϐλαπτε
814 1765 844 1791 τὸ

49 1811 187 1838 ἀθάνατον
199 1817 205 1823 ”
219 1810 322 1842 ἀπαθὲς
336 1808 445 1846 γὰρῆν·
465 1810 522 1836 ἀλλ’
535 1809 613 1845 ἔμενε
625 1809 724 1846 μᾶλλον
740 1812 844 1843 ἀπαθὲς

50 1859 99 1884 καὶ
113 1857 180 1884 αὐτὸ
194 1858 226 1892 τῇ
252 1856 299 1883 τοῦ
322 1856 436 1883 θανάτου
452 1857 614 1892 ἐπικρατείᾳ
627 1865 634 1872 ·
653 1855 687 1883 τὰ
706 1856 760 1892 γὰρ
776 1866 844 1892 κρα-

49 1903 150 1930 τοῦντα
174 1903 229 1929 τῶν
246 1903 437 1938 κρατουμένων
452 1902 496 1928 ἀεὶ
519 1902 602 1937 κύρια
630 1902 768 1937 τυγχάνει,
795 1901 844 1927 Διὰ

50 1949 116 1983 γοῦν
135 1948 216 1974 αὑτὸν
235 1948 280 1974 τὸν
293 1948 404 1974 συνόντα
417 1947 550 1974 ἀθάνατον
563 1948 659 1982 Λόγον,
670 1948 717 1974 κα)¹
731 1949 744 1974 ὁ
761 1947 842 1974 θάνα-

49 2004 96 2027 τος
108 1994 287 2029 ἑξηφανίζετο
316 1994 370 2029 (72)
386 1994 543 2028 παραδόξως
569 1994 597 2020 ὲν
623 1993 707 2028 αὐτῷ,
729 1993 766 2024 ὡς
789 1993 843 2019 ἀπὸ

52 2041 138 2077 πυρὸς
159 2040 321 2074 ἀφανίζεται
339 2040 459 2074 καλάμη.
487 2040 516 2066 Ὁ
543 2039 571 2065 δὲ
594 2039 690 2073 Λόγος,
705 2039 843 2074 ἄφθαρτος

50 2088 98 2119 ὢν,
114 2087 216 2122 ὠφελεῖ
231 2086 330 2122 μᾶλλον
345 2087 376 2112 τὸ
390 2086 507 2121 φθαρτὸν
525 2085 610 2112 συνὼν
633 2085 706 2121 αὐτῷ
716 2094 722 2100 ·
743 2085 774 2111 τὸ
790 2085 842 2122 γάρ

52 2135 147 2166 αὐτος
163 2133 217 2160 ὑπὸ
227 2133 275 2159 τοῦ
291 2132 378 2168 φωτὸς
395 2132 605 2166 καταυγάζεται,
622 2132 668 2159 καὶ
686 2132 716 2157 τὸ
733 2131 843 2158 ἔλαττον

54 2180 102 2210 ὑπὸ
119 2179 168 2206 τοῦ
181 2178 335 2214 κρείττονος
347 2177 505 2211 εὐλογεῖται.
517 2177 566 2203 Διά
583 2177 661 2203 τοῦτο
672 2178 718 2204 καὶ
735 2177 781 2204 νῦν
791 2178 843 2204 ὑπὸ

55 2226 102 2252 τῶν
123 2225 232 2260 δημίων
257 2223 455 2255 ἐκδιδύσκεται,
483 2223 528 2254 οὓς
548 2224 629 2258 ἡμεῖς
645 2223 726 2258 ἐντῷ
757 2223 843 2258 Ἀδὰμ

57 2270 248 2307 ἐνεδυσάμεθα.
269 2270 446 2305 δερματίνους
464 2269 592 2304 χιτῶνας,
608 2270 649 2295 ἵνα
665 2270 724 2295 ἀντὶ
740 2269 842 2296 τούτων

55 2318 94 2344 τὸν
108 2316 228 2352 Χριστὸν
248 2314 408 2342 ἐνδύσασθαι
418 2315 585 2351 δυνηθῶμεν.
600 2315 649 2341 Διὰ
661 2314 739 2341 τοῦτο
752 2315 797 2341 καὶ
809 2315 843 2342 τὰ

56 2364 147 2398 ἱμάτια
161 2362 322 2398 μερίζεσθαι
339 2361 479 2396 ὑπομένει,
489 2362 531 2388 ῖνα
548 2362 628 2397 ἡμεῖς
638 2361 682 2388 τὸν
693 2361 726 2388 ὲκ
737 2361 842 2396 Πατρὸς

55 2410 196 2444 αμέριστον
212 2408 319 2443 ἔχωμεν
328 2407 413 2441 Λόγον
426 2416 432 2422 ·
448 2416 458 2433 ‹
479 2407 550 2440 Ἐγὼ
559 2407 612 2442 γὰρ
626 2407 672 2433 καὶ
684 2407 698 2433 ὁ
715 2406 837 2442 [lari-)9,»

893 930 956 954 tuus
971 931 1023 959 est,
1039 932 1067 954 ut
1081 935 1141 960 nos,
1155 929 1201 963 qui
1216 933 1310 963 utpote
1325 930 1449 958 homines
1473 933 1678 966 moriebanturI

893 971 1094 1005 deiﬁcaremur,
1108 981 1195 1008 neque
1211 975 1307 1001 mortis
1323 983 1434 1010 regnum
1448 977 1518 1004 ultra
1529 979 1680 1006 sustinere-

894 1025 966 1045 mus.
984 1018 1055 1046 Mors
1076 1020 1148 1046 enim
1164 1019 1243 1047 nobis
1259 1028 1313 1048 non
1328 1021 1493 1055 dominatur,
1505 1027 1534 1050 ut
1549 1025 1680 1059 apostoli-

894 1070 944 1089 cus
970 1070 1060 1090 sermo
1080 1064 1228 1098 prmdicat,
1256 1069 1397 1100 propterea
1410 1067 1564 1097 cruciﬁxus
1584 1073 1635 1102 est,
1650 1075 1679 1096 ut

894 1109 1068 1136 maledictum
1086 1110 1243 1143 redimeret,
1259 1116 1285 1139 et
1298 1120 1348 1140 nos
1365 1113 1578 1142 benedictionem
1595 1116 1679 1144 haere-

894 1155 977 1182 ditate
992 1156 1188 1190 acciperemus.
1213 1157 1273 1192 Ipse
1300 1167 1416 1195 namque
1435 1168 1497 1188 cum
1519 1167 1658 1197 pateretur
1671 1184 1679 1196 ,

894 1202 1050 1230 nullatenus
1066 1203 1233 1237 lzedebatur;
1259 1205 1314 1233 imo
1335 1207 1425 1241 potius
1451 1207 1522 1235 dona
1545 1209 1678 1244 largieba-

895 1251 940 1274 tur
953 1257 959 1274 :
980 1252 1007 1275 et
1021 1249 1151 1281 moriens,
1164 1254 1289 1278 mortuus
1303 1259 1356 1278 non
1369 1253 1510 1286 remansit,
1525 1255 1571 1283 sed
1590 1257 1680 1291 potius

895 1297 1017 1321 mortuos
1032 1295 1181 1323 virilicabat
1197 1306 1202 1322 :
1219 1305 1269 1324 nec
1285 1297 1438 1327 immolatus
1453 1301 1544 1335 periit.
1567 1303 1614 1330 sed
1629 1303 1681 1330 im-

895 1340 1050 1368 molationis
1070 1349 1126 1368 sua:
1143 1343 1275 1377 sanguine
1289 1352 1382 1372 omnes
1402 1354 1515 1382 prorsus
1539 1349 1678 1382 liberavit.

896 1386 1007 1422 ipseque
1022 1388 1123 1416 mansit
1138 1389 1303 1424 impatibilis.

931 1532 974 1559 12.
996 1533 1137 1566 Quomodo
1147 1537 1237 1562 autent
1250 1535 1276 1562 id
1290 1534 1389 1563 factum
1406 1537 1442 1564 sit
1456 1538 1480 1565 si
1492 1539 1553 1573 quis
1565 1544 1678 1574 quaerat,

895 1577 997 1605 audiat.
1014 1578 1132 1605 Duarum
1148 1579 1174 1606 in
1187 1587 1219 1607 eo
1231 1588 1321 1607 rerum
1332 1589 1483 1609 concursus
1497 1583 1563 1616 fuit;
1576 1592 1678 1617 rerum,

895 1623 1017 1658 inquam,
1031 1632 1086 1651 non
1103 1625 1263 1659 mqualium,
1288 1627 1333 1653 sed
1348 1635 1408 1661 qua:
1423 1629 1496 1655 nullo
1511 1629 1592 1656 modo
1605 1638 1680 1657 com<

894 1670 985 1705 parari
1004 1674 1125 1705 possent.
1150 1670 1262 1699 Mortale
1281 1673 1379 1708 quippe
1397 1674 1541 1702 immortali
1565 1676 1678 1711 compli-

894 1716 1017 1748 cabatur,
1029 1720 1055 1743 et
1068 1718 1244 1752 corruptibile
1262 1726 1362 1754 corpus
1378 1720 1575 1755 incorruptibili
1592 1721 1681 1749 Verbo

894 1762 1016 1790 coluesit.
1031 1761 1123 1797 Neque
1141 1767 1232 1790 tamen
1251 1763 1288 1796 id,
1306 1766 1378 1799 quod
1395 1766 1509 1793 nio-tale
1522 1770 1589 1797 erat,
1611 1766 1680 1794 lmsit

894 1808 960 1835 illud
983 1807 1056 1843 quod
1077 1809 1253 1836 immortale:
1281 1810 1448 1845 impaSsibile
1474 1811 1572 1846 quippe
1599 1817 1678 1839 erat:

894 1857 1036 1888 morteque
1047 1854 1130 1886 victa,
1154 1855 1240 1890 magis
1265 1856 1433 1891 impassibile
1449 1859 1579 1885 remansit
1593 1869 1598 1885 ;
1616 1867 1679 1885 nam

893 1908 924 1927 ea
943 1909 1003 1936 qua:
1022 1901 1144 1934 vincunt,
1163 1902 1243 1930 victis
1259 1911 1365 1938 semper
1386 1904 1569 1931 dominantur.
1588 1905 1681 1939 Itaque

894 1946 930 1973 ob
945 1947 1124 1982 conjunctum
1148 1948 1301 1976 immortale
1327 1949 1463 1983 Verbum,
1485 1959 1558 1978 mors
1578 1951 1604 1978 in
1621 1952 1682 1986 ipso

895 1994 1046 2021 admirabili
1076 1994 1192 2030 quodam
1222 1996 1318 2029 modo,
1347 1997 1424 2031 quasi
1449 1998 1548 2032 stipula
1569 2005 1584 2024 a
1613 1998 1682 2025 facie

893 2040 965 2074 ignis
977 2041 1166 2068 cvanescebat.
1184 2040 1303 2068 Verbum
1331 2051 1413 2078 porro
1433 2051 1494 2070 cum
1517 2044 1682 2078 incorrupti-

894 2086 948 2114 bile
962 2090 1052 2119 esset,
1074 2094 1121 2114 sua
1146 2088 1338 2122 conjunctione
1360 2089 1386 2116 id
1413 2090 1485 2124 quod
1506 2090 1682 2124 corruptibile

894 2135 952 2159 erat
965 2132 1110 2166 adiuvabat
1124 2142 1129 2159 :
1147 2135 1264 2161 tenebrat
1281 2134 1352 2161 enim
1366 2135 1488 2162 alumine
1501 2135 1680 2166 illustrantur,

895 2183 920 2205 et
933 2179 1005 2213 quod
1026 2179 1117 2206 minus
1132 2184 1184 2210 est,
1206 2188 1221 2206 a
1241 2181 1344 2214 majore
1359 2181 1536 2208 benedicitur.
1558 2181 1683 2215 Quapro-

859 2238 880 2269 υ
895 2228 954 2260 pter
967 2224 1023 2259 jam
1037 2232 1051 2251 a
1065 2226 1239 2253 carniﬁcibus
1249 2227 1358 2253 exuitur
1372 2228 1497 2261 pelliceas
1511 2232 1610 2257 vestes.
1620 2227 1683 2261 qui-

896 2270 947 2298 bus
960 2271 988 2296 in
1000 2270 1104 2297 Adamo
1117 2270 1203 2297 induti
1229 2279 1336 2302 sumus,
1356 2277 1385 2298 ut
1406 2279 1499 2298 earnm
1524 2272 1584 2298 loco
1601 2271 1682 2297 Chri-

897 2320 968 2343 stum
997 2317 1110 2344 induere
1137 2317 1284 2350 possimus.
1312 2317 1410 2345 Eadem
1430 2319 1492 2345 item
1524 2319 1556 2345 de
1576 2326 1680 2349 causa,

895 2362 1057 2389 vestimenta
1069 2369 1119 2388 sua
1132 2361 1214 2389 dividi
1230 2363 1342 2397 patitur,
1355 2368 1383 2390 ut
1399 2371 1447 2390 nos
1455 2362 1573 2390 Verbum
1584 2363 1682 2389 indiri-

896 2406 975 2434 sibile
993 2414 1026 2434 ex
1043 2406 1123 2435 Patre
1138 2408 1290 2442 procedens
1308 2409 1476 2436 habeamus:
1494 2417 1568 2440 nam,
1586 2418 1595 2434 ι
1615 2408 1680 2444 Εεοι

83 2499 106 2515 ⁸⁸
126 2498 248 2533 Philipp.
267 2505 305 2528 ιι,
321 2497 348 2524 8.
384 2496 410 2512 ’⁸⁸
426 2495 515 2524 Galat.
534 2504 581 2529 Ill,
600 2496 644 2522 l5.
683 2495 704 2511 ⁸⁷
725 2495 842 2530 Philipp.

897 2517 898 2523 η
918 2495 961 2523 l5.

86 2576 142 2610 (64)
159 2575 199 2602 Ita
211 2575 331 2602 maxima
348 2582 412 2609 pars
427 2573 582 2610 msstEditi
598 2581 674 2610 vero,
696 2572 841 2610 assuage.

155 2611 184 2637 In
199 2610 273 2636 Felc.
288 2607 357 2645 2,νεὶ
376 2609 482 2644 Anglic.
497 2609 525 2645 2,
543 2609 590 2641 ὡς,
606 2609 693 2645 deest.
709 2607 841 2645 Μοχιᾶν-

54 2643 170 2680 opum,
185 2647 263 2673 abest
279 2654 293 2671 a
319 2643 435 2680 BasilLI’.
462 2644 573 2680 Ibidem,
594 2643 743 2678 πάσχοντα,
763 2643 842 2680 abest

54 2678 85 2707 ab
96 2682 202 2715 Anglic.
216 2681 244 2707 ‘2.
267 2679 376 2710 Ibidem,
393 2678 465 2706 Fele.
480 2679 508 2709 2.
522 2679 714 2715 κατασκευάσῃ
729 2678 842 2715 και-πε-

55 2713 190 2751 πείραται,
216 2715 316 2751 multis
333 2715 452 2746 omissis,
475 2715 507 2740 δι’
531 2713 740 2749 ὁμοιοτὲλευτον.
768 2713 839 2746 Mox,

55 2750 157 2786 Anglic.
174 2751 203 2783 2,
219 2750 411 2786 ἀναλλάξηται.

87 2784 142 2821 (iiii)
161 2786 266 2821 Regius
285 2790 312 2812 et
327 2785 432 2821 Anglic.
446 2784 512 2821 με,
526 2786 646 2821 Ῠγενήτῳγ.

88 2819 141 2861 (67)
154 2819 229 2862 Ρειᾷ.
252 2820 280 2851 2,
298 2819 376 2881 ἡμῶν
392 2819 438 2845 καὶ
456 2820 537 2846 αὑτοῦ
555 2821 596 2847 οὺ.
621 2820 679 2848 Mox
703 2821 729 2848 in
745 2820 839 2848 eodem

93 2865 117 2881 in
132 2857 287 2881 Annhcano
323 2875 329 2881 .
342 2854 379 2881 δέ.
398 2854 483 2881 deest.

56 2860 79 2882 et
92 2856 117 2884 in
132 2854 287 2892 Anglicum)
301 2854 329 2889 ‘2,
342 2854 379 2886 δέ,
398 2854 483 2882 deest.

941 2571 986 2605 68)
1003 2571 1084 2599 Οὐδὲν
1095 2572 1245 2608 ἐχαρίζετο.
1260 2572 1362 2608 Regius
1373 2578 1399 2601 et
1415 2573 1496 2602 Basil.
1515 2575 1540 2601 1.

942 2581 986 2605 οδ)
1003 2581 1084 2613 υυοεν
1095 2581 1245 2634 exaggera.
1257 2581 1362 2614 ~rteglus
1373 2581 1399 2601 et
1415 2581 1496 2615 ttasu.
1515 2581 1540 2601 1.

942 2608 986 2644 69)
1002 2608 1112 2644 Anglic.
1151 2629 1173 2644 _,
1187 2609 1345 2644 dmodum.
1371 2609 1489 2644 Regius,
1520 2610 1680 2639 ἀπώλλοιτο.

895 2643 977 2680 Edriti.
995 2642 1132 2680 ξιπιιίξλυτοἶ
1150 2642 1222 2680 Inira
1240 2642 1447 2680 ΒοείΙηΠῶςδὲ
1465 2645 1543 2671 τοῦτο
1565 2646 1680 2680 γένοιτο.

930 2678 985 2713 (70)
995 2677 1104 2713 Regius,
1118 2677 1224 2713 Anglic.
1238 2679 1374 2706 secundus
1385 2685 1410 2706 et
1419 2680 1489 2707 Felc.
1502 2680 1529 2710 2,
1543 2677 1681 2713 admota.

895 2710 1021 2750 Editiiév
1033 2710 1129 2750 iro-itur.
1145 2710 1258 2746 Ibidem,
1269 2714 1436 2750 Anglicanus
1447 2720 1473 2743 et
1487 2715 1643 2745 Felckman.
1651 2710 1681 2749 Ξ,

895 2748 1034 2783 γεγονέναι
1052 2747 1168 2775 σύνοδον.

930 2783 986 2816 (71)
999 2783 1164 2817 Anglicanus
1175 2783 1202 2815 2,
1217 2783 1342 2810 ἀθανάτω
1353 2785 1426 2818 λόγῳ
1444 2795 1501 2813 συν.

932 2813 1174 2860 (Ἡλέλιῖειίςτςιιιιιξ
1194 2813 1264 2860 Ξᾏρῐ
1285 2819 1356 2860 Flzlc.
1382 2813 1582 2857 é,.ﬁzga‘lt§510.
1610 2821 1681 2856 Mox,

896 2853 1065 2889 παραδόξως,
1078 2855 1153 2881 dccsl
1170 2855 1195 2881 in
1211 2853 1278 2885 Fclc.
1302 2856 1327 2882 5.
