1915 3057
225 97 278 125 2θῖ

788 93 819 122 S.
835 92 1066 120 ATHANASIUS.
1087 107 1123 111 —
1142 91 1255 119 DL'BIA.

1832 93 1885 121 208

227 152 326 187 lnquit,
341 156 367 178 et
379 151 458 178 Pater
480 159 563 178 unum
590 158 685 178 sumus
699 150 731 177 “‘.
753 161 761 176 ι
786 150 966 183 Quamobrem
986 150 1010 176 iu

1069 149 1157 184 φησιν,
1177 158 1186 173 ι
1205 149 1234 175 ἓν
1250 149 1342 184 ἐσμεν.
1364 159 1373 174 ›
1390 149 1437 175 Διὰ
1454 149 1532 176 τοῦτο
1545 150 1598 176 καὶ
1620 149 1823 185 λαγχάνουσιν
1836 154 1882 179 ἐπὶ

229 203 330 226 vestem
348 203 447 224 sortem
467 197 594 228 mittunt,
611 197 682 231 quod
699 197 744 223 ille
769 197 902 231 patienter
927 195 1013 230 negli-

228 244 276 278 git,
294 247 324 269 ut
338 250 398 269 sors
414 246 441 269 et
454 242 598 269 hzereditas
616 245 709 269 nostra
722 242 757 269 sit
772 241 898 268 Christus
909 262 916 274 ,
931 245 960 267 ut
976 240 1013 266 ait

228 288 371 316 Psalmista
389 297 395 314 :
415 296 424 312 ι
441 287 572 314 Dominus
582 295 645 322 pars
657 286 824 314 haereditatis
843 294 908 313 mea:
925 291 951 313 et
964 294 1012 312 ca-

228 335 286 361 licis
301 334 353 360 mei
369 333 401 360 ‘9.
419 343 428 359 ι
443 332 533 366 Quare
547 341 601 360 non
618 333 682 359 alibi
695 333 808 367 patitur,
818 340 871 359 non
884 331 937 359 alio
953 332 1012 359 loco

227 380 301 406 cruci
316 379 441 414 anigitur,
457 387 538 414 quam
555 380 581 405 in
601 379 732 405 Calvarizc
747 378 807 406 loco
819 398 826 409 ,
856 386 935 413 quem
960 377 1012 406 Ile-

227 425 360 451 braaorum
376 425 499 460 magistri
523 425 598 451 aiunt
611 424 695 452 fuisse
712 424 807 451 Adami
833 425 987 460 sepulcrum
1003 433 1009 450 :

230 470 265 497 ibi
295 478 413 505 namque
444 470 519 497 illum
547 474 609 505 post
636 470 850 498 maledictionem
877 471 1010 505 sepultum

228 515 314 542 fuisse
332 518 500 542 asseverant.
517 514 594 547 Quod
611 515 634 542 si
650 515 686 542 ita
700 523 728 542 se
749 523 793 543 res
808 515 891 542 habet
903 535 910 547 ,
928 515 1012 542 miror

226 560 286 594 ejus
303 561 354 587 loci
378 560 579 595 proprietatem.
612 560 737 595 Opurluit
758 562 830 589 enim
846 561 986 588 Christum
1001 580 1008 592 ,

227 612 288 631 cum
304 605 420 639 primum
437 605 567 631 Adamum
593 613 726 633 renovare
747 607 844 638 vellet,
868 607 895 632 in
909 614 942 634 eo
955 606 1010 641 pati

229 650 297 681 loco,
313 654 342 676 ut
365 649 425 683 ejus
450 649 553 676 abolito
570 655 701 684 peccato,
731 651 765 678 ab
790 651 917 678 universo
946 651 1011 678 illud

228 696 366 722 hominum
375 703 472 730 genere
480 695 612 728 auferret;
626 700 652 723 et
667 704 729 723 cum
741 697 888 724 audivisset
903 697 988 724 Adam
1002 706 1008 725 :

231 750 240 765 ι
258 740 341 767 Terra
353 749 400 774 es,
417 745 444 768 et
461 741 488 768 in
505 746 604 768 terram
623 743 766 770 reverteris
779 743 802 758 ⁵ο
815 762 822 774 ,
843 752 852 768 ι
872 743 932 769 ideo
955 742 1010 769 illic

228 786 489 821 69reponeretur,
516 791 546 813 ut
569 787 668 814 ibidem
693 787 824 814 Adamum
850 787 1008 819 inveniens,

1064 194 1108 220 τὸν
1120 193 1230 228 χιτῶνα,
1245 194 1291 220 καὶ
1302 193 1379 220 τοῦτο
1390 194 1500 228 πάσχων
1511 194 1630 229 παρορᾷ
1647 194 1726 228 (7⁵5),
1741 195 1788 221 ἵνα
1803 196 1882 230 ἡμῶν

1063 238 1162 274 κλῆρος
1188 239 1202 264 ὁ
1225 239 1341 273 Χριστὸς
1367 239 1491 273 γένηται,
1509 239 1607 270 καθὼς
1624 239 1677 265 καὶ
1698 241 1714 266 ὸ
1729 239 1882 275 ψαλμῳδός

1063 292 1147 320 φησι·
1163 294 1171 310 ι
1193 284 1293 319 Κύριος
1319 285 1398 320 μερὶς
1413 285 1462 320 τῆς
1476 285 1674 320 κληρονομίας
1689 294 1745 320 μου
1768 287 1819 312 καὶ
1833 286 1880 312 τοῦ

1063 330 1192 366 ποτηρίου
1211 338 1271 365 μου.
1290 339 1299 356 ι
1311 330 1390 356 Ὅθεν
1401 330 1461 357 οὐδὲ
1474 330 1594 365 ἀλλαχοῦ
1615 331 1741 365 πάσχει,
1759 331 1823 358 οὐδὲ
1840 333 1882 363 εἰς

1063 376 1141 403 ἄλλον
1151 376 1233 403 τόπον
1249 376 1423 412 σταυροῦται,
1437 377 1453 412 ἢ
1467 377 1506 408 είς
1522 376 1567 403 τὸν
1585 377 1727 412 Κρανίου
1741 377 1839 410 τόπον,
1851 378 1881 404 ὃν

1069 422 1200 458 Ἐϐραίων
1210 423 1234 449 oi.
1248 422 1402 449 διδάσκαλοί
1418 431 1482 456 φασι
1503 421 1549 448 τοῦ
1573 422 1676 457 ’Δδάμ
1691 420 1877 457 εἶναιτάφον.

1069 469 1141 494 Ἐκεῖ
1156 468 1210 504 γὰρ
1234 468 1314 495 αὐτὸν
1328 468 1395 503 μετὰ
1414 467 1464 503 τὴν
1478 467 1606 503 κατάραν
1617 467 1769 503 τεθάφθαι
1785 468 1878 495 διαῦε-

1063 513 1210 540 ὕαιοῦνται.
1230 514 1317 548 Ὅπερ
1331 515 1356 540 εἰ
1370 513 1455 545 οὕτως
1471 513 1537 548 ἔχει,
1556 513 1707 549 θαυμάξω
1723 515 1776 541 τοῦ
1792 515 1878 540 τόπου

1061 558 1109 594 τὴν
1122 558 1274 594 οἰκειότητα
1289 559 1353 595 (74).
1370 559 1443 585 Ἔδει
1452 559 1506 595 γὰρ
1514 559 1558 585 τὸν
1572 560 1702 595 Κύριον,
1716 561 1877 587 ἀνανεῶσαι

1061 604 1169 631 θέλοντα
1178 605 1222 631 τὸν
1235 605 1341 641 πρῶτον
1355 605 1449 640 Ἀδάμ,
1465 606 1493 631 ὲν
1500 605 1601 640 ἐκείνῳ
1611 605 1656 641 τῷ
1667 606 1752 641 τόπῳ
1764 606 1875 638 παθεῖν,

1062 649 1115 681 ἵνα,
1132 649 1236 676 ἐκείνου
1251 649 1321 676 λύων
1343 649 1391 686 τὴν
1414 650 1558 686 ἁμαρτίαν,
1584 651 1647 677 ἀπὸ
1664 652 1776 684 παντὸς
1788 652 1875 687 αὐτὴν

1061 694 1114 730 ἄρῃ
1128 695 1174 721 τοῦ
1186 695 1296 729 γένους·
1318 695 1365 722 καὶ
1381 695 1473 731 ἐπειδὴ
1493 696 1615 731 ἤκουσεν
1635 697 1652 723 ὁ
1675 697 1788 733 ’Δδάμ-
1805 707 1815 723 ι
1837 698 1874 733 Γῆ

1055 737 1095 774 εἴ,
1111 740 1206 771 natet;
1217 740 1268 775 γῆν
1283 741 1431 776 ἀπελεύσῃ,
1453 751 1463 766 ι
1481 741 1524 767 διὰ
1539 741 1626 769 τοῦτο
1645 743 1738 770 πάλιν
1755 744 1818 770 ἐκεῖ
1832 744 1874 770 τέ-

1061 784 1155 818 θειται,
1176 785 1219 812 ἴνα
1227 786 1271 812 τὸν
1280 786 1364 822 Ἀδὰμ
1378 786 1464 822 εὑρὼν
1477 788 1546 819 ἐκεῖ,
1554 787 1631 824 λύσῃ
1648 788 1704 824 μὲν
1716 789 1772 825 τὴν
1788 789 1874 816 κατά-

229 833 400 859 maledictum
418 832 544 864 solveret,
560 836 587 859 et
602 833 663 859 loco
684 832 756 859 illius
773 842 779 859 :
798 842 807 857 ι
827 832 912 858 Terra
929 839 969 864 es,
983 835 1010 860 et

1069 840 1120 863 mv,
1150 831 1210 858 ἀντὶ
1233 832 1261 858 δὲ
1273 832 1330 858 τοῦ·
1349 842 1358 857 ι
1377 833 1414 867 Γῆ
1429 831 1463 864 εἴ,
1477 834 1524 860 καὶ
1549 834 1591 865 εὶς
1605 834 1664 870 γῆν
1677 835 1839 870 ἀπελεύσῃ,
1861 845 1870 860 ι

228 879 255 905 in
279 883 378 905 terram
406 878 568 910 reverteris;
586 888 594 903 ι
624 878 678 912 jam
701 878 821 905 diceret:
843 887 852 902 ι
870 877 1009 912 Exsurge,

228 924 273 958 qui
292 923 406 954 dormis,
424 927 450 951 ct
474 924 592 951 excitare
614 931 646 950 ex
660 924 786 957 mortuis,
798 927 825 951 et
848 923 1012 951 illuminabit

229 975 254 996 te
267 968 390 996 Christus
404 978 410 994 :
439 978 448 994 ι
464 973 491 996 et
505 977 613 996 rursum
630 979 635 995 :
656 979 666 994 ί
688 969 790 1004 Surge,
819 974 845 997 et
863 971 941 1002 veni,
968 977 1012 997 se-

227 1022 309 1050 quere
325 1022 387 1048 me;
412 1024 420 1040 |
437 1019 532 1042 utnon
551 1015 698 1042 ulteriusin
709 1020 779 1042 terra
797 1016 949 1050 reponaris.
963 1015 1010 1043 sed

227 1060 254 1087 in
269 1061 352 1088 cmlos
378 1060 520 1098 ascendas.
546 1060 663 1088 Necesse
683 1061 782 1096 quippe
807 1066 869 1093 est,
893 1062 1010 1089 excitato

228 1107 377 1139 Salvatore,
395 1106 507 1134 excitari
519 1115 580 1134 cum
597 1107 642 1134 illo
656 1107 799 1138 Adamum.
813 1115 962 1143 omnesque
978 1115 1010 1135 ex

226 1151 330 1178 Adamo
353 1152 493 1179 oriundos.
518 1153 604 1187 Atque
619 1157 659 1183 ut.
677 1156 784 1179 mortuo
813 1152 933 1183 Adamo.
960 1160 1011 1180 nos

227 1204 334 1232 quoque
356 1205 405 1232 per
417 1205 478 1224 eum
500 1197 600 1224 mortui
617 1198 811 1229 mancbamus;
839 1198 875 1224 ila
894 1198 1011 1225 excitato

228 1252 341 1278 corpore
354 1243 505 1275 Dominico,
522 1251 634 1271 necesse
650 1244 757 1271 demum
773 1249 813 1272 est
840 1252 934 1272 omnes
947 1252 1009 1272 eum

228 1291 274 1317 illo
295 1297 444 1323 resurgere.
465 1289 526 1316 Haec
545 1289 621 1316 Pauli
638 1290 771 1317 scnlentia
787 1294 847 1317 est:
866 1290 922 1317 haec
937 1290 1009 1317 enim

227 1336 322 1363 scribit
337 1335 369 1362 ad
381 1335 535 1363 Corinthios
550 1345 555 1361 :
578 1345 587 1360 ι
606 1334 672 1362 Nam
689 1335 760 1362 sicut
773 1335 800 1362 in
815 1335 901 1361 Adam
915 1343 1010 1363 omnes

228 1383 398 1414 moriuntur,
425 1383 462 1409 ita
485 1386 511 1410 et
532 1382 560 1409 in
577 1382 684 1409 Christo
715 1390 809 1410 omnes
833 1381 1010 1409 viviﬁcabun-

229 1433 271 1455 lur
285 1429 317 1455 “.
342 1438 351 1453 ι

264 1483 307 1509 15.
321 1482 381 1516 Quo
404 1487 494 1510 autem
517 1482 598 1510 modo
621 1483 696 1510 illum
714 1483 742 1510 in
765 1490 875 1510 crucem
892 1482 1007 1518 egerint,

229 1537 318 1564 operae
333 1529 449 1565 pretium
465 1530 517 1557 erit
541 1533 570 1556 ut
588 1537 620 1556 ex
638 1529 671 1556 iis
687 1537 747 1564 qua:
764 1530 864 1564 scripta
886 1533 949 1556 sunt
970 1529 1010 1556 vi-

228 1577 351 1608 deamus,
367 1584 454 1611 neque
467 1577 539 1604 enim
555 1583 587 1603 ea
604 1576 684 1603 nobis
699 1575 804 1603 inutilia
819 1575 919 1603 fuerint
936 1585 942 1602 :
960 1583 1009 1602 ne-

228 1629 280 1656 que
309 1621 425 1656 simplici
461 1621 542 1648 modo
566 1621 592 1647 in
620 1619 773 1655 Evangeliis
799 1620 930 1654 scriptum
956 1623 1008 1647 est.

228 1667 522 1702 Postquamjudicatus
536 1670 609 1694 esset
620 1666 750 1694 Dominus
760 1675 766 1696 ;
776 1666 916 1701 judicatus
930 1666 1010 1701 quip-

229 1721 262 1749 pe
278 1717 329 1743 est.
349 1717 375 1739 et
390 1716 452 1740 ante
473 1712 615 1747 praesidem
635 1712 719 1739 stetit.
746 1711 784 1739 Ne
799 1712 860 1746 quis
877 1720 935 1739 eam
953 1719 1009 1739 rem

228 1767 289 1786 esse
306 1758 401 1794 pudori
420 1758 567 1785 arbitretur
584 1767 590 1784 :
610 1761 734 1784 nostrum
751 1758 849 1792 quippe
874 1765 956 1785 causa
983 1758 1010 1784 id

229 1805 274 1831 ille
286 1811 383 1838 passus
397 1807 448 1836 est,
465 1807 494 1830 ut
509 1810 543 1830 ne
560 1803 582 1831 si
595 1810 663 1838 quas
676 1803 722 1830 ille
733 1803 846 1830 insidias
861 1810 958 1837 passus
974 1803 1010 1830 sit

230 1849 339 1877 silentio
372 1849 584 1883 praetermissum
612 1852 708 1880 esset,
736 1848 831 1874 lateret
855 1847 1009 1874 Judzcorum

230 1894 414 1928 conspiratio;
428 1893 474 1920 sed
488 1897 517 1920 ut
533 1900 565 1920 ex
576 1892 681 1927 judicio
697 1892 842 1919 manifesta
858 1892 929 1920 foret
944 1893 1011 1920 insi-

231 1940 363 1967 diantium
381 1939 525 1966 calumnia.
545 1938 572 1966 Si
598 1939 669 1966 enim
684 1939 823 1974 judicatus
845 1947 901 1966 non
915 1938 1011 1966 fuisset

231 1985 366 2016 Salvator,
381 1985 433 2011 sub
448 1984 529 2011 dubia
543 1984 700 2019 incertaque
718 1985 872 2019 suspicione
886 1984 1011 2012 latuisset

229 2030 383 2058 Iudaeorum
399 2029 529 2057 adversus
552 2037 613 2057 eum
637 2029 737 2056 invidia
753 2039 760 2063 ;
778 2037 839 2056 cum
857 2033 947 2056 autem
966 2029 1012 2064 ju.

230 2077 339 2104 dicatus
350 2077 396 2106 sit,
425 2076 451 2102 id
477 2076 578 2103 nemini
606 2075 689 2102 latere
716 2079 814 2110 potest.
841 2075 874 2102 Et
901 2075 1008 2110 quidem

229 2123 334 2150 Pilatus
363 2123 420 2157 ipse
442 2121 592 2149 Salvatoris
608 2121 791 2148 innocentiam
810 2121 1011 2155 puritatemque

1061 876 1152 904 λοιπὸν
1166 877 1230 914 εἴπῃ
1240 886 1246 892 ·
1262 887 1270 903 ι
1286 878 1407 914 Ἔγειραι
1420 879 1486 914 (75),
1498 880 1512 906 ὁ
1523 879 1686 913 καθεύδων,
1703 881 1756 907 καὶ
1765 881 1872 908 ἀνάστα

1061 923 1093 949 ἐκ
1107 923 1159 950 τῶν
1174 924 1288 959 νεκρῶν,
1304 924 1350 950 καὶ
1363 925 1507 959 ἐπιφαύσει
1521 933 1562 952 σοι
1588 927 1605 953 ὁ
1625 927 1773 962 Χριστός·
1797 936 1807 953 ι
1825 927 1871 953 καὶ

1061 969 1142 995 πάλιν
1155 978 1161 984 ·
1181 979 1190 995 ι
1213 970 1338 1002 ’Λνάσ-τα,
1357 971 1404 997 καὶ
1428 971 1516 1006 δεῦρο,
1542 971 1698 999 ἀκολούθει
1715 981 1776 1008 μοι,
1796 982 1805 998 ι
1826 973 1869 999 ἵνα

1062 1014 1160 1049 μηκέτι
1189 1015 1268 1051 τεθῇς
1289 1016 1335 1042 ἐπὶ
1360 1016 1421 1051 γῆς,
1449 1017 1506 1044 ἀλλ’
1522 1018 1551 1044 ἐν
1575 1019 1716 1053 οὐρανοῖς
1738 1019 1867 1055 ἀνέλθῃς.

1067 1060 1184 1096 ’Λνάγκη
1202 1062 1266 1096 γάρ,
1283 1062 1456 1098 ἐγειρομένου
1480 1063 1526 1090 τοῦ
1557 1064 1710 1100 Σωτῆρος,
1741 1066 1866 1099 συνεγεί-

1062 1106 1156 1141 ρεσθαι
1171 1107 1257 1142 τούτῳ
1268 1108 1313 1134 καὶ
1325 1108 1371 1134 τὸν
1391 1108 1486 1143 Ἀδὰμ,
1499 1109 1545 1135 καὶ
1558 1110 1673 1142 πάντας
1688 1111 1757 1143 τοὺς
1775 1113 1808 1138 ἐκ
1820 1111 1868 1137 τοῦ

1067 1152 1152 1188 Ἀδὰμ
1175 1153 1334 1188 γενομένους
1350 1154 1417 1189 (76).
1434 1155 1488 1181 Καὶ
1506 1154 1615 1191 ὥσπερ,
1633 1156 1866 1193 ἀποθνήσκοντος

1060 1197 1107 1223 τοῦ
1124 1197 1218 1232 Ἀδὰμ,
1244 1198 1375 1234 ἐμένομεν
1386 1200 1432 1225 καὶ
1450 1200 1528 1235 ἡμεῖς
1540 1200 1572 1226 δι’
1586 1201 1678 1227 αὐτὸν
1696 1203 1805 1237 νεκροὶ,
1822 1201 1867 1227 οὖ-

1060 1252 1113 1276 τως
1125 1245 1297 1280 ἐγειρομένου
1309 1245 1355 1272 τοῦ
1369 1245 1500 1282 κυριακοῦ
1518 1247 1662 1282 σώματος,
1679 1249 1792 1285 ἀνάγκη
1808 1249 1864 1275 λοι-

1061 1289 1110 1316 πὸν
1126 1291 1229 1322 πάντας
1243 1292 1445 1327 συνεγείρεσθαι
1459 1292 1531 1328 αὐτῷ
1542 1293 1613 1328 (77).
1631 1295 1713 1330 Αὕτη
1725 1295 1775 1321 τοῦ
1790 1295 1863 1322 Παύ-

1060 1334 1105 1361 λου
1123 1336 1139 1370 ή
1159 1336 1262 1363 διάνοια
1274 1338 1421 1373 τυγχάνει·
1441 1339 1540 1374 γράφει
1562 1339 1621 1375 γὰρ
1640 1341 1805 1376 Κορινθίοις
1818 1341 1862 1367 λέ-

1060 1389 1115 1415 γων
1124 1390 1130 1396 ·
1153 1391 1161 1408 ι
1174 1382 1276 1417 ’Ὠσπερ
1290 1383 1343 1418 γάρ
1356 1384 1383 1410 ἐν
1396 1384 1434 1419 τῷ
1449 1385 1532 1421 Ἀδὰμ
1545 1386 1653 1418 πάντες
1669 1387 1861 1423 ἀποθνήσκου-

1061 1428 1200 1460 σιν,οὖτως
1208 1429 1235 1455 ἐν
1242 1429 1280 1463 τῷ
1286 1429 1394 1466 Χριστῷ
1401 1430 1499 1462 πάντες
1506 1431 1767 1468 ζωοποιηθήσονται
1777 1432 1842 1467 (78).
1849 1441 1860 1458 ι

1096 1484 1138 1511 15.
1158 1483 1220 1516 Πῶς
1233 1484 1261 1510 δὲ
1275 1484 1384 1518 ἄγουσιν
1398 1485 1477 1511 αὑτὸν
1490 1486 1535 1512 ἐπὶ
1548 1486 1597 1513 τὸν
1617 1488 1754 1524 σταυρὸν,
1773 1489 1856 1521 ἀναγ-

1060 1531 1136 1556 καῖον
1162 1530 1224 1556 ἰδεῖν
1248 1530 1282 1557 τὰ
1301 1531 1496 1567 γεγραι,ι.μ.έ.να.⁵
1525 1533 1638 1566 πάντως
1657 1534 1717 1569 (79)
1735 1534 1791 1570 γὰρ
1813 1534 1858 1560 καὶ

1059 1575 1145 1603 ταῦτα
1163 1576 1212 1602 οὐκ
1226 1577 1361 1613 ἀνωφελῆ,
1377 1577 1438 1604 οὐδέ
1455 1578 1547 1611 ἁπλῶς
1555 1580 1584 1606 ἐν
1600 1581 1661 1611 τοῖς
1679 1579 1857 1614 Εὑαγγελίοις

1060 1621 1224 1657 γέγραπται.
1252 1621 1329 1648 Μετὰ
1347 1621 1378 1647 τὸ
1400 1622 1525 1658 κριθῆναι
1540 1623 1587 1650 τὸν
1612 1624 1738 1659 Κύριον
1761 1623 1854 1660 ἐκρίθη

1060 1667 1123 1702 γὰρ,
1135 1667 1181 1693 καὶ
1189 1666 1341 1702 ἔμπροσθεν
1356 1668 1455 1702 ἐστάθη
1471 1668 1518 1695 τοῦ
1535 1669 1686 1704 ἡγεμόνος.
1699 1670 1755 1696 Καὶ
1768 1670 1804 1704 μή
1815 1677 1856 1698 τις

1061 1712 1228 1747 αἰσχυνέσθω
1248 1712 1334 1738 ταῦτα
1349 1713 1422 1747 (80)·
1442 1714 1570 1749 ὑπέμεινε
1588 1715 1646 1750 γάρ
1663 1715 1713 1742 καὶ
1733 1715 1813 1742 τοῦτο
1825 1713 1856 1740 δι’

1060 1758 1144 1792 ἡμᾶς,
1164 1757 1206 1783 ἵνα
1223 1757 1272 1791 μὴ,
1297 1757 1366 1783 κατὰ
1392 1757 1423 1784 τὸ
1451 1758 1627 1793 σιωπώμενον
1649 1758 1853 1794 ἐνεδρευθέντος

1062 1801 1116 1836 (8|)
1136 1801 1229 1833 αὑτοῦ,
1250 1801 1405 1837 κρύπτηται
1429 1803 1482 1829 τῶν
1505 1803 1641 1831 Ἰουδαίων
1661 1806 1678 1839 ἡ
1705 1803 1851 1836 ἐπιϐουλή·

1062 1847 1118 1874 ἀλλ’
1135 1848 1177 1874 ἵνα
1192 1847 1238 1874 καὶ
1257 1848 1289 1874 ἐκ
1305 1849 1421 1884 κρίσεως
1436 1849 1540 1885 φανερὰ
1558 1849 1616 1876 τῶν
1631 1848 1852 1877 ἐπιϐουλευσάν-

1061 1901 1114 1920 των
1133 1894 1150 1928 ἡ
1171 1893 1334 1927 συκοφαντία
1353 1894 1475 1929 γένηται.
1496 1895 1541 1930 Μὴ
1565 1896 1712 1931 κριθέντος
1733 1895 1788 1930 γὰρ
1806 1893 1851 1920 τοῦ

1062 1939 1194 1974 Σωτῆρος,
1211 1939 1306 1974 ἄδηλος
1321 1940 1458 1966 ὑπενοεῖτο
1471 1940 1526 1975 (82)
1542 1940 1597 1966 τῶν
1614 1941 1754 1967 Ἰουδαίων
1769 1940 1783 1966 ὁ
1793 1937 1851 1965 κατ’

1062 1984 1144 2011 αὑτοῦ
1165 1984 1260 2018 φθόνος
1270 1993 1276 2000 ·
1295 1984 1434 2020 κριθέντος
1444 1985 1472 2011 δὲ
1486 1985 1577 2018 αὐτοῦ,
1592 1986 1689 2013 λοιπὸν
1701 1985 1795 2012 οὐδένα
1807 1984 1850 2009 λα-

1062 2030 1118 2058 θεῖν
1131 2031 1216 2063 οὓτως
1232 2031 1359 2067 ἠδυνήθη.
1380 2032 1434 2058 Καὶ⁴
1448 2032 1562 2064 Πιλᾶτος
1578 2033 1630 2068 μὲν
1643 2033 1738 2065 αὐτὸς,
1756 2031 1794 2066 τῷ
1805 2029 1851 2066 μὲν

1062 2077 1167 2112 Σωτῆρι
1181 2077 1329 2112 ἐμαρτύρει
1340 2077 1371 2104 τὸ
1394 2078 1514 2104 ἀναίτιον
1535 2079 1582 2105 καὶ
1599 2079 1740 2114 καθαρόν·
1759 2076 1812 2103 τῶν
1824 2075 1850 2101 δὲ

1068 2121 1199 2148 Ἰουδαίων
1207 2121 1255 2157 τὴν
1271 2121 1413 2157 ἐπιϐουλὴν
1421 2123 1527 2158 ἐξῆγεν.
1540 2133 1548 2149 ι
1563 2124 1642 2159 ’ῌδει
1651 2125 1718 2159 γὰρ,
1733 2133 1742 2149 ι
1758 2121 1848 2157 φησὶν,

230 2172 343 2196 testatus
357 2173 408 2199 est,
420 2166 629 2202 Judworumque
642 2166 757 2194 insidias
773 2166 888 2201 aperuit.
909 2175 917 2192 ι
936 2166 1010 2193 Scie-

1069 2176 1074 2192 l
1085 2168 1125 2194 ὅτι
1133 2168 1176 2194 διὰ
1185 2167 1279 2202 φθόνον
1291 2167 1450 2203 παρέδωκαν
1463 2169 1554 2195 αὐτόν.
1568 2178 1577 2194 ι
1588 2170 1646 2196 Οὐκ
1658 2169 1692 2196 ἂν
1700 2169 1728 2195 δὲ
1738 2168 1793 2202 (85)
1802 2167 1847 2192 Πι-

230 2215 276 2242 bat
286 2214 369 2246 enim,
384 2224 394 2240 ι
405 2213 504 2248 inquit,
521 2222 530 2238 ι
543 2213 614 2248 quod
626 2221 673 2248 per
688 2213 818 2240 invidiam
834 2211 1010 2239 tradidissent

1069 2213 1143 2245 λᾶτος
1159 2213 1229 2247 ἐγνω
1245 2213 1290 2240 τὸν
1306 2213 1400 2247 φθόνον
1412 2214 1465 2240 τῶν
1487 2213 1632 2246 Ἰουδαίων,
1648 2216 1673 2241 εἰ
1689 2214 1727 2249 μὴ
1750 2211 1847 2244 ἐστάθη

230 2261 345 2288 illum".
367 2270 375 2285 ι
396 2259 450 2287 Nec
459 2259 631 2295 cognovisset
647 2258 750 2286 Pilatus
766 2257 921 2285 Judaeorum
939 2258 1010 2284 invi-

230 2309 313 2339 diam,
344 2307 396 2334 nisi
428 2305 552 2332 Salvator
579 2305 611 2331 ad
635 2305 768 2339 judicium
788 2304 918 2331 stetisset.
943 2304 1008 2331 Rem

231 2361 354 2389 magnam
376 2352 581 2386 mirabilemque
609 2349 734 2377 Salvator
751 2350 888 2384 praestitit,
902 2349 947 2384 qui
966 2353 1008 2376 ta-

1064 2260 1222 2295 κρινόμενος
1244 2261 1258 2286 ὸ
1282 2261 1388 2297 Σωτήρ.
1404 2262 1483 2295 Μέγα
1500 2263 1615 2297 πρᾶγμα
1634 2262 1681 2288 καὶ
1702 2258 1848 2296 παράδοξον

1063 2305 1169 2341 ἀληθῶς
1179 2305 1347 2340 πεποίηκενὸ
1361 2306 1472 2340 Σωτήρο
1487 2305 1595 2332 σιωπῶν
1611 2306 1735 2341 ἐνήργει,
1751 2303 1796 2330 καὶ
1812 2300 1847 2335 μὴ

1063 2349 1278 2385 ἀπολογούμενος
1303 2350 1389 2376 ἐποίει
1411 2351 1457 2377 τὸν
1480 2350 1609 2385 δικαστὴν
1635 2349 1778 2385 ὁμολογεῖν
1798 2345 1844 2379 τὴν

212 2474 214 2479 ν
268 2443 289 2458 ⁸⁸
307 2442 384 2469 Joan.
403 2450 435 2474 κ,
453 2441 497 2468 50.
535 2440 557 2456 δ’
576 2439 647 2466 Psal.
667 2447 710 2471 xv,
728 2439 754 2465 5.
792 2439 814 2454 ⁵ο
833 2438 930 2466 Genes.
949 2445 997 2470 ιιι,

1096 2438 1118 2454 ⁸¹
1139 2437 1149 2465 Ι
1165 2438 1228 2466 Cor.
1246 2447 1298 2472 xv,
1315 2439 1361 2467 22.
1398 2440 1421 2454 '"
1441 2439 1536 2468 Matth.
1553 2447 1643 2474 xxvii,
1660 2438 1704 2467 18.

270 2520 322 2556 (75)
338 2519 443 2556 ῥοιζιίοέ
458 2519 486 2551 2,
501 2523 531 2556 _el
542 2517 615 2556 Felc.
629 2516 794 2556 2,}tsptopaft.

268 2551 322 2590 (74)
338 2551 408 2582 Ροίἶι.
426 2555 454 2587 2,
468 2553 523 2590 τοῦῗ
532 2552 634 2584 πάθους
646 2551 761 2590 thy_t_)i_x.

339 2590 384 2616 Sic
395 2584 490 2625 omnes
511 2584 747 2625 fere_1uss._Editi_
762 2593 834 2619 vero,
854 2585 953 2625 ἐγειρε.
967 2584 1010 2612 ln-

232 2622 282 2656 fra',
310 2622 364 2660 μοι,
387 2628 449 2658 post
472 2623 623 2654 ἀκολούθει,
642 2622 717 2650 deest
741 2623 768 2649 in
788 2622 914 2649 omnibus
943 2628 1009 2647 mss.

233 2664 328 2687 praeter
340 2659 407 2693 Reg.

278 2695 320 2727 76)
336 2691 408 2721 Fclc.
420 2693 448 2725 2,
466 2693 636 2729 γενομένους,
649 2691 791 2729 ἐμένομεν.

279 2701 320 2727 76)
336 2701 408 2721 rete.
420 2701 448 2725 Ζ,
466 2701 636 2729 γενομενους,
649 2701 791 2753 εὲενομεν.

265 2701 320 2764 ((77)
336 2729 422 2764 Αὐτῷ,
439 2729 513 2765 deest
530 2730 556 2755 in
573 2728 644 2765 Fcic.
656 2762 662 2765 _
681 2747 687 2753 .
771 2761 777 2765 ‘
856 2760 863 2765 _
898 2759 904 2765 .
929 2759 934 2765 .

269 2759 323 2799 (78)
340 2759 597 2798 Ζωοὸτοιηθήσονται.
615 2763 644 2790 1n
656 2762 706 2790 hoc
722 2761 833 2789 verbum
848 2759 948 2788 desinit
960 2759 1011 2786 fra-

232 2804 377 2828 ﬂuentum.

1097 2514 1153 2550 (79)
1166 2515 1212 2542 Sic
1225 2514 1336 2550 Regius.
1350 2519 1378 2542 et
1389 2515 1495 2550 Anglic.
1518 2515 1588 2542 Editi
1601 2523 1675 2550 vero,
1687 2514 1784 2540 πάντα.

1096 2547 1150 2585 (80)
1167 2547 1367 2585 Regins'solus,
1383 2547 1484 2585 καΓμή
1505 2559 1546 2581 τις
1560 2549 1753 2585 ἀναγινώακων
1768 2547 1838 2579 αἰσχ.

1096 2581 1151 2620 (81)
1170 2581 1220 2611 Sic
1230 2584 1330 2620 Regius
1342 2589 1368 2612 et
1381 2581 1554 2617 Basil.;'editi
1569 2581 1631 2612 vero
1641 2581 1837 2618 ἐνεδρεύοντοςι

1061 2620 1152 2647 minus
1169 2623 1252 2647 recte.
1712 2651 1717 2652 γ
1817 2647 1822 2652 ,

1097 2655 1157 2695 (ὃῂ
1170 2654 1328 2695 Basilﬂien‘sis
1339 2657 1392 2695 εει,
1401 2654 1512 2695 Anglic;
1523 2655 1663 2695 ἐπινρεξτο.
1679 2651 1718 2692 {id
1727 2655 1836 2695 "marg;-

1062 2681 1123 2717 ncin
1138 2681 1219 2715 Basil.
1233 2681 1328 2725 ἄδηλος
1338 2689 1370 2715 ἂν
1378 2687 1412 2725 ἦν
1422 2681 1475 2715 τῶν
1494 2689 1569 2716 Ἰουδ.
1582 2689 1663 2720 Infra,
1683 2688 1710 2714 in
1727 2681 1833 2713 ΕεΙίιζὸι

1066 2725 1114 2760 μέν
1131 2730 1274 2760 utrumque
1288 2724 1373 2760 deest.

1100 2760 1154 2795 (85)
1169 2759 1213 2790 Δέ,
1225 2755 1299 2786 deest
1316 2759 1343 2785 in
1354 2758 1448 2794 Regio,
1463 2758 1569 2795 Anglic.
1587 2765 1614 2786 et
1626 2757 1696 2785 Felc.
1711 2755 1736 2781 2.
