1915 3057
39 173 84 202 209

40 230 176 265 σδσκευὴν,
201 230 250 256 καὶ
268 230 309 257 ὅτι
330 229 428 265 μᾶλλον
449 231 503 261 τοῖς
526 230 614 266 ὄχλοις
631 231 647 266 ἢ
664 231 703 266 τῷ
723 231 819 266 δικαίῳ
834 236 856 262 Α

39 277 184 303 πέπεισται.
195 274 426 310 Ἀπολογουμὲνου
436 275 485 309 μὲν
495 275 550 311 (84)
557 275 620 311 γὰρ,
630 273 663 311 ἦν
673 276 819 311 ὑπονοῆσαι

37 322 128 349 δέιλίαν
145 322 193 349 τοῦ
218 321 332 349 θανάτου
343 330 350 336 ·
369 319 523 353 σιωπῶντος
540 321 580 353 δὲ,
598 321 628 348 τὺ
645 322 758 357 στερρὸν
773 323 820 349 καὶ

37 369 80 404 τὴν
98 368 223 404 ἀνδρείαν
246 367 393 402 θαυμάσαι.
411 367 467 394 Καὶ
482 367 512 394 τὺ
526 367 612 399 οὕτως
627 367 656 393 δὲ
677 368 722 394 τὸν
737 368 820 394 Πιλᾶ-

37 423 78 440 τον
93 413 296 448 ἀπολογεῖσθαι,
319 413 394 439 οὐδὲν
408 411 442 448 ἦν
458 413 560 448 ἕτερον,
577 413 593 448 ἦ
615 412 758 439 πιστεῦσαι
774 413 820 439 τὸν

38 461 188 496 κρινόμενον
208 458 279 486 εἶναι
295 460 371 487 Θεόν.
395 458 513 494 Ἀμέλει,
528 459 686 494 κρινόμενος
702 459 754 485 ὑπὸ
770 459 821 484 Πι-

39 506 122 537 λάτου,
136 506 306 542 ἐχρημάτιζε
328 507 361 541 τῇ
384 505 478 532 τούτου
505 505 631 539 γυναικί·
648 505 692 532 ἴνα
713 506 746 540 τῇ
771 505 821 541 μὲν

42 554 119 588 σιωπῇ
133 553 183 589 τὴν
205 552 317 588 ἀνδρίαν
336 552 391 587 (85)
410 551 590 587 καταπλαγῇ·
608 551 647 587 τῷ
668 551 696 578 δὲ
715 560 822 587 χρημα-

42 598 120 634 τισμῷ
130 598 263 634 γινώσκῃ,
274 599 315 626 ὅτι
332 599 382 625 οὐκ
392 597 544 634 ἄνθρωπον,
557 597 624 624 ἀλλά
640 597 706 624 Θεὸν
722 597 818 632 κρίνει.

49 645 171 680 Ἐφοόἠθη
193 643 241 672 οὖν
261 646 276 672 6
292 644 392 680 κρίνων
412 644 457 671 τὸν
473 645 643 680 κρινόμενον,
658 644 706 670 καὶ
722 644 822 680 μᾶλλον

43 691 112 722 αὖτδς
132 691 255 728 ἐκρίνετο
272 690 311 727 τῷ
335 691 411 726 φόϐῳ
432 690 480 718 τοῦ
503 691 663 727 κρινομένου
682 690 699 726 ἤ
721 691 822 726 κρίνων

44 737 112 769 αὐτὸς
123 729 294 774 κατὲπληττε
316 738 362 764 τὺν
387 737 498 773 Κύριον.
515 737 560 764 Διὸ
579 738 626 764 καὶ
645 737 755 772 ἐνίψατο
773 737 822 770 τὰς

43 784 125 818 χεῖρας
142 783 247 818 λέγων·
268 793 279 810 ‹
305 783 406 815 Ἀθῶός
423 784 481 819 ειμι
497 784 552 811 ἀπὸ
565 784 612 811 τοῦ
631 784 746 820 αἵματος
759 784 821 811 τού-

42 836 95 854 του·
109 839 118 856 ι
136 830 159 856 εί
170 830 217 856 καὶ
230 829 354 866 ὕστερον,
369 829 489 866 κινηθεὶς
500 830 556 865 (86)
566 831 600 866 τῇ
615 830 670 857 τῶν
689 830 822 857 Ἰουδαίων

43 875 109 911 φιλίᾳ
128 876 295 912 συνέδραμεν
315 877 405 908 αὐτοῖς
427 875 646 903 ἐπιϐουλεύουσιν
658 886 664 892 ·
682 876 752 904 ὥστε
775 877 822 904 καὶ

42 922 76 953 εἰς
93 922 205 958 σταυρὸν
229 922 312 950 αὑτὸν
335 923 511 959 παραδοῦναι.
534 923 713 959 Παραδίδοται
734 923 822 951 τοίνυν

42 968 54 993 6
76 968 175 1005 Σωτὴρ,
201 969 249 996 καὶ
272 969 445 1005 παραδοθεὶς,
469 970 499 996 οὐ
524 969 678 1005 κατέπτηξε
701 969 756 1005 (87)
777 970 822 997 τὸν

43 1014 156 1046 θάνατον,
186 1015 255 1042 ἀλλὰ
271 1016 320 1042 καὶ
348 1015 448 1051 μᾶλλον
474 1015 627 1043 ἀπεδύσατο
646 1016 714 1053 πρδς
730 1017 821 1048 αὑτὸν,

44 1060 84 1086 καὶ
101 1061 191 1088 ἐδίωκε
214 1062 351 1096 φεύγοντα
365 1062 410 1089 τὸν
432 1062 503 1097 ὅφιν.
526 1063 563 1089 Οὐ
587 1062 641 1099 γὰρ
654 1063 691 1095 ὡς
706 1063 824 1099 ἀποθνή-

45 1114 110 1133 σκων
127 1104 160 1143 ἦν
184 1108 199 1134 6
221 1108 337 1144 Κύριος,
358 1108 465 1141 ἀλλ’ὡς
484 1109 531 1136 τὸν
556 1108 670 1136 θάνατον
686 1110 726 1141 εἰς
745 1108 824 1135 τοῦτο

44 1151 148 1180 διώκων.

78 1282 117 1310 14.
139 1283 220 1312 Ἔνθα
240 1284 274 1320 δὴ
298 1285 313 1311 6
335 1285 450 1319 δείλαιος
469 1287 605 1319 διάϐολος,
633 1287 773 1324 θεωρήσας
795 1288 825 1314 τὸ

48 1329 109 1356 κατά
123 1330 232 1357 Πιλᾶτον
249 1331 307 1366 (88)
324 1331 426 1368 θαῦμα,
446 1334 486 1359 ὃτι
507 1333 606 1369 μᾶλλον
626 1335 640 1360 6
659 1334 758 1369 κρίνων
774 1334 791 1370 ἦ
811 1335 826 1360 6

50 1376 194 1411 κρινόμενος
211 1378 490 1415 κατέπτηξεννόρῶν
505 1379 533 1406 δὲ
558 1379 606 1406 καὶ¹
624 1379 673 1414 τὴν
691 1379 760 1414 μετά
777 1387 827 1406 πε-

51 1421 185 1457 ποιθήσεως
205 1423 293 1451 αὐτοῦ
321 1424 368 1451 νῦν
397 1425 544 1457 ἀπόδυσιν,
571 1426 661 1453 πάντα
685 1425 825 1461 πειράζειν

52 1466 195 1502 ἐσπούδαζε,
214 1470 376 1505 βουλόμενος
392 1470 504 1504 γνῶναι,
516 1471 531 1497 ὃ
550 1471 682 1508 πρότερον
695 1471 745 1497 οὐκ
760 1471 823 1505 ἠδυ-

52 1513 119 1549 νήθη,
133 1516 268 1552 πειράζων
292 1516 371 1543 αὑτὸν
388 1517 416 1543 ἐν
436 1516 475 1552 τῷ
496 1517 564 1552 ὄρει,
582 1517 687 1552 μαθεῖν,
703 1518 727 1544 εί
750 1514 826 1549 οὗτός

53 1559 114 1586 ἐστιν
126 1562 139 1587 6
155 1561 217 1594 Υἱὸς
240 1561 292 1589 τοῦ
315 1562 391 1589 Θεοῦ.
410 1562 477 1589 Τότε
501 1561 719 1598 καταισχυνθεὶς,
736 1562 826 1597 ἐτήρει

52 1604 90 1631 τὸν
101 1607 143 1633 τοῦ
164 1607 278 1635 θανάτου
296 1608 390 1644 καιρόν
401 1617 408 1623 ·
431 1608 558 1644 νομίζων,
576 1608 616 1634 ὅτι
635 1608 664 1634 ἐν
687 1605 709 1642 ᾧ
723 1608 827 1640 πάντας

54 1651 276 1686 καταδεδουλιὶαει,
292 1653 420 1680 δύνασθαι
438 1654 484 1680 καὶ
503 1654 532 1680 ἐν
549 1653 587 1689 τῷ
607 1653 714 1688 θανάτῳ
733 1654 826 1680 τοῦτον

54 1698 177 1733 πειράσαι.
193 1700 351 1736 Γέγραπται
371 1700 426 1736 γὰρ
444 1700 519 1736 παρά
538 1699 577 1735 τῷ
591 1701 693 1736 Λουκᾷ,
712 1700 752 1727 ὅτι
767 1709 827 1727 συν-

54 1744 151 1778 τελέσας
165 1747 251 1774 πάντα
267 1747 422 1783 πειρασμὸν
433 1749 446 1774 6
459 1747 590 1780 διάὸολος,
602 1748 707 1783 ἀπέστη
722 1748 768 1775 ἀπ’
779 1748 828 1774 αὐ-

55 1789 93 1816 τοῦ
104 1791 161 1826 ἀχρι
175 1793 281 1828 καιροῦ.
301 1790 384 1825 Οὗτος
400 1794 428 1820 δέ
443 1794 515 1820 ἐστιν
534 1795 635 1825 ἐκεῖνος
652 1795 666 1821 ὁ
680 1794 784 1830 καιρὸς,
799 1795 828 1821 ἐν

55 1832 74 1868 ᾧ
90 1838 131 1864 καὶ
149 1839 226 1871 αὐτὸς
246 1840 260 1865 6
290 1839 416 1874 πολέμιος
430 1840 578 1874 ἐγίνωσκεν
593 1840 689 1866 ἑαυτὸν
704 1849 828 1867 καταπα-

56 1882 204 1918 τηθήσεσθαι
229 1886 283 1912 ὑπὸ
305 1886 428 1919 πάντων,
451 1888 475 1913 εἰ
502 1886 550 1913 καὶ
572 1886 666 1913 τούτου
687 1886 826 1913 διαπέσοι-

60 1929 125 1962 μόνον
135 1931 185 1967 γὰρ
200 1931 280 1958 τοῦτο
298 1931 372 1967 αὐτῷ
388 1932 574 1968 περιελείπετο
589 1932 680 1958 λοιπὸν
693 1932 724 1958 τὸ
738 1930 827 1965 ἆθλον,

59 1974 151 2002 πάντων
162 1977 341 2013 γυμνωθέντι.
355 1977 401 2004 Διὸ
414 1978 465 2004 ’καὶ
483 1978 572 2004 πάντα
587 1979 658 2004 ποιεῖ
671 1976 718 2003 τοῦ
734 1976 829 2012 μαθεῖν

59 2019 145 2055 ἱνεκεν,
164 2023 188 2049 εί
203 2021 281 2056 οὗτός
305 2024 379 2050 ἐστιν
399 2024 413 2049 6
433 2023 546 2059 Σωτήρ·
564 2023 611 2051 καὶ
634 2022 713 2050 τοῦτο
731 2023 828 2055 ἐποίει,

62 2065 108 2099 im,
131 2069 174 2096 ἐὰν
193 2069 279 2102 ὅντως
302 2070 366 2106 περὶ
391 2069 473 2096 αὐτοῦ
499 2069 590 2105 μάθῃ,
619 2069 688 2105 μηδὲ
707 2069 830 2106 τολμήσῃ

64 2113 208 2148 προσελθεῖν,
232 2115 312 2148 εἰδὼς
339 2115 387 2151 τὴν
407 2115 553 2152 ἀπρόσιτον
575 2115 623 2142 καὶ
644 2114 720 2141 θείαν
746 2114 829 2142 αὐτοῦ

65 2155 164 2194 δύναμιν.
184 2161 212 2188 '0
227 2162 256 2189 δὲ
273 2161 387 2198 Κύριος,
412 2162 520 2198 θεωρῶν
542 2161 622 2188 αὐτοῦ
642 2161 691 2197 τὴν
713 2170 831 2198 πανουρ-

67 2201 123 2236 γίαν,
143 2205 180 2233 ὅτι
204 2207 233 2233 οὺ
258 2209 326 2243 τιμῇ
354 2209 388 2243 τῇ
413 2207 481 2243 πρὸς
502 2206 593 2239 αὑτὸν,
615 2205 683 2233 ἀλλά
706 2206 756 2241 τῆς
775 2205 830 2232 τῶν

68 2247 193 2284 ἀνθρώπων
207 2253 289 2289 χάριν
302 2252 423 2284 δουλείας
438 2252 551 2289 ἐθήρευε
566 2251 654 2285 τοῦτο,
671 2252 714 2278 ἵνα
732 2260 830 2288 τυραν-
847 2267 867 2294 D

70 2294 119 2330 νεύῃ
134 2298 198 2325 κατά
216 2299 336 2331 πάντων,
352 2299 510 2334 ὐπέκρυπτε
525 2299 574 2334 τὴν
590 2298 687 2325 ἑαυτοῦ
704 2298 828 2334 θεάτητα,

72 2340 106 2366 καὶ
129 2343 162 2374 ὡς
184 2345 326 2381 ἄνθρωπος
354 2345 541 2372 ἐπολιτεύετο·
566 2345 626 2376 ἵνα,
646 2345 684 2377 ὡς
709 2344 769 2380 Θεῷ
793 2345 830 2380 μὴ

73 2388 209 2423 προσελθὼν,
225 2390 334 2427 ἀπαθὴς
351 2391 465 2427 ἀπέλθῃ,
484 2391 541 2418 ἀλλ’
557 2392 595 2423 ὼς
616 2391 759 2427 ἀνθρώπου
779 2398 830 2416 κα-

72 2437 226 2471 ταφρονήσας,
244 2437 390 2474 προσέλθῃ,
417 2437 464 2465 καὶ
487 2437 580 2464 λοιπὸν
604 2437 657 2464 ὑπὸ
681 2436 831 2473 ἀνθρώπων

74 2477 165 2515 ἄρξηται
178 2483 402 2517 καταπαίζεσθαι.
425 2484 481 2511 Kal
496 2484 590 2520 ὥσπερ
606 2484 639 2511 ἄν
655 2492 707 2516 τις,
726 2484 772 2510 τὸν
785 2484 831 2510 ἀν-

73 2523 162 2554 τίπαλον
191 2530 270 2557 αὑτοῦ
298 2531 409 2567 θεωρῶν
439 2531 683 2566 καταπτήσσοντα,
716 2531 762 2557 καὶ
788 2530 832 2557 διὰ

72 2569 136 2598 τοῦτο
150 2573 332 2611 ἀποφεύγοντα
354 2577 457 2609 λοιπὸν,
477 2576 617 2604 ἀσθένειαν
640 2575 832 2612 σχηματίζοιτο

101 2650 120 2667 ⁵’
135 2651 222 2683 Matth.
235 2664 320 2691 xxv",
334 2657 379 2685 24.
419 2657 442 2673 ⁸⁸
462 2656 527 2684 Luc.
547 2665 584 2690 IV,
603 2657 646 2683 13.

103 2725 140 2761 (84

103 2731 150 2799 (διζ
162 2732 225 2773 Μέν,
243 2733 317 2762 abest
328 2734 363 2761 ab
376 2734 537 2769 Anglicano.

103 2763 141 2797 (8⁵
162 2765 270 2804 Regius,
282 2769 402 2804 ἀνδρίαν,
420 2769 453 2796 ad
466 2770 537 2796 hanc
556 2776 649 2796 vocem
664 2769 770 2796 variant
782 2768 838 2796 fere

75 2802 165 2858 ﬁt?”
177 2802 295 2836 codices;
307 2802 417 2840 aliique,
430 2804 566 2840 ἀνδρείαν,
587 2803 643 2836 alii,
658 2803 777 2839 ἀνδρίαν,
791 2804 839 2830 ha—

107 2868 244 2909 .BASjl.
259 2874 310 2902 alia
324 2882 418 2905 manu,
435 2874 563 2909 νικηθείς.

105 2902 151 2940 (⁸⁷)
162 2904 197 2934 lla
210 2907 304 2945 Regius
322 2915 349 2938 et
363 2902 528 2938 Basiliensis.
544 2902 649 2946 Anglic.
669 2916 743 2943 vero,
759 2908 839 2936 κατέ-

162 2732 225 2769 yév,
243 2733 317 2762 abest
328 2734 363 2761 ab
371 2713 537 2769 “Anglicano.

543 172 585 198 DE
602 172 770 200 PASSXOSE
789 171 832 199 ET
853 172 967 200 CRUCE
988 171 1113 200 DOMlNl.

1602 172 1656 199 210

871 231 967 262 cendo,
984 239 1034 258 nec
1056 230 1257 265 respondendo,
1273 239 1306 259 eo
1326 231 1446 265 judieem
1469 231 1610 266 compulit,
1628 237 1656 257 ut

871 276 1101 310 conspirationem
1120 275 1283 308 declararet,
1297 279 1324 303 et
1348 275 1479 304 fateretur
1493 284 1554 304 sese
1567 276 1656 304 turbis

872 323 958 357 magis
975 330 1056 358 quam
1079 322 1196 357 justitiae
1219 323 1431 358 obtemperasse.
1451 323 1502 356 Qui
1520 324 1543 351 si
1569 323 1657 350 Pilato

871 368 1069 402 respondisset,
1085 369 1207 403 suspicio
1220 368 1317 396 fuisset
1327 377 1388 397 eum
1403 369 1550 397 formidine
1561 370 1658 397 mortis

871 413 992 448 corripi;
1015 421 1078 441 cum
1101 415 1218 442 tacuerit
1235 419 1337 447 autem,
1355 415 1524 443 admirabilis
1545 423 1658 450 prorsus

871 459 933 493 ejus
947 461 1101 487 constantia
1129 460 1317 493 et‘fortitudo.
1344 460 1422 494 Quod
1438 466 1528 489 autem
1544 462 1580 489 ita
1594 469 1657 489 eum

872 505 977 533 Pilatus
993 505 1162 539 defenderet,
1180 507 1248 534 nihil
1275 508 1349 535 aliud
1367 508 1394 534 id
1408 512 1468 536 erat
1485 515 1567 544 quam
1585 509 1658 544 quod

872 552 997 579 crederet
1013 560 1074 580 eum
1090 553 1137 588 qui
1158 553 1186 580 in
1199 553 1303 588 judicio
1322 554 1413 581 stabat
1427 562 1487 582 esse
1509 554 1603 582 Deum.
1624 553 1658 581 Et

872 604 938 624 sane
952 604 1013 624 cum
1027 605 1042 624 a
1052 597 1140 625 Pilato
1152 599 1333 634 judicaretur,
1348 599 1408 635 ejus
1422 600 1500 627 uxori
1517 601 1658 627 oraculum

872 642 957 670 edidit
976 652 982 669 :
1003 647 1033 670 ut
1051 642 1160 670 silentio
1177 643 1297 679 quidem,
1319 644 1379 679 ejus
1397 644 1583 672 fortitudinem
1600 648 1659 672 stu-

874 694 960 723 peret;
977 691 1092 717 oraculo
1108 695 1199 718 autem
1211 695 1380 726 agnoseeret,
1398 699 1428 718 se
1442 698 1495 718 non
1509 690 1658 724 hominem,

873 734 921 762 sed
936 734 1019 762 Deum
1035 736 1168 770 judicare.
1184 737 1287 763 Timuit
1308 737 1390 772 igitur
1403 736 1486 772 judex
1504 743 1592 768 reum,
1605 736 1660 762 imo

874 781 959 816 magis
975 782 1032 816 ipse
1050 782 1167 817 judicati
1185 787 1291 811 terrore
1303 784 1488 818 judicabatur,
1504 790 1586 819 quam
1603 782 1661 818 ipse

871 827 997 861 judicans
1022 827 1166 856 Dominum
1190 833 1364 865 perterrcret.
1381 829 1470 863 Quare
1487 837 1584 856 manus
1610 828 1660 856 ab-

874 874 936 905 luit,
960 875 1051 910 aitque
1070 883 1076 900 :
1096 885 1105 901 ι
1125 875 1260 903 lnnoeens
1285 883 1334 911 ego
1347 884 1407 903 sum
1425 876 1459 903 ab
1484 875 1536 902 hoc
1551 875 1662 911 sangui-

873 928 909 948 ne
928 920 950 936 ³²
967 929 1000 947 »ι
1024 922 1074 949 etsi
1105 927 1198 957 postea
1221 921 1377 950 Judaeorum
1396 922 1483 957 gratia
1510 926 1660 957 permotus,

875 966 944 1001 ipsis
960 975 1022 994 sese
1039 968 1235 995 insidiantibus
1260 968 1377 1003 adjecit;
1397 969 1434 995 ita
1456 971 1486 995 ut
1502 968 1536 995 ad
1551 975 1661 995 crucem

874 1012 950 1039 illum
967 1013 1101 1041 traderet.
1118 1013 1249 1041 Traditur
1271 1022 1335 1049 ergo
1351 1013 1486 1046 Salvator,
1512 1017 1593 1048 atque
1607 1017 1663 1039 tra-

875 1058 948 1086 ditus
974 1064 1090 1086 mortem
1117 1066 1172 1087 non
1204 1060 1380 1095 perhorruit;
1404 1059 1459 1086 imo
1483 1059 1575 1094 potius
1602 1066 1663 1086 sese

875 1103 988 1132 nudavit
1006 1112 1068 1132 cum
1086 1106 1132 1132 illa
1159 1113 1370 1141 congressurus,
1387 1112 1419 1132 ac
1438 1104 1586 1139 fugientem
1602 1112 1664 1139 per-

876 1154 986 1179 secutus
1009 1153 1051 1178 est
1075 1154 1239 1185 serpentem.
1268 1149 1327 1177 Non
1354 1149 1426 1177 enim
1448 1149 1526 1184 quasi
1544 1149 1664 1177 morian

876 1204 936 1224 sese
952 1196 1048 1224 habuit
1063 1195 1213 1230 Dominus;
1229 1196 1284 1224 imo
1297 1196 1389 1232 potius
1403 1196 1484 1231 quasi
1502 1199 1615 1223 mortem
1630 1195 1664 1222 ad

876 1243 993 1278 idipsum
1007 1250 1184 1278 persequens.

911 1289 956 1317 14.
974 1289 1060 1316 Porro
1075 1288 1121 1316 hic
1138 1288 1234 1316 infelix
1250 1289 1387 1321 diabolus,
1405 1291 1554 1323 conspecto
1569 1287 1621 1314 hoc
1637 1288 1664 1314 in

875 1336 964 1363 Pilato
976 1336 1120 1368 miraculo,
1135 1335 1209 1371 quod
1221 1336 1279 1371 ipse
1293 1335 1379 1364 Judex
1395 1335 1456 1370 plus
1472 1337 1666 1369 expavesceret

876 1390 958 1418 quam
971 1382 1122 1416 judicatus,
1146 1382 1392 1416 animadversaque
1418 1380 1526 1408 Domini
1551 1381 1577 1407 in
1605 1387 1666 1408 sese

877 1427 1000 1456 exuendo
1027 1427 1137 1460 fiducia,
1164 1427 1231 1454 nihil
1257 1435 1312 1454 non
1339 1430 1472 1454 tentatum
1499 1426 1621 1460 reliquit,
1637 1428 1666 1453 ut

877 1477 970 1501 nosset
985 1473 1012 1500 id
1024 1473 1098 1508 quod
1113 1474 1189 1508 prius
1205 1481 1287 1501 nosse
1303 1481 1357 1500 non
1374 1473 1474 1508 potuit,
1491 1472 1535 1499 ubi
1547 1473 1623 1498 illum
1638 1472 1666 1498 in

877 1522 971 1546 monte
987 1518 1113 1550 tentavit,
1137 1523 1167 1546 ut
1193 1518 1338 1552 edisceret,
1364 1525 1399 1545 an
1416 1518 1461 1545 hic
1485 1521 1558 1545 esset
1581 1517 1666 1544 Filius

879 1564 936 1592 Dei.
952 1564 1030 1592 Tunc
1046 1563 1221 1600 pudefactus,
1239 1564 1336 1591 mortis
1356 1569 1465 1599 tempus
1491 1563 1665 1593 observabat,

878 1615 955 1637 ratus
972 1618 1002 1637 se
1014 1610 1041 1636 in
1058 1618 1113 1645 qua
1125 1618 1154 1637 re
1166 1610 1217 1638 sibi
1229 1618 1325 1638 omnes
1340 1610 1496 1645 subegerat,
1512 1613 1599 1636 morte
1612 1609 1667 1636 sci-

878 1656 941 1684 licet
952 1677 960 1689 ,
977 1657 1005 1684 in
1016 1657 1110 1684 eadem
1126 1664 1156 1684 se
1173 1663 1253 1691 posse
1267 1655 1342 1684 hunc
1358 1656 1441 1683 etiam
1459 1660 1574 1683 tentare.
1592 1655 1667 1683 Scri-

878 1708 953 1738 ptum
974 1702 1076 1737 quippe
1087 1705 1130 1730 est
1145 1702 1215 1736 apud
1229 1701 1342 1734 Lucam,
1359 1701 1499 1729 diabolum
1515 1708 1576 1728 cum
1593 1708 1668 1729 eom-

878 1749 978 1784 plesset
1009 1755 1116 1776 omnem
1143 1749 1321 1776 tentalionem
1340 1768 1347 1780 ,
1371 1748 1408 1776 ab
1438 1756 1471 1776 eo
1499 1747 1532 1775 ad
1561 1752 1668 1783 tempus

879 1794 1048 1822 abscessisse
1064 1794 1098 1821 ".
1125 1793 1183 1821 Hoc
1207 1798 1298 1821 autem
1322 1794 1411 1829 ipsum
1432 1797 1542 1829 tempus
1557 1794 1611 1829 70
1627 1797 1669 1821 est

879 1847 934 1875 quo
945 1847 1006 1868 sese
1021 1839 1196 1867 adversarius
1214 1844 1294 1867 norat
1311 1840 1344 1867 ab
1364 1840 1492 1867 omnibus
1503 1840 1670 1867 eoneulcm-

879 1885 943 1912 dum
957 1892 1034 1918 esse,
1048 1885 1070 1912 si
1081 1885 1137 1919 jam
1153 1884 1292 1912 excideret
1305 1893 1311 1912 :
1327 1886 1433 1912 nullum
1445 1886 1517 1912 enim
1532 1885 1569 1912 illi
1583 1885 1667 1917 aliud,

879 1931 1007 1958 omnibus
1019 1931 1160 1962 destituto,
1175 1935 1318 1966 supererat
1337 1935 1486 1959 certamen.
1500 1931 1589 1964 Quare
1600 1932 1669 1959 nihil

879 1986 934 2005 non
952 1978 1060 2013 agebat,
1085 1980 1116 2004 ut
1140 1977 1276 2005 edisceret
1296 1985 1331 2004 an
1355 1977 1401 2005 hic
1432 1976 1558 2004 Salvator
1574 1982 1667 2005 esset:

879 2024 952 2059 quod
969 2024 1030 2052 ideo
1046 2024 1091 2051 ille
1111 2023 1218 2058 agebat,
1234 2027 1264 2051 ut
1279 2024 1301 2051 si
1322 2031 1418 2052 revera
1451 2023 1587 2051 edisceret
1606 2024 1669 2058 quis

880 2075 964 2102 esset,
992 2070 1122 2098 accedere
1145 2078 1202 2097 non
1229 2070 1362 2103 auderet,
1393 2078 1497 2106 gnarus
1522 2070 1670 2097 inaccessa:

880 2118 954 2145 illius
979 2124 1012 2145 ac
1030 2117 1129 2145 divinm
1140 2117 1296 2152 potestatis.
1317 2116 1448 2145 Dominus
1464 2120 1555 2144 autem
1572 2116 1669 2144 videns

879 2164 941 2198 ejus
955 2162 1102 2196 vafritiem,
1122 2163 1268 2199 sciensque
1281 2163 1357 2190 illum
1377 2170 1432 2190 non
1448 2162 1561 2190 honoris
1575 2169 1668 2194 causa,

881 2207 929 2236 sed
946 2212 975 2235 ut
988 2207 1114 2235 homines
1136 2207 1163 2234 in
1190 2207 1322 2235 servitute
1342 2207 1473 2234 retineret
1493 2206 1559 2233 illud
1572 2206 1668 2233 obser-

881 2262 955 2285 vare.
980 2261 1034 2289 quo
1050 2255 1077 2281 in
1105 2252 1199 2281 omnes
1216 2253 1388 2289 tyrannidem
1407 2257 1568 2284 exerceret,
1591 2260 1668 2280 suam

883 2299 970 2335 ipsius
985 2299 1115 2327 deitatem
1130 2300 1288 2331 occultavit,
1304 2304 1331 2326 et
1345 2304 1375 2326 ut
1390 2299 1471 2326 homo
1487 2306 1547 2326 sese
1561 2298 1644 2332 gessit
1660 2306 1667 2324 :

883 2352 918 2372 ne
941 2344 987 2372 ille
1010 2352 1040 2371 se
1069 2348 1100 2371 ut
1125 2343 1211 2371 Deum
1239 2343 1371 2378 attingere
1400 2350 1454 2369 non
1473 2349 1566 2372 ausus,
1584 2341 1670 2368 abiret

883 2389 985 2417 illaesos
1002 2398 1009 2416 :
1025 2388 1073 2416 sed
1088 2392 1184 2416 contra
1199 2396 1261 2416 cum
1277 2388 1388 2415 homine
1404 2395 1483 2422 quem
1505 2386 1669 2421 despiceret,

884 2442 1059 2470 congressus.
1073 2434 1107 2461 ab
1125 2433 1282 2461 hominibus
1297 2433 1425 2467 deinceps
1437 2432 1568 2466 ineiperet
1581 2430 1668 2457 illudi.

885 2482 918 2509 Et
943 2481 1172 2518 quemadmodum
1201 2481 1224 2509 si
1249 2481 1311 2516 quis
1341 2487 1456 2507 cernens
1484 2478 1670 2505 adversarium

885 2536 966 2556 suum
990 2528 1164 2563 perterritum
1192 2527 1331 2562 aufugere,
1357 2526 1456 2554 exinde
1486 2524 1670 2552 infirmitatem

885 2575 1066 2608 simulaverit,
1084 2582 1136 2610 qua
1152 2583 1214 2601 eum
1230 2574 1265 2601 ad
1286 2581 1403 2609 pugnam
1420 2572 1559 2608 pertrahat
1577 2582 1583 2598 :
1599 2575 1671 2598 tun:-

886 2732 1093 2768 mqaoeLEditi
1109 2732 1293 2768 κατέπλησσε.

923 2765 978 2804 (88)
1005 2767 1119 2804 Regius,
1134 2767 1172 2804 ab
1203 2766 1275 2804 κατὰ
1301 2765 1417 2804 Πιλᾶτον
1442 2765 1484 2804 (et_
1500 2765 1541 2792 sic
1566 2772 1673 2804 semper

887 2800 1001 2834 Πιλᾶτος
1014 2800 1095 2830 habet
1113 2802 1157 2829 hic
1176 2803 1260 2829 codex
1278 2809 1340 2828 eum
1363 2800 1548 2829 circumflexo)
1561 2800 1675 2834 γενόμευ

887 2847 932 2865 νον
944 2838 1046 2873 θαῦμα.
1058 2837 1130 2868 Mox,
1145 2837 1258 2873 Regius,
1271 2837 1354 2865 Basil.
1371 2837 1478 2872 Anglic.
1493 2835 1672 2870 κατέπτηξεν.

888 2873 959 2902 Edili
974 2857 1048 2907 verro,
1062 2857 1239 2909 κατέπλῆξεν.
