1915 3057
245 161 294 190 ﬁll

244 227 299 255 que
314 220 358 247 ille
371 219 416 254 qui
441 219 508 254 l‘ugit
524 219 556 246 ad
581 220 736 248 simulatam
753 222 905 256 respiciens
920 222 1033 249 iulirmi-
1049 225 1072 252 Α

245 270 340 297 tatem,
353 273 414 292 cum
427 265 589 293 conﬁdentia
604 267 763 300 accesserit,
778 273 805 295 et
821 275 971 303 generosus
987 268 1031 296 ille

245 312 346 338 athleta
363 311 410 346 qui
426 311 586 339 infirmitate
603 313 649 339 illa
671 318 844 348 provocarat,
860 321 909 341 sua
931 315 1031 342 virtute

244 357 430 391 superaverit;
455 358 492 384 ita
515 362 541 386 et
566 358 709 391 Dominus,
735 360 854 387 humana
879 368 1031 395 provocans

244 402 413 434 inﬁrmitate,
440 411 489 430 sua
508 405 608 432 virtute
624 405 696 432 vires
708 405 811 432 homini
823 406 925 433 addidit
937 412 1031 434 contra

243 448 395 476 inimicum.
414 449 504 482 Quare
526 451 685 478 imminente
709 456 809 483 morte.
825 453 908 487 cmpit
935 460 1032 487 pavere

242 498 271 521 et
290 496 388 523 anxius
406 503 478 528 esse,
493 498 662 532 rogabatque
677 503 705 525 ιιι
733 499 865 526 transiret
881 499 951 526 calix
974 499 1029 530 ille,

243 544 325 575 atque
339 541 474 568 clamabat
490 551 497 569 ε
516 552 525 567 ι
545 543 664 577 Spiritus
681 545 790 580 quidem
808 549 951 580 promptus
977 549 1029 576 est,

243 593 308 613 caro
325 591 414 614 autem
434 588 540 616 inﬁrma
563 589 597 622 ";
613 599 622 616 ι
642 597 671 617 ut
690 591 865 619 adversarius
888 595 981 618 noster
995 591 1030 618 ad

243 638 331 665 ipsum
348 635 377 658 ut
399 631 537 660 hominem
554 634 698 667 accedens,
713 635 835 662 divinam
856 635 1030 676 experiretur

242 676 382 704 virtutem.

280 775 323 803 15.
349 775 397 804 llis
419 777 503 812 igitur
530 777 665 805 adductus
690 777 775 805 miser
792 777 846 810 ille,
863 777 960 806 illusus
975 782 1029 813 est,

242 826 324 858 atque
346 823 381 850 ad
404 823 548 851 Dominum
570 823 697 851 accessit.
719 823 788 851 Hinc
803 829 952 859 conspecta
969 825 1028 859 ejus

243 868 412 901 fortitudine,
434 869 575 896 exhorruit
592 878 598 895 :
617 869 676 897 visa
695 869 794 897 deinde
820 870 945 904 corporis
968 870 1028 905 ejus

242 913 412 948 infirmitate,
427 915 569 942 audaciam
582 916 731 950 resumpsit
748 923 754 940 :
769 922 802 942 ac
817 915 916 942 deinde
938 915 1029 943 videre
1044 915 1066 945 B

242 963 301 986 erat
324 960 462 988 diabolum
478 961 586 996 quidem
605 969 667 988 cum
682 965 738 988 toto
753 969 804 988 suo
821 961 954 995 exercitu,
966 969 1028 988 cum

242 1005 452 1041 principatibus,
474 1013 537 1033 cum
564 1006 744 1041 potestatibus
762 1006 819 1033 suis
836 1005 949 1041 fugere;
977 1005 1030 1032 Do-

240 1050 344 1077 minum
369 1058 444 1084 vero,
475 1051 602 1079 humanis
619 1051 703 1078 armis
720 1051 882 1078 diabolicant
912 1055 1028 1078 turmam

240 1096 359 1131 insequi.
377 1096 436 1124 Non
463 1097 550 1123 multo
574 1097 675 1132 quippe
692 1096 756 1123 hinc
779 1097 909 1131 temporis
929 1097 1027 1132 spatio,

239 1142 380 1169 inimicum
411 1142 538 1170 omnibus
561 1142 696 1177 spoliavit,
711 1143 828 1178 {quando
850 1142 960 1170 demum
979 1151 1029 1178 puv

239 1189 305 1216 dore
322 1188 433 1216 allectus
451 1196 500 1224 per
517 1196 577 1216 sese
592 1189 684 1215 omnia
708 1188 794 1215 movit
820 1192 916 1215 contra
938 1188 1029 1216 Domi-
1056 1195 1059 1199 '

244 1241 327 1267 num;
340 1232 450 1261 Iudaeos
464 1234 568 1262 scilicet
583 1239 612 1262 ut
628 1234 860 1270 conspirationem
880 1237 1026 1266 struerent,

238 1281 356 1308 Pilatum
383 1286 412 1308 ut
435 1282 596 1316 damnaret,
616 1283 716 1310 milites
741 1286 770 1309 ut
791 1282 844 1317 ipsi
872 1281 1026 1316 illudcrent,

238 1327 352 1362 ignarus
369 1335 399 1354 se
415 1335 447 1355 ea
479 1328 571 1354 omnia
595 1328 739 1356 adversum
757 1336 817 1356 sese
839 1328 939 1355 moliri.
960 1327 1027 1354 Nam

237 1381 310 1400 (mea
332 1380 377 1401 res
390 1378 433 1401 est
449 1375 561 1406 malitia,
581 1379 608 1402 et
625 1374 776 1410 impr0vida
800 1382 844 1402 res
866 1377 909 1401 est
930 1374 1028 1408 impro—

238 1418 320 1450 bitas,
350 1423 379 1445 ut
401 1426 462 1454 quae
477 1427 532 1446 non
555 1419 719 1454 intelligeret
742 1427 772 1446 se
797 1427 862 1446 suas
886 1423 980 1446 contra
997 1426 1027 1446 se

237 1472 334 1492 manus
347 1472 454 1493 acuere.
465 1465 696 1498 Quemadmodum
712 1465 785 1493 enim
800 1466 823 1493 si
836 1465 897 1500 quis
915 1472 1028 1500 serpen-

236 1515 291 1538 tem
317 1518 399 1538 manu
426 1519 475 1539 sua
494 1511 726 1546 apprehenderit,
756 1515 782 1539 et
807 1511 924 1538 voluerit
949 1511 1026 1538 alteri

237 1556 381 1591 projicere,
400 1557 513 1592 ipseque
529 1558 687 1585 mordeatur
705 1567 712 1585 :
734 1562 780 1584 aut
795 1558 856 1593 igne
872 1566 954 1584 manu
966 1565 1026 1584 cor-

236 1605 315 1636 repto
328 1602 393 1629 velit
404 1602 516 1629 inimico
527 1610 635 1635 nocere,
646 1602 807 1638 ignoretque
816 1611 876 1630 sese
890 1602 1024 1635 comburi;
1040 1601 1060 1630 C

236 1646 274 1673 ita
291 1647 394 1673 malitia
412 1647 544 1675 adversus
561 1655 610 1675 eos
625 1647 754 1681 dimicat,
771 1649 818 1683 qui
835 1649 880 1675 illa
897 1652 1021 1679 utuntur,

235 1693 377 1728 magisque
393 1693 453 1720 illos
468 1694 540 1720 laedit
556 1694 655 1728 quibus
670 1694 750 1723 inest.
767 1701 848 1728 quam
864 1701 911 1721 eos
929 1693 1024 1720 adver—

236 1746 297 1766 sum
313 1747 382 1774 quos
398 1747 456 1767 eam
475 1740 637 1767 immittunt.
656 1740 701 1766 Sic
723 1739 830 1766 Pharao
846 1747 944 1774 capere
959 1740 1022 1766 dum

235 1785 327 1817 vellet,
348 1790 444 1820 captus
461 1790 513 1818 est,
530 1791 557 1813 et
572 1794 687 1813 exorsus
702 1786 840 1820 per-Sequi,
859 1786 1024 1820 persecutio-

236 1839 298 1859 nem
327 1839 426 1866 passus
450 1836 503 1862 est,
527 1837 552 1859 et
574 1832 638 1859 dum
670 1839 763 1858 necem
785 1831 846 1858 aliis
872 1832 1022 1863 moliretur,

236 1877 397 1904 submersus
414 1881 465 1904 est.
485 1877 524 1904 lta
545 1881 572 1904 et
588 1877 707 1909 Goliath,
727 1877 827 1912 quibus
844 1877 1022 1912 gloriabatur,

236 1921 271 1948 iis
289 1921 467 1949 detruncatus
486 1926 542 1954 est,
565 1927 591 1949 et
609 1922 728 1956 spoliare
757 1930 867 1957 parans,
891 1924 1023 1957 spoliatus

235 1971 287 1994 est.
307 1967 426 2001 ldipsum
444 1968 544 1995 misero
567 1968 658 1995 evenit
672 1967 798 1999 diabolo,
816 1968 862 2003 qui
880 1968 944 1995 dum
964 1972 1024 1995 teri-

235 2016 295 2039 tare
309 2012 399 2044 vellet,
418 2014 446 2039 in
473 2013 574 2040 malum
591 2013 686 2040 incidit
702 2023 708 2040 :
739 2013 804 2040 dum
828 2014 929 2041 milites
945 2022 1023 2041 com-

235 2066 344 2086 movere
359 2064 480 2094 euperet,
493 2060 579 2095 magis
600 2060 657 2094 ipse
674 2060 700 2087 in
717 2060 892 2088 carniﬁcibus
907 2068 1024 2088 commo-

236 2111 291 2138 tus,
307 2106 399 2133 omnia
412 2111 506 2133 contra
520 2114 582 2134 sese
593 2107 699 2142 agebat.
716 2107 782 2133 Nam
796 2107 875 2134 etiam
893 2111 949 2134 tum
961 2115 1022 2135 cum

235 2151 410 2186 spoliaretur,
426 2152 526 2179 latebat
540 2152 697 2179 hominibus
722 2152 854 2185 victoria;
869 2160 951 2187 quam
966 2153 1024 2188 ipse

235 2197 341 2230 infelix,
361 2198 461 2226 invitus
475 2198 549 2230 licet,
571 2198 598 2225 in
613 2199 701 2225 lucem
714 2199 830 2239 protulit
849 2207 856 2224 :
872 2207 933 2226 cum
950 2200 1022 2227 enim

234 2249 381 2272 exueretur
396 2244 538 2278 Dominus,
560 2245 766 2280 troplizeumque
781 2245 913 2272 adversus
928 2246 1023 2273 diabo-

235 2291 290 2317 lum
305 2291 477 2318 invisibiliter
488 2291 656 2326 erigeretur;
674 2296 703 2318 ut
719 2292 808 2326 palam
823 2291 850 2318 id
864 2291 949 2323 lieret,
966 2296 1020 2318 sta-
1039 2282 1060 2309 Ῐ)

234 2335 282 2362 tim
308 2335 457 2363 induerunt
474 2336 562 2368 illum,
583 2341 614 2363 ut
634 2336 753 2363 Joannes
769 2337 816 2367 ait,
839 2343 977 2371 purpura;
993 2339 1022 2362 ut

234 2381 376 2410 Mattheus
384 2387 411 2410 ct
426 2382 544 2415 Marcus,
556 2382 699 2417 chlamyde
714 2390 755 2409 cor
765 2383 852 2415 cinea,
871 2382 952 2416 capiti
962 2382 1021 2416 ejus

233 2435 362 2454 coronam
375 2437 409 2455 ex
424 2429 511 2463 spinis
531 2429 730 2463 imposuerunt,
750 2428 911 2456 arundinem
923 2429 951 2456 in
964 2436 1022 2455 ma-

233 2480 298 2500 num
320 2474 503 2506 tradiderunt,
527 2478 554 2502 et
579 2482 642 2502 cum
665 2474 702 2501 ita
724 2473 916 2509 producerent,
933 2482 1022 2510 genua

233 2516 378 2546 ﬂectebant
394 2524 458 2547 ante
476 2520 563 2547 illum.

269 2576 312 2603 16.
347 2577 508 2605 Miraculum
540 2586 640 2606 novum
657 2582 685 2606 et
722 2578 882 2606 incredibile
902 2586 1021 2614 magme-

267 2655 290 2670 "
311 2655 407 2683 Matth.
418 2664 492 2690 xxvi,
503 2656 548 2684 M.

233 2746 326 2807 ωιεῇῗέ
341 2747 381 2782 Τῇ
397 2747 493 2774 ἑαυτοῦ
506 2748 619 2784 δυνάμει
634 2748 769 2784 ἐνίσχυσε,
783 2747 856 2777 Felc.
873 2748 890 2775 5
911 2747 1022 2775 omissis

350 2816 451 2851 Regius
465 2821 491 2843 et
510 2818 582 2846 Fele.
599 2819 626 2849 5,
650 2820 712 2853 παρ’
730 2819 799 2846 αὐτὰ
821 2819 868 2846 τοῦ
893 2819 1018 2846 Θανάτου.

233 2849 292 2888 Mor
308 2849 418 2888 codices
432 2853 640 2888 ειΙὶὶηάὁημονεῖ,
656 2849 712 2885 alii,
724 2854 877 2888 ἀδημονεῖν.

270 2887 323 2922 (ill)
342 2886 370 2914 In
386 2895 452 2913 voce
468 2886 653 2922 adpﬁjdeﬁcit
673 2889 745 2916 Felc.
762 2886 788 2916 δ’.

810 162 839 191 S.
855 162 1086 191 ATHANASIUS.
1106 180 1141 184 —
1161 163 1273 191 IJUBIA.

1819 167 1890 194 213

1085 221 1154 258 πρὸς
1176 222 1226 257 τὴν
1249 222 1354 248 ἐκείνου
1375 222 1558 258 πρόσκλησιν·
1578 221 1636 250 εἶτα
1655 223 1757 256 ἐκεῖνος
1774 224 1789 249 ὸ
1807 225 1889 259 φεύ-

1083 276 1149 302 γων,
1172 268 1241 303 πρὸς
1264 267 1314 303 τὴν
1337 268 1568 303 σχηματισθεῖσαν
1589 269 1728 296 ἀσθένειαν
1755 271 1888 298 ἀποσλέ-

1082 321 1151 344 πων,
1171 312 1310 348 θαρρήσας
1323 313 1476 348 προσέλθοι,
1490 315 1537 341 καὶ
1553 316 1566 342 ὁ
1582 317 1704 349 γενναῖος
1719 316 1890 352 παλαιστὴς

1082 360 1115 394 τῇ
1141 358 1268 394 ἀσθενείᾳ
1293 358 1559 394 προσκαλεσάμενος,
1582 362 1615 396 τῇ
1644 361 1738 388 ἑαυτοῦ
1756 362 1885 398 δυνάμει

1081 405 1186 440 νικήσει
1197 405 1252 439 (89)
1262 413 1269 419 '
1281 404 1351 431 οὕτω
1367 405 1413 431 καὶ
1428 406 1441 431 ό
1456 406 1557 442 Κύριος
1576 407 1731 442 ἀνθρωπίνῃ
1741 407 1883 443 ἀσθενείᾳ

1082 450 1347 486 προσκαλεσάμενος,
1374 453 1407 488 τῇ
1434 452 1530 479 ἑαυτοῦ
1551 452 1663 487 δυνάμει
1689 453 1814 488 ὲνίσχυσε
1829 455 1888 480 τὸν

1081 497 1224 532 ἄνθρωπον
1250 497 1321 524 κατὰ
1343 497 1390 524 τοῦ
1415 498 1527 533 ἐχθροῦ.
1555 498 1603 525 Διὰ
1626 499 1704 526 τοῦτο
1730 499 1806 535 παρὰ
1829 501 1889 526 τὸν

1083 541 1178 577 καιρὸν
1193 541 1240 568 τοῦ
1256 542 1369 570 θανάτου
1383 543 1439 575 (90)
1451 544 1498 570 καὶ
1509 543 1647 579 ἁδημονεί,
1661 544 1707 571 καὶ
1723 545 1887 580 περίλυπος

1082 587 1183 623 ἤρξατο
1197 588 1320 622 γίνεσθαι
1330 596 1338 604 ⁸
1357 588 1404 615 καὶ
1421 589 1509 616 ἐδέετο
1525 589 1668 625 παρελθεῖν
1682 591 1769 617 ἐκεῖνο
1783 591 1814 616 τὸ
1827 600 1887 617 πο-

1079 634 1184 669 τήριον,
1203 635 1249 661 καὶ
1266 634 1347 660 ὲδόα·
1364 643 1373 660 ι
1392 635 1429 661 Τὸ
1449 635 1497 669 μὲν
1519 635 1628 670 πνεῦμα
1645 635 1794 671 πρόθυμον,
1811 638 1828 672 ὴ
1850 637 1885 662 δὲ

1081 679 1149 715 σὰρξ
1171 680 1226 714 (91)
1261 680 1392 716 ἀσθενής·
1411 689 1420 706 ι
1445 681 1488 707 ἵνα
1509 681 1524 706 ὸ
1557 681 1690 713 ἀντίδικος
1712 681 1806 720 ἡμῶν,
1836 682 1885 714 ὡς

1086 726 1222 762 ἀνθρώπῳ
1236 726 1401 762 προσελθὼν,
1419 726 1536 762 πειραθῇ
1551 726 1625 759 θείας
1641 727 1789 763 δυνάμεως.

1117 783 1160 810 15.
1183 783 1293 816 Τούτοις
1314 782 1379 818 γοῦν
1395 782 1526 818 ὑπαχθεὶς
1540 785 1554 810 ὁ
1570 783 1669 816 ἄθλιος,
1685 784 1803 819 ἐπαίχθη
1828 785 1884 811 καὶ

1080 828 1217 864 προσῆλθε
1231 829 1269 864 τῷ
1282 829 1387 864 Κυρίῳ,
1404 827 1478 860 Εἶτα,
1494 828 1603 864 θεωρῶν
1617 829 1666 864 τὴν
1681 829 1806 865 ἀνδρείαν
1822 831 1883 856 αὺ-

1079 875 1136 907 τοῦ,
1154 875 1343 910 κατέπτησσε·
1369 875 1478 909 θεωρῶν
1494 874 1521 901 δὲ
1542 875 1589 901 καὶ
1609 875 1658 910 τὴν
1680 875 1725 902 τοῦ
1746 875 1883 911 σώματος

1080 921 1231 954 ἀσθένειαν,
1241 921 1321 947 πάλιν
1336 921 1453 956 ἐτόλμα·
1464 922 1509 948 καὶ
1526 921 1618 948 λοιπὸν
1632 919 1665 957 ἦν
1681 921 1743 948 ἰδεῖν
1759 922 1804 948 τὸν
1825 923 1884 958 μὲν

1079 966 1201 993 διάϐολον
1218 966 1266 992 σὺν
1279 966 1327 1002 ὅλῃ
1343 967 1375 1002 τῇ
1395 967 1508 1002 στρατιᾷ
1522 966 1615 998 αὐτοῦ,
1631 967 1678 993 καὶ
1688 969 1747 998 ταῖς
1762 968 1881 1003 ἀρχαῖς,

1080 1015 1127 1041 καὶ
1146 1016 1205 1046 ταῖς
1230 1013 1362 1046 ἐξουσίαις
1377 1013 1460 1041 αὐτοῦ
1483 1014 1634 1048 φεύγοντα*
1651 1015 1696 1041 τὸν
1716 1015 1744 1041 δὲ
1769 1016 1881 1051 Κύριον

1079 1060 1262 1096 ἀνθρωπίνοις
1285 1059 1378 1092 ὅπλοις
1402 1058 1533 1086 διώκοντα
1557 1060 1606 1095 τὴν
1634 1060 1788 1095 διαϐολικὴν
1823 1061 1881 1095 φά-

1079 1105 1176 1139 λαγγα.
1191 1105 1228 1132 Οὐ
1241 1105 1296 1140 γὰρ
1313 1104 1378 1131 πολὺ
1393 1105 1486 1138 γέγονε
1501 1105 1531 1131 τὸ
1541 1105 1687 1140 διάστημα,
1705 1106 1751 1132 καὶ
1761 1106 1880 1133 πάντων

1079 1154 1226 1181 ἔσκύλευσε
1242 1154 1287 1180 τὸν
1309 1153 1422 1190 ἐχθρόν’
1438 1154 1483 1180 ὅτε
1500 1153 1706 1189 καταισχυνθεὶς
1726 1154 1820 1180 λοιπὸν
1839 1155 1879 1182 δι’

1079 1199 1176 1226 ἑαυτοῦ
1197 1199 1281 1226 ἐκίνει
1300 1199 1389 1226 πάντα
1410 1199 1480 1226 κατα
1506 1198 1552 1225 τοῦ
1572 1199 1690 1233 Κυρίου·
1723 1199 1877 1232 Ἰουδαίους

1080 1245 1140 1280 μὲν,
1157 1245 1199 1271 ἵνα
1216 1244 1446 1276 συσκευάσωνται,
1465 1243 1580 1271 Πιλᾶτον
1592 1244 1620 1270 δὲ
1638 1245 1680 1270 ἵνα
1697 1244 1856 1281 κατακρίνῃ
1870 1254 1876 1260 ·

1078 1291 1141 1322 τοὺς
1157 1291 1185 1317 δὲ
1202 1289 1378 1326 στρατιώτας,
1402 1290 1445 1317 ἴνα
1469 1290 1587 1322 παίξωσι
1610 1290 1669 1316 κατ’
1685 1290 1766 1316 αὑτοῦ
1780 1299 1786 1305 ·
1803 1290 1878 1317 ἀλλὰ

1078 1337 1126 1363 καὶ
1144 1335 1224 1363 τοῦτο
1239 1337 1332 1371 ἠγνόει
1346 1335 1407 1362 καθ’
1424 1335 1520 1362 ἑαυτοῦ
1544 1335 1641 1361 ποιῶν·
1660 1335 1758 1370 τυφλὸν
1778 1336 1835 1372 γὰρ
1857 1338 1876 1372 ἡ

1078 1382 1171 1414 κακία,
1187 1383 1234 1409 καὶ
1251 1382 1420 1418 ἀπροόρατον
1436 1383 1451 1417 ἡ
1469 1382 1602 1418 πονηρία⁴
1624 1381 1684 1408 καθ’
1698 1382 1798 1418 ἑαυτῆς
1823 1383 1876 1415 τὰς

1078 1430 1171 1464 χεῖρας
1189 1428 1314 1455 ἀκονῶσα
1338 1428 1440 1462 ἠγνόει.
1466 1425 1528 1454 Οἷον
1544 1428 1598 1463 γὰρ
1619 1428 1646 1454 εἴ
1663 1436 1704 1460 τις
1727 1428 1818 1462 ὄφεως
1838 1431 1873 1464 τῇ

1078 1474 1149 1510 χειρὶ
1165 1473 1330 1504 ἐπιλάῦοιτο,
1343 1473 1389 1500 καὶ
1402 1473 1486 1500 θέλων
1497 1473 1544 1499 καὶ
1556 1473 1641 1509 ἑτέρῳ
1656 1473 1743 1508 ῥῖψαι,
1759 1473 1874 1505 πάντως

1077 1521 1157 1552 αὐτὸς
1169 1520 1284 1556 ὲδάχθη·
1299 1520 1372 1556 ἧκαὶ
1387 1519 1442 1556 πῦρ
1458 1521 1491 1555 τῇ
1508 1520 1579 1555 χειρὶ
1591 1520 1708 1556 κρατῶν,
1725 1519 1773 1546 καὶ
1785 1520 1874 1547 θέλων

1077 1566 1122 1592 τὸν
1135 1565 1229 1601 ἐχθρὸν
1245 1565 1382 1600 ἀδικῆσαι,
1396 1565 1446 1591 οὐκ
1457 1562 1536 1596 οἶδεν,
1552 1564 1593 1590 δτι
1605 1564 1713 1596 πάντως
1726 1564 1809 1596 αὐτὸς
1823 1574 1875 1591 κα-

1076 1611 1219 1638 τακαίεται
1229 1619 1236 1626 ⁸
1251 1610 1336 1643 οὕτως
1353 1612 1369 1646 ἡ
1386 1610 1469 1637 κακία
1483 1609 1552 1636 κατὰ
1567 1609 1620 1636 τῶν
1635 1609 1784 1646 χρωμένων
1799 1611 1871 1646 αὐτῇ

1076 1657 1268 1692 στρατεύεται,
1293 1657 1340 1683 καὶ
1368 1656 1467 1691 μᾶλλον
1497 1655 1584 1682 ἀδικεῖ
1615 1656 1677 1687 τοὺς
1702 1656 1872 1690 κατέχοντας

1075 1702 1091 1737 ἥ
1109 1703 1176 1738 πρὸς
1190 1702 1236 1734 οὒς
1248 1701 1280 1728 ἂν
1292 1702 1375 1737 αὐτὴν
1390 1701 1546 1728 ἀποστεῖλαι
1564 1701 1675 1727 θέλωσιν
1687 1700 1754 1736 (92).
1774 1701 1872 1733 υῦτως

1074 1747 1203 1783 ὁΦαραὼ,
1217 1747 1301 1774 θέλων
1314 1747 1486 1779 καταλαϐεῖν,
1500 1747 1655 1783 κατελήφθη
1667 1755 1674 1761 ·
1687 1747 1732 1773 καὶ
1746 1747 1871 1783 ἀρξάμε-

1075 1803 1118 1826 νος
1141 1794 1258 1824 διώκειν,
1281 1793 1469 1828 κατεδιὼχθη’
1492 1793 1538 1820 καὶ
1563 1794 1720 1819 ἀποκτεῖναι
1738 1792 1867 1828 θελήσας,

1075 1837 1282 1873 κατεποντίσθη.
1307 1838 1400 1870 Οὕτως
1418 1838 1431 1863 ὁ
1455 1837 1560 1870 Γολιὰθ,
1583 1839 1612 1864 ἐν
1635 1836 1676 1869 οἷς
1695 1838 1822 1873 ὲπῄρετο,
1838 1840 1868 1864 ὲν

1074 1884 1179 1916 τούτοις
1193 1883 1348 1919 ἀπετμήθη,
1371 1884 1418 1910 καὶ
1434 1884 1579 1910 σκυλεῦσαι
1596 1884 1690 1915 θέλων,
1704 1883 1865 1919 ἐσκυλεύθη.

1074 1931 1174 1958 Τοῦτον
1190 1931 1235 1958 τὸν
1257 1931 1357 1966 τρόπον
1379 1930 1496 1957 πέπονθε
1516 1930 1562 1957 καὶ
1581 1931 1594 1957 ὁ
1611 1929 1702 1961 ἄθλιος
1720 1930 1844 1962 διάϐολος
1856 1939 1862 1945 ·

1075 1976 1201 2012 πειράσαι
1211 1976 1265 2011 γὰρ
1279 1976 1372 2007 θέλων,
1381 1975 1541 2011 ὲπειράσθη,
1555 1976 1601 2002 καὶ
1613 1975 1694 2002 κινῶν
1707 1976 1770 2007 τοὺς
1787 1985 1867 2012 στρα-

1074 2022 1184 2054 τιώτας,
1199 2022 1337 2057 μᾶλλονδὲ
1351 2022 1430 2053 αὐτὸς
1450 2023 1478 2048 ὲν
1499 2023 1554 2054 τοῖς
1573 2021 1679 2058 δημίοις
1692 2022 1862 2057 κινούμενος,

1073 2068 1134 2094 καθ’
1145 2067 1240 2094 ἑαυτοῦ
1250 2068 1337 2094 πάντα
1346 2068 1465 2103 ἐνήργει.
1477 2067 1555 2104 Ἀρτι
1567 2067 1622 2103 γὰρ
1639 2067 1809 2100 ὲσκυλεύετο,
1821 2069 1866 2094 καὶ

1074 2114 1179 2149 ἀφανὴς
1186 2112 1219 2149 ἦν
1227 2115 1284 2145 τοῖς
1291 2113 1346 2148 (95)
1354 2113 1531 2149 ἀνθρώποιςὴ
1545 2114 1606 2149 νίκη
1618 2123 1624 2128 ·
1635 2114 1692 2140 ἀλλ’
1699 2115 1738 2146 εἰς
1748 2114 1865 2150 φανερὸν

1074 2161 1158 2195 αὐτὴν
1173 2161 1282 2196 ἤνεγκε,
1297 2160 1343 2186 καὶ
1355 2159 1429 2187 ἄκων
1441 2161 1455 2186 ὀ
1467 2161 1558 2192 ἄθλιος
1568 2169 1575 2175 ·
1590 2160 1627 2192 ὡς
1639 2161 1693 2197 γὰρ
1708 2160 1865 2187 ἀπεδύσατο

1073 2208 1087 2233 ὸ
1104 2206 1215 2241 Κύριος,
1231 2207 1276 2232 καὶ
1291 2206 1384 2240 γέγονε
1400 2206 1430 2232 τὸ
1444 2206 1587 2242 γενόμενον
1600 2207 1723 2242 ἀοράτως
1734 2206 1805 2233 κατὰ
1816 2205 1864 2233 τοῦ

1074 2252 1196 2278 διαϐόλου
1213 2252 1352 2288 τρόπαιον,
1374 2252 1417 2278 ἴνα
1442 2253 1489 2278 καὶ
1510 2251 1589 2278 τοῦτο
1607 2252 1722 2287 φανερὸν
1740 2251 1863 2287 γένηται,

1075 2299 1176 2330 εὐθέως
1194 2298 1248 2334 (9-4)
1274 2298 1321 2334 μὲν
1348 2299 1472 2325 ἐνέδυσαν
1492 2298 1589 2330 αὑτὸν,
1612 2298 1649 2330 ὡς
1670 2298 1720 2333 μὲν
1736 2298 1863 2333 Ἰωάννης

1074 2345 1158 2379 λέγει,
1174 2345 1326 2382 πορφύραν,
1341 2345 1378 2377 ὡς
1392 2344 1420 2371 δὲ
1434 2344 1571 2376 Ματοαῑος
1593 2344 1638 2371 καὶ
1657 2344 1780 2379 Μάρκος,
1801 2344 1863 2379 χλα-

1076 2391 1146 2426 μύδα
1167 2391 1307 2425 κοκκίνην,
1326 2392 1372 2417 καὶ
1396 2391 1527 2426 στέφανον
1546 2390 1577 2422 ἐξ
1600 2389 1724 2416 ἀκανθῶν
1745 2390 1793 2416 ἐπὶ
1814 2390 1861 2424 τὴν

1074 2436 1195 2471 κεφαλὴν
1207 2436 1300 2468 αὑτοῦ,
1322 2437 1369 2463 καὶ
1389 2435 1510 2471 κάλαμον
1523 2435 1569 2462 ἐπὶ
1589 2436 1668 2471 χεῖρα
1684 2435 1802 2462 ἐδίδουν·
1817 2434 1861 2461 καὶ

1075 2481 1146 2508 οὕτω
1158 2481 1339 2517 προσάγοντες
1357 2481 1423 2517 (95),
1437 2481 1616 2515 ὲγονυπέτουν
1631 2479 1715 2516 αὐτῷ.

1111 2579 1154 2606 16.
1175 2579 1274 2615 Θαῦμα
1289 2580 1382 2606 καινὸν
1398 2580 1445 2607 καὶ
1467 2579 1626 2616 παράδοξον,
1645 2581 1691 2607 καὶ
1707 2580 1785 2616 νίκης
1797 2580 1860 2615 ἀλη-

1111 2747 1167 2782 (9'2)
1180 2746 1287 2783 _Anglic.
1303 2753 1330 2776 et
1351 2748 1439 2777 Basil,
1451 2747 1570 2783 secunda
1592 2755 1686 2780 manu,
1699 2747 1855 2783 θελήσωσιν.

1110 2783 1166 2816 (95)
1183 2781 1221 2809 lta
1232 2783 1342 2818 Regius.
1354 2783 1424 2810 Editi
1440 2781 1557 2818 verm-71v
1570 2784 1598 2809 ἐν
1616 2785 1681 2815 τοῖς.

1110 2818 1166 2853 (θὶν
1181 2818 1358 2853 Anglicanus.
1375 2818 1483 2850 Εὐθέως
1498 2819 1560 2853 γάρ.

1109 2852 1165 2887 (95)
1183 2851 1296 2888 Regius.
1317 2851 1578 2888 προάγοντεςξΜοι
1596 2853 1668 2882 idem
1691 2860 1753 2881 cum
1777 2851 1854 2887 Angl-

1072 2888 1249 2923 ὲγονυπέτουν
1263 2889 1350 2917 αὐτόν.
