1915 3057
75 132 142 160 21⁸5

620 131 664 159 DE
682 131 851 160 PASSIONE
869 131 913 159 ET
933 131 1048 160 CRUCE
1067 133 1197 161 DOMINI.

1673 137 1728 166 214

76 192 138 224 Θῶς
162 190 301 227 μεγάλης
319 190 479 227 γνώρισμαί
495 191 524 217 ὃν
540 191 594 226 γὰρ
609 192 647 223 ὡς
665 192 805 227 ἄνθρωπον
819 190 868 226 ἕκρ

944 199 997 226 que
1029 193 1149 220 victoriae
1188 193 1267 228 plane
1295 196 1508 228 argumentum!
1538 203 1616 230 quem
1652 197 1724 224 enim

76 247 143 271 ναν,
159 238 270 265 τοῦτον
284 237 490 273 ἀποθνήσκοντα
506 238 598 264 λοιπὸν
618 237 655 269 ὡς
675 238 740 264 Θεὸν
756 237 889 272 προσεκύ-

75 293 146 312 νουν
158 293 167 300 ⁸
184 284 244 311 καὶ
254 284 283 310 ὃν
296 283 451 316 ὲξουθένουν
463 284 500 316 ὡς
514 284 621 319 εὐτελῆ,
637 283 730 310 τοῦτον
745 283 891 318 ὁμολόγουν

77 329 208 364 βασιλέα
221 337 230 344 ·
252 329 299 356 καὶ
315 329 362 363 ἀφ’
373 326 404 356 οὗ
420 328 456 355 τά
471 329 585 364 τυχόντα
603 329 695 364 ἱμάτια
711 326 790 364 ἦραν,
804 328 890 364 τούτῳ

75 375 249 411 πορφύραν
262 375 448 411 περιετίθουν·
466 375 513 402 καὶ
533 375 562 402 ὃν
584 375 633 402 οὐκ
653 375 752 406 εἰδότες
767 374 887 410 ὕϐριζον,

75 421 183 448 τοῦτον
202 423 354 457 προφήτην
374 424 420 449 καὶ
435 422 547 454 ἄκοντες
563 422 779 457 προσηγόρευον·
799 421 846 448 καὶ
860 421 889 447 ὃν

77 467 202 500 ἔπαιζον
224 468 387 500 τύπτοντες,
406 468 493 504 τούτῳ
514 468 550 494 τά
571 469 714 504 νικητήρια
736 469 887 501 ἀπεδίδουν,

77 514 132 548 τὴν
144 514 290 549 κοκκίνην
301 513 434 549 χλαμύδα,
448 515 495 541 καὶ
510 514 554 541 τὸν
565 514 595 548 ἐξ
609 514 733 541 ἀκανθῶν
747 514 886 549 στέφανον,

79 560 130 586 καὶ
148 560 201 586 τὸν
218 560 357 595 κάλαμον.
378 561 410 587 Εἰ
424 560 478 596 γὰρ
492 561 540 587 καὶ
552 560 589 592 ὡς
604 560 759 596 ὑϐρίζοντες
779 561 886 588 ἐποίουν

79 606 185 637 ταῦτα,
199 606 265 632 ἀλλ’
277 607 400 642 ἠγνόουν,
413 607 454 634 ὅτι
468 607 515 633 καὶ
528 606 638 638 ἄκοντες
654 606 829 633 ὲσκυλεύοντο
840 607 886 633 ὑπ’

80 651 167 678 αὑτοῦ
185 651 262 686 (96).
285 652 392 687 Ἐπειδὴ
411 652 465 687 γὰρ
479 652 512 687 τῇ
531 651 652 687 ἁμαρτίᾳ
673 652 886 687 πεφονοκτόνητο

80 697 148 731 ἠτῆ
166 697 227 723 ὑπὸ
245 696 293 723 τοῦ
317 697 450 729 διαϐόλου,
475 697 522 723 καὶ
538 697 628 723 πλεῖον
646 697 748 724 ὑδάτων
773 699 885 733 αἴμασιν

79 740 114 777 ἦν
137 743 323 779 βεόαμμένη,
345 743 375 776 ἐξ
396 743 482 778 ἀρχῆς
502 743 551 778 μὲν
571 744 675 779 χάναπα
690 745 736 771 καὶ
751 745 884 781 δεξαμένη

78 788 127 814 τοῦ
139 789 258 816 δικαίου
274 789 357 816 ’Ἅϐελ
369 790 398 816 τὸ
413 787 490 825 αἷμα,
508 790 619 825 ὕστερον
638 791 665 817 δὲ
676 791 767 818 λοιπὸν
782 792 886 827 αἵματα

79 835 124 868 ἐρ’
144 835 255 869 αἵμασι
283 835 433 870 μισγόντων
455 835 508 861 τῶν
531 835 691 871 ἀνθρώπων,
707 837 777 863 κατὰ
792 837 822 863 τὸ
837 845 884 870 γε-

944 240 972 262 ut
1017 237 1154 266 hominem
1199 239 1474 272 eondemnaverant,
1512 241 1584 269 hunc
1628 241 1725 268 exinde

941 283 1102 311 morientem
1150 289 1180 312 ut
1223 286 1307 313 Deum
1352 287 1503 314 adorabant
1538 297 1544 314 ε
1575 291 1602 314 et
1645 296 1724 323 quem

941 330 1168 364 aspernabantur,
1201 333 1280 367 quasi
1321 333 1425 361 nullius
1459 333 1538 368 pretii
1574 334 1722 365 hominem,

939 373 1013 401 hunc
1050 374 1151 410 Regem
1184 377 1408 412 conﬁtebantur;
1441 386 1455 405 a
1477 386 1531 413 quo
1563 379 1627 406 vilia
1661 379 1723 406 abs—

939 421 1059 447 tulerant
1081 421 1133 456 71
1163 422 1335 456 vestimenta,
1351 431 1411 450 eum
1437 432 1554 458 purpura
1570 425 1725 451 circumda-

938 465 1004 492 bant
1018 474 1024 498 ;
1038 474 1118 501 quem
1134 467 1219 502 ignari
1233 469 1408 496 contumeliis
1417 468 1576 502 adiciebant,
1586 477 1647 496 eum
1657 478 1722 505 pro-

938 510 1046 545 phetam
1071 511 1135 539 licet
1154 512 1231 539 inviti
1261 513 1434 548 appellabant
1450 524 1456 541 :
1473 522 1552 549 quem
1576 522 1637 542 cum
1655 515 1722 542 ludi-

940 556 1001 584 brio
1015 557 1165 590 cmdcbant,
1175 558 1201 585 ei
1218 558 1338 586 victoriae
1356 559 1457 586 indicia
1479 561 1631 593 tradebant,
1646 561 1721 589 chla-

938 604 1045 638 mydem
1064 605 1231 637 coccineam,
1247 613 1376 632 coronam
1403 607 1435 634 de
1450 607 1548 642 spinis,
1562 611 1588 635 et
1609 609 1721 636 arundi~

937 656 1009 676 nem.
1024 648 1092 676 Nam
1115 650 1178 677 licet
1198 658 1228 678 ea
1253 659 1301 685 per
1330 653 1520 679 contumeliam
1544 658 1675 688 agerent:
1694 659 1721 681 at

937 694 1100 730 ignorabant
1116 704 1145 724 se
1159 697 1240 724 etiam
1259 697 1360 725 invitos
1375 698 1409 725 ab
1433 699 1492 734 ipso
1510 699 1631 734 spoliari.
1652 699 1719 727 Cum

935 741 1007 768 enim
1036 747 1148 777 peccato
1168 747 1241 770 terra
1262 751 1276 770 ο
1304 744 1415 771 diabolo
1441 750 1596 777 cruentata,
1609 749 1636 773 ct
1655 754 1720 773 san-

935 786 1018 820 guine
1035 787 1179 822 plusquam
1196 789 1275 823 aquis
1290 788 1395 815 imbuta
1426 793 1509 822 esset,
1525 790 1597 824 quod
1614 790 1648 817 ab
1669 790 1721 817 ini-

936 833 975 860 tio
1004 834 1164 868 sanguinem
1195 835 1288 862 Abelis
1316 835 1391 862 hiatu
1421 844 1472 863 suo
1501 837 1662 871 recepisset,
1689 844 1720 864 ac

78 881 253 915 γραμμῶιον
264 889 271 895 ·
290 890 300 906 ι
327 881 393 916 Ἀρὰ
409 882 455 908 καὶ
466 881 572 917 ψεῦδος,
589 883 636 910 καὶ
651 882 748 919 κλοπὴ,
767 883 812 910 καὶ
826 892 870 918 μοι

937 878 1066 913 deinceps
1093 878 1217 907 homines
1246 881 1405 915 sanguinem
1434 882 1561 917 sanguini
1589 883 1721 910 adderent

80 926 143 960 χεία
168 926 292 962 κέχυται
312 927 359 953 ἐπὶ
381 928 431 962 τῆς
452 929 515 963 γῆς,
533 928 579 956 καὶ
599 929 701 964 αἵματα
724 930 766 963 ἐφ’
789 929 885 964 αἵμασι

83 970 230 1005 μία-γουσι.
254 981 265 996 ι
280 972 335 998 Καὶ
348 969 381 1006 ἦν
396 972 440 999 διὰ
458 973 537 1000 τοῦτο
550 974 596 1000 καὶ
611 974 787 1009 κατηραμένη
805 975 821 1009 ἡ
837 974 883 1009 γῆ.

81 1015 212 1049 λέγοντος
234 1016 285 1043 τοῦ
306 1017 390 1044 Θεοῦ·
411 1028 420 1044 ι
440 1020 496 1046 Καὶ
514 1019 561 1046 νῦν
585 1020 784 1056 ἑπικατάρατος
801 1021 816 1055 ἡ
837 1021 883 1055 γῆ,

80 1061 99 1096 ἦ
115 1061 198 1096 ἑχανε
218 1062 253 1089 τὸ
274 1063 362 1099 στόμα
380 1065 464 1099 αὐτῆς
476 1063 603 1097 δέξασθαι
618 1065 648 1092 τὺ
658 1062 727 1101 αἷμα
740 1066 822 1093 ’Ἅϐελ
837 1065 883 1092 τοῦ

82 1107 201 1142 ἀδελφοῦ
221 1117 281 1135 σου.
301 1118 310 1135 ι
329 1107 383 1136 Ἦν
402 1110 431 1136 δὲ
451 1111 641 1147 καὶπρότερον
661 1111 704 1138 διὰ
725 1112 774 1148 τὴν
792 1113 883 1148 παρά-

84 1153 165 1180 ϐασιν
182 1154 232 1181 τοῦ
260 1155 347 1191 Ἀδὰμ
369 1158 593 1192 καταρασάμενος
616 1158 699 1193 αὐτὴν
720 1159 883 1195 όΔεσπότης

83 1198 171 1233 λέγων
181 1209 188 1216 ·
207 1210 216 1226 ι
243 1201 460 1238 Ἐπικατάρατος
472 1204 488 1237 ἡ
499 1203 534 1238 γῆ
548 1204 576 1230 ὲν
588 1205 644 1235 τοῖς
654 1204 745 1239 ἔργοις
759 1213 815 1231 σου.
839 1205 882 1232 Ἐν

85 1244 186 1278 λύπαις
200 1248 278 1282 φαγῇ
299 1247 384 1282 αὐτὴν
399 1248 427 1274 ἐν
444 1249 545 1281 πάσαις
559 1250 617 1281 ταῖς
632 1250 747 1286 ἡμέραις
761 1251 816 1285 (97)
833 1251 882 1286 τῆς

85 1290 158 1326 ζωῆς
175 1300 235 1318 σου.
256 1302 265 1318 ι
286 1293 342 1319 Καὶ
354 1293 421 1326 ὅλως
435 1292 468 1329 ἦν
481 1295 606 1329 αἱμάτων
621 1296 708 1323 πάντα
726 1296 823 1331 μεστὰ,
835 1297 881 1323 καὶ

85 1337 370 1377 ἄκανθαιηπανταχοῦ
396 1340 508 1374 ἐφύοντο
530 1341 575 1367 διά
600 1341 647 1377 τὴν
669 1343 802 1378 κατάραν.
827 1343 882 1369 Καὶ

84 1382 185 1408 τούτων
205 1383 280 1418 ἔχων
297 1384 327 1410 τὸ
341 1385 532 1422 χειρόγραφον,
550 1387 668 1422 ἐπῄρετο
687 1388 757 1414 κατὰ
773 1388 880 1414 πάντων

86 1429 99 1453 ὁ
119 1428 233 1463 ἐχθρὸς,
255 1430 305 1456 καὶ
323 1431 498 1467 ἐτυράννευεν
522 1432 559 1464 ὡς
583 1434 752 1469 ὑποχειρίους
777 1435 881 1466 πάντας

87 1473 163 1508 ἔχων.
179 1475 286 1502 Τούτου
305 1476 396 1504 ἕνεκεν
418 1478 567 1510 σκυλεύσας
587 1479 667 1506 αὑτὸν
683 1480 810 1507 ἁπάντων
822 1481 878 1517 (98)

937 924 1186 959 admiscerentque,
1200 929 1229 951 ut
1243 926 1375 960 scriptum
1388 931 1430 954 est
1448 937 1454 954 :
1477 937 1485 953 l
1503 927 1676 956 Maledictum
1693 933 1720 956 et

936 970 1108 997 mendacium
1129 974 1155 998 et
1177 970 1293 1004 furtum,
1313 977 1340 1000 et
1358 973 1521 1001 adulterium
1548 975 1632 1002 etl‘usa
1656 978 1721 1002 sunt

936 1023 1018 1050 super
1029 1019 1142 1048 terram,
1155 1021 1181 1044 et
1191 1017 1352 1052 sanguinem
1368 1019 1492 1053 sanguini
1505 1019 1655 1047 admiscent
1667 1021 1716 1046 δα.»

935 1060 1054 1096 Eratque
1075 1068 1106 1089 ea
1121 1062 1154 1089 de
1166 1070 1249 1089 causa
1268 1063 1408 1091 maledicta
1425 1068 1507 1097 terra,
1520 1065 1628 1093 dicente
1642 1065 1698 1093 Deo
1711 1074 1717 1092 2

939 1115 947 1131 ι
969 1106 1001 1133 Et
1016 1115 1100 1140 nunc,
1116 1108 1261 1135 maledicta
1274 1112 1358 1142 terra,
1374 1118 1433 1144 qua}
1448 1111 1554 1145 aperuit
1580 1118 1611 1139 os
1626 1119 1717 1143 suum.

934 1157 964 1180 ut
985 1154 1121 1188 exciperet
1137 1155 1295 1190 sanguinem
1310 1156 1401 1184 Abelis
1428 1155 1520 1184 fratris
1537 1157 1615 1184 tui".
1639 1167 1648 1183 ι
1667 1157 1718 1185 Cui

931 1200 985 1234 jam
1015 1205 1095 1228 antea
1126 1200 1258 1229 Dominus
1289 1202 1324 1229 ob
1354 1202 1605 1237 praevaricationem
1623 1202 1718 1230 Adami

933 1246 1120 1279 maledixerat,
1143 1247 1186 1274 his
1204 1246 1293 1274 verbis
1308 1257 1314 1274 :
1335 1257 1343 1273 ι
1366 1247 1509 1275 Maledicta
1527 1253 1597 1275 terra
1616 1249 1642 1275 in
1654 1256 1718 1283 0pc-

932 1292 1009 1320 ribus
1033 1293 1109 1320 tuis:
1127 1294 1155 1320 in
1186 1293 1317 1320 aerumnis
1342 1293 1468 1322 comedes
1494 1294 1566 1321 illam
1591 1295 1718 1322 omnibus

932 1338 1028 1365 diebus
1041 1339 1206 1367 vitaetuae“.
1228 1350 1237 1365 ι
1253 1338 1428 1374 Prorsusque
1440 1346 1518 1367 erant
1542 1340 1633 1367 omnia
1654 1349 1717 1368 san-

932 1383 1012 1417 guine
1031 1383 1121 1417 plena,
1138 1388 1165 1411 et
1177 1388 1288 1419 propter
1304 1385 1478 1412 maledictum
1495 1385 1615 1420 undique
1632 1386 1717 1420 spinae

931 1429 1134 1457 exoriebantur.
1153 1430 1185 1457 Et
1207 1430 1258 1457 hoc
1280 1431 1492 1466 chirographum
1511 1435 1608 1458 nactus
1625 1432 1718 1459 inimi-

931 1482 980 1502 cus
996 1480 1099 1509 noster,
1124 1476 1151 1502 in
1169 1484 1264 1504 omnes
1280 1477 1450 1512 insurgebat,
1467 1477 1494 1503 in
1518 1485 1667 1512 omnesque
1687 1481 1716 1504 ut

87 1520 100 1566 ο
116 1520 226 1556 Κύριος,
245 1522 341 1549 λοιπὸν
354 1523 525 1559 ἀπαγόμενος
540 1526 579 1556 εἰς
592 1526 638 1552 τὸν
651 1526 764 1553 θάνατον
774 1547 780 1558 ,
803 1536 872 1563 περι-

931 1521 984 1548 sibi
1001 1521 1125 1550 subditos
1142 1522 1313 1558 tyrannidem
1329 1523 1483 1550 exercebat.
1501 1522 1562 1550 Ideo
1585 1523 1716 1551 Dominus

88 1563 174 1591 έκειτο
191 1566 297 1593 ταῦτα·
316 1567 359 1594 ἵνα
382 1568 454 1604 δείξῃ
469 1569 515 1596 τοῦ
529 1569 644 1596 θανάτου
659 1571 689 1597 τὸ
704 1570 878 1607 κατόρθωμα,

88 1610 126 1637 ἔτι
136 1612 184 1647 οὐχ
198 1613 305 1646 ἁπλῶς,
320 1613 377 1641 ἀλλ’
388 1614 458 1650 ὑπὲρ
472 1616 520 1652 τῆς
535 1617 671 1653 σωτηρίας
682 1618 760 1653 ἡμῶν
772 1618 877 1652 γέγονε.

89 1657 141 1684 Καὶ
153 1658 185 1684 τά
199 1659 249 1694 μὲν
266 1660 372 1695 αἵματα
384 1661 413 1688 ἐν
432 1663 464 1697 τῇ
481 1663 594 1698 κοκκίνῃ
615 1662 730 1699 χλαμύδι
749 1662 815 1699 εἶχε,
831 1664 878 1696 τὰς

89 1702 114 1728 δὲ
129 1704 248 1737 ἀκάνθας
265 1707 296 1733 ὲν
308 1706 347 1742 τῷ
364 1708 496 1744 στεφάνῳ,
509 1709 539 1735 τὸ
555 1710 583 1736 δὲ
600 1710 779 1746 χειρόγραφον
794 1712 823 1737 ὲν
839 1711 878 1746 τῷ

91 1748 211 1785 καλάμῳ,
230 1753 259 1778 ἐν
278 1750 301 1786 ᾧ
317 1753 363 1779 καὶ
376 1753 458 1781 πάλαι
475 1755 643 1790 κατέγραςρεν
664 1757 740 1792 ήμῶν
755 1758 769 1783 ὁ
789 1757 878 1784 suae.

92 1794 133 1826 λος
142 1804 148 1810 “
165 1797 207 1823 ἴνα
220 1799 270 1826 σὺν
285 1799 325 1834 τῷ
335 1799 441 1834 Θανάτῳ
456 1802 503 1828 καὶ
515 1801 602 1828 ταῦτα
614 1802 706 1829 λοιπον
716 1803 873 1840 ἑξαφανίσῃ,

94 1842 137 1868 καὶ
151 1843 197 1879 τὴν
218 1846 310 1872 κτίσιν
327 1846 382 1872 ἀπὸ
396 1846 498 1874 τούτων
524 1847 648 1884 καθάρῃ·
674 1849 720 1875 καὶ
743 1850 802 1876 ἀντὶ
827 1850 875 1885 μὲν

92 1887 141 1914 τῶν
155 1889 282 1917 ἀκανθῶν
295 1891 325 1917 τὸ
340 1892 417 1925 ξύλον
433 1893 483 1928 τῆς
501 1892 574 1928 ζωῆς
592 1894 738 1930 χαρίσηται
749 1903 755 1909 ”
773 1895 833 1922 ἀντὶ
847 1896 875 1922 δὲ

93 1933 141 1959 τῶν
155 1935 203 1970 τῆς
221 1937 362 1973 ἁμαρτίας
378 1939 501 1974 αἱμάτων
514 1939 551 1975 τῷ
570 1939 626 1975 ἰδίῳ
649 1941 743 1976 αἵματι
762 1941 811 1977 τὴν
823 1941 875 1977 γῆν

93 1979 135 2004 καὶ
147 1981 207 2013 τοὺς
217 1984 323 2014 πάντας
334 1983 470 2020 καθαρίσῃ
479 1992 485 1998 ·
501 1985 546 2012 καὶ
556 1986 615 2012 ἀντὶ
630 1986 678 2022 τῆς
691 1987 813 2023 κατάρας
825 1996 875 2022 μα-

94 2025 183 2062 καρίτῃ
201 2027 295 2055 λοιπὸν
310 2029 372 2061 τοὺς
386 2030 415 2056 ὲν
427 2032 460 2066 τῇ
480 2033 527 2066 γῇ,
547 2031 649 2066 λέγων·
669 2041 679 2058 ι
696 2032 833 2068 Μακάριοι
849 2034 874 2059 οἱ

95 2073 191 2104 πραεῖς,
213 2074 254 2101 ᾶτι
284 2075 360 2101 αὐτοὶ
384 2076 617 2112 κληρονομήσουσι
636 2078 685 2113 τὴν
700 2078 761 2113 γῆν.
793 2088 802 2104 ι
825 2078 874 2105 Διὰ

95 2114 162 2142 τοῦτο
180 2118 243 2154 γάρ,
264 2120 302 2147 τὰ
318 2121 396 2156 ἡμῶν
414 2122 518 2157 αἵματα
535 2122 681 2157 βαστάσας,
705 2124 735 2150 τὸ
752 2124 817 2151 ίδιον
833 2126 873 2157 είς

98 2159 171 2196 αὑτὴν
192 2164 368 2199 ὲξεκένωσεν,
384 2168 430 2202 ἀφ’
449 2166 479 2195 οὗ
501 2169 547 2196 καὶ
563 2169 622 2196 ἀντὶ
637 2169 762 2197 ἀκανθῶν
782 2171 872 2205 ἀγαθὰ

931 1576 1065 1595 eumeutn
1081 1569 1208 1596 omnibus
1232 1569 1389 1604 spoliasset,
1407 1569 1516 1596 demum
1538 1569 1569 1595 ad
1601 1573 1714 1596 mortem

930 1612 1077 1645 abductus,
1093 1613 1127 1640 iis
1142 1613 1315 1646 induebatur,
1330 1618 1359 1641 ut
1379 1614 1468 1649 palam
1492 1613 1603 1646 faceret,
1619 1615 1715 1642 mortis

928 1657 1083 1690 victoriam,
1097 1666 1152 1685 non
1176 1662 1289 1691 temere,
1309 1659 1355 1687 sed
1368 1667 1420 1694 pro
1440 1660 1528 1687 salute
1540 1664 1636 1687 nostra
1653 1668 1715 1695 par-

929 1707 983 1731 tam
1003 1712 1074 1732 esse.
1094 1704 1280 1740 Gestabatque
1299 1706 1326 1733 in
1344 1706 1486 1741 chlamyde
1505 1706 1635 1734 coccinea
1651 1714 1715 1734 san-

927 1750 1046 1785 guinem,
1059 1751 1153 1786 spinas
1177 1751 1204 1778 in
1232 1759 1345 1784 corona,
1364 1752 1577 1787 chirographum
1602 1760 1666 1780 vero
1686 1755 1713 1779 in

927 1796 1070 1830 arundine,
1086 1797 1113 1823 in
1130 1804 1185 1832 quo
1202 1797 1259 1832 jam
1286 1798 1351 1824 olim
1380 1798 1528 1833 scripserat
1544 1803 1640 1825 contra
1662 1807 1713 1826 nos

927 1842 1111 1876 diabolusgut
1128 1851 1180 1870 una
1207 1851 1269 1870 cum
1292 1848 1389 1875 morte.
1413 1844 1471 1871 hch
1494 1844 1576 1872 etiam
1604 1844 1712 1871 demum

927 1889 1061 1921 aboleret;
1092 1894 1288 1924 creaturasque
1324 1890 1358 1918 iis
1385 1895 1585 1926 perpurgaret:
1608 1895 1636 1919 et
1663 1899 1713 1926 pro

926 1936 1012 1970 spinis
1025 1936 1135 1971 quidem
1152 1936 1254 1972 lignum
1271 1936 1333 1964 vita:
1351 1936 1495 1972 largiretur
1511 1947 1517 1964 :
1536 1945 1585 1972 pro
1607 1938 1712 1972 peccati

925 1981 1068 2019 sanguine,
1091 1982 1201 2016 proprio
1233 1982 1367 2017 sanguine
1388 1987 1488 2010 terram
1516 1987 1543 2010 et
1569 1984 1712 2011 universos

925 2027 1086 2054 emundaret
1104 2037 1110 2054 :
1127 2035 1177 2062 pro
1196 2028 1355 2061 maledicto,
1375 2035 1472 2056 omnes
1499 2028 1608 2056 demum
1632 2033 1712 2057 terra:

924 2072 1028 2099 incolas
1044 2072 1138 2100 beatos
1167 2072 1281 2105 diceret,
1305 2073 1348 2100 his
1369 2073 1460 2101 verbis
1477 2081 1484 2098 ε
1502 2082 1511 2098 ι
1527 2073 1603 2101 Beati
1619 2075 1710 2106 mites,

924 2118 1051 2153 quoniam
1062 2118 1112 2153 ipsi
1127 2118 1306 2153 possidebunt
1323 2122 1422 2146 terram
1431 2119 1464 2146 ".
1480 2128 1490 2145 ι
1509 2118 1614 2146 Idcirco
1637 2119 1708 2146 enim

923 2169 1048 2192 nostrum
1078 2164 1169 2193 ferens
1197 2165 1369 2200 sanguinem,
1383 2165 1525 2200 proprium
1548 2165 1709 2200 sanguinem

98 2205 137 2230 “‘-
149 2206 200 2243 ζωὴ
214 2210 338 2245 πέφυκεν
353 2213 392 2243 είς
410 2213 494 2248 αὑτήν
509 2213 564 2248 (99)
575 2223 581 2229 ·
602 2215 642 2246 εἰς
663 2215 696 2250 ἢν
710 2215 870 2242 ἀποϐλέπων

931 2219 1006 2246 super
1025 2218 1085 2239 eam
1100 2211 1214 2244 ell'udit;
1231 2219 1263 2239 ex
1276 2219 1331 2246 quo
1349 2211 1451 2238 factum
1477 2215 1519 2238 est
1537 2214 1565 2237 ut
1589 2218 1638 2245 pro
1653 2211 1708 2245 spi—

99 2250 187 2296 ξᾶγιος
203 2257 285 2283 Δαόίδ
300 2266 383 2293 φησι·
404 2268 413 2284 ι
432 2260 556 2286 Πιστεύω
569 2261 616 2287 τοῦ
640 2261 703 2288 ίδείν
724 2261 758 2288 τὰ
781 2262 871 2296 ἀγαθὰ

100 2294 186 2332 Κυρίου
200 2301 228 2328 ὲν
242 2304 277 2339 γῇ
293 2302 411 2335 ζώντων.
432 2314 442 2331 ι

129 2394 167 2444 ΓΙ(
183 2399 236 2427 Καὶ
251 2402 339 2435 ἄλλως
349 2403 377 2430 δὲ
393 2404 438 2432 τὸν
452 2405 582 2440 στέφανον
600 2407 653 2434 τῶν
666 2407 790 2435 ἀκανθῶν
803 2409 867 2444 ἐφό-

101 2443 269 2493 ξξινεξνξι-τὰς
291 2449 425 2485 μερίμνας
450 2451 527 2486 ήμῶν
553 2452 701 2490 ἐξαφανίσῃ
727 2455 773 2481 τοῦ
797 2443 865 2490 βίου.

112 2484 233 2537 Είπέξριψε
245 2493 298 2529 γὰρ
309 2495 322 2520 ὁ
335 2484 424 2528 ἄθλιος
436 2484 482 2524 κα).
493 2498 568 2525 ἄκων
576 2484 626 2530 τάς
642 2484 776 2536 μερίμνας
789 2484 865 2537 ήμῶν

101 2528 217 2563 έπ¹ᾱὺτὺν
228 2528 376 2574 οὺκνεζδὼς,
390 2542 442 2575 ὃτι,
456 2543 558 2576 ταύτας
573 2528 714 2580 βαςὲτξςιξὲυᾷ
725 2547 739 2572 ὁ
753 2528 863 2582 ἠύριος,

921 2257 975 2289 nis,
990 2257 1061 2284 bona
1089 2257 1173 2284 multa
1202 2260 1229 2284 et
1259 2258 1314 2283 vita
1339 2257 1367 2284 in
1399 2256 1445 2283 illa
1473 2256 1638 2290 germinaret
1656 2263 1662 2281 :
1679 2255 1708 2282 in

920 2310 1002 2338 quam
1030 2303 1115 2331 David
1145 2304 1297 2338 respiciens
1312 2304 1350 2330 ait
1370 2313 1375 2330 :
1395 2312 1404 2328 ι
1423 2302 1512 2330 Credo
1529 2302 1621 2330 videre
1636 2301 1706 2329 bona

920 2351 1026 2378 Domini
1040 2351 1069 2378 in
1085 2354 1160 2378 terra
1179 2350 1327 2378 viventium
1341 2350 1373 2376 δα.
1394 2359 1403 2375 ι

957 2409 1001 2435 17.
1024 2408 1084 2435 Alia
1101 2415 1211 2444 quoque
1239 2408 1344 2435 ratione
1367 2413 1497 2434 coronam
1517 2406 1638 2440 spineam
1660 2413 1705 2441 ge-

920 2454 1020 2486 stabat,
1039 2458 1067 2482 ut
1084 2453 1285 2481 sollicitudines
1299 2453 1327 2479 in
1351 2452 1403 2479 hac
1419 2451 1472 2478 vita
1487 2455 1597 2479 nostras
1612 2451 1700 2478 aufer-

919 2504 971 2528 ret.
989 2500 1086 2535 injecit
1102 2501 1175 2527 enim
1196 2499 1291 2526 infelix
1313 2498 1370 2530 ille,
1388 2498 1453 2525 licet
1467 2497 1580 2528 invitus,
1596 2501 1706 2525 nostras

920 2548 948 2575 in
977 2547 1054 2575 illum
1083 2546 1293 2577 sollicitudines,
1318 2545 1460 2580 ignorans,
1478 2543 1623 2570 Dominum
1644 2543 1705 2570 illas

130 2628 150 2645 "
166 2631 223 2663 οδε.
239 2646 275 2673 iv,
289 2639 316 2668 2.
353 2641 376 2657 ⁵⁷
395 2641 494 2672 Genes.
512 2651 549 2677 IV,
566 2644 610 2674 Η.
648 2645 671 2661 ⁸³
689 2645 787 2675 Genes.
807 2656 856 2681 in,

931 2647 972 2675 l9.
1010 2648 1032 2663 "
1054 2647 1149 2676 Matth.
1168 2655 1195 2680 ν,
1212 2647 1238 2674 4.
1277 2643 1301 2662 θο
1320 2644 1392 2674 Psal.
1410 2653 1493 2679 xxvt,
1511 2646 1556 2673 l5.

187 2731 291 2772 Regius,
301 2740 477 2770 ὲσκυλεύοντς
483 2743 595 2776 τούτων,
608 2748 635 2773 et
643 2746 762 2774 secunda
769 2754 862 2781 manu,

130 2775 161 2789 ~11!
177 2786 183 2792 ,
589 2775 593 2776 ⁷
854 2775 860 2781 ¹

130 2775 180 2871 tit
192 2801 654 2878 tau:,ezaauaaarm

948 2747 1004 2783 (99)
1029 2747 1066 2775 Ita
1088 2755 1183 2783 omnes
1196 2748 1376 2783 manuscripti
1398 2751 1426 2775 et
1448 2747 1701 2783 editLCommelin.

913 2782 985 2819 ﬁdit.
1007 2790 1071 2810 vero
1096 2782 1184 2810 Paris.
1207 2785 1248 2815 εἰς
1266 2782 1360 2819 αρτήν.
1377 2783 1449 2815 Mox,
1464 2782 1556 2814 Δαὸίδ,
1586 2783 1663 2819 abest
1685 2790 1702 2808 ει

911 2817 998 2853 Regio
1023 2822 1050 2845 et
1077 2818 1237 2853 Anglicano.
1267 2817 1333 2846 Mox‘
1359 2819 1387 2846 in
1413 2823 1561 2853 postremo,
1586 2817 1699 2853 Κυρίου,

913 2852 1004 2883 deest:
1021 2859 1046 2882 et
1057 2854 1137 2888 paulo
1147 2858 1207 2889 post
1219 2854 1246 2881 in
1263 2854 1368 2888 eodem,
1384 2852 1437 2881 τῶν
1459 2852 1596 2883 ἀκανθῶν.
1612 2853 1698 2880 deest.
