1915 3057
179 140 233 168 213

179 201 341 235 gestantem.
361 204 409 224 nos
427 196 454 222 in
469 196 541 223 illius
554 195 713 230 perniciem,
729 195 960 222 sollicitudinibus
977 199 996 226 Α

179 252 280 272 vacuos
293 243 478 274 redditurum;
496 243 531 269 ita
543 246 572 269 ut
588 241 662 269 verbi
679 245 829 268 sementem
845 249 859 268 a
871 242 958 276 spinis

180 293 370 325 perpurgatam
398 288 563 320 habeamus;
578 287 605 314 in
624 287 749 314 oratione
765 295 829 314 vero
844 292 962 315 mentem

179 335 254 362 curis
269 334 379 360 minime
394 333 568 360 abstractam.
585 331 645 367 lpse
661 332 732 359 enim
753 339 802 366 pro
822 332 901 359 nobis
915 332 964 359 do-

180 379 230 406 luit
248 379 437 412 sollicitusque
455 378 515 407 fuit,
529 382 559 404 ut
571 385 621 404 nos
637 377 777 404 doloribus
791 383 961 404 vacarcmus.

180 424 295 460 Ideoque
311 431 419 451 rursum
436 423 595 450 arundinem
617 430 650 449 ex
675 422 718 455 eis
743 422 849 456 accepit
866 421 957 448 Domi-

180 479 242 503 nus,
262 471 373 505 ipseque
388 470 512 496 diabolus
526 477 585 496 eam
612 468 727 495 Domino
747 467 870 499 tradidit,
887 468 963 501 igna-

179 524 228 543 rus
247 524 308 544 sese
328 519 423 543 contra
450 523 479 542 se
497 515 616 550 gladium
640 522 748 542 acuere.
765 513 870 540 Dicitur
889 513 961 540 enim

180 562 298 595 arundo,
323 561 495 596 serpentibus
524 560 682 587 occidendis
717 563 795 593 apta,
823 559 962 594 frangique

180 606 242 634 illos
259 605 392 633 arundine
406 605 498 639 potius
515 611 594 638 quam
614 603 798 630 instrumento
814 603 876 630 alio.
893 602 962 629 Cum

180 653 262 688 igitur
279 651 336 686 ipse
347 649 478 676 Dominus
494 648 622 679 Sabaoth,
636 652 666 674 ut
692 648 730 674 ait
745 647 847 679 lsaias,
868 655 963 682 perse-

181 701 309 732 queretur
324 695 468 730 fugientem
481 693 638 723 draconem,
657 697 821 726 serpentem,
835 700 962 727 magnum

180 742 318 770 diabolum
336 750 342 767 ;
360 741 420 767 ideo
437 739 509 774 quod
535 739 574 766 illi
587 739 696 766 exitiale
711 743 770 765 erat
784 738 818 764 ab
833 738 873 765 eis
885 744 962 765 acce-

180 788 220 823 pit
233 786 380 819 Dominus;
398 789 425 812 ut
442 785 559 819 propriis
575 784 628 811 sibi
651 784 733 811 rebus
749 783 889 810 debilitato
903 783 959 809 dia-

181 834 254 864 bolo,
268 832 350 860 rebus
366 831 469 859 Domini
487 831 610 858 homines
628 830 754 857 fortiores
771 829 959 857 redderentur.

181 879 267 911 Quale
284 877 367 904 David
385 877 411 903 in
430 875 537 903 Goliath
549 875 712 910 designavit,
726 875 772 910 qui
786 879 897 909 accepto
910 875 962 902 ini-
977 867 999 895 Β

181 924 244 951 mic‘i
261 923 360 958 gladio,
378 930 410 950 eo
423 923 482 957 ipso
494 925 575 957 caput
602 922 704 949 inimici
729 921 892 956 prtccidit“.
919 919 962 947 ld-

182 970 272 1005 ipsum
291 969 347 1004 jam
378 968 502 996 Salvator
524 968 659 1004 praestitit,
688 971 799 1003 accepta
831 967 866 994 ab
895 967 961 1001 ipsis

182 1014 327 1045 arundine,
342 1017 371 1040 ut
389 1021 442 1040 non
461 1014 541 1041 modo
566 1022 616 1041 nos
630 1021 644 1040 a
658 1014 794 1048 serpentis
809 1013 915 1040 fallacia
927 1012 961 1039 li-

181 1060 305 1093 beraret;
319 1059 366 1086 sed
381 1059 461 1087 etiam
476 1060 564 1094 ipsum
589 1064 741 1094 serpentem
767 1058 901 1085 arundine
915 1065 963 1084 oc-

180 1105 293 1136 cideret,
312 1108 503 1138 mortuumque
532 1104 682 1131 exhiberet.
710 1103 749 1130 lta
766 1104 848 1139 igitur
865 1104 961 1131 illusus

182 1152 314 1180 scelestus
327 1151 382 1183 ille,
400 1150 495 1177 videns
511 1158 540 1178 se
556 1150 590 1177 ab
604 1151 638 1177 iis
651 1150 786 1178 excidisse
798 1150 890 1182 rebus,
901 1150 961 1185 qui-

181 1196 233 1224 bus
247 1196 392 1223 adversum
407 1203 458 1223 nos
472 1196 524 1230 72
540 1195 720 1223 efferebatur:
737 1195 887 1230 vidensque
903 1203 932 1223 se
946 1203 961 1222 a

179 1246 253 1270 terra
271 1241 456 1274 exturbatum,
476 1245 631 1276 terramque
647 1249 662 1268 a
680 1242 811 1276 sanguine
835 1245 862 1269 et
876 1241 963 1276 spinis

181 1286 324 1314 emundari
341 1296 347 1313 :
365 1294 479 1321 seseque
494 1286 589 1314 videns
605 1286 731 1314 amisisse
753 1287 961 1321 chirographum

181 1337 208 1360 et
226 1333 372 1364 calamum,
390 1332 417 1358 in
431 1339 486 1366 quo
499 1332 643 1359 adversum
658 1340 709 1359 nos
728 1333 885 1366 scripserat,
901 1342 963 1361 rur-

182 1387 242 1406 sum
256 1385 310 1405 non
324 1378 447 1405 audenda
464 1378 554 1409 audet,
576 1385 660 1412 seque
681 1378 771 1412 ipsum
787 1380 875 1414 magis
890 1387 922 1407 ea
934 1388 962 1407 re

181 1425 310 1459 percutit.
324 1424 391 1451 Cum
406 1425 478 1451 enim
497 1425 645 1452 audivisset
655 1424 794 1459 improbus
810 1425 854 1452 ille
871 1425 962 1453 Domi-

181 1477 246 1496 num
260 1469 394 1496 dicentem
417 1477 424 1495 :
443 1478 452 1494 ι
467 1469 586 1504 Spiritus
603 1474 744 1505 promptus
765 1475 818 1503 est,
837 1478 902 1498 caro
915 1479 962 1498 au-

181 1519 234 1542 tem
251 1514 415 1546 infirma°',»
430 1519 507 1542 ratus
518 1514 638 1543 Verbum
648 1524 702 1544 una
717 1524 780 1543 cum
792 1524 906 1552 corpore
921 1517 962 1544 in-

182 1561 295 1593 firmari,
309 1568 359 1588 nec
370 1569 480 1596 corpus,
497 1561 577 1589 Verbi
589 1562 689 1590 virtute
701 1564 885 1596 corroborari,
902 1571 963 1591 rur-
976 1543 998 1572 C

182 1615 242 1635 sum
263 1607 368 1634 nefaria
383 1608 548 1642 aggreditur.
563 1609 761 1644 carniﬁcesque
787 1613 883 1637 contra
903 1609 964 1638 Sal-

181 1658 302 1681 vatorem
329 1653 486 1685 concitavit,
502 1655 561 1688 ipse
589 1662 654 1682 vero
682 1655 769 1690 spinis
790 1655 914 1688 adhaesit,
935 1658 962 1684 in

182 1700 271 1735 iisque
285 1699 434 1730 volutatus.
451 1707 508 1725 rem
526 1706 624 1733 passus
648 1703 690 1726 est
716 1700 767 1727 sibi
785 1702 962 1728 contrariam.

183 1745 254 1773 Dum
268 1744 327 1771 illas
343 1745 415 1772 enim
431 1748 534 1772 teneret
547 1745 639 1772 amisit
660 1745 744 1780 ipsas,
764 1753 832 1780 quas
852 1747 964 1781 putabat

183 1791 300 1817 amissas
327 1797 504 1818 resumerese
521 1791 630 1817 tandem
643 1798 724 1825 posse
740 1800 745 1816 :
762 1797 788 1818 at
813 1800 866 1819 non
889 1793 963 1827 prius

182 1835 243 1863 illas
257 1835 377 1870 recipere
391 1836 485 1867 valuit,
500 1843 581 1870 quam
597 1835 722 1863 Salvator
744 1837 963 1865 maledictionem

182 1885 306 1908 nostram
325 1881 354 1908 in
381 1881 450 1916 ipsis
477 1881 557 1909 sitam
587 1882 730 1910 elevasset.
747 1883 962 1911 Maledictionem

183 1927 366 1962 quippeillam
378 1935 440 1954 cum
452 1931 585 1962 gestasset
605 1928 754 1962 Dominus;
773 1932 830 1956 tum
854 1929 963 1957 demum

182 1973 286 2008 recepit
309 1973 354 1999 ille
379 1973 472 2007 spinas
498 1976 525 2000 et
550 1973 720 2009 chlamydem
740 1984 746 2001 :
769 1982 829 2009 quze
861 1975 963 2002 nullam

182 2023 240 2047 tum
256 2019 386 2046 adversus
396 2027 446 2046 nos
458 2019 511 2046 vim
531 2019 673 2053 haberent,
690 2020 737 2047 sed
753 2021 844 2055 potius
863 2021 964 2055 impro-

182 2065 296 2093 bitatem
311 2071 405 2092 eorum
424 2070 580 2100 arguerent.
596 2064 655 2092 Jam
671 2066 744 2093 enim
760 2067 818 2101 ipse
840 2066 964 2094 diabolus

182 2110 211 2137 in
234 2109 331 2145 spinis,
353 2110 431 2145 quasi
461 2109 489 2136 in
512 2110 631 2138 stimulis
647 2114 742 2137 contra
762 2111 896 2138 calcitrat.
911 2110 964 2146 Ipsi

182 2163 291 2191 quoque
305 2155 339 2183 de
363 2155 489 2183 coccinea
515 2156 657 2191 chlamyde
680 2156 779 2183 dicitur
799 2166 805 2183 :
827 2157 964 2190 Quemad-

182 2203 292 2230 modum
308 2202 500 2230 vestimentum
526 2203 658 2237 sanguine
687 2210 868 2238 conspersum
886 2212 964 2231 mun-
980 2211 1002 2238 1)

182 2249 248 2276 dum
265 2257 319 2275 non
342 2253 400 2281 est;
414 2248 451 2275 ita
468 2256 556 2283 neque
570 2253 599 2275 tu
615 2249 734 2277 mundus
747 2249 813 2281 eris,
829 2249 895 2285 quia
908 2254 964 2277 ter-

183 2302 242 2322 ram
254 2302 340 2322 meam
352 2295 506 2329 perdidisti.
520 2295 704 2330 populumque
720 2303 809 2323 meum
828 2296 962 2324 occidisti.

220 2339 264 2366 18.
287 2339 468 2372 Quamobrem
481 2339 537 2373 jam
546 2339 690 2367 carnifices
705 2340 848 2368 concitans
862 2340 888 2367 in
904 2339 964 2367 Sal-

184 2387 317 2417 vatorem,
332 2385 482 2412 calcitravit
496 2385 524 2412 in
539 2385 625 2420 spinis
641 2385 719 2420 quasi
735 2386 763 2413 in
775 2386 904 2418 stimulis,
916 2394 964 2421 po-

185 2431 241 2458 tius
261 2431 320 2466 ipse
338 2439 497 2466 percussus,
512 2439 594 2466 quam
621 2435 786 2466 percuteret.
803 2431 877 2465 Quos
894 2432 965 2459 enim

186 2478 245 2512 ipse
256 2478 403 2505 commovit
413 2478 441 2506 in
453 2478 631 2509 Salvatorem.
645 2478 727 2506 iidem
737 2477 868 2505 adversus
878 2478 966 2513 ipsum

186 2531 263 2550 arma
274 2524 428 2552 sumebant.
444 2524 561 2559 Accepta
576 2524 676 2559 quippe
696 2531 711 2551 a
728 2524 870 2552 Salvatore
884 2531 968 2551 arun-

185 2567 261 2602 dine,
274 2569 328 2596 rati
344 2577 374 2597 se
394 2569 470 2596 illum
496 2573 649 2605 percutere,
673 2569 863 2603 caacutiebant,
887 2573 968 2606 atque

222 2660 245 2675 “
265 2659 274 2686 Ι
290 2660 356 2696 Reg.
372 2668 446 2692 xvu,
464 2660 509 2687 5i.
546 2661 569 2676 θ’
590 2659 685 2687 Matth.
703 2668 784 2694 xxvt,
800 2660 846 2687 M.

224 2734 261 2770 (Ι)
276 2737 345 2772 κατ’
359 2736 473 2767 ἐκείνου,
489 2736 568 2772 deest
581 2737 608 2763 in
623 2736 729 2772 Anglic.
749 2736 827 2771 cujus
842 2736 902 2763 loco
914 2735 968 2763 Re-

189 2769 250 2805 gius
265 2771 355 2802 habet,
371 2773 437 2806 κατ’
451 2770 543 2797 αὑτοῦζ
559 2769 679 2801 Ibidem:
692 2769 792 2806 Regius
808 2772 893 2801 solus.
917 2779 967 2796 r1-

188 2806 357 2868 τασκὲυάσει.
370 2805 442 2833 Editi
457 2813 520 2832 vero
533 2810 558 2832 et
572 2807 663 2834 caeteri
690 2805 869 2842 nanuscripti,
886 2814 969 2832 κατα-

189 2850 254 2868 σκευ
275 2850 318 2876 σῃ.

747 135 777 163 S.
797 133 1028 163 ATHANASIUS.
1049 150 1083 154 —
1102 134 1215 162 DUBIA.

1742 134 1816 161 2l6

1011 195 1073 226 τοὺς
1087 196 1189 225 πάντας
1203 194 1370 228 ἀμερίμνους
1388 193 1446 220 κατ’
1461 193 1562 220 ἐκείνου
1577 193 1614 228 (1)
1627 195 1819 221 κατασκευά-

1015 248 1055 266 σει
1068 249 1073 254 ·
1087 240 1156 266 ὥστε
1171 240 1216 265 τὸν
1231 239 1278 274 μὲν
1293 239 1393 274 σπόρον
1409 239 1454 266 τοῦ
1470 240 1549 273 λόγου
1567 239 1704 275 ἐλεύθερον
1725 240 1816 275 ἔχειν

1013 287 1067 312 ἀπὸ
1086 286 1139 312 τῶν
1159 285 1293 318 ἀκανθῶν,
1312 286 1340 312 ἐν
1360 285 1388 312 δέ
1409 287 1467 317 ταῖς
1491 285 1582 320 εὐχαῖς
1598 285 1628 311 τὸ
1643 286 1810 321 ἀπερίσπα-

1013 340 1084 358 στον.
1099 332 1184 363 Αὐτὸς
1197 331 1250 366 γὰρ
1272 331 1336 366 περὶ
1354 331 1432 366 ἡμῶν
1445 331 1565 357 ὠδυνᾶτο
1589 331 1634 357 καὶ
1651 331 1810 366 ἐμερίμνα,

1013 379 1056 405 ἵνα
1069 379 1148 413 ἡμεῖς
1162 377 1290 404 ἀνώδυνοι
1301 376 1453 412 γενώμεθα.
1466 377 1514 403 Διὰ
1526 376 1603 403 τοῦτο
1616 376 1644 403 δὲ
1657 377 1737 403 πάλιν
1750 377 1810 403 καὶ

1011 424 1057 451 τὸν
1071 423 1191 458 κάλαμον
1204 423 1338 458 ἐλάμϐανε
1353 424 1416 458 παρ’
1428 423 1517 450 αὐτῶν
1534 424 1548 449 ό
1560 423 1672 458 Κύριος,
1688 424 1735 450 καὶ
1747 424 1810 449 αὐ-

1013 470 1057 501 τὸς
1073 471 1087 496 ὁ
1099 469 1220 501 διάϐολος
1233 469 1353 496 ἐπεδίδου
1369 469 1462 496 τοῦτον
1477 469 1517 504 τῷ
1531 469 1635 505 Κυρίῳ,
1648 470 1698 496 οὐκ
1707 469 1807 501 είδὼς,

1012 515 1052 541 ὅτι
1067 515 1127 541 καθ’
1142 514 1238 541 ἑαυτοῦ
1257 515 1288 541 τδ
1308 514 1383 549 ξίφος
1397 515 1491 549 ἁκονᾷ.
1509 515 1623 549 Λέγεται
1641 515 1695 550 γὰρ
1717 515 1731 541 ὁ
1747 515 1812 541 κά·-

1012 560 1096 595 λαμος
1111 561 1280 596 ἁναιρετικὸς
1295 559 1363 587 εἶναι
1382 561 1435 586 τῶν
1450 560 1548 594 ὄφεων,
1567 561 1614 587 καὶ
1628 559 1713 595 τούτῳ
1729 560 1809 595 μᾶλ-

1013 605 1056 632 λον
1068 606 1084 641 ἦ
1100 606 1183 642 ἑτέρῳ
1197 606 1416 642 καταράσσεσθαι
1430 606 1536 638 αὐτούς.
1562 606 1636 632 Ἐπεὶ
1648 605 1736 632 τοίνυν
1748 605 1811 631 αὐ-

1012 652 1057 684 τὸς
1072 654 1086 680 ό
1098 653 1199 689 Κύριος
1214 653 1336 685 Σαϐαὼθ,
1355 653 1393 684 ὡς
1416 653 1528 684 Ἡσαΐας
1540 653 1624 687 λέγει,
1640 652 1734 678 ἐδίωκε
1750 652 1809 679 τὸν

1013 699 1146 733 φεύγοντα
1171 699 1313 735 δράκοντα,
1337 699 1381 725 τὸν
1408 698 1479 733 ὅφιν,
1496 698 1541 724 τὸν
1556 698 1641 733 μέγαν
1657 697 1777 724 διάϐολον
1793 705 1806 712 ’

1013 744 1105 771 τούτου
1131 745 1222 771 ἕνεκεν
1242 745 1324 771 αὐτοῦ
1338 745 1368 772 τὸ
1384 744 1553 780 ἀναιρετικὸν
1575 744 1711 778 ἐλάμϐανε
1730 745 1805 778 παρ’

1013 791 1102 817 αὐτῶν
1115 792 1129 817 ὁ
1143 782 1254 826 Κύριος,
1273 791 1325 823 ἵνα,
1347 792 1402 822 τοῖς
1419 791 1492 822 ἰδίοις
1509 790 1734 825 ἐξασθενήσαντος
1750 789 1807 816 τοῦ

1012 835 1146 868 διαϐόλου,
1160 837 1216 867 τοῖς
1225 836 1273 862 τοῦ
1289 836 1393 871 Κυρίου
1410 834 1633 870 ἐνδυναμωθῶσιν
1651 835 1676 860 οἱ
1694 833 1806 869 ἀνθρω-

1015 889 1071 906 ποι.
1087 878 1148 906 Οἷον
1164 880 1193 906 δέ
1213 889 1240 906 τι
1262 880 1408 914 πεποίηκεν
1421 881 1435 906 ό
1457 879 1540 906 Δαϐὶδ
1552 879 1598 905 ἐπὶ
1622 879 1669 905 τοῦ
1688 878 1804 910 Γολιὰθ,

1014 926 1103 952 λαϐὼν
1119 925 1166 953 τοῦ
1183 926 1278 961 ἐχθροῦ
1292 926 1322 952 τὸ
1342 925 1427 959 ξίφος,
1449 925 1496 952 καὶ
1514 926 1543 951 ἐν
1557 924 1629 959 αὑτῷ
1643 924 1692 960 τὴν
1713 931 1807 958 κεφα-

1015 972 1062 1007 λὴν
1076 971 1123 997 τοῦ
1138 971 1234 1006 ἐχθροῦ
1246 970 1347 1006 τεμών.
1365 970 1450 996 Τοῦτο
1467 969 1515 996 νῦν
1535 969 1583 996 καὶ
1603 969 1617 995 ὀ
1640 968 1735 1004 Σωτὴρ
1749 976 1804 994 πε-

1016 1017 1123 1051 ποίηκε,
1136 1015 1226 1042 λαϐὼν
1241 1015 1287 1042 τὸν
1302 1015 1423 1050 κάλαμον
1443 1015 1506 1050 παρ’
1523 1013 1624 1046 αὐτῶν,
1640 1014 1682 1040 ἵνα
1695 1013 1731 1048 μὴ
1749 1013 1801 1047 μό-

1015 1071 1059 1088 νον
1081 1062 1153 1097 ἡμᾶς
1176 1060 1342 1096 ἐλευθερώσῃ
1365 1060 1418 1087 ἀπὸ
1441 1061 1490 1095 τῆς
1513 1060 1620 1094 ἀπάτης
1634 1058 1680 1085 τοῦ
1695 1059 1796 1092 ὂψεως,

1015 1108 1082 1134 ἀλλὰ
1092 1108 1138 1133 καὶ
1152 1107 1232 1133 αὑτὸν
1242 1107 1287 1133 τὸν
1300 1107 1360 1141 ὅφιν
1374 1106 1456 1142 ἀνέλῃ
1471 1105 1509 1140 τῷ
1525 1105 1650 1140 καλάμῳ,
1667 1104 1714 1130 καὶ
1723 1103 1801 1139 δείξῃ

1015 1153 1120 1188 νεκρόν.
1147 1152 1224 1179 Οὕτω
1246 1153 1274 1179 δὲ
1293 1150 1338 1179 οὖν
1358 1151 1482 1187 παιχοεὶς
1505 1152 1520 1178 ό
1545 1151 1646 1182 ἄθλιος,
1670 1150 1717 1176 καὶ
1734 1149 1800 1175 ίδὼν

1015 1199 1108 1226 ἑαυτὸν
1121 1199 1270 1226 ἐκπεσόντα
1282 1198 1394 1231 τούτων,
1405 1199 1434 1224 ἐν
1445 1194 1485 1228 οἷς
1495 1197 1611 1232 ἐπῄρετο
1625 1196 1683 1222 καθ’
1698 1195 1777 1230 ἡμῶν
1788 1203 1796 1210 ’

1015 1245 1076 1272 ἰδὼν
1102 1245 1130 1272 δὲ
1150 1245 1230 1271 αὐτὸν
1251 1244 1416 1279 ἐκϐληθέντα
1439 1243 1471 1270 ἐκ
1487 1243 1524 1278 (2)
1540 1243 1590 1278 τῆς
1602 1243 1663 1277 γῆς,
1680 1242 1727 1268 καὶ
1746 1241 1800 1277 τὴν

1014 1291 1064 1326 γῆν
1081 1290 1299 1326 καθαριζομένην
1315 1289 1368 1316 ἀπὸ
1381 1289 1434 1315 τῶν
1449 1289 1573 1324 αἱμάτων
1586 1288 1633 1314 καὶ
1644 1287 1698 1314 τῶν
1714 1287 1803 1314 ἀκαν-

1014 1337 1078 1369 θῶν,
1091 1338 1137 1364 καὶ
1156 1336 1216 1363 ἰδὼν
1225 1336 1320 1363 ἑαυτὸν
1330 1335 1499 1363 ἀπολέσαντα
1514 1334 1544 1361 τὸ
1557 1333 1737 1369 χειρόγραφον
1751 1333 1802 1359 καὶ

1013 1384 1058 1410 τὸν
1074 1383 1206 1418 κάλαμον,
1225 1383 1254 1408 ἐν
1275 1378 1297 1415 ᾧ
1314 1381 1485 1416 κατέγραφεν
1504 1380 1593 1415 Ιἡμῶν,
1609 1379 1694 1414 τολμᾷ
1717 1378 1802 1404 πάλιν

1015 1427 1169 1462 ἀτόλμητα,
1190 1426 1282 1452 πλεῖον
1306 1425 1400 1452 ἑαυτὸν
1426 1426 1474 1452 καὶ
1499 1425 1528 1451 ἐν
1553 1424 1640 1458 τούτῳ
1663 1423 1801 1458 πλήττων.

1021 1473 1150 1505 Ἀκούσας
1163 1473 1217 1507 γὰρ
1227 1472 1241 1498 ὁ
1258 1471 1374 1507 πονηρὸς
1390 1471 1512 1505 λέγοντος
1537 1469 1583 1496 τοῦ
1601 1469 1701 1504 Κυρίου
1713 1477 1720 1484 ·
1739 1477 1748 1493 ι
1763 1468 1803 1494 Τὸ

1015 1519 1123 1554 πνεῦμα
1137 1518 1285 1554 πρόθυμον,
1296 1518 1313 1553 ὴ
1331 1517 1360 1543 δὲ
1372 1515 1440 1552 σὰρξ
1455 1516 1580 1550 ἀσθενὴς,
1601 1525 1610 1540 ι
1626 1513 1748 1549 νομίσας,
1758 1513 1804 1540 ὅτι

1013 1567 1028 1592 ὁ
1052 1565 1138 1599 Λόγος
1162 1563 1319 1599 συνησθένει
1344 1562 1384 1597 τῷ
1408 1561 1525 1597 σώματι,
1545 1561 1591 1587 καὶ
1605 1560 1636 1586 οὺ
1653 1559 1751 1594 μᾶλλον
1765 1560 1801 1594 τῇ

1013 1609 1124 1644 δυνάμει
1138 1608 1185 1635 τοῦ
1200 1608 1287 1642 Λόγου
1302 1607 1457 1642 συνισχύετο
1472 1606 1509 1641 (3)
1527 1606 1575 1633 καὶ
1593 1606 1625 1632 τὸ
1642 1604 1733 1639 σῶμα.
1748 1604 1803 1630 πά.-

1013 1658 1054 1683 λιν
1072 1657 1204 1692 ἐπιχειρεῖ
1219 1655 1375 1691 παράνομαο
1391 1654 1439 1681 καὶ
1457 1654 1520 1685 τοὺς
1541 1653 1589 1688 μὲν
1599 1653 1713 1688 δημίους
1728 1660 1801 1687 παρ-

1013 1702 1102 1736 οξύνει
1117 1702 1188 1728 κατὰ
1211 1701 1257 1728 τοῦ
1273 1702 1349 1736 Σωτῆ
1355 1709 1409 1735 ρος,
1423 1699 1504 1730 αὐτὸς
1517 1699 1544 1725 δὲ
1559 1697 1613 1724 τῶν
1627 1697 1751 1724 ἀκανθῶν
1763 1698 1803 1723 εἶ·-

1014 1757 1084 1784 χετο,
1095 1748 1143 1775 καὶ
1153 1747 1216 1783 περὶ
1227 1747 1311 1778 αὑτὰς
1325 1745 1456 1777 ἐκυλίετο,
1469 1745 1584 1780 πρᾶγμα
1598 1743 1710 1778 πάσχων
1722 1743 1801 1769 ἐναν-

1014 1795 1079 1821 τίον.
1096 1794 1185 1829 Ἔχων
1204 1793 1258 1829 γὰρ
1274 1792 1359 1823 αὑτὰς
1374 1791 1508 1823 ἀπώλεσε,
1526 1791 1572 1816 καὶ
1587 1789 1664 1825 ᾠήθη
1679 1789 1715 1824 μὴ
1731 1788 1802 1823 ἔχων

1014 1840 1142 1868 δύνασθαι
1158 1839 1249 1866 λαϐεῖν
1263 1838 1362 1869 αὑτάς·
1377 1837 1434 1865 ἀλλ’
1449 1837 1480 1863 ού
1497 1836 1627 1872 πρότερον
1645 1835 1764 1870 εἴληφεν,
1775 1836 1801 1861 εἰ

1016 1886 1053 1922 μὴ
1077 1887 1127 1921 τὴν
1153 1885 1212 1912 καθ’
1237 1885 1314 1920 ἡμῶν
1342 1885 1371 1910 ὲν
1393 1883 1489 1914 αὐταῖς
1517 1882 1646 1917 κειμένην
1678 1881 1801 1915 κατάραν

1014 1931 1157 1965 ἐκούφισεν
1169 1931 1183 1956 ό
1199 1930 1303 1965 Σωτήρ.
1319 1929 1508 1959 Βαστάσαντος
1521 1927 1558 1962 (4)
1569 1927 1623 1962 γὰρ
1636 1925 1682 1952 τοῦ
1699 1925 1801 1960 Κυρίου

1014 1977 1125 2012 ταύτην,
1143 1976 1222 2003 πάλιν
1239 1975 1317 2001 ἔλαϐε
1331 1975 1380 2006 τὰς
1398 1973 1520 2005 ἀκάνθας
1535 1973 1581 1999 καὶ
1594 1972 1643 2007 τὴν
1656 1970 1780 2006 χλαμύδα
1791 1980 1799 1985 -

1014 2024 1064 2050 οὐκ
1075 2023 1114 2049 ἔτι
1133 2022 1181 2058 μὲν
1199 2021 1326 2056 ἰσχύοντα
1340 2020 1400 2047 καθ’
1415 2019 1503 2054 ἡμῶν,
1522 2018 1632 2045 ἐκείνων
1647 2017 1675 2043 δὲ
1685 2017 1734 2051 τὴν
1750 2024 1800 2042 πο-

1015 2069 1110 2104 νηρίαν
1124 2067 1278 2101 ἐλέγχοντα.
1296 2065 1352 2092 Νῦν
1370 2065 1418 2100 μὲν
1433 2065 1487 2100 γὰρ
1503 2063 1583 2094 αὐτὸς
1605 2063 1618 2088 ὁ
1633 2061 1752 2092 διάϐολος
1771 2061 1801 2086 ἐν

1017 2114 1066 2149 μὲν
1080 2114 1140 2145 ταῖς
1151 2112 1280 2143 ἀκάνθαις
1295 2111 1332 2143 ὡς
1345 2111 1374 2138 ἐν
1385 2111 1508 2146 κέντροις
1521 2109 1579 2136 ἐστὶ
1591 2107 1726 2139 λακτίζων
1739 2107 1800 2133 καθ’

1016 2158 1103 2193 ἡμῶν.
1114 2157 1230 2191 Λέγεται
1241 2156 1269 2183 δὲ
1284 2156 1359 2191 αὐτῷ
1372 2156 1493 2190 περὶτῆς
1508 2154 1634 2188 κοκκίνης
1649 2152 1782 2189 χλαμύδος
1791 2161 1798 2167 ·

1016 2204 1045 2230 ὃν
1068 2203 1166 2240 τρόπον
1186 2203 1293 2238 ἱμάτιον
1309 2203 1338 2228 ἐν
1362 2202 1459 2236 αἵματι
1481 2200 1652 2236 πεφυρμένον
1673 2199 1723 2225 οὑκ
1743 2198 1801 2224 ἐστι

1017 2249 1146 2285 καθαρὸν,
1161 2248 1247 2280 οὕτως
1265 2247 1326 2275 οὐδὲ
1340 2248 1373 2274 σὺ
1391 2247 1440 2283 ἐσῃ
1464 2246 1592 2280 καθαρὸς,
1605 2245 1670 2272 διότι
1684 2245 1732 2280 τὴν
1750 2244 1802 2280 γῆν

1019 2304 1068 2330 μου
1086 2295 1239 2326 ἀπώλεσας,
1255 2294 1301 2320 καὶ
1316 2293 1361 2320 τὸν
1377 2293 1440 2319 λαόν
1458 2301 1508 2328 μου
1524 2291 1695 2323 ἀπέκτεινας.

1055 2341 1097 2368 l8.
1119 2340 1167 2367 Διὰ
1183 2339 1261 2366 τοῦτο
1277 2339 1325 2366 καὶ
1348 2337 1405 2372 νῦν,
1422 2337 1504 2364 κινῶν
1522 2339 1585 2367 τοὺς
1600 2336 1712 2371 δημίους
1732 2334 1803 2361 κατὰ

1018 2387 1064 2413 τοῦ
1081 2387 1216 2422 Σωτῆρος,
1233 2383 1372 2416 ὲλάκτιζεν
1394 2384 1431 2415 ὡς
1454 2385 1483 2409 ἐν
1503 2382 1625 2418 κέντροις
1643 2383 1702 2412 ταῖς
1721 2380 1803 2407 ἀκάν-

1018 2433 1092 2464 θαις,
1115 2432 1162 2458 καὶ
1185 2431 1283 2467 μᾶλλον
1307 2430 1452 2465 ὲπλήττετο
1474 2428 1490 2463 ἢ
1510 2428 1649 2462 ἕπληττεν.
1674 2425 1727 2457 Οὓς
1749 2425 1803 2459 γὰρ

1018 2478 1101 2504 ἐκίνει
1125 2477 1195 2504 κατὰ
1216 2476 1263 2502 τοῦ
1287 2475 1420 2510 Σωτῆρος,
1444 2470 1515 2500 οὗτοι
1538 2472 1596 2499 κατ’
1613 2470 1695 2498 αὑτοῦ
1719 2469 1803 2495 ὡπλί-

1019 2523 1105 2556 ζοντο.
1126 2523 1315 2558 Λαμόάνοντες
1330 2521 1383 2556 γὰρ
1396 2520 1442 2546 τὸν
1457 2519 1579 2554 κάλαμον
1598 2516 1671 2552 παρὰ
1685 2515 1731 2543 τοῦ
1747 2515 1802 2540 Κυ-

1022 2570 1078 2605 ρίου
1090 2590 1097 2602 ,
1114 2570 1161 2596 καὶ
1175 2568 1329 2603 νομίζοντες
1341 2565 1422 2593 αὑτὸν
1435 2565 1557 2596 τύπτειν,
1573 2559 1801 2597 ἐτύφλωττον,τδν

1054 2735 1092 2768 (2)
1118 2734 1173 2762 Ἐκ.
1191 2733 1267 2761 deest
1280 2733 1307 2760 in
1323 2732 1416 2767 Regio.

1056 2766 1094 2804 (5)
1111 2769 1209 2804 Regius
1224 2774 1250 2796 et
1262 2769 1438 2804 Anglicanus,
1450 2766 1604 2804 Δεπυνιςτχύει.

1056 2801 1094 2840 (4)
1110 2801 1224 2837 Quidam
1238 2801 1425 2838 manuscripti,
1448 2801 1636 2836 βαστάξαντας.
