1915 3057
145 179 198 207 217

657 179 699 206 DE
719 177 887 206 PASSIONE
906 177 949 205 ET
969 177 1084 206 CRUCE
1105 178 1235 206 DOMlNl.

1709 179 1761 206 2i8

146 241 295 276 κινήσαντα
311 239 411 271 αὐτοὺς
431 239 552 266 διάϐολον
566 240 711 272 κόπτοντες
731 241 759 266 ὲν
774 241 833 271 ταῖς
848 239 933 266 ἀκάν-

987 240 1076 274 ipsum
1095 248 1123 267 se
1143 239 1326 266 concitantem
1349 238 1485 266 diabolum
1511 238 1539 265 in
1569 238 1654 273 spinis
1676 239 1763 265 caade-

145 285 216 316 θαις.
234 285 290 310 Καὶ
303 283 397 319 ὥσπερ
413 283 447 310 τὰ
467 283 541 318 ἔθνη,
563 283 700 310 ἀναϐάντα
722 284 791 310 κατὰ
815 284 865 319 τῆς
883 283 932 310 Ἰε-

146 329 298 366 ρουσαλὴμ,
312 329 425 356 ἔκοπτον
441 329 571 365 ἀλλήλους
584 331 612 356 ἐν
626 330 658 364 τῇ
670 329 773 356 κοιλάδι
789 329 932 362 Ἰωσαφὰτ,

145 376 194 402 καὶ
211 375 248 407 ὠς
262 375 287 401 οἱ
301 374 444 406 διώκοντες
460 375 505 401 τὸν
528 375 644 411 Ἰσραὴλ,
662 375 783 406 ἐλθόντες
798 374 872 410 παρὰ
884 374 933 406 τὰς

143 421 246 456 ὄχθας,
264 420 388 456 ἀλλήλοις
411 420 624 452 συνεπλέκοντο,
649 421 695 447 καὶ
714 420 843 455 ἀλλήλους
867 429 933 446 κατ-

143 466 297 500 ελάμϐανον
307 474 314 480 ”
329 465 415 497 οὓτως
429 466 475 492 καὶ
491 465 537 492 νῦν
555 467 580 492 οἱ
599 466 740 498 διώκοντες
758 466 803 492 τὸν
820 465 932 502 Κύριον,

143 511 278 546 ἀλλήλους
294 511 408 537 ἔκοπτον
427 511 598 546 ἀγνοοῦντες,
616 512 778 546 βλάπτοντες
791 511 840 545 μὲν
854 511 934 538 αὐτὸν

144 557 186 591 (5)
203 556 287 588 οὐδὲν,
304 557 416 588 ἑαυτοὺς
427 556 455 582 δὲ
472 556 570 591 μᾶλλον
585 557 750 589 ἀδικοῦντες.
762 557 868 592 Ὠσπερ
880 555 935 592 γὰρ

144 602 194 629 ἐὰν
211 602 314 637 πέτραν
330 603 362 637 τῇ
380 601 451 637 χειρὶ
467 602 577 628 κόπτειν
598 601 669 628 Θέλοι
682 611 734 633 τις,
750 603 800 639 τὴν
817 602 865 637 μὲν
884 601 934 628 πέ-

144 657 213 683 τραν
224 648 255 674 οὐ
268 648 373 682 τέμνει,
390 647 438 683 τὴν
452 647 481 674 δὲ
491 649 570 683 χεῖρα
579 648 758 684 τραυματίζει
766 657 773 664 ·
785 648 878 675 τοῦτον
889 648 935 674 τὸν

142 694 247 729 τρόπον
261 694 309 720 καὶ
322 694 346 720 οἱ
359 693 428 720 κατὰ
445 693 491 719 τοῦ
506 693 608 729 Κυρίου
625 694 799 729 πράττοντες,
813 694 851 725 ὠς
865 693 935 720 κατὰ

142 738 285 774 ἁῳθάρτου
299 738 462 772 τολμῶντες,
472 738 665 774 διεφθείροντο,
682 739 728 765 καὶ
739 738 777 770 ὡς
790 739 860 766 κατὰ
874 738 936 765 ἀθα-

143 785 226 811 νάτου
239 783 448 818 ἐπιχειροῦντες,
465 783 543 809 αὐτοὶ
565 783 663 819 μᾶλλον
680 784 860 819 ἀπέθνησκον.
881 785 935 811 Καὶ

141 829 175 855 τό
184 837 216 863 γε
227 829 373 865 χείριστον,
385 828 425 855 ὅτι
438 828 482 854 διὰ
494 828 547 855 τῶν
558 827 642 854 αὑτοῦ
656 828 742 863 μελῶν
754 828 871 863 ἔπασχεν
879 829 917 864 (6)
926 837 933 843 ·

141 875 159 902 ὃ
180 875 298 910 μάλιστα
309 874 405 909 γέγονε
419 875 458 910 τῷ
477 875 623 910 πανούργῳ
635 876 703 912 πρὸς
715 876 819 902 τελείαν
839 876 934 911 αἰσχύ-

983 285 1058 312 bant.
1074 285 1112 312 Ac
1126 285 1207 312 veluti
1217 287 1311 319 gentes
1322 291 1382 318 qum
1396 287 1489 310 contra
1503 281 1651 309 Jerusalem
1668 289 1763 309 ascen-

983 330 1091 361 derant,
1109 338 1138 358 se
1168 334 1264 356 mutuo
1290 329 1429 356 credebant
1449 329 1475 355 in
1493 328 1562 355 valle
1582 327 1722 362 Josaphal,
1737 331 1764 354 et

983 377 1030 412 qui
1054 377 1286 412 persequebantur
1315 375 1450 408 lsraelem,
1469 375 1501 402 ad
1531 382 1592 402 oras
1615 374 1763 409 progressi,

984 423 1012 450 in
1028 431 1058 450 se
1084 426 1180 449 mutuo
1205 421 1290 456 ignari
1311 420 1565 455 congrediebantur,
1588 427 1649 446 sese
1669 423 1764 445 mutuo

984 469 1147 504 capiebant;
1166 468 1206 494 sic
1220 468 1276 501 jam
1289 467 1335 501 qui
1352 466 1494 493 Dominum
1520 464 1762 500 persequebantur.

985 523 1014 542 se
1028 515 1115 549 ignari
1131 513 1281 544 caedebant,
1298 513 1366 539 nihil
1397 512 1496 546 ipsum,
1519 510 1566 538 sed
1591 518 1650 537 sese
1675 510 1764 544 potius

984 560 1123 588 laedentes.
1138 558 1370 592 Quemadmodum
1399 558 1470 585 enim
1502 557 1524 584 si
1540 557 1601 592 quis
1620 564 1701 583 manu
1718 563 1765 590 pe-

983 610 1052 633 tram
1069 609 1210 641 percutere
1224 605 1299 636 velit,
1317 608 1420 639 petram
1434 604 1542 638 quidem
1570 611 1624 630 non
1652 603 1764 635 scindit,

985 652 1031 679 sed
1045 659 1154 678 manum
1169 651 1305 682 vulnerat,
1319 650 1413 678 eodem
1438 650 1518 677 modo
1540 650 1585 684 qui
1603 654 1697 676 contra
1713 648 1763 676 Do-

985 697 1087 724 minum
1115 697 1249 732 agebant,
1281 700 1375 731 utpote
1399 701 1492 722 contra
1532 695 1764 729 incorruptibilem

985 741 1055 772 ausi,
1075 741 1101 768 in
1115 741 1262 776 perniciem
1279 740 1356 768 ibant
1375 750 1381 767 :
1397 744 1423 766 et
1436 737 1482 774 qui
1507 743 1600 766 contra
1627 740 1766 766 immorta-

983 787 1036 813 lem
1053 790 1158 814 certare
1172 787 1318 820 audebant,
1336 790 1451 813 mortem
1464 786 1513 820 ipsi
1531 785 1582 812 sibi
1597 785 1764 812 conscivere.

985 832 1116 866 Quodque
1135 832 1282 867 pessimum
1303 835 1371 864 erat,
1383 839 1398 857 a
1415 832 1472 858 suis
1496 831 1554 865 ipse
1573 830 1701 857 membris
1721 830 1767 856 lte-

986 877 1210 912 debaturzquod
1241 877 1432 904 versutissimo
1462 876 1499 902 illi
1532 883 1639 903 suntme
1670 874 1766 910 pudori

142 909 204 956 νην.
226 921 314 953 Ὅλως
337 921 386 956 μὲν
405 920 460 956 γὰρ
483 921 535 947 ὑπὸ
554 909 723 956 τοῦγκυρίου
741 909 934 956 πληττόμενος,

988 923 1049 950 fuit.
1078 909 1154 950 Nam-
1175 923 1199 950 si
1221 930 1235 950 a
1260 922 1375 949 Domino
1393 922 1563 956 vapulasset,
1594 909 1700 956 poterat
1726 921 1766 946 vel

142 968 261 1002 ἠδύνατο
277 967 449 1002 καυχᾶσθαι·
473 967 517 992 ὅτε
536 967 565 993 δὲ
582 967 628 1001 ὑφ’
643 963 681 993 ὧν
696 967 861 1000 ὲδουλεύετο,
884 968 937 994 ὑπὸ

142 1013 250 1040 τούτων
267 1013 408 1044 κόπτεται,
431 1013 510 1039 τοῦτο
526 1014 615 1040 πᾶσαν
634 1013 764 1048 αἰσχύνην
787 1014 932 1050 ὑπερῆρεν.

150 1058 223 1085 Ἀλλ’
239 1059 290 1085 οὐκ
302 1059 414 1085 ἐκείνων
432 1060 448 1094 ἡ
466 1059 557 1094 πληγὴ
572 1058 616 1085 τὸν
628 1058 688 1093 ὅφιν
702 1059 808 1094 ἀναιρεῖ
820 1068 827 1075 ·
838 1060 868 1085 οὑ
881 1060 936 1095 γὰρ

142 1103 272 1130 τοσοῦτον
292 1104 422 1138 ἠδύναντο
445 1104 582 1139 ἄνθρωποι
598 1103 644 1130 καὶ
661 1103 752 1139 δήμιοι
767 1103 860 1135 ὄντες*
879 1103 935 1130 ἀλλ’

144 1150 242 1177 ἐλύπει
264 1150 313 1186 μὲν
335 1150 416 1176 αὑτὸν
434 1151 450 1185 ἡ
466 1149 544 1185 ὕϐρις
566 1150 582 1185 ἡ
613 1150 688 1185 παρὰ
713 1150 767 1176 τῶν
803 1149 936 1176 Ἰουδαίων

144 1194 221 1231 αὑτῷ
234 1196 362 1231 γινομένη
379 1196 433 1227 (7)·
454 1194 636 1232 ὲτραυμάτιζε
650 1195 678 1221 δὲ
690 1195 739 1230 οὐχ
755 1196 772 1230 ἡ
790 1195 864 1230 παρὰ
876 1195 937 1221 τού-

143 1250 202 1268 των
225 1241 355 1276 γινομένη
382 1241 484 1276 πληγὴ,
510 1240 566 1267 ἀλλ’
591 1241 606 1267 ὁ
633 1240 734 1276 Κύριος
761 1240 798 1275 (8)
822 1242 836 1266 ὀ
862 1240 936 1266 ἀντι-

145 1287 254 1323 κρούων
273 1288 306 1322 τῇ
320 1287 425 1313 τούτων
445 1286 547 1321 πληγῇ,
564 1286 612 1312 καὶ
630 1287 646 1321 ἠ
668 1287 700 1312 ἐκ
716 1286 763 1321 τῆς
783 1285 873 1321 χειρὸς
890 1285 936 1312 τοῦ

145 1332 274 1368 Σωτῆρος
299 1331 432 1367 γενομένη
459 1331 573 1366 δύναμις
599 1330 638 1366 τῷ
671 1331 795 1366 καλάμῳ.
826 1331 881 1357 Καὶ
908 1332 936 1357 ὲν

143 1378 236 1411 τούτῳ
251 1377 305 1413 γὰρ
315 1378 328 1403 ὁ
341 1376 441 1412 Κύριος
455 1376 704 1411 σχηματισάμενος,
723 1376 770 1402 καὶ
784 1376 818 1402 τὰ
833 1375 937 1410 ἀνθρώ-

144 1431 214 1449 πινα
229 1422 456 1458 προϐαλλόμενος,
474 1422 578 1456 ἐδέχετο
596 1421 640 1448 τὸν
656 1421 717 1456 ὅφιν
731 1422 759 1447 ὲν
776 1423 835 1452 ταῖς
853 1421 936 1448 ἀκάν-

144 1469 220 1501 θαις,
227 1469 274 1495 καὶ
286 1468 323 1499 ὡς
333 1467 475 1504 ἅνθρωπος
482 1467 658 1502 τυπτόμενος,
671 1466 816 1502 συνεχώρει
827 1466 937 1493 τύπτειν

142 1516 192 1542 τὸν
206 1515 267 1549 ὅφιν
282 1516 337 1546 τοῖς
354 1514 460 1550 δημίοις
471 1522 478 1528 ·
496 1513 539 1539 ἵνα
558 1514 572 1540 ό
589 1513 654 1540 ποτὲ
677 1513 883 1548 καυχησάμενος
897 1511 936 1539 εῖ-

141 1571 192 1588 ναι
204 1562 280 1593 Θεὺς,
291 1562 337 1588 καὶ
348 1561 556 1596 καυχησᾱμενος
569 1559 607 1591 ὡς
620 1560 664 1586 τόν
680 1559 781 1595 Κύριον
794 1559 935 1594 πειράσας,

143 1607 201 1634 ὑπὸ
220 1605 324 1641 δημίων
338 1605 522 1640 τυπτόμενος,
539 1603 644 1630 τελείαν
663 1603 712 1638 τὴν
732 1604 862 1638 αἰσχύνην
882 1604 936 1630 ἀπ-

145 1653 308 1688 ενὲγκηται.

185 1700 244 1728 l9.‘
256 1699 397 1726 Ἀπέϐαινε
413 1699 442 1726 δὲ
459 1698 532 1734 αὐτῷ
548 1698 635 1725 ταῦτα
655 1697 701 1724 καὶ
717 1696 792 1732 παρὰ
813 1695 935 1731 γνώμην,

143 1743 185 1773 ὧν
212 1745 345 1772 ἐϐούλετο.
382 1745 516 1780 Ἐνεργῶν
541 1743 596 1779 γὰρ
630 1744 659 1770 ὲν
691 1743 746 1774 τοῖς
784 1741 936 1768 καταϐοῶσι

143 1791 194 1817 τοῦ
216 1790 351 1826 Σωτῆρος,
374 1790 466 1823 ἠγνόει
487 1789 534 1824 τὴν
559 1788 664 1824 σιωπὴν
687 1788 854 1822 ἀντεισάγων
875 1787 935 1814 καθ’

144 1835 246 1862 ἑαυτοῦ
263 1844 270 1851 ·
304 1835 462 1872 παροξύνων
501 1834 632 1865 Πιλᾶτον,
669 1834 718 1860 οὐκ
758 1833 815 1868 ᾔδει
854 1841 938 1859 κατα-

146 1881 289 1912 σκευάζων
303 1881 363 1907 ἀντὶ
378 1880 477 1912 δειλίας
490 1881 539 1915 τὴν
554 1880 678 1914 ἀφοϐίαν⁸
692 1879 773 1906 κινῶν
790 1878 936 1906 τύπτεσθαι

143 1927 193 1954 τὸν
225 1927 345 1962 Κύριον,
377 1926 510 1952 ἐπλανᾶτο
541 1925 718 1960 δεικνυμένης
752 1923 934 1956 ἀνεξικακίας.

144 1971 203 2000 κω,
229 1973 303 2004 τέλος
336 1971 509 2007 ἐμπαροινῶν
541 1971 611 1998 κατὰ
642 1971 689 1997 τοῦ
712 1970 854 2006 Σωτῆρος.
888 1970 937 1996 οὐκ

144 2019 261 2046 ἔϐλεπεν
273 2019 373 2054 ἀρετὴν
393 2019 464 2045 κατὰ
479 2017 579 2048 κακίας
593 2016 777 2048 καθοπλῐζων·
795 2016 868 2051 πάσῃ
882 2015 936 2051 γὰρ

144 2064 233 2100 κακίᾳ
255 2065 301 2090 καὶ
320 2063 436 2098 πονηρίᾳ
453 2063 542 2098 χαίρει
553 2063 568 2088 ό
580 2061 676 2097 ἐχθρός
687 2069 693 2076 ”
719 2062 764 2087 καὶ
777 2061 804 2087 εἴ
814 2070 840 2087 τι
853 2061 936 2087 κακόν

145 2111 217 2140 ἐστι,
234 2108 312 2134 τοῦτο
325 2107 476 2134 διαϐολικόν
489 2109 563 2133 ἐστιν
580 2107 660 2133 ὅπλον
671 2115 677 2120 ·
694 2106 709 2141 ἦ
725 2105 778 2141 γὰρ
791 2105 874 2140 δειλίᾳ
890 2105 937 2132 θα-

145 2155 239 2185 νάτου,
259 2155 276 2188 ἢ
294 2153 339 2180 διὰ
350 2154 380 2180 τὸ
394 2153 548 2188 ἀμύνασθαι
564 2153 681 2184 πάντως,
699 2152 866 2188 ἁμαρτάνειν
879 2151 937 2178 πεί-

146 2198 199 2224 Θει.
217 2196 299 2223 ὐϐεν
315 2198 329 2222 ὁ
344 2196 447 2232 Κύριος
461 2196 592 2232 ὑπέμεινε
613 2196 701 2222 πάντα
712 2205 718 2211 ·
737 2196 778 2222 ἵνα
793 2197 822 2222 ἐν
840 2196 889 2231 μὲν
903 2197 935 2231 τῇ

987 968 1188 1004 quodammodo
1203 967 1313 1002 gloriari
1331 977 1337 994 :
1358 974 1420 993 cum
1436 971 1527 993 autem
1553 966 1587 992 ab
1608 966 1642 993 iis
1657 973 1726 1000 quos
1740 965 1767 991 in

987 1014 1146 1042 servitutem
1165 1012 1316 1047 redegerat,
1334 1011 1512 1047 percutiatur,
1539 1011 1591 1038 hoc
1621 1018 1701 1038 omne
1718 1010 1767 1037 de—

987 1059 1070 1086 decus
1086 1058 1261 1086 transcendit.
1288 1058 1414 1086 Attamen
1435 1065 1490 1085 non
1512 1064 1605 1084 eorum
1624 1057 1680 1084 ictu
1705 1064 1765 1084 ser-

986 1113 1053 1140 pens
1067 1104 1202 1131 occiditur
1215 1114 1221 1131 :
1238 1111 1326 1139 neque
1343 1108 1446 1131 tantum
1460 1107 1571 1138 potuere
1586 1102 1624 1129 illi
1643 1103 1769 1130 homines

986 1150 1192 1184 carniﬁcesque.
1215 1149 1268 1176 Sed
1294 1150 1406 1176 maerori
1431 1152 1490 1176 erat
1512 1148 1675 1176 contumelia
1695 1147 1768 1174 aJu-

987 1197 1052 1224 datis
1068 1197 1119 1224 sibi
1134 1196 1206 1223 illata
1222 1205 1228 1223 :
1244 1195 1395 1222 vulneravit
1415 1199 1505 1222 tamen
1522 1194 1596 1222 illum
1609 1202 1661 1221 non
1672 1201 1766 1221 eorum

987 1242 1146 1278 percussio;
1164 1242 1210 1269 sed
1228 1241 1362 1269 Dominus
1377 1241 1423 1276 qui
1439 1241 1546 1267 illorum
1563 1241 1766 1276 percussionem

987 1287 1173 1322 propulsabat,
1191 1294 1297 1314 necnon
1315 1293 1346 1313 ea
1361 1286 1449 1313 virtus
1465 1294 1525 1320 qua:
1535 1293 1567 1312 ex
1582 1292 1664 1312 manu
1676 1284 1769 1311 Salva-

987 1334 1055 1361 toris
1071 1333 1097 1360 in
1113 1333 1272 1359 arundinem
1289 1332 1447 1366 permeavit.
1464 1331 1530 1358 Nam
1555 1331 1582 1358 in
1595 1331 1647 1358 hoc
1661 1338 1770 1365 quoque

991 1379 1111 1406 lmmana
1128 1378 1274 1413 praeferens
1298 1377 1428 1405 Dominus
1443 1377 1637 1412 objiciensque.
1656 1384 1769 1411 serpen-

987 1428 1040 1451 tem
1056 1425 1082 1451 in
1102 1425 1188 1460 spinis
1202 1423 1318 1458 excepit,
1336 1427 1363 1450 et
1390 1423 1468 1457 quasi
1497 1423 1578 1449 homo
1595 1423 1765 1452 verberatus.

987 1474 1140 1505 serpentem
1169 1469 1306 1496 concessit
1329 1475 1344 1494 a
1371 1468 1545 1495 carniﬁcibus
1558 1469 1697 1495 verberari
1715 1477 1721 1495 :
1738 1475 1770 1495 ut

987 1515 1033 1550 qui
1050 1523 1078 1542 se
1092 1515 1156 1542 olim
1177 1514 1259 1541 Deum
1285 1521 1346 1541 esse
1367 1513 1542 1549 gloriabatur,
1557 1518 1584 1540 et
1613 1521 1674 1541 sese
1689 1513 1767 1549 jacti—

989 1561 1064 1588 tabat
1081 1560 1153 1595 quod
1167 1559 1310 1586 Dominum
1325 1563 1467 1590 tentasset,
1484 1566 1499 1585 a
1530 1558 1704 1587 carniﬁcibus
1723 1567 1769 1586 va—

988 1607 1086 1642 pulans
1101 1614 1237 1633 summum
1250 1606 1312 1632 inde
1328 1605 1446 1632 dedecus
1461 1605 1591 1632 auferret.

1022 1697 1064 1724 19.
1081 1696 1143 1725 Hmc
1159 1704 1240 1732 porro
1255 1696 1306 1732 ipsi
1321 1699 1420 1731 praeter
1436 1696 1599 1724 sententiam
1615 1700 1642 1724 et
1671 1696 1768 1723 volun-

987 1746 1070 1770 tatem
1089 1742 1220 1777 obtigere.
1241 1741 1308 1768 Nam
1324 1741 1388 1768 dum
1400 1741 1508 1768 turbam
1525 1744 1645 1768 moveret
1667 1741 1699 1767 ad
1714 1741 1770 1767 cla-

987 1789 1116 1816 mandum
1142 1791 1236 1815 contra
1261 1787 1441 1818 Salvatorem,
1468 1787 1610 1822 ignorabat
1636 1794 1664 1814 se
1686 1787 1770 1813 silen-

987 1834 1054 1860 tium
1076 1833 1127 1861 sibi
1145 1833 1257 1860 noxium
1286 1833 1416 1860 inducere
1432 1842 1437 1859 :
1452 1833 1515 1859 dum
1538 1831 1653 1860 Pilatum
1677 1832 1769 1859 conci-

986 1884 1065 1910 taret,
1088 1879 1226 1906 nesciebat
1257 1886 1285 1906 se
1321 1887 1370 1913 pro
1411 1878 1556 1905 formidine
1584 1879 1768 1905 constantiam

988 1925 1127 1960 animique
1157 1925 1312 1951 ﬁrmitatem
1344 1924 1449 1951 eﬂicere
1468 1933 1473 1949 :
1491 1925 1555 1951 dum
1584 1924 1709 1951 incitaret
1735 1923 1769 1950 ad

986 1970 1185 1998 verberandum
1205 1970 1385 2001 Salvatorem,
1402 1970 1516 1996 multum
1532 1978 1545 1996 a
1561 1977 1644 2004 scopo
1660 1969 1770 1996 aberra-

986 2017 1043 2047 bat,
1061 2023 1123 2043 cum
1142 2016 1204 2042 hinc
1217 2015 1276 2049 ejus
1288 2015 1431 2042 clementia
1456 2016 1657 2050 tolerantiaque
1680 2016 1768 2050 palam

987 2061 1039 2096 73
1055 2061 1139 2088 ﬁeret.
1153 2060 1265 2088 Dcmum
1282 2061 1345 2087 dum
1361 2061 1388 2088 in
1402 2060 1570 2088 Salvatorem
1588 2061 1770 2088 debaccbare-

986 2110 1042 2138 tur,
1056 2113 1109 2132 non
1125 2105 1292 2136 advertebat,
1312 2105 1439 2132 virtutem
1456 2113 1485 2131 se
1500 2108 1594 2132 contra
1610 2103 1770 2138 improbita-

987 2155 1039 2179 tem
1055 2151 1140 2179 armis
1158 2151 1294 2178 instruere
1309 2160 1316 2178 :
1334 2151 1460 2178 inimicus
1478 2158 1594 2185 namque
1609 2150 1681 2176 onmi
1702 2156 1769 2184 gau-

986 2197 1031 2224 det
1047 2197 1151 2224 malitia
1163 2202 1189 2223 et
1204 2197 1388 2232 improbitate.
1401 2196 1429 2223 Si
1442 2197 1505 2231 quid
1524 2197 1595 2223 enim
1612 2195 1712 2221 malum
1728 2202 1770 2222 re-

146 2243 234 2277 ῖειλίᾳ
250 2243 299 2276 τὴν
324 2243 466 2277 ἀνδρείαν,
488 2244 521 2277 τῇ
545 2242 572 2268 δὲ
594 2242 670 2277 ὕϐρει
687 2242 736 2277 τὴν
753 2242 935 2275 ἀνεξικακίαν,

988 2244 1121 2278 periatur,
1138 2243 1204 2270 illud
1222 2243 1385 2270 diabolicum
1400 2247 1440 2270 est
1452 2243 1534 2270 telum
1553 2251 1559 2268 :
1576 2249 1637 2268 nam
1653 2245 1700 2268 aut
1715 2241 1770 2268 l'or-

147 2287 186 2322 τῷ
202 2287 230 2314 δὲ
244 2287 323 2322 θυμῷ
335 2288 385 2322 τὴν
402 2288 557 2323 πραότητα,
573 2288 619 2314 καὶ
633 2288 679 2314 ἐπὶ
694 2289 774 2314 πᾶσιν
788 2288 825 2323 (9)
835 2288 935 2323 ἀρετὴν

149 2332 220 2360 κατὰ
231 2333 281 2368 τῆς
292 2333 390 2364 κακίας
403 2333 569 2360 ἀντικεῖσθαι
580 2333 682 2369 διδάξῃ.
696 2334 751 2360 Καὶ
763 2333 871 2369 πρῶτον
886 2334 934 2368 μὲν

149 2379 271 2406 ἐδίδασκε
292 2378 330 2413 τῷ
345 2378 472 2405 τύπτοντι
494 2380 533 2410 εἰς
555 2380 604 2414 τὴν
621 2379 731 2413 σιαγόνα
747 2379 871 2414 στρέφειν
888 2379 935 2405 καὶ

150 2424 197 2459 τὴν
215 2423 308 2460 ἄλλην·
321 2424 378 2450 καί·
396 2433 406 2450 ί
425 2424 471 2460 Μὴ
490 2425 615 2459 φοϐεῖσθε
626 2425 680 2452 ἀπὸ
696 2425 749 2451 τῶν
764 2425 936 2452 ἀποκτεινόν-

150 2477 203 2494 των
225 2468 256 2495 τὸ
270 2468 379 2504 σῶμαί
399 2470 444 2496 καί
454 2478 461 2485 ·
490 2479 499 2496 ‹
518 2470 582 2496 Ἀπὸ
593 2470 640 2496 τοῦ
655 2471 778 2506 αἴροντος
797 2470 832 2497 τὰ
848 2470 882 2497 σὰ
897 2470 935 2507 μὴ

152 2513 262 2540 ἀπαίτει
272 2522 279 2528 ·
304 2523 313 2539 ι
328 2514 375 2540 καί
387 2522 394 2529 ⁸
415 2525 424 2540 ‹
438 2515 579 2550 Εὑλογεῖτε
595 2516 658 2549 τοὺς
679 2517 835 2550 διώκοντας.
848 2527 858 2543 ι
878 2518 936 2545 ’Ἰνα

151 2559 178 2586 δὲ
195 2560 233 2594 μὴ
250 2559 379 2593 ἀδύνατος
395 2561 412 2596 ὴ
426 2561 518 2598 ἐντολὴ
527 2563 642 2599 νομισθῇ
653 2563 729 2599 παρά
741 2573 807 2598 τισι,
821 2564 864 2591 διὰ
874 2565 936 2592 τοῦ-

190 2701 229 2739 (Ej)
243 2702 338 2739 {to-tow,
353 2703 429 2731 deest
441 2703 467 2730 in
479 2704 584 2739 Anglic.

189 2737 226 2771 (6)
242 2736 352 2778 lfegiqs,
368 2738 413 2778 διὰ
435 2738 488 2778 τῷν
508 2736 594 2778 αῖξτοιξ
608 2740 697 2774 μελῶν
719 2741 844 2777 ἔπασχον.
864 2742 934 2769 Editi

155 2778 228 2810 vero,
243 2772 289 2810 διὰ
298 2773 352 2810 τῶν
371 2773 471 2810 ἑαυτοῦ,
479 2774 567 2808 μελῶν
583 2772 709 2810 ἔπασχεν.

189 2805 227 2847 (ἶ)
242 2805 342 2841 Regius
371 2805 490 2836 secunda
518 2816 610 2841 manu,
638 2805 669 2846 ἠ’“
685 2812 759 2847 παρὰ
781 2812 836 2838 τῶν
862 2812 934 2839 ἰδίων

156 2848 229 2910 αυξὲῖ
293 2863 394 2913 Regius
407 2885 486 2914 quem
497 2880 645 2915 sequimur.
659 2879 728 2908 Editi
742 2889 816 2914 veru,
827 2882 842 2916 ἡ
859 2881 932 2915 παρὰ

987 2290 1088 2317 midine
1116 2290 1223 2322 mortis,
1251 2294 1298 2316 aut
1323 2288 1488 2317 defensionis
1517 2295 1598 2315 causa
1628 2292 1769 2322 peccatum

989 2335 1094 2362 suadet.
1113 2335 1202 2368 Quare
1218 2335 1348 2362 Dominus
1364 2335 1453 2362 omnia
1470 2334 1616 2365 sustinuit;
1631 2337 1659 2360 ut
1675 2333 1701 2359 in
1714 2333 1769 2359 l'or-

988 2381 1090 2408 midine
1113 2381 1299 2408 fortitudinem
1313 2389 1320 2413 ;
1336 2382 1362 2408 in
1388 2380 1550 2407 contumelia
1576 2379 1769 2412 tolerantiam;

986 2428 1019 2454 in'
1036 2427 1076 2454 ira
1098 2427 1354 2459 mansuetudinem;
1368 2426 1476 2453 demum
1494 2426 1522 2452 in
1545 2425 1670 2452 omnibus
1684 2425 1770 2451 virtu-

986 2478 1040 2500 tem
1050 2473 1117 2500 vitio
1128 2473 1317 2508 opponendatn
1334 2473 1452 2500 doceret.
1472 2471 1511 2498 Ac
1526 2471 1643 2506 primum
1658 2471 1768 2506 quidem

985 2519 1115 2546 docuerat
1143 2518 1303 2553 percutienti
1337 2518 1474 2544 maxillam
1516 2517 1681 2544 oﬂercndam
1708 2524 1769 2544 esse

985 2566 1066 2593 aliam
1089 2575 1096 2593 :
1118 2569 1155 2598 et,
1179 2575 1189 2591 ι
1207 2564 1246 2592 Ne
1270 2566 1362 2592 timete
1383 2565 1416 2592 ab
1438 2564 1472 2592 iis
1494 2564 1542 2599 qui
1563 2563 1692 2591 occidunt
1707 2570 1770 2590 cor-

987 2709 1088 2745 εούτων
1113 2709 1213 2745 πληγὴ.
1234 2710 1317 2745 ἀλλ’ἢ
1335 2711 1367 2738 ὲκ
1379 2710 1424 2737 τοῦ
1445 2711 1579 2745 Σωτῆρος.
1602 2709 1686 2736 Paulo
1695 2713 1767 2745 post,

987 2743 1088 2780 Reginis
1098 2748 1129 2780 et
1144 2743 1392 2780 Anglicanus'quos
1409 2743 1558 2780 sequimur,
1574 2746 1628 2772 Καὶ
1640 2747 1668 2771 ὲν
1682 2743 1768 2780 τούτῳ

986 2779 1055 2815 γάρ,
1065 2779 1146 2815 ῈᾏΙὶῐί,
1162 2780 1217 2805 Καὶ
1230 2780 1258 2805 ὲν
1272 2779 1357 2815 τούτῳ
1371 2781 1426 2807 καί.

1023 2814 1059 2847 (Si)
1076 2813 1187 2848 Regius,
1202 2815 1256 2841 Καὶ
1275 2816 1320 2841 ἐπὶ
1335 2813 1426 2842 πᾶσιν.
1440 2815 1521 2848 Editi,
1540 2816 1586 2842 καὶ
1600 2817 1646 2843 ὲπι
1665 2815 1765 2843 πᾶσαν.

988 2848 1059 2881 Mox,
1074 2848 1183 2884 Regius,
1201 2850 1331 2886 πρότερον
1348 2850 1396 2886 μὲν
1407 2851 1482 2880 ὲδιδ-.
