1915 3057
155 145 207 174 δῖ’-19

715 147 744 174 S.
765 146 998 175 ATHANASIUS.
1017 163 1052 168 —
1071 147 1184 176 DUDIA.

1724 150 1779 177 920

157 213 208 240 pus
219 205 257 231 ":
272 209 329 236 101,
344 213 354 230 ‹
368 204 408 231 Ab
418 211 450 231 eo
465 203 511 239 qui
529 206 575 231 tua
592 204 709 238 auferat,
721 212 755 232 ne
765 209 872 240 repetas
882 205 920 232 “:
932 214 942 230 1

998 213 1026 231 το
1043 205 1099 239 (10)
1122 205 1155 231 δι’
1169 203 1266 231 ἑαυτοῦ
1278 203 1312 231 τὰ
1325 203 1413 231 πάντα
1428 204 1548 237 ἐπέδειξε
1565 206 1580 232 ὸ
1597 204 1713 241 Κύριος,
1732 207 1779 232 καὶ

157 256 196 280 ct,
219 259 228 275 1
253 249 407 277 Benedicite
431 250 659 284 persequentibus
680 258 729 277 vos
750 250 781 276 ".
802 259 812 275 1
829 249 867 276 Ne
879 257 943 276 vero

158 294 322 330 quibusdam
348 294 517 329 impossibile
532 295 670 321 videretur
682 299 857 330 praeceptum,
883 294 944 321 ideo

157 349 206 376 per
218 349 278 369 sese
291 341 380 368 omnia
393 341 514 368 exhibuit
528 340 658 368 Dominus
674 351 680 368 :
699 345 781 376 atque
799 341 874 368 exiis
885 348 945 375 quae

158 393 257 421 passus
272 389 323 417 cst,
340 385 428 421 suasit
449 385 577 412 omnibus
593 385 638 420 qui
666 385 834 412 contumelia
857 385 946 412 allice-

160 437 264 463 rentur,
283 439 316 458 ne
330 431 452 457 vicissim
465 430 597 457 inferrent
611 431 805 458 contumeliam
825 440 831 457 :
852 431 946 458 verbe-

159 478 237 510 ratis,
251 485 284 504 ne
298 477 490 509 verberarent;
505 477 604 510 illusis,
616 485 649 504 ne
665 477 865 509 irascerentur;
878 484 945 503 neve

158 524 193 551 ab
213 531 246 550 eo
271 522 316 558 qui
345 526 439 549 nostra
463 521 580 555 auferat,
596 526 751 556 repetamus
779 522 835 554 illa,
866 526 893 549 et
917 522 944 549 in

157 576 263 596 summa
281 576 315 594 ne
330 572 445 594 mortem
456 575 671 602 cxpavescamus
685 576 691 598 ί
709 568 763 594 imo
779 567 866 602 ipsam
898 575 945 602 spe

158 612 313 640 futurorum
338 617 557 639 contemnamus.
579 611 617 638 Eo
630 612 702 639 enim
730 612 821 643 modo,
840 612 946 639 facilior

156 658 324 686 estvicloria
343 658 376 684 de
399 657 506 684 diabolo
526 656 614 692 deque
625 657 699 683 omni
718 662 846 692 peccato,
863 664 945 692 quam

158 705 181 731 si
195 713 244 731 nos
260 704 311 739 ipsi
325 703 505 730 vindicemus.
518 702 697 730 Vindicantes
709 705 828 736 cnim,et
844 703 945 738 injuria

157 749 298 783 injuriam,
323 748 488 775 contumelia
520 748 712 774 contumeliam
742 748 943 782 propulsanles,

157 801 289 826 augemus
302 793 454 827 aiimusque
471 797 566 820 contra
582 801 631 820 nos
645 794 718 828 ipsos
734 794 875 826 malitiam,
895 801 945 821 nec

156 839 245 874 magis
266 839 392 866 inimicos
408 846 488 874 quam
512 839 648 873 nosipsos
663 839 799 870 laedimus,
818 839 852 869 ob
876 847 943 866 con-

157 885 360 912 demnationem
384 885 489 911 scilicet
512 890 538 911 et
561 885 694 919 judicium
722 884 844 911 futurum
861 884 894 911 de
912 885 945 912 iis

159 930 207 964 qui
221 929 324 955 malitia
338 933 462 956 utuntur.
480 929 547 956 Cum
574 935 663 957 autem
681 930 736 956 lzcsi
751 930 892 964 injuriam,
916 934 945 957 ut

158 975 300 1006 Dominus,
312 976 492 1008 sustinemus,
510 981 536 1003 et
553 976 773 1004 conviciantibus
786 977 946 1011 patientiam

158 1020 332 1055 opponimus,
349 1020 541 1048 minitantibus
559 1020 756 1052 fortitudinem,
773 1022 853 1048 morti
869 1030 945 1057 spem

157 1065 388 1098 immortalitatis;
407 1066 433 1092 in
465 1066 507 1092 his
535 1073 646 1101 prorsus
673 1067 828 1094 crueiamus
856 1067 947 1093 inimi-

158 1119 219 1137 cum
232 1119 238 1137 :
252 1111 363 1145 ipseque
386 1111 520 1145 ejusmodi
546 1112 671 1146 panoplia
687 1112 798 1144 decidit,
818 1120 871 1147 qua
896 1120 946 1140 nos

158 1155 298 1183 instruens
313 1156 415 1184 Paulus
441 1157 479 1183 ait
496 1166 502 1183 :
523 1165 532 1182 ‹
560 1156 665 1184 1111111110
681 1158 763 1192 igitur
778 1162 946 1184 armaturam

160 1201 220 1233 Dei,
238 1205 268 1227 ut
282 1202 394 1236 possitis
412 1206 484 1229 stare
501 1202 632 1230 adversus
646 1203 759 1230 insidias
773 1203 875 1230 diaboli
888 1204 919 1229 δε.
933 1213 943 1229 1

159 1246 222 1274 llaec
240 1247 312 1274 enim
336 1248 454 1282 patiente
470 1247 628 1280 Salvatore,
643 1249 732 1275 evenit
757 1249 822 1276 illud
844 1259 850 1276 ε
870 1259 878 1274 1
901 1249 947 1276 Vi-

159 1292 253 1321 debam
288 1292 416 1320 Satanam
453 1295 532 1329 quasi
561 1293 652 1329 fulgur
683 1294 715 1322 de
744 1296 814 1322 cmlo
838 1296 947 1323 caden—

159 1343 212 1365 tem
228 1338 260 1365 ⁸⁷.
284 1347 293 1363 1

193 1383 238 1410 20.
269 1383 365 1410 Statim
384 1384 468 1419 igitur
486 1389 629 1420 postquam
650 1386 676 1412 in
697 1387 740 1414 his
757 1395 817 1415 sese
832 1392 945 1415 strenue

159 1430 292 1464 gessisset
310 1429 452 1464 Dominus,
481 1432 680 1468 cecidissetque
700 1434 842 1468 inimicus,
860 1435 947 1471 impo-

159 1479 275 1502 suerunt
302 1476 340 1503 illi
365 1484 474 1504 crucem
491 1487 498 1505 :
515 1478 622 1513 signum
639 1479 767 1512 victorirc,
786 1481 825 1507 vel
857 1481 944 1514 inviti,

159 1521 304 1548 adversum
321 1523 426 1556 scipsos
443 1531 537 1550 revera
551 1525 711 1558 praebentes.
728 1525 854 1557 Quandiu
873 1527 945 1554 enim

159 1572 243 1594 staret
260 1568 400 1600 inimicus,
415 1569 550 1596 habebant
576 1570 719 1598 carnifices
737 1572 860 1607 lignum;
882 1581 944 1600 cum

159 1618 251 1640 autem
265 1615 357 1648 lapsus
375 1614 532 1649 fractusque
548 1619 600 1646 est,
628 1621 692 1643 tunc
705 1621 834 1652 tropzeum
853 1626 947 1645 susce-

159 1659 197 1693 pit
213 1659 352 1691 Dominus,
362 1665 388 1687 et
399 1661 450 1687 sibi
464 1661 604 1695 bajulavit.
619 1662 735 1690 Ducebat
750 1665 850 1699 quippe
861 1665 948 1692 victo-

158 1712 216 1731 rem
245 1705 279 1732 de
310 1705 418 1733 diabolo
442 1706 665 1741 triumphantem,
695 1708 803 1736 deferre
823 1718 871 1744 per
886 1718 947 1737 sese

158 1754 289 1784 tropaeum
301 1770 308 1782 ,
335 1759 385 1777 nec
401 1751 447 1778 alii
466 1754 616 1780 concedere
630 1753 817 1782 deferendum.
835 1755 947 1790 Accepit

159 1800 248 1822 autem
265 1796 298 1822 ab
315 1796 383 1830 ipsis
398 1804 458 1823 cum
492 1802 593 1832 tropsco
618 1799 780 1826 vestimenta
805 1808 865 1831 sua,
884 1809 947 1835 pro-

161 1842 288 1869 ﬁciscens
308 1842 341 1868 ad
360 1848 491 1875 mortem;
506 1848 534 1870 ut
551 1851 582 1871 ea
598 1844 656 1879 ipsa
677 1845 704 1871 in
722 1850 810 1873 morte
823 1851 944 1874 exueret.

159 1886 221 1914 Ideo
234 1895 344 1915 rursum
352 1893 461 1918 exutus.
471 1890 616 1917 concitavit
626 1890 686 1917 illos
698 1895 726 1917 ut
735 1899 763 1918 se
770 1891 945 1920 adducerent.

159 1932 228 1959 Dum
245 1933 426 1961 abduceretur
442 1939 549 1966 autem,
563 1936 714 1963 secundum
731 1936 946 1970 Joanncm,cru-

159 1986 219 2005 cem
250 1979 308 2014 ipse
338 1987 414 2006 suam
444 1981 587 2015 bajulavit,
604 1982 755 2009 secundum
784 1984 852 2010 alios
883 1993 947 2012 vero

157 2025 351 2060 cvangelistas,
373 2025 466 2053 Simon
498 2027 540 2054 vir
560 2028 707 2063 Cyrenams
727 2037 839 2056 crucem
863 2031 944 2058 tulit:

157 2072 231 2106 quod
256 2072 427 2099 contrarium
456 2081 510 2100 non
541 2078 583 2102 est
603 2074 702 2102 Joanni
727 2085 733 2102 :
759 2083 849 2110 neque
874 2076 945 2103 enim

156 2117 276 2145 Joannes
300 2118 362 2145 aliis
391 2119 566 2154 evangelistis
596 2121 734 2148 contraria
764 2122 878 2155 scribit,
898 2124 946 2150 sed

158 2167 304 2198 utrumque
324 2163 425 2190 factum
441 2168 504 2192 cst:
525 2173 588 2192 nam
613 2166 665 2193 sibi
688 2165 820 2195 Dominus
837 2175 945 2195 crucem

994 252 1040 285 ἀφ’
1057 248 1094 278 ὧν
1111 250 1243 285 ἔπασχεν,
1277 250 1368 276 ἔπεισε
1383 250 1486 283 πάντας
1510 250 1718 286 ὑϐριζομένους,
1741 251 1778 286 μὴ

995 295 1166 330 ἀνθυϐριζειν
1175 315 1182 326 ,
1198 295 1245 321 καὶ
1257 294 1441 329 τυπτομένους
1451 315 1458 327 ,
1473 294 1510 330 μὴ
1524 294 1696 321 ἀντιτύπτειν
1706 315 1713 327 ,
1731 295 1779 322 καὶ

995 340 1219 376 χλευαζομένους,
1235 341 1272 375 μὴ
1289 340 1454 376 ὀργίζεσθαι,
1470 340 1517 367 καὶ
1532 341 1585 367 ἀπὸ
1598 340 1644 367 τοῦ
1658 341 1779 376 αἴροντος

994 386 1028 412 τὰ
1039 386 1116 421 ἡμῶν
1131 386 1168 421 μὴ
1183 387 1307 412 ἀπαιτεῖν
1319 395 1325 401 ·
1341 387 1387 413 καὶ
1399 386 1512 412 καθόλου
1526 385 1563 422 μὴ
1578 386 1718 420 φοϐεῖσθαι
1735 385 1779 412 τὸν

995 431 1109 459 θάνατον
1119 441 1125 447 ’
1143 432 1210 458 ἀλλὰ
1229 433 1276 459 καὶ
1293 433 1470 468 καταφρονεῖν
1485 431 1565 458 αὐτοῦ
1578 433 1610 467 τῇ
1627 432 1713 458 ἐλπίδι
1727 432 1780 458 τῶν

997 477 1156 513 μελλόντων.
1196 477 1272 504 Οὕτω
1289 477 1343 513 γὰρ
1359 476 1457 512 μᾶλλον
1483 477 1597 511 εὐχερὴς
1613 477 1629 511 ἡ
1647 476 1717 503 κατὰ
1733 476 1780 503 τοῦ

995 523 1117 550 διαϐόλου
1141 523 1188 549 καὶ
1203 523 1291 558 πάσης
1308 522 1444 557 ἁμαρτίας
1457 522 1518 557 νίκη
1534 522 1663 557 γένηται,
1686 522 1703 556 ἢ
1718 522 1781 547 ὅταν

995 569 1170 605 ἀμυνώμεθα.
1189 569 1364 604 Ἀμυνὸμενοι
1382 569 1431 604 μὲν
1446 568 1499 604 γάρ
1516 568 1562 594 καὶ
1578 568 1781 599 ὰνταδικοῦντες

995 617 1057 648 τοὺς
1068 616 1275 648 άνταδικοῦντας
1283 617 1351 651 (li),
1363 617 1410 643 καὶ
1420 616 1575 652 ὑϐρίζοντες
1591 616 1653 647 τοὺς
1664 615 1783 651 ὑϐρίζον-

995 671 1053 694 τας,
1070 662 1116 689 καὶ
1127 662 1277 697 αὑξάνομεν
1286 663 1332 689 καὶ
1342 663 1477 698 τρέφομεν
1488 662 1548 688 καθ’
1562 662 1664 688 ἑαυτῶν
1678 661 1726 695 τὴν
1737 669 1783 688 κα-

996 708 1066 739 κίαν,
1081 708 1112 734 οὑ
1131 707 1229 743 μᾶλλον
1244 708 1306 740 τοὺς
1322 707 1445 743 ἐχθροὺς,
1460 707 1516 734 ἀλλ’
1532 708 1644 738 ἑαυτοὺς
1658 706 1782 733 ἀδικοῦν-

995 762 1040 786 τες
1052 755 1084 789 τῇ
1101 754 1144 780 διὰ
1160 754 1208 790 τὴν
1227 753 1326 780 κακίαν
1345 754 1477 789 καταδίκῃ
1498 754 1544 780 καὶ
1559 754 1647 788 κρίσει
1666 752 1782 788 μενούσῃ

995 801 1057 832 τοὺς
1070 800 1155 836 ταύτῃ
1169 801 1372 836 χρησαμένους·
1389 800 1450 826 ὅταν
1460 800 1498 832 δὲ,
1514 799 1551 831 ὡς
1564 801 1578 826 ὁ
1594 799 1705 834 Κύριος,
1719 799 1784 825 ὑπο-

999 847 1121 882 μένωμεν
1134 847 1313 882 ἀδικούμενοι,
1323 847 1369 873 καὶ
1379 847 1435 877 τοῖς
1447 846 1593 881 λοιδοροῦσι
1604 845 1651 881 τὴν
1662 845 1785 877 ἀνεξικα-

997 893 1058 918 κίαν
1070 892 1248 927 ἀντι-τιθῶμεν
1259 893 1325 926 (12),
1334 893 1389 923 τοῖς
1397 892 1424 918 δέ
1437 891 1576 918 ἀπειλοῦσι
1588 891 1637 926 τὴν
1647 891 1782 926 ἀνδρείαν,

996 937 1034 972 τῷ
1047 938 1075 964 δὲ
1091 937 1196 973 θανάτῳ
1211 937 1259 972 τὴν
1272 937 1366 964 ἐλπίδα
1377 937 1427 972 τῆς
1440 936 1587 967 ἀθανασίας
1596 945 1602 951 ·
1631 936 1739 968 πάντως
1755 937 1783 962 ὲν

996 984 1101 1015 τούτοις
1115 984 1252 1019 λυποῦμεν
1263 984 1309 1010 τὸν
1323 983 1419 1019 ἐχθρόν
1429 992 1435 998 ·
1448 984 1572 1014 κάκεῖνος
1585 984 1613 1009 ὲν
1624 984 1657 1018 τῇ
1670 982 1785 1019 τοιαύτῃ

996 1029 1130 1065 πανοπλίᾳ
1141 1030 1315 1062 καταπίπτει,
1331 1031 1359 1056 ἐν
1401 1030 1448 1056 καὶ
1461 1031 1474 1056 ὁ
1487 1029 1592 1060 Παῦλος
1605 1029 1678 1064 ἡμᾶς
1705 1028 1784 1055 καθο-

997 1076 1097 1108 πλίζων
1120 1076 1201 1112 φησίν
1212 1084 1218 1091 ·
1234 1085 1243 1101 1
1261 1075 1421 1102 ’Ἐνδύσασθε
1443 1072 1488 1101 οὖν
1503 1075 1552 1110 τὴν
1572 1073 1721 1100 πανοπλίαν
1737 1071 1784 1099 τοῦ

996 1121 1062 1147 Θεοῦ
1073 1141 1079 1153 ,
1095 1121 1139 1147 ἴνα
1154 1120 1286 1156 δυνηθῆτε
1302 1121 1370 1156 πρὸς
1386 1121 1435 1152 τὰς
1450 1120 1589 1155 μεθοδείας
1601 1119 1646 1146 τοῦ
1663 1119 1784 1146 διαϐόλου

998 1167 1102 1201 στῆναι.
1115 1176 1124 1192 1
1146 1167 1223 1193 Οὓτω
1238 1167 1291 1201 γὰρ
1312 1167 1359 1193 καὶ
1374 1166 1421 1193 τοῦ
1437 1166 1561 1201 Σωτῆρος
1580 1165 1784 1200 ὑπομείναντος,

996 1213 1090 1247 γέγονε
1105 1213 1135 1239 τό
1145 1221 1151 1227 ·
1172 1223 1180 1238 1
1193 1212 1341 1248 Ἐθεώρουν
1351 1213 1395 1239 τὸν
1408 1213 1530 1239 Σατανᾶν
1545 1212 1676 1238 πίπτοντα
1691 1213 1722 1238 ὲκ
1737 1211 1785 1238 τοῦ

996 1258 1112 1295 οὐρανοῦ
1126 1258 1162 1290 ὼς
1176 1259 1328 1294 ἀστραπήν.
1341 1268 1350 1284 1

1031 1393 1075 1420 20.
1087 1392 1195 1423 Εὐθέως
1205 1391 1270 1426 γοῦν
1284 1391 1351 1427 μετὰ
1363 1391 1392 1418 τὸ
1401 1391 1505 1423 τούτοις
1516 1391 1720 1427 ἀνδραγαοῆσαι
1730 1390 1752 1426 (1
1758 1390 1785 1425 5)

996 1439 1041 1465 τὸν
1058 1439 1176 1474 Κύριον,
1194 1438 1240 1465 καὶ
1255 1439 1347 1464 πεσεῖν
1363 1437 1408 1464 τὸν
1429 1437 1524 1472 ἐχθρὸν
1535 1457 1542 1469 ,
1560 1437 1697 1472 ἐπέθηκαν
1711 1437 1785 1472 αὐτῷ

997 1485 1042 1511 τὸν
1059 1485 1174 1520 σταυρὸν
1183 1504 1190 1516 ,
1207 1483 1350 1519 γνώρισμα
1363 1483 1414 1518 τῆς
1427 1483 1505 1518 νίκης
1525 1483 1633 1517 ἀληθῶς
1645 1483 1691 1509 καὶ
1705 1483 1786 1510 ἄκον-

996 1540 1042 1563 τες
1055 1531 1115 1558 καθ’
1131 1530 1234 1557 ἑαυτῶν
1252 1530 1425 1565 παρέχοντες.
1442 1530 1514 1561 Ἕως
1532 1530 1580 1564 μὲν
1596 1529 1649 1565 γὰρ
1665 1529 1786 1563 εἱστήκει

998 1578 1012 1603 ὁ
1028 1577 1124 1613 ἐχθρὸς
1134 1596 1141 1608 ,
1161 1574 1233 1610 εἶχον
1249 1576 1273 1601 οἱ
1287 1575 1378 1611 δήμιοι
1395 1575 1424 1601 τὺ
1442 1575 1518 1608 ξύλον
1528 1583 1535 1590 ο
1558 1575 1602 1601 ὅτε
1614 1574 1642 1601 δὲ
1658 1575 1785 1601 πέπτωκε

998 1621 1044 1647 καὶ
1060 1620 1230 1656 κατερράγη,
1248 1619 1308 1646 τότε
1325 1619 1453 1655 τρόπαιον
1468 1619 1562 1645 ἔλαϐεν
1577 1620 1591 1645 ὁ
1604 1619 1721 1655 Κύριος,
1739 1619 1787 1646 καὶ

998 1666 1086 1702 ἑαυτῷ
1100 1667 1248 1694 ἐϐάστασεν
1266 1666 1332 1701 (ili).
1352 1666 1425 1692 Ἔδει
1439 1665 1493 1701 γὰρ
1506 1665 1550 1692 τὸν
1561 1666 1678 1701 νικητὴο
1688 1665 1787 1702 Θριαμ-

997 1711 1109 1739 ϐεύοντα
1124 1712 1194 1738 κατὰ
1209 1711 1255 1738 τοῦ
1270 1711 1403 1744 διαϐόλου,
1422 1711 1458 1747 μὴ
1471 1711 1541 1746 ἄλλῳ
1553 1713 1714 1746 συγχωρεῖν,
1728 1711 1786 1738 ἀλλ’

997 1757 1086 1793 ἑαυτῷ
1101 1757 1246 1793 βαστάζειν
1258 1757 1288 1784 τὸ
1299 1757 1439 1793 τρόπαιον,
1472 1757 1622 1792 Ἐλάμϐανε
1639 1757 1667 1783 δὲ
1685 1757 1733 1784 σὺν
1747 1755 1787 1792 τῷ

996 1805 1118 1840 τροπαίῳ
1134 1804 1181 1830 καὶ
1197 1803 1230 1830 τὰ
1246 1804 1340 1838 ἱμάτια
1356 1804 1422 1838 παρ’
1436 1803 1535 1835 αὐτῶν,
1549 1803 1734 1838 ἀπερχόμενος
1747 1803 1786 1834 εἰς

996 1851 1041 1878 τὸν
1058 1850 1188 1877 θάνατον·
1206 1851 1250 1876 ἵνα
1265 1850 1311 1876 καὶ
1329 1849 1415 1876 ταῦτα
1433 1851 1482 1876 σὺν
1497 1849 1535 1885 τῷ
1548 1849 1655 1884 θανάτῳ
1669 1848 1786 1876 ἀπεκδύ-

997 1906 1088 1932 σηται.
1106 1896 1154 1922 Διὰ
1170 1895 1265 1928 τοῦτο,
1292 1895 1373 1922 πάλιν
1395 1895 1594 1930 ἐκδυσάμενος,
1620 1894 1786 1921 κατέσπευδε

996 1944 1059 1974 τοὺς
1076 1943 1231 1976 ἀπάγοντας
1247 1942 1322 1975 ἄγειν
1337 1941 1428 1968 αὐτόν.
1449 1941 1493 1972 Ὠς
1508 1941 1534 1967 δὲ
1550 1941 1671 1976 ἀπήγετο
1682 1961 1690 1973 ,
1715 1940 1786 1967 κατὰ

998 1988 1047 2023 μὲν
1060 1988 1106 2014 τὸν
1124 1987 1261 2022 Ἰωάννην,
1275 1987 1362 2021 ἑαυτῷ
1373 1987 1417 2013 τον
1431 1987 1546 2021 σταυρὸν
1558 1985 1702 2018 ὲϐάσταζε,
1715 1985 1788 2012 κατὰ

996 2033 1024 2060 δὲ
1045 2035 1108 2065 τοὺς
1129 2033 1224 2065 ἄλλους
1241 2032 1436 2067 εὐαγγελιστάς
1447 2053 1454 2064 ,
1471 2033 1561 2068 Σίμων
1582 2034 1596 2059 ὁ
1615 2032 1757 2067 ἄνθρωπος
1772 2033 1786 2058 ὁ

997 2078 1050 2105 ἀπὸ
1066 2078 1194 2114 Κυρήνης
1211 2078 1292 2113 ἔφερε
1307 2079 1353 2105 τὸν
1370 2078 1494 2114 σταυρόν.
1508 2079 1586 2104 Ἔστι
1600 2078 1628 2104 δὲ
1643 2078 1693 2104 οὐκ
1707 2079 1784 2104 ἐναν-

996 2124 1053 2150 τίον
1069 2123 1107 2158 τῷ
1126 2124 1236 2159 Ἰωάννῃ
1247 2132 1253 2138 '
1271 2124 1331 2150 οὐδὲ
1349 2124 1403 2160 γὰρ
1418 2125 1432 2150 ὁ
1455 2124 1580 2159 Ἰωάννης
1596 2123 1715 2150 ἐναντίον
1726 2123 1783 2158 (l5)

996 2171 1051 2201 τοῖς
1066 2169 1156 2201 ἄλλοις
1171 2169 1271 2204 γράφει
1282 2189 1289 2201 ,
1307 2170 1362 2196 ἀλλ’
1380 2170 1523 2205 ἀμφότερα
1537 2169 1647 2204 γέγονεν
1661 2170 1706 2196 ἐπὶ
1726 2169 1786 2196 τού-

156 2209 301 2245 bajulavit,
311 2215 337 2237 et
346 2218 456 2237 rursum
472 2215 566 2246 postea
584 2210 678 2239 Simon
696 2213 776 2240 homo
789 2213 850 2240 tulit
861 2214 942 2242 illam.

998 2222 1060 2240 του”
1079 2214 1190 2248 καὶγὰρ
1204 2215 1250 2240 καὶ
1268 2214 1356 2249 ἑαυτῷ
1372 2215 1386 2241 ὁ
1408 2214 1509 2250 Κύριος
1530 2213 1575 2240 τὸν
1592 2214 1707 2250 σταυρὸν
1723 2214 1786 2241 ἐϐά-

156 2256 279 2284 Irimum
310 2257 402 2291 itaque
426 2257 503 2291 quasi
521 2258 620 2285 diaboli
649 2263 781 2294 tropmum
806 2260 941 2295 gestabat,

156 2304 326 2339 libenterque
353 2303 404 2331 sibi
423 2312 532 2331 erucem
551 2305 700 2339 bajulavit:
718 2314 772 2333 non
792 2307 863 2333 enim
881 2315 944 2334 coa-

155 2354 217 2377 ctus
231 2354 346 2376 mortem
371 2349 447 2376 adiit.
470 2350 508 2376 Ac
525 2358 636 2377 rursum
665 2351 726 2377 tulit
749 2351 822 2378 illam
849 2350 943 2379 Simon

155 2395 248 2426 homo,
259 2399 287 2421 ut
303 2395 431 2422 omnibus
448 2400 542 2422 notum
555 2399 638 2429 esset,
654 2404 707 2424 non
724 2404 773 2423 sua
785 2396 942 2429 Dominum,

156 2441 204 2468 sed
221 2441 362 2468 hominum
386 2446 474 2469 morte
502 2442 582 2469 mori.
600 2442 649 2470 His
663 2443 699 2469 ita
716 2443 810 2478 gestis,
828 2443 944 2472 festinus

155 2487 190 2513 ad
205 2487 294 2514 locum
309 2488 393 2520 venit,
403 2495 457 2523 quo
471 2487 561 2523 ipsum
573 2489 601 2515 in
615 2495 724 2516 crucem
734 2489 882 2516 ascendere
896 2497 945 2525 par

191 2564 214 2581 ⁸³
233 2563 328 2591 Matth.
346 2572 379 2597 ι,
395 2564 440 2592 28.
477 2565 499 2581 ⁸³
519 2564 586 2593 Luc.
602 2573 647 2598 vt,
663 2565 707 2593 30.
746 2566 769 2582 ⁸⁵
789 2566 883 2594 Matth.
905 2575 927 2600 ν,
945 2567 989 2595 Η.

192 2642 250 2678 (10)
268 2641 318 2668 Διὰ
339 2640 428 2678 τοῦτο,
458 2641 534 2669 deest
550 2642 580 2670 in
606 2641 701 2678 Regio.
732 2642 805 2673 Mox.
830 2643 941 2678 Regius,

157 2677 340 2712 ἐπεδείκνυτο,
352 2677 458 2712 Anglic.
471 2677 660 2705 ὲπεδείκνυενξ
673 2678 754 2710 Editi,
769 2677 901 2712 ἐπέδειξε.

266 2712 434 2748 Basiliensis,
450 2712 653 2745 ἀνταδικοῦντες
667 2715 700 2748 τῇ
717 2713 761 2740 διὰ
776 2714 826 2748 τὴν
845 2711 944 2740 κακίαν

159 2746 269 2784 omissis
287 2746 439 2784 multist6t'
452 2747 661 2784 ῥμοιοτέλευτον.
676 2746 789 2782 Ibidem,
804 2746 904 2784 Regius
919 2754 944 2777 et

158 2781 237 2815 Angl.
255 2781 318 2812 τοὺς
332 2782 543 2813 ἀντιδικοῦντας.

195 2814 251 2853 (lg)
264 2816 438 2853 Qnglicanus,
460 2817 621 2853 ἀντιθῶμεν.

196 2850 252 2887 (15)
270 2850 369 2887 Regius
385 2856 411 2879 et
425 2851 529 2887 Anglic.
545 2850 779 2889 ἀνδραγαθείςθαι.

998 2259 1088 2291 σταζε,
1104 2260 1150 2285 καὶ
1164 2259 1243 2285 πάλιν
1255 2260 1345 2294 Σίμων
1358 2261 1371 2286 ὁ
1381 2259 1521 2295 ἅνθρωπος
1533 2259 1628 2295 ἔφερεν
1644 2259 1735 2287 αὐτόν.
1744 2259 1785 2290 Ὠς

999 2306 1047 2340 μὲν
1061 2303 1107 2332 οὖν
1130 2305 1199 2332 κατὰ
1215 2305 1262 2331 τοῦ
1279 2305 1401 2332 διαϐόλου
1416 2306 1544 2341 τρόπαιον
1560 2305 1692 2337 ἐϐάσταζε
1709 2304 1785 2340 πρῶ-

996 2360 1052 2383 τον,
1065 2351 1194 2383 ἑκουσίως
1207 2351 1235 2377 δὲ
1250 2352 1296 2377 καὶ
1309 2352 1354 2378 τὸν
1370 2352 1483 2387 σταυρὸν
1500 2351 1597 2386 ἔφερεν
1612 2350 1714 2385 ἐαυτῷ’
1739 2350 1785 2376 καὶ

997 2398 1049 2434 γὰρ
1062 2398 1111 2424 οὐκ
1122 2398 1342 2433 ἀναγκαζόμενος
1354 2398 1453 2433 ἦρχετο
1465 2397 1511 2424 ἐπὶ
1529 2398 1573 2424 τὸν
1589 2397 1702 2424 θάνατον
1717 2396 1782 2431 (16).

997 2444 1052 2470 Καὶ
1069 2443 1149 2470 πάλιν
1160 2443 1188 2470 δὲ
1200 2443 1347 2476 ἐϐάσταζεν
1361 2443 1440 2470 αὑτὸν
1452 2443 1542 2479 Σίμων
1554 2444 1567 2470 ὁ
1578 2443 1730 2478 ἄνθρωπος,
1743 2442 1785 2468 ἱ¹να

998 2490 1105 2525 γνωσθῇ
1124 2491 1206 2516 πᾶσιν
1216 2509 1224 2522 ,
1240 2490 1283 2516 ὅτι
1294 2489 1324 2516 οὑ
1342 2490 1388 2517 τὸν
1405 2489 1502 2516 ἑαυτοῦ
1512 2509 1520 2523 ,
1535 2489 1603 2516 ἀλλὰ
1618 2489 1663 2516 τὸν
1673 2488 1727 2514 τῶν
1740 2488 1785 2515 ἀν-

1028 2567 1050 2583 “
1071 2567 1171 2603 Ephes.
1189 2576 1234 2600 vi,
1253 2568 1296 2595 ll.
1335 2568 1357 2583 "
1376 2566 1444 2596 Luc.
1462 2576 1498 2601 Χ,
1517 2567 1561 2595 18.

1029 2645 1089 2685 (iii
1104 2645 1169 2678 Alii,
1193 2644 1352 2679 ἐϐάστασεν,
1376 2646 1433 2679 alii,
1458 2645 1606 2679 ὲϐάσταξεν
1631 2646 1786 2685 habent,et

995 2681 1034 2708 sic
1049 2680 1129 2708 infra.

1031 2715 1088 2752 (15)
1104 2715 1215 2752 Regius,
1233 2716 1352 2744 ἐναντία.

1031 2751 1087 2791 (lli)
1107 2751 1251 2793 Anglican:
1264 2752 1395 2793 ἑκουσίως
1415 2753 1461 2793 καὶ
1475 2752 1521 2793 τὸν
1542 2752 1658 2793 σταορὺν
1669 2751 1781 2793 ἔφερενς

995 2786 1084 2828 ἑαυτῷ
1099 2784 1214 2828 γὰρκαῇ
1226 2788 1276 2828 ουκ
1288 2787 1398 2828 ἀναγκ-.
1420 2787 1531 2828 11091115,
1554 2784 1672 2828 πρῶτον,
1691 2784 1731 2828 οἷς
1741 2785 1783 2828 ,δὲ

997 2822 1043 2848 καὶ
1055 2821 1100 2848 τὸν
1115 2821 1229 2858 σταυρὸν
1248 2822 1344 2858 ἔφερεν
1358 2821 1469 2857 ἐαυτῷ(
1480 2821 1584 2857 Ἑαυτῷ
1595 2822 1650 2858 γὰρ
1667 2821 1711 2848 καὶ
1721 2821 1781 2848 οὐκ.
