1915 3057
165 176 216 205 221

679 178 722 206 DE
742 178 912 207 PASSIONE
932 178 976 207 ET
988 178 1105 208 CRUCE
1126 178 1256 207 DOMINL

1742 178 1797 205 2'12

165 233 284 270 Θρώπων
299 233 465 270 ἀποθνήσκει
480 234 593 263 θάνατον
615 237 629 263 6
652 236 764 273 Κύριος.
795 236 904 263 Τούτων
928 237 957 264 δὲ

1015 241 1079 269 πει,
1096 241 1126 264 ut
1153 235 1364 271 chirographum
1379 239 1475 263 contra
1490 243 1541 263 nos
1563 235 1706 271 scriptum,
1724 236 1796 270 quod

165 280 253 312 οὕτως
267 281 436 316 γενομένων,
464 281 572 318 ἔρχεται
590 282 714 309 σπεύδων
729 283 776 310 ἐπὶ
799 282 845 309 τὸν
864 283 956 315 τόπον,

165 325 231 352 ἔνθα
244 327 292 352 καὶ
313 326 469 354 ἀναϐαίνειν
492 327 558 354 αὐτὸ
573 328 619 354 ἐπὶ
632 327 678 354 τὸν
696 328 813 364 σταυρὸν
829 327 898 357 ἔδει,
915 327 958 354 ἵνα

165 372 198 398 τὸ
207 371 266 398 καθ’
278 371 356 407 ήμιῖιν
367 372 559 408 χειρόγραφον,
572 373 640 409 ὅπερ
649 374 703 400 ἀπὸ
716 373 770 400 τῶν
781 373 886 409 ἐχθρῶν
897 372 957 409 ᾖρε,

166 417 331 454 προσηλώσῃ
346 417 384 452 τῷ
399 417 525 453 σταυρῷ,
546 419 595 445 καὶ
610 419 832 454 ἀπεκδυσάμενος
848 419 897 452 τὰς
910 420 960 454 ἀρ-

165 464 217 498 χὰς
234 463 280 490 καὶ
295 464 346 494 τὰς
357 462 482 495 ἐξουσίας
492 483 499 495 ,
514 465 543 490 ὲν
558 464 701 500 παρρησίᾳ.
717 464 879 500 δειγματίσῃ
895 463 958 491 τού-

164 517 229 541 τους
240 509 269 534 ὲν
276 507 316 543 τῷ
326 508 396 543 ξύλῳ
406 508 580 544 θριαμϐεύων
593 510 651 535 κατ’
662 509 762 540 αὐτῶν,
774 509 821 536 κα)⁸
829 508 958 535 δεικνύων

165 555 212 581 τὸν
229 554 418 581 ὲκσπασθέντα
435 555 467 580 ἐκ
481 554 529 581 τοῦ
548 554 654 586 λέοντος
667 554 809 590 ἄνθρωπον
819 575 826 586 ,
842 555 890 582 καὶ
903 555 952 581 λοι-

166 601 218 627 πὸν
240 600 278 636 τῷ
306 600 364 635 ἰδίῳ
379 600 476 635 αἵματι
491 601 591 636 ῥαίνων
607 601 653 627 καὶ
667 601 822 636 καθαρίζων
837 601 886 636 τὴν
908 602 956 636 γῆν

165 646 327 682 ἀρέσκηται.
341 645 452 672 Μέλλων
463 646 491 672 δὲ
502 645 581 672 τοῦτο
592 647 688 677 ποιεῖν,
699 645 772 679 ὲξεδύ
778 655 841 672 σατο
851 647 884 673 τὰ
897 646 946 681 ἱμά

166 701 221 718 τια.
236 691 308 718 Ἔδει
319 692 374 727 γὰρ
385 692 474 724 αὐτὸν,
491 692 635 725 εἰσάγοντα
650 692 695 718 τὸν
707 693 848 728 ἄνθρωπον
862 693 901 724 εἰς
912 693 957 718 τὸν

166 738 340 774 παράδεισον,
358 738 562 765 ἀπεκδύσασθαι
578 738 642 769 τοὺς
656 738 784 773 χιτῶνας,
802 738 848 770 οὖς
864 738 957 765 ἐλαϐεν

166 786 180 811 ὀ
204 785 289 819 ’Λδὰμ
305 784 501 819 ἐκϐαλλόμενος
515 785 546 810 ὲκ
564 784 610 810 τοῦ
627 784 802 819 παραδείσου.
821 785 886 811 Ὅτε
903 785 957 820 γὰρ

1009 282 1044 309 ab
1059 282 1179 309 inimicis
1196 281 1346 309 abstulerat
1371 280 1491 316 adigeret
1506 281 1592 312 cruci,
1612 286 1693 316 alque
1707 282 1796 308 exulis

1009 328 1210 364 principalibus
1223 331 1251 355 et
1268 327 1461 362 potestatibus,
1481 335 1542 354 cum
1573 327 1672 354 lidueia
1692 327 1754 354 illos
1769 327 1796 353 in

1009 382 1094 402 cruce
1113 374 1276 406 traduceret,
1295 374 1328 401 de
1346 373 1400 400 illis
1416 373 1607 408 triumpharet,
1626 373 1797 400 ostenderet-

1009 428 1063 456 que
1077 424 1200 455 ereptum
1217 427 1251 447 ex
1271 420 1350 446 leone
1367 419 1504 447 hominem
1523 428 1528 446 :
1545 425 1577 445 ac
1601 418 1710 445 demum
1734 425 1797 452 pro-

1007 467 1068 502 prio
1086 468 1218 497 sanguine
1231 469 1332 493 terram
1346 469 1513 500 aspergeret,
1532 464 1705 494 emundaret,
1716 468 1800 498 atque

1010 512 1065 548 ’14
1075 512 1207 546 expiaret.
1219 511 1245 537 ld
1261 518 1323 537 cum
1340 510 1463 537 facturus
1477 514 1549 537 esset
1561 510 1636 536 exuit
1651 509 1799 536 vestimen-

1010 562 1047 584 ta.
1068 558 1183 585 Docebat
1200 557 1272 585 enim
1288 564 1361 587 eum,
1381 564 1443 584 cum
1460 556 1596 583 hominem
1613 556 1799 583 introduceret

1010 604 1038 630 in
1056 603 1225 639 paradisum,
1252 603 1360 630 tunicas
1380 609 1491 635 exuere,
1509 610 1578 636 quas
1593 601 1698 637 accepit
1712 601 1799 628 Adam

1013 658 1075 677 eum
1092 658 1123 677 ex
1139 649 1267 684 paradiso
1282 649 1483 675 exturbaretur.
1502 648 1570 674 Cum
1590 647 1661 674 enim
1676 648 1721 674 ille
1738 654 1801 681 pec-

1011 699 1113 726 casset,
1132 702 1164 722 ac
1183 695 1292 722 demum
1313 693 1463 720 moriturus
1493 697 1576 724 esset,
1600 692 1703 727 accepit
1722 692 1799 727 pelli-

1009 749 1075 769 ceas
1092 745 1193 773 vestes,
1210 748 1243 767 ex
1263 739 1379 766 mortuis
1398 738 1561 766 animalibus
1580 738 1675 772 factas,
1694 738 1802 774 symbo-

1010 787 1068 814 ltttn
1083 786 1178 813 mortis
1197 786 1232 812 ob
1249 789 1390 820 peccatum
1412 785 1463 812 sibi
1483 785 1610 812 inductae.

166 833 286 868 ἥμαρτε,
302 832 348 859 καὶ
360 832 452 858 λοιπὸν
465 832 582 867 ἤμελλεν
596 832 788 866 ἀποθνήσκειν,
805 833 884 859 ἑλαὸε
898 833 1076 869 δερματίνους
1095 835 1221 870 χιτῶνας,
1244 834 1276 860 ἐκ
1297 833 1402 869 νεκρῶν
1430 832 1508 864 ζώων
1533 831 1705 868 γενομένους,
1730 831 1801 868 σύμ-

168 879 248 905 ϐολον
270 879 349 910 ὂντας
372 879 420 914 τῆς
440 878 482 904 διὰ
495 879 545 913 τὴν
559 878 694 914 ἁμαρτίαν
710 878 869 914 νεκρώσεως
883 880 957 915 αὐτῷ
975 881 1206 916 προσγενομένης.

203 925 247 952 21.
266 925 335 951 Ἀλλ’
343 926 357 951 ό
366 925 477 960 Κύριος,
489 926 502 952 6
514 926 601 952 πάντα
612 925 645 951 τὰ
654 925 731 960 ἡμῶν
741 925 774 951 δι’
784 926 857 960 ἡμᾶς
866 926 960 952 ἀναδε-

1045 928 1090 954 21;
1107 927 1159 954 Sed
1178 927 1318 957 Dominus,
1333 925 1378 960 qui
1393 930 1504 960 propter
1520 932 1570 951 nos
1592 924 1683 952 omnia
1708 929 1800 952 nostra

168 972 292 1007 ξάμενος,
311 971 454 998 ἐνεδύσατο
463 971 548 998 ταῦτα
561 991 568 1002 ,
582 971 624 997 ἵνα
641 971 687 997 καὶ
703 971 900 1006 ἁπεκδὺσηται,
913 972 958 999 καὶ

167 1019 228 1045 ἀντὶ
239 1018 340 1044 τούτων
349 1018 422 1052 ἡμᾶς
433 1017 530 1054 ἐνδύσῃ
540 1018 588 1052 τὴν
596 1016 668 1052 ζωὴν
678 1017 725 1043 καὶ
734 1017 782 1052 τὴν
793 1017 957 1052 ἀφθαρσίαν·

167 1063 312 1091 ἐνεδύσατο
319 1064 346 1090 δὲ
360 1063 428 1098 μετὰ
440 1063 541 1090 τούτων
556 1063 601 1089 καὶ
613 1062 715 1098 χιτῶνα
726 1062 848 1098 ag.pr
860 1064 891 1089 ἐκ
906 1063 960 1090 τῶν

167 1110 269 1136 ἀνωθεν
284 1109 401 1144 ὑφαντδν
416 1109 448 1135 δι’
463 1108 524 1135 ὅλου
543 1108 688 1144 γενόμενον
699 1117 705 1124 ”
731 1109 773 1134 ἵνα
788 1108 838 1135 κᾶν
852 1109 884 1135 ὲκ
900 1108 960 1134 τού-

167 1165 220 1182 των
238 1156 294 1190 (17)
312 1155 456 1181 πιστεῦσαι
474 1154 625 1190 δυνηθῶσιν
646 1155 670 1180 oi
694 1155 832 1186 Ἰουδαῖοι,
846 1155 888 1186 τίς
902 1155 960 1180 ἐστι

167 1202 216 1228 καὶ
230 1201 310 1228 πόθεν
320 1202 334 1227 ὁ
346 1201 526 1236 ἐνδυσάμενος
535 1200 620 1227 ταῦτα
633 1209 638 1216 ·
652 1201 692 1227 δτι
703 1201 752 1227 οὐκ
764 1201 819 1228 ἀπὸ
829 1201 890 1236 γῆς,
902 1201 958 1227 ἀλλ’

167 1247 272 1275 ἄνωθεν
291 1247 438 1282 ἐρχόμενος
458 1245 492 1282 ἦν
507 1249 521 1274 6
534 1247 635 1280 Λόγος,
653 1247 700 1273 καὶ
715 1248 755 1273 ὅτι
775 1247 805 1272 οὺ
821 1247 958 1282 μεριπτὺς,

167 1294 224 1321 ἀλλ’
241 1294 388 1329 ἀμέριστος
406 1294 480 1319 ἐστιν
492 1294 506 1319 6
519 1293 604 1327 Λόγος
619 1294 632 1318 6
643 1293 689 1319 τοῦ
700 1293 817 1328 Πατρδς,
834 1293 890 1325 καὶ,
908 1293 959 1325 ὅτι,

167 1339 313 1374 γενόμενος
328 1338 471 1373 ἄνθρωπος
483 1358 490 1369 ,
507 1338 555 1364 οὐκ
571 1338 744 1374 ἐρριμμένον
762 1336 819 1372 εἶχε
835 1338 866 1364 τὸ
882 1338 961 1373 σῶμα

167 1384 198 1416 ἐξ
225 1384 319 1420 ἀνδρὸς
337 1384 384 1410 καὶ
399 1383 541 1417 γυναικὸς,
563 1383 619 1410 ἀλλ’
637 1385 668 1410 ὲκ
701 1383 839 1418 Παρθένου
867 1383 960 1418 μόνης,

167 1430 324 1466 ὑφασμένον
340 1432 372 1465 τῇ
388 1431 435 1457 τοῦ
447 1431 604 1466 Πνεύματος
619 1430 710 1466 τέχνῃ.
733 1430 812 1457 Ὅθεν
828 1431 852 1456 οἱ
870 1430 961 1465 δήμιοι

166 1478 203 1504 ’τὰ
219 1478 268 1512 μὲν
284 1477 350 1504 ἄλλα
363 1476 566 1512 διαμερίζονται
584 1476 677 1511 ἱμάτια
687 1496 695 1507 ,
722 1477 836 1511 μεριστὰ
850 1476 903 1512 γὰρ
916 1474 960 1512 ἦν,

168 1523 215 1550 καὶ
224 1524 263 1554 εἰς
270 1523 390 1558 τέσσαρα
397 1521 597 1558 διαμερίζονται
605 1531 611 1538 ⁸
625 1523 671 1548 καὶ
677 1522 730 1558 γὰρ
740 1523 809 1558 ὑπὲρ
819 1523 868 1557 τῆς
876 1522 963 1558 ἁμαρ-

168 1569 230 1600 τίας
252 1568 308 1602 (18)
323 1568 371 1603 τῆς
391 1568 576 1604 τετραμεροῦς
593 1568 755 1603 οἰκουμένης
777 1567 848 1595 κατὰ
867 1569 963 1595 ἀνατο-

168 1614 228 1650 λὴν.
245 1615 291 1642 καὶ
305 1614 390 1646 δύσιν,
408 1615 454 1641 καὶ
466 1614 576 1649 ἄρκτον,
591 1614 638 1640 καὶ
653 1613 827 1649 μεσημϐρίαν
837 1633 845 1645 ,
867 1615 962 1650 ἐφόρει
976 1603 997 1631 C

168 1661 271 1688 ταῦτα·
287 1661 358 1696 ἆπερ
373 1660 515 1695 θεωρήσας
526 1661 540 1686 6
556 1660 680 1694 Ἰωάννης
697 1659 869 1695 ἐνδεδυμένον
882 1661 964 1688 αὑτὸν

169 1707 279 1741 ἔλεγεν·
299 1716 308 1732 ι
327 1706 374 1733 Ἰδὲ
389 1707 402 1732 ὁ
416 1706 500 1741 ἀμνὸς
514 1706 561 1732 τοῦ
576 1705 644 1731 Θεοῦ
656 1725 664 1738 ,
679 1706 693 1732 6
708 1705 792 1740 αἴρων
807 1705 854 1741 τὴν
870 1706 965 1742 ἁμαρ-

169 1754 232 1780 τίαν
249 1753 295 1780 τοῦ
316 1753 429 1788 κόσμου.
446 1762 455 1778 ›
480 1752 532 1778 Τὸν
549 1752 650 1786 χιτῶνα
667 1752 722 1785 (19)
739 1753 818 1787 μόνον
836 1752 886 1778 οὐκ
900 1752 964 1786 ἡδυ-

171 1799 293 1835 νήθησαν
308 1799 400 1834 σχίσαι
412 1798 487 1833 φόϐῳ
501 1799 547 1824 τοῦ
560 1799 592 1824 δι’
604 1799 686 1825 αὑτοῦ
699 1798 903 1833 γνωριζομένου
917 1807 966 1833 ση-

173 1847 262 1882 μείου.
275 1846 331 1873 Ka‘t
344 1845 424 1872 τοῦτο
436 1845 490 1881 γὰρ
503 1845 552 1871 οὐκ
564 1845 663 1878 αὐτῶν,
680 1845 747 1872 ἀλλὰ
762 1845 808 1871 τοῦ
820 1844 964 1880 κρεμαμέ-

172 1901 219 1919 νου
232 1893 357 1927 Σωτῆρος
372 1891 402 1918 τὸ
418 1891 508 1927 ἔργον.
527 1891 583 1917 Καὶ
600 1891 654 1926 γὰρ
671 1891 856 1927 κρεμάμενος,
871 1890 909 1922 ὡς
920 1891 966 1917 ἄν-

172 1939 292 1974 θρωπος,
308 1938 356 1969 τὰς
372 1938 420 1973 μὲν
434 1937 522 1973 ἀρχὰς
533 1936 638 1969 ἐδίωκε,
654 1937 699 1962 τὸν
710 1936 739 1963 δὲ
763 1928 883 1963 διάϐολον
899 1945 964 1962 κατ-

172 1984 328 2020 ελάμδανε,
355 1984 418 2016 τοὺς
436 1984 464 2010 δὲ
489 1984 603 2018 δημίους
617 1983 723 2018 ἐφόϐει,
741 1982 778 2017 μὴ
801 1981 904 2017 σχίζειν
919 1981 965 2008 τὸν

173 2031 288 2067 χιτῶνα·
308 2031 352 2057 ἵνα
364 2052 371 2063 ,
384 2031 478 2056 τούτου
493 2030 630 2065 μένοντος.
647 2029 715 2065 μένῃ
727 2028 776 2055 καὶ
786 2029 800 2054 ὁ
814 2027 886 2054 κατὰ
899 2028 965 2054 Ἰου-

172 2076 257 2104 δαίων
272 2076 392 2110 ἓλεγχος,
410 2076 424 2101 6
440 2075 498 2110 μετ’
515 2076 545 2102 οὺ
564 2075 631 2101 πολὺ
645 2074 802 2108 γενόμενος,
818 2073 859 2099 ὅτι
871 2073 900 2099 τὸ
917 2073 965 2108 μὲν

173 2122 375 2157 καταπέτασμα
392 2121 520 2157 ἐσχίσθη,
533 2122 547 2147 6
564 2121 590 2147 δὲ
609 2121 690 2156 χιτὼν
704 2120 750 2146 τοῦ
768 2120 893 2155 Σωτῆρος
905 2119 965 2145 οὐδὲ

174 2168 228 2194 ὑπὸ
240 2167 346 2202 δημίων
361 2167 485 2202 διῃρέθη,
501 2166 559 2193 ἀλλ’
582 2166 688 2201 ἔμεινεν
705 2165 859 2201 ὁλόκληρος.
883 2165 966 2191 Μένει

173 2214 228 2248 γὰρ
245 2213 274 2239 τὺ
289 2212 453 2247 Εὐαγγέλιον
464 2212 508 2238 διὰ
525 2212 625 2243 παντὸς
637 2211 794 2247 ὀλόκληρον,
813 2210 866 2237 τῶν
882 2210 966 2237 σκιῶν

173 2259 382 2294 διαιρουμένων.
421 2259 495 2292 Πλὴν
518 2259 558 2284 ὅτι
585 2257 788 2292 ἀποδυσάμενος
813 2255 847 2282 τὰ
870 2255 966 2290 ἱμάτια

175 2305 288 2332 ἔσπευδε
306 2305 373 2341 πρὸς
390 2304 434 2331 τὸν
449 2304 580 2336 θάνατον,
601 2304 661 2330 τότε
679 2302 733 2339 (20)
751 2303 830 2329 πάλιν
847 2303 861 2328 6
876 2302 966 2329 διάϐο-

174 2351 237 2383 λος,
265 2350 326 2377 ἰδὼν
340 2350 388 2386 τὴν
404 2350 558 2387 προθυμίαν
572 2349 618 2376 τοῦ
636 2350 763 2385 Σωτῆρος
775 2369 782 2380 ,
809 2348 856 2374 καὶ
872 2348 967 2375 ἑαυτὸν

174 2397 204 2429 ἐξ
228 2395 342 2431 οὐρανοῦ
358 2396 489 2426 πεσόντα,
514 2395 561 2422 καὶ
584 2395 632 2430 τῆς
650 2395 701 2429 γῆς
715 2393 898 2429 ἐκϐληθέντα,
917 2394 967 2420 οὐκ

175 2440 248 2476 εἶχεν
267 2441 281 2467 δ
296 2450 323 2468 τι
340 2441 454 2477 πράξει·
475 2441 564 2467 πάντα
583 2440 638 2476 γὰρ
652 2438 686 2475 ἦν
702 2439 776 2474 αὐτῷ
790 2439 904 2475 Θορὺὃου
920 2439 967 2466 καὶ

176 2487 292 2522 ἀπορίας
307 2487 402 2522 μεστά.
415 2487 470 2512 Kal.
484 2486 574 2521 μένειν
585 2486 633 2521 μὲν
646 2486 696 2513 οὐκ
708 2485 825 2520 ἠδύνατο
834 2506 841 2517 ,
857 2485 966 2520 φεύγειν

175 2531 204 2557 δὲ
217 2532 298 2558 πάλιν
309 2532 441 2567 ἐφοϐεῖτο.
454 2532 527 2567 Πλὴν
537 2533 577 2558 ὅτι
590 2532 651 2559 ὲνθυ
656 2531 762 2567 μηθεὶς,
777 2531 818 2558 ὅτι
831 2530 893 2564 τοὺς
905 2532 968 2558 ἀπο-

177 2577 359 2612 θνήσκοντας,
384 2579 431 2604 ὲπὶ
451 2579 500 2614 τῆς
517 2579 568 2614 γῆς
591 2577 773 2613 ἀποθνήσκειν
787 2577 827 2604 δεῖ
843 2577 913 2604 κατὰ
937 2578 968 2604 τδ

176 2625 384 2659 γεγραμμένον⁹
398 2634 407 2649 ι
417 2625 455 2660 Γῆ
469 2623 503 2657 εἴ,
518 2625 566 2651 καὶ
582 2625 621 2656 είς
632 2624 684 2660 γῆν
694 2623 845 2659 ἀπελεύσῃ·
859 2633 868 2650 ι
884 2623 968 2658 φοὸη-

178 2669 234 2701 θεὶς
251 2669 298 2696 ἐπὶ
311 2670 363 2705 γῆς
379 2671 485 2705 μεῖναι,
502 2670 540 2706 μὴ
553 2671 612 2696 ἐκεῖ
624 2669 785 2706 καταληφθῇ
798 2689 805 2702 ,
819 2668 912 2696 λοιπὸν
927 2669 968 2700 εἰς

214 2748 236 2764 ⁸⁸
254 2747 333 2776 Joan.
352 2757 379 2782 l,
395 2749 442 2776 29.
479 2748 503 2764 "
523 2748 619 2776 Genus.
641 2755 688 2781 ιιι,
707 2747 751 2776 t9.

216 2837 270 2873 (l7)
285 2836 396 2872 Regius,
413 2838 445 2864 ὲκ
461 2837 566 2864 τούτου.

218 2873 389 2913 (ιδμηιιίος
406 2873 512 2913 irim:
538 2873 645 2913 Ἐετςιβὴ
669 2881 723 2913 me
749 2873 882 2913 ὐῖὲρτῆς
902 2873 968 2913 seu

218 2882 272 2912 (Il?)
284 2882 389 2913 ὃῐὶδΙΙῧ..
407 2882 512 2913 ιματια.
544 2882 645 2914 ιιι-πειοη
749 2882 818 2914 υπῖἳρ
832 2882 882 2916 της
902 2882 968 2914 αμη

182 2907 274 2935 multis
292 2915 412 2936 onussrs.
439 2907 539 2943 Regius
562 2908 672 2942 ibidem,
726 2908 804 2944 πειδη
821 2917 884 2944 γαρ,
905 2913 968 2936 Item

1013 974 1146 1008 suscepit,
1163 973 1206 999 illa
1227 973 1327 1004 induit,
1345 976 1374 998 ut
1390 976 1451 1007 post
1461 975 1586 1002 exueret,
1603 975 1630 998 et
1648 971 1747 997 horum
1762 970 1802 997 lo-

1011 1026 1044 1046 co
1061 1026 1111 1045 nos
1124 1019 1249 1046 indueret
1263 1019 1318 1045 vita
1335 1024 1361 1044 et
1374 1018 1581 1052 incorruptione
1595 1027 1601 1044 :
1616 1017 1704 1044 induit
1719 1017 1801 1044 etiam

1012 1073 1072 1092 eum
1094 1065 1136 1092 his
1163 1069 1264 1091 vestem
1286 1064 1478 1091 inconsutilem
1505 1063 1622 1097 desuper
1646 1067 1802 1090 contextam

1012 1119 1059 1146 per
1071 1115 1211 1144 totum;ut
1224 1111 1319 1138 saltem
1332 1119 1363 1137 ex
1382 1111 1442 1138 istis
1457 1114 1568 1145 possent
1579 1109 1664 1136 Jlldtlll
1679 1109 1802 1142 credere,

1011 1159 1073 1192 quis
1089 1162 1115 1184 et
1128 1158 1200 1184 unde
1217 1162 1290 1184 esset
1305 1158 1351 1192 qui
1368 1157 1426 1183 inec
1442 1156 1570 1183 indueret
1585 1165 1591 1182 :
1608 1163 1662 1182 non
1681 1163 1713 1182 ex
1730 1158 1802 1182 terra

1012 1203 1128 1235 scilicet,
1139 1204 1186 1230 sed
1204 1202 1322 1236 desuper
1336 1199 1618 1231 advenisseVerbum,
1635 1207 1723 1234 neque
1735 1199 1806 1226 divi-

1012 1249 1089 1275 sibile
1103 1248 1150 1275 sed
1165 1248 1332 1275 indivisibile
1345 1247 1435 1273 Patris
1447 1245 1566 1273 Verbum
1576 1253 1648 1277 esse,
1660 1245 1804 1279 ipsumque

1013 1292 1114 1319 factum
1133 1292 1282 1324 hominem,
1302 1299 1356 1318 non
1372 1295 1518 1318 consulum
1531 1297 1633 1324 corpus
1650 1297 1681 1316 ex
1696 1290 1754 1315 viro
1776 1291 1804 1316 et

1016 1338 1130 1365 muliere
1143 1338 1281 1369 habuisse,
1300 1337 1348 1364 sed
1361 1345 1393 1364 ex
1408 1337 1466 1364 sola
1483 1335 1596 1372 Virgine
1610 1339 1668 1362 arte
1684 1335 1804 1370 Spiritus

1013 1389 1181 1412 contextum.
1194 1384 1271 1411 Unde
1283 1385 1382 1411 milites
1397 1384 1449 1410 alia
1467 1383 1576 1418 quidem
1591 1382 1750 1409 vestimenta
1763 1381 1804 1406 di‘

1013 1431 1119 1461 vidunt,
1129 1438 1188 1465 qua:
1204 1429 1352 1457 divisibilia
1368 1433 1457 1460 erant,
1469 1433 1495 1455 et
1509 1429 1535 1454 in
1548 1432 1666 1462 quatuor
1679 1427 1804 1453 dividunt

1012 1481 1106 1511 partes
1125 1485 1130 1502 :
1148 1476 1212 1510 quia
1231 1482 1280 1510 pro
1295 1478 1408 1510 peccato
1431 1474 1506 1501 orbis
1523 1473 1550 1499 in
1570 1477 1688 1507 quatuor
1713 1475 1804 1506 partes

1014 1523 1094 1550 divisi
1110 1522 1137 1548 in
1153 1522 1286 1548 orientem
1305 1521 1419 1553 scilicet,
1444 1519 1625 1548 occidentem.
1649 1517 1803 1552 aquilonem

1014 1573 1041 1595 et
1055 1568 1207 1599 meridiem,
1224 1567 1269 1593 illa
1291 1567 1414 1601 gestabat
1431 1575 1437 1592 :
1452 1565 1553 1600 quibus
1579 1564 1704 1590 imlutum
1728 1563 1804 1589 illum

1015 1615 1190 1649 conspicatus
1216 1613 1347 1644 Joannes,
1367 1613 1404 1638 ait
1429 1622 1435 1638 :
1455 1622 1462 1637 ι
1494 1611 1562 1638 Ecce
1585 1610 1679 1646 Agnus
1692 1609 1741 1636 Dei
1758 1610 1804 1643 qui

1015 1661 1086 1688 tollit
1099 1665 1238 1695 peccatum
1255 1659 1349 1686 mundi
1359 1659 1392 1684 ⁸³.
1411 1668 1420 1684 ι
1440 1657 1531 1685 Solam
1542 1657 1661 1683 tunicam
1679 1655 1805 1683 scindere

1014 1715 1069 1734 non
1088 1710 1245 1741 potuerunt,
1261 1709 1366 1732 terrore
1380 1704 1449 1739 signi
1465 1711 1512 1738 per
1520 1711 1579 1729 eam
1592 1702 1718 1729 cxhibiti.
1729 1701 1794 1727 Erat

1015 1761 1068 1788 que
1082 1752 1147 1779 illud
1159 1760 1210 1778 non
1227 1750 1413 1786 ipsorum,st
1425 1750 1552 1784 suspensi
1567 1748 1804 1782 SalvatoriStvpus.

1015 1798 1081 1825 Nam
1096 1805 1259 1832 suspensus,
1279 1801 1309 1823 ut
1326 1797 1417 1828 homo,
1434 1795 1605 1830 principatus
1621 1794 1804 1829 persequeba-

1015 1849 1070 1874 tur.
1086 1843 1223 1871 diabolum
1240 1842 1499 1877 comprehendebat,
1529 1840 1674 1867 carniliees
1702 1844 1806 1874 perter-

1016 1891 1104 1922 rebat,
1117 1898 1150 1917 tte
1159 1890 1317 1917 seindercnt
1335 1888 1456 1915 tunicam
1471 1897 1476 1914 ε
1492 1891 1520 1913 ut
1534 1891 1660 1913 manente
1674 1886 1729 1918 illa,
1747 1892 1806 1912 ma-

1016 1941 1093 1964 neret
1116 1936 1278 1963 Judaeorunt
1305 1934 1452 1966 convictio,
1471 1942 1531 1968 quae
1553 1942 1606 1960 non
1631 1933 1717 1959 multo
1745 1935 1806 1967 post

1017 1983 1129 2014 accidit,
1146 1990 1208 2009 cum
1226 1982 1315 2009 scisso
1342 1981 1412 2013 velo,
1431 1980 1523 2007 tunica
1551 1979 1702 2006 Salvatoris
1720 1977 1811 2004 dirisa

1016 2036 1071 2055 non
1087 2033 1130 2055 est
1144 2035 1159 2054 ιι
1175 2027 1370 2059 carniﬁcibus;
1384 2025 1431 2054 sed
1447 2026 1550 2060 integra
1572 2024 1732 2060 permansit.
1752 2022 1809 2049 Ma-

1017 2079 1063 2102 net
1089 2074 1162 2102 enim
1192 2073 1369 2108 Evangelium
1397 2080 1504 2106 semper
1528 2071 1683 2105 integrum,
1712 2068 1809 2096 divisis

1017 2121 1134 2148 umbris.
1150 2121 1285 2148 Cmtcrum
1310 2128 1372 2147 cum
1396 2123 1497 2147 exutus
1519 2116 1689 2144 vestimentis
1711 2122 1803 2149 prope-

1016 2169 1089 2193 raret
1110 2166 1142 2193 ad
1151 2171 1277 2197 mortem,
1291 2172 1400 2192 rursum
1416 2163 1540 2191 diabolus
1552 2184 1559 2194 ,
1572 2161 1668 2188 videns
1682 2159 1795 2187 Salvato

1017 2212 1055 2239 ris
1071 2212 1252 2244 alacritatem,
1265 2218 1350 2245 seque
1365 2217 1398 2237 ex
1413 2209 1484 2236 cmlo
1501 2207 1653 2242 delapsum,
1670 2213 1704 2232 ex
1721 2208 1810 2231 terra-

1019 2266 1073 2293 que
1084 2258 1260 2284 exturbatum
1274 2266 1281 2283 :
1295 2256 1360 2291 quid
1386 2258 1478 2290 ageret
1503 2261 1558 2280 non
1587 2251 1681 2278 habuit
1697 2259 1703 2276 :
1718 2249 1809 2275 omnia

1020 2303 1123 2338 quippe
1138 2302 1191 2337 ipsi
1205 2306 1284 2329 erant
1297 2301 1416 2328 tumultu
1443 2304 1470 2327 et
1493 2299 1630 2325 anxietate
1654 2296 1742 2330 plena.
1757 2294 1812 2320 Ma-

1022 2356 1087 2376 nere
1102 2355 1155 2375 non
1171 2351 1287 2382 poterat,
1304 2347 1398 2381 fugere
1406 2343 1634 2372 exhorreseebat:
1648 2347 1752 2367 menter
1767 2343 1809 2366 ta-

1020 2402 1082 2420 men
1095 2402 1142 2421 eos
1157 2394 1203 2428 qui
1228 2396 1412 2424 morerentur,
1431 2391 1458 2418 in
1483 2394 1556 2417 terra
1582 2389 1652 2414 mori
1673 2391 1809 2421 oportere,

1019 2439 1252 2474 quemadmodum
1278 2439 1410 2472 scriptum
1435 2440 1501 2464 est:
1522 2443 1530 2460 ι
1553 2434 1636 2460 Terra
1660 2440 1700 2465 es,
1724 2435 1751 2458 et
1783 2431 1811 2458 in

1022 2490 1122 2513 terram
1142 2486 1289 2513 reverteris
1305 2485 1337 2517 θ’,
1358 2493 1368 2510 ι
1386 2491 1441 2511 non
1456 2489 1540 2509 ausus
1558 2480 1586 2507 in
1605 2484 1677 2506 terra
1702 2485 1812 2504 manere

1021 2538 1056 2558 ne
1072 2531 1109 2558 ibi
1124 2530 1414 2565 comprehenderetur,
1426 2529 1535 2555 demum
1547 2532 1594 2560 per
1605 2531 1695 2551 aerem
1715 2522 1813 2548 volita-

1022 2577 1080 2609 vit;
1099 2580 1129 2603 ut
1140 2577 1236 2603 saltem
1253 2576 1303 2607 ita,
1316 2574 1459 2602 Dominieo
1474 2579 1589 2608 corpore
1605 2570 1632 2597 in
1648 2573 1723 2596 terra
1739 2567 1812 2602 posi-

1022 2625 1060 2653 to,
1076 2621 1194 2648 liberum
1211 2620 1264 2648 sibi
1279 2627 1370 2646 aerem
1386 2618 1528 2645 retineret.
1545 2615 1598 2644 Sed
1615 2616 1746 2643 Dominus
1761 2615 1812 2641 hac

1021 2668 1050 2695 in
1068 2675 1098 2695 re
1127 2667 1250 2694 humano
1275 2665 1369 2701 generi
1389 2667 1512 2691 amanter
1539 2662 1686 2691 conSulens
1703 2669 1759 2688 non
1783 2659 1813 2687 in

1022 2835 1112 2863 habet.

1059 2871 1114 2906 (19)
1131 2869 1240 2906 Bcgius,
1258 2868 1309 2906 Τδν
1325 2867 1477 2906 δξχιτῷνιιἶ

1059 2872 1103 2906 (19
1131 2872 1240 2905 Regius,
1258 2872 1309 2895 Τὸν
1325 2872 1353 2894 δὲ
1367 2872 1477 2903 χιτωνα.

1059 2872 1116 2943 (2ος
1129 2905 1231 2942 Regius
1245 2909 1270 2933 et
1284 2904 1390 2940 Anglic.
1405 2903 1458 2931 ὅτε.
1472 2901 1550 2930 Edito
1563 2908 1638 2934 vero,
1649 2900 1708 2926 τότε
1720 2895 1809 2925 πάλιν.
1837 2915 1843 2924 .
