1915 3057
210 159 260 188 ﬁll

776 153 804 182 S.
821 151 1051 181 ATHANASlUS.
1073 167 1107 171 —
1128 149 1239 177 DUBlA.

1785 145 1842 173 213

211 225 266 253 que
280 217 325 244 ille
337 215 383 251 qui
407 214 475 250 fugit
491 213 523 241 ad
548 213 703 241 simulatam
720 213 871 247 respiciens
886 211 1000 238 inﬁrmi-

1063 209 1120 245 ιρδς
1143 208 1193 244 τὴν
1216 207 1321 233 ἐκείνου
1342 205 1508 241 πρόσκλησιν
1519 214 1525 220 ·
1544 203 1603 231 εἶτα
1621 204 1724 236 ἐκεῖνος
1741 203 1755 229 ὀ
1773 203 1842 238 φεύ-

212 267 307 302 tatem,
321 269 382 288 cum
395 260 557 288 conﬁdentia
572 259 730 292 accesserit,
746 263 772 286 et
788 265 938 294 generosus
954 257 999 284 ille

213 309 314 336 athleta
331 308 378 342 qui
394 307 554 334 inﬁrmitate
572 306 617 333 illa
639 309 812 340 provocarat,
828 311 877 331 sua
898 304 999 330 virtute

213 353 398 388 superaverit;
423 354 461 380 ita
483 356 510 380 et
534 352 677 383 Dominus,
704 352 822 378 humana
847 357 999 385 provocans

213 399 382 430 inﬁrmitate,
409 407 458 426 sua
477 399 577 426 virtute
594 398 665 425 vires
677 397 780 424 homini
792 396 894 423 addidit
906 400 999 423 contra

213 446 365 473 inimicum.
384 445 473 478 Quare
495 445 655 472 imminente
679 447 779 474 morte,
795 442 878 477 erepit
902 449 1001 476 pavere

213 495 241 518 et
260 493 357 519 anxius
376 499 448 524 esse,
463 492 632 526 rogabatque
648 495 675 517 ut
703 490 835 517 transiret
851 488 922 516 calix
944 487 999 518 ille,

213 542 296 572 atque
309 538 445 564 clamabat
461 546 467 564 :
487 546 495 562 ι
515 537 634 571 Spiritus
652 536 761 572 quidem
778 538 921 570 promptus
947 537 999 564 est,

214 591 279 610 caro
295 587 385 610 autem
405 584 512 610 inﬁrma
535 583 569 616 "';
584 593 593 609 ι
613 589 643 610 ut
661 582 836 610 adversarius
858 584 952 607 noster
967 579 1001 606 ad

215 636 303 662 ipsum
320 631 349 654 ut
371 628 508 654 hominem
526 628 669 660 accedens,
685 627 806 654 divinam
827 624 1001 666 experiretur

215 674 354 700 virtutem.

254 772 296 800 15.
322 772 370 799 llis
393 772 476 807 igitur
504 770 638 798 adductus
664 769 748 797 miser
764 769 820 801 ille,
836 768 934 795 illusus
948 770 1002 801 est,

216 824 298 855 atque
320 819 355 846 ad
377 818 522 846 Dominum
544 816 671 844 accessit.
692 815 762 842 Hinc
777 817 925 849 conspecta
942 813 1002 848 ejus

217 865 386 897 fortitudine,
409 863 572 891 exhorruit:
592 862 650 890 visa
669 860 768 888 deinde
794 859 919 894 corporis
942 859 1002 893 ejus

1051 264 1116 289 γων,
1139 254 1208 289 πρὸς
1232 252 1281 288 τὴν
1305 251 1535 287 σχηματισθεῖσαν
1556 250 1695 278 ἀσθένειαν
1722 249 1842 277 dm“-

1051 309 1119 331 πων,
1139 299 1278 334 θαρρήσας
1291 297 1444 333 προσέλθοι,
1458 297 1505 323 καὶ
1521 298 1534 323 ὁ
1550 297 1672 331 γενναῖος
1687 296 1845 331 παλαιστὴς

1050 347 1083 381 τῇ
1110 344 1236 380 ἀσθενείᾳ
1261 342 1527 378 προσκαλεσάμενος,
1551 343 1583 377 τῇ
1612 341 1707 368 ἑαυτοῦ
1725 341 1841 376 δυνάμει

1050 392 1154 427 νικήσει
1167 391 1220 425 (89)
1231 398 1238 404 '
1250 389 1320 416 οὓτω
1335 388 1382 415 καὶ
1397 389 1411 415 ὁ
1425 389 1526 424 Κύριος
1545 388 1700 424 ἀνθρωπίνῃ
1711 387 1840 421 ἀσθενείᾳ

1051 436 1316 472 προσκαλεσάμενος,
1344 436 1377 471 τῇ
1403 434 1499 462 ἑαυτοῦ
1521 434 1633 469 δυνάμει
1659 433 1783 468 ὲνίσχυσε
1798 433 1846 459 τὸν

1051 484 1194 519 ἄνθρωπον
1221 482 1291 509 κατὰ
1313 482 1360 508 τοῦ
1385 480 1497 516 ἐχθροῦ.
1525 480 1573 506 Διὰ
1597 479 1675 506 τοῦτο
1700 479 1775 514 παρὰ
1797 479 1846 505 τὸν

1053 528 1148 564 καιρὸν
1164 527 1210 554 τοῦ
1227 527 1340 554 θανάτου
1354 526 1409 560 (90)
1422 527 1469 552 καὶ
1480 526 1528 561 ἀδη
1534 526 1617 560 μονεῖ,
1631 525 1678 551 καὶ
1694 524 1846 559 περίλυπος

1053 574 1154 610 ἤρξατο
1169 573 1291 608 γίνεσθαι
1302 581 1308 588 ·
1328 573 1376 599 καὶ
1393 572 1480 598 ἐδέετο
1495 570 1640 606 παρελθεῖν
1654 571 1741 596 ἐκεῖνο
1754 570 1784 595 τὸ
1796 578 1847 595 πο-

1051 621 1155 656 τήριον,
1174 620 1221 646 καὶ
1238 619 1319 646 ἐϐόα·
1336 627 1345 644 ‹
1364 618 1400 644 Τὸ
1421 618 1469 652 μὲν
1491 617 1600 652 πνεῦμα
1617 615 1766 652 πρόθυμον,
1782 617 1797 650 ἡ
1815 615 1846 640 δὲ

1053 665 1121 702 σὰρξ
1143 666 1199 700 (91)
1234 665 1364 700 ἀσθενής·
1383 673 1392 690 ι
1418 664 1461 690 ἵνα
1482 663 1496 689 ὁ
1529 661 1662 693 ἀντίδικος
1684 660 1778 699 ημῶν,
1805 660 1846 692 ὡς

1059 713 1195 748 ἀνθρώπῳ
1210 710 1374 747 προσελθὼν,
1392 709 1508 745 πειραθῇ
1524 708 1598 739 θείας
1613 707 1762 743 δυνάμεως.

1090 770 1133 797 15.
1156 769 1266 801 Τούτοις
1288 767 1353 802 γοῦν
1368 765 1500 801 ὑπαχθεὶς
1514 766 1528 791 ὁ
1543 765 1643 796 ἅθλιος,
1659 763 1776 798 ὲπαίχθη
1798 763 1848 789 καὶ

1053 815 1191 851 προσῆλθε
1205 814 1243 849 τῷ
1256 813 1361 849 Κυρίῳ,
1377 810 1453 843 Εἶτα,
1467 810 1577 846 θεωρῶν
1591 810 1640 845 τὴν
1655 809 1779 845 ἀνδρείαν
1793 809 1846 835 αὗ-

1053 862 1110 893 τοῦ,
1128 861 1318 895 κατέπτησσεο
1344 858 1453 892 θεωρῶν
1468 856 1496 883 δὲ
1517 857 1563 883 καὶ
1583 856 1632 891 τὴν
1655 856 1700 882 τοῦ
1721 855 1848 890 σώματος

217 911 387 943 inﬁrmitate,
402 909 544 937 audaciam
557 907 706 942 resumpsit
723 915 729 932 :
745 913 776 933 ac
791 905 891 933 deinde
912 904 1004 932 videre

1063 908 1206 939 ἱσθένειαν,
1216 906 1296 933 πάλιν
1311 905 1428 940 ἑτάλμα”
1438 905 1485 931 καὶ
1501 902 1593 929 λοιπὸν
1607 900 1641 938 ἦν
1657 901 1718 928 ἰδεῖν
1734 901 1778 928 τὸν
1797 901 1849 936 μὲν

218 960 277 984 erat
300 956 438 984 diabolum
454 955 562 991 quidem
581 961 642 981 cum
657 957 714 980 toto
729 959 780 980 suo
796 951 929 984 exercitu,
942 957 1004 977 cum

218 1001 429 1038 principatibus,
451 1008 513 1028 cum
540 998 721 1034 potestatibus
738 997 796 1024 suis
812 995 925 1031 fugere;
953 994 1005 1021 Do-

217 1048 321 1074 minum
346 1054 421 1079 vero,
451 1045 579 1072 humanis
596 1044 679 1070 armis
696 1042 859 1070 diabolicam
888 1045 1005 1067 turmam

217 1093 336 1128 insequi.
355 1091 413 1119 Non
441 1092 528 1118 multo
551 1090 652 1125 quippe
668 1088 733 1115 hinc
755 1087 886 1122 temporis
907 1085 1004 1121 spatio,

217 1139 358 1166 inimicum
388 1137 516 1165 omnibus
538 1135 674 1171 spoliavit,
689 1133 806 1169 unando
828 1132 938 1160 demum
957 1139 1006 1166 ριν

218 1186 284 1213 dore
301 1184 412 1212 allectus
429 1191 478 1218 per
496 1191 555 1210 sese
570 1181 663 1208 omnia
686 1180 772 1207 movit
798 1182 894 1206 contra
915 1177 1007 1204 Domi-
1034 1183 1037 1186 λ

223 1238 306 1264 num;
319 1229 429 1256 Judmos
443 1229 547 1256 scilicet
561 1232 591 1254 ut
607 1225 839 1262 conspirationem
859 1226 1005 1254 struerem,

218 1278 336 1305 Pilatum
362 1281 391 1304 ut
414 1277 575 1309 damnaret,
595 1275 696 1302 milites
720 1277 749 1301 ut
771 1272 823 1308 ipsi
851 1271 1006 1304 illudereut,

219 1325 332 1359 ignarus
349 1331 379 1351 se
396 1330 427 1350 ea
459 1322 551 1349 omnia
575 1321 718 1348 adversum
737 1327 797 1347 sese
819 1317 919 1346 moliri.
940 1316 1007 1343 Nam

218 1377 290 1398 caeca
313 1376 358 1397 res
371 1374 413 1396 est
429 1369 542 1400 malitia,
562 1372 589 1395 et
606 1366 757 1402 improvida
780 1373 825 1392 res
847 1368 889 1392 est
910 1364 1008 1397 impro-

220 1416 301 1447 bi:as,
330 1419 360 1442 ut
382 1421 443 1449 quae
457 1422 513 1440 non
536 1412 700 1446 intelligeret
723 1418 753 1438 se
778 1417 843 1437 suas
867 1412 962 1436 contra
979 1415 1008 1434 se

219 1469 316 1489 manus
328 1468 435 1488 acuere.
446 1459 678 1493 Quemadmodum
694 1457 767 1485 enim
782 1457 805 1484 si
818 1455 879 1491 quis
897 1461 1009 1489 serpen-

219 1513 274 1535 tem
300 1515 381 1534 manu
409 1514 458 1534 sua
477 1504 708 1540 apprehenderit,
738 1506 765 1530 et
789 1501 906 1529 voluerit
931 1500 1008 1527 alteri

220 1554 364 1589 projicere,
382 1553 495 1588 ipseque
512 1551 669 1578 mordeatur
688 1560 695 1577 :
717 1553 763 1576 aut
778 1549 839 1583 igne
855 1555 937 1574 manu
948 1553 1009 1573 cor-

219 1602 298 1633 repto
311 1598 376 1625 velit
388 1597 499 1624 inimico
511 1603 619 1629 nocere,
629 1595 791 1630 ignoretque
800 1601 860 1620 sese
873 1590 1008 1623 comburi;
1023 1589 1043 1618 C

220 1644 259 1671 ita
275 1643 378 1670 malitia
395 1642 528 1670 adversus
546 1649 593 1669 eos
609 1641 738 1672 dimicat,
755 1639 801 1674 qui
819 1638 864 1665 illa
881 1641 1005 1667 utuntur,

219 1690 362 1724 “agisque
377 1689 437 1716 illos
452 1687 525 1715 lzedit
541 1687 640 1722 quibus
655 1686 734 1716 inest.
751 1692 832 1719 quam
849 1691 895 1711 eos
914 1682 1009 1709 adver-

221 1744 282 1764 sum
298 1743 367 1771 quos
383 1743 441 1763 eam
460 1735 622 1762 immittunt.
641 1732 686 1759 Sic
708 1730 815 1758 Pharao
831 1737 929 1764 capere
944 1728 1008 1755 dum

221 1783 312 1814 vellet,
334 1786 430 1816 captus
447 1785 499 1812 est,
515 1784 542 1807 et
558 1786 673 1806 exorsus
688 1776 826 1812 persequi,
845 1774 1010 1810 persecutio-

222 1836 285 1857 nem
314 1835 412 1863 passus
437 1831 489 1856 est,
513 1831 539 1853 et
561 1825 624 1852 dum
656 1831 749 1850 necem
771 1822 832 1848 aliis
858 1821 1008 1851 moliretur,

223 1875 384 1903 submersus
401 1876 452 1900 est.
472 1871 511 1898 Ita
532 1875 559 1898 et
575 1869 694 1901 Goliath,
713 1868 814 1903 quibus
831 1867 1009 1903 gloriabatur,

223 1919 259 1946 iis
276 1918 454 1945 detruncatus
474 1921 529 1948 est,
553 1920 579 1942 et
597 1914 716 1949 spoliare
744 1921 854 1948 parans,
878 1913 1010 1948 spoliatus

223 1968 275 1992 est.
295 1963 414 1998 ldipsum
432 1963 533 1990 misero
555 1961 646 1988 evenit
660 1959 785 1990 diabolo,
804 1959 850 1994 qui
868 1958 931 1984 dum
952 1961 1011 1984 ten-

223 2015 283 2036 tare
298 2009 388 2041 vellet,
407 2009 435 2035 in
461 2007 563 2034 malum
579 2006 674 2034 incidit
691 2015 696 2032 :
728 2005 793 2032 dum
817 2004 918 2031 milites
934 2011 1011 2030 com—

223 2063 334 2083 movere
348 2059 469 2090 cuperet,
482 2054 568 2089 magis
589 2054 646 2088 ipse
663 2053 689 2080 in
706 2051 880 2079 carniﬁcibus
896 2057 1013 2077 commo-

226 2109 280 2135 tus,
297 2102 389 2130 omnia
401 2106 496 2128 contra
510 2108 571 2128 sese
583 2100 688 2135 agebat.
705 2099 771 2125 Nam
785 2098 864 2125 etiam
883 2101 939 2123 tum
951 2104 1012 2123 eum

225 2149 400 2184 spoliaretur,
416 2147 516 2174 latebat
530 2145 687 2172 hominibus
713 2143 843 2175 victoria;
859 2150 941 2177 quam
955 2142 1014 2177 ipse

225 2195 331 2226 infelix,
351 2193 452 2221 invitus
466 2193 540 2224 licet,
561 2192 588 2219 in
603 2193 692 2218 lucem
704 2191 821 2231 protulit
839 2197 847 2214 :
862 2197 924 2216 cum
940 2189 1013 2215 enim

225 2246 372 2269 exueretur
388 2240 529 2272 Dominus,
551 2238 758 2273 trophzeumque
773 2236 904 2262 adversus
919 2235 1014 2262 diabo-

227 2289 281 2315 lum
297 2287 469 2314 invisibiliter
480 2286 648 2320 erigeretur;
665 2288 695 2310 ut
711 2283 799 2318 palam
815 2281 841 2308 id
855 2281 940 2312 ﬁeret,
958 2284 1012 2307 sta-

226 2334 274 2359 tim
301 2332 449 2360 induerunt
466 2331 555 2362 illum,
576 2334 606 2356 ut
626 2328 745 2355 Joannes
762 2327 809 2358 ait,
831 2332 969 2361 purpura;
985 2327 1014 2351 ut

227 2379 370 2406 Mattlmus
377 2382 404 2405 et
419 2377 537 2409 Marcus,
549 2375 692 2409 chlamyde
707 2373 845 2404 corcinca,
863 2371 944 2406 capiti
955 2370 1014 2405 ejus

227 2432 356 2452 coronam
369 2432 403 2451 ex
417 2423 505 2458 spinis
525 2422 724 2456 imposuerunt,
743 2418 905 2446 arundinem
917 2418 944 2445 in
958 2425 1016 2444 ma-

227 2478 292 2498 num
314 2470 497 2501 tradiderunt,
521 2472 548 2495 ct
573 2475 636 2495 cum
659 2467 696 2493 ita
718 2464 910 2501 producerent,
927 2470 1016 2499 genua

227 2515 373 2543 ﬂectebant
389 2519 452 2541 ante
471 2514 558 2541 illum.

264 2573 307 2601 16.
342 2573 503 2600 Miraculum
536 2579 636 2599 novum
653 2575 680 2598 et
717 2569 878 2598 incredibile
897 2575 1016 2603 magme-

263 2653 286 2668 "
307 2652 403 2680 Matth.
414 2659 488 2685 mn,
500 2651 545 2678 Η.

266 2743 321 2784 (99)
338 2744 378 2779 Τῇ
393 2743 490 2770 ἑαυτοῦ
504 2742 617 2777 δυνάμει
631 2741 766 2776 ἐνίσχυσε,
780 2738 853 2767 Felc.
870 2739 888 2765 5
909 2736 1019 2765 omissis

348 2813 449 2848 Regius
463 2817 489 2839 et
507 2812 580 2839 Felc.
597 2812 624 2842 5,
648 2812 711 2846 παρ’
729 2810 797 2848 αξ)τά
819 2809 865 2848 τοῦ
891 2807 1016 2835 θανάτου.

231 2847 291 2874 Mox
307 2846 416 2875 codices
430 2848 486 2877 alii,
501 2848 639 2882 ἁδημονεῖ,
655 2847 714 2882 alii,
723 2846 876 2882 ἀδημονεῖν.

269 2884 322 2919 (9|)
340 2883 368 2911 In
384 2891 450 2909 voce
467 2882 545 2917 σὰρξ,
561 2882 652 2909 deﬁcit
672 2881 744 2907 Felc.
760 2881 787 2907 3.

1054 953 1176 980 διάϐολον
1193 952 1241 978 σὺν
1255 951 1302 986 ὅλῃ
1318 951 1351 985 τῇ
1370 949 1484 985 στρατιᾷ
1498 948 1591 979 αὐτοῦ,
1607 947 1654 974 καὶ
1664 948 1723 978 ταῖς
1738 947 1847 982 ἀρχαῖς,

1056 1002 1103 1029 καὶ
1122 1002 1181 1032 ταῖς
1206 999 1338 1031 ἐξουσίαις
1354 996 1436 1024 αὑτοῦ
1459 996 1609 1031 φεύγοντα·
1628 995 1673 1021 τὸν
1693 994 1720 1020 δὲ
1745 995 1849 1030 Κύριον
1898 1010 1899 1015 η

1056 1046 1238 1083 ἀνθρωπίνοις
1261 1043 1354 1075 ὅπλοις
1379 1041 1510 1069 διώκοντα
1534 1041 1583 1076 τὴν
1611 1040 1764 1074 διαϐολικὴν
1796 1039 1849 1073 φά-

1056 1079 1153 1126 λαγῆα.
1168 1091 1205 1118 Οὐ
1219 1089 1273 1125 γὰρ
1290 1089 1356 1116 πολὺ
1370 1088 1463 1122 γέγονε
1478 1087 1508 1113 τὸ
1519 1087 1665 1121 διάστημα,
1682 1085 1728 1112 καὶ
1739 1085 1849 1111 πάντων

1057 1141 1204 1168 ὲσκύλευσε
1220 1139 1265 1166 τὸν
1287 1137 1400 1174 ἐχθρόν’
1416 1137 1461 1164 ὅτε
1478 1134 1685 1170 καταισχυνθεὶς
1704 1133 1795 1160 λοιπὸν
1812 1133 1849 1160 δι’

1058 1186 1154 1213 ἑαυτοῦ
1175 1185 1259 1212 ἐκίνει
1278 1183 1367 1210 πάντα
1389 1182 1459 1209 κατὰ
1484 1180 1530 1207 τοῦ
1550 1180 1669 1214 Κυρίου”
1702 1178 1849 1210 Ἰουδαίους
1898 1182 1899 1190 ‘

1059 1232 1120 1268 μὲν,
1136 1231 1178 1257 ἴνα
1195 1228 1425 1259 συσκευάσωνται,
1444 1226 1560 1253 Πιλᾶτον
1572 1225 1599 1251 δὲ
1616 1225 1659 1251 ἴνα
1676 1223 1828 1259 κατακρενῃ
1840 1231 1848 1238 ι

1057 1277 1121 1309 τοὺς
1137 1277 1165 1304 δὲ
1182 1274 1358 1312 στρατιώτας,
1382 1273 1425 1300 ἵνα
1449 1273 1566 1304 παίζωσι
1590 1271 1649 1298 κατ’
1664 1269 1745 1297 αὐτοῦ
1758 1278 1765 1284 ·
1781 1269 1852 1295 ἀλλὰ

1058 1324 1106 1350 καὶ
1124 1321 1204 1349 τοῦτο
1219 1321 1312 1356 ἠγνόει
1326 1319 1387 1346 καθ’
1404 1318 1500 1346 ἑαυτοῦ
1524 1316 1621 1344 ποιῶν·
1639 1315 1739 1350 τυφλὸν
1757 1314 1811 1350 γὰρ
1831 1316 1849 1350 ἡ

1059 1369 1152 1402 κακία,
1168 1368 1214 1395 καὶ
1232 1366 1400 1403 ἀπροόρατον
1416 1366 1432 1400 ὴ
1449 1363 1582 1400 πονηρία·
1604 1362 1665 1389 καθ’
1679 1361 1778 1397 ἑαυτῆς
1800 1361 1851 1393 τὰς

1059 1417 1152 1452 χεῖρας
1170 1413 1296 1441 ἀκονῶσα
1319 1412 1422 1447 ἠγνόει.
1448 1407 1509 1437 Οἷον
1525 1410 1579 1445 γὰρ
1600 1409 1626 1435 εἴ
1644 1417 1685 1440 τις
1709 1408 1797 1442 ὄφεως
1815 1409 1849 1442 τῇ

1059 1461 1131 1497 χειρὶ
1147 1459 1312 1489 ἐπιλάϐοιτο,
1324 1457 1371 1484 κα)⁸
1383 1456 1468 1482 θέλων
1479 1455 1525 1482 καὶ
1538 1454 1623 1490 ἑτέρῳ
1638 1453 1725 1489 ῥῖψαι,
1741 1453 1851 1483 ’πάντως

1059 1507 1139 1539 αὐτὸς
1152 1506 1250 1542 ἐδάχθη
1259 1515 1266 1521 ⁸
1281 1506 1297 1541 ἦ
1309 1504 1355 1531 καὶ
1369 1503 1425 1539 πῦρ
1440 1503 1473 1538 τῇ
1490 1502 1561 1538 χειρὶ
1573 1501 1690 1538 κρατῶν,
1708 1499 1755 1526 καὶ
1766 1498 1852 1525 θέλων

1059 1553 1104 1579 τὸν
1117 1552 1212 1587 ἐχθρὸν
1228 1551 1366 1584 ἀδικῆσαι,
1379 1548 1429 1575 οὐκ
1439 1545 1519 1578 οἶδεν,
1535 1546 1576 1572 ὅτι
1588 1545 1696 1576 πάντως
1709 1543 1790 1575 αὐτὸς
1802 1552 1854 1570 κα-

1059 1598 1202 1625 τακαίεται
1212 1605 1219 1611 ·
1234 1595 1319 1627 οὕτως
1336 1596 1352 1630 ὴ
1369 1593 1452 1620 κακία
1466 1592 1536 1619 κατὰ
1550 1591 1603 1618 τῶν
1618 1589 1766 1626 χρωμένων
1781 1589 1851 1624 αὑτῇ

1060 1643 1252 1680 στρατεύεται,
1277 1641 1324 1668 καὶ
1352 1639 1451 1676 μᾶλλον
1481 1638 1568 1665 ἀδικεῖ
1599 1637 1660 1668 τοὺς
1686 1635 1853 1670 κατέχοντας

1059 1689 1075 1725 ἢ
1093 1690 1161 1725 πρὸς
1174 1688 1221 1719 οὒς
1233 1687 1264 1714 ἂν
1276 1687 1360 1721 αὐτὴν
1374 1684 1530 1712 ἀποστεῖλαι
1548 1682 1659 1709 θέλωσιν
1672 1680 1739 1716 (92).
1757 1680 1852 1711 Οὕτως

1059 1734 1188 1770 ὁΦαραὼ,
1202 1733 1286 1760 θέλων
1299 1730 1471 1762 καταλαϐεῖν,
1485 1727 1641 1764 κατελήφθη
1652 1736 1659 1742 ·
1671 1728 1718 1754 καὶ
1731 1726 1854 1762 ἀρξάμε-

1060 1790 1104 1813 νος
1127 1780 1243 1809 διώκειν,
1267 1777 1455 1812 κατεδιώχθη·
1477 1776 1524 1802 καὶ
1549 1775 1705 1802 ἀποκτεῖναι
1723 1772 1850 1807 θελήσας,

1061 1823 1269 1859 κατεποντίσθη.
1294 1822 1386 1854 Οὕτως
1404 1822 1417 1847 ὁ
1440 1820 1546 1852 Γολιὰθ,
1570 1820 1598 1846 ἐν
1621 1817 1662 1850 οἷς
1681 1818 1807 1853 ὲπῄρετο,
1822 1818 1852 1843 ὲν

1061 1871 1165 1902 τούτοις
1180 1868 1335 1905 ἀπετμήθη,
1357 1868 1405 1894 καὶ
1421 1866 1566 1893 σκυλεῦσαι
1583 1865 1676 1895 θέλων,
1690 1863 1850 1897 ὲσκυλεύθη.

1062 1918 1161 1945 Τοῦτον
1177 1917 1222 1943 τὸν
1244 1916 1344 1951 τρόπον
1367 1913 1483 1941 πέπονθε
1503 1913 1550 1939 καὶ
1568 1913 1582 1938 ὁ
1598 1911 1689 1942 ἄθλιος
1707 1909 1829 1941 διάϐολος
1840 1918 1847 1924 ·

1063 1963 1189 1999 πειρᾶσαι
1199 1961 1253 1997 γὰρ
1267 1958 1528 1994 θέλωνῄπειράσθη.
1543 1958 1588 1983 καὶ
1600 1956 1682 1983 κινῶν
1695 1956 1757 1987 τοὺς
1774 1963 1854 1991 στρα-

1062 2009 1172 2041 τιώτας,
1188 2006 1325 2044 μᾶλλονδὲ
1340 2005 1419 2037 αὐτὸς
1439 2007 1466 2031 έν
1487 2005 1542 2036 τοῖς
1561 2003 1667 2039 δημίοις
1680 2002 1849 2036 κινούμενος,

1062 2055 1123 2082 καθ’
1134 2054 1229 2080 ἑαυτοῦ
1239 2053 1326 2079 πάντα
1335 2052 1379 2086 ὲνή
1385 2059 1454 2087 ργει.
1465 2050 1497 2076 Ἀ
1503 2058 1544 2086 ρτι
1556 2049 1611 2084 γὰρ
1627 2047 1796 2080 ὲσκυλεύετο,
1808 2047 1855 2073 καὶ

1063 2101 1168 2136 ἀφανὴς
1175 2098 1208 2135 ἦν
1217 2100 1274 2130 τοῖς
1281 2097 1335 2133 (9'5)
1344 2097 1495 2133 ἀνθρώποις
1504 2097 1521 2131 ὴ
1534 2095 1596 2130 νίκη
1608 2104 1614 2110 '
1625 2094 1681 2122 ἀλλ’
1689 2095 1727 2126 είς
1736 2093 1854 2129 φανερὸν

1065 2147 1148 2182 αὐτὴν
1163 2147 1272 2182 ἤνεγκε,
1287 2144 1333 2171 καὶ
1346 2143 1419 2170 ἄκων
1432 2145 1445 2170 ὁ
1457 2143 1548 2174 ἄθλιος
1558 2151 1564 2157 ·
1579 2142 1617 2173 ὡς
1629 2142 1682 2177 γὰρ
1698 2139 1855 2167 ἀπεδύσατο

1064 2196 1078 2221 ὁ
1094 2193 1206 2228 Κύριος,
1221 2193 1267 2218 καὶ
1282 2191 1376 2225 γέγονε
1391 2190 1420 2215 τὸ
1434 2189 1577 2224 γενόμενον
1591 2187 1713 2223 ἀοράτως
1724 2185 1795 2212 κατὰ
1805 2184 1855 2211 τοῦ

1065 2239 1187 2266 διαϐόλου
1205 2238 1343 2274 τρόπαιον,
1365 2236 1408 2262 ἵνα
1434 2235 1480 2261 καὶ
1501 2233 1580 2260 τοῦτο
1599 2232 1713 2268 φανερὸν
1731 2231 1855 2266 γένηται,

1067 2286 1168 2317 εὐθέως
1185 2284 1240 2320 (94)
1266 2283 1313 2319 μὲν
1340 2282 1464 2310 ἐνέδυσαν
1484 2280 1581 2312 αὐτὸν,
1603 2280 1641 2310 ὡς
1662 2279 1711 2314 μὲν
1727 2277 1855 2312 Ἰωάννης

1066 2332 1150 2366 λέγει,
1166 2330 1319 2366 πορφύραν,
1333 2329 1370 2361 ὡς
1384 2328 1412 2355 δὲ
1427 2327 1563 2357 Ματθαῖος
1585 2325 1631 2352 καὶ
1649 2325 1772 2359 Μάρκος,
1793 2322 1858 2358 χλα-

1069 2378 1139 2414 μύδα
1160 2377 1300 2411 κοκκίνην,
1318 2376 1365 2401 καὶ
1389 2374 1520 2408 στέφανον
1540 2372 1570 2404 ἐξ
1593 2370 1716 2397 ἀκανθῶν
1737 2369 1785 2395 ἐπὶ
1806 2368 1855 2402 τὴν

1068 2423 1188 2458 κεφαλὴν
1201 2421 1294 2452 αὑτοῦ,
1315 2421 1362 2447 καὶ
1383 2418 1503 2454 κάλαμον
1516 2417 1562 2443 ἐπὶ
1583 2417 1660 2451 χεῖρα
1678 2414 1778 2441 ἐδίδουν
1788 2422 1794 2429 ·
1809 2412 1857 2439 καὶ

1069 2469 1139 2495 οὓτω
1152 2467 1333 2503 προσάγοντες
1351 2465 1417 2501 (95),
1430 2462 1609 2498 ὲγονυπέτουν
1624 2459 1708 2496 αὐτῷ.

1106 2566 1149 2593 16.
1170 2565 1269 2600 Θαῦμα
1284 2564 1376 2591 καινὸν
1392 2563 1440 2590 καὶ
1462 2561 1622 2599 παράδοξον,
1640 2561 1686 2588 καὶ
1702 2560 1779 2595 νίκης
1792 2559 1859 2594 ἀλη-

1108 2733 1163 2769 (92)
1178 2732 1326 2769 ᾼηκιίοεει
1349 2731 1436 2769 Ιξθξίίι
1449 2729 1575 2769 secunda
1589 2736 1682 2769 manu,
1697 2726 1856 2762 θελήσωσιν.

1108 2763 1164 2802 (95)
1180 2763 1340 2802 ΙιοίΒεείιιε.
1351 2767 1422 2802 Editi
1437 2773 1512 2802 vero,
1521 2763 1554 2802 ἦν
1568 2765 1596 2791 ὲν
1613 2765 1678 2795 τοῖς.

1107 2805 1164 2839 (94)
1178 2801 1355 2839 Anglicanus.
1373 2801 1481 2839 Εὐθέως
1496 2801 1558 2839 γᾴρ.

1108 2830 1164 2875 (95)
1179 2830 1294 2875 Βοξίυε,
1316 2830 1576 2875 προάγοντες.”Μοι
1595 2834 1666 2862 idem
1690 2839 1752 2861 cum
1775 2830 1857 2866 Angl.

1071 2873 1247 2910 ἐγονυπέτουν
1262 2874 1349 2901 αὐτόν.
