1915 3057
94 134 162 162 215

623 124 666 151 DE
685 120 854 150 PASSIONE
872 119 916 147 ET
935 117 1052 146 CRUCE
1071 117 1201 145 DOMINI.

1676 111 1731 137 214

96 194 160 226 θῶς
182 190 311 228 μεγάλης·
322 187 483 224 γνώρισμαί
499 186 528 212 ὃν
544 185 598 220 γὰρ
613 185 651 216 ὡς
669 183 809 218 ἄνθρωπον
824 179 897 215 ἐκρι-

958 185 1001 212 ιιιο
1033 177 1153 204 victorim
1192 176 1271 210 plane
1299 173 1512 209 argumentum!
1542 178 1621 206 quem
1657 170 1729 198 enim

970 227 973 228 ν
1023 223 1028 228 .
1088 224 1094 228 .
1265 220 1272 228 1
1347 227 1364 228 η
1379 223 1449 228 κᾉηκ.
1517 218 1588 228 |_.._..
1635 214 1729 228 -..:...I..

97 249 166 272 ναν,
179 238 276 265 τοῦτον
289 235 495 270 ἀποθνήσκοντα
511 232 603 259 λοιπὸν
623 231 660 262 ὡς
680 229 745 256 Θεὸν
761 225 895 262 προσεκύ-

98 294 169 314 νουν
179 294 187 300 ·
202 283 249 311 καὶ
259 283 289 309 ὃν
303 281 457 314 ἐξουθένουν
468 280 506 311 ὡς
520 277 626 312 εὐτελῆ,
644 275 736 302 τοῦτον
750 273 896 309 όμολόγουν

101 331 222 367 βασιλέα
232 337 239 344 ·
258 328 306 355 καὶ
322 328 368 361 ἀφ’
380 323 410 353 οὗ
426 324 462 351 τὰ
478 323 592 359 τυχόντα
609 322 702 357 ἱμάτια
717 317 797 355 ἦραν,
811 317 896 352 τούτῳ

101 363 257 413 πορφύραν
270 372 455 409 περιετίθουν·
474 370 521 397 καὶ
540 369 570 396 ὃν
591 369 641 395 οὐκ
661 367 760 397 εἰδότες
775 363 896 400 ὕϐριζον,

101 410 211 449 τούτονγ
219 422 362 458 προφήτην
382 421 428 446 καὶ
444 419 555 448 ἄκοντες
572 414 787 451 προσηγόρευον·
808 411 855 438 καὶ
868 410 897 436 ὃν

103 469 220 501 ἔπαιζον
239 467 396 498 τύπτοντες,
415 464 502 499 τούτῳ
523 463 559 489 τὰ
580 461 723 496 νικητήρια
745 458 896 489 ἀπεδίδουν,

103 515 159 550 τὴν
169 514 300 549 κοκκίνην
312 510 445 547 χλαμύδα,
458 510 505 536 κα¹ι
520 508 564 535 τὸν
576 508 604 541 ἐξ
619 505 743 534 ἀκανθῶν
757 504 897 539 στέφανον,

105 561 157 588 καὶ
175 561 222 587 τὸν
236 559 368 594 κάλαμον.
389 557 421 584 El
435 555 488 591 γὰρ
503 555 551 582 καὶ
563 555 600 586 ὡς
615 553 770 589 ὑϐρίζοντες
790 550 897 577 ἐποίουν

105 607 209 638 ταῦτα,
221 606 278 633 ἀλλ’
289 605 412 640 ¹ἡγνόουν,
425 604 466 630 ὃτι
480 602 527 629 καὶ
540 601 651 631 ἄκοντες
665 597 841 625 ὲσκυλεύοντο
852 596 897 622 ὑπ’

106 652 193 680 αὑτοῦ
209 651 275 686 (96).
297 649 405 684 Ἐπειδὴ
423 648 478 683 γὰρ
492 648 525 682 τῇ
544 644 665 680 ἁμαρτίᾳ
685 642 899 677 πεφονοκτόνητο

108 699 126 733 ἡ
139 699 177 733 γῆ
193 697 247 724 ὑπὸ
260 696 307 723 τοῦ
330 694 463 725 διαϐόλου,
489 692 536 719 καὶ
551 691 641 717 πλεῖον
659 689 761 715 ὑδάτων
787 688 898 722 αἲμασιν

107 743 143 779 ἧν
167 743 337 779 βεῦαμμὲνη,
359 740 389 773 ἐξ
410 739 497 775 ἀρχῆς
517 739 565 773 μὲν
585 738 689 772 χάνατα
704 736 750 762 καί¹
765 734 898 769 δεξαμένη

107 789 159 816 τοῦ
170 790 275 816 δικαίου
290 788 372 815 ’Ἅϐελ
384 787 413 814 τὺ
428 784 506 821 αἷμα,
523 785 634 819 ὕστερον
653 783 680 809 δὲ
691 782 782 809 λοιπον
797 782 900 816 αἵματα

109 836 155 870 ἐφ’
174 836 272 870 αἵμασι
300 833 449 869 μισγόντων
471 831 524 857 τῶν
547 828 707 865 ἀνθρώπων,
723 827 793 854 κατά
808 826 839 853 τὺ
853 834 901 859 γε·

110 882 288 917 γραμμένον·
307 889 316 904 ι
344 878 410 914 Ἀρὰ
425 878 472 904 καὶ
483 876 589 912 ψεῦδος,
606 876 653 902 καὶ
667 874 764 910 κλοπὴ,
783 873 829 900 καὶ
844 881 902 907 μοι-

111 928 174 963 χεία
197 926 309 961 κέχυται
330 925 376 951 ἐπὶ
399 924 448 959 τῆς
470 924 533 958 γῆς,
550 922 597 950 καὶ
616 922 719 956 αἵματα
742 920 783 954 ἐφ’
807 919 903 953 α’ίμασι

116 973 254 1007 μίσγουσι.
275 980 284 996 ι
298 971 354 997 Καὶ
367 967 400 1004 ἦν
415 968 459 995 διὰ
477 968 556 994 τοῦτο
569 967 614 994 καὶ
629 964 806 1001 κατηραμένη
824 965 840 999 ἠ
855 962 901 998 γῆ,

113 1018 238 1051 λέγοντος
258 1015 305 1042 τοῦ
325 1014 410 1042 Θεοῦ’
430 1025 439 1040 ι
460 1015 515 1042 Καὶ
533 1013 580 1040 νῦν
605 1012 804 1047 ὲπικατάρατος
820 1010 836 1044 ἡ
856 1009 902 1044 γῆ,

114 1064 132 1098 ἢ
148 1063 227 1097 ἐχανε
245 1062 276 1088 τὺ
295 1061 381 1097 στόμα
400 1061 485 1095 αὐτῆς
497 1058 624 1092 δέξασθαι
638 1058 668 1085 τὸ
678 1055 747 1092 αἷμα
761 1055 842 1082 ’Ἅϐελ
856 1054 903 1082 τοῦ

116 1108 230 1142 ἀδελφοῦ
248 1116 303 1134 σου.
322 1117 332 1133 ι
350 1105 404 1134 Ἦν
423 1107 452 1133 δὲ
471 1105 662 1141 καὶπρότερον
682 1103 726 1130 διὰ
746 1103 795 1139 τὴν
813 1102 903 1136 παρά-

117 1155 195 1181 ϐασιν
212 1154 258 1181 τοῦ
285 1153 369 1189 Ἀδὰμ
391 1152 615 1188 καταρασάμενος
638 1150 722 1185 αὐτὴν
742 1151 756 1176 6
768 1149 904 1183 Δεσπότης

117 1201 202 1235 λέγων
211 1209 219 1216 ·
236 1209 245 1226 ι
269 1200 483 1235 Ἐπικατάρατος
494 1199 511 1232 ἡ
522 1198 557 1232 γῆ
571 1198 599 1224 ὲν
611 1198 666 1228 τοῖς
677 1196 767 1231 ἔργοις
782 1203 837 1220 σου.
861 1194 904 1220 Ἐν

119 1246 217 1278 λύπαις
231 1247 304 1281 φαγῇ
323 1245 408 1279 αὐτὴν
423 1245 451 1270 ἐν
468 1244 569 1275 πάσαις
582 1243 641 1274 ταῖς
656 1242 770 1277 ἡμέραις
784 1241 839 1276 (97)
856 1239 905 1274 τῆς

119 1293 191 1327 ζωῆς
207 1301 264 1318 σου.
283 1301 293 1317 ι
311 1291 366 1318 Καὶ
378 1291 446 1322 ὅλως
459 1288 492 1325 ἦν
506 1289 631 1324 αἱμάτων
645 1288 733 1315 πάντα
751 1286 847 1322 μεστὰ,
859 1285 906 1312 καὶ

119 1336 394 1376 ἄκανθαι-πανταχοῦ
422 1336 534 1370 ἐφύοντο
555 1335 600 1361 διὰ
625 1334 673 1370 τὴν
695 1333 827 1368 κατάραν.
852 1330 907 1357 Καὶ

118 1384 219 1410 τούτων
238 1383 307 1418 ἔχων
323 1383 353 1409 τὸ
367 1382 558 1418 χειρόγραφον,
576 1380 693 1415 ἐπῄρετο
713 1378 784 1406 κατά
799 1377 906 1404 πάντων

120 1431 133 1456 6
153 1430 265 1464 ἐχθρὸς,
285 1429 332 1455 καὶ
350 1428 525 1464 ὲτυράννευεν
549 1427 586 1458 ὼς
610 1426 779 1461 ὑποχειρίους
804 1424 908 1454 πάντας

121 1476 198 1511 ἔχων.
214 1475 315 1501 Τούτου
332 1475 424 1501 ἕνεκεν
446 1473 594 1504 σκυλεύσας
614 1471 695 1499 αὐτὸν
710 1471 837 1498 ἁπάντων
849 1469 906 1504 (98)

121 1523 134 1548 6
150 1521 260 1557 Κύριος,
278 1520 369 1547 λοιπὸν
382 1520 554 1555 ἀπαγόμενος
568 1520 608 1550 είς
621 1519 666 1545 τὸν
680 1518 810 1548 θάνατον,
832 1525 908 1551 περι-

122 1567 210 1594 έκειτο
227 1565 327 1592 ταῦτα·
346 1566 389 1592 ῐνα
411 1564 484 1600 δείξῃ
499 1564 545 1590 τοῦ
559 1563 674 1590 θανάτου
689 1562 719 1588 τὸ
733 1560 907 1597 κατόρθωμα,

121 1614 161 1641 ὅτι
172 1613 220 1648 οὐχ
234 1612 336 1644 ἁπλῶς,
350 1611 407 1639 ἀλλ’
419 1611 489 1647 ὑπὲρ
502 1611 550 1646 τῆς
566 1610 701 1646 σωτηρίας
712 1608 790 1645 ἡμῶν
803 1607 907 1642 γέγονε.

123 1660 176 1687 Καὶ
189 1659 222 1686 τὰ
235 1659 284 1694 μὲν
300 1659 403 1694 αἵματα
415 1659 444 1684 ὲν
463 1659 496 1692 τῇ
512 1656 625 1692 κοκκίνῃ
646 1655 761 1691 χλαμύδι
780 1652 846 1689 εἶχε,
861 1653 910 1683 τὰς

122 1706 150 1732 δὲ
164 1705 284 1736 ἀκάνθας
299 1706 328 1732 ὲν
340 1704 378 1740 τῷ
396 1705 528 1740 στεφάνῳ,
541 1704 571 1730 τὸ
587 1703 614 1729 δὲ
631 1702 811 1738 χειρόγραφον
826 1701 855 1726 ἐν
871 1699 909 1734 τῷ

124 1751 248 1786 καλάμῳ,
266 1752 295 1777 ἐν
312 1749 333 1785 ᾧ
350 1751 396 1777 καὶ
409 1750 491 1777 πάλαι
507 1749 676 1784 κατέγραφεν
697 1747 773 1783 ὴμῶν
788 1748 802 1773 6
821 1745 910 1773 διάϐο-

125 1799 169 1830 λος
179 1807 185 1813 ·
203 1798 245 1824 ἵνα
259 1798 306 1824 σὺν
319 1797 358 1832 τῷ
369 1797 475 1830 θανάτῳ
489 1796 536 1823 καὶ
548 1795 636 1822 ταῦτα
647 1794 739 1821 λοιπὸν
750 1792 906 1829 ὲξαφανίσῃ,

125 1846 172 1872 καὶ
187 1844 235 1880 τὴν
257 1844 345 1870 κτίσιν
362 1843 416 1870 ἀπὸ
431 1842 533 1869 τούτων
558 1841 682 1876 καθάρῃ·
708 1840 755 1866 καὶ
777 1839 836 1866 ἀντὶ
861 1839 910 1874 μὲν

124 1891 178 1918 τῶν
194 1890 317 1917 ἀκανθῶν
331 1889 361 1915 τὸ
376 1888 452 1922 ξύλον
468 1888 519 1923 τῆς
537 1887 609 1922 ζωῆς
627 1886 773 1922 χαρίσηται
784 1893 790 1899 ·
808 1885 867 1911 ἀντὶ
883 1884 910 1911 δὲ

124 1937 177 1963 τῶν
193 1936 243 1972 τῆς
262 1935 399 1971 ἁμαρτίας
415 1934 538 1969 αἱμάτων
549 1933 588 1969 τῷ
606 1933 662 1968 ἰδίῳ
685 1933 779 1967 αἵματι
798 1931 847 1966 τὴν
860 1930 910 1965 γῆν

124 1983 171 2009 καὶ
185 1982 248 2013 τοὺς
258 1982 360 2012 πάντας
372 1980 507 2016 καθαρίσῃ
516 1987 523 1994 ⁵
537 1979 583 2006 καὶ
593 1979 652 2006 ἀντὶ
667 1978 715 2014 τῆς
728 1977 849 2012 κατάρας
862 1985 912 2011 μα-

124 2029 224 2064 καρίσῃ
243 2027 333 2054 λοιπὸν
347 2027 410 2057 τοὺς
424 2027 452 2052 ὲν
465 2027 498 2061 τῇ
518 2027 565 2061 γῇ,
585 2025 686 2058 λέγων·
707 2033 716 2049 ι
733 2022 870 2057 Μακάριοι
886 2022 912 2047 οι

125 2076 232 2111 πραεῖς,
255 2074 296 2100 ὅτι
323 2073 400 2100 αὐτοὶ
422 2071 655 2107 κληρονομήσουσι
674 2069 723 2105 τὴν
739 2069 800 2104 γῆν.
831 2077 840 2093 ι
863 2066 913 2094 Διὰ

124 2120 202 2147 τοῦτο
221 2119 286 2154 γὰρ,
306 2118 341 2145 τὰ
358 2118 435 2154 ἡμῶν
454 2118 558 2152 αἵματα
575 2115 721 2151 βαστάσας,
744 2115 775 2141 τὸ
791 2114 856 2141 ἴδιον
873 2114 912 2144 είς

127 2165 211 2201 αὐτὴν
234 2164 408 2198 ἐξεκένωσεν,
424 2165 469 2198 ἀφ’
489 2160 520 2190 οὗ
541 2163 587 2190 καὶ
603 2162 663 2189 ἀντὶ
678 2160 802 2188 ἀκανθῶν
822 2159 912 2194 ἀγαθὰ

126 2211 171 2237 καὶ
186 2210 244 2245 ζωὴ
258 2210 379 2244 πέφυκεν
394 2210 433 2240 είς
451 2209 536 2244 αὑτήν
550 2206 622 2242 (99)·
643 2208 682 2238 είς
704 2207 737 2242 ἢν
751 2204 912 2233 ἀποϐλέπων

126 2259 140 2283 6
152 2258 229 2292 ἅγιος
246 2256 327 2282 Δαϐίδ
342 2263 425 2291 φησιο
446 2265 455 2281 ι
474 2254 598 2282 Πιστεύω
611 2253 658 2280 τοῦ
682 2253 744 2280 ἰδεῖν
766 2252 800 2278 τὰ
823 2250 913 2285 ἀγαθὰ

128 2303 228 2338 Κυρίου
243 2303 272 2329 ὲν
285 2302 321 2338 γῇ
336 2301 453 2334 ζώντων.
475 2310 485 2326 ›

160 2401 205 2428 17.
224 2401 281 2428 Καὶ
297 2400 383 2433 ἄλλως
394 2401 422 2428 δὲ
438 2400 482 2428 τὸν
497 2400 627 2434 στέφανον
644 2399 698 2426 τῶν
710 2398 835 2426 ἀκανθῶν
848 2397 912 2432 ἑφό-

127 2457 177 2484 ρει,
201 2448 244 2474 ἴνα
265 2447 314 2479 τὰς
336 2447 471 2482 μερίμνας
495 2446 573 2481 ἡμῶν
599 2446 746 2482 ἐξαφανίσῃ
772 2444 818 2472 τοῦ
842 2443 910 2479 βίου.

132 2493 277 2530 Ἐπέρῤιψε
290 2492 344 2528 γὰρ
355 2493 368 2519 ὁ
380 2492 470 2524 ἄθλιος
482 2494 529 2520 καὶ
539 2492 614 2520 ἄκων
624 2491 672 2523 τὰς
688 2491 822 2527 μερίμνας
835 2489 912 2526 ἡμῶν

127 2540 169 2566 ἐπ’
179 2538 260 2566 αὑτὸν
272 2538 322 2564 οὑκ
336 2538 424 2570 εἰδὼς,
437 2539 488 2570 ὅτι,
503 2537 605 2570 ταύτας
620 2537 761 2573 βαστάζων
772 2537 785 2563 ὁ
800 2535 911 2572 Κύριος,

1517 218 1590 244 hunc
1633 214 1730 243 exinde

1544 273 1550 290 :
1581 267 1608 290 ct
1650 270 1729 297 quem

948 227 978 250 ut
1023 223 1159 250 hominem
1203 220 1479 250 condemnaverant,

947 270 1109 297 morientem
1155 272 1185 296 ut
1229 267 1313 294 Deum
1358 265 1509 294 adorabant

948 315 1175 350 aspernabantur,
1208 314 1287 349 quasi
1328 312 1432 340 nullius
1466 310 1544 346 pretii
1581 309 1729 338 hominem,

947 361 1020 388 hunc
1058 359 1158 394 Regem
1192 358 1416 390 confitebantur;
1448 364 1462 382 a
1485 363 1538 390 quo
1571 354 1635 381 vilia
1669 353 1731 380 abs-

947 407 1067 433 tulerant
1090 405 1141 440 71
1171 404 1344 436 vestimenta,
1359 410 1420 430 cum
1445 408 1563 436 purpura
1579 399 1733 427 circumda-

947 452 1013 479 bant
1027 459 1034 484 ;
1048 459 1127 486 quem
1143 449 1228 485 ignari
1242 447 1417 476 contumeliis
1426 446 1655 477 aﬂiciebant,eum
1666 451 1731 479 pro-

948 497 1057 532 phetam
1081 497 1145 523 licet
1165 495 1241 521 inviti
1271 493 1444 528 appellabant
1460 502 1466 519 :
1482 498 1562 526 quem
1586 497 1647 518 cum
1664 489 1731 516 ludi-

951 543 1012 570 brio
1026 542 1175 573 cmdebant,
1186 541 1211 568 ei
1228 539 1349 567 victoria:
1367 537 1468 566 indicia
1490 537 1642 568 tradebant,
1657 535 1732 563 chla-

950 590 1056 625 mydem
1076 588 1243 619 coccincam,
1259 593 1388 614 coronam
1414 585 1447 612 de
1462 584 1560 620 spinis,
1574 587 1600 611 et
1620 582 1732 610 arundi-

949 643 1022 662 nem.
1037 633 1105 660 Nam
1127 634 1191 660 licet
1211 640 1241 660 ea
1266 639 1314 666 per
1342 631 1532 658 contumeliam
1556 633 1687 663 agerent:
1707 632 1733 654 at

950 681 1113 717 ignorabant
1130 688 1158 708 se
1173 680 1253 707 etiam
1272 678 1373 705 invitos
1389 677 1423 704 ab
1446 677 1505 711 ipso
1523 675 1644 710 spoliari.
1665 673 1733 702 Cum

949 727 1021 755 enim
1050 731 1162 762 peccato
1182 730 1255 752 terra
1276 732 1291 751 a
1318 723 1429 750 diabolo
1455 726 1610 753 cruentata,
1624 724 1650 748 et
1669 728 1734 747 san-

951 773 1032 807 guine
1050 772 1194 807 plusquam
1211 770 1291 804 aquis
1306 768 1411 795 imbuta
1440 770 1524 800 esset,
1541 765 1613 801 quod
1629 765 1663 792 ab
1684 764 1736 791 ini-

951 819 990 846 tio
1020 818 1180 853 sanguinem
1211 816 1304 843 Abelis
1332 815 1407 842 hiatu
1437 821 1488 841 suo
1517 812 1678 847 recepisset,
1705 818 1736 837 ac

919 858 1082 898 Bdeinceps
1109 863 1234 889 homines
1262 861 1422 895 sanguinem
1451 858 1578 894 sanguini
1606 857 1738 884 adderent

954 910 1204 943 admiscerentque,
1217 910 1247 933 ut
1261 906 1393 941 scriptum
1405 910 1447 933 est
1466 915 1472 931 :
1494 914 1502 930 ι
1521 903 1693 932 Maledictum
1711 906 1737 930 et

954 955 1127 984 mendacium
1147 957 1173 982 et
1195 953 1311 984 furtum,
1331 956 1358 980 et
1376 952 1539 979 adulterium
1567 950 1650 978 eilusa
1674 952 1740 976 sunt

955 1009 1037 1036 super
1048 1005 1161 1031 terram,
1174 1004 1199 1027 ct
1211 998 1371 1034 sanguinem
1387 996 1512 1032 sanguini
1525 995 1674 1023 admisccnl
1686 995 1734 1020 “.-

955 1047 1074 1082 Eralque
1095 1053 1126 1073 ea
1142 1045 1174 1072 de
1186 1052 1270 1072 causa
1288 1043 1429 1070 maledicta
1444 1047 1527 1073 terra,
1540 1041 1649 1068 dicente
1663 1039 1717 1067 Deo
1731 1047 1737 1065 :

959 1102 968 1118 ι
989 1092 1022 1119 Et
1037 1099 1121 1124 nunc,
1137 1090 1282 1118 maledicta
1296 1093 1379 1121 terra,
1394 1096 1454 1123 quae
1469 1087 1575 1123 aperuit
1600 1093 1632 1114 os
1647 1093 1737 1116 suum,

956 1143 985 1167 ut
1007 1139 1143 1173 exciperet
1158 1137 1316 1172 sanguinem
1332 1135 1423 1163 Abelis
1450 1133 1541 1161 fratris
1559 1132 1637 1159 tui".
1660 1141 1670 1157 ι
1689 1131 1739 1158 Cui

953 1187 1008 1222 jam
1037 1189 1117 1213 antea
1148 1184 1281 1211 Dominus
1312 1182 1346 1209 ob
1377 1179 1628 1216 prarvaricationem
1646 1177 1740 1204 Adami

956 1232 1143 1263 maledixcrat,
1166 1230 1210 1257 his
1227 1227 1317 1256 verbis
1332 1238 1337 1254 :
1358 1236 1366 1253 ι
1389 1225 1532 1254 Maledicta
1549 1230 1621 1252 terra
1639 1223 1665 1250 in
1677 1230 1741 1257 ope-

956 1279 1033 1306 ribus
1057 1278 1110 1305 tuis
1128 1287 1133 1304 :
1151 1278 1179 1303 in
1210 1274 1341 1303 aerumnis
1366 1271 1492 1300 comedes
1518 1271 1590 1297 illam
1615 1269 1742 1296 onmibus

957 1325 1053 1351 diebus
1065 1323 1127 1350 vitae
1137 1322 1231 1350 tute”.
1253 1331 1262 1346 ι
1277 1320 1453 1353 Prorsusquc
1465 1323 1543 1345 erant
1567 1315 1658 1342 omnia
1679 1322 1743 1342 san-

957 1369 1038 1404 guine
1057 1368 1148 1403 plena,
1164 1371 1191 1394 et
1203 1369 1313 1401 propter
1330 1364 1504 1391 maledictum
1521 1361 1641 1396 undique
1658 1360 1743 1394 spina:

958 1415 1160 1443 exoriebantur.
1180 1413 1212 1440 Et
1234 1412 1285 1439 hoc
1307 1409 1519 1446 chirographum
1537 1411 1635 1435 nactus
1652 1406 1744 1433 inimi—

958 1469 1007 1488 cus
1024 1465 1127 1493 noster,
1151 1459 1179 1486 in
1196 1466 1291 1486 omnes
1307 1456 1477 1491 insurgebat,
1495 1455 1521 1481 in
1545 1460 1694 1487 omnesque
1715 1455 1744 1478 ut

921 1525 942 1554 α
960 1507 1012 1535 sibi
1030 1507 1154 1535 subditos
1170 1503 1342 1541 tyrannidem
1357 1501 1511 1530 exercebat.
1530 1499 1590 1526 ideo
1614 1497 1744 1524 Dominus

960 1561 1094 1582 eumeum
1110 1552 1238 1579 omnibus
1261 1550 1418 1585 spoliasset,
1436 1547 1545 1574 demum
1567 1545 1598 1571 ad
1630 1547 1743 1570 mortem

960 1598 1107 1629 abductus,
1123 1597 1157 1624 iis
1172 1595 1345 1626 induebatur,
1360 1597 1390 1621 ut
1409 1592 1498 1628 palam
1522 1590 1634 1620 faceret,
1649 1588 1745 1616 mortis

959 1644 1114 1675 victoriam,
1128 1650 1183 1669 non
1207 1645 1320 1672 temere,
1340 1639 1386 1667 sed
1399 1646 1450 1673 pro
1471 1637 1559 1665 salute
1571 1639 1666 1662 nostra
1683 1641 1746 1669 par-

960 1695 1015 1717 tam
1034 1697 1106 1717 esse.
1125 1687 1312 1721 Gestabatque
1330 1686 1358 1712 in
1375 1683 1518 1719 chlamyde
1536 1681 1666 1709 coccinea
1683 1688 1746 1708 san-

960 1736 1079 1772 guinem,
1092 1735 1186 1770 spinas
1210 1734 1237 1760 in
1264 1739 1377 1763 corona,
1397 1729 1609 1765 chirographum
1634 1734 1698 1755 vero
1718 1729 1747 1752 in

961 1782 1104 1815 arundine,
1119 1781 1146 1807 in
1164 1787 1218 1815 quo
1236 1779 1292 1814 jam
1320 1778 1384 1805 olim
1413 1776 1562 1811 scripserat
1577 1778 1673 1801 contra
1695 1780 1746 1799 nos

961 1828 1145 1861 diabolus;ut
1161 1833 1214 1853 una
1242 1832 1303 1851 cum
1326 1827 1423 1854 morte,
1448 1822 1506 1849 haec
1528 1821 1611 1849 etiam
1638 1819 1746 1846 demum

962 1875 1096 1907 aboleret;
1127 1877 1323 1906 creaturasque
1359 1869 1393 1897 iis
1421 1871 1620 1904 perpurgaret:
1643 1870 1670 1893 et
1698 1872 1748 1900 pro

962 1921 1048 1957 spinis
1062 1920 1171 1956 quidem
1188 1919 1290 1954 lignum
1307 1917 1370 1944 vitae
1386 1915 1531 1950 largiretur
1547 1923 1553 1941 :
1572 1920 1621 1948 pro
1643 1911 1748 1946 peccati

963 1967 1105 2005 sanguine,
1128 1964 1238 2000 proprio
1270 1962 1404 1997 sanguine
1424 1965 1525 1988 terram
1553 1963 1580 1986 et
1606 1958 1749 1986 universos

962 2013 1124 2041 emundaret
1142 2021 1148 2038 :
1165 2018 1214 2046 pro
1235 2009 1392 2041 maledicto,
1413 2013 1510 2034 omnes
1536 2005 1645 2032 demum
1669 2008 1750 2030 terrae

963 2058 1066 2086 incolas
1083 2057 1177 2084 beatos
1205 2054 1320 2086 diceret,
1343 2053 1386 2080 his
1407 2051 1498 2078 verbis
1516 2058 1522 2075 :
1541 2059 1550 2075 ι
1565 2049 1642 2076 Beati
1657 2049 1748 2080 mites,

963 2102 1152 2140 quoniamipsi
1167 2100 1345 2137 possidebunt
1363 2102 1462 2126 terram
1470 2097 1503 2123 ⁵³³.
1519 2105 1529 2122 ›
1548 2095 1653 2122 idcirco
1676 2093 1748 2120 enim

963 2155 1088 2178 nostrum
1118 2149 1208 2176 ferens
1237 2145 1410 2181 sanguinem,
1424 2142 1565 2178 proprium
1588 2139 1749 2175 sanguinem

927 2193 949 2221 Ι)
965 2205 1047 2232 super
1066 2204 1126 2224 eam
1141 2194 1255 2226 effudit;
1272 2201 1304 2220 ex
1317 2199 1372 2226 quo
1390 2190 1491 2217 factum
1518 2191 1560 2215 est
1577 2190 1606 2212 ut
1629 2193 1679 2220 pro
1694 2185 1750 2219 spi-

964 2229 1017 2276 nis,
1032 2243 1103 2270 bona
1131 2240 1215 2267 multa
1244 2241 1271 2266 et
1301 2238 1356 2264 vita
1381 2236 1408 2262 in
1440 2234 1487 2261 illa
1515 2232 1680 2267 germinaret
1698 2237 1704 2255 :
1721 2229 1749 2256 in

963 2296 1045 2325 quam
1073 2287 1158 2315 David
1187 2285 1340 2320 respiciens
1355 2283 1393 2310 ait
1412 2291 1418 2308 ε
1437 2290 1446 2307 ι
1466 2279 1555 2307 Credo
1572 2277 1664 2305 videre
1678 2276 1750 2303 bona

964 2336 1070 2365 Domini
1084 2336 1113 2362 in
1129 2338 1204 2361 terra
1223 2331 1371 2360 viventium
1384 2329 1417 2354 °°.
1437 2337 1446 2354 )

1002 2394 1047 2421 17.
1069 2392 1129 2420 Alia
1146 2397 1255 2427 quoque
1283 2388 1389 2416 ratione
1411 2391 1541 2412 coronam
1561 2382 1683 2417 spineam
1705 2387 1750 2415 ge-

966 2440 1066 2472 stabat,
1085 2442 1113 2466 ut
1129 2425 1330 2465 sollicitudines
1344 2433 1373 2459 in
1397 2431 1448 2458 hac
1463 2429 1518 2456 vita
1533 2431 1642 2455 nostras
1658 2425 1744 2452 aufer-

965 2490 1018 2514 ret.
1034 2485 1132 2520 Injecit
1149 2483 1221 2510 enim
1242 2479 1337 2508 infelix
1360 2477 1416 2508 ille,
1434 2476 1499 2502 licet
1513 2474 1626 2503 invitus,
1642 2475 1752 2499 nostras

966 2535 996 2562 in
1024 2533 1101 2560 illum
1130 2527 1340 2558 sollicitudines,
1366 2525 1507 2559 ignorans,
1525 2519 1671 2547 Dominum
1691 2517 1753 2544 illas

161 2638 186 2654 "
204 2638 267 2667 Ose.
285 2647 322 2673 IV,
337 2638 365 2667 2.
401 2639 425 2654 ⁸⁷
443 2638 542 2667 Genes.
561 2646 599 2670 ιν,
615 2638 659 2667 11.
696 2637 719 2653 ⁸⁸
738 2636 836 2665 Genes.
856 2645 906 2670 ιιι,

958 2634 1021 2662 '-l9.
1058 2633 1082 2649 ‘°
1103 2630 1199 2660 Matth.
1217 2637 1244 2662 ν,
1261 2628 1287 2655 4.
1326 2624 1350 2643 ⁶⁰
1369 2624 1441 2653 Psal.
1459 2630 1542 2656 xxvt,
1560 2622 1605 2649 i5.

129 2737 218 2790 u($36)
227 2737 329 2773 Regius
334 2757 341 2771 ,
351 2737 527 2765 ὲσκυλεύοντε
533 2737 579 2765 τού
583 2745 646 2770 των,
659 2740 686 2766 et
693 2737 813 2765 secunda
820 2744 900 2765 manu
905 2756 913 2770 ,

134 2782 222 2880 “(539;
233 2807 335 2849 Regius
350 2811 378 2835 et
398 2807 596 2843 AnglieIaO‘rhv
617 2808 706 2841 πάσας
725 2808 774 2840 τὰς
798 2807 913 2844 ἡμέρας.

164 2843 208 2880 (98
236 2843 348 2879 Regius,
363 2842 444 2870 αὑτὸν
461 2843 513 2870 ἀπὸ
524 2843 634 2871 τούτων.

164 2842 219 2880 (98)
236 2842 348 2879 Regius,
363 2842 444 2870 αὑτὸν
461 2843 513 2870 ἀπὸ
524 2843 634 2871 τούτων.

999 2733 1054 2768 (99)
1080 2732 1117 2759 Ita
1139 2737 1234 2768 o_mn_es
1247 2726 1477 2768 manuscriptiuet
1499 2720 1752 2768 ειξὶιὲἐςέοιιιιιιιθξίιιζ

964 2757 1123 2797 ΕρίιὶῩνέὲῖ)
1144 2757 1235 2793 νΡιιι-ἰε.
1261 2765 1300 2796 είς
1317 2757 1417 2799 αὐτὴν,
1428 2761 1501 2793 Mox,
1515 2758 1607 2790 Δαϐίδ,
1637 2757 1714 2799 abest
1736 2763 1752 2781 ει

964 2805 1050 2839 Regio
1076 2807 1102 2830 et
1129 2801 1289 2839 Anglicano.
1319 2798 1382 2839 Mox
1412 2798 1440 2824 in

965 2827 1056 2869 :
1110 2827 1190 2873 paulo
1200 2839 1259 2871 post
1272 2835 1299 2862 in
1316 2834 1421 2866 eodem,
1437 2827 1490 2858 τῶν
1512 2828 1648 2858 ἀκανθῶν,
1664 2827 1750 2854 deest.

1457 2790 1616 2836 postremp1
1637 2790 1750 2836 κυρίως,
