1915 3057
196 148 250 175 213

196 209 357 242 gestantem.
377 213 426 232 nos
444 206 470 232 in
486 206 558 233 illius
571 206 730 241 perniciem,
746 207 976 237 sollicitudinibus
993 213 1013 240 Λ

195 259 296 279 vacuos
309 252 494 284 redditurum;
512 253 548 279 ita
560 257 589 279 ut
605 253 679 280 verbi
696 258 845 281 sementem
861 263 875 282 a
887 256 974 290 spinis

195 301 386 333 perpurgatam
414 297 579 331 habeamus;
595 298 622 325 in
641 299 766 326 oratione
780 307 845 327 vero
860 306 978 329 mentem

195 343 269 370 curis
284 342 394 369 minimc
409 343 584 370 abstractam.
601 342 661 378 lpse
676 343 748 371 enim
769 351 818 378 pro
837 345 917 373 nobis
930 346 979 373 do-

195 387 245 414 luit
263 387 452 421 sollicitusque
470 388 530 418 fuit,
544 392 574 414 ut
586 396 636 415 nos
652 388 792 416 doloribus
806 396 976 418 vacaremus.

194 431 310 467 Ideoque
326 441 434 460 rursum
451 433 610 461 arundinem
632 441 665 460 ex
689 434 733 466 eis
758 435 864 469 accepit
880 435 971 462 Domi—

194 487 256 511 nus,
276 479 387 514 ipseque
402 479 526 506 diabolus
541 487 600 506 eam
626 479 742 507 Domino
762 480 884 513 tradidit,
901 482 977 515 igna-

193 531 241 551 rus
261 532 322 552 sese
342 529 437 552 contra
464 533 493 552 se
511 525 630 560 gladium
654 533 762 554 acuere.
779 525 884 553 Dicitur
902 527 975 554 enim

193 570 311 603 arundo,
336 571 509 605 serpentibus
537 571 696 598 occidendis
731 575 808 606 apta,
836 572 976 608 frangique

193 613 254 641 illos
271 614 405 641 arundine
420 615 511 648 potius
528 622 608 648 quam
627 615 811 642 instrumento
827 616 890 643 alio.
906 616 975 643 Cum

192 661 275 695 igitur
291 660 348 694 ipse
360 658 490 686 Dominus
507 658 635 690 Sabaoth,
649 664 678 686 ut
705 660 742 687 ait
757 660 859 693 lsaias,
881 669 976 696 perse-

192 709 321 740 queretur
336 704 480 739 fugientem
494 704 651 735 draconem,
669 709 833 739 serpentem,
847 713 974 741 magnum

192 750 330 777 diabolum
347 759 354 776 :
372 750 432 777 ideo
449 749 522 784 quod
547 750 586 776 illi
600 750 709 777 exitiale
723 755 781 777 erat
796 751 830 777 ab
845 751 885 778 eis
897 759 974 779 acce-

191 795 231 830 pit
244 795 392 828 Dominus;
409 799 437 821 ut
453 795 571 829 propriis
587 795 640 823 sibi
663 795 745 823 rebus
760 796 900 823 dcbilitato
914 796 971 823 dia—

191 842 264 872 bolo,
279 841 361 868 rebus
377 841 481 868 Domini
497 841 620 869 homines
639 841 765 870 fortiores
782 842 970 871 redderentur.

191 886 277 919 Quale
295 885 378 913 David
395 886 422 912 in
440 885 547 913 Goliath
559 887 723 922 designavit.
737 887 783 922 qui
796 893 908 922 accepto
921 889 973 916 ini-
988 882 1009 910 Β

191 931 254 958 ιιιίόί
271 932 370 967 gladio,
389 939 420 960 eo
433 933 492 966 ipso
504 936 585 967 caput
612 933 714 961 inimici
739 934 902 969 praecidit“.
929 933 972 961 ld-

192 978 281 1012 ipsum
300 978 357 1012 jam
388 977 512 1005 Salvator
533 980 669 1014 praestitit,
698 984 809 1015 accepta
841 981 875 1007 ab
904 980 971 1015 ipsis

191 1022 336 1054 arundine,
351 1026 381 1049 ut
399 1031 451 1050 non
470 1024 550 1051 modo
575 1033 625 1052 nos
639 1032 653 1051 a
668 1026 803 1060 serpentis
818 1025 924 1052 fallacia
936 1026 970 1053 li-

189 1068 313 1102 beraret;
329 1069 375 1095 sed
390 1069 470 1095 etiam
485 1069 572 1104 ipsum
598 1075 750 1105 serpentem
776 1071 910 1098 arundine
924 1079 972 1098 oc-

189 1113 301 1144 cideret,
320 1117 512 1148 mortuumque
540 1115 691 1142 exhiberet.
719 1115 757 1142 lta
774 1116 856 1151 igitur
873 1117 970 1145 illusus

189 1159 322 1187 scelestus
336 1160 391 1192 ille,
408 1160 503 1187 videns
519 1169 548 1188 se
564 1161 598 1188 ab
611 1161 646 1188 iis
659 1162 794 1190 excidisse
806 1163 897 1196 rebus,
910 1164 969 1199 qui-

188 1204 240 1232 bus
255 1205 399 1232 adversum
415 1213 466 1232 nos
479 1206 531 1240 72
547 1205 728 1235 efferebatur:
744 1208 894 1243 vidensque
911 1217 940 1236 se
954 1217 969 1236 a

187 1253 260 1277 terra
278 1251 464 1283 exturbatum,
483 1255 638 1288 terramque
654 1261 669 1280 a
687 1254 818 1289 sanguine
842 1258 869 1282 et
884 1255 970 1290 spinis

188 1294 331 1322 emundari
348 1304 354 1321 :
372 1303 486 1331 seseque
500 1297 596 1325 videns
612 1298 737 1326 amisisse
759 1299 968 1334 chirographum

187 1345 215 1367 et
232 1341 378 1373 calamum,
396 1341 423 1367 in
438 1349 492 1376 quo
505 1342 649 1370 adversum
664 1351 715 1371 nos
733 1345 892 1379 scripserat,
908 1356 969 1374 rur—

188 1393 248 1413 sum
262 1393 316 1413 non
329 1387 453 1414 audenda
469 1388 560 1420 audet,
582 1396 665 1424 seque
687 1390 777 1424 ipsum
793 1393 881 1427 magis
896 1401 928 1421 ea
940 1402 968 1422 re

187 1432 315 1466 perculit.
329 1433 397 1460 Cum
411 1434 483 1460 enim
502 1436 650 1463 audivisset
660 1436 799 1471 improbus
815 1438 859 1466 ille
876 1439 968 1466 Domi-

186 1484 251 1503 num
265 1477 399 1504 dicentem
421 1486 428 1504 :
448 1488 457 1504 ι
473 1479 591 1514 Spiritus
607 1486 749 1516 promptus
770 1487 822 1515 est,
842 1491 907 1512 caro
919 1493 967 1512 au-

185 1526 239 1549 tem
255 1522 361 1550 infirma
371 1523 420 1555 ⁶¹,›
435 1528 511 1552 ratus
523 1525 642 1554 Verbum
653 1535 706 1555 una
722 1536 784 1556 cum
796 1537 911 1565 corpore
925 1531 967 1558 in-

186 1569 300 1601 firmari,
314 1577 363 1597 nec
374 1578 483 1605 corpus,
501 1571 581 1600 Verbi
593 1573 693 1602 virtute
705 1577 889 1610 corroborari,
906 1585 967 1605 rur—

185 1623 246 1642 sum
267 1615 371 1643 nefaria
387 1617 552 1651 aggreditur,
567 1620 765 1656 carniﬁcesque
791 1627 886 1650 contra
907 1623 967 1652 Sal-

185 1666 305 1689 vatorem
333 1663 488 1695 concitavit,
506 1665 564 1699 ipse
593 1673 657 1693 vero
685 1667 772 1702 spinis
794 1669 918 1703 adhaesit,
939 1672 966 1698 in

184 1708 273 1742 iisque
289 1707 437 1740 volutatus,
454 1717 510 1735 rem
528 1717 627 1744 passus
651 1715 693 1738 est
719 1712 769 1740 sibi
788 1715 964 1743 contrariam.

186 1753 257 1780 Dum
270 1753 329 1780 illas
346 1754 417 1781 enim
433 1758 537 1782 teneret
550 1756 642 1783 amisit
662 1757 746 1792 ipsas,
766 1766 835 1793 quas
854 1761 966 1794 putabat

185 1798 302 1826 amissas
329 1806 468 1827 resumere
477 1808 506 1828 se
523 1801 631 1828 tandem
646 1810 727 1836 posse
741 1812 747 1829 :
763 1810 790 1831 at
815 1813 868 1832 non
891 1807 966 1841 prius

184 1843 245 1871 illas
258 1844 379 1879 recipere
392 1845 486 1878 valuit,
501 1854 582 1881 quam
599 1846 723 1875 Salvator
746 1850 964 1879 maledictionem

183 1893 307 1916 nostram
327 1890 355 1917 in
383 1891 451 1925 ipsis
478 1892 558 1919 sitam
588 1893 731 1922 elevasset.
748 1895 964 1926 hlalcdictionem

183 1935 284 1970 quippe
295 1936 367 1963 illam
379 1944 440 1964 cum
453 1942 585 1972 gestasset
606 1939 754 1974 Dominus;
774 1945 831 1969 tum
855 1943 964 1971 demum

183 1981 286 2016 recepit
310 1981 355 2008 ille
379 1982 472 2016 spinas
498 1986 526 2010 et
550 1984 720 2021 chlamydem
740 1996 747 2013 :
769 1995 829 2021 qua:
862 1989 964 2017 nullam

182 2031 239 2054 tum
255 2028 387 2055 adversus
397 2037 446 2056 nos
457 2029 510 2056 vim
532 2030 673 2064 haberent,
690 2033 736 2060 sed
753 2034 844 2067 potius
863 2034 964 2069 impro-

181 2073 296 2100 bitatem
310 2081 404 2101 eorum
424 2081 579 2110 arguerent.
595 2076 654 2104 1am
670 2079 743 2105 enim
760 2079 817 2114 ipse
839 2080 963 2109 diabolus

181 2117 210 2145 in
233 2117 330 2153 spinis,
352 2119 430 2154 quasi
459 2120 487 2147 in
511 2121 630 2149 stimulis
646 2127 741 2150 contra
761 2124 895 2151 calcitrat.
909 2125 963 2160 Ipsi

181 2171 289 2198 quoque
304 2164 337 2191 de
361 2165 488 2192 coccinea
513 2166 655 2202 chlamyde
678 2168 778 2196 dicitur
797 2179 803 2197 :
825 2170 962 2203 Quemad-

181 2211 290 2237 modum
306 2211 498 2239 vestimentum
523 2214 656 2249 sanguine
686 2223 866 2250 conspersum
884 2226 962 2245 mun-
978 2226 1000 2253 ι)

180 2255 246 2284 dum
262 2265 317 2284 non
340 2261 398 2291 est;
412 2258 449 2284 ita
466 2267 553 2294 neque
568 2264 597 2287 tu
613 2261 731 2289 mundus
745 2263 811 2294 eris,
827 2263 892 2298 quia
906 2268 961 2292 ter-

180 2310 238 2329 ram
251 2311 338 2331 meam
349 2304 503 2338 perdidisti,
517 2306 702 2342 populumque
717 2316 806 2336 meum
825 2310 959 2339 occidisti.

216 2347 261 2374 18.
284 2347 465 2381 Quamobrem
477 2349 686 2384 jamcarnilices
702 2353 845 2381 concitans
859 2354 885 2381 in
901 2354 960 2381 Sal-

180 2396 314 2426 vatorem,
329 2394 479 2422 calcitravit
492 2395 520 2422 in
535 2396 622 2430 spinis
637 2397 716 2432 quasi
732 2398 759 2425 in
772 2399 901 2432 stimulis,
912 2408 961 2435 po-

181 2439 237 2467 tius
258 2439 316 2474 ipse
334 2447 493 2475 percussus,
508 2449 590 2477 quam
617 2448 782 2478 percuteret.
799 2444 873 2478 Quos
890 2446 961 2474 enim

182 2485 240 2520 ipse
251 2488 398 2514 commovit
409 2488 436 2515 in
448 2487 626 2520 Salvatorem,
641 2489 722 2517 iidem
732 2489 863 2519 adversus
874 2492 962 2527 ipsum

181 2539 257 2559 arma
268 2533 423 2561 sumebant.
438 2534 555 2570 Accepta
571 2536 671 2571 quippe
690 2543 706 2563 a
724 2536 865 2565 Salvatore
879 2545 963 2565 arun-

180 2575 256 2610 dine,
269 2578 322 2605 rati
339 2586 368 2606 se
388 2579 464 2606 illum
490 2584 644 2615 percutere,
668 2582 858 2617 caecutiebant,
882 2587 963 2620 atque

216 2668 238 2683 ⁶¹
259 2667 268 2695 l
283 2669 350 2705 Reg.
366 2677 440 2702 xvii,
458 2670 502 2698 5L
540 2672 563 2688 ⁶²
584 2671 679 2699 Matth.
697 2680 778 2706 xxvi,
794 2673 839 2700 M.

216 2743 338 2784 (l)_K_a-:‘
352 2745 471 2784 ἐκείνου,
483 2747 600 2784 ᾱορεεὶη
616 2748 722 2784 Anglic.
742 2749 820 2784 cujus
835 2749 896 2776 loco
907 2749 961 2777 lle-

182 2777 243 2813 gius
258 2780 348 2818 habet,
362 2781 535 2818 ἕατῖαὺτοῦζ
552 2777 673 2814 Ibidem,“
685 2777 785 2818 Regius
801 2785 885 2814 solus.
910 2793 960 2810 r2-

181 2815 350 2876 uexzodtsu.
362 2815 434 2842 Editi
449 2823 512 2843 vero
525 2821 550 2843 et
565 2820 655 2845 caeteri
682 2815 862 2855 .ialiuscripti,
879 2827 961 2846 κατα-

182 2857 246 2876 σκευ
268 2858 309 2885 σῃ.

765 147 795 175 S.
815 148 1045 178 ATHANASIUS.
1066 165 1101 170 —
1119 150 1231 178 DUBIA.

1759 156 1814 184 216

1029 211 1090 242 τοὺς
1104 211 1206 242 πάντας
1219 211 1386 246 ἀμερίμνους
1404 212 1464 238 κατ’
1477 212 1579 239 ἐκείνου
1593 213 1630 248 (1)
1644 217 1815 243 κατασκευά-

1032 264 1072 282 σει
1084 264 1090 270 “
1103 256 1173 282 ὥστε
1187 257 1232 282 τὸν
1247 257 1294 291 μὲν
1309 257 1409 292 σπόρον
1425 259 1471 285 τοῦ
1487 259 1565 293 λόγου
1583 259 1722 295 ἐλεύθερον
1741 262 1814 297 ἔχειν

1029 302 1083 328 ἀπὸ
1102 303 1155 328 τῶν
1175 303 1309 335 ἀκανθῶν,
1327 304 1356 329 ἐν
1376 303 1404 330 δέ
1424 306 1482 336 ταῖς
1506 305 1598 340 εὐχαῖς
1613 305 1644 332 τὸ
1659 307 1811 343 ἀπερίσπαο

1029 356 1099 373 στον.
1114 349 1199 380 Αὐτὸς
1212 348 1265 384 γὰρ
1287 349 1351 384 περὶ
1369 349 1447 384 ἡμῶν
1461 350 1580 377 ὠδυνᾶτο
1604 352 1650 377 καὶ
1666 352 1812 388 ἐμερίμνα,

1028 394 1071 420 ἴνα
1085 395 1163 429 ἡμεῖς
1177 393 1304 420 ἀνώδυνοι
1316 394 1468 430 γενώμεθα.
1481 396 1529 422 Διὰ
1541 396 1618 423 τοῦτο
1632 397 1659 423 δὲ
1672 398 1752 425 πάλιν
1765 399 1812 426 καὶ

1026 439 1072 465 τὸν
1086 439 1206 474 κάλαμον
1218 440 1352 475 ἐλάμϐανε
1367 443 1431 476 παρ’
1442 442 1532 469 αὐτῶν
1548 444 1563 469 ὁ
1576 443 1687 479 Κύριος,
1703 446 1750 471 καὶ
1762 445 1812 472 αὑ-

1027 486 1072 516 τὸς
1087 487 1101 511 ὁ
1114 485 1234 518 διάϐολος
1247 487 1367 513 ἐπεδίδου
1384 488 1476 515 τοῦτον
1491 489 1531 524 τῷ
1545 490 1649 525 Κυρίῳ,
1663 491 1713 517 οὐκ
1722 491 1810 523 εἰδὼς,

1026 530 1066 556 ὅτι
1081 531 1141 556 καθ’
1156 531 1252 558 ἑαυτοῦ
1271 532 1301 558 τὺ
1321 531 1396 567 ξίφος
1411 534 1504 569 ἀκονᾷ.
1522 535 1636 568 Λέγεται
1655 535 1709 572 γὰρ
1731 537 1746 562 ὁ
1761 537 1814 563 κά-

1026 574 1110 610 λαμος
1125 577 1294 612 ἀναιρετικὸς
1308 576 1376 605 εἶναι
1395 579 1448 605 τῶν
1463 579 1561 613 ὄφεων,
1581 581 1627 607 καὶ
1641 580 1728 616 τούτῳ
1743 582 1811 617 μᾶλ-

1026 621 1097 656 λονῆ
1112 622 1195 657 ἑτέρῳ
1210 624 1428 658 καταράσσεσθαι
1443 625 1549 657 αὐτούς.
1575 627 1649 652 Ἐπεὶ
1662 626 1749 653 τοίνυν
1761 627 1812 653 αὒ-

1024 668 1070 699 τὸς
1084 670 1098 695 ό
1111 669 1211 704 Κύριος
1226 670 1348 703 Σαϐαὼθ,
1368 671 1406 703 ὡς
1428 673 1541 704 Ἡσαΐας
1553 672 1637 707 λέγει,
1653 673 1747 700 ἐδίωκε
1763 674 1812 701 τὸν

1025 714 1158 748 φεύγοντα
1183 715 1324 751 δράκοντα,
1349 717 1394 743 τὸν
1419 717 1491 751 ὅφιν,
1508 717 1553 744 τὸν
1568 718 1654 753 μέγαν
1669 718 1788 745 διάϐολον
1801 727 1809 734 ο

1024 759 1117 786 τούτου
1142 761 1233 788 ἐνεκεν
1254 762 1335 789 αὑτοῦ
1350 763 1379 789 τὺ
1396 763 1564 799 ἀναιρετικὸν
1586 764 1722 799 ἐλάμϐανε
1742 766 1809 800 παρ’

1024 806 1113 832 αὐτῶν
1126 807 1140 833 ὁ
1155 806 1265 842 Κύριος,
1284 809 1336 841 ἴνα,
1358 810 1413 840 τοῖς
1430 809 1503 841 ἰδίοις
1520 809 1746 846 ἐξασθενήσαντος
1761 811 1810 838 τοῦ

1023 850 1156 884 διαϐόλου,
1171 854 1227 884 τοῖς
1236 853 1284 879 τοῦ
1300 853 1404 888 Κυρίου
1420 854 1644 889 ἑνδυναμωθῶσιν
1662 856 1687 881 οἱ
1705 855 1810 891 ἄνθρω-

1025 903 1081 922 ποι.
1097 894 1158 922 Οἷον
1174 896 1203 923 δέ
1224 905 1250 923 τι
1272 898 1419 932 πεποίηκεν
1431 899 1446 926 ό
1468 899 1550 925 Δαϐὶδ
1563 899 1608 925 ἐπὶ
1633 900 1680 926 τοῦ
1699 900 1808 932 Γολιὰθ,

1024 941 1113 968 λαϐὼν
1129 942 1175 968 τοῦ
1192 942 1288 978 ἐχθροῦ
1302 943 1332 969 τὸ
1352 943 1437 977 ξίφος,
1459 945 1506 970 καὶ
1524 945 1553 970 ἐν
1567 944 1639 980 αὐτῷ
1654 945 1703 980 τὴν
1724 954 1809 979 κεφα-

1024 986 1072 1022 λὴν
1085 987 1132 1013 τοῦ
1148 987 1244 1022 ἐχθροῦ
1256 987 1356 1023 τεμών.
1374 988 1460 1015 Τοῦτο
1476 988 1524 1016 νῦν
1545 989 1592 1015 καὶ
1612 990 1627 1015 ὁ
1650 989 1744 1025 Σωτὴρ
1759 998 1808 1016 πε-

1025 1032 1132 1066 ποίηκε,
1145 1032 1235 1058 λαϐὼν
1250 1033 1296 1059 τὸν
1311 1033 1432 1068 κάλαμον
1451 1034 1516 1069 παρ’
1532 1034 1633 1066 αὐτῶν,
1649 1035 1692 1060 ἵνα
1704 1035 1740 1070 μὴ
1758 1035 1806 1069 μό-

1023 1085 1067 1103 νον
1090 1078 1162 1112 ήμᾶς
1184 1077 1351 1114 ἐλευθερώσῃ
1374 1078 1427 1105 ἀπὸ
1449 1079 1499 1114 τῆς
1522 1079 1628 1114 ἀπάτης
1642 1079 1689 1106 τοῦ
1705 1080 1801 1114 ὄφεως,

1023 1123 1090 1149 ἀλλὰ
1100 1124 1146 1149 καὶ
1160 1123 1240 1150 αὑτὸν
1250 1124 1295 1150 τὺν
1308 1124 1368 1159 ὅφιν
1383 1125 1464 1161 ἀνέλῃ
1479 1124 1518 1159 τῷ
1533 1125 1658 1161 καλάμῳ,
1675 1125 1722 1151 καὶ
1732 1125 1806 1161 δείξῃ

1023 1169 1127 1204 νεκρόν.
1155 1169 1232 1196 Οὕτω
1253 1170 1282 1196 δὲ
1301 1167 1346 1197 οὖν
1365 1170 1490 1205 παιχθεὶς
1513 1172 1528 1197 ὸ
1553 1171 1654 1202 ἄθλιος,
1678 1171 1724 1198 καὶ
1742 1171 1804 1197 ἰδὼν

1023 1215 1116 1241 ἐαυτὸν
1128 1215 1278 1242 ἐκπεσόντα
1289 1216 1401 1250 τούτων,
1413 1217 1441 1242 ἐν
1453 1213 1492 1248 οἷς
1502 1216 1618 1252 ἐπῄρετο
1632 1217 1691 1243 καθ’
1705 1219 1722 1252 ἡ
1727 1217 1784 1252 μῶν
1794 1225 1801 1232 ·

1023 1260 1083 1287 ἰδὼν
1109 1261 1137 1288 δὲ
1156 1262 1237 1288 αὑτὸν
1258 1261 1423 1297 ἐκϐληθέντα
1446 1263 1478 1288 ἐκ
1494 1262 1532 1297 (2)
1547 1263 1596 1298 τῆς
1609 1263 1670 1298 γῆς,
1687 1264 1734 1290 καὶ
1753 1263 1804 1299 τὴν

1020 1307 1071 1340 γῆν
1088 1306 1305 1342 καθαριζομένην
1321 1307 1375 1334 ἀπὸ
1387 1307 1441 1333 τῶν
1456 1308 1580 1343 αἱμάτων
1592 1308 1705 1336 καὶτῶν
1721 1309 1805 1336 ἀκαν-

1021 1353 1084 1385 θῶν,
1097 1353 1143 1380 καὶ
1162 1353 1222 1379 ἰδὼν
1231 1353 1326 1380 ἐαυτὸν
1336 1353 1506 1380 ἀπολέσαντα
1520 1354 1551 1380 τὸ
1563 1354 1743 1390 χειρόγραφον
1757 1355 1804 1381 καὶ

1019 1399 1064 1424 τὸν
1080 1399 1212 1434 κάλαμον,
1230 1399 1260 1425 ἐν
1281 1396 1303 1433 ᾧ
1319 1399 1491 1435 κατέγραφεν
1510 1400 1600 1434 ἡμῶν,
1615 1399 1701 1435 τολμᾷ
1723 1400 1805 1427 πάλιν

1020 1442 1174 1478 ἀτόλμητα,
1195 1443 1287 1470 πλεῖον
1311 1444 1406 1470 ἐαυτὸν
1432 1445 1479 1470 καὶ
1505 1445 1533 1470 ἐν
1558 1444 1645 1478 τούτῳ
1669 1444 1803 1479 πλήττων.

1026 1489 1155 1521 Ἀκούσας
1169 1489 1222 1524 γὰρ
1232 1489 1246 1515 ὸ
1263 1489 1379 1525 πονηρὸς
1395 1489 1517 1523 λέγοντος
1542 1490 1588 1516 τοῦ
1606 1489 1707 1525 Κυρίου
1719 1499 1725 1505 ·
1744 1499 1753 1515 ί
1768 1489 1805 1516 Τὸ

1020 1535 1127 1570 πνεῦμα
1141 1534 1317 1570 πρόθυμον,ή
1336 1535 1364 1561 δέ
1377 1534 1445 1571 σὰρξ
1460 1535 1584 1570 ἀσθενὴς.
1605 1545 1614 1560 ι
1630 1535 1752 1570 νομίσας,
1763 1535 1805 1562 ὅτι

1018 1581 1032 1607 ὁ
1056 1581 1143 1615 Λόγος
1166 1580 1323 1616 συνησθένει
1348 1580 1388 1616 τῷ
1412 1580 1529 1616 σώματι,
1549 1581 1595 1607 καὶ
1610 1581 1640 1607 οὐ
1656 1581 1755 1616 μᾶλλον
1769 1582 1803 1616 τῇ

1017 1624 1128 1660 δυνάμει
1142 1625 1188 1652 τοῦ
1204 1625 1290 1659 Λόγου
1306 1625 1461 1660 συνισχύετο
1476 1625 1513 1660 (5)
1531 1626 1578 1652 καὶ
1597 1626 1628 1652 τὸ
1645 1625 1736 1661 σῶμα.
1752 1626 1804 1652 πά-

1016 1672 1057 1698 λιν
1076 1673 1207 1708 ἐπιχειρεῖ
1223 1672 1378 1708 παράνομα·
1395 1672 1442 1699 καὶ
1460 1673 1523 1704 τοὺς
1544 1672 1592 1708 μὲν
1602 1673 1716 1708 δημίους
1731 1682 1803 1709 παρ-

1015 1717 1105 1751 οξύνει
1120 1718 1191 1744 κατὰ
1214 1718 1260 1744 τοῦ
1276 1719 1412 1754 Σωτῆρος,
1425 1718 1507 1750 αὐτὸς
1520 1718 1547 1744 δέ
1562 1718 1616 1744 τῶν
1630 1718 1754 1745 ἀκανθῶν
1766 1720 1804 1745 εἴ-

1016 1773 1087 1798 χετο,
1098 1763 1145 1790 καὶ
1155 1764 1219 1799 περὶ
1229 1764 1314 1795 αὐτὰς
1328 1764 1459 1796 ἐκυλίετο,
1471 1765 1586 1799 πρᾶγμα
1601 1764 1713 1799 πάσχων
1724 1765 1802 1791 ἐναν-

1016 1810 1081 1837 τίον.
1098 1810 1187 1845 Ἔχων
1206 1809 1259 1845 γὰρ
1276 1809 1361 1841 αὐτὰς
1376 1810 1510 1841 ἀπώλεσε,
1528 1811 1574 1836 καὶ
1590 1809 1666 1845 ᾠήθη
1681 1810 1716 1845 μὴ
1733 1809 1802 1845 ἔχων

1015 1855 1143 1883 δύνασθαι
1159 1855 1250 1882 λαϐεῖν
1265 1855 1363 1888 αὐτάς·
1379 1856 1436 1883 ἁλλ’
1451 1856 1481 1883 οὐ
1498 1856 1629 1892 πρότερον
1647 1855 1766 1891 εἴληφεν,
1777 1858 1802 1882 εἰ

1017 1901 1053 1937 μὴ
1078 1902 1128 1937 τὴν
1154 1902 1214 1928 καθ’
1238 1902 1315 1937 ὴμῶν
1344 1902 1373 1929 ἐν
1395 1902 1490 1933 αὐταῖς
1518 1902 1648 1937 κειμένην
1679 1902 1801 1937 κατάραν

1014 1947 1158 1981 ἐκούφισεν
1169 1948 1183 1973 ὁ
1200 1947 1304 1982 Σωτήρ.
1320 1947 1509 1978 Βαστάσαντος
1522 1947 1559 1981 (4)
1569 1947 1623 1982 γὰρ
1637 1946 1683 1973 τοῦ
1699 1946 1801 1982 Κυρίου

1015 1992 1125 2028 ταύτην,
1144 1992 1222 2019 πάλιν
1239 1992 1318 2019 ἔλαϐε
1332 1993 1381 2025 τὰς
1399 1992 1520 2025 ἀκάνθας
1534 1993 1581 2019 καὶ
1594 1992 1643 2027 τὴν
1657 1991 1780 2027 χλαμύδα
1792 2002 1798 2007 -

1013 2039 1063 2065 οὐκ
1075 2039 1114 2065 ἔτι
1132 2039 1181 2074 μὲν
1200 2038 1326 2073 ἰσχύοντα
1340 2039 1400 2065 καθ’
1416 2038 1502 2073 ήμῶν,
1522 2038 1632 2064 ἐκείνων
1646 2037 1675 2064 δὲ
1685 2038 1734 2073 τὴν
1750 2046 1800 2063 πο-

1014 2083 1109 2119 νηρίαν
1124 2083 1278 2118 ἐλέγχοντα.
1295 2083 1352 2110 Νῦν
1370 2084 1418 2118 μὲν
1433 2084 1486 2119 γὰρ
1502 2083 1582 2115 αὐτὸς
1604 2083 1618 2109 ὁ
1632 2082 1752 2114 διάϐολος
1771 2083 1800 2108 ἐν

1016 2129 1064 2164 μὲν
1079 2130 1139 2161 ταῖς
1150 2129 1280 2161 ἀκάνθαις
1295 2129 1332 2161 ὡς
1345 2130 1373 2156 ἐν
1384 2130 1507 2164 κέντροις
1520 2129 1578 2155 ἐστὶ
1590 2128 1725 2160 λακτίζων
1738 2129 1799 2155 καθ’

1015 2174 1102 2208 ἡμῶν.
1114 2174 1229 2208 Λέγεται
1240 2174 1268 2200 δὲ
1283 2173 1358 2209 αὐτῷ
1371 2174 1491 2210 περὶτῆς
1506 2174 1633 2209 κοκκίνης
1647 2174 1781 2209 χλαμύδος
1791 2183 1797 2189 ·

1014 2219 1043 2245 ὃν
1066 2219 1164 2255 τρόπον
1185 2221 1291 2255 ἱμάτιον
1307 2220 1336 2246 ὲν
1361 2220 1457 2254 αἵματι
1479 2220 1650 2255 πεφυρμένον
1671 2220 1721 2246 οὐκ
1741 2219 1799 2246 ἐστι

1015 2265 1143 2301 καθαρὸν,
1159 2265 1245 2297 οὕτως
1264 2265 1324 2292 οὐδὲ
1339 2266 1370 2292 σὺ
1389 2265 1438 2302 ἐσῃ
1462 2265 1589 2300 καθαρὸς,
1603 2266 1667 2292 διότι
1682 2266 1730 2302 τὴν
1748 2266 1799 2302 γῆν

1016 2319 1066 2346 μου
1084 2311 1236 2343 ἀπώλεσας,
1253 2311 1298 2338 καὶ
1314 2311 1359 2338 τὸν
1375 2311 1437 2338 λαόν
1455 2320 1505 2346 μου
1522 2311 1692 2344 ἀπέκτεινας.

1052 2357 1094 2384 18.
1116 2357 1164 2383 Διὰ
1180 2356 1258 2383 τοῦτο
1274 2357 1322 2383 καὶ
1345 2356 1402 2390 νῦν,
1419 2356 1502 2383 κινῶν
1519 2359 1581 2387 τοὺς
1596 2356 1709 2392 δημίους
1729 2356 1799 2382 κατὰ

1014 2402 1060 2428 τοῦ
1078 2403 1213 2438 Σωτῆρος,
1229 2401 1369 2434 ἐλάκτιζεν
1390 2403 1428 2434 ὡς
1451 2403 1479 2428 ἐν
1500 2402 1621 2438 κέντροις
1639 2403 1698 2434 ταῖς
1717 2402 1799 2429 ἀκάν-

1014 2449 1088 2480 θαις,
1111 2449 1158 2475 καὶ
1181 2448 1279 2484 μᾶλλον
1303 2448 1448 2483 ἐπλήττετο
1470 2447 1485 2482 ἢ
1505 2447 1645 2482 ἑπληττεν.
1670 2446 1723 2478 Οὓς
1745 2446 1798 2481 γὰρ

1014 2494 1096 2520 ἐκίνει
1121 2494 1191 2520 κατὰ
1212 2493 1258 2520 τοῦ
1282 2493 1416 2528 Σωτῆρος,
1440 2489 1510 2520 οὗτοι
1533 2493 1592 2519 κατ’
1609 2491 1691 2519 αὑτοῦ
1714 2490 1798 2516 ὡπλί-

1014 2538 1100 2570 ζοντο.
1121 2539 1310 2574 Λαμϐάνοντες
1325 2539 1379 2574 γὰρ
1392 2539 1437 2565 τὸν
1452 2539 1574 2573 κάλαμον
1593 2536 1666 2572 παρὰ
1679 2536 1726 2564 τοῦ
1742 2537 1797 2562 Κυ-

1016 2585 1073 2620 ρίου
1085 2605 1091 2617 ,
1109 2586 1156 2612 καὶ
1170 2585 1324 2620 νομίζοντες
1336 2583 1417 2611 αὑτὸν
1429 2584 1552 2616 τύπτειν,
1568 2582 1743 2618 ἐτύφλωττον,
1752 2580 1796 2607 τὸν

1047 2749 1085 2784 (‘2)
1111 2750 1166 2779 Ἐκ,
1184 2750 1260 2777 deest
1274 2750 1300 2777 in
1316 2749 1410 2784 Regio.

1049 2785 1087 2819 (5)
1104 2784 1203 2819 Regius
1217 2790 1243 2812 et
1255 2785 1431 2819 Anglicanus,
1450 2785 1596 2819 συνισχύει.

1049 2820 1086 2855 (4)
1103 2820 1216 2853 Quidam
1231 2821 1418 2855 manuscripti,
1441 2820 1628 2855 βαστάξαντος.
