1915 3057
153 173 207 201 217

153 279 224 310 θαις.
243 279 299 305 Καὶ
312 278 406 313 ὥσπερ
422 279 455 305 τὰ
475 279 549 314 ἔθνη,
571 279 708 306 ἀναὸάντα
730 279 800 306 κατὰ
824 280 874 315 τῆς
891 280 941 306 Ἱε-

154 324 306 360 ρουσαλὴμ,
320 324 434 350 ἔκοπτον
450 324 579 360 ἀλλήλους
592 326 620 351 ὲν
635 326 666 360 τῇ
679 325 782 351 κοιλάδι
797 325 940 359 Ἰωσαφὰτ,

153 370 203 396 καὶ
219 369 257 401 ὡς
271 370 296 396 οἱ
310 369 453 402 διώκοντες
468 370 514 396 τὸν
536 371 652 406 Ἰσραὴλ,
670 371 791 402 ἐλθόντες
806 371 880 406 παρὰ
892 370 941 402 τὰς

151 415 254 451 ὄχθας,
273 415 396 450 ἀλλήλοις
419 415 632 448 συνεπλέκοντο,
657 417 703 442 καὶ
722 416 852 451 ἀλλήλους
875 425 941 442 κατ-

152 460 305 495 ελάμϐανον
315 469 322 475 ·
337 460 423 492 οὕτως
437 461 484 486 καὶ
498 461 545 487 νῦν
563 462 588 488 οἱ
607 462 748 493 διώκοντες
766 462 811 488 τὸν
829 461 940 497 Κύριον,

152 506 286 541 ἀλλήλους
303 505 415 532 ἔκοπτον
435 507 606 541 ἀγνοοῦντες,
624 507 787 542 βλάπτοντες
799 507 848 541 μὲν
862 507 942 534 αὐτὸν

153 551 194 586 (5)
210 551 296 582 οὐδὲν,
312 551 424 582 ἑαυτοὺς
435 551 464 578 δὲ
480 551 578 586 μᾶλλον
592 552 758 584 ἀδικοῦντες.
770 553 876 588 ’Ὠσπερ
888 552 942 588 γὰρ

153 597 202 623 ἐὰν
219 596 322 632 πέτραν
337 598 370 632 τῇ
387 597 459 632 χειρὶ
475 597 584 623 κόπτειν
606 597 676 624 θέλοι
690 607 742 629 τις,
758 599 808 634 τὴν
825 598 873 633 μὲν
892 597 941 624 πέ-

153 651 221 678 τραν
232 643 263 669 οὺ
277 643 380 677 τέμνει,
398 642 446 678 τὴν
460 643 488 669 δὲ
499 645 577 679 χεῖρα
586 644 780 680 τραυματίζει·
792 644 885 671 τοῦτον
897 644 942 670 τὸν

151 689 254 724 τρόπον
269 688 316 715 καὶ
330 688 436 715 οἱκατὰ
452 688 499 714 τοῦ
514 688 616 724 Κυρίου
633 689 807 724 πράττοντες,
820 690 858 721 ὡς
873 689 943 716 κατὰ

151 733 293 769 ἀφθάρτου
307 733 469 767 τολμῶντες,
480 733 673 770 διεφθείροντο,
689 734 736 760 καὶ
747 734 784 766 ὡς
797 735 868 761 κατὰ
881 735 944 761 ἀθα-

152 779 234 805 νάτου
247 778 455 813 ἐπιχειροῦντες,
473 778 550 805 αὐτοὶ
572 779 670 814 μᾶλλον
688 779 868 815 ἀπέθνησκον.
888 781 943 807 Καὶ

151 824 183 849 τό
192 832 224 857 γε
235 823 379 859 χείριστον,
392 823 432 850 ὅτι
445 823 489 850 διὰ
501 823 554 850 τῶν
566 823 649 850 αὐτοῦ
664 824 750 859 μελῶν
761 824 878 859 ἔπασχεν
887 825 925 860 (ﬁ)
933 833 940 839 '

152 870 167 896 ὃ
189 870 306 904 μάλιστα
317 870 412 904 γέγονε
426 870 465 905 τῷ
484 870 631 906 πανούργῳ
642 872 710 908 πρὸς
722 872 826 898 τελείαν
846 871 941 907 αἰσχύ-

665 174 708 202 DE
727 174 896 202 PASSIONE
915 173 958 201 ET
978 173 1093 202 CRUCE
1113 175 1244 203 DOMINI.

154 235 304 271 κινήσαντα
320 235 419 266 αὐτοὺς
439 234 560 262 διάϐολον
574 235 719 267 κόπτοντες
739 237 767 262 ὲν
783 237 841 267 ταῖς
856 235 941 262 ἀκάν-
956 237 978 264 Α

1718 177 1770 204 2ί8

994 237 1085 272 ipsum
1103 244 1132 264 sc
1152 236 1335 263 concitantem
1357 235 1494 263 diabolum
1520 235 1548 263 in
1577 236 1662 271 spinis
1685 237 1771 263 caade-

992 282 1066 309 bant.
1082 281 1120 309 Ac
1134 282 1216 309 veluti
1226 284 1319 316 gentes
1331 288 1390 315 quae
1404 284 1498 307 contra
1511 279 1660 307 Jerusalem
1676 288 1771 307 ascen-

992 326 1099 358 derant,
1117 335 1146 354 se
1176 331 1272 353 mutuo
1298 326 1437 353 caedebant
1457 327 1484 352 in
1501 326 1571 352 valle
1591 325 1730 360 Josaphat.
1745 330 1772 352 et

991 374 1038 408 qui
1061 374 1294 408 persequebantur
1323 373 1459 405 lsraelem,
1476 372 1509 399 ad
1539 379 1600 399 oras
1622 372 1771 407 progressi.

992 420 1020 446 in
1037 427 1065 446 se
1092 423 1188 446 mtttuo
1213 418 1298 453 ignari
1319 417 1573 452 congrediebantur,
1596 425 1656 444 sese
1677 421 1771 443 mutuo

992 465 1154 500 capiebant;
1174 464 1214 491 sic
1228 465 1284 498 jam
1297 464 1342 498 qui
1359 463 1502 491 Domimtm
1528 462 1770 498 persequebantur,

992 519 1021 538 se
1036 511 1123 545 ignari
1139 511 1289 541 caedebant,
1305 510 1374 536 nihil
1405 510 1504 544 ipsum,
1527 508 1575 536 sed
1599 515 1658 535 sese
1683 508 1772 542 potius

992 557 1130 584 lazdenles.
1146 555 1378 588 Quemadmodum
1407 555 1478 582 enim
1509 555 1532 582 si
1547 555 1609 589 quis
1627 562 1709 581 manu
1726 561 1772 588 pe-

990 607 1059 630 tram
1076 606 1218 638 percutere
1232 602 1306 633 velit,
1324 605 1427 637 petram
1442 602 1549 636 quidem
1577 609 1631 628 non
1660 601 1771 633 scindit,

992 648 1038 675 sed
1053 656 1161 675 manum
1176 648 1312 679 vttlnerat,
1326 648 1420 675 eodem
1445 647 1525 674 modo
1548 648 1593 682 qui
1611 652 1705 674 contra
1720 646 1770 674 Do-

992 694 1094 720 minum
1122 693 1257 729 agebant,
1288 697 1383 728 utpote
1406 698 1499 720 contra
1539 693 1772 727 incorruptibilem

992 738 1062 768 ausi.
1082 738 1109 764 in
1122 738 1269 773 perniciem
1286 737 1363 764 ibant
1383 747 1388 764 :
1404 741 1430 764 et
1443 735 1489 772 qui
1514 741 1608 764 contra
1634 738 1773 763 immorta-

991 783 1044 810 lem
1060 787 1165 810 certare
1179 784 1325 816 audebant,
1343 787 1458 810 mortem
1471 783 1521 818 ipsi
1538 783 1589 810 sibi
1604 783 1771 810 conscivere.

993 828 1123 862 Quodque
1142 829 1289 863 pessimum
1310 832 1378 861 erat,
1391 836 1406 854 a
1422 829 1479 856 suis
1503 829 1561 862 ipse
1580 827 1709 855 membris
1728 827 1775 854 la:-

993 874 1216 909 debatur:quod
1248 874 1439 902 versutissimo
1469 873 1506 900 illi
1539 881 1645 901 summo
1677 873 1772 908 pudori

151 925 211 950 νην.
234 915 321 948 Ὅλως
344 916 393 951 μὲν
412 904 467 951 γὰρ
490 916 542 942 ὑπὸ
561 904 730 952 τοῦ-κυρίου
747 904 940 952 πληττόμενος,

996 919 1056 947 fuit.
1085 904 1160 946 Nam.
1183 920 1206 947 si
1227 927 1243 946 a
1266 919 1382 946 Domino
1400 919 1571 953 vapulasset,
1600 904 1706 953 poterat
1732 919 1773 944 vel

151 962 268 997 ἠδύνατο
284 961 456 997 καυχᾶσθαι·
480 962 524 988 ὅτε
543 962 572 988 δὲ
589 962 634 996 ὑφ’
649 959 688 988 ὧν
703 963 868 996 ὲδουλεύετο,
891 963 943 990 ὑπὸ

151 1007 256 1034 τούτων
273 1008 415 1039 κόπτεται,
439 1008 517 1035 τοῦτο
533 1009 622 1035 πᾶσαν
641 1008 771 1044 αἰσχύνην
794 1009 939 1046 ὑπερῆρεν.

159 1053 230 1079 Ἀλλ’
246 1054 296 1080 οὐκ
308 1054 421 1080 ἐκείνων
439 1055 455 1089 ἡ
473 1054 563 1089 πληγὴ
579 1054 623 1080 τὸν
635 1054 695 1088 ὅφιν
709 1055 815 1090 ἀναιρεῖ
827 1063 833 1071 ·
845 1057 874 1081 ού
888 1056 942 1092 γὰρ

151 1098 279 1125 τοσοῦτον
298 1099 429 1133 ἠδύναντο
451 1099 589 1134 ἄνθρωποι
605 1099 650 1125 καὶ
668 1099 758 1134 δήμιοι
774 1099 866 1131 ὅντες·
886 1100 942 1126 ἀλλ’

154 1145 249 1172 ἐλύπει
271 1145 320 1180 μὲν
342 1145 423 1172 αὑτὸν
440 1146 457 1181 ἡ
473 1145 551 1180 ’ύϐρις
572 1145 589 1181 ἡ
620 1146 695 1180 παρὰ
719 1145 774 1172 τῶν
810 1145 942 1172 Ἰουδαίων

154 1189 228 1226 αὐτῷ
241 1191 369 1226 γινομένη
385 1191 440 1222 (7)·
461 1189 642 1227 ἐτραυμάτιξε
656 1190 685 1216 δὲ
697 1191 746 1225 οὐχ
762 1191 779 1226 ἠ
796 1191 871 1226 παρὰ
882 1191 943 1217 τού-

153 1245 208 1263 των
232 1237 362 1271 γινομένη
388 1235 490 1271 πληγὴ,
516 1235 572 1262 ἀλλ’
598 1237 612 1262 6
639 1236 741 1272 Κύριος
768 1236 805 1271 (8)
828 1237 842 1262 ὀ
868 1237 942 1262 ἀντι-

154 1281 260 1317 κρούων
279 1283 312 1317 τῇ
327 1282 431 1308 τούτων
451 1281 553 1317 πληγῇ,
571 1282 618 1308 καὶ
636 1283 652 1317 ἠ
674 1283 706 1308 ὲκ
722 1282 770 1317 τῆς
789 1281 879 1317 χειρὸς
896 1281 942 1308 τοῦ

154 1326 280 1362 Σωτῆρος
305 1326 438 1362 γενομένη
466 1326 580 1361 δύναμις
605 1326 644 1362 τῷ
676 1327 801 1362 καλάμῳ.
831 1327 887 1353 Καὶ
914 1328 942 1353 ἐν

153 1372 242 1407 τούτῳ
257 1371 311 1408 γὰρ
321 1373 335 1397 6
347 1371 447 1407 Κύριος
462 1371 710 1407 ηηματισάμενος,
729 1372 776 1398 καὶ
790 1372 824 1398 τὰ
839 1371 943 1407 ἀνθρὼ-

154 1426 220 1444 πινα
235 1417 463 1453 προϐαλλόμενος,
480 1417 585 1452 ἐδέχετο
601 1417 646 1443 τὸν
662 1417 723 1451 ὅφιν
736 1417 765 1443 ὲν
782 1418 841 1448 ταῖς
859 1417 942 1444 ἀκάν-

154 1463 225 1495 θαις,
233 1464 280 1490 καὶ
292 1463 329 1495 ὡς
339 1463 386 1490 ἄνθ
391 1471 481 1499 ρωπος
488 1462 664 1497 τυπτόμενος,
676 1462 822 1498 συνεχώρει
833 1462 943 1490 τύπτειν

152 1511 198 1536 τὸν
212 1510 274 1543 ὅφιν
287 1511 343 1541 τοῖς
360 1509 466 1545 δημίοις
477 1517 484 1523 ·
501 1508 544 1534 ἵνα
563 1509 577 1535 6
595 1508 661 1535 ποτὲ
682 1508 888 1544 καυχησάμενος
903 1507 941 1535 εἶ-

152 1566 198 1583 ναι
210 1556 286 1588 Θεὸς,
296 1557 344 1582 καὶ
354 1555 561 1591 καυχησάμενος
575 1555 612 1586 ὡς
625 1555 670 1581 τὸν
685 1555 787 1591 Κύριον
800 1556 940 1590 πειράσας,

153 1601 207 1627 ὑπὸ
225 1600 329 1636 δημίων
344 1600 528 1634 τυπτόμενος,
545 1599 650 1626 τελείαν
669 1599 718 1634 τὴν
738 1599 867 1634 αἰσχύνην
888 1600 942 1626 ἀπ-

154 1648 313 1683 ενέγκηται.

190 1694 250 1722 19.“
261 1694 402 1720 Ἀπέϐαινε
418 1694 447 1720 δὲ
464 1693 537 1730 αὐτῷ
553 1693 639 1720 ταῦτα
660 1693 707 1720 καὶ
723 1692 798 1728 παρὰ
818 1691 940 1727 γνώμην,

153 1737 191 1767 ὧν
217 1740 350 1766 ἐϐούλετο.
387 1739 521 1775 Ἐνεργῶν
546 1739 601 1774 γὰρ
635 1740 664 1765 ὲν
695 1739 752 1770 τοίς
789 1737 942 1764 καταδοῶσι

153 1785 200 1811 τοῦ
221 1785 356 1821 Σωτῆρος,
378 1785 471 1819 ἠγνόει
492 1785 539 1819 τὴν
564 1784 669 1819 σιωπὴν
693 1784 859 1818 ἀντεισάγων
880 1783 941 1810 καθ’

153 1829 250 1856 ἑαυτοῦ
268 1839 275 1846 ·
309 1830 467 1866 παροξύνων
505 1829 637 1861 Πιλᾶτον,
673 1830 723 1856 οὐκ
762 1829 820 1865 ⁴ᾔδει
859 1837 943 1855 κατα-

154 1875 294 1907 σκευάζων
308 1876 367 1902 ἀντὶ
383 1875 482 1907 δειλίας
495 1876 543 1911 τὴν
559 1875 684 1910 ἀφοϐίαν·
697 1875 778 1902 κινῶν
795 1874 941 1901 τύπτεσθαι

151 1921 199 1948 τὸν
229 1921 350 1956 Κύριον,
382 1921 514 1947 ἐπλανᾶτο
546 1920 723 1956 δεικνυμένης
757 1919 939 1952 ἀνεξικακίας.

152 1965 208 1994 Καὶ
233 1967 308 1998 τέλος
341 1967 513 2002 ἐμπαροινῶν
546 1966 616 1993 κατὰ
647 1966 694 1992 τοῦ
717 1966 858 2001 Σωτῆρος,
892 1966 942 1992 οὐκ

152 2013 265 2040 ἑὸλεπεν
278 2014 377 2049 ἀρετὴν
398 2013 469 2039 κατὰ
484 2012 584 2043 κακίας
598 2011 781 2043 καθοπλίζων·
800 2012 872 2047 πάσῃ
887 2011 940 2047 γὰρ

152 2058 238 2093 κακίᾳ.
259 2059 305 2084 καὶ
324 2058 440 2093 πονηρίᾳ
458 2058 546 2093 χαίρει
558 2058 572 2083 6
585 2056 681 2092 ἐχθρός
691 2065 697 2072 ·
723 2057 769 2083 καὶ
782 2057 844 2083 εἴτι
858 2057 941 2083 κακόν

152 2105 221 2134 ἐστι,
238 2102 316 2129 τοῦτο
330 2102 480 2129 summa»;
494 2103 567 2128 ἐστιν
585 2102 665 2128 ὅπλον
675 2110 681 2116 ε
698 2101 714 2137 ἢ
729 2101 783 2137 γὰρ
795 2101 878 2136 δειλίᾳ
895 2101 942 2127 θα-

152 2149 245 2179 νάτου,
264 2149 281 2183 ἦ
299 2148 343 2175 διὰ
354 2148 384 2174 τὸ
398 2148 553 2183 ἀμύνασθαι
568 2149 686 2179 πάντως,
703 2148 871 2183 ἁμαρτάνειν
883 2148 942 2174 πεί-

153 2192 204 2218 θει.
222 2191 303 2217 Ὅθεν
319 2192 333 2217 6
348 2191 450 2226 Κύριος
466 2191 596 2227 ὑπέμεινε
617 2191 705 2218 πάντα
716 2200 723 2207 ⁸
741 2192 782 2218 ἵνα
797 2192 826 2218 ὲν
844 2192 893 2227 μὲν
907 2193 939 2228 τῇ

993 964 1195 1000 quodammodo
1210 965 1320 999 gloriari
1338 974 1343 990 :
1365 971 1427 990 cum
1444 969 1534 991 autem
1560 963 1594 990 ab
1615 964 1649 991 iis
1664 971 1732 998 quos
1747 963 1774 990 in

993 1010 1153 1038 servitutem
1172 1009 1322 1044 redegerat,
1341 1009 1519 1044 percutiatur,
1546 1009 1598 1035 hoc
1627 1016 1708 1036 omne
1724 1008 1774 1036 de—

993 1055 1077 1082 decus
1092 1055 1268 1082 transcendit.
1294 1055 1420 1083 Attamen
1442 1062 1497 1082 non
1518 1062 1612 1082 eorum
1631 1055 1687 1082 ictu
1712 1062 1772 1082 ser-

993 1109 1060 1136 pens
1074 1100 1228 1128 occiditur:
1245 1108 1332 1135 neque
1350 1105 1453 1128 tantum
1467 1105 1578 1136 potuere
1593 1100 1630 1127 illi
1649 1100 1776 1128 homines

993 1146 1198 1181 carniﬁcesque.
1222 1145 1275 1173 Sed
1301 1147 1412 1174 mmrori
1437 1149 1496 1174 erat
1518 1146 1682 1173 contumelia
1701 1145 1774 1172 aJu-

993 1193 1059 1220 dazis
1075 1193 1125 1220 sibi
1140 1193 1212 1220 illata
1228 1202 1234 1220 :
1251 1193 1401 1219 vulneravit
1421 1196 1510 1220 tamen
1528 1192 1602 1219 illum
1615 1199 1667 1218 non
1679 1199 1773 1218 eorutn

993 1239 1152 1274 percussio;
1171 1238 1217 1266 sed
1234 1237 1368 1265 Dominus
1383 1238 1430 1272 qui
1446 1238 1552 1264 illorum
1569 1238 1773 1273 percussionem

993 1284 1180 1319 propulsabat,
1197 1291 1303 1310 necnon
1321 1290 1353 1310 ea
1367 1283 1456 1310 virtus
1471 1291 1531 1317 qua:
1541 1291 1573 1310 ex
1589 1290 1671 1309 ntanu
1682 1282 1775 1308 Salva-

993 1330 1061 1357 toris
1076 1330 1102 1356 in
1119 1329 1278 1356 arundinem
1296 1329 1453 1363 permeavit.
1470 1329 1536 1356 Nam
1561 1329 1588 1356 in
1601 1329 1653 1356 hoc
1667 1336 1776 1364 quoque

997 1375 1117 1402 humana
1134 1375 1280 1410 prxferens
1304 1374 1434 1402 Dominus
1449 1375 1643 1409 objiciensque.
1662 1382 1775 1409 serpen—

992 1425 1045 1448 tem
1062 1421 1088 1448 in
1107 1421 1193 1456 spinis
1208 1421 1323 1455 excepit.
1342 1424 1370 1447 et
1396 1421 1474 1454 quasi
1503 1420 1584 1447 homo
1601 1420 1771 1449 verberatus.

993 1471 1146 1502 serpentem
1176 1466 1312 1493 concessit
1335 1473 1350 1492 a
1376 1465 1550 1493 carniﬁcibus
1563 1466 1702 1493 verberari
1720 1475 1727 1493 :
1744 1473 1776 1493 ut

993 1512 1039 1547 qui
1055 1520 1084 1539 se
1097 1511 1161 1538 olim
1182 1511 1265 1538 Deum
1290 1518 1352 1538 esse
1372 1511 1547 1546 gloriabatur,
1563 1515 1590 1538 et
1619 1519 1680 1539 sese
1695 1511 1772 1547 jacti-

994 1557 1070 1584 tabat
1086 1557 1158 1592 quod
1173 1556 1316 1583 Dominum
1331 1559 1473 1587 tentasset,
1489 1563 1504 1583 a
1535 1557 1710 1584 carniﬁcibus
1728 1565 1774 1584 va—

993 1603 1092 1638 pulans
1106 1611 1242 1630 summum
1255 1603 1317 1629 inde
1334 1601 1451 1629 dedecus
1466 1602 1596 1630 auferret.

1027 1693 1070 1721 19.
1086 1693 1148 1721 llam
1164 1701 1245 1728 porro
1260 1693 1311 1729 ipsi
1327 1697 1425 1728 praeter
1441 1694 1604 1722 sententiam
1620 1698 1648 1722 et
1676 1693 1773 1721 volun-

992 1743 1076 1766 tatem
1094 1739 1226 1774 obtigere.
1247 1738 1313 1765 Nam
1329 1738 1393 1765 dum
1405 1739 1513 1765 turbam
1529 1742 1650 1766 moveret
1672 1739 1704 1765 ad
1719 1739 1775 1765 ela-

992 1785 1120 1812 mandum
1147 1788 1241 1811 contra
1266 1783 1445 1816 Salvatorem,
1473 1784 1615 1819 ignorabat
1641 1792 1669 1812 se
1691 1785 1774 1812 silen-

993 1831 1059 1857 tiutn
1081 1830 1132 1857 sibi
1150 1830 1262 1856 noxium
1291 1830 1421 1857 inducere
1436 1839 1443 1856 :
1457 1829 1520 1856 dtttn
1543 1829 1658 1857 Pilatum
1682 1830 1774 1857 conci-

991 1880 1070 1906 taret,
1092 1875 1231 1902 nesciebat
1261 1883 1290 1902 se
1326 1883 1375 1911 pro
1417 1875 1560 1902 formidine
1589 1877 1773 1903 constantiam

992 1922 1131 1956 animique
1162 1921 1317 1948 ﬁrmitatetn
1350 1921 1453 1948 efﬁcere
1473 1929 1478 1946 :
1496 1922 1560 1948 dum
1589 1922 1714 1949 incitaret
1739 1921 1774 1948 ad

991 1967 1189 1994 verberandum
1210 1966 1389 1998 Salvatorem,
1407 1967 1521 1994 multum
1536 1975 1550 1993 a
1566 1975 1648 2002 scopo
1664 1967 1774 1994 aberra—

991 2013 1047 2044 bat,
1066 2020 1127 2039 cum
1146 2012 1208 2038 hinc
1221 2012 1281 2046 ejus
1293 2013 1436 2039 clementia
1461 2014 1661 2048 tolerantiaque
1685 2014 1773 2047 palam

992 2057 1044 2092 73
1059 2057 1143 2084 ﬁeret.
1158 2057 1270 2084 Demum
1286 2058 1349 2084 dtttn
1366 2058 1392 2084 in
1407 2057 1574 2085 Salvatorem
1593 2059 1774 2086 debaccltare-

991 2106 1046 2134 tur,
1060 2109 1113 2128 tton
1129 2102 1297 2133 advertebat,
1316 2101 1444 2128 virtutem
1460 2110 1489 2128 se
1504 2105 1599 2129 contra
1614 2101 1775 2136 improbita-

991 2152 1043 2174 tem
1059 2148 1144 2176 armis
1162 2147 1298 2175 instruere
1313 2157 1320 2174 :
1338 2147 1465 2175 inimicus
1483 2155 1598 2182 namque
1614 2148 1686 2174 omni
1706 2155 1773 2182 gau-

991 2193 1035 2220 det
1052 2193 1155 2220 malitia
1167 2198 1193 2220 et
1208 2194 1392 2229 improbitate.
1405 2193 1433 2221 Si
1446 2194 1509 2228 quid
1528 2194 1599 2220 enim
1617 2193 1716 2219 malum
1732 2200 1775 2220 re—

152 2237 240 2272 ῑειλίᾳ.
255 2237 304 2271 τὴν
329 2237 469 2272 ἀνδρείαν,
492 2239 525 2272 τῇ
549 2237 577 2263 δὲ
598 2237 674 2272 ὖὸρει
692 2238 740 2273 τὴν
757 2238 940 2270 ἀνεξικακίαν,

993 2241 1125 2274 periatnr,
1142 2240 1208 2266 illud
1226 2240 1388 2267 diabolicum
1404 2244 1444 2267 cst
1456 2240 1538 2267 telum
1557 2249 1563 2266 :
1580 2247 1641 2265 nam
1658 2243 1704 2265 aut
1719 2238 1774 2266 for-

152 2281 191 2316 τῷ
207 2281 235 2308 δὲ
249 2281 327 2317 θυμῷ
339 2283 389 2317 τὴν
406 2283 545 2317 πραότητα
554 2303 561 2313 ,
577 2283 623 2309 καὶ
637 2284 683 2309 ἐπὶ
698 2285 778 2310 πᾶσιν
792 2284 828 2319 (9)
839 2284 938 2319 ἀρετὴν

153 2327 224 2353 κατὰ
235 2327 285 2361 τῆς
296 2328 394 2359 κακίας
406 2328 572 2355 ἀντικεῖσθαι
585 2329 686 2364 διδάξῃ.
701 2329 754 2355 Καὶ
767 2329 875 2364 πρῶτον
890 2330 938 2364 μὲν

153 2372 275 2399 ἐδίδασκε
296 2372 334 2408 τῷ
349 2373 476 2400 τύπτοντι
498 2375 537 2405 εἰς
559 2375 608 2409 τὴν
625 2375 736 2408 σιαγόνα
751 2375 875 2410 στρέφειν
891 2375 939 2401 καὶ

154 2418 202 2453 τὴν
219 2418 312 2454 ἄλλην·
325 2419 382 2445 καί·
400 2428 410 2445 ‹
429 2419 474 2454 Μὴ
494 2420 618 2454 φοϐεῖσθε
630 2420 684 2447 ἀπὸ
700 2420 752 2447 τῶν
768 2421 940 2448 ἀποκτεινόν-

153 2471 208 2488 των
230 2463 260 2489 τὺ
273 2463 382 2498 σῶμαί
401 2465 447 2491 καί
458 2473 465 2479 ·
494 2474 502 2490 t
522 2465 585 2491 Ἀπὸ
597 2465 644 2491 τοῦ
659 2466 781 2501 αἴροντος
800 2466 836 2493 τὰ
852 2466 885 2493 σὰ
901 2466 938 2502 μὴ

155 2507 282 2534 ἀπαίτει·
307 2518 316 2534 ι
331 2509 377 2535 καί
390 2517 397 2524 ·
418 2520 428 2535 ι
441 2510 583 2544 Εὑλογεῖτε
599 2512 661 2544 τοὺς
683 2512 838 2545 διώκοντας.
852 2522 861 2539 ι
882 2514 940 2540 Ἵνα

154 2553 183 2579 δὲ
200 2553 237 2589 μὴ
253 2553 382 2588 ἀδύνατος
398 2556 415 2591 ἡ
429 2556 521 2593 ἐντολὴ
530 2558 645 2594 νομισθῇ
657 2559 732 2594 παρά
744 2568 810 2593 τισι,
824 2559 868 2587 διὰ
877 2560 939 2588 τοῦ-

193 2695 232 2734 (ξ)
246 2697 340 2734 ante,
356 2698 431 2734 deest
444 2698 470 2725 in
483 2698 587 2734 Anglic.

192 2731 229 2766 (6)
246 2731 355 2773 Belgium,
371 2733 416 2773 διὰ
437 2733 491 2773 τῷν
511 2731 597 2773 uiaret?
611 2736 699 2770 μελῶν
722 2737 848 2773 ἔπασχον.
867 2737 937 2765 Editi

158 2772 231 2806 vero,
246 2766 292 2806 ξιὰ
301 2767 355 2806 τῶν
372 2768 475 2806 ἑαυτοῦ,
482 2769 570 2803 μελῶν
585 2766 712 2806 ἔπασχεν.

158 2799 230 2860 αξξ)
245 2799 344 2836 Regius
373 2799 493 2830 secunda
520 2812 612 2837 manu,
641 2799 672 2841 ή“
688 2807 762 2843 παρὰ
785 2808 839 2834 τῶν
865 2808 936 2834 ἰδίων

178 2843 191 2860 υ
208 2843 309 2869 ῳγιν-.

297 2857 397 2908 Regius
409 2881 489 2908 quem
500 2876 647 2910 sequimur.
662 2875 731 2904 Editi
744 2885 818 2910 vero,
830 2878 844 2912 ἡ
861 2877 934 2912 παρὰ

991 2286 1092 2314 midine
1120 2287 1227 2319 mortis,
1255 2290 1302 2313 aut
1327 2285 1492 2313 defensionis
1521 2293 1603 2312 causa
1633 2290 1773 2319 peccattnn

993 2331 1098 2359 suadet.
1117 2331 1206 2365 Quare
1222 2332 1352 2359 Dominus
1368 2332 1457 2358 omnia
1474 2332 1619 2364 sustinuit;
1635 2335 1663 2357 ut
1679 2331 1704 2357 in
1717 2331 1773 2357 for-

991 2378 1094 2405 midine
1117 2378 1323 2410 fortitudinem;
1340 2378 1366 2404 in
1392 2378 1554 2404 contumelia
1579 2377 1772 2410 tolerantiam;

990 2424 1022 2451 in'
1040 2424 1079 2450 ira
1101 2423 1480 2456 mansuetudinem;demum
1498 2423 1526 2450 in
1548 2422 1674 2450 omnibtts
1688 2422 1774 2449 virtu-

989 2474 1043 2496 tem
1054 2469 1121 2497 vitio
1132 2469 1320 2505 opponemlatn
1337 2470 1456 2497 doceret.
1476 2469 1514 2496 Ac
1529 2469 1646 2504 primum
1662 2469 1772 2504 quidem

989 2515 1118 2542 docuerat
1146 2515 1306 2550 percutienti
1341 2515 1478 2542 maxillam
1520 2515 1684 2542 oﬁcrcndam
1712 2522 1772 2541 esse

989 2562 1069 2589 aliam
1093 2572 1099 2589 :
1121 2565 1158 2594 et,
1183 2571 1192 2588 ε
1210 2561 1250 2589 Ne
1273 2562 1365 2589 timete
1385 2562 1420 2588 ab
1441 2561 1475 2588 iis
1498 2561 1546 2596 qui
1567 2561 1695 2588 occidunt
1710 2568 1773 2588 cor-

990 2704 1091 2743 εούτων
1116 2705 1224 2743 πληγὴ,
1237 2707 1320 2742 ἀλλ’ἢ
1339 2708 1370 2734 ὲκ
1383 2707 1428 2734 τοῦ
1448 2708 1582 2743 Σωτῆρος.
1604 2707 1689 2735 Paulo
1698 2711 1770 2742 post,

989 2739 1137 2778 Βςεςίιρξ-οῑΔ
1147 2739 1395 2778 Anglicanusquos
1412 2739 1560 2778 sequimur,
1576 2743 1631 2770 Καὶ
1643 2744 1671 2769 ἐν
1685 2739 1770 2778 τούτῳ

989 2774 1149 2812 γάρ.1ξ(1ὶῑί,
1165 2774 1220 2802 Κάὶ
1233 2777 1260 2802 ἐν
1275 2774 1360 2812 τούτὶι)
1374 2777 1430 2804 καί.

1025 2809 1062 2843 (9)
1079 2810 1190 2845 Regius,
1205 2812 1259 2837 Kal.
1278 2813 1323 2838 ἐπὶ
1338 2809 1429 2839 πᾶσιν,
1443 2812 1524 2845 Editi,
1542 2813 1588 2840 καὶ
1603 2814 1648 2841 ἐπι
1668 2813 1768 2841 πᾶσαν.

991 2844 1062 2877 Mox,
1077 2844 1186 2881 Regius,
1204 2846 1334 2883 πρότερον
1351 2847 1398 2883 μὲν
1410 2848 1485 2877 ὲδιδ-.
