1915 3057
150 153 204 182 ειθ

711 153 740 181 S.
760 153 994 181 ATHANASIUS.
1013 169 1049 174 —
1067 153 1180 182 DUBIA.

1721 155 1774 182 920

153 220 204 248 pus
215 212 253 238 “2
268 221 277 238 ι
288 215 325 243 et,
341 220 350 237 ι
363 211 404 238 Ab
415 218 447 238 eo
461 210 508 246 qui
525 211 571 238 tua
589 211 705 244 auferat,
717 218 751 238 ne
761 214 868 247 repetas
879 211 916 238 ":
929 220 938 237 ι

996 220 1022 237 το
1039 211 1095 246 (10)
1118 211 1151 237 δι’
1166 209 1262 237 ἑαυτοῦ
1274 209 1308 236 τὰ
1321 209 1409 236 πάντα
1425 209 1544 242 ἐπέδειξε
1561 211 1576 237 ὸ
1593 209 1710 246 Κύριος,
1728 211 1774 237 καὶ

154 263 192 288 et,
214 266 224 282 ί
250 256 404 284 Benedicile
427 257 655 292 persequentibus
677 264 725 283 vos
746 256 778 283 ⁸⁵.
799 265 808 282 ι
826 256 864 283 Ne
875 263 940 283 vero

155 301 318 337 quibusdam
344 301 514 336 impossibile
529 301 667 328 videretur
678 305 854 336 praeceptum,
879 300 941 327 ideo

154 357 202 384 per
214 356 274 376 sese
288 348 376 374 omnia
389 347 510 374 exhibuit
524 346 654 375 Dominus
670 358 676 374 :
695 351 777 382 atque
795 347 870 374 exiis
881 354 942 381 quas

154 401 254 428 passus
268 396 320 424 est,
337 392 425 427 suasit
446 392 574 419 omnibus
589 392 636 426 qui
662 392 830 419 contumelia
853 391 942 418 allice-

156 443 261 470 rentur,
279 446 313 465 ne
327 438 449 465 vicissim
461 437 594 464 inferrent
608 437 801 464 contumeliam
821 446 828 464 :
848 437 942 464 verbe-

155 485 233 517 ratis,
247 492 281 511 ne
295 484 487 516 verberarem;
502 483 600 516 illusis,
613 491 646 510 ne
661 483 861 516 irascerentur;
875 490 942 510 neve

155 531 190 559 ab
209 538 242 557 eo
267 530 313 565 qui
341 533 435 556 nostra
460 528 576 562 auferat,
593 533 748 563 repetamus
776 529 833 560 illa,
863 533 890 555 ct
914 528 941 556 in

154 583 259 603 summa
278 583 312 602 ne
327 579 442 601 mortem
453 581 667 608 expavescamus
681 583 688 605 ;
705 574 760 600 imo
775 574 863 609 ipsam
895 581 942 608 spe

155 620 310 647 futurorum
335 624 554 646 contemnamus.
576 618 613 646 Eo
627 619 699 646 enim
727 619 818 650 modo,
837 618 943 645 facilior

153 670 195 693 est
207 665 321 692 victoria
339 665 373 692 de
395 665 503 691 diabolo
523 663 611 698 deque
622 664 696 690 omni
715 668 843 698 peccato,
860 671 942 698 quam

155 712 177 739 si
191 719 242 738 nos
258 711 308 746 ipsi
322 711 501 738 vindicenius.
516 709 694 737 Vindicantes
706 711 825 742 eaim,et
841 710 942 744 injuria

154 756 295 790 injuriam,
319 755 485 782 contumelia
517 755 710 781 contumeliam
739 755 940 789 propulsanles,

155 809 286 833 augemus
299 801 451 834 alimusque
469 805 562 827 contra
579 808 628 827 nos
642 800 715 834 ipsos
731 801 873 832 malitiam,
892 807 942 827 nec

153 846 242 881 magis
263 846 390 872 inimicos
405 853 485 880 quam
509 853 560 873 nos
572 847 645 880 ipsos
660 845 796 877 lgedimus,
815 846 850 876 ob
873 853 940 872 con~

154 892 357 919 demnationem
381 891 486 918 Scilicet
509 897 535 918 et
559 891 691 926 judicium
719 891 842 918 futurum
858 891 891 917 de
909 891 942 918 iis

157 937 205 971 qui
219 936 321 962 malitia
335 939 458 963 utuntur.
478 936 545 963 Cum
571 941 661 963 autem
679 937 733 963 laesi
749 937 889 971 injuriam,
913 941 942 964 ut

155 982 298 1013 Dominus,
309 983 489 1015 sustinemus,
507 988 533 1010 et
550 983 770 1010 conviciantibus
784 983 943 1018 patientiam

156 1027 329 1062 opponimus,
346 1027 538 1054 minitantibus
556 1027 754 1059 fortitudinem,
770 1028 851 1055 morti
867 1036 943 1063 spem

155 1072 385 1104 immortalitatis;
404 1073 431 1099 in
462 1073 504 1099 his
532 1080 644 1108 prorsus
671 1073 825 1100 cruciamus
854 1073 944 1100 inimi-

155 1126 216 1144 cum
230 1127 235 1144 :
250 1118 361 1152 ipseque
384 1118 517 1152 ejusmodi
544 1119 669 1153 panoplia
685 1119 795 1150 decidit,
815 1126 868 1154 qua
893 1126 943 1146 nos

155 1162 296 1190 instruens
310 1163 412 1191 Paulus
439 1164 476 1190 ait
494 1173 500 1190 :
521 1172 530 1189 ι
557 1163 662 1191 lnduite
678 1164 761 1199 igitur
775 1168 943 1191 armaturam

159 1209 218 1240 Dei,
236 1213 265 1234 ut
280 1209 392 1243 possitis
409 1213 482 1236 stare
499 1209 629 1237 adversus
644 1209 757 1236 insidias
772 1210 872 1236 diaboli
885 1210 916 1236 “.
931 1219 940 1235 ι

156 1253 220 1281 llaec
238 1254 310 1281 enim
334 1255 451 1289 patiente
468 1254 626 1287 Salratore,
641 1256 730 1282 crcnit
754 1255 820 1282 illud
841 1265 848 1283 :
867 1265 876 1280 ί
899 1255 945 1282 Vi-

157 1300 251 1327 debam
286 1299 414 1326 Satanam
451 1301 529 1336 quasi
559 1300 650 1336 fulgur
680 1301 713 1329 de
742 1302 812 1329 cmlo
836 1302 944 1329 caden—

157 1350 209 1372 tem
226 1345 258 1372 ".
282 1355 291 1370 ι

191 1390 236 1417 20.
267 1390 363 1417 Statim
382 1391 466 1426 igitur
484 1395 627 1426 postquam
648 1392 674 1420 in
695 1393 738 1420 his
755 1402 815 1421 sese
830 1399 942 1422 strenue

157 1437 290 1471 gessisset
308 1437 450 1470 Dominus,
479 1439 678 1474 cecidissetque
698 1441 840 1475 inimicus,
858 1441 944 1477 impo-

157 1487 273 1510 surrunt
301 1483 338 1510 illi
363 1491 472 1511 crucem
489 1493 495 1511 :
514 1485 620 1520 signum
637 1486 765 1518 victoria',
783 1488 822 1513 vel
855 1488 942 1521 inviti,

157 1528 302 1555 adversum
319 1529 425 1563 scipsos
442 1538 534 1557 revera
549 1531 709 1564 praihentes.
727 1532 852 1564 Quandiu
871 1533 943 1560 enim

157 1579 241 1601 staret
258 1575 398 1607 inimicus,
414 1575 549 1602 habebant
574 1577 718 1604 carnifices
735 1578 838 1613 lignum
852 1588 858 1612 ;
880 1587 942 1606 cum
957 1575 978 1585 “

158 1625 250 1647 antem
263 1622 355 1655 lapsus
373 1620 530 1656 fractusque
547 1625 598 1653 est,
626 1627 690 1649 tunc
703 1627 832 1658 troprcum
851 1632 946 1651 susce-

157 1666 196 1700 pit
211 1666 351 1697 Dominus,
361 1671 386 1694 et
398 1668 448 1694 sibi
462 1667 603 1702 bajulavit.
617 1668 734 1696 Docebat
749 1671 848 1705 quippe
859 1671 946 1698 victo-

157 1719 215 1738 rcm
244 1712 277 1739 de
308 1712 417 1739 diabolo
440 1713 664 1748 triumphantem,
694 1715 801 1742 deferre
821 1724 870 1750 per
884 1724 945 1743 sese

157 1761 288 1791 tropamm
300 1777 307 1789 ,
333 1765 384 1784 nec
400 1758 446 1784 alii
465 1760 614 1786 concedere
628 1759 815 1788 deferendum.
834 1761 946 1796 Accepit

157 1807 246 1829 autem
263 1803 297 1830 ab
314 1803 381 1836 ipsis
396 1811 457 1830 cum
491 1808 592 1839 tropum
617 1805 779 1832 vestimenta
804 1814 863 1837 sua,
882 1815 945 1840 pro-

160 1849 286 1876 ficiscens
307 1848 340 1875 ad
358 1854 490 1882 mortem;
504 1855 533 1876 ut
550 1858 581 1877 ea
597 1851 655 1885 ipsa
677 1851 703 1877 in
720 1856 808 1879 morte
821 1856 942 1880 exueret.

157 1894 220 1921 Ideo
233 1902 342 1922 rursum
351 1899 460 1925 exutus,
470 1897 615 1923 concitavit
625 1897 685 1924 illos
697 1901 724 1923 ut
734 1906 762 1924 se
769 1897 943 1926 adducerent.

159 1939 227 1966 Dum
243 1940 425 1967 abduceretur
440 1946 529 1969 autem
542 1962 548 1973 ,
563 1942 712 1969 secundum
729 1942 945 1976 Joannem,cru-

158 1993 217 2012 cem
249 1986 307 2021 ipse
337 1994 413 2013 suam
444 1987 586 2022 bajulavit,
603 1989 754 2015 secundum
783 1990 851 2017 alios
882 1998 945 2018 vero

156 2033 349 2067 cvangelistas,
372 2032 465 2060 Simon
497 2034 538 2061 vir
559 2034 706 2070 Cyrenaeus
726 2043 837 2062 crucem
862 2037 943 2064 tulit:

156 2079 230 2113 quod
255 2079 426 2106 contrarium
455 2088 510 2106 non
539 2084 582 2108 est
603 2080 700 2109 Joanni
725 2090 732 2108 :
758 2089 847 2116 neque
873 2083 944 2110 enim

156 2123 275 2152 Joannes
299 2125 360 2152 aliis
390 2126 565 2161 evangelistis
595 2127 733 2154 contraria
763 2128 877 2161 scribit,
897 2129 945 2156 sed

156 2175 303 2205 utrumque
324 2170 424 2197 factum
440 2175 503 2198 est:
524 2179 586 2198 nam
612 2172 664 2199 sibi
687 2172 819 2201 Dominus
836 2181 944 2201 crucem

155 2217 300 2252 bajularit,
310 2221 336 2244 et
346 2225 455 2243 rursum
471 2221 565 2252 postea
583 2217 677 2245 Simon
695 2219 776 2246 homo
788 2220 942 2248 tulitillam.
960 2229 981 2256 D

155 2263 278 2291 Irimum
309 2264 401 2298 itaque
425 2263 503 2298 quasi
520 2264 619 2291 diaboli
649 2269 780 2300 tropaeum
805 2266 940 2301 gestabat,

155 2311 325 2346 libenterque
353 2310 404 2338 sibi
422 2318 531 2338 crucem
550 2311 700 2345 bajulavit:
717 2320 771 2339 non
791 2313 863 2340 enim
880 2321 943 2340 eoa-

154 2361 217 2384 ctus
231 2361 345 2383 mortem
371 2356 447 2383 adiit.
469 2356 507 2383 Ac
524 2364 635 2384 rursum
664 2357 725 2384 tulit
748 2357 822 2384 illam
849 2356 943 2385 Simon

155 2401 247 2433 homo,
258 2406 287 2428 ut
302 2402 430 2429 omnibus
448 2407 542 2429 nolunt
554 2406 638 2436 esset,
652 2410 706 2430 non
723 2410 772 2430 sua
784 2402 941 2435 Dominum,

155 2448 204 2475 sed
220 2448 361 2475 hominum
386 2452 474 2475 morte
501 2449 582 2475 mori.
600 2448 648 2476 llis
662 2449 699 2476 ita
715 2450 809 2484 gestis,
828 2449 944 2478 festinus

155 2493 189 2520 ad
205 2494 294 2521 locum
310 2495 457 2529 venit,quo
471 2494 560 2530 ipsum
573 2495 600 2521 in
614 2495 882 2523 crucemascendere
895 2503 945 2530 par

191 2571 214 2588 "
233 2571 327 2598 Matth.
345 2579 379 2603 ι,
395 2571 440 2599 28.
476 2571 499 2587 ⁸³
519 2571 586 2599 Luc.
601 2579 647 2604 vt,
663 2572 707 2599 50.
745 2573 768 2588 ⁵⁵
789 2572 882 2600 Matth.
904 2581 927 2606 ι’,

1027 2573 1050 2589 ⁸⁸
1070 2573 1170 2608 Ephes.
1189 2581 1233 2606 Vl,
1252 2573 1295 2601 ll.

192 2648 249 2709 ([02
268 2647 318 2675 Διὰ
339 2647 429 2689 ’τοῦτοε
457 2648 534 2676 deest
550 2648 579 2676 in
606 2647 804 2690 RegimnMOX.
830 2648 941 2684 Regius,

195 2692 236 2709 εοε
250 2692 340 2709 κνυτο.
352 2683 458 2709 Anglic.
471 2683 653 2709 ἐπεδείκνυεν,
673 2683 753 2709 Editi.
769 2685 901 2709 ἐπέδειξε.

157 2683 461 2724 ἐπεδείκνυτιῇΑιιιιζιίρἱ
471 2683 659 2724 ἐπεδείκνυενῖ
672 2683 753 2724 E_di_ti,
769 2683 901 2724 ἐπέδειξε.

193 2718 251 2754 (Η)
265 2718 434 2754 Basiliensis,
450 2719 653 2751 ἀνταδικοῦντες
667 2721 700 2754 τῇ
717 2719 760 2746 διὰ
776 2720 826 2754 τὴν
845 2720 943 2746 κακίαν

193 2729 248 2753 (11)
265 2729 434 2751 ῠὶΙΞΙΙΙυΠΞΙδ,
450 2729 653 2751 ανταοικουντες
667 2729 700 2754 τῃ
717 2729 760 2746 οια
776 2729 791 2746 τ
812 2729 826 2746 ν
845 2729 943 2746 κακιαν

159 2753 270 2790 omissis
287 2753 439 2790 multis,_5t'
452 2754 660 2790 ῥμοιοτέλευτον.
675 2729 904 2790 ιὺὶἀοιιιλίοεὶιιε
918 2759 944 2783 et

159 2788 238 2822 Angl.
255 2787 318 2818 τοὺς
333 2787 543 2820 ἀντιδικοῦντας.

195 2822 251 2859 (ίὲ)
263 2823 439 2859 A_nglicanus,
460 2823 621 2859 ἀντιθῶμεν.

197 2857 253 2894 (15)
270 2856 369 2894 Regius
385 2863 412 2886 et
425 2858 529 2894 Anglic.
545 2856 779 2895 ἀνδραγαθεῖσθαι.

782 2776 790 2789 ι

990 257 1037 291 ἀφ’
1054 254 1091 284 ὧν
1108 256 1239 291 ἔπασχεν,
1273 255 1365 282 ἔπεισε
1379 256 1482 288 πάντας
1506 255 1715 292 ὑϐριζομένους,
1738 256 1774 292 μὴ

991 301 1162 336 ἀνθυϐρίζειν
1172 321 1178 332 ,
1195 301 1241 326 καὶ
1253 299 1437 335 τυπτομένους
1447 320 1454 332 ,
1469 300 1506 336 μὴ
1521 300 1693 326 ἀντιτύπτειν
1702 320 1710 332 ,
1728 301 1775 327 καὶ

991 346 1215 382 χλευαζομένους,
1231 346 1268 381 μὴ
1286 346 1450 381 ὀργίζεσθαι,
1467 346 1514 373 καὶ
1528 346 1581 372 ἀπὸ
1594 345 1641 372 τοῦ
1655 346 1775 382 αἴροντος

991 392 1025 418 τὰ
1036 392 1112 427 ἡμῶν
1127 391 1164 427 μὴ
1180 392 1303 418 ἀπαιτεῖν
1316 401 1321 406 ·
1337 392 1383 418 καὶ
1395 391 1508 417 καθόλου
1523 390 1560 427 μὴ
1575 391 1715 426 φοϐεῖσθαι
1731 391 1776 417 τὸν

991 437 1105 465 Θάνατον
1115 447 1121 453 ·
1140 437 1206 464 ἀλλὰ
1226 438 1272 464 καὶ
1289 439 1466 473 καταφρονεῖν
1481 437 1562 463 αὑτοῦ
1574 438 1607 472 τῇ
1623 437 1710 463 ἑλπίδι
1723 437 1777 463 τῶν

994 483 1153 519 μελλόντων.
1192 483 1269 510 Οὕτω
1285 482 1339 518 γὰρ
1355 482 1454 518 μᾶλλον
1479 482 1594 517 εὐχερὴς
1610 482 1626 517 ή
1644 481 1714 508 κατὰ
1730 481 1776 507 τοῦ

992 529 1114 555 διαϐόλου
1137 528 1184 555 καὶ
1199 529 1288 564 πάσης
1305 528 1441 563 ἁμαρτίας
1454 527 1515 562 νίκη
1531 527 1660 562 γένηται,
1683 527 1700 562 ἣ
1715 527 1778 552 ὅταν

992 575 1166 610 ἀμυνώμεθα.
1186 575 1361 610 Ἀμυνόμενοι
1379 574 1428 610 μὲν
1443 573 1496 609 γὰρ
1512 573 1558 600 καὶ
1574 573 1778 604 ἀνταδικοῦντες

991 624 1054 654 τοὺς
1065 621 1272 654 ἀνταδικοῦντας
1281 622 1348 657 (Η)⁷
1360 622 1406 648 καὶ
1417 622 1572 658 ὑϐρίζοντες
1587 621 1650 652 τοὺς
1661 620 1780 656 ὑϐρίζον-

992 677 1050 700 τας,
1067 668 1113 694 καὶ
1124 667 1274 702 αὑξάνομεν
1283 668 1329 694 καὶ
1339 669 1474 704 τρέφομεν
1485 667 1545 694 καθ’
1558 667 1661 693 ἑαυτῶν
1675 666 1723 700 τὴν
1735 675 1780 692 κα-

993 714 1063 745 κίαν,
1079 713 1109 740 οὑ
1127 713 1226 748 μᾶλλον
1241 713 1303 745 τοὺς
1319 713 1442 749 ἐχθροὺς,
1457 713 1514 739 ἀλλ’
1528 713 1640 744 ἑαυτοὺς
1655 711 1779 738 ἀδικοῦν-

992 769 1038 792 τες
1049 761 1081 795 τῇ
1097 760 1141 786 διὰ
1157 760 1205 795 τὴν
1225 759 1323 786 κακίαν
1342 759 1474 794 καταδίκῃ
1495 759 1541 785 καὶ
1556 759 1644 794 κρίσει
1663 757 1779 793 μενούσῃ

992 807 1055 838 τοὺς
1067 806 1152 842 ταύτῃ
1166 806 1368 842 χρησαμένους·
1385 805 1447 832 ὅταν
1457 805 1495 837 δὲ,
1511 805 1548 836 ὡς
1561 806 1575 831 6
1591 804 1702 840 Κύριος,
1716 804 1781 830 ὐπο-

996 853 1119 888 μένωμεν
1131 852 1310 888 ἀδικούμενοι⁷
1321 852 1432 883 καὶτοῖς
1444 851 1590 886 λοιδοροῦσι
1601 850 1648 886 τὴν
1659 850 1782 882 ἀνεξικα-

994 899 1055 925 κίαν
1067 897 1245 933 ἀντιτιθῶμεν
1257 898 1323 932 (12),
1331 899 1387 929 τοῖς
1394 897 1422 923 δὲ
1434 896 1573 923 ἀπειλοῦσι
1585 897 1634 932 τὴν
1644 896 1780 931 ἀνδρείαν,

993 944 1031 979 τῷ
1045 943 1072 970 δὲ
1088 943 1194 979 θανάτῳ
1208 943 1256 978 τὴν
1270 943 1363 969 ἐλπίδα
1375 942 1424 977 τῆς
1437 942 1600 972 ἀθανασίας·
1628 942 1736 972 πάντως
1752 942 1781 967 ὲν

993 990 1098 1022 τούτοις
1112 990 1249 1025 λυποῦμεν
1260 990 1306 1016 τὸν
1321 989 1416 1024 ἐχθρόν
1427 998 1433 1004 ·
1446 989 1569 1020 κάκεῖνος
1583 989 1611 1014 ὲν
1621 989 1655 1023 τῇ
1668 987 1782 1024 τοιαύτῃ

994 1036 1127 1072 πανοπλίᾳ
1138 1036 1312 1067 καταπίπτει,
1328 1036 1356 1062 ἐν
1399 1035 1446 1061 καὶ
1459 1036 1472 1061 6
1484 1034 1589 1066 Παῦλος
1603 1035 1675 1069 ἡμᾶς
1703 1032 1782 1060 καθο-

994 1082 1094 1114 πλίζων
1117 1081 1215 1117 φησίν·
1232 1091 1240 1107 ι
1259 1080 1419 1107 Ἐνδύσασθε
1440 1078 1485 1106 οὖν
1501 1080 1550 1115 τὴν
1569 1078 1718 1106 πανοπλίαν
1734 1076 1782 1104 τοῦ

993 1127 1060 1154 Θεοῦ
1070 1147 1077 1159 ,
1093 1127 1136 1153 ἵνα
1151 1126 1283 1162 δυνηθῆτε
1300 1126 1367 1162 πρὸς
1384 1126 1433 1158 τάς
1448 1125 1587 1161 μεθοδείας
1598 1124 1644 1151 τοῦ
1661 1124 1782 1151 διαϐόλου

995 1173 1100 1208 στῆναι.
1113 1182 1122 1198 ι
1143 1172 1220 1199 Οὕτω
1235 1172 1288 1207 γὰρ
1309 1173 1356 1198 καὶ
1372 1171 1419 1198 τοῦ
1434 1172 1558 1206 Σωτῆρος
1578 1170 1782 1206 ὑπομείναντος,

994 1219 1088 1253 γέγονε
1103 1219 1133 1245 τό
1143 1227 1149 1233 ·
1169 1229 1178 1244 ι
1191 1217 1338 1254 Ἐθεώρουν
1348 1218 1393 1245 τὸν
1406 1218 1527 1245 Σατανᾶν
1542 1217 1674 1243 πίπτοντα
1688 1217 1720 1243 ὲκ
1734 1216 1782 1243 τοῦ

994 1264 1109 1301 οὐρανοῦ
1123 1264 1160 1296 ὡς
1173 1264 1326 1299 ἀστραπήν.
1338 1273 1347 1289 ι

1029 1399 1073 1426 20.
1085 1398 1193 1429 Εὐθέως
1203 1397 1267 1431 γοῦν
1281 1397 1349 1433 μετὰ
1361 1397 1389 1423 τὺ
1399 1397 1503 1428 τούτοις
1514 1395 1718 1432 ἀνδραγαθῆσαι
1728 1395 1782 1432 (15)

994 1445 1039 1472 τὺν
1055 1445 1156 1480 Κύριον
1167 1464 1174 1476 ,
1192 1444 1238 1470 καὶ
1253 1445 1345 1470 πεσεῖν
1361 1443 1406 1469 τὸν
1427 1442 1522 1477 ἐχθρὸν
1533 1463 1540 1475 ,
1558 1442 1695 1478 ἐπέθηκαν
1708 1442 1783 1477 αὐτῷ

995 1491 1040 1517 τὸν
1057 1491 1187 1526 σταυρὸν,
1205 1489 1348 1524 γνώρισμα
1361 1489 1411 1523 τῆς
1425 1489 1503 1523 νίκης
1523 1488 1631 1523 ἀληθῶς
1644 1489 1689 1514 καὶ
1702 1488 1784 1515 ἄκον-

995 1546 1039 1569 τες
1053 1537 1113 1564 καθ’
1129 1536 1232 1563 ἑαυτῶν
1249 1536 1423 1571 παρέχοντες.
1440 1535 1512 1567 Ἕως
1531 1535 1578 1570 μὲν
1594 1534 1648 1570 γὰρ
1663 1535 1784 1568 εἱστήκει

996 1584 1009 1610 ό
1026 1583 1139 1618 ἐχθρὸς,
1159 1580 1232 1616 εἶχον
1247 1582 1271 1607 οἱ
1285 1581 1376 1616 δήμιοι
1393 1580 1422 1606 τὸ
1440 1580 1532 1613 ξύλον·
1557 1581 1600 1606 ὅτε
1613 1580 1640 1606 δὲ
1657 1580 1784 1606 πέπτωκε

997 1627 1042 1653 καὶ
1058 1626 1227 1662 κατερράγη,
1246 1625 1306 1651 τότε
1323 1625 1451 1660 τρόπαιον
1466 1625 1561 1651 ἐλαϐεν
1575 1625 1589 1650 ὁ
1602 1625 1720 1660 Κύριος,
1738 1624 1785 1651 καὶ

996 1673 1084 1708 ἑαυτῴ
1099 1673 1246 1699 ἐϐάστασεν
1264 1672 1330 1706 (Η).
1350 1671 1423 1698 Ἔδει
1437 1671 1492 1706 γὰρ
1504 1671 1549 1697 τὺν
1560 1671 1677 1707 νικητὴυ
1686 1671 1785 1706 θριαμ-

996 1718 1106 1745 ϐεύοντα
1122 1717 1193 1744 κατὰ
1207 1717 1253 1743 τοῦ
1269 1716 1402 1749 διαϐόλου,
1420 1716 1457 1752 μὴ
1469 1717 1540 1752 ἄλλῳ
1551 1718 1712 1751 συγχωρεῖν,
1726 1716 1784 1743 ἀλλ’

995 1763 1084 1798 ἑαυτῷ
1100 1763 1243 1798 βαστάζειν
1257 1763 1286 1789 τὸ
1297 1763 1437 1798 τρόπαιον.
1470 1762 1621 1797 Ἐλάμϐανε
1637 1762 1665 1788 δὲ
1683 1762 1731 1789 σὺν
1746 1761 1786 1797 τῷ

994 1811 1116 1846 τροπαίῳ
1133 1810 1179 1836 καὶ
1195 1809 1228 1836 τὰ
1245 1809 1339 1844 ἱμάτια
1355 1810 1420 1843 παρ’
1435 1808 1533 1840 αὐτῶν,
1548 1808 1732 1843 ἀπερχόμενος
1745 1808 1785 1839 εἱς

995 1857 1039 1883 τὸν
1057 1856 1169 1883 Θάνατον
1181 1865 1187 1871 ⁸
1204 1856 1249 1882 ἵνα
1263 1856 1310 1882 καὶ
1327 1855 1413 1882 ταῦτα
1432 1856 1480 1882 σὺν
1495 1855 1534 1890 τῷ
1547 1854 1653 1889 Θανάτῳ
1668 1853 1785 1881 ἀπεκδύ-

996 1911 1086 1938 σηται.
1104 1902 1153 1928 Διά
1168 1901 1264 1934 τοῦτο,
1290 1901 1371 1928 πάλιν
1394 1901 1593 1935 ἐκδυσάμενος,
1619 1899 1785 1926 κατέσπευδε

995 1949 1057 1980 τοὺς
1074 1948 1229 1981 ἀπάγοντας
1245 1948 1321 1981 ἄγειν
1336 1947 1426 1974 αὐτόν.
1448 1947 1492 1977 Ὠς
1506 1946 1533 1972 δὲ
1549 1947 1670 1981 ἀπήγετο
1681 1967 1688 1979 ,
1714 1945 1785 1972 κατὰ

997 1994 1045 2028 μὲν
1059 1994 1104 2020 τὸν
1123 1993 1259 2027 Ἰωάννην,
1273 1992 1361 2027 ἑαυτῷ
1371 1993 1415 2018 τὸν
1430 1992 1544 2026 σταυρὸν
1557 1991 1700 2023 ὲϐάσταζε,
1714 1990 1786 2017 κατὰ

994 2039 1023 2066 δὲ
1044 2041 1106 2071 τοὺς
1128 2039 1223 2070 ἄλλους
1240 2038 1434 2073 εὐαγγελιστάς
1445 2058 1452 2070 ,
1469 2038 1560 2073 Σίμων
1581 2039 1595 2064 ὁ
1615 2037 1756 2072 ἄνθρωπος
1771 2038 1785 2063 6

995 2084 1049 2111 ἀπὸ
1064 2084 1192 2120 Κυρήνης
1210 2084 1290 2119 ἔφερε
1306 2085 1352 2111 τὸν
1368 2083 1493 2119 σταυρόν,
1507 2084 1584 2110 Ἔστι
1599 2083 1627 2110 δὲ
1642 2083 1692 2109 οὐκ
1706 2084 1783 2110 ἐναν-

995 2130 1051 2156 τίον
1067 2129 1105 2164 τῷ
1125 2129 1234 2164 Ἰωάννῃ
1246 2138 1252 2144 ”
1271 2130 1330 2156 οὐδὲ
1348 2129 1401 2165 γάρ
1417 2130 1430 2155 6
1454 2129 1578 2165 Ἰωάννης
1595 2129 1714 2156 ἐναντίον
1725 2128 1782 2163 (15)

995 2177 1050 2207 τοῖς
1065 2175 1155 2207 ἄλλοις
1169 2175 1270 2210 γράψει
1281 2195 1288 2207 ,
1305 2175 1361 2201 ἀλλ’
1379 2175 1522 2211 ἀμφότερα
1536 2175 1646 2209 γέγονεν
1661 2175 1706 2201 ἐπὶ
1725 2174 1786 2200 τού-

996 2229 1042 2246 του
1053 2228 1059 2235 ·
1078 2220 1125 2246 καὶ
1136 2220 1189 2254 γὰρ
1203 2221 1250 2246 καὶ
1267 2219 1355 2255 ἑαυτῷ
1371 2221 1385 2246 6
1407 2220 1508 2255 Κύριος
1528 2219 1574 2245 τὸν
1591 2219 1706 2254 σταυρὸν
1722 2218 1786 2246 ὲϐἀ-

997 2265 1086 2297 σταζε,
1103 2265 1149 2291 καὶ
1163 2264 1242 2291 πάλιν
1254 2265 1343 2300 Σίμων
1357 2266 1370 2292 6
1379 2265 1520 2300 ἄνθρωπος
1532 2265 1627 2300 ἔφερεν
1643 2264 1734 2293 αὐτόν.
1743 2264 1785 2295 Ὠς

998 2312 1046 2346 μὲν
1061 2309 1106 2338 οὖν
1128 2311 1199 2338 κατὰ
1214 2311 1262 2337 τοῦ
1278 2311 1401 2337 διαϐόλου
1415 2311 1543 2346 τρόπαιον
1559 2310 1690 2342 ὲϐάσταζε
1707 2309 1784 2346 πρῶ-

995 2365 1051 2389 τον,
1064 2357 1193 2388 ἑκουσίως
1206 2357 1233 2383 δὲ
1248 2357 1295 2383 καὶ
1308 2357 1353 2383 τὸν
1370 2357 1482 2392 σταυρὸν
1499 2356 1596 2391 ἔφερεν
1611 2355 1713 2390 ἐαυτῷ·
1739 2355 1785 2381 καὶ

996 2404 1049 2440 γάρ
1060 2404 1110 2429 οὑκ
1121 2403 1341 2438 ἀναγκαζόμενος
1353 2404 1452 2439 ἤρχετο
1464 2403 1510 2429 ἐπὶ
1527 2403 1572 2429 τὸν
1589 2403 1700 2429 θάνατον
1716 2401 1782 2436 (‘16).

996 2450 1051 2477 Καὶ
1068 2450 1148 2476 πάλιν
1159 2449 1187 2475 δὲ
1199 2449 1346 2481 ἐϐάσταζεν
1360 2449 1439 2476 αὑτὸν
1451 2449 1541 2484 Σίμων
1553 2450 1567 2475 ὁ
1577 2448 1728 2483 ἅνθρωπος,
1742 2447 1785 2473 ἵνα

997 2496 1104 2531 γνωσθῇ
1123 2496 1205 2522 πᾶσιν
1215 2515 1223 2528 ,
1239 2496 1282 2522 ὅτι
1294 2495 1324 2522 οὐ
1341 2495 1387 2522 τὸν
1404 2494 1501 2521 ἑαυτοῦ
1511 2514 1519 2528 ,
1534 2494 1602 2522 ἀλλὰ
1617 2494 1662 2521 τὸν
1673 2493 1727 2519 τῶν
1739 2494 1785 2520 ἁν-

1334 2573 1357 2588 ⁸⁷
1376 2572 1444 2602 Luc.
1461 2581 1497 2606 ι,
1516 2572 1560 2601 18.

1028 2651 1089 2691 (μὶ
1105 2650 1169 2683 Alii,
1192 2650 1351 2684 ἐϐάστασεν,
1375 2652 1432 2684 alii,
1458 2651 1606 2684 ὲϐόισταξεν
1631 2651 1743 2684 habent,
1757 2655 1785 2679 et

994 2687 1034 2714 sic
1048 2686 1128 2713 infra.

1031 2722 1053 2758 (ᾖ
1060 2721 1087 2758 5)
1103 2721 1215 2758 Regius,
1233 2722 1351 2749 ἐναντία.

1030 2757 1087 2793 (‘6)
1107 2756 1248 2793 Anglican.
1264 2757 1395 2788 ἑκουσίως
1414 2758 1461 2784 κα)⁸
1475 2758 1521 2784 τὸν
1542 2757 1657 2793 σταυρὸν
1669 2756 1782 2793 ἔφερεν-⁸

995 2788 1084 2833 Bap-cii}
1099 2788 1214 2833 γὰρνκα)
1225 2793 1275 2833 ob}
1288 2793 1398 2833 ἀναγκ-.
1420 2792 1531 2833 limit-is,
1554 2788 1671 2833 πρῶτον,
1689 2788 1784 2833 οἷςΙδὲ

997 2828 1043 2854 καὶ
1055 2827 1100 2854 τὸν
1114 2827 1229 2864 σταυρὸν
1248 2828 1344 2863 ἔφερεν
1358 2827 1456 2862 ἑαυτῷ.
1480 2827 1583 2862 Ἑαυτῷ
1595 2827 1650 2863 γάρ
1666 2827 1712 2853 καὶ
1721 2827 1781 2853 οὐκ.
