1915 3057
168 174 218 202 22ὶ

682 176 725 204 DE
745 176 915 205 PASSIONE
934 176 978 205 ET
991 176 1108 206 CRUCE
1129 176 1259 204 DOMlNl.

1745 175 1800 202 2'12

168 231 287 267 Θρώπων
302 231 468 268 ἀποθνήσκει
482 232 595 261 θάνατον
617 235 632 261 ὀ
655 234 768 271 Κύριος,
797 234 906 261 Τούτων
931 235 960 262 δὲ

1018 239 1082 267 erat,
1099 239 1129 262 ut
1155 234 1366 269 chirographum
1381 237 1478 261 contra
1493 241 1544 261 nos
1566 233 1709 269 scriptum,
1727 234 1798 269 quod

167 278 256 310 οὕτως
270 278 439 314 γενομένων,
467 279 575 316 ἔρχεται
593 280 716 307 σπεύδων
732 281 778 308 ἐπὶ
802 281 848 308 τὸν
867 281 959 313 τόπον,

167 323 234 350 ἔνθα
248 325 295 350 καὶ
317 324 472 351 ἀναϐαίνειν
494 325 561 351 αὐτὸ
576 325 622 352 ἐπὶ
635 326 681 352 τὸν
699 325 816 362 σταυρὸν
832 325 901 355 ἔδει,
918 326 961 352 ἵνα

167 369 200 396 τὸ
209 369 269 396 καθ’
282 369 359 405 ἡμῶν
369 371 561 406 χειρόγραφον,
574 372 643 407 ὅπερ
653 371 706 398 ἀπὸ
718 371 773 397 τῶν
784 371 888 408 ἐχθρῶν
899 370 959 407 ᾖρε,

168 415 334 452 προσηλώσῃ
348 415 387 450 τῷ
402 416 527 451 σταυρῷ,
549 417 598 443 καὶ
612 417 835 452 ἀπεκδυσάμενος
851 418 900 449 τὰς
913 418 962 453 ἀρ-

168 461 220 496 χὰς
236 461 283 487 καὶ
298 461 349 492 τὰς
360 460 484 493 ἐξουσίας
494 481 501 493 ,
516 463 545 488 ἐν
561 462 704 498 παρρησίᾳ
719 462 881 498 δειγματίσῃ
898 462 960 489 τού-

167 515 232 538 τους
243 508 271 533 ἐν
279 506 319 541 τῷ
329 506 398 541 ξύλῳ
409 506 583 542 θριαμϐεύων
595 508 654 533 κατ’
665 507 765 538 αὐτῶν,
777 507 824 533 καὶ¹
832 507 960 533 δεικνύων

167 553 214 578 τὸν
232 552 420 579 ἐκσπασθέντα
437 553 469 578 ἐκ
484 552 531 579 τοῦ
551 552 657 584 λέοντος
670 552 812 588 ἄνθρωπον
822 573 829 585 ,
845 553 892 580 καὶ
906 553 955 579 λοι-

169 599 220 624 πὸν
242 599 282 633 τῷ
310 598 367 633 ἰδίῳ
382 598 479 633 αἵματι
494 599 594 634 ῥαίνων
610 599 656 625 καὶ
670 599 825 634 καθαρίζων
840 599 889 634 τὴν
910 600 959 634 γῆν

168 644 330 680 ἀρέσκηται.
343 643 455 670 Μέλλων
466 644 494 670 δὲ
505 643 583 670 τοῦτο
595 646 691 675 ποιεῖν,
702 643 844 677 ἐξεδύσατο
854 645 886 671 τὰ
899 644 949 679 ἱμά

168 699 224 716 τια.
239 690 311 716 Ἔδει
322 689 376 725 γὰρ
387 690 477 722 αὑτὸν,
494 690 638 724 εἰσάγοντα
653 691 697 716 τὸν
710 691 851 726 ἄνθρωπον
864 692 904 722 εἰς
914 691 960 717 τὸν

169 736 343 772 παράδεισον,
360 736 565 763 ὰπεκδύσασθαι
581 736 644 767 τοὺς
658 736 786 771 χιτῶνας,
805 736 851 768 οὒς
867 736 960 763 ἔλαϐεν

168 783 183 809 6
206 782 291 817 Ἀδὰμ
308 782 504 817 ἐκϐαλλόμενος
518 783 549 808 ἐκ
567 782 612 808 τοῦ
630 782 805 817 παραδείσου.
824 783 888 809 Ὅτε
906 783 959 818 γὰρ

1012 280 1046 308 ab
1062 280 1182 307 inimicis
1198 279 1349 307 abstulerat
1374 278 1494 314 alligeret
1509 279 1595 310 cruci,
1615 284 1696 314 alque
1711 280 1800 306 exulis

1011 327 1212 362 principatibus
1226 329 1253 353 et
1271 326 1464 360 potestatibus,
1484 332 1545 352 cum
1576 325 1675 352 ﬁducia
1695 325 1757 352 illos
1773 325 1799 351 in

1012 380 1096 400 cruce
1115 373 1280 404 traduceret,
1297 372 1331 399 de
1349 371 1403 398 illis
1419 372 1610 406 triumpharet,
1629 371 1800 398 ostenderet-

1012 426 1066 454 que
1079 422 1203 453 ereptum
1220 425 1254 445 ex
1274 418 1353 444 leone
1369 418 1507 444 hominem
1526 427 1531 443 :
1548 424 1580 443 ac
1605 417 1712 443 demum
1736 423 1800 450 pro-

1010 465 1071 500 prio
1088 466 1221 495 sanguine
1233 467 1335 491 terram
1349 467 1516 498 aspergeret,
1535 463 1707 492 emundaret.
1719 466 1802 496 atque

1013 510 1067 546 74
1077 510 1210 544 expiaret.
1222 509 1248 535 id
1263 517 1325 535 cum
1343 508 1466 536 facturus
1480 512 1552 535 esset
1564 507 1639 534 exuit
1654 507 1802 534 vestimen—

1012 560 1050 582 ta.
1070 556 1186 583 Decebat
1203 556 1275 583 enim
1291 563 1364 585 eum.
1384 562 1446 581 eum
1463 554 1599 582 hominem
1616 554 1802 581 introduceret

1013 602 1041 629 in
1059 602 1228 636 paradisum,
1254 601 1362 628 tunicas
1382 608 1494 633 exuere,
1512 607 1580 634 quas
1596 599 1700 635 accepit
1714 599 1802 626 Adam

1015 656 1077 676 cum
1095 656 1126 675 ex
1141 647 1269 683 paradiso
1285 647 1486 674 ettturbat'etur.
1505 645 1573 672 Cum
1593 645 1664 672 enim
1679 645 1723 672 ille
1740 652 1803 680 pec-

1014 697 1116 724 casset,
1134 701 1166 720 ac
1186 693 1295 720 demum
1316 691 1465 718 moriturus
1496 695 1578 722 esset,
1603 691 1706 726 accepit
1724 690 1802 725 pelli-

1012 747 1077 766 ceas
1094 743 1195 770 vestes,
1212 746 1245 766 ex
1265 738 1381 765 mortuis
1401 736 1564 764 animalibus
1582 736 1677 770 factas,
1696 736 1804 772 symbo-

1013 785 1070 812 lum
1085 784 1180 812 mortis
1200 784 1234 811 ob
1252 787 1392 819 peceatum
1415 783 1466 810 sibi
1485 783 1612 810 inducite.

169 831 288 866 ἥμαρτε,
304 831 350 857 καὶ
363 830 454 856 λοιπον
468 830 584 865 ἤμελλεν
599 830 790 864 ἀποθνήσκειν,
807 831 886 857 ἔλαϐε
901 831 1078 867 δερματίνους
1098 833 1224 868 χιτῶνας,
1247 833 1279 858 ἐκ
1300 831 1405 867 νεκρῶν
1433 830 1510 862 ζώων
1535 830 1708 866 γενομένους,
1733 829 1803 865 σύμ-

171 877 251 904 ϐολον
273 877 352 908 ὂντας
374 877 424 912 τῆς
443 877 485 902 διὰ
498 877 548 912 τὴν
562 876 696 911 ἁμαρτίαν
712 876 871 913 νεκρώσεως
885 878 959 913 αὐτῷ
977 879 1208 914 προσγενομένης.

205 923 250 950 21.
269 923 338 949 Ἀλλ’
347 924 360 949 6
369 923 480 958 Κύριος,
492 924 505 950 6
517 923 604 950 πάντα
615 923 648 949 τὰ
657 923 734 958 ἡμῶν
743 923 776 949 δι’
786 924 859 958 ἡμᾶς
869 924 963 950 ἀναδε-

1048 926 1093 952 21;
1110 924 1161 953 Sed
1181 925 1321 956 Dominus,
1335 923 1381 958 qui
1396 927 1507 958 propter
1522 931 1573 950 nos
1595 922 1685 950 omnia
1709 928 1803 950 nostra

171 970 295 1005 ξάμενος,
314 969 457 996 ἐνεδύσατο
466 969 551 996 ταῦτα
564 989 570 1001 ,
584 969 627 995 ἵνα
644 970 690 995 καὶ
705 969 902 1004 ἀπεκδύσηται,
915 971 962 997 καὶ

170 1017 231 1043 ἀντὶ
242 1015 343 1042 τούτων
352 1016 425 1050 ἡμᾶς
436 1015 533 1052 ἐνδύσῃ
542 1016 591 1050 τὴν
599 1014 671 1050 ζωὴν
681 1015 728 1041 καὶ
736 1015 784 1050 τὴν
796 1015 960 1050 ἀφθαρσίαν

171 1061 314 1089 ἐνεδύσατο
322 1061 350 1088 δὲ
363 1061 430 1096 μετὰ
442 1061 544 1088 τούτων
558 1061 604 1087 καὶ
616 1060 717 1096 χιτῶνα
728 1061 851 1096 ἄρῤαφον
862 1062 894 1087 ἐκ
908 1061 963 1088 τῶν

170 1107 272 1135 ἄνωθεν
287 1107 404 1142 ὖφαντὸν
419 1107 450 1133 δι’
465 1106 527 1133 ὅλου
547 1107 691 1141 γενόμενον
701 1115 707 1122 ·
733 1107 776 1132 ἵνα
791 1106 841 1133 κᾶν
855 1107 887 1133 ἐκ
902 1106 963 1133 τού-

170 1162 223 1180 των
241 1153 297 1188 (17)
315 1153 459 1179 πιστεῦσαι
476 1152 627 1187 δυνηθῶσιν
649 1153 673 1178 οι
697 1153 834 1183 Ἰουδαῖοι,
849 1152 891 1183 τίς
904 1153 963 1178 ἐστι

171 1200 218 1226 καὶ
234 1199 313 1226 πόθεν
323 1200 336 1225 6
349 1199 528 1233 ἐνδυσάμενος
538 1198 623 1225 ταῦτα
635 1208 641 1213 ·
655 1199 695 1225 δτι
705 1199 755 1225 οὐκ
767 1198 821 1226 ἀπὸ
832 1199 893 1234 γῆς,
905 1198 961 1225 ἀλλ’

171 1245 275 1272 ἄνωθεν
293 1245 441 1280 ἐρχόμενος
461 1243 495 1280 ἦν
510 1246 523 1271 6
536 1245 638 1279 Λόγος,
656 1245 702 1271 καὶ
718 1246 758 1271 ὅτι
778 1244 808 1270 οὗ
824 1245 962 1280 μεριστὸς,

171 1291 228 1319 ἀλλ’
244 1291 391 1327 ἀμέριστος
409 1292 482 1317 ἐστιν
494 1292 508 1316 ὁ
521 1291 606 1325 Λόγος
621 1292 635 1317 6
646 1291 691 1316 τοῦ
702 1290 820 1326 Πατρὺς,
837 1291 893 1323 καὶ,
911 1291 961 1323 ὅτι,

171 1337 315 1372 γενόμενος
331 1336 474 1371 ἅνθρωπος
486 1357 493 1368 ,
509 1336 557 1362 οὐκ
574 1336 747 1372 ἑρραμμένον
764 1333 822 1370 εἶχε
838 1336 868 1362 τὸ
885 1336 964 1370 σῶμα

171 1381 202 1414 ἐξ
227 1382 322 1417 ἀνδρὸς
339 1381 386 1408 καὶ
401 1381 543 1416 γυναικὸς,
565 1381 622 1407 ἁλλ’
640 1383 671 1408 ἐκ
702 1381 842 1416 Παρθένου
870 1381 962 1416 μόνης,

171 1428 326 1464 ὑφασμένον
343 1430 374 1463 τῇ
391 1429 437 1455 τοῦ
449 1428 607 1464 Πνεύματος
621 1428 713 1464 τέχνῃ.
735 1428 814 1454 Ὂθεν
831 1429 855 1454 οἱ
872 1428 964 1463 δήμιοι

170 1476 206 1502 τὰ
223 1475 270 1510 μὲν
286 1475 352 1502 ἄλλα
366 1475 569 1510 διαμερίζονται
586 1474 680 1509 ἱμάτια
690 1494 698 1505 ,
725 1474 839 1510 μεριστὰ
852 1474 905 1509 γὰρ
919 1473 963 1510 ἦν,

171 1521 218 1548 καὶ
227 1522 265 1552 εἰς
273 1521 392 1556 τέσσαρα
400 1519 599 1556 διαμερίζονται
607 1529 614 1535 ·
627 1519 732 1556 καὶγὰρ
742 1521 812 1556 ὑπὲρ
822 1521 870 1555 τῆς
879 1520 966 1556 ἁμαρ-

171 1567 232 1598 τίας
255 1566 310 1600 (18)
326 1566 374 1601 τῆς
394 1566 579 1602 τετραμεροῦς
596 1566 758 1601 οἰκουμένης
779 1565 851 1592 κατὰ
869 1567 965 1593 ἀνατο-

172 1612 231 1648 λὴν,
248 1613 293 1640 καὶ
308 1612 392 1644 δύσιν,
410 1613 457 1638 καὶ
469 1612 579 1647 ἄρκτον,
594 1612 641 1638 καὶ
656 1611 830 1647 μεσημϐρίαν
840 1631 847 1643 ,
869 1612 965 1647 ἐφόρει

171 1659 273 1685 ταῦτα·
290 1659 360 1693 ἅπερ
375 1657 517 1693 θεωρήσας
528 1659 542 1684 6
559 1658 683 1692 Ἰωάννης
700 1657 872 1693 ἐνδεδυμένον
885 1659 966 1685 αὑτὸν

173 1705 266 1738 ἔλεγεν
276 1714 282 1719 -
302 1714 311 1729 ς
330 1704 377 1730 Ίδὲ
391 1705 405 1730 ὁ
418 1704 503 1739 ἀμνὸς
517 1703 563 1730 τοῦ
579 1703 646 1729 Θεοῦ
659 1723 666 1735 ,
682 1704 695 1729 6
710 1703 794 1738 αἴρων
809 1703 857 1738 τὴν
873 1704 967 1739 ἀμαρ-

173 1751 235 1778 τίαν
252 1750 298 1777 τοῦ
318 1751 432 1785 κόσμου.
448 1759 457 1775 υ
483 1750 534 1776 Τὸν
552 1749 653 1784 χιτῶνα
670 1750 725 1783 (19')
741 1750 821 1785 μόνον
839 1750 889 1776 οὐκ
903 1750 967 1784 ἠδυ-

174 1797 295 1833 νήθησαν
311 1797 402 1831 σχίσαι
415 1796 490 1831 φόϐῳ
503 1796 550 1822 τοῦ
562 1796 595 1822 δι’
606 1796 689 1823 αὑτοῦ
701 1796 906 1832 γνωριζομένου
920 1804 969 1831 ση-

177 1844 264 1879 μείου.
278 1843 332 1870 Καὶ
346 1843 426 1870 τοῦτο
438 1843 492 1878 γὰρ
505 1843 555 1869 οὐκ
567 1843 666 1876 αὐτῶν,
683 1843 749 1870 ἀλλὰ
764 1843 811 1869 τοῦ
823 1841 966 1878 κρεμαμέ-

175 1899 222 1916 νου
234 1890 359 1925 Σωτῆρος
374 1889 404 1915 τὸ
421 1889 510 1924 ἔργον.
529 1889 586 1915 Καὶ
602 1889 657 1924 γὰρ
673 1889 859 1924 κρεμάμενος,
874 1888 911 1920 ὡς
923 1889 968 1915 ἄν-

175 1936 294 1971 θρωπος,
310 1936 359 1967 τὰς
375 1936 422 1970 μὲν
436 1935 524 1970 ἀρχὰς
535 1934 640 1967 ἐδίωκε,
656 1935 701 1960 τὸν
712 1934 740 1960 δὲ
765 1933 886 1960 διάϐολον
902 1942 967 1960 κατ-

175 1982 311 2018 ελάμῦανε
323 2003 330 2014 ,
357 1982 420 2013 τοὺς
438 1982 467 2008 δὲ
492 1982 606 2016 δημίους
620 1980 725 2015 ἐφόϐει,
743 1980 780 2015 μὴ
804 1978 906 2015 σχίζειν
922 1979 967 2006 τὸν

176 2029 291 2064 χιτῶνα·
310 2029 354 2055 ἵνα
366 2050 373 2061 ,
386 2029 481 2054 τούτου
495 2028 632 2063 μένοντος.
649 2027 717 2063 μένῃ
729 2026 778 2053 καὶ
789 2026 802 2051 ὀ
817 2025 889 2052 κατὰ
902 2026 968 2052 Ἰου-

176 2074 259 2101 δαίων
274 2073 394 2108 ἔλεγχος,
412 2074 426 2099 6
442 2073 500 2108 μετ’
517 2072 633 2109 οὑσιολὺ
648 2072 804 2106 γενόμενος,
821 2071 904 2097 ὅτιτὸ
920 2071 967 2105 μὲν

176 2120 377 2154 καταπέτασμα
393 2119 506 2155 ἐσχίσθη
516 2140 522 2150 ,
535 2120 549 2146 6
566 2119 593 2145 δὲ
611 2118 692 2154 χιτὼν
706 2117 752 2144 τοῦ
771 2118 896 2152 Σωτῆρος
908 2117 968 2143 οὐδὲ

177 2166 230 2192 ὑπὸ
243 2165 348 2200 δημίων
363 2165 487 2200 διῃρέθη,
503 2164 561 2191 ἀλλ’
584 2164 690 2199 ἔμεινεν
707 2163 862 2198 ὁλόκληρος.
885 2163 968 2189 Μένει

177 2211 230 2246 γὰρ
247 2211 276 2236 τὺ
290 2210 456 2245 Εὺαγγέλιον
467 2210 509 2236 διὰ
527 2210 627 2241 παντὸς
639 2209 797 2245 ὀλόκληρον,
815 2208 869 2235 τῶν
885 2208 968 2235 σκιῶν

176 2257 384 2292 διαιρουμένων.
424 2256 497 2290 Πλὴν
520 2256 560 2282 ὃτι
587 2255 791 2290 ἀποδυσάμενος
816 2253 849 2280 τὰ
873 2253 968 2288 ἱμάτια

178 2303 290 2329 ἔσπευδε
307 2303 375 2339 πρὸς
392 2302 437 2329 τὸν
451 2302 582 2334 θάνατον,
603 2302 664 2328 τότε
681 2300 736 2337 (20)
753 2300 833 2327 πάλιν
850 2301 863 2326 6
878 2300 968 2326 διάϐο-

177 2348 239 2380 λος,
267 2348 328 2375 ἰδὼν
341 2348 390 2384 τὴν
406 2348 560 2384 προθυμίαν
575 2347 620 2374 τοῦ
638 2348 765 2382 Σωτῆρος
778 2367 784 2377 ,
811 2346 859 2373 καὶ
874 2346 969 2373 ἑαυτὸν

177 2395 206 2428 ἐξ
230 2394 344 2429 οὺρανοῧ
360 2394 491 2424 πεσόντα,
516 2393 563 2419 καὶ
586 2393 634 2428 τῆς
652 2393 703 2428 γῆς
717 2391 901 2427 ἐκϐληθέντα,
919 2392 969 2418 οὐκ

179 2437 250 2474 εἶχεν
268 2439 282 2465 ὃ
298 2448 325 2465 τι
342 2439 457 2474 πράξει·
477 2439 566 2465 πάντα
585 2438 640 2474 γὰρ
654 2436 688 2473 ἦν
705 2437 778 2472 αὑτῷ
792 2437 906 2473 θορύϐου
922 2438 970 2464 καὶ

179 2484 294 2520 ἀπορίας
310 2485 404 2519 μεστά.
417 2485 472 2510 Καὶ
487 2484 576 2519 μένειν
587 2485 635 2520 μὲν
648 2484 698 2510 οὐκ
711 2483 827 2518 ἠδύνατο
836 2504 844 2515 ,
860 2483 969 2518 φεύγειν

177 2529 207 2555 δὲ
220 2530 299 2556 πάλιν
310 2531 443 2565 ἐφοϐεῖτο.
456 2530 529 2566 Πλὴν
539 2531 579 2556 ὃτι
593 2529 765 2565 ἐνθυμηθεὶς,
779 2529 820 2556 ὅτι
833 2528 895 2561 τοὺς
907 2530 970 2556 ἀπο-

179 2575 361 2610 θνήσκοντας,
386 2577 432 2602 ὲπὶ
453 2576 502 2612 τῆς
519 2577 571 2611 γῆς
593 2576 776 2610 ἀποθνήσκειν
790 2575 830 2601 δεῖ
845 2575 916 2602 κατὰ
939 2575 970 2601 τὸ

180 2623 370 2657 γεγραμμένον
379 2631 386 2637 -
400 2631 409 2647 ι
419 2623 457 2657 Γῆ
471 2621 505 2655 εἴ,
521 2623 568 2649 καὶ
584 2623 623 2653 εἰς
634 2623 685 2657 γῆν
697 2621 848 2657 ἁπελεύσῃ·
862 2631 871 2647 ι
887 2621 971 2656 φοϐη-

181 2667 236 2698 θεὶς
253 2667 300 2694 ἐπὶ
313 2668 365 2703 γῆς
381 2669 487 2703 μεῖναι,
505 2668 542 2704 μὴ
555 2668 614 2694 ἐκεῖ
626 2667 787 2703 καταληφθῇ
800 2687 808 2700 ,
822 2666 914 2694 λοιπὸν
930 2667 970 2698 εἰς

216 2745 238 2762 ⁸⁸
256 2745 336 2774 Joan.
355 2755 382 2780 ι,
398 2746 444 2774 29.
482 2746 505 2762 ⁶⁹
525 2746 622 2774 Cenes.
643 2753 690 2779 ιιι,
709 2745 754 2773 19.

218 2834 273 2870 (l7)
288 2834 399 2870 Regius,
416 2836 448 2862 ἐκ
464 2835 568 2862 τούτου.

220 2870 274 2910 (ιδ)
287 2871 392 2911 Anglic:
409 2870 514 2910 ἱμάτια.
540 2871 648 2912 Ἐ’πειόὴ
671 2879 726 2932 γαρ
751 2871 821 2912 ὑπερ
835 2872 884 2905 τῆς
904 2871 970 2912 ᾀμ-,

220 2905 277 2932 .tltts
294 2913 415 2932 onnssm.
442 2905 541 2932 Remus
565 2906 674 2932 ibidem.
699 2906 805 2932 ”“πειδη
823 2907 887 2932 γάρ.
907 2911 970 2932 item

185 2905 277 2933 multis
294 2906 415 2934 omissis.
442 2905 541 2941 Regius
565 2906 674 2940 ibidem,
699 2905 887 2942 Ἐπειδῆγάρ,
907 2905 970 2934 item

1017 972 1148 1006 Suscepit.
1165 971 1209 997 illa
1230 971 1329 1001 induit,
1347 974 1376 996 ut
1392 974 1588 1005 postcxucret,
1606 973 1632 996 et
1650 969 1749 995 horum
1764 969 1805 995 lo-

1014 1024 1046 1044 co
1063 1024 1113 1043 nos
1127 1017 1252 1043 indueret
1266 1017 1321 1043 vita
1338 1021 1364 1042 et
1376 1015 1584 1050 incorruptione
1597 1025 1604 1042 ε
1618 1015 1707 1042 induit
1721 1015 1803 1042 etiam

1014 1071 1075 1090 cum
1096 1063 1139 1090 his
1165 1067 1267 1090 vestem
1288 1062 1481 1089 inconsntilem
1507 1061 1625 1096 desuper
1649 1065 1804 1088 contextam

1014 1117 1061 1144 per
1074 1113 1213 1142 totum;ut
1227 1109 1321 1136 saltem
1334 1117 1366 1135 ex
1385 1109 1444 1136 istis
1459 1112 1570 1143 possent
1582 1107 1666 1134 Judaei
1682 1107 1804 1140 credere,

1014 1157 1075 1190 quis
1091 1160 1118 1182 et
1130 1156 1202 1182 unde
1220 1159 1293 1182 esset
1308 1155 1354 1189 qui
1371 1155 1428 1181 lucc
1445 1154 1572 1180 indueret
1587 1163 1593 1181 :
1611 1162 1664 1180 non
1684 1161 1716 1179 ex
1732 1157 1804 1180 terra

1015 1201 1130 1233 scilicet,
1142 1202 1188 1228 sed
1207 1201 1324 1234 desuper
1339 1198 1621 1230 advenisseVerbum,
1638 1206 1725 1232 neque
1737 1197 1808 1224 diri-

1015 1247 1092 1273 sibile
1106 1246 1153 1273 sed
1167 1246 1334 1272 indivisibile
1348 1244 1437 1271 Patris
1450 1243 1569 1270 Verbum
1579 1251 1650 1275 esse,
1662 1243 1806 1277 ipsumque

1016 1290 1116 1317 factum
1136 1290 1284 1321 hominem,
1303 1297 1359 1316 non
1375 1293 1520 1316 consulum
1534 1296 1635 1323 corpus
1652 1296 1683 1314 ex
1698 1288 1757 1314 viro
1778 1290 1806 1314 et

1019 1337 1133 1363 muliere
1146 1336 1284 1367 habuisse,
1303 1335 1350 1362 sed
1364 1343 1395 1362 ex
1411 1335 1469 1362 sola
1486 1333 1598 1369 Virgine
1613 1337 1671 1360 arte
1686 1333 1807 1368 Spiritth

1015 1387 1183 1410 contextum.
1197 1382 1274 1409 Unde
1285 1383 1384 1409 milites
1400 1382 1452 1408 alia
1470 1381 1579 1416 quidem
1593 1380 1753 1407 vestimenta
1765 1379 1806 1405 di-

1015 1428 1121 1459 vidunt,
1132 1435 1191 1462 qua:
1207 1427 1355 1454 divisibilia
1371 1431 1459 1458 erant,
1471 1431 1498 1453 et
1512 1427 1537 1453 in
1551 1429 1669 1460 quatuor
1681 1425 1806 1451 dividunt

1015 1478 1108 1509 partes
1127 1483 1133 1500 :
1151 1474 1215 1508 quia
1235 1480 1283 1508 pro
1298 1476 1410 1508 peccato
1433 1472 1508 1499 orbis
1525 1471 1552 1497 in
1573 1475 1689 1505 quatuor
1716 1473 1806 1504 partes

1016 1521 1097 1547 divisi
1113 1520 1139 1546 in
1156 1520 1289 1546 orientem
1307 1519 1421 1550 scilicet,
1446 1517 1627 1547 occidentem,
1651 1515 1806 1550 aquilonem

1017 1571 1044 1593 et
1058 1566 1209 1596 meridiem.
1227 1565 1271 1591 illa
1293 1565 1417 1599 gestabat
1433 1573 1439 1590 :
1454 1563 1555 1598 quibus
1581 1562 1707 1588 indutum
1730 1561 1806 1587 illum

1018 1613 1193 1647 conspicatus
1219 1611 1349 1642 Joannes,
1369 1611 1406 1637 ait
1431 1619 1437 1636 :
1457 1619 1465 1635 ι
1496 1609 1565 1636 Ecce
1588 1609 1681 1643 Agnus
1695 1607 1743 1634 Dei
1761 1608 1807 1641 qui

1017 1659 1088 1686 tollit
1101 1663 1240 1693 peccatum
1258 1657 1394 1684 mundi“.
1414 1666 1423 1682 ι
1443 1655 1663 1683 Solamtunicam
1682 1653 1808 1681 seindere

1017 1713 1072 1731 non
1091 1707 1248 1739 potuerunt,
1264 1707 1368 1730 terrore
1382 1702 1451 1736 signi
1468 1709 1582 1737 peream
1595 1700 1720 1727 exhibiti.
1731 1698 1796 1725 Erat

1017 1759 1070 1786 que
1085 1750 1149 1777 illud
1161 1758 1213 1776 non
1229 1748 1415 1784 ipsorum,scd
1427 1747 1555 1782 suspensi
1569 1746 1718 1773 Salvatnris
1728 1753 1806 1780 opus.

1018 1796 1084 1823 Nam
1099 1803 1261 1830 suspensus,
1282 1799 1311 1821 ut
1328 1794 1419 1825 homo,
1437 1793 1608 1828 principatus
1623 1793 1807 1827 persequeba-

1018 1846 1072 1872 tur.
1089 1841 1225 1868 diabolum
1243 1839 1502 1875 comprehemlebat,
1532 1839 1676 1866 earnitiees
1704 1842 1808 1872 perter-

1019 1889 1106 1920 rebal,
1119 1896 1153 1915 ne
1162 1888 1320 1915 scinilerent
1338 1886 1458 1913 tunicam
1473 1895 1479 1912 :
1495 1889 1523 1911 ut
1536 1888 1662 1912 manente
1676 1885 1731 1916 illa,
1750 1891 1808 1910 ma-

1019 1938 1096 1962 neret
1119 1933 1280 1961 Judmorum
1308 1933 1455 1964 convictio,
1473 1940 1534 1966 quae
1555 1940 1607 1958 non
1633 1931 1719 1957 multo
1748 1933 1809 1965 post

1019 1981 1132 2012 accidit,
1149 1988 1210 2007 cum
1229 1980 1317 2007 scisso
1344 1979 1415 2011 velo,
1434 1979 1525 2005 tunica
1554 1977 1705 2004 Salvatoris
1722 1975 1814 2002 diris}

1019 2034 1074 2053 non
1090 2031 1132 2053 est
1147 2033 1161 2052 ιι
1177 2025 1372 2057 carniﬁcibus;
1386 2024 1433 2052 sed
1449 2024 1553 2058 integra
1575 2022 1734 2058 permansit.
1754 2020 1811 2048 Ma-

1019 2077 1065 2099 net
1091 2072 1165 2099 enim
1195 2071 1371 2106 Evangelium
1399 2077 1507 2104 semper
1530 2069 1685 2103 integrum,
1714 2066 1811 2094 divisis

1019 2119 1136 2146 umbris.
1153 2118 1288 2146 Caeterum
1312 2125 1374 2144 cum
1399 2121 1499 2144 exutus
1521 2114 1692 2142 restituentis
1713 2120 1806 2147 prope-

1019 2167 1091 2191 raret
1112 2164 1145 2190 ad
1154 2169 1280 2195 mortem,
1293 2170 1403 2190 rursum
1418 2161 1542 2188 diabolus
1555 2181 1561 2193 ,
1574 2160 1670 2186 videns
1685 2157 1798 2184 Salvato

1020 2210 1057 2237 ris
1074 2210 1254 2242 alacritatem,
1267 2216 1352 2243 seque
1367 2215 1401 2235 ex
1416 2207 1486 2234 cmlo
1503 2205 1656 2239 delapsum,
1673 2211 1706 2230 ex
1724 2206 1812 2229 terra-

1021 2263 1075 2291 que
1087 2256 1263 2282 exturbatum
1276 2264 1283 2282 :
1297 2254 1363 2288 quid
1389 2256 1481 2288 ageret
1505 2258 1560 2278 non
1589 2249 1682 2276 habuit
1700 2257 1706 2274 :
1720 2247 1811 2274 omnia

1022 2301 1125 2336 quippe
1141 2300 1193 2335 ipsi
1207 2304 1286 2327 erant
1299 2298 1418 2326 tumultu
1445 2302 1471 2325 et
1496 2297 1632 2323 anxietate
1655 2293 1745 2328 plena.
1759 2292 1814 2318 Ma-

1025 2354 1090 2374 nere
1104 2354 1157 2372 non
1174 2349 1290 2380 poterat,
1307 2345 1400 2378 fugere
1408 2341 1636 2370 exhorrescebat:
1651 2345 1755 2365 memor
1768 2341 1812 2364 ta-

1022 2399 1084 2418 men
1097 2399 1145 2418 eos
1159 2392 1205 2426 qui
1230 2394 1414 2421 morerentur.
1433 2389 1460 2416 in
1486 2391 1559 2414 terra
1584 2387 1654 2412 mori
1676 2390 1811 2419 oportere,

1022 2436 1254 2471 quemadmodum
1280 2437 1412 2470 scriptum
1438 2438 1479 2462 est
1498 2442 1504 2460 :
1524 2442 1533 2458 ‹
1555 2431 1639 2458 Terra
1662 2438 1703 2463 es,
1726 2433 1753 2456 et
1784 2429 1813 2456 in

1024 2488 1124 2510 terram
1145 2483 1291 2510 reverteris
1307 2483 1339 2514 θ’,
1361 2491 1370 2508 ι
1388 2489 1442 2509 non
1458 2487 1542 2506 ausus
1560 2478 1589 2505 in
1607 2482 1679 2504 terra
1704 2483 1814 2502 manere

1024 2536 1059 2556 ne
1074 2529 1111 2555 ibi
1127 2528 1416 2563 comprehenderetur.
1429 2526 1537 2553 demum
1548 2530 1596 2558 per
1607 2529 1697 2548 aerem
1717 2520 1815 2546 volita-

1024 2574 1083 2607 vit;
1101 2578 1131 2600 ut
1142 2574 1238 2601 saltem
1256 2574 1305 2604 ita,
1319 2572 1461 2600 Dominieo
1476 2577 1591 2606 corpore
1607 2568 1634 2594 in
1651 2571 1725 2594 terra
1741 2565 1815 2600 posi-

1023 2623 1063 2651 to,
1079 2619 1196 2646 liberum
1214 2618 1266 2645 sibi
1281 2625 1372 2644 acrem
1388 2616 1530 2643 retineret.
1547 2613 1601 2642 Sed
1617 2613 1748 2641 Dominus
1763 2612 1814 2639 hac

1024 2666 1052 2693 in
1070 2673 1100 2693 re
1129 2665 1252 2692 humano
1277 2663 1370 2699 generi
1391 2666 1515 2690 amanter
1541 2660 1688 2688 consulens
1705 2666 1761 2686 not:
1785 2657 1814 2685 iu

1024 2833 1114 2861 habet.

1061 2869 1116 2904 (ιο)
1133 2867 1242 2904 Begius.
1261 2866 1311 2904 Te
1327 2865 1480 2904 amem:

1062 2869 1104 2904 (l9
1133 2869 1242 2902 Regius,
1261 2869 1311 2893 Τὸν
1327 2869 1354 2892 δὲ
1370 2869 1480 2901 χιτῶνα.

1062 2869 1118 2940 (2οζ
1132 2903 1233 2940 Regius
1247 2906 1273 2930 et
1286 2902 1392 2938 Anglic.
1407 2901 1460 2928 ὅτε.
1474 2899 1552 2928 Edito
1565 2906 1640 2932 vero,
1651 2898 1710 2924 τότε
1722 2893 1812 2922 πάλιν.
1840 2914 1846 2922 .
