1915 3057
113 162 167 190 223
679 158 707 186 S.
726 157 958 187 ATHANASIUS.
978 172 1012 178 —-
1027 156 1142 186 DUBIA.
1689 155 1744 183 224

114 224 188 248 terra
202 223 326 246 mortuus
350 223 403 251 est,
417 217 464 246 sed
480 225 530 253 per
541 224 651 244 crucem
679 218 706 244 in
730 225 821 245 aerem
836 225 904 246 con~

965 217 1000 244 ῖδν
1010 216 1078 252 ἀέρα
1092 215 1221 242 ἐπέτατοο
1235 215 1305 250 τάχα
1317 214 1368 242 κᾶν
1380 214 1476 247 οὕτως,
1488 213 1535 240 τοῦ
1546 212 1677 249 κυριακοῦ
1688 213 1744 248 (2|)

114 265 233 297 scendit,
248 265 284 292 ibi
299 272 408 300 quoque
420 267 574 299 serpentem
585 271 768 298 persequens;
779 268 809 291 ut
822 264 904 291 etiam

965 263 1082 304 ιώματος
1099 262 1145 288 ἐπὶ
1159 263 1211 298 γῆς
1225 261 1349 294 τεθέντος
1359 283 1366 294 ,
1382 261 1522 297 ἐλεύθερον
1537 261 1587 296 ἔχῃ
1603 259 1650 286 τὺν
1665 259 1743 296 ἀέρα.

115 313 178 340 inde
193 312 343 348 principem
359 311 502 346 potestatis
519 310 592 338 aeris
602 310 770 338 deturbaret.
780 314 807 338 et
824 311 901 346 spiri-

965 302 1031 335 Ἀλλ*
1039 310 1053 335 6
1064 308 1175 343 Κύριος,
1189 308 1235 335 καὶ
1248 309 1276 334 ὲν
1286 308 1373 343 τούτῳ
1385 306 1684 343 φιλανθρωπευόμενος.
1696 305 1744 332 οὐκ

115 360 199 387 tualia
211 359 339 394 nequitiae
348 358 480 393 dejiceret
489 358 523 389 ⁷ο,
538 365 570 384 ac
586 365 620 385 ne
630 357 670 384 sic
683 357 792 392 quidem
802 361 904 384 terram

965 356 996 387 :l;
1012 355 1065 390 γῆν
1081 355 1233 386 ἀπέθανεν,
1259 354 1316 381 ἀλλ’
1329 356 1370 386 εἰς
1382 355 1428 381 τὸν
1448 353 1518 389 ἀέρα
1537 352 1620 388 ἀνέϐη
1641 352 1686 379 διὰ
1698 351 1744 378 τοῦ

116 406 219 439 absque
232 403 351 431 remedio
371 403 493 438 reliquit.
512 401 580 429 Nam
596 402 624 428 in
638 409 721 429 cruce
741 410 902 437 suspensus,

965 400 1073 437 ῑταυροῦ
1087 421 1094 433 ,
1112 401 1217 428 διώκων
1235 401 1316 428 κάκεῖ
1330 401 1376 427 τὸν
1393 401 1469 435 ὅφιν·
1486 401 1529 427 ἴνα
1549 399 1675 427 κάκεῖθεν
1698 398 1744 426 τὸν

114 457 206 478 aerem
218 449 343 485 purgavit
360 455 491 476 manuum
503 449 669 483 expansione
683 457 690 476 :
701 452 801 476 terram
814 452 904 475 autem

965 447 1076 483 ίρχοντα
1100 448 1148 482 τῆς
1168 447 1291 480 ἐξουσίας
1312 447 1360 474 τοῦ
1377 447 1458 482 ἀέρος
1478 445 1615 481 ἀποδιώξῃ
1626 465 1633 478 ,
1650 445 1698 473 καὶ
1711 444 1747 472 τὰ

117 495 242 524 redemit,
269 493 401 528 sanguine
429 497 456 520 et
486 500 556 527 aqua
584 493 677 520 lateris
702 492 746 519 sui
769 492 905 520 abluendo

965 493 1131 528 πνευματικὰ
1147 493 1196 528 τῆς
1210 493 1342 529 πονηρίας
1356 493 1508 529 καταϐάλῃ,
1526 493 1576 519 ούκ
1590 492 1669 526 ἀφεὶς
1685 490 1747 518 οὐδὲ

115 540 216 574 ipsam.
957 539 1030 566 οὕτω
1042 540 1091 576 τὴν
1105 540 1156 575 γῆν
1167 540 1362 575 ἀθεράπευτον.
1382 540 1438 566 Καὶ
1449 540 1502 576 γὰρ
1515 539 1689 575 κρεμάμενος
1702 537 1748 564 ἐπὶ

114 586 161 613 τοῦ
179 585 308 622 σταυροῦ,
323 586 367 613 τὸν
382 586 430 621 μὲν
443 585 511 622 ἀέρα
525 585 670 622 ἐκαθάριζε
683 587 716 622 τῇ
727 585 836 613 ἐκτάσει
865 585 919 613 τῶν
937 588 1054 624 χειρῶν,
1087 588 1136 624 τὴν
1152 589 1181 616 δέ
1205 589 1257 624 γῆν
1284 588 1443 624 ἐλυτφῦτο,
1467 587 1506 623 τῷ
1525 587 1620 623 αἵματι
1640 587 1687 614 καὶ
1709 586 1748 622 τῷ

115 633 193 660 ὕδατι
207 634 255 668 τῆς
271 633 390 668 πλευρᾶς
405 633 566 660 ἁποπλύνων
580 633 676 668 αὐτήν.

152 679 197 706 22.
206 679 276 712 Quid
287 679 369 714 igitur
381 679 495 706 inimico
504 680 568 706 talia
577 679 690 715 patienti
704 679 823 706 restabat
830 687 910 715 agen-

993 679 1038 706 22.
1055 679 1087 705 Τί
1109 679 1202 706 λοιπὸν
1221 679 1273 706 ἔδει
1297 680 1384 707 ποιεῖν
1400 679 1521 706 παθόντα
1541 678 1627 705 ταῦτα
1643 679 1688 706 τὸν
1704 679 1749 716 εχ-

115 725 202 752 dum?
218 725 256 751 Ex
281 725 352 751 cudo
365 723 516 756 deciderat,
531 732 565 751 ex
586 729 660 752 terra
681 724 852 755 deturbatus.
875 732 908 752 ex

965 724 1037 760 )pdv;
1053 723 1098 757 Ἐξ
1109 725 1222 760 ούρανοῦ
1234 724 1399 757 ἐπεπτώκει,
1411 724 1465 751 ἀπὸ
1476 725 1527 759 γῆς
1539 724 1671 760 ἐξεϐλήθη
1680 725 1746 759 (‘22),

115 777 181 797 acre
196 769 328 803 depulsus
352 773 425 795 erat:
445 768 479 795 ad
497 769 553 795 hzec
568 777 693 796 summus
706 769 794 804 pudor
802 769 908 802 aderat,

965 769 1005 796 τοῦ
1016 770 1096 806 ἀέρος
1109 769 1222 805 ἐδιώχθη
1231 779 1237 785 ·
1249 770 1374 805 καὶπρὸς
1390 769 1495 801 τούτοις
1504 769 1633 805 ᾐσχύνετο
1644 770 1748 805 μεγάλα

115 814 192 850 quod
208 814 293 841 multa
308 814 455 849 pollicitus,
473 814 540 841 nihil
553 814 681 842 alliceret.
698 814 777 842 Omni
789 822 854 850 ergo
875 823 907 842 ex

965 815 1200 852 ἐπαγγειλάμενος,
1215 816 1263 842 καὶ
1280 815 1362 851 μηδὲν
1373 815 1500 851 ἐνεργῶν.
1516 815 1686 851 Πανταχόθεν
1701 814 1748 843 οὖν

117 864 196 895 parte
203 864 361 894 superatus,
369 867 401 886 ae
410 859 530 895 undique
537 860 645 887 consilii
655 860 744 895 inops,
753 861 848 888 statuit
858 861 910 888 sal-

965 862 1087 898 ἡττηθεὶς
1097 882 1104 893 ,
1123 862 1171 888 καὶ
1183 862 1240 896 (‘25)
1253 862 1420 897 πανταχόθεν
1437 861 1601 897 ἀπορηθεὶς,
1615 862 1685 896 ἔγνω
1696 862 1748 889 κὰν

117 912 172 934 tem
182 907 318 934 infernum
332 906 384 934 sibi
394 914 503 934 servare
514 916 520 933 :
530 906 574 933 hic
583 907 655 934 enim
662 907 738 934 solus
749 907 801 943 ipsi
810 915 902 943 super-

965 907 1004 934 ιδν
1018 907 1084 943 ᾅδην
1094 907 1225 941 φυλάξαι·
1236 907 1317 934 τοῦτο
1330 907 1385 942 γὰρ
1395 907 1473 934 ἔτιτὸ
1482 907 1581 943 χωρίον
1589 907 1749 934 ὑπελείπετο

117 956 177 979 erat
185 952 366 985 locus.Quare
372 956 496 980 metuens
505 960 538 980 ne
549 951 719 981 Dominuseo
727 953 906 986 descendens,

965 953 1054 989 τούτῳ.
1066 953 1111 980 Διὸ
1119 953 1166 980 καὶ
1174 953 1256 988 φοϐού
1261 962 1349 989 μενος,
1361 953 1397 989 μὴ
1407 954 1465 980 ἐκεῖ
1471 952 1607 979 κατελθὼν
1614 953 1629 979 6
1636 952 1747 989 Κύριος,

119 999 183 1026 inde
196 999 279 1026 etiam
296 1007 325 1027 se
335 999 492 1034 expelleret,
505 1007 655 1035 omnesque
670 1000 723 1028 sibi
739 1001 864 1029 subditos
875 1001 909 1028 li-

965 1000 1062 1027 ὲκεῖθεν
1076 1000 1157 1027 αὑτὸν
1171 999 1286 1035 ἐκδιώξῃ
1295 1021 1302 1031 ,
1319 1000 1366 1026 καὶ
1383 999 1487 1030 πάντας
1501 999 1565 1030 τοὺς
1578 999 1747 1034 ὑποχειρίους

118 1044 236 1077 berarct,
251 1045 342 1072 omnia
354 1045 474 1078 miscuit,
492 1045 585 1072 omnia
600 1046 758 1078 commovit,
768 1054 865 1075 omnes
880 1047 908 1074 in

119 1091 253 1118 auxilium
265 1091 383 1123 vocavit,
393 1091 502 1118 Judzeos
512 1091 610 1118 iterum
619 1092 767 1119 concitavit
780 1098 808 1120 ut
818 1092 909 1121 Domi-

119 1143 185 1165 num
195 1136 303 1171 probris
311 1141 337 1164 et
345 1137 520 1165 contumeliis
529 1136 677 1170 adicerent,
688 1138 887 1174 irriderentque
900 1148 907 1166 :

118 1190 152 1209 ac
160 1182 268 1209 demum
276 1182 410 1218 quidquid
419 1183 471 1210 sibi
487 1183 605 1211 telorum
620 1189 774 1219 supererat,
785 1185 811 1212 id
824 1185 910 1212 immi-

119 1228 157 1255 sit
174 1228 201 1254 in
210 1227 366 1260 Dominum.
379 1232 487 1256 tentans
500 1230 523 1257 si
538 1237 592 1264 quo
609 1230 689 1257 modo
705 1230 779 1257 illum
791 1232 910 1266 peccatis

119 1274 286 1304 obnoxium,
318 1273 370 1301 hac
392 1274 489 1302 saltem
515 1275 623 1303 ratione
647 1280 800 1311 superaret.
824 1276 909 1304 Judaei

118 1319 174 1354 75
197 1319 280 1353 igitur
296 1318 441 1347 Dominum
459 1321 610 1348 irridebant
631 1321 754 1350 dicentes
769 1331 776 1349 :
792 1332 801 1348 ι
822 1322 850 1350 Si
865 1322 910 1350 Fi-

121 1366 175 1393 lius
191 1365 237 1393 Dei
253 1374 294 1398 es,
304 1366 440 1394 descende
452 1366 486 1394 de
501 1368 624 1395 cruce“.
643 1378 652 1393 ι
665 1368 702 1395 At
720 1367 853 1401 Salvator,
863 1369 909 1404 qui

123 1419 219 1439 revera
235 1411 320 1439 Filius
337 1411 383 1440 Dei
399 1416 468 1445 erat,
492 1421 546 1440 non
564 1413 694 1448 fugiendo
718 1418 846 1447 mortem,
863 1414 910 1443 sed

119 1458 317 1493 exspectando,
335 1463 418 1494 atque
436 1459 473 1487 ita
496 1460 628 1488 calcando
652 1461 750 1496 ipsam,
768 1462 855 1489 voluit
869 1461 911 1488 di-

121 1504 229 1539 gnosci,
243 1512 273 1531 se
285 1503 385 1531 Filium
399 1512 461 1532 esse
477 1504 535 1536 Dei.
552 1510 634 1540 atque
646 1513 738 1534 veram
749 1507 844 1534 vitam.
858 1506 911 1534 Po-

959 1045 1143 1083 ἐλευθερώσῃ,
1159 1046 1248 1073 πάντα
1264 1045 1351 1072 ἐκύκα
1367 1045 1414 1071 καὶ
1432 1045 1575 1079 συνεκίνει,
1593 1045 1696 1077 πάντας
1709 1046 1748 1078 είς

961 1091 1085 1128 βοήθειαν
1100 1091 1201 1122 καλῶν,
1218 1091 1265 1118 καὶ
1281 1090 1424 1126 παρώξυνε
1437 1090 1517 1117 πάλιν
1528 1091 1591 1122 τοὺς
1606 1091 1749 1122 Ἰουδαίους

959 1136 1097 1169 ὀνειδίζειν
1107 1137 1153 1163 τὸν
1160 1136 1272 1172 Κύριον,
1281 1136 1327 1163 καὶ
1337 1136 1457 1172 ὑϐρίζειν
1467 1137 1514 1164 καὶ
1520 1137 1602 1173 γελᾷν
1611 1136 1678 1168 ὅλως
1688 1137 1748 1163 κατ’

959 1183 1042 1211 αὐτοῦ
1055 1192 1061 1198 ·
1081 1183 1127 1209 καὶ
1139 1183 1207 1214 ὅλως
1223 1183 1251 1209 εῐ
1261 1191 1288 1209 τι
1301 1182 1487 1218 περιελείπετο
1499 1183 1650 1215 πανοπλίας
1663 1183 1747 1219 αὐτῷ,

959 1230 1038 1257 τοῦτο
1059 1230 1134 1264 ἠφίει
1149 1228 1221 1256 κατὰ
1241 1229 1288 1256 τοῦ
1310 1229 1429 1265 Κυρίου·
1447 1229 1517 1264 τάχα
1533 1228 1584 1255 κᾶν
1595 1229 1651 1264 (24)
1663 1228 1749 1260 οὕτως

960 1277 1040 1304 αὐτὸν
1050 1276 1231 1312 ὑπερεύθυνον
1242 1276 1363 1312 ἁμαρτία
1375 1276 1438 1302 ὅντα
1449 1276 1583 1311 κρατήσῃ.
1595 1276 1626 1302 Οἱ
1638 1275 1687 1310 μὲν
1695 1275 1749 1311 γὰρ

967 1323 1085 1350 Ἰουδαῖοι
1100 1321 1246 1358 ἐχλεύαζον
1264 1322 1309 1348 τὸν
1329 1321 1430 1358 Κύριον
1451 1321 1590 1356 λέγοντες·
1609 1331 1619 1348 ι
1636 1322 1667 1348 Εί
1684 1321 1750 1353 Υἱὸς

961 1367 987 1395 εἷ
1000 1368 1050 1395 τοῦ
1063 1368 1143 1400 Θεοῦ,
1157 1368 1293 1404 κατάϐηθι
1309 1367 1364 1395 ἀπὸ
1376 1367 1423 1394 τοῦ
1441 1367 1557 1403 σταυροῦ
1570 1376 1577 1383 ·
1597 1378 1606 1394 ι
1621 1369 1635 1394 6
1649 1368 1678 1394 δὲ
1693 1369 1750 1394 Σω-

960 1415 1023 1450 τὴρ,
1038 1415 1052 1441 6
1067 1413 1105 1449 τῷ
1119 1414 1176 1440 ὄντι
1190 1413 1238 1440 τοῦ
1257 1413 1325 1440 θεοῦ
1340 1413 1413 1446 Υιὸς,
1428 1413 1477 1440 οὐκ
1499 1413 1554 1440 ἀπὸ
1575 1413 1621 1440 τοῦ
1639 1413 1751 1448 φεύγειν

960 1460 1006 1486 τὸν
1023 1459 1149 1491 θάνατον,
1165 1459 1223 1486 ἁλλ’
1239 1459 1292 1486 ἀπὸ
1306 1458 1353 1486 τοῦ
1371 1459 1461 1494 μένειν
1473 1459 1564 1491 αὐτὸν,
1576 1459 1622 1486 καὶ
1635 1460 1750 1494 μένοντα

962 1506 1082 1541 πατῆσαι
1090 1506 1135 1532 τὸν
1145 1505 1270 1537 θάνατον,
1279 1505 1359 1540 ἤθελε
1369 1505 1523 1539 γνωσθῆναι
1532 1505 1594 1536 Υἱὸς
1602 1505 1668 1532 Θεοῦ
1681 1505 1748 1541 (‘25),

122 1552 194 1576 terat
208 1549 281 1576 enim
297 1557 330 1576 ex
345 1557 427 1577 cruce
444 1550 624 1581 descendere.
641 1552 687 1587 qui
705 1551 775 1579 alios
792 1553 911 1579 suscita-

965 1552 1010 1579 καὶ
1028 1552 1069 1579 ὃτι
1085 1553 1165 1584 αὑτός
1182 1553 1256 1578 ἐστιν
1277 1553 1294 1587 ἡ
1314 1551 1380 1587 ζωή.
1403 1551 1531 1578 Ἢδύνατο
1556 1551 1606 1587 μὲν
1624 1551 1678 1587 γὰρ
1704 1552 1750 1578 καὶ

120 1597 165 1620 tat
185 1598 330 1627 mortuos;
349 1594 397 1622 sed
423 1595 570 1623 descensio
589 1596 634 1623 illa
657 1598 752 1625 mortis
775 1597 836 1633 fuga
855 1598 912 1626 visa

122 1644 196 1668 esset
211 1650 217 1667 :
232 1645 327 1668 contra
342 1641 365 1668 si
379 1642 406 1668 in
419 1649 500 1669 cruce
517 1648 699 1676 permaneret,
715 1644 782 1670 nihil
797 1644 825 1671 id
839 1643 911 1672 aliud

123 1685 271 1719 indicabat,
286 1695 379 1722 quam,
398 1696 460 1715 eum
476 1689 522 1723 qui
540 1694 713 1723 permaneret
735 1697 796 1717 esse
817 1690 911 1718 vitam.

121 1731 306 1765 Quamobrem
331 1733 417 1760 multa
438 1734 547 1761 diabolo
567 1742 634 1762 cura
656 1735 717 1768 fuit,
733 1740 762 1763 ut
782 1735 914 1765 Dominus

123 1777 200 1805 hisce
219 1777 374 1813 opprobriis
395 1779 558 1813 adiceretur,
575 1781 738 1816 volebatque
759 1782 851 1818 ipsum
867 1783 915 1810 de-

122 1824 256 1852 scendere
273 1825 307 1852 de
322 1833 420 1859 cruce,
436 1834 524 1861 neque
548 1826 620 1854 inter
643 1831 766 1855 mortuos
789 1829 913 1862 versari;

124 1874 156 1898 ut
171 1871 210 1898 sic
227 1871 329 1898 illaesus
356 1872 454 1903 abiret,
469 1877 696 1908 mortuorumque
706 1874 857 1901 dominium
871 1882 915 1902 re-

125 1917 234 1944 tineret.
243 1916 378 1944 Metuebat
388 1918 471 1949 enim,
486 1926 530 1952 ne,
544 1919 771 1954 quemadmodum
783 1921 915 1954 scriptum

125 1966 178 1994 est,
194 1962 347 1990 ascendens
369 1963 397 1990 in
416 1965 507 1992 crucis
524 1965 651 1997 sublime,
679 1966 814 2000 captivam
829 1966 914 1993 duce-

125 2013 167 2036 ret
187 2009 390 2043 captivitatem,
410 2013 437 2037 et
460 2010 594 2045 acciperet
616 2010 688 2037 dona
715 2011 914 2039 hominibus".

127 2053 290 2089 Suspicatus
307 2055 381 2082 enim
399 2059 451 2086 est,
465 2064 498 2083 ne
512 2056 557 2083 hic
569 2060 642 2084 esset
654 2057 688 2085 de
703 2065 758 2092 quo
773 2057 830 2085 haec
846 2058 915 2086 scri~

126 2104 172 2136 pta
182 2104 272 2128 erant.
294 2100 372 2128 Unde
391 2102 546 2136 versipellis
562 2102 608 2130 ille
633 2104 743 2130 r'ursum
763 2102 916 2132 Pharisaeos

126 2147 284 2178 commovit,
297 2154 329 2174 ac
343 2146 454 2174 demum
473 2155 507 2174 eo
523 2155 610 2183 usque
625 2149 739 2176 deduxit
753 2148 825 2181 illos,
840 2154 869 2176 ut
887 2158 916 2178 se

127 2193 280 2220 credituros
303 2192 508 2228 pollicerentur,
531 2194 554 2221 si
573 2194 662 2221 solum
686 2195 864 2223 descenderet
882 2196 916 2224 de

126 2246 218 2266 cruce.
241 2239 339 2269 Omnia
356 2247 438 2274 porro
458 2240 594 2274 movebat,
606 2241 697 2268 omnia
717 2245 815 2276 praeter
830 2242 913 2269 animi

127 2285 291 2313 sententiam
308 2286 495 2320 promittebat,
511 2285 593 2313 modo
618 2286 646 2312 id
659 2286 788 2320 eﬂiceret,
803 2295 839 2314 ne
857 2295 915 2315 mo—

128 2336 244 2364 reretur,
259 2339 328 2359 neve
342 2332 521 2359 descenderet
536 2331 564 2358 in
583 2331 732 2360 infernum.
754 2331 849 2360 Denuo
862 2333 916 2368 igi-

128 2381 172 2404 tur
185 2376 332 2406 Phariszeis
351 2383 447 2405 auctor
463 2377 514 2405 fuit
537 2381 567 2405 ut
585 2377 729 2406 dicerent:
746 2388 755 2402 ί
770 2379 846 2406 Alios
863 2379 918 2406 sal-

127 2432 177 2451 vos
196 2423 271 2456 fecit,
296 2425 416 2459 seipsum
441 2431 495 2451 non
516 2428 606 2460 potest
629 2425 735 2453 salvum
760 2425 858 2452 facere.
884 2423 913 2451 Si

128 2469 186 2497 Rex
204 2469 289 2496 Israel
303 2475 356 2501 est,
370 2469 518 2498 descendat
537 2477 611 2497 nunc
626 2470 659 2498 de
669 2478 762 2502 cruce,
775 2473 802 2498 et
821 2470 916 2498 crede-

129 2523 189 2542 mus
201 2514 282 2542 εἰτ’.»
295 2515 403 2543 Minime
415 2520 507 2543 autem
522 2515 633 2543 credere
642 2516 750 2543 volebat
764 2515 916 2544 Pharisaaos

128 2562 260 2597 magister
277 2562 322 2589 ille
342 2562 489 2597 impietatis
503 2562 601 2595 draco;
625 2562 673 2590 sed
697 2562 808 2596 optabat
825 2561 917 2589 Domi-

161 2640 185 2656 "
204 2639 305 2675 pres.
321 2648 366 2673 vi,
384 2639 428 2668 12.
466 2641 488 2656 ⁷¹
507 2640 603 2668 Matth.
619 2647 708 2672 xxvii,
722 2639 767 2667 60.

166 2717 344 2762 (Ξυιῇηεῌς.
359 2718 458 2762 μεῖναι,
472 2718 510 2762 μὴ
521 2718 608 2762 οῦτιιις
622 2718 670 2762 τοῦ
681 2717 825 2762 κυριακοῦ,
836 2717 918 2762 omis-

130 2753 169 2789 sis
182 2752 376 2789 multis,'_Mnx',
402 2753 446 2789 ἵνα
467 2752 530 2780 ante
543 2754 614 2789 τάχα
639 2754 691 2781 κᾶν
704 2752 800 2786 οὕτως,
818 2753 917 2789 legitur

129 2787 159 2815 in
174 2787 267 2823 editis,
280 2787 357 2823 deest
372 2788 399 2815 in
414 2787 508 2822 Regio,
526 2787 620 2823 probe.

167 2821 223 2858 (ἓξ)
240 2821 353 2858 Regius,
370 2821 527 2858 ἐκϐεϐλητο.

168 2856 223 2891 (Ξὸ)
241 2857 307 2887 Καί,
323 2857 399 2884 deest
416 2858 443 2884 in
459 2856 630 2891 Anglicum.-

168 2859 213 2891 (25
241 2859 307 2887 Καί,
323 2859 399 2884 deest
416 2859 443 2884 in
459 2859 630 2891 Anglicum.-

168 2859 225 2930 (ξιξ
241 2892 280 2920 Ita
293 2892 359 2929 Reg.
371 2897 398 2920 et
415 2893 493 2928 Angl.
506 2892 555 2920 Ed.
570 2901 641 2926 vero,
655 2894 678 2919 εἰ
692 2893 760 2929 τάχα
772 2894 832 2922 κᾶν.
846 2893 917 2925 Mox,

964 1600 1118 1635 καταϐῆναι
1129 1599 1183 1626 ἀπὸ
1199 1598 1245 1625 τοῦ
1262 1597 1391 1633 σταυροῦ,
1408 1598 1422 1623 ὀ
1439 1598 1486 1624 καὶ
1499 1598 1560 1629 τοὺς
1574 1597 1668 1629 ἄλλους
1680 1597 1751 1632 ἐγεί-

965 1653 1014 1680 ρας
1032 1645 1145 1681 νεκρούς
1159 1653 1164 1658 ’
1185 1643 1241 1671 ἀλλ’
1256 1645 1273 1679 ἡ
1289 1643 1440 1675 κατάϐασις
1456 1643 1544 1678 φυγὴν
1564 1643 1682 1670 ἐδείκνυε
1703 1643 1750 1669 τοῦ

964 1691 1097 1718 θανάτου·
1116 1691 1148 1718 ἰδ
1165 1690 1194 1717 δὲ
1216 1691 1372 1726 περιμεῖναι
1390 1689 1465 1716 οὐδὲν
1481 1689 1573 1724 ἕτερον
1595 1688 1749 1724 ἐγνώριζεν,

964 1737 980 1772 ἢ
998 1737 1043 1763 τὸν
1062 1737 1242 1772 περιμένοντα
1259 1733 1330 1763 εἶναι
1354 1735 1437 1770 ζωήν.
1459 1735 1507 1762 Διὰ
1527 1735 1606 1762 τοῦτο
1627 1735 1681 1770 γὰρ
1705 1735 1752 1762 xci.

963 1783 1023 1809 λίαν
1038 1782 1134 1818 ἔμελλε
1146 1781 1184 1817 τῷ
1208 1781 1323 1816 διαϐόλῳ
1342 1780 1517 1812 ὀνειδίζεσθαι
1540 1780 1586 1806 τὸν
1609 1779 1710 1815 Κύριον
1722 1781 1751 1807 ὲν

963 1829 1080 1860 τούτοις,
1102 1829 1149 1855 καὶ
1164 1827 1259 1863 ἤθελεν
1275 1827 1356 1854 αὑτὸν
1369 1826 1422 1853 ἀπὸ
1436 1826 1482 1853 τοῦ
1499 1825 1614 1862 σταυροῦ
1631 1826 1751 1861 καταϐῆ-

965 1885 1007 1902 ναι
1024 1875 1070 1902 καὶ
1087 1875 1123 1910 μὴ
1142 1874 1267 1909 γενέσθαι
1283 1875 1312 1900 ἐν
1327 1875 1442 1909 νεκροῖς,
1456 1873 1500 1899 ἴνα
1513 1872 1565 1899 κᾶν
1577 1871 1662 1904 οὕτως
1679 1872 1752 1899 ἀπα-

965 1922 1014 1957 θὴς
1039 1920 1154 1957 ἀπέλθῃ,
1178 1921 1225 1947 καὶ
1246 1920 1302 1946 τῶν
1325 1919 1429 1955 νεκρῶν
1451 1918 1592 1954 κυριεύσῃ.
1616 1917 1752 1952 Ἐφοϐεϊτο

965 1966 1018 2001 γὰρ
1037 1965 1075 2001 μὴ
1094 1965 1164 1992 κατὰ
1183 1965 1214 1991 τὸ
1227 1964 1426 2000 γεγραμμένον,
1442 1962 1544 1995 ἀναϐὰς
1564 1963 1604 1994 είς
1623 1962 1689 1997 ὕψος
1704 1961 1752 1989 τοῦ

966 2011 1095 2048 σταυροῦ,
1110 2010 1320 2047 αίχμαλωτεύσῃ
1343 2010 1391 2045 τὴν
1406 2009 1602 2045 αἰχμαλωσίαν,
1622 2009 1669 2034 καὶ
1683 2008 1753 2044 λάϐῃ

965 2057 1068 2093 δόματα
1080 2057 1109 2083 ἐν
1120 2054 1285 2091 ἀνθρώποις.
1303 2053 1478 2081 ’Υπώπτευσε
1492 2053 1547 2088 γὰρ
1559 2052 1596 2088 μὴ
1610 2048 1686 2083 οὗτός
1696 2052 1753 2078 ἐστι

967 2104 1030 2138 περὶ
1046 2100 1076 2130 οὗ
1097 2103 1252 2138 γέγραπται
1273 2100 1369 2128 ταῦτα.
1385 2100 1466 2127 Ὅθεν
1487 2098 1567 2126 πάλιν
1587 2097 1671 2124 ἐκίνει
1691 2097 1754 2129 τοὺς

965 2148 1128 2185 Φαρισαίους
1145 2149 1159 2174 6
1175 2146 1337 2182 πανοῦργος,
1357 2145 1402 2172 καὶ
1419 2144 1512 2172 λοιπὸν
1534 2143 1605 2171 κατὰ
1626 2143 1754 2179 περισσὸν

967 2194 1053 2221 ἐποίει
1074 2194 1129 2229 (26)
1150 2193 1247 2224 αὐτοὺς
1266 2190 1482 2226 ἐπαγγέλλεσθαι
1501 2190 1548 2216 καὶ
1564 2188 1712 2221 πιστεύειν,
1731 2188 1754 2214 εἰ

967 2240 1103 2276 καταϐαίη
1122 2240 1201 2275 μόνον
1221 2239 1274 2266 ἀπὺ
1288 2238 1335 2264 τοῦ
1356 2237 1481 2272 σταυροῦ.
1498 2235 1592 2262 Πάντα
1611 2234 1638 2260 δὲ
1660 2234 1753 2267 ἐκίνει,

967 2287 1016 2314 καὶ
1035 2286 1109 2322 παρὰ
1125 2285 1237 2321 γνώμην
1259 2283 1452 2320 ἐπηγγέλλετο,
1469 2282 1547 2318 μόνον
1560 2282 1603 2308 ἰνα
1621 2280 1659 2316 μὴ
1675 2279 1756 2315 γένη-

968 2341 1013 2360 ται
1031 2332 1136 2367 νεκρὸς,
1152 2332 1200 2358 καὶ
1219 2330 1337 2366 κατέλθῃ
1354 2331 1394 2361 είς
1415 2328 1461 2355 τὸν
1478 2328 1553 2364 ᾅδην.
1575 2327 1676 2354 Ἐποίει
1690 2325 1755 2360 γοῦν

970 2378 1050 2406 πάλιν
1071 2378 1161 2412 λέγειν
1185 2378 1246 2409 τοὺς
1271 2375 1450 2413 Φαρισαίους·
1482 2385 1491 2400 ι
1509 2373 1621 2405 Ἄλλους
1643 2373 1754 2404 ἔσωσεν,

968 2424 1064 2451 ἑαυτὸν
1080 2423 1111 2450 οὐ
1125 2423 1234 2450 δύναται
1256 2422 1352 2449 σῶσαι.
1367 2422 1399 2448 Εἰ
1422 2420 1548 2456 βασιλεὺς
1564 2419 1672 2454 Ἰσραήλ
1686 2419 1755 2449 ἐστι,

968 2469 1115 2497 καταϐάτω
1135 2469 1182 2497 νῦν
1203 2469 1257 2496 ἀπὸ
1282 2467 1329 2495 τοῦ
1355 2466 1484 2503 σταυροῦ,
1504 2466 1552 2493 καὶ
1575 2465 1756 2500 πιστεύσομεν

968 2516 1052 2552 αύτῷ.
1072 2526 1081 2542 ι
1097 2516 1134 2542 Οὐ
1146 2515 1284 2542 πιστεύειν
1299 2515 1328 2541 δὲ
1340 2513 1419 2549 ἧθελε
1433 2514 1497 2545 τοὺς
1509 2513 1668 2548 Φαρισαίους
1682 2512 1697 2538 6
1707 2511 1757 2546 τῆς

969 2561 1098 2593 ἀπιστίας
1121 2560 1280 2592 διδάσκαλος
1300 2560 1425 2596 δράκωνο
1450 2559 1519 2586 ἀλλὰ
1540 2559 1652 2593 φεύγειν
1678 2557 1756 2592 ἤθελε

805 2640 827 2655 ’⁸
847 2639 918 2668 Psal.
937 2647 1023 2673 uvu,
1042 2639 1085 2668 19.
1123 2639 1146 2655 ⁷³
1166 2638 1261 2666 Matth.
1277 2645 1363 2671 xxvu,
1382 2636 1427 2665 42.

969 2717 1044 2749 ὄντα,
1070 2720 1144 2753 postA
1160 2716 1292 2753 ἁμαρτίᾳ,
1321 2715 1398 2753 deest
1420 2715 1446 2743 in
1470 2713 1578 2742 iisdem.
1596 2712 1662 2740 Ibid.
1688 2711 1755 2746 Reg.

970 2751 1387 2788 ἁμαρτίας.Ιξιδίιζάμαρτίαις.
1527 2784 1536 2788 _
1675 2781 1693 2788 Λ
1726 2780 1740 2786 -

1007 2781 1063 2823 (ἕὸ)
1083 2781 1122 2813 lia
1141 2781 1256 2822 Regius;
1278 2781 1398 2814 secunda
1418 2792 1510 2814 manu.
1527 2784 1555 2812 ln
1569 2783 1661 2816 editis,
1673 2781 1754 2814 Θεοῦ,

971 2822 1057 2851 deest.

1008 2858 1063 2894 (26)
1084 2857 1196 2893 Regius,
1209 2856 1294 2883 ἐποίει
1311 2856 1375 2891 γάρ.
