1915 3057
152 133 204 162 223

671 130 715 158 DE
734 130 906 158 PASSIONE
923 131 968 159 ΕΤ
986 131 1103 160 CRUCE
1124 131 1254 160 DOMJNI.

1730 133 1787 161 226

153 190 198 217 τὸν
212 188 314 224 Κύριον
328 189 373 216 τὸν
393 189 516 216 θάνατον.
537 188 604 215 Οὐδὲ
620 187 715 224 μαθεῖν
729 187 836 225 ἢθελεν,
855 190 880 216 εί
895 189 941 216 δύ-

1004 198 1057 217 ium
1077 190 1163 217 vitare
1189 193 1315 217 mortem.
1339 188 1434 225 Neque
1462 190 1570 217 volebat
1594 190 1726 221 ediscere.
1749 198 1784 218 an

153 245 231 263 ναται
250 236 345 263 ἐαυτὸν
367 235 467 263 σῶσαι·
485 235 541 262 ἀλλ’
563 235 606 261 ἵνα
625 234 661 271 μὴ
677 236 734 266 τοῖς
748 235 838 268 ἄλλοις
857 245 944 272 σωτη-

155 282 200 317 ρία
216 282 338 318 γένηται.
357 283 388 309 Et
404 282 459 318 γὰρ
478 281 547 313 ὅλως
567 282 734 315 ἐγίγνωσκεν
749 282 804 317 ('27)
819 281 944 309 σώσαντα

154 329 234 355 αὑτὸν
250 329 313 360 τοὺς
329 328 436 360 ἄλλους,
453 328 504 354 οὐκ
524 326 558 363 ἦν
580 327 741 363 ἀμφίϐολον,
761 328 807 355 τὸν
824 329 879 360 τοῖς
898 328 945 355 άλ-

154 375 210 407 λοις
232 374 368 401 δεδωκότα
391 373 538 410 σωτηρίαν,
562 374 643 400 αὑτὸν
667 372 737 400 εἶναι
761 374 875 409 Σωτῆρα
897 374 945 400 καὶ

154 419 239 456 ζωήν.

189 467 234 494 23.
251 465 355 493 Οὐκοῦν
365 465 409 492 διὰ
423 465 503 492 τοῦτο
516 465 597 492 αὐτὸν
613 464 760 497 ὠνείδιζον,
777 465 821 492 ἵνα
839 465 876 500 μὴ
890 466 946 497 τοῖς

154 511 244 542 ἄλλοις
258 511 379 546 σωτηρία
396 510 519 546 γένηται.
535 509 611 545 ᾜδει
630 510 684 546 γὰρ
703 511 717 537 6
738 510 894 545 περίεργος,
905 510 946 536 ὅτι

155 557 206 583 οὐκ
222 556 388 592 ἀποθνήσκει
406 557 419 583 6
435 556 546 591 Κύριος,
560 556 617 582 ἀλλ’
629 557 643 582 6
655 556 751 583 τούτου
765 557 877 588 θάνατος
891 564 946 582 σω-

155 602 239 638 τηρία
252 602 300 628 καὶ
314 602 371 637 ζωὴ
383 603 439 633 τοῖς
456 603 522 628 πᾶσι
533 603 685 638 γενήσεται.
701 602 750 629 Διὰ
762 601 840 629 τοῦτο
852 601 947 638 ἤθελεν

156 648 237 675 αὑτὸν
252 647 404 683 καταϐῆναι
421 647 475 674 ἀπὸ
495 647 542 674 τοῦ
566 648 694 684 σταυροῦ,
716 648 764 675 καὶ
783 648 869 674 ἐποίει
883 649 947 680 τοὺς

157 692 319 729 Φαρισαίους
340 692 556 727 ἐπαγγέλλεσθαι
576 693 730 720 πιστεύειν·
753 694 824 729 τάχα
847 693 898 720 κᾶν
913 696 946 730 τῇ

156 737 308 772 ἐπαγγελίᾳ
323 737 374 772 τῆς
391 737 509 769 πίστεως
530 738 719 773 περιγένηται,
734 735 771 765 ὧν
791 738 895 774 ἤθελεν.
918 739 947 765 Ὁ

156 782 185 808 δὲ
207 782 319 818 Κύριος,
334 783 348 809 6
363 782 402 817 τῷ
425 782 481 809 δντι
498 783 602 818 Σωτὴρ,
618 783 633 809 ὁ
658 783 695 818 μὴ
715 783 744 810 τὸ
760 783 867 814 ἑαυτοῦ,
881 783 948 810 ἀλλὰ

156 828 191 854 τὰ
205 828 220 862 ἡ
225 828 282 862 μῶν
299 827 399 863 ζητῶν,
411 828 462 854 οὐκ
472 828 526 854 ἀπὸ
536 828 583 854 τοῦ
597 829 692 855 ἐαυτὸν
710 829 806 862 σῶσαι,
821 829 878 856 ἀλλ’
895 829 949 856 ἀπὸ

158 873 204 900 τοῦ
217 873 406 910 λυτρώσασθαι
418 874 466 910 τὴν
483 875 572 901 κτίσιν
588 874 667 910 ἤθελε
677 875 830 911 γνωσθῆναι
841 877 947 912 Σωτήρ.
965 871 986 900 Β

159 921 226 947 Οὐδὲ
239 921 293 957 γὰρ
305 921 395 957 ἰατρὸς
406 921 438 948 ἐκ
455 921 502 948 τοῦ
521 921 602 948 αὑτὸν
613 921 744 956 ὑγιαίνειν
759 923 948 958 γνωσθήσεται

161 967 261 1003 ἰατρὸς,
281 968 306 993 εἰ
329 967 366 1003 μὴ
389 967 436 994 καὶ
448 969 505 999 τοῖς
527 966 651 994 νοσοῦσιν
666 967 816 1003 ἐνδείξηται
836 968 886 1004 τὴν
906 968 950 994 τέ-

158 1022 242 1049 χνην·
257 1014 305 1040 καὶ¹
323 1015 337 1040 ὁ
355 1014 429 1049 ἥλιος
441 1014 490 1041 οὑκ
506 1014 554 1040 ἐὰν
575 1014 615 1045 εἰς
634 1014 729 1041 ἐαυτὸν
749 1015 880 1051 συστέλλῃ
900 1016 950 1048 τὰς

160 1060 283 1092 ἀκτῖνας,
301 1060 488 1095 γνωσθήσεται
507 1059 576 1094 φῶς,
591 1061 615 1086 εἰ
636 1059 673 1095 μὴ
690 1060 737 1087 καὶ
752 1062 785 1096 τῇ
805 1061 949 1097 οἰκουμένῃ

159 1105 261 1137 ταύτας
281 1106 438 1142 ὲπεκτείνῃ,
457 1106 504 1132 καὶ
526 1106 557 1132 τὸ
580 1106 674 1138 σκότος
695 1107 725 1133 ἐν
745 1107 840 1139 αὐταῖς
864 1116 950 1134 κατα-

159 1151 265 1187 λάμψῃ.
280 1151 374 1183 Οὕτως
389 1151 436 1178 καὶ
458 1153 473 1178 ὀ
485 1152 587 1187 Κύριος
601 1153 650 1187 οὑχ
670 1153 767 1179 ἑαυτὸν
781 1152 866 1185 ἔσωζε
876 1162 882 1168 ·
899 1163 951 1180 σω-

160 1198 256 1234 τηρίας
274 1199 329 1234 γὰρ
341 1199 435 1234 χρείαν
447 1199 497 1226 οὐκ
517 1197 599 1234 εἶχεν,
623 1199 704 1231 αὐτὸς
717 1198 755 1226 ὣν
767 1200 876 1236 Σωτήρ·
894 1200 951 1226 ἀλλ’

161 1245 215 1271 ἀπὸ
226 1245 276 1280 τῆς
287 1245 340 1271 τῶν
351 1245 438 1272 ἄλλων
451 1245 611 1281 εὐεργεσίας
627 1245 706 1281 ἤθελε
719 1246 873 1281 γνωσθῆναι
884 1247 952 1274 πᾶσι

162 1292 268 1327 Σωτήρ.
296 1292 365 1318 Ἀλλ’
391 1292 452 1319 οὐδὲ
477 1292 649 1319 καταϐαίνων
676 1293 730 1319 ἀπὸ
761 1293 808 1319 τοῦ
834 1293 951 1330 στανροῦ

162 1337 241 1373 ἧθελε
256 1337 409 1373 γνωσθῆναι
426 1337 489 1370 Υἱὸς
502 1338 580 1370 Θεοῦ,
595 1338 652 1365 ἀλλ’
670 1338 724 1365 ἀπὸ
739 1338 786 1365 τοῦ
802 1338 892 1373 μένειν
909 1339 953 1365 αὑ-

161 1382 216 1409 τόν.
234 1382 349 1410 Πλείονα
366 1382 421 1418 γὰρ
442 1382 541 1418 μᾶλλον
560 1384 574 1410 6
595 1383 709 1415 θάνατος
732 1385 745 1410 6
764 1383 810 1409 τοῦ
827 1384 952 1420 Σωτῆρος

162 1428 254 1455 πίστιν
269 1429 316 1455 καὶ
337 1428 473 1464 σωτηρίαν
491 1430 546 1460 τοῖς
570 1429 723 1464 ἀνθρώποις
744 1429 821 1465 φέρει
835 1430 851 1465 ἢ
868 1431 884 1465 ἡ
899 1431 952 1456 ἀπὸ

162 1474 209 1501 τοῦ
227 1474 344 1510 σταυροῦ
365 1474 525 1506 κατάϐασις.
548 1475 654 1510 Ἀμέλει
672 1476 846 1511 κρεμαμένου
869 1475 952 1502 αὑτοῦ

162 1520 210 1547 ἐπὶ
223 1521 271 1548 τοῦ
285 1520 400 1556 σταυροῦ
415 1521 454 1547 ἐτι
465 1521 533 1557 (28),
548 1521 583 1548 τὰ
596 1522 644 1557 μὲν
659 1522 787 1558 μνήματα
801 1523 950 1557 ἠνοίγοντο,

163 1566 212 1593 καὶ
227 1567 252 1592 οἱ
267 1567 296 1593 ἐν
307 1566 397 1599 αὐτοῖς
408 1567 528 1602 κείμενοι
544 1567 691 1599 ἐσώζοντο·
707 1570 721 1595 6
736 1569 765 1595 δέ
781 1570 952 1605 κρεμάμενος

162 1612 265 1648 λῃστὴς
281 1612 422 1639 ἐπίστευεν
436 1614 476 1645 είς
491 1614 588 1640 αὐτόν’
609 1614 652 1641 ἵνα
672 1614 757 1651 δείξῃ,
778 1616 819 1642 ὅτι
837 1616 876 1650 τῷ
895 1616 952 1643 δντι

165 1660 260 1696 Σωτήρ
282 1661 356 1686 ἐστι’
378 1660 426 1687 καὶ
445 1659 599 1692 ἀποθανὼν,
615 1662 648 1696 τῇ
665 1662 755 1688 πίστει
772 1664 951 1698 καρποφορεῖ.

172 1706 234 1732 Ἐπὶ
245 1706 350 1739 τούτοις
365 1706 488 1739 ἐξίστατο
503 1706 596 1733 λοιπὸν
612 1707 719 1743 ἀληθῶς
735 1709 749 1734 6
759 1708 890 1740 διάϐολος,
906 1708 954 1735 καὶ

166 1753 240 1779 πᾶσα
263 1752 356 1779 τοῦτον
381 1753 494 1784 εἰκότως
516 1753 572 1788 (20)
585 1754 687 1789 ἀπορία
710 1756 852 1790 κατείχεψ
881 1753 954 1790 ἐώρα

165 1798 221 1834 γὰρ
233 1798 314 1825 αὑτὸν
328 1798 508 1831 ἀπολέσαντα,
523 1799 570 1826 καὶ
581 1799 627 1826 τὸν
636 1799 736 1836 λῃστὴν
745 1801 773 1826 ἐν
784 1800 822 1836 τῷ
833 1800 952 1836 σταυρῷ,

166 1845 215 1872 καὶ
228 1845 258 1871 ὃν
273 1844 365 1871 ἔπεισε
380 1844 464 1871 πάλαι
477 1845 628 1880 λῃστεύειν,
642 1846 715 1881 ἐώρα
737 1846 830 1873 τοῦτον
845 1846 955 1873 πιστεύ-

168 1898 267 1917 σαντα·
292 1890 339 1917 καὶ
353 1889 383 1917 ὃν
403 1889 546 1926 παρώξυνε
569 1891 749 1926 βλασφημεῖν,
764 1892 858 1918 τοῦτον
881 1891 955 1927 ἐώρα

167 1936 371 1972 προσκυνοῦντα
390 1937 435 1963 τὸν
449 1937 560 1973 Κύριον,
574 1937 621 1963 καὶ
634 1938 834 1973 ἐπιπλήττοντα
849 1938 896 1965 καὶ.
916 1937 954 1974 τῷ

166 1982 239 2018 ἄλλῳ
263 1982 358 2019 λῃστῇ.
380 1983 479 2018 μᾶλλον
497 1983 525 2009 δέ
546 1983 586 2019 τῷ
606 1985 635 2010 ἐν
654 1983 693 2019 τῷ
715 1984 800 2019 λῃστῇ
827 1984 952 2019 διαϐόλῳ.

173 2029 317 2064 Ἐτρύχετο
340 2029 368 2055 δὲ
393 2029 483 2062 πάλιν,
507 2030 548 2056 ὅτι
569 2030 598 2056 ὃν
620 2029 657 2061 ὡς
680 2030 780 2066 λῃστὴν
801 2030 954 2064 ἀπέκτεινε,

167 2075 261 2101 τοῦτον
278 2074 360 2101 πάλιν
376 2075 594 2110 μεταφερόμενον
607 2075 679 2111 ἐώρα
692 2077 720 2101 ἐν
735 2075 773 2110 τῷ
787 2075 955 2112 παραδείσῳ.

202 2120 248 2148 24.
266 2119 351 2155 Ὁρῶν
367 2120 395 2146 δὲ
416 2120 462 2146 καὶ
485 2121 574 2147 πᾶσαν
589 2121 670 2147 αὑτοῦ
687 2121 735 2156 τὴν
748 2121 897 2148 πανοπλίαν
916 2123 956 2158 ῥι-

169 2169 274 2202 φεῖσαν,
289 2167 336 2193 καὶ
347 2167 387 2192 ὅτι
398 2166 448 2193 οὐκ
457 2164 490 2202 ἦν
505 2167 669 2203 ἀμυντήριον
691 2167 815 2203 πεμφθὲν
826 2168 891 2204 παρ’
909 2169 957 2195 αὑ-

994 240 1088 271 posset
1110 237 1168 271 ipse
1190 244 1251 263 sese
1274 236 1380 264 salvum
1396 236 1506 270 lacere;
1527 236 1575 264 sed
1597 237 1736 264 metuebat
1751 244 1786 264 ne

995 283 1056 310 aliis
1077 283 1152 310 salus
1173 281 1334 310 elIicerelur.
1356 281 1424 309 Nam
1448 283 1470 309 si
1493 282 1576 309 semei
1600 283 1784 318 cognovisset,

995 328 1064 355 alios
1078 328 1167 362 ipsum
1186 335 1266 362 posse
1281 328 1373 355 salvos
1386 327 1486 358 facere,
1501 327 1569 354 nihil
1584 327 1696 354 dubium
1713 332 1782 360 erat,

995 380 1058 400 eum
1073 372 1119 407 qui
1137 373 1198 400 aliis
1214 373 1330 400 salutem
1355 372 1519 408 impertiret,
1535 381 1597 400 esse
1614 372 1786 400 Salvatorem

996 423 1079 453 atque
1095 419 1191 445 vitam.

1030 464 1076 491 25.
1091 463 1129 490 Ea
1145 463 1228 498 igitur
1239 463 1273 490 de
1288 470 1371 491 causa
1383 464 1608 491 eonviciabantur
1619 464 1669 497 illi,
1681 472 1715 491 ne
1725 464 1790 491 aliis

996 509 1071 537 salus
1090 509 1178 537 ﬁeret.
1196 509 1315 536 Noverat
1336 509 1408 536 enim
1425 510 1471 536 illc
1489 514 1627 541 versutus,
1646 518 1700 536 non
1716 510 1787 536 mori

996 555 1106 591 quidem
1128 555 1292 589 Dominum;
1311 556 1358 583 sed
1381 556 1441 590 ejus
1458 561 1583 590 mortem,
1604 555 1688 583 vitam
1712 556 1787 583 salu-

997 606 1108 637 temque
1127 602 1256 629 omnibus
1279 601 1348 629 fore.
1369 601 1552 635 Quamobrem
1574 602 1683 629 volebat
1710 602 1787 628 illum

997 655 1031 674 ex
1045 655 1128 675 cruce
1147 647 1326 680 descendere,
1348 656 1435 683 eoque
1458 648 1570 675 deduxit
1585 647 1738 676 Pbarisaaos
1759 652 1791 675 ut

998 701 1028 721 se
1039 694 1192 721 credituros
1203 694 1416 729 pollicerentur;
1430 699 1503 722 utea
1518 695 1612 722 saltem
1629 695 1788 729 promissio-

999 747 1033 767 ne
1045 747 1105 774 quze
1119 739 1228 767 volebat
1245 745 1474 776 consequeretur.
1492 740 1623 768 Dominus
1638 745 1728 767 autem
1747 749 1789 768 re-

998 794 1063 813 vera
1081 786 1217 820 Salvator,
1232 787 1278 822 qui
1300 794 1355 814 non
1372 794 1432 818 sua,
1455 786 1502 814 sed
1527 792 1621 814 nostra
1636 791 1788 821 quaereret;

999 842 1054 861 non
1069 842 1101 862 ex
1115 834 1227 869 ecquod
1245 842 1305 862 sese
1319 835 1424 862 salvum
1441 833 1555 866 faceret,
1569 834 1616 861 sed
1625 842 1659 861 ex.
1673 841 1706 861 eo
1716 834 1791 869 quod

1000 882 1140 907 creaturas
1153 879 1311 911 redimeret,
1323 880 1430 907 volebat
1448 879 1574 907 Salvator
1588 880 1711 914 agnosci.
1728 879 1792 907 Non

1000 923 1073 951 enim
1089 923 1222 955 medicus,
1236 925 1308 958 quod
1325 932 1410 952 sanus
1429 925 1486 959 ipse
1505 925 1550 956 sit,
1566 926 1688 952 medicus
1705 933 1790 959 agno-

1000 973 1107 1002 scetur;
1126 968 1178 996 uisi
1200 970 1274 996 circa
1293 974 1411 1004 aegrotos
1428 976 1507 997 suam
1527 969 1653 996 exhibeat
1679 974 1764 997 artem
1781 977 1788 996 :

1000 1019 1027 1042 et
1047 1015 1088 1042 sol
1109 1022 1163 1042 non
1185 1015 1207 1042 si
1222 1013 1252 1042 in
1272 1023 1302 1042 se
1327 1015 1418 1042 radios
1441 1015 1596 1046 contrahat,
1621 1023 1671 1050 pro
1688 1016 1791 1043 lumine

1001 1066 1176 1097 agnoscetur,
1199 1061 1252 1089 nisi
1279 1069 1327 1097 per
1342 1062 1436 1089 orbem
1455 1061 1517 1090 illos
1541 1061 1685 1095 dill'undat,
1703 1062 1795 1098 iisque

1001 1107 1130 1134 tenebras
1153 1107 1282 1134 illustret.
1307 1106 1345 1133 lta
1361 1115 1471 1142 quoque
1495 1107 1627 1134 Dominus
1653 1115 1708 1134 non
1731 1115 1792 1135 sese

1002 1153 1106 1181 salvum
1123 1153 1188 1180 fecit
1204 1161 1210 1179 ε
1226 1160 1290 1180 nam
1310 1153 1399 1180 salute
1412 1161 1467 1180 non
1492 1154 1588 1188 egebat
1604 1154 1650 1189 qui
1668 1153 1794 1181 Salvator

1001 1203 1075 1226 esset
1089 1208 1096 1224 :
1110 1198 1156 1226 sed
1172 1207 1220 1234 per
1233 1199 1364 1226 beneﬁcia
1380 1199 1443 1226 aliis
1457 1200 1556 1226 collata
1570 1200 1677 1227 volebat
1687 1199 1722 1226 ab
1734 1208 1794 1227 om-

1001 1245 1084 1271 nibus
1101 1243 1228 1272 Salvator
1245 1245 1368 1280 agnosci.
1385 1244 1439 1272 Sed
1462 1253 1512 1272 nec
1533 1253 1566 1272 ex
1580 1253 1663 1273 cruce
1676 1246 1789 1274 descen~

1002 1290 1102 1323 dendo,
1119 1291 1206 1318 voluit
1223 1291 1300 1318 nosci
1316 1290 1402 1318 Filius
1419 1290 1476 1324 Dei,
1490 1291 1536 1319 sed
1554 1291 1581 1319 in
1599 1300 1630 1319 ea
1645 1292 1789 1319 manendo.

1003 1337 1133 1372 Majorem
1156 1338 1228 1365 enim
1245 1338 1325 1364 (idem
1352 1338 1524 1373 salutemque
1544 1346 1618 1366 mors
1641 1338 1793 1365 Salvatoris

1003 1383 1082 1411 atteri.
1106 1384 1275 1415 hominibus,
1305 1391 1387 1418 quam
1413 1383 1552 1411 attulisset
1579 1384 1731 1412 descensus
1759 1384 1793 1412 de

1003 1436 1095 1456 cruce.
1109 1428 1189 1456 Certe
1201 1429 1335 1463 pendente
1344 1428 1433 1455 adhuc
1450 1429 1477 1455 in
1494 1436 1577 1455 cruce
1593 1428 1720 1461 Domino,
1734 1437 1793 1456 mo-

1004 1480 1134 1502 numenta
1154 1475 1358 1510 aperiebantur,
1378 1475 1480 1510 quique
1492 1475 1520 1501 in
1536 1475 1570 1502 iis
1584 1475 1713 1509 iacebant
1726 1475 1794 1503 salvi

1003 1521 1209 1550 elﬁciebantur:
1227 1522 1297 1549 latro
1316 1525 1406 1549 autem
1425 1529 1579 1557 suspensus
1591 1521 1617 1548 in
1632 1522 1723 1556 ipsum
1736 1530 1795 1549 crc-

1003 1569 1087 1602 didit;
1105 1572 1135 1595 ut
1149 1569 1238 1603 palam
1250 1568 1353 1596 faceret
1369 1576 1399 1596 se
1412 1576 1507 1596 revera
1521 1567 1692 1595 Salvator-em
1708 1577 1770 1596 esse
1786 1577 1792 1594 :

1002 1618 1085 1649 atque
1101 1615 1222 1641 moriens
1239 1614 1302 1641 ﬁdei
1315 1614 1434 1641 fructum
1453 1613 1662 1648 multiplicabat.
1678 1613 1718 1640 Ad
1737 1613 1795 1641 haec

1003 1667 1070 1688 sane
1085 1659 1227 1694 obstupuit
1242 1659 1379 1691 diabolus,
1396 1666 1558 1694 summaque
1576 1659 1726 1691 anxietate,
1744 1667 1795 1687 nec

1003 1705 1151 1737 immerito,
1172 1709 1317 1739 correptus
1334 1704 1395 1738 fuit,
1414 1704 1480 1731 dum
1498 1708 1623 1732 cerneret
1638 1713 1667 1732 se
1690 1705 1718 1731 in
1734 1712 1796 1740 per-

1004 1750 1103 1778 niciem
1117 1751 1167 1784 ire,
1181 1751 1316 1778 latronem
1325 1758 1390 1778 vero
1407 1750 1435 1777 in
1447 1757 1540 1782 cruce,
1559 1750 1603 1777 eui
1617 1751 1680 1776 olim
1693 1750 1795 1777 furtum

1005 1800 1140 1829 suaserat,
1165 1796 1277 1824 credere
1298 1803 1306 1823 :
1328 1803 1464 1831 quemque
1489 1795 1524 1823 ad
1551 1795 1795 1831 biaspbemandum

1004 1842 1170 1874 concitarat,
1196 1841 1265 1869 vidit
1294 1841 1410 1869 adorare
1434 1841 1599 1874 Dominum,
1625 1842 1796 1878 alterumque

1006 1889 1141 1916 latronem
1168 1889 1321 1923 increpare,
1349 1888 1405 1915 imo
1422 1888 1512 1923 potius
1538 1888 1565 1915 in
1584 1889 1688 1916 latrone
1701 1889 1798 1915 diabo-

1005 1935 1074 1963 lum.
1093 1934 1311 1962 Exerueiahatur
1335 1935 1452 1967 iterum,
1477 1935 1549 1970 quod
1575 1942 1674 1970 quem,
1701 1940 1730 1962 ut
1759 1935 1798 1961 la—

1006 1985 1113 2008 tronem
1135 1981 1286 2013 occiderat,
1307 1981 1433 2008 eumdem
1462 1981 1568 2009 videret
1592 1982 1620 2009 in
1638 1981 1801 2018 paradisum

1005 2027 1161 2055 transferri.

1042 2117 1087 2145 2i.
1105 2116 1210 2144 Vidcns
1227 2121 1317 2144 autem
1334 2116 1426 2144 omnia
1442 2125 1492 2144 sua
1509 2124 1585 2144 arma
1603 2116 1718 2151 dejeeta,
1732 2117 1792 2144 nul

1006 2164 1118 2199 lumque
1133 2171 1147 2190 a
1168 2171 1198 2191 se
1216 2163 1369 2190 immissum
1383 2162 1468 2190 fuisse
1484 2163 1529 2190 teli
1545 2171 1643 2198 genus,
1656 2162 1728 2198 quod
1742 2171 1800 2190 ﬂle

168 2212 226 2244 τοῦ,
245 2213 260 2238 ὃ
278 2212 315 2248 μὴ
336 2212 477 2248 ἠκύρωσεν
495 2213 508 2239 6
524 2213 635 2249 Κύριος,
657 2213 727 2240 κατὰ
744 2214 776 2241 τὺ
795 2215 951 2250 γεγραμμέ-

1009 2208 1063 2245 7'6
1083 2214 1157 2237 esset
1181 2217 1196 2236 a
1220 2208 1335 2235 Domino
1360 2208 1542 2239 confractum,
1567 2207 1799 2242 quemadmodum

169 2266 228 2284 νον·
251 2267 260 2283 ι
277 2258 331 2284 Τοῦ
353 2257 451 2293 ἐχθροῦ
468 2257 589 2290 ἐξέλιπον
610 2259 639 2285 αἱ
662 2261 794 2295 ρομφαῖαι
815 2261 854 2292 εἰς
870 2261 956 2292 τέλος,

171 2304 216 2330 καὶ
237 2303 329 2335 πόλεις
351 2302 485 2336 καθεῖλες,
502 2313 512 2329 ι
536 2303 580 2330 διὰ
600 2303 679 2331 τοῦτο
704 2306 868 2341 ἐταράσσετο
890 2305 956 2341 (50),

172 2351 216 2377 καὶ
241 2349 363 2386 ἀπορῶν,
392 2350 544 2385 πεπείρακε
561 2350 654 2377 λοιπον
675 2350 766 2378 δοῦναι
791 2350 830 2386 τῷ
852 2351 957 2387 Σωτῆρι

172 2398 242 2423 πιεῖν
258 2396 319 2430 ὅξος
338 2396 407 2431 μετά
420 2396 502 2432 χολῆς
512 2404 518 2411 ·
535 2395 602 2423 ἀλλὰ
622 2397 669 2423 καὶ
685 2397 765 2423 τοῦτο
783 2397 846 2424 καθ’
862 2397 956 2423 ἐαυτοῦ

173 2443 382 2475 κατασκευάζων
398 2442 500 2477 ἠγνόει.
516 2442 553 2469 Τὸ
569 2442 623 2478 γὰρ
642 2442 740 2478 πικρὺν
755 2443 805 2478 τῆς
821 2442 915 2479 ὀργῆς,
927 2443 957 2470 τὺ

172 2489 214 2516 διὰ
233 2489 282 2524 τὴν
298 2488 451 2526 παράϐασιν
466 2488 513 2515 τοῦ
527 2489 610 2524 νόμου
626 2488 780 2524 γενόμενον,
798 2489 827 2516 ἐν
846 2485 869 2523 ᾧ
887 2489 956 2515 πάν-

172 2545 220 2568 τας
235 2536 371 2570 κατεῖχεν,
393 2534 519 2561 ἀπεδίδου
540 2534 581 2569 τῷ
597 2535 720 2570 Σωτῆρι⁸
744 2534 792 2561 καὶ
809 2534 958 2570 λαμϐάνων

173 2583 272 2613 ἐκεῖνος
286 2581 415 2618 ἀνήλισκε
429 2581 475 2608 καὶ
487 2580 620 2614 ἐξεκένου,
631 2581 674 2607 ἵνα
687 2581 747 2607 ἀντὶ
759 2580 808 2616 μὲν
820 2580 866 2607 τοῦ
880 2580 958 2614 ὄξους

205 2670 228 2688 ⁷⁸
246 2669 321 2698 Psal.
340 2677 384 2701 lx,
404 2669 429 2695 '1.

208 2760 265 2795 (Ξῖ)
283 2759 396 2795 Regius,
411 2759 554 2795 ἐγίνωσκε,
570 2757 695 2795 secunda
719 2764 813 2783 manu.
835 2754 906 2795 Editi
929 2760 956 2783 et

175 2791 231 2827 alii,
247 2791 402 2830 ἐγίνωσκον.
420 2791 542 2830 mrum
568 2792 650 2830 Regio
665 2795 726 2827 post
742 2791 888 2830 σωτηρίαν,
910 2799 955 2819 se-

177 2813 363 2857 ;iiii’datmam’i
373 2830 406 2857 ad
423 2829 570 2864 marginem
587 2813 707 2860 additur,
725 2827 770 2853 καὶ
784 2813 866 2862 ζῶιῆν.

211 2865 265 2900 (28)
286 2866 356 2898 Ἔτι,
373 2865 450 2892 deest
463 2864 491 2891 in
504 2863 661 2898 Anglicauo.

1009 2257 1141 2291 scriptum
1152 2259 1213 2282 est:
1231 2264 1240 2279 ι
1257 2253 1362 2281 Inimici
1375 2254 1534 2281 defecerunt
1546 2254 1653 2280 frontes:
1665 2253 1692 2280 in
1704 2254 1795 2285 ﬁnem,

1009 2307 1036 2330 et
1052 2303 1176 2329 civitates
1184 2299 1396 2333 destruxisti";
1413 2310 1423 2326 ι
1440 2300 1501 2327 ideo
1519 2300 1698 2327 conturbatus
1707 2304 1734 2328 et
1748 2308 1797 2327 an-

1009 2349 1081 2381 xius,
1099 2348 1268 2375 Salvatorcm
1293 2347 1403 2374 demum
1427 2347 1542 2374 tentavit
1565 2352 1660 2382 potare
1685 2346 1748 2374 felle
1770 2351 1798 2374 et

1008 2398 1109 2421 aceto:
1126 2394 1172 2421 sed
1190 2393 1334 2429 ignorabat
1356 2392 1474 2428 idipsum
1497 2393 1525 2418 in
1549 2399 1609 2419 sese
1629 2392 1728 2419 moliri.
1749 2392 1798 2419 lne

1009 2441 1109 2475 quippe
1134 2440 1310 2467 acerbitatem
1334 2447 1368 2467 ex
1388 2438 1606 2474 transgressione
1632 2438 1699 2473 legis
1714 2439 1797 2466 obor-

1010 2489 1077 2519 tam,
1096 2485 1124 2512 in
1138 2493 1192 2520 qua
1213 2485 1352 2512 detinebat
1373 2485 1527 2517 universos,
1554 2483 1691 2511 salvatori
1713 2485 1800 2511 tradi—

1011 2533 1050 2560 dit
1068 2543 1074 2560 :
1093 2541 1173 2568 quam
1201 2533 1246 2560 ille
1263 2537 1402 2567 acceptam
1431 2533 1580 2567 assumpsit
1604 2537 1631 2559 et
1645 2533 1800 2564 evacuavit,

1011 2583 1042 2607 ut
1058 2587 1108 2615 pro
1123 2583 1213 2613 aceto,
1231 2579 1305 2615 quod
1321 2578 1433 2606 miscuit
1450 2578 1583 2612 sapientia
1601 2579 1695 2606 vinum
1719 2578 1802 2607 nobis

1045 2755 1101 2794 (29)
1121 2756 1249 2794 Εζκότως,
1262 2755 1338 2794 deest
1354 2756 1381 2794 in
1395 2757 1503 2794 Anglic.
1516 2756 1588 2794 Mox,
1602 2757 1711 2794 Regius,
1724 2758 1798 2794 ἑώρα

1009 2791 1062 2862 γὰρ
1077 2791 1181 2818 ἑαυτόν.
1191 2791 1268 2832 .Editi
1284 2799 1358 2824 vero,
1371 2791 1450 2831 ὲώ-ρα
1460 2793 1514 2834 γὰρ
1529 2793 1619 2819 αὐτόν.

1057 2826 1100 2862 50)
1120 2827 1296 2862 Anglicanus,
1309 2826 1354 2854 διὰ
1367 2836 1446 2854 τουτο
1455 2827 1483 2854 δὲ
1499 2836 1579 2862 εταρ.

1057 2826 1100 2862 50)
1120 2827 1296 2862 Anglicanus,
1309 2826 1354 2854 διὰ
1367 2826 1446 2854 τοῦτο
1455 2827 1483 2854 δὲ
1499 2826 1579 2862 ἐταρ.
