1915 3057
114 119 167 146 227

679 120 706 148 S.
725 119 959 148 ATHANASIUS.
978 136 1012 140 —
1031 119 1146 148 DUBIA.

1681 119 1733 146 228

116 177 267 213 potandum
288 178 386 206 daret:
402 186 451 214 pro
467 177 538 210 felle,
554 178 663 214 eloquia
683 179 762 206 melle
787 181 813 205 et
837 177 893 204 favc

948 176 977 202 ὅν
993 177 1123 212 ἐκέρασεν
1136 173 1207 203 οἶνον
1221 176 1237 211 ἡ
1251 175 1331 210 σοφία
1345 175 1443 212 ποτίσῃ
1458 176 1548 211 ἡμᾶς·
1567 175 1627 202 ἀντὶ
1642 175 1670 203 δὲ
1684 178 1733 212 τῆς

115 225 240 252 dulciora
262 224 343 252 nobis
357 225 509 259 impertiret
523 232 528 249 :
545 229 572 252 et
589 233 638 259 pro
657 232 689 252 eo
713 224 785 259 quod
805 227 899 250 nostra

115 275 263 305 gustasset,
279 271 357 297 nobis
374 271 476 297 diceret
492 280 498 297 :
516 280 526 296 ‹
541 270 654 298 Gustale
673 274 701 297 et
720 270 819 299 videte,
831 277 899 304 quo-

115 315 188 343 niam
204 317 296 343 suavis
314 320 356 343 est
370 316 542 343 Dominus”.
559 326 568 342 ›
587 316 621 343 Ut
632 321 721 343 autem
738 323 771 343 eo
785 315 897 346 excidit,

115 366 198 396 atque
213 363 345 396 spoliatus
366 366 417 394 est,
442 362 603 396 pudefactus
625 362 746 393 demum,
759 362 854 388 incidit
871 361 898 388 in

116 408 233 442 aliquam
256 408 450 442 suspicionem,
465 408 528 434 dum
547 408 611 434 talia
627 412 762 440 cerneret,
781 415 810 434 se
825 407 898 434 scili-

115 459 158 480 cet
172 462 226 480 non
235 458 329 480 contra
345 455 492 486 hominem,
506 455 553 481 sed
563 459 658 481 contra
668 454 750 481 Deum
766 461 895 488 pugnare.

115 499 228 527 Videbat
244 501 316 528 enim
341 501 440 535 quibus
462 501 489 527 in
506 501 586 528 rebus
603 509 698 528 omnes
720 508 817 535 capere
837 505 897 527 ten-

114 550 193 575 taret.
215 547 241 572 in
268 546 363 573 iisdem
388 554 417 574 se
442 547 545 581 pudore
567 547 647 578 allici,
666 547 806 581 magisque
833 545 895 576 labi,

113 599 194 626 quam
208 592 324 626 dejicere
339 593 426 619 alios:
444 592 607 627 demumque
629 591 755 619 secedere
775 591 897 622 tentavit,

114 644 146 664 ac
158 636 286 672 fugiendo
304 641 379 671 terga
396 637 470 664 dare.
488 638 555 665 Dum
571 639 642 665 enim
656 645 717 665 cum
733 644 896 672 suspensum

112 686 237 710 cerneret
260 687 373 709 mortem
398 683 577 710 nihilominus
603 684 740 718 persequi,
758 683 847 709 timuit
862 690 898 709 ne

112 727 158 754 hic
179 732 254 755 esset
269 728 302 754 de
321 735 376 762 quo
399 729 531 762 scriptum
546 733 587 755 est
600 737 606 753 :
621 728 790 755 Exaltahitur
806 727 896 754 Domi-

112 782 174 806 nus,
187 777 217 800 ut
235 773 398 800 misereatur
418 774 516 800 nostri.
531 774 597 806 Qum
612 781 695 800 causa
710 777 779 805 erat,
793 777 823 799 ut
838 780 897 799 om-

112 819 157 845 nia
173 818 326 852 relinquere
338 822 364 844 et
379 818 472 853 fugere
498 824 616 852 pararet,
639 818 764 845 invidens
778 818 811 844 iis
826 825 895 852 quos

112 865 257 890 miseratus
279 864 323 890 ille
342 867 426 891 esset.
444 863 497 890 Sed
521 864 652 891 Dominus
672 872 735 891 vere
761 863 895 895 Salvator,
912 855 932 880 Β

111 911 208 938 nolens
231 918 292 937 eum
309 910 422 936 illaesum
439 910 524 942 abire,
547 917 597 936 nec
621 910 806 944 imperfectum
828 919 896 946 opus

110 955 246 987 deserere,
264 962 351 989 neque
373 962 430 988 eos,
449 956 495 989 qui
518 955 545 981 in
561 955 667 982 inferno
682 959 770 987 erant,
785 956 896 984 inimico

110 999 250 1027 dedititios
269 1001 432 1034 relinquere,
454 1008 552 1035 magno
575 1001 747 1035 mirabilique
762 1006 895 1037 stratage-

111 1049 182 1072 mate
203 1053 270 1072 usus
293 1050 345 1072 est.
366 1045 432 1072 Cum
455 1046 527 1071 enim
549 1045 679 1072 audacem
698 1047 772 1072 illum
789 1047 896 1080 percul-

109 1098 182 1121 sum,
197 1095 358 1117 trementem
379 1095 405 1117 et
426 1090 617 1118 formidantem
638 1096 772 1123 cerneret,
786 1100 895 1119 rursum

109 1144 139 1164 se
151 1137 275 1164 decidere
294 1137 415 1169 simulat,
431 1141 461 1162 ut
476 1136 650 1164 accedentem
672 1137 822 1169 inimicum,
837 1145 895 1164 om-

109 1184 175 1210 nino
188 1183 337 1217 subigeret.
350 1183 436 1209 Draco
446 1183 518 1210 enim
530 1184 639 1210 nolebat
653 1185 722 1211 mori
740 1183 893 1216 Dominum,

109 1233 157 1254 aut
171 1228 289 1262 pendere
303 1228 330 1254 in
349 1228 432 1262 ligno,
454 1228 502 1255 sed
521 1229 630 1262 optabat
649 1233 677 1255 ut
702 1228 833 1257 Domitius
848 1230 894 1257 de-

109 1275 250 1302 scenderet
263 1274 296 1300 de
318 1282 410 1305 cruce,
427 1279 454 1301 ct
473 1282 528 1301 non
543 1279 710 1308 moreretur;
733 1280 779 1302 aut
799 1277 821 1303 si
839 1285 894 1303 non

109 1319 306 1351 descendisset,
322 1323 351 1345 ut
367 1323 489 1346 maneret
507 1320 533 1346 in
546 1327 629 1346 cruce
640 1320 760 1354 quidem,
775 1320 820 1347 sed
839 1329 894 1348 non

109 1371 270 1393 moreretur.
287 1365 423 1393 Metuebat
439 1366 525 1397 enim,
548 1374 583 1393 ne
598 1366 624 1393 id
646 1367 722 1393 lierct
737 1367 808 1402 quod
824 1369 894 1394 scri-

109 1415 184 1445 ptum
206 1415 269 1438 est;
289 1421 298 1436 (
317 1411 436 1446 Spiritus
458 1411 566 1438 Domini
586 1419 670 1446 super
690 1421 743 1444 me,
767 1421 799 1440 eo
821 1413 892 1448 quod

109 1457 217 1483 unxerit
239 1465 281 1484 me
293 1477 300 1489 ,
323 1458 510 1492 evangelizare
532 1459 697 1493 pauperibus
710 1459 784 1486 misit
798 1467 849 1492 me,
866 1463 892 1487 et

108 1502 255 1537 praadicare
275 1503 390 1537 captivis
409 1504 611 1536 remissionem,
623 1509 649 1532 et
665 1505 744 1533 caecis
757 1506 833 1533 visus
848 1514 892 1533 re-
906 1520 928 1548 α

107 1548 317 1575 stitutionem".
333 1558 342 1574 ι
356 1548 538 1582 Quamobrem
560 1551 706 1583 metuebat,
731 1559 765 1578 ne
781 1552 826 1578 hic
849 1552 894 1579 ille

106 1599 179 1621 esset
192 1598 291 1622 unctus
309 1598 336 1622 et
357 1596 470 1628 missus,
490 1603 522 1623 ac
539 1604 573 1624 ne
592 1596 700 1624 demum
717 1598 845 1626 omnibus
861 1599 894 1625 li-

107 1640 200 1668 bertas
216 1641 294 1668 foret.

138 1729 182 1755 23'.
197 1729 330 1757 Omnibus
345 1730 437 1765 itaque
449 1731 579 1762 nudatus,
595 1732 707 1766 optabat
723 1732 823 1760 inferni
839 1733 894 1760 sal-

107 1777 160 1801 tem
187 1774 330 1808 imperium
354 1779 456 1803 tenere.
477 1777 536 1803 Alia
561 1778 695 1812 siquidem
725 1779 749 1805 ci
777 1779 894 1806 formido

106 1822 177 1848 erat,
192 1825 256 1845 num
275 1818 298 1845 is
315 1823 387 1846 esset
401 1820 446 1854 qui
471 1822 597 1849 tenebras
615 1823 774 1855 illustraret,
792 1825 825 1851 de
839 1833 893 1859 quo

107 1863 242 1897 scriptum
256 1867 317 1890 est:
334 1873 342 1887 ι
360 1864 468 1892 Galilaaa
484 1868 616 1900 gentium,
641 1869 756 1902 populus
769 1870 815 1904 qui
836 1878 894 1897 am-

107 1907 218 1934 bulabat
236 1908 262 1934 in
279 1909 408 1940 tenebris,
423 1911 491 1936 vidit
504 1911 590 1938 lucem
609 1914 774 1947 magnam".
794 1924 803 1940 ι
817 1915 893 1942 lllum

106 1955 179 1980 enim
199 1954 320 1980 audierat
341 1955 377 1981 ita
400 1956 574 1991 loquentem:
591 1966 601 1982 ε
619 1958 675 1993 Ego
694 1967 755 1986 sum
777 1960 865 1990 lux”.
882 1973 890 1988 ι

108 1998 186 2027 Unde
208 2002 344 2028 metuebat
360 2010 393 2029 ne
414 2008 579 2036 moreretur,
601 2010 628 2032 et
643 2006 700 2041 ipse
717 2015 749 2034 ex
765 2009 893 2036 omnibus

107 2046 307 2073 exturbaretur.
322 2046 453 2076 Dominus
467 2057 549 2084 porro
564 2059 626 2077 cum
649 2052 725 2079 illum
742 2052 831 2088 fugam
846 2063 894 2089 pa-

108 2100 169 2119 rare
185 2096 318 2124 cerneret,
333 2102 367 2121 ne
378 2095 533 2123 elaberetur
549 2097 687 2130 inimicus,
702 2107 783 2127 voces
794 2101 893 2127 emittit

108 2138 243 2166 humanas
256 2159 263 2171 ,
288 2147 424 2174 vocesque
447 2141 612 2170 infirmitatis
626 2163 632 2174 ,
658 2144 754 2172 aiens:
773 2155 782 2170 ε
802 2145 890 2178 Elohi,

950 221 1030 256 χολῆς
1044 221 1078 248 τὰ
1089 221 1243 256 γλυκύτερα
1264 221 1332 256 ὑπὲρ
1348 221 1408 256 μέλι
1427 222 1473 247 καὶ
1487 222 1582 256 κηρίον
1592 221 1668 255 λόγια
1685 231 1734 256 χα-

950 268 1057 303 ρίσηται
1070 269 1136 303 ἡμῖν
1148 276 1154 283 ⁸
1172 267 1218 294 καὶ
1233 268 1289 294 ἀνθ’
1303 266 1339 294 ὧν
1353 267 1433 299 αὐτὸς
1449 267 1578 301 ἐγεύσατο
1594 267 1626 294 τὰ
1643 268 1732 303 ἡμῶν,

950 314 1013 350 εἴπῃ
1029 314 1075 340 καὶ
1092 315 1156 349 ἡμῖν
1167 322 1174 329 ·
1189 324 1198 339 ι
1216 314 1362 347 Γεύσασθε,
1378 314 1423 340 καὶ
1439 314 1516 345 ἴδετε,
1533 315 1573 340 ὅτι
1587 315 1703 350 χρηστὸς
1718 317 1732 341 6

949 360 1060 396 Κύριος.
1077 369 1086 385 ι
1109 360 1152 390 Ὠς
1167 360 1194 386 δὲ
1210 361 1257 387 καὶ
1271 360 1364 388 τούτου
1380 361 1491 392 ἐξέπεσε
1507 361 1554 386 καὶ
1572 361 1729 396 ἐσκυλεύθη,

949 406 1153 441 καταισχυνθεὶς
1166 407 1267 439 λοιπὸν,
1281 407 1381 441 ὑποψία
1403 407 1482 432 αὐτόν
1502 415 1543 438 τις
1566 404 1647 442 εἶχεν,
1661 406 1731 442 ὀρῶν

947 453 982 479 τὰ
991 452 1150 488 τηλικαῦτα,
1165 453 1204 479 ὅτι
1216 453 1246 478 οὐ
1259 452 1325 488 πρὸς
1342 453 1493 487 ἄνθρωπον,
1509 452 1576 479 ἀλλά
1588 452 1656 488 πρὸς
1665 452 1731 478 Θεὸν

949 498 1134 532 ἀντιμάχεται.
1159 497 1246 533 Ἐὼρα
1271 499 1324 534 γὰρ
1350 499 1379 524 ἐν
1402 495 1441 530 οἷς
1462 499 1524 529 τοὺς
1547 498 1650 529 πάντας
1670 498 1732 533 ἐθή-

949 551 1035 578 ρευεν,
1054 544 1082 569 ἐν
1098 543 1201 574 τούτοις
1217 543 1312 570 ἑαυτὸν
1332 544 1587 578 καταισχυνόμενον,
1603 544 1649 570 καὶ
1665 544 1732 579 μᾶλ-

948 589 993 615 λον
1006 590 1138 623 πίπτοντα
1161 589 1176 624 ἢ
1191 589 1407 615 καταϐάλλοντα·
1429 589 1476 615 καὶ
1491 588 1583 615 λοιπὸν
1604 590 1731 624 ἐπειρᾶτο

948 638 1130 671 παραχωρεῖν,
1146 635 1192 662 καὶ
1207 635 1278 661 νῶτα
1299 635 1397 661 διδόναι
1415 637 1447 670 τῇ
1465 636 1548 670 φυγῇ,
1571 635 1657 670 Ὁρῶν
1677 635 1731 670 γὰρ

947 681 1026 706 αὐτὸν
1041 681 1223 716 κρεμάμενον,
1241 680 1288 706 καὶ
1311 679 1441 706 διώκοντα
1463 680 1507 706 τὸν
1531 679 1653 711 θάνατον,
1670 681 1732 713 ὲφο-

947 724 1017 760 ὒήθη
1032 726 1068 760 μὴ
1083 723 1157 756 οὗτος
1171 726 1238 757 ἐστι,
1259 725 1321 760 περὶ
1341 722 1370 752 οὗ
1389 725 1541 760 γέγρατπαι
1552 732 1558 738 '
1576 725 1732 760 ’Υψωθήσε-

946 779 990 798 ται
1007 771 1108 807 Κύριος
1120 770 1165 797 τοῦ
1182 771 1291 805 ἐλεῆσαι
1306 772 1389 806 ἡμᾶς.
1406 772 1459 798 Καὶ
1480 771 1524 798 διὰ
1539 771 1617 798 τοῦτο
1632 772 1732 807 μᾶλλον

947 817 1035 852 ἐζήτει
1057 817 1144 843 πάντα
1166 817 1333 847 καταλιπεῖν,
1363 817 1409 843 καὶ
1429 819 1534 851 φυγεῖν,
1556 817 1660 851 φθονῶν
1676 820 1731 849 τοῖς

948 863 1171 898 ἐλεηθησομένοις
1192 862 1257 897 παρ’
1274 862 1373 888 αὑτοῦ·
1399 862 1467 888 Ἀλλ’
1489 864 1502 889 6
1527 863 1636 898 Κύριος,
1660 865 1674 890 6
1692 864 1731 899 τῷ

947 909 1005 935 ὄντι
1021 908 1132 943 Σωτὴρ,
1155 909 1185 934 οὐ
1203 907 1286 934 θέλων
1303 908 1383 934 αὑτὸν
1404 908 1529 934 ἀπελθεῖν
1552 909 1653 943 ἀπαθῆ,
1672 910 1732 935 οὐδὲ

947 953 1039 984 ἀτελὲς
1061 954 1091 980 τὸ
1114 953 1193 989 ἔργον
1216 954 1387 988 καταλεῖψαι,
1407 955 1468 981 οὐδὲ
1494 956 1556 986 τοὺς
1577 956 1605 982 ὲν
1622 955 1659 990 τῷ
1681 956 1731 992 ᾄδῃ

947 999 1072 1031 ἐκδότους
1094 1001 1202 1034 ἀφεῖναι
1219 999 1256 1036 τῷ
1272 1000 1370 1036 ἐχθρῷ,
1389 1002 1574 1037 ἐστρατήγησε
1592 1002 1662 1036 μέγα
1685 1003 1730 1029 καὶ

947 1044 1101 1080 θαυμαστὸν
1134 1046 1222 1080 ἔργον.
1258 1046 1342 1081 Ὁρῶν
1375 1047 1430 1082 γὰρ
1463 1047 1542 1073 αὐτὸν
1576 1049 1732 1083 καταπτήσ-

947 1100 1026 1118 σοντα
1042 1091 1108 1125 (51),
1123 1092 1170 1118 καὶ
1180 1092 1326 1127 τρέμοντα,
1347 1093 1392 1118 καὶ
1407 1092 1545 1119 δειλιῶντα
1558 1093 1602 1119 τὸν
1617 1094 1729 1129 θρασὺν,

946 1135 1025 1162 πάλιν
1041 1136 1079 1168 ὡς
1096 1136 1254 1163 ὑποπίπτων
1268 1137 1474 1172 σχηματίζεται,
1492 1137 1533 1163 ἵνα
1550 1138 1730 1173 προσελθόντα

945 1181 989 1207 ’τὸν
1013 1181 1107 1216 ἐχθρὸν
1128 1182 1216 1208 τέλεον
1241 1182 1415 1217 χειρώσηται.
1441 1183 1469 1208 '0
1486 1183 1534 1218 μὲν
1554 1183 1608 1218 γὰρ
1623 1183 1730 1219 δράκων

945 1227 994 1252 οὐκ
1008 1226 1102 1261 ἤθελεν
1122 1227 1302 1262 ἀποθνήσκειν
1321 1227 1366 1253 τὸν
1385 1227 1496 1263 Κύριον,
1515 1228 1574 1254 οὐδὲ
1589 1229 1729 1264 κρεμάμε-

945 1281 988 1298 νον
1011 1273 1056 1298 ἐπί
1081 1272 1158 1304 ξύλον
1181 1273 1250 1307 (52)·
1274 1273 1320 1299 καὶ
1344 1273 1421 1308 ἤθελε
1441 1274 1490 1308 μὲν
1514 1275 1663 1309 καταϐῆναι
1685 1275 1730 1302 τὸν

944 1318 1045 1353 Κύριον
1062 1318 1115 1345 ἀπὸ
1127 1318 1173 1345 τοῦ
1193 1319 1307 1354 σταυροῦ
1322 1320 1368 1345 καὶ
1384 1320 1420 1355 μὴ
1434 1320 1576 1348 ἀποθανεῖν
1589 1330 1595 1336 ·
1611 1323 1635 1348 εἰ
1648 1322 1675 1349 at
1691 1322 1730 1357 μὴ

944 1365 1098 1397 κατέϐαινε,
1114 1366 1166 1392 κᾶν
1184 1366 1273 1400 μένειν
1295 1366 1374 1392 αὐτὸν
1396 1367 1489 1398 ἁπλῶς
1511 1369 1556 1394 ἐπὶ
1574 1368 1621 1395 τοῦ
1639 1369 1729 1401 ξύλου,

945 1410 991 1436 καὶ
1015 1410 1094 1445 μόνον
1118 1410 1154 1445 μὴ
1176 1409 1329 1436 ἀποθανεῖν.
1352 1411 1488 1444 Ἐφοϐεἶτο
1502 1411 1612 1447 γὰρ,μὴ
1634 1412 1664 1438 τὺ
1684 1421 1730 1446 γε·

944 1455 1103 1490 γραμμένον
1123 1455 1250 1491 γένηται’
1271 1465 1279 1481 ι
1299 1455 1409 1490 Πνεῦμα
1426 1457 1528 1492 Κυρίου
1549 1458 1592 1483 ἐπ’
1613 1457 1672 1492 ἐμὲ,
1693 1455 1723 1484 οὗ

944 1502 1045 1527 εἵνεκεν
1056 1501 1145 1537 ἔχρισὲ
1157 1511 1200 1536 με,
1212 1502 1435 1536 εὐαγγελίσασθαι
1447 1505 1563 1538 πτωχοῖς
1575 1504 1727 1531 ἀπέσταλκέ

946 1556 990 1582 με,
1009 1547 1055 1573 καὶ
1075 1547 1190 1582 κηρῦξαι
1213 1547 1394 1582 αἰχμαλώτοις
1413 1548 1519 1583 ἄςρεσιν,
1540 1549 1647 1584 τυφλοῖς
1668 1551 1730 1577 ἀνάη

945 1593 1048 1628 ϐλεψιν,
1068 1602 1076 1619 ι
1099 1594 1153 1620 Καὶ
1168 1593 1211 1620 διὰ
1228 1593 1306 1620 τοῦτο
1324 1593 1454 1629 ἐφοϐήθη,
1480 1595 1516 1630 μὴ
1533 1593 1608 1626 οὗτός
1631 1596 1729 1622 ὲστινὸ

943 1639 1064 1675 χρισοεὶς
1087 1641 1133 1666 καὶ
1155 1640 1326 1673 ἀποσταλεὶς,
1345 1641 1391 1667 καὶ
1416 1640 1508 1668 λοιπὸν
1526 1641 1579 1668 τῶν
1599 1642 1727 1669 ἁπάντων

944 1686 1082 1721 ἐλευθερία
1100 1686 1219 1720 γένηται.

978 1733 1023 1760 25.
1037 1732 1193 1767 Γυμνωθεὶς
1204 1729 1250 1758 οὖν
1264 1732 1316 1758 ἀπὸ
1330 1731 1376 1758 τοῦ
1389 1733 1497 1765 παντὸς,
1512 1732 1609 1768 ηὔχετο
1620 1733 1670 1760 κᾶν
1681 1733 1728 1760 τοί

943 1777 1005 1813 ᾅδου
1023 1779 1144 1813 κρατεῖν.
1161 1777 1245 1804 Πάλιν
1259 1778 1313 1813 γὰρ
1330 1779 1462 1812 ἐφοὸεῑτο,
1480 1779 1517 1814 μὴ
1534 1777 1610 1810 οὗτός
1626 1779 1698 1806 ἐστιν
1713 1781 1729 1806 6

943 1824 989 1849 καὶ
1013 1823 1042 1849 τὸ
1071 1823 1163 1854 σκότος
1190 1823 1383 1858 καταλάμπων,
1414 1824 1476 1859 περὶ
1500 1821 1530 1850 οὗ
1558 1825 1725 1860 γέγραπταγ

946 1878 955 1894 ί
978 1868 1106 1895 Γαλιλαία
1123 1868 1177 1895 τῶν
1194 1868 1288 1900 ἐθνῶν,
1305 1870 1319 1895 ὁ
1338 1869 1401 1902 λαὸς
1420 1870 1434 1895 6
1455 1870 1607 1906 καθήμενος
1622 1871 1651 1897 ἐν
1666 1871 1728 1897 σκό-

942 1924 993 1947 τει,
1021 1915 1078 1950 φῶς
1101 1914 1153 1942 εἶδε
1176 1915 1258 1950 μέγα.
1276 1925 1285 1941 ι
1306 1917 1361 1943 Καὶ
1384 1916 1437 1952 γὰρ
1459 1917 1505 1943 καὶ
1526 1917 1623 1952 ἤκουεν
1645 1917 1727 1944 αὐτοῦ

943 1963 1085 1997 λέγοντος’
1106 1972 1115 1988 ι
1140 1963 1210 1996 Ἑγὼ
1226 1963 1283 1998 εἰμι
1305 1963 1334 1989 τὸ
1356 1963 1422 1996 φῶς.
1444 1973 1453 1989 ι
1471 1963 1551 1990 Ὅθεν
1573 1964 1671 1990 ἐδειλία
1690 1964 1727 2000 μὴ

943 2009 1076 2044 ἀποθάνῃ,
1095 2009 1141 2035 καὶ
1159 2009 1267 2035 πάντων
1290 2009 1420 2044 ἐκϐληθῇ.
1439 2008 1467 2035 '0
1481 2009 1510 2035 δὲ
1533 2009 1643 2045 Κύριος,
1657 2010 1727 2046 ὀρῶν

943 2054 1023 2081 αὐτὸν
1047 2054 1191 2089 φεύγοντα,
1211 2054 1253 2080 ἵνα
1277 2055 1314 2090 μὴ
1336 2054 1414 2081 τοῦτο
1437 2055 1548 2090 γένηται
1568 2056 1615 2082 καὶ
1639 2056 1727 2091 φυγὰς

943 2100 1047 2136 ἀπέλθῃ
1071 2101 1084 2125 6
1105 2100 1210 2135 ἐχθρὸς,
1234 2099 1325 2133 φωνὰς
1346 2100 1457 2136 ἀφίησιν
1477 2100 1658 2136 ἀνθρωπίνας,
1681 2102 1727 2128 καὶ

943 2146 1034 2180 φωνὰς
1051 2146 1190 2177 ἀσθενείας
1204 2145 1305 2179 λέγων·
1323 2154 1333 2170 ε
1355 2145 1442 2176 Ἐλωῖ,
1458 2146 1546 2177 Ἐλωῖ,
1561 2147 1635 2183 λημὰ
1648 2147 1727 2174 σαϐα-

107 2183 197 2216 Elohi,
224 2184 294 2211 lema
310 2185 500 2219 sabachthani,
523 2188 550 2214 id
564 2194 605 2215 est
621 2188 692 2217 Deus
716 2198 803 2223 meus,
820 2191 891 2219 Deus

945 2191 1036 2226 χθανὶ·
1054 2201 1062 2217 ι
1082 2191 1214 2223 τουτέστι,
1238 2199 1248 2216 ί
1270 2191 1320 2217 Θεέ
1337 2200 1398 2226 μου,
1421 2191 1472 2218 Θεέ
1500 2201 1562 2227 μου,
1585 2193 1627 2219 iw):
1647 2193 1674 2220 τί
1692 2202 1726 2228 με

107 2238 195 2261 meus,
207 2233 235 2257 ut
252 2231 316 2265 quid
330 2239 372 2259 me
384 2231 605 2267 dercliquisti"?
622 2245 630 2260 ι
649 2235 725 2268 Quod
739 2236 799 2264 ideo
814 2237 888 2272 fecit,

107 2278 137 2300 ut
159 2275 295 2307 diabolus,
321 2284 402 2311 quem
427 2281 456 2304 ut
483 2277 568 2305 Deum
593 2280 793 2314 reformidarat,
817 2282 889 2310 hunc

107 2320 251 2354 ratusjam
266 2321 401 2348 hominem
424 2330 483 2350 esse
505 2324 653 2357 infirmum,
674 2325 764 2362 fugam
778 2328 889 2355 cohibe-

106 2368 158 2391 ret.
175 2363 223 2392 His
238 2366 373 2394 adductus
395 2368 509 2396 vocibus
529 2369 757 2400 sceleratissimus
779 2373 833 2405 ille,
854 2374 888 2401 ad

105 2417 167 2437 eum
189 2410 279 2438 denuo
294 2416 324 2439 ut
349 2413 486 2441 hominem
512 2416 645 2443 accedens
666 2417 822 2446 confractus
836 2424 889 2447 est.

105 2455 206 2483 Judmis
214 2458 287 2484 enim
302 2463 398 2486 auctor
408 2459 506 2492 fuerat,
521 2465 551 2488 ut
561 2461 596 2488 ad
610 2470 705 2490 necem
720 2472 782 2491 eum
796 2469 891 2499 postu-

107 2503 195 2529 larent
209 2512 215 2530 :
232 2511 330 2538 resque
341 2505 379 2532 illi
391 2509 489 2540 praeter
504 2515 579 2542 spent
596 2509 695 2536 accidit
708 2519 714 2543 ;
730 2518 784 2537 non
797 2511 825 2538 iu
837 2511 890 2538 alia

107 2548 208 2583 quippe
224 2553 299 2584 parte
319 2557 401 2585 quam
423 2552 451 2578 in
469 2552 554 2580 latere
572 2554 719 2582 confossus
743 2559 795 2588 est,
819 2557 891 2585 unde

108 2594 221 2628 sanguis
242 2598 269 2621 et
284 2603 355 2630 aqua
381 2598 518 2632 manavit;
536 2603 565 2626 ut
588 2601 718 2634 quoniam
742 2602 819 2636 prius
841 2610 888 2637 per

106 2639 246 2667 mulierem
261 2649 294 2668 ex
309 2641 393 2670 latere
408 2642 561 2677 formatam.
575 2650 686 2674 venerat
700 2647 837 2682 deceptio;
850 2648 888 2674 ita

107 2692 155 2719 per
177 2685 248 2713 latus
267 2688 382 2715 secundi
403 2688 500 2716 Adami
525 2691 675 2727 redemptio
693 2697 719 2720 et
732 2694 889 2721 emundatio

142 2762 164 2778 ⁷⁸
184 2760 257 2790 Psal.
276 2771 376 2797 χχχιιι,
393 2765 420 2793 9.
458 2766 481 2781 ⁷⁸
500 2765 551 2793 lsa.
570 2775 630 2800 in,
650 2768 675 2795 Ι.

142 2820 197 2856 (51)
216 2820 317 2856 Regius
333 2826 359 2851 et
376 2823 554 2858 Anglicanus,
575 2825 795 2862 καταπτήξαντα.

713 2770 734 2785 ⁷⁷
757 2769 808 2798 lsa.
829 2778 872 2803 ιχ,
890 2771 924 2804 1,
942 2771 969 2798 ‘2.

943 2237 1135 2271 ὲγκατὲλιπες;
1156 2247 1164 2263 ι
1185 2238 1239 2264 Καὶ
1259 2237 1338 2264 τοῦτο
1354 2238 1450 2269 ἐποίει,
1468 2238 1510 2264 ἵνα
1525 2239 1539 2264 ὁ
1552 2239 1683 2271 διάϐολος.
1696 2239 1725 2266 ὃν

942 2283 1100 2318 κατεπλάγη
1116 2283 1191 2315 Θεὸν,
1207 2283 1301 2310 τοῦτον
1318 2283 1355 2315 ὼς
1372 2283 1514 2318 ἄνθρωπον
1536 2285 1633 2320 ἀσθενῆ
1651 2285 1726 2320 νομί-

943 2337 1002 2361 σας,
1023 2329 1059 2364 μὴ
1081 2329 1168 2364 φυγὰς
1187 2329 1309 2356 ἀπέλθοι.
1323 2330 1441 2361 Ταύταις
1460 2330 1524 2365 γοῦν
1546 2332 1605 2363 ταῖς
1624 2333 1725 2366 φωναῖς

941 2375 1073 2410 ὑπαχθεὶς
1088 2376 1101 2402 6
1120 2376 1271 2409 πάγκακος,
1287 2376 1367 2403 πάλιν
1388 2377 1425 2408 ὡς
1440 2376 1574 2413 ἀνθρώπῳ
1589 2378 1724 2413 προσῆλθε

941 2422 989 2448 καὶ
1016 2421 1184 2456 κατερράγη.
1212 2422 1324 2448 Ἔπεισε
1350 2422 1405 2458 γὰρ
1428 2424 1491 2455 τοὺς
1521 2424 1661 2456 Ἰουδαίους
1685 2427 1724 2457 εἰς

943 2467 1050 2502 σφαγὴν
1063 2467 1144 2493 αὑτὸν
1158 2467 1331 2503 αἰτήσασθαι,
1342 2469 1389 2494 καὶ
1404 2469 1513 2503 γέγονεν
1523 2470 1590 2506 ὅπερ
1600 2471 1629 2496 οὺ
1646 2479 1725 2506 προσ-

941 2512 1086 2547 εδόκησεν
1103 2513 1208 2548 ἐσφάγη
1227 2513 1281 2548 γὰρ
1297 2513 1346 2540 οὐκ
1362 2515 1401 2545 εἰς
1420 2514 1482 2541 ἄλλο
1498 2515 1589 2550 μέρος,
1612 2515 1668 2542 ἀλλ’
1685 2517 1725 2548 εἰς

941 2558 990 2593 τὴν
1011 2558 1139 2594 πλευρὰν,
1159 2559 1204 2593 ἀφ’
1223 2557 1256 2594 ἦς
1272 2559 1399 2594 ἔρῤευσεν
1417 2559 1487 2596 ὕδωρ
1505 2561 1551 2587 καὶ
1566 2559 1651 2597 αἷμα·
1670 2562 1723 2595 ἵνα,

941 2603 1034 2638 ἐπειδὴ
1048 2604 1178 2639 πρότερον
1193 2604 1236 2630 διὰ
1248 2604 1298 2638 τῆς
1313 2605 1345 2630 ἐκ
1362 2605 1482 2640 πλευρᾶς
1498 2606 1661 2642 πλασθείσης
1674 2617 1724 2642 γυ-

941 2649 1033 2680 ναικὸς
1043 2647 1124 2683 ἦλθεν
1140 2649 1242 2685 ἀπάτη,
1257 2649 1343 2682 οὕτως
1356 2650 1400 2677 διὰ
1414 2651 1463 2686 τῆς
1475 2652 1592 2688 πλευρᾶς
1604 2653 1649 2680 τοῦ
1664 2655 1724 2681 δευ-

941 2694 1021 2730 τέρου
1048 2694 1133 2729 Ἀδὰμ
1156 2694 1251 2730 λύτρον
1275 2696 1322 2722 καὶ
1346 2696 1492 2732 καθάρσιον
1517 2700 1565 2734 τῆς
1588 2701 1724 2735 προτέρας

1009 2771 1031 2787 ⁷⁸
1051 2770 1130 2799 Joan.
1147 2780 1213 2806 vui,
1233 2772 1276 2799 12.
1314 2773 1337 2789 τ’
1357 2773 1440 2801 Marc.
1461 2783 1504 2806 xv,
1524 2775 1568 2802 54.

976 2828 1031 2864 (32)
1051 2828 1151 2865 Regius
1167 2834 1192 2857 et
1208 2830 1383 2865 Anglicanus,
1398 2831 1444 2857 ἐπί
1457 2831 1545 2863 ξύλου.
