1915 3057
137 101 193 128 229

658 101 702 128 DE
721 100 891 128 PASSIONE
912 100 956 128 ET
977 100 1092 129 ειη]οΕ
1111 101 1244 130 ΒΟΜΙΝΙ.

1715 105 1767 132 250

138 159 266 194 γένηται·
287 159 385 195 λύτρον
402 159 450 195 μὲν
466 158 510 186 διὰ
529 158 575 185 τοῦ
588 158 713 194 αἵματος,
734 158 881 194 καθάρσιον
900 158 923 184 δὲ

981 159 1080 193 prioris
1090 159 1254 187 eﬂiceretur:
1266 159 1415 194 redemptio
1426 166 1474 195 per
1486 161 1658 196 sanguinein,
1672 169 1768 189 emun-

137 205 185 231 διὰ
203 205 251 232 τοῦ
268 205 373 237 ὓδατος.
389 205 474 232 Τοῦτο
487 206 515 233 δὲ
528 206 558 232 οὗ
579 205 649 232 κατὰ
669 205 782 240 γνώμην
798 205 929 232 ἀπέϐαινε

137 251 180 286 τῷ
193 252 307 287 διαϐόλῳ
319 261 325 267 ·
342 253 389 280 καὶ
403 253 458 288 γὰρ
470 253 498 280 ὃν
519 253 641 287 ἐφοϐεῖτο
654 252 780 287 γενέσθαι
802 251 927 284 θάνατον,

137 297 232 324 τοῦτον
246 299 301 333 (55)
312 299 447 326 ἀπέθανεν
459 300 474 325 6
487 299 598 336 Κύριος,
611 300 737 330 κάκεῖνος
751 298 911 324 ὲσκύλευται
920 306 926 311 ·

137 344 188 370 καὶ
204 345 317 379 νομίσας
330 346 439 380 κρατεῖν
452 346 498 372 τὸν
512 346 629 381 Χριστὸν
649 347 676 372 ἐν
692 345 731 380 τῷ
747 345 863 380 θανάτῳ,
879 345 928 371 αὺ-

135 389 184 421 τὸς
206 389 304 424 μάλλον
327 390 431 427 ἐδείχθη
448 391 564 427 νεκρός·
580 391 627 418 καὶ
649 391 856 426 καυχησάμενος
880 391 928 417 ἄν-

136 434 248 470 θρωπον
260 436 420 472 ἐνεδρεύειν,
435 437 568 472 πεποίηκε
585 437 739 472 γνωσθῆναι
758 436 834 463 Θεόν.
851 436 928 471 ’Ἅμα

135 481 192 517 γὰρ
212 481 359 515 ἀπέθανεν,
381 483 397 518 ὴ
415 483 464 518 μὲν
485 483 574 514 κτίσις
594 483 701 518 ἁνήλιος
722 483 826 516 γέγονε,
850 482 881 508 τὸ
899 481 928 508 δὲ

135 528 338 563 καταπέτασμα
349 527 396 555 τοῦ
409 528 473 555 ναοῦ
487 529 602 564 ἐρράγη,
620 529 636 564 ἡ
654 529 689 564 γῆ
705 528 824 563 ἐσείσθη,
839 529 886 554 καὶ
899 527 927 554 αἱ

135 573 236 608 πέτραι
256 573 431 609 ἐσχίσθησαν,
455 574 479 600 oi
498 574 671 610 στρατιῶται,
691 575 738 601 σὺν
757 575 814 606 τοῖς
835 574 926 601 πυλω-

135 620 195 654 ροῖς
207 617 255 644 τοῦ
276 618 341 654 ᾅδου
359 619 542 655 κατέπτηξαν.
562 621 620 655 Ἀρ*
639 618 676 648 ὧν
695 618 728 655 ἦν
744 621 806 647 ίδεῖν
829 620 927 656 μηκέτι

134 666 289 702 ἄνθρωπον,
305 667 372 693 ἀλλὰ
391 667 456 694 Θεὸν
472 666 579 702 ἀληθῶς
597 667 627 692 ὲν
646 666 762 702 σώματι,
780 666 818 698 ὡς
840 666 887 692 καὶ
902 666 926 692 οι

133 711 302 747 Θεωροῦντες
312 711 403 747 ἔλεγον
415 721 421 728 ·
440 722 449 738 ε
460 712 579 748 Ἀληθῶς
590 707 667 743 οὗτός
681 713 739 738 ἐστι
753 711 819 738 Θεοῦ
833 711 903 743 Υἱός.
914 721 923 738 ι

132 757 191 783 Καὶ
204 757 259 792 γὰρ
274 757 359 784 πολλὰ
375 759 494 793 μνημεῖα
506 756 695 793 ἠνεῴχθησαν,
711 757 758 784 xui.
768 757 925 792 ὴγέρθτσαν

130 803 237 830 τούτων
251 804 276 830 οἱ
291 805 392 840 νεκροί.

169 887 215 915 26.
236 888 341 923 Τυφλὸν
362 888 470 925 ἀληθῶς
487 889 503 925 ἡ
521 889 621 916 κακία·
646 889 759 924 νομίσας
783 890 836 925 γὰρ
856 889 924 916 ἁπο-

130 934 252 960 κτείνειν
274 934 332 966 ἕνα,
355 935 410 961 τῶν
428 935 535 962 πάντων
553 935 714 971 ἐστέρηται·
737 936 785 962 καὶ
811 936 924 971 νομίσας

130 980 174 1010 εἰς
188 979 254 1014 ᾅδην
266 981 439 1016 καταφέρειν,
456 980 618 1016 ὲκόέῦληται
633 980 680 1007 τοῦ
701 980 774 1016 ᾅδου.
796 981 852 1007 Καὶ
870 981 924 1007 ἀπ-

129 1025 242 1061 εδείχθη
257 1026 350 1057 πᾶσιν,
364 1026 405 1052 ὅτι
422 1027 472 1052 οὐκ
495 1026 622 1062 ἀσθενείᾳ
640 1025 747 1061 φύσεως
767 1025 898 1061 τέθνηκεν
911 1026 925 1052 6

130 1071 240 1107 Σωτὴρ,
263 1071 330 1098 ἀλλὰ
344 1071 390 1098 τὸν
409 1071 522 1099 θάνατον
540 1073 579 1104 είς
591 1072 730 1107 ἀναίρεσιν
748 1071 871 1105 ἐδίωξεν,
883 1072 926 1098 ἵνα

130 1117 297 1152 καταργήσῃ
315 1117 417 1150 τοῦτον,
430 1117 477 1144 καὶ
492 1117 633 1154 ἀπαλλάξῃ
643 1117 765 1149 τούτους,
781 1118 839 1144 ὅσοι
851 1117 926 1152 φόϐῳ

131 1162 252 1189 θανάτου
269 1163 312 1190 διὰ
331 1163 432 1195 παντὸς
456 1163 502 1190 τοῦ
526 1163 576 1199 ζῇν
596 1164 682 1199 ἔνοχοι
704 1162 773 1200 ἦσαν
792 1163 924 1196 δουλείας.

130 1209 172 1235 υὺ
185 1208 253 1236 πολὺ
266 1209 331 1243 γοῦν
346 1209 448 1245 διέστη,
465 1211 511 1236 καὶ
526 1210 574 1242 τὰς
589 1210 686 1242 ὠδῖνας
698 1210 777 1236 ἔλυσε
787 1210 834 1236 τοῦ
851 1210 925 1245 ᾅδου,

131 1255 182 1281 καὶ
196 1255 260 1286 τοὺς
276 1255 325 1290 μὲν
347 1255 442 1288 ἄλλους
465 1256 560 1292 ἤγειρε
582 1256 686 1290 λέγων·
714 1266 723 1281 ί
750 1255 902 1292 Ἐγείρεσθε
919 1276 925 1288 ,

131 1301 246 1336 ἄγωμεν
270 1301 413 1328 ἐντεῦθεν·
436 1311 446 1327 ι
469 1302 550 1334 αὐτὸς
572 1302 600 1329 δὲ
624 1302 754 1338 ἐξανέστη
788 1304 833 1329 καὶ
863 1311 928 1329 κατ-

130 1348 216 1383 ἐζησε
236 1347 291 1383 (5-1)
316 1347 362 1374 τοῦ
388 1348 514 1380 θανάτου,
535 1348 634 1384 χλεύην
649 1349 732 1375 αὑτοῦ
753 1350 802 1384 τὴν
826 1349 927 1384 τόλμαν

129 1394 308 1433 ἡγησάμενος
320 1402 327 1409 ’
344 1394 381 1426 ὡς
398 1395 446 1421 καὶ
467 1396 495 1421 ἐν
510 1394 604 1429 ὕμνοις
629 1396 853 1430 προανεφωνεῖτο.
886 1395 928 1421 λέ-

129 1449 227 1475 γοντος
247 1440 294 1467 τοῦ
313 1440 471 1476 Πνεύματος
486 1448 493 1455 '
517 1451 526 1466 ι
544 1441 574 1467 ὐ
598 1441 731 1469 κατοικῶν
754 1442 783 1467 ὲν
805 1442 927 1476 οὐρανοῖς

129 1486 312 1519 ὲκγελάσεται
334 1486 449 1518 αὐτοὺς,
467 1487 513 1513 καὶ
532 1488 546 1513 ὁ
562 1487 663 1522 Κύριος
684 1487 865 1522 ὲκμυκτηριεῖ
880 1487 928 1513 αὐ-

128 1532 206 1565 τούς.
227 1542 237 1558 ι
253 1532 419 1565 Χλευάζεται
433 1534 487 1570 γὰρ
501 1533 607 1570 ἀληθῶς
623 1534 694 1561 οὕτω
710 1535 834 1570 παιχθεὶς
845 1555 852 1566 ,
879 1535 926 1561 καὶ

129 1579 210 1614 παρὰ
240 1578 354 1615 γνώμην
378 1579 452 1615 αὐτῴ
477 1581 531 1606 τῶν
557 1581 729 1616 πραγμάτων
755 1581 924 1608 ἀποϐάντων.

128 1623 217 1659 Δίκην
233 1623 287 1659 γὰρ
301 1624 347 1650 τοῦ
363 1624 482 1659 ζωῡφίου
497 1625 544 1651 τοῦ
558 1625 725 1661 καλουμένου
738 1626 792 1661 (55)
811 1626 924 1661 σφηκὸς,

129 1670 351 1706 προσϐάλλοντος
367 1671 463 1707 πέτρᾳ,
478 1671 525 1698 καὶ
538 1673 569 1707 τῇ
587 1672 721 1708 προσϐολῇ
738 1672 774 1707 μὴ
793 1672 926 1708 βλάπτον-

128 1723 188 1747 τος,
206 1715 274 1741 ἀλλὰ
293 1716 339 1742 καὶ
351 1716 382 1741 τὸ
398 1716 511 1752 κέντρον
528 1717 628 1752 μᾶλλον
641 1717 823 1748 ἁπολλύοντος
834 1726 840 1732 ·
854 1717 924 1743 οὕτω

128 1761 181 1789 καὶ
192 1763 206 1788 6
220 1761 334 1793 θάνατος
347 1762 452 1797 ἐσφάλη
464 1762 530 1789 πολὺ
545 1763 611 1797 (56),
630 1762 791 1798 προσϐαλὼν
806 1764 839 1798 τῇ
854 1763 922 1799 ζωῇ,

128 1808 193 1843 ἥτις
203 1808 277 1834 ἐστὶν
296 1809 310 1834 6
324 1809 456 1844 Χριστός-
473 1809 502 1835 αὖ
519 1809 572 1844 γὰρ
588 1809 706 1845 ἠδυνήθη
724 1809 861 1845 κρατῆσαι
873 1809 922 1835 αὑ-

128 1854 178 1881 τὸν
196 1853 237 1890 τῷ
253 1855 370 1890 θανάτῳ,
395 1855 463 1882 ἀλλὰ
483 1855 583 1890 μᾶλλον
606 1855 653 1882 καὶ
670 1856 699 1882 τὸ
714 1856 826 1891 κέντρον
848 1854 924 1881 ἀπώ-

128 1901 209 1927 λεσεν
220 1908 225 1914 ·
240 1899 310 1926 ὥστε
321 1901 366 1926 καὶ
376 1899 423 1932 οὓς
436 1900 568 1936 πρότερον
583 1900 675 1935 ἐφόϐει
686 1900 716 1927 τὸ
728 1901 841 1936 κέντρον
853 1901 921 1935 (57),

128 1947 179 1974 νῦν
193 1946 277 1973 αὑτοῦ
299 1949 513 1982 κατακερτομεῐν
524 1967 531 1979 ,
549 1948 597 1974 καὶ
618 1947 708 1981 λέγειν
720 1956 727 1963 ·
750 1957 759 1973 α
774 1947 829 1974 Ποῦ
854 1955 900 1973 σου
914 1967 921 1979 ,

129 1993 243 2026 θάνατε,
260 1993 291 2020 τὺ
305 1993 434 2029 κέντρον;
451 1994 502 2020 ποῦ
521 2003 578 2026 σου,
599 1994 660 2030 ᾇδη,
684 1994 714 2020 τὸ
731 1996 823 2027 νῖκος;
843 2004 852 2020 ›
875 1995 922 2021 καὶ

129 2039 231 2066 πάλιν·
259 2049 268 2064 1
285 2039 422 2066 Κατέπιεν
442 2041 456 2066 6
478 2039 592 2072 Θάνατος
618 2039 750 2075 ἰσχύσας·
770 2048 779 2065 ›
806 2039 853 2065 καὶ
870 2039 923 2064 πά-

127 2082 190 2111 λινο
218 2093 228 2110 ι
246 2084 367 2119 ’Δφεῖλεν
391 2085 404 2110 6
426 2084 491 2117 Θεὸς
514 2085 567 2112 πᾶν
594 2084 711 2120 δάκρυον
741 2084 794 2110 ἀπὸ
820 2084 921 2115 παντὸς

130 2129 289 2166 προσώπου.
304 2140 313 2156 ›

980 204 1054 232 datio
1066 213 1113 240 per
1124 213 1234 241 aquam.
1253 205 1309 233 lloc
1320 211 1412 234 autem
1427 214 1599 242 nequaquam
1613 216 1646 235 ex
1658 212 1768 235 Senten-

979 250 1017 277 tia
1043 251 1152 278 diabolo
1169 251 1278 286 obtigit,
1295 259 1357 278 cum
1373 259 1405 279 ea
1430 258 1527 285 morte,
1545 261 1598 288 qua
1618 253 1767 284 metuebat,

979 297 1078 324 obierit
1100 296 1247 330 Dominus,
1271 301 1352 332 atque
1375 297 1420 325 ille
1443 299 1570 326 omnibus
1598 299 1768 334 exspoliatus

979 348 1040 371 est:
1058 348 1190 379 ratusque
1212 352 1241 372 se
1261 345 1402 372 Christum
1428 345 1456 372 in
1477 349 1565 373 morte
1584 349 1688 378 tenere,
1709 346 1768 380 ipse

979 389 1072 423 potius
1096 396 1220 416 mortuus
1239 397 1299 417 esse
1323 390 1510 424 deprehensus
1534 394 1576 418 est
1593 400 1600 418 ε
1615 395 1696 425 atque
1710 391 1769 426 glo-

979 435 1065 461 riatus
1090 434 1165 468 quod
1180 434 1285 462 homini
1308 435 1456 464 insidiatus
1474 441 1556 468 esset,
1573 437 1600 464 id
1621 437 1722 470 elIccit,
1738 440 1768 464 ut

978 479 1049 506 Deus
1061 485 1266 515 agnosceretur.
1282 479 1350 507 Nam
1365 482 1458 508 statim
1477 486 1560 517 atque
1576 486 1702 509 mortuus
1714 487 1767 513 est,

978 532 1070 552 rerum
1093 530 1191 552 natura
1218 526 1276 553 sole
1310 526 1441 554 destituta
1467 527 1534 560 fuit,
1560 528 1650 555 velum
1673 529 1768 563 templi

978 571 1098 598 scissum
1121 575 1174 605 est,
1200 575 1273 599 terra
1301 573 1411 600 tremuit
1426 577 1453 600 et
1471 577 1553 608 petra
1574 574 1667 602 scissm
1691 579 1767 607 sunt,

978 616 1030 651 77
1046 617 1157 648 milites,
1179 624 1242 644 cum
1268 617 1369 644 inferni
1394 617 1560 652 janitoribus
1580 624 1684 647 terrore
1704 627 1768 654 per-

977 662 1046 689 culsi
1069 665 1143 689 sunt.
1158 662 1196 689 Ex
1214 663 1315 698 quibus
1334 663 1427 690 videre
1445 668 1504 690 erat
1520 672 1575 691 non
1589 666 1660 692 ultra
1679 665 1768 693 homi-

976 717 1049 743 nem,
1064 710 1122 744 [sed
1144 718 1208 738 vere
1233 710 1317 738 Deum
1337 710 1365 738 in
1391 719 1518 746 corpore,
1532 716 1562 739 ut
1587 713 1697 740 aiebant
1713 714 1766 748 ipsi

976 760 1144 790 spectatores
1164 766 1170 783 :
1190 765 1199 782 ‹
1219 755 1289 784 Vere
1314 757 1358 784 hic
1381 762 1424 785 est
1444 757 1531 786 Filius
1559 758 1606 786 Dei
1618 759 1651 786 ⁸ο.
1672 769 1681 785 ι
1699 760 1768 787 Nam

977 801 1063 828 multa
1087 806 1265 830 monumenta
1278 807 1371 837 aperta
1387 807 1464 838 sunt,
1479 807 1506 831 et
1519 805 1565 839 qui
1580 805 1607 832 in
1625 805 1679 833 illis
1693 814 1768 833 mor-

941 841 962 870 Β
976 847 1016 873 tui
1030 847 1157 881 jacebant
1173 856 1358 876 resurrexere.

1010 892 1054 919 26.
1076 891 1145 920 Vere
1162 900 1233 919 caeca
1257 900 1300 920 res
1326 898 1368 920 est
1397 893 1518 926 malitia,
1546 893 1612 921 dum
1641 898 1769 930 speraret

975 939 1047 965 enim
1064 946 1093 965 se
1108 946 1191 965 unum
1209 939 1377 969 occisurum,
1397 940 1525 967 omnibus
1555 941 1679 974 privatus
1697 945 1740 968 est
1758 949 1767 966 ι

976 989 1107 1019 ratusque
1131 992 1160 1011 se
1185 984 1261 1011 illum
1276 984 1309 1010 ad
1340 984 1447 1012 inferna
1463 985 1645 1019 dejecturum,
1659 986 1717 1020 ipse
1731 986 1767 1013 ab

977 1029 1084 1057 inferno
1098 1031 1194 1065 pulsus
1209 1034 1260 1057 est.
1274 1030 1362 1066 Atque
1374 1031 1440 1057 nulli
1456 1039 1511 1058 non
1528 1032 1617 1066 palam
1632 1031 1694 1063 fuit,
1711 1040 1767 1059 non

976 1075 1137 1102 iullrmilate
1152 1075 1244 1102 carnis
1260 1076 1362 1103 abiisse
1378 1075 1562 1108 Salvatorem,
1581 1076 1629 1103 sed
1650 1082 1769 1103 mortem

977 1121 1011 1147 ad
1027 1127 1120 1147 necem
1138 1124 1313 1154 persecutum
1327 1128 1399 1152 esse,
1414 1125 1454 1151 ut,
1469 1120 1570 1147 abolita
1594 1121 1651 1153 illa,
1667 1121 1767 1148 libera-

978 1169 1019 1193 ret
1032 1173 1130 1194 omnes
1143 1170 1277 1200 quotquot
1299 1170 1373 1193 metu
1403 1167 1499 1194 mortis
1515 1174 1564 1201 per
1585 1170 1669 1194 totam
1683 1168 1769 1194 vitam

979 1211 1092 1238 obnoxii
1118 1216 1198 1239 erant
1227 1211 1364 1239 servituti.
1388 1211 1447 1238 Non
1473 1213 1520 1239 diu
1543 1213 1636 1248 itaque
1660 1218 1766 1248 postea,

979 1258 1090 1285 dolores
1118 1259 1199 1286 solvit
1228 1259 1370 1286 inl'erniet
1397 1260 1465 1287 alios
1492 1260 1622 1286 excitarit
1647 1261 1767 1287 dicens:

982 1312 991 1329 ι
1012 1304 1133 1339 Surgite,
1148 1305 1212 1332 hinc
1226 1306 1358 1332 abeamus
1381 1305 1415 1332 '“.
1441 1314 1450 1330 ι
1468 1303 1527 1339 Ipse
1552 1309 1642 1332 autem
1673 1313 1768 1332 resuru

979 1351 1061 1384 rexit,
1077 1354 1104 1378 et
1118 1351 1152 1377 ad
1172 1351 1254 1378 vitam
1275 1351 1355 1378 rediit
1372 1359 1405 1378 ex
1424 1355 1519 1383 morte,
1537 1351 1666 1386 illiusque
1683 1351 1768 1378 auda-

979 1396 1050 1422 ciam
1065 1395 1184 1422 ludibrio
1198 1395 1294 1422 habuit
1309 1405 1316 1422 :
1332 1399 1361 1422 ut
1379 1395 1406 1422 in
1421 1395 1528 1430 hymnis
1554 1395 1768 1429 praenuntiatum

981 1441 1041 1474 fuit,
1057 1442 1163 1477 Spiritu
1178 1442 1287 1469 dicente
1305 1451 1310 1468 :
1336 1451 1345 1467 ι
1361 1442 1412 1474 Qui
1435 1441 1540 1468 habitat
1563 1441 1591 1468 in
1607 1441 1684 1467 cutlis
1704 1441 1768 1466 irri-

980 1488 1054 1515 debit
1069 1496 1127 1519 eos,
1144 1491 1171 1514 et
1190 1487 1323 1514 Dominus
1349 1486 1529 1514 subsannabit
1551 1494 1599 1513 eos
1613 1486 1645 1511 ⁸³.
1665 1495 1674 1511 ι
1701 1484 1768 1513 Vere

980 1534 1079 1568 quippe
1097 1533 1237 1564 irridetur,
1253 1533 1291 1559 ila
1303 1532 1423 1560 ludibrio
1437 1533 1556 1563 habitus,
1573 1532 1710 1566 rebusque
1727 1531 1768 1558 illi

979 1584 1078 1615 praeter
1092 1580 1176 1606 animi
1193 1579 1356 1607 sententiain
1371 1578 1571 1606 accidentibus.
1592 1577 1681 1605 lnstar
1694 1578 1766 1605 enim

979 1624 1123 1659 cujusdam
1142 1623 1310 1654 animaleuli,
1329 1623 1373 1649 cui
1395 1631 1494 1650 nomen
1508 1630 1601 1658 vespa,
1619 1622 1691 1657 quod
1704 1631 1766 1649 cum

984 1675 1061 1707 petra
1085 1678 1274 1706 congressum,
1292 1670 1415 1705 nihilque
1438 1670 1483 1696 illa
1504 1670 1606 1704 impetu
1623 1677 1673 1696 suo
1689 1670 1762 1700 la:sa,

977 1718 1077 1744 amittit
1099 1718 1186 1752 ipsum
1208 1717 1300 1752 potius
1325 1717 1471 1749 aculeum;
1488 1715 1524 1742 ita
1546 1721 1573 1743 et
1593 1723 1668 1743 mors
1697 1723 1765 1745 eon-

977 1763 1103 1798 grediens
1123 1771 1185 1790 cum
1202 1764 1268 1795 vita,
1280 1770 1341 1797 qua:
1366 1765 1408 1790 est
1424 1761 1560 1794 Christus,
1574 1762 1689 1788 mulum
1708 1761 1768 1788 fru-

977 1813 1063 1837 strata
1083 1814 1125 1837 est
1145 1818 1152 1836 :
1171 1817 1226 1836 non
1253 1809 1325 1836 enim
1344 1809 1431 1844 potuit
1452 1816 1514 1836 eum
1531 1813 1620 1835 morte
1633 1809 1766 1839 detinere,

975 1856 1021 1883 sed
1036 1856 1126 1891 potius
1144 1856 1267 1882 aculeum
1295 1854 1430 1890 perdidit;
1454 1855 1492 1881 ila
1517 1858 1546 1880 ut
1561 1855 1608 1889 qui
1622 1855 1686 1881 olim
1701 1861 1768 1881 acu-

976 1901 1048 1928 leum
1065 1901 1292 1932 reformidabant,
1308 1901 1365 1935 jam
1386 1900 1520 1927 irrideant
1534 1900 1611 1926 illum
1624 1900 1741 1927 dicendo
1757 1908 1764 1926 :

978 1956 988 1972 ‹
1010 1946 1061 1974 Ubi
1076 1951 1130 1979 est.
1147 1954 1234 1977 mors,
1247 1946 1360 1973 aculeus
1373 1946 1456 1974 tuus?
1469 1946 1524 1978 ubi,
1543 1945 1663 1977 inferne,
1681 1946 1766 1973 vieto-

975 1993 1016 2020 ria
1034 1993 1130 2019 tua“?
1151 2002 1161 2018 ›
1181 1992 1214 2018 Ει
1228 2000 1339 2019 rursum
1356 1999 1363 2018 :
1379 2001 1388 2018 α
1409 1992 1556 2028 chlutivit
1568 1999 1642 2019 mors
1658 1995 1684 2018 et
1701 2000 1767 2026 pras-

975 2039 1060 2066 valuit
1071 2039 1111 2064 “:
1131 2049 1140 2065 ι
1158 2038 1314 2073 iterumque
1334 2048 1340 2065 :
1365 2048 1374 2064 ε
1405 2038 1524 2066 Abstulit
1557 2038 1629 2067 Deus
1658 2045 1769 2066 omnem.

975 2085 1123 2120 lacrymam
1139 2084 1174 2110 ab
1189 2084 1264 2110 omni
1278 2084 1356 2110 vultu
1365 2083 1400 2110 ⁸⁵.
1421 2093 1430 2109 ι

164 2175 210 2202 27.
232 2173 300 2201 Εἶτα
315 2175 457 2211 ἐκϐληθεὶς
469 2177 484 2202 6
497 2176 588 2207 ἄθλιος
602 2176 656 2202 ἀπὸ
672 2175 719 2202 τοῦ
748 2175 812 2212 ᾅδου
825 2196 832 2209 ,
855 2175 921 2202 καθ-

1010 2173 1056 2201 27.
1078 2174 1180 2202 Dehinc
1195 2175 1357 2202 exturbatus
1374 2181 1408 2201 ex
1428 2174 1538 2202 intlerno
1551 2174 1645 2208 miser,
1666 2173 1768 2203 sedens

130 2222 231 2257 ἡμενος
243 2222 319 2258 παρὰ
330 2222 379 2253 τὰς
390 2222 486 2254 πύλας,
502 2223 600 2258 θεωρεῖ
614 2222 794 2258 ἐξαγομένους
807 2222 921 2254 πάντας,

130 2267 193 2299 τοὺς
212 2267 419 2303 πεπεδημένους
432 2287 440 2300 ,
459 2269 492 2302 τῇ
514 2267 561 2294 τοῦ
583 2267 713 2303 Σωτῆρος
728 2267 856 2303 ἀνδρείᾳ,
876 2267 923 2293 καὶ

132 2313 193 2344 τοὺς
216 2312 266 2348 μὲν
284 2313 398 2349 νεκροὺς
419 2312 576 2345 ἀναζῶντας
589 2321 595 2328 ·
613 2314 676 2345 τοὺς
690 2313 718 2340 δὲ
731 2313 922 2348 αἰχμαλώτους

133 2357 303 2393 ἀφιεμένους,
316 2359 363 2384 καί
373 2358 436 2390 τοὺς
447 2359 495 2394 μὲν
507 2359 601 2393 ἁγίους
615 2359 849 2394 προαπαντῶν-τας
858 2360 922 2391 τοὺς

133 2404 195 2439 περὶ
214 2403 259 2430 τὸν
292 2404 417 2440 Ἀδραὰμ
435 2423 443 2436 ,
469 2405 517 2431 καὶ
539 2405 773 2440 ἀνακρουομένους
790 2405 896 2437 πάντας
913 2425 920 2438 ,

133 2450 201 2476 κατὰ
217 2449 247 2476 τὺ
265 2450 459 2486 γεγραμμένον
473 2459 479 2465 ·
496 2460 505 2476 ι
520 2451 700 2486 Προέφθασαν
717 2451 847 2486 ἄρχοντες
863 2451 924 2486 ὲχό-

134 2505 201 2530 μενα
210 2496 365 2532 ψαλλόντων
379 2498 408 2523 ὲν
426 2497 501 2533 μέσῳ
520 2498 647 2525 νεανίδων
664 2497 899 2534 τυμπανιστριῶν·
912 2507 921 2522 ι

133 2542 194 2573 τοὺς
217 2542 460 2578 ὲλευθερουμένους
469 2543 613 2579 χαίροντας
630 2544 676 2570 καὶ
690 2544 835 2578 λέγοντας·
855 2554 864 2570 ι
880 2544 924 2570 Ἐν

977 2220 1011 2247 ad
1030 2220 1112 2253 ostia,
1128 2221 1237 2248 vinctos
1253 2229 1350 2249 omnes
1370 2221 1514 2256 conspexit
1541 2220 1690 2248 Salvatoris
1707 2220 1765 2247 [οι--

976 2267 1094 2294 titudine
1108 2266 1200 2299 educi,
1215 2272 1340 2294 mortuos
1358 2275 1514 2301 resurgere,
1523 2267 1647 2301 captivos
1663 2266 1765 2294 dimitti

975 2313 1075 2340 liberos
1089 2322 1096 2340 :
1115 2317 1227 2341 sanctos
1243 2313 1289 2348 qui
1306 2320 1369 2340 cum
1393 2312 1548 2340 Abrahamo
1563 2316 1640 2339 erant
1656 2313 1765 2340 obviam

975 2359 1080 2391 venire,
1107 2366 1260 2394 omnesque
1286 2363 1416 2394 tympana
1445 2358 1566 2393 pulsare,
1583 2358 1764 2393 quemadmo-

974 2404 1039 2431 dum
1055 2405 1190 2440 scriptum
1210 2409 1252 2432 est
1269 2412 1276 2430 :
1293 2414 1302 2430 ι
1320 2404 1515 2431 Ρττιξνθηθτυηι
1540 2404 1679 2439 principes
1699 2411 1765 2431 con-

970 2451 1060 2486 juncti
1078 2451 1260 2486 psallentibus
1273 2451 1300 2478 in
1317 2451 1406 2477 medio
1421 2449 1633 2484 juvencularnm
1659 2455 1766 2486 tympa-

974 2499 1134 2526 nistriarum
1147 2499 1171 2515 “
1187 2506 1194 2525 :
1212 2508 1221 2525 ι
1241 2498 1365 2525 Gaudere
1380 2504 1476 2524 omnes
1496 2496 1543 2532 qui
1569 2497 1695 2524 libertate
1711 2497 1762 2523 do—

973 2544 1032 2571 nati
1047 2544 1166 2576 fuerant,
1184 2551 1215 2571 ac
1229 2544 1320 2570 dicere
1339 2550 1345 2568 :
1362 2551 1371 2567 ι
1391 2541 1420 2568 In
1433 2541 1618 2570 convcrtendo
1631 2541 1763 2569 Dominus

167 2625 190 2641 ⁸⁸
210 2624 304 2651 Matth.
321 2633 413 2657 xxv”,
431 2625 474 2653 54.
513 2625 535 2640 “
556 2624 650 2652 Matth.
670 2633 750 2659 xxvt,
766 2626 811 2654 46.
849 2627 872 2643 ⁸¹
889 2626 962 2655 Psal.
983 2634 1001 2654 ιι
1013 2648 1020 2659 ,
1035 2627 1063 2654 4.
1101 2627 1124 2642 ⁸³
1143 2625 1231 2653 ICor.
1249 2633 1294 2657 xv,
1312 2624 1356 2652 55.
1394 2622 1552 2654 “lsa.uv,
1569 2623 1597 2652 8.
1635 2625 1658 2641 "
1676 2623 1762 2659 Apoc.

134 2669 180 2695 vn,
218 2660 240 2675 “
259 2659 332 2687 Psal.
351 2668 440 2692 van,
457 2660 502 2688 ‘26.

168 2740 222 2775 (35)
242 2740 352 2771 Τοῦτον,
366 2739 443 2767 deest
458 2739 485 2766 in
496 2738 591 2774 Regio.

169 2773 223 2810 (3t)
243 2775 315 2802 Edit.
330 2775 463 2802 Commel.
476 2779 503 2802 et
523 2773 701 2809 nianuscripti
716 2781 824 2810 omnes.
850 2781 917 2800 κατ-

135 2809 223 2845 έζησε.
234 2815 333 2845 ριίιειει·
347 2809 543 2844 Anglican.qui
560 2818 620 2836 cum
636 2810 703 2837 edit.
720 2809 807 2835 Paris.
824 2809 916 2840 habet,

136 2847 277 2882 χατέῧησε.
291 2845 393 2873 Ibidem
409 2845 435 2871 in
446 2845 550 2880 Anglic.
563 2845 609 2871 τοῦ
627 2845 752 2876 Θανάτου,
767 2845 853 2872 deest.

1008 2737 1063 2772 (55)
1084 2735 1136 2772 Τοῦ
1147 2734 1329 2772 καλουμένου.
1344 2735 1421 2763 deest
1433 2737 1458 2762 in
1474 2735 1635 2771 Anglicano.

1008 2771 1064 2808 [56)
1083 2771 1165 2808 {Ioh},
1179 2771 1256 2808 abest
1273 2774 1306 2801 ab
1318 2772 1478 2805 Anglicano.

1008 2805 1063 2844 (57)
1084 2806 1197 2842 Regius,
1209 2805 1248 2841 τῷ
1259 2809 1376 2844 κέντρῳ.
