1915 3057
139 112 187 139 951

705 109 735 136 S.
756 107 990 137 ATllANASlUS.
1012 124 1046 128 —
1065 107 1177 136 DUBlA.

1708 111 1762 138 2-32

139 170 324 206 captivitatem
351 169 427 202 Sion,
455 169 517 196 farti
550 177 645 196 sumus
679 170 751 197 sicut
775 170 920 197 consolati.

977 169 1012 204 τῷ
1025 169 1187 205 ἐπιστρέψαι
1202 169 1301 205 Κύριον
1313 169 1360 204 τὴν
1374 170 1560 204 αἰχμαλωσίαν
1576 170 1655 203 Σιὼν,
1667 172 1762 207 ἐγενή-

139 216 216 244 Tunc
244 218 377 250 repletum
402 221 444 243 est
467 216 565 250 gaudio
583 224 614 243 ns
632 221 756 243 nostrqu
781 221 808 244 et
831 217 922 252 lingua

139 267 234 290 nostra
261 262 443 290 exsultatione
458 263 491 289 ⁸⁷.
511 272 520 288 ι
549 262 601 297 Ipsi
627 271 737 298 quoque
765 264 865 298 angeli,
896 267 923 290 et

138 309 228 335 omnis
242 308 378 335 exercitus
395 308 565 341 angelorum,
591 309 706 343 hymnos
730 308 876 339 canebant,
892 316 923 334 ac

138 353 265 380 dicebant
282 360 288 378 λ
306 361 314 377 ι
333 352 425 379 Gloria
442 354 469 379 in
485 353 601 380 excelsis
617 353 680 385 Deo,
691 357 718 380 et
733 353 843 380 interra
860 360 922 387 pax,

139 397 166 423 in
183 396 338 424 hominibus
362 397 431 424 bona
452 398 581 424 voluntas
591 398 636 424 tm:
658 407 667 423 ι
690 398 923 431 occurrebantque

139 444 285 478 redemptis
299 444 454 478 juveuculis
470 443 623 470 animabus.
650 442 719 469 Tum
738 444 836 470 anima}
857 450 924 469 con-

138 490 286 517 currebant
309 497 371 516 cum
403 489 518 524 angelis,
541 490 782 524 ascendebanlque
804 489 924 524 patriar—

137 535 205 567 (ἡκ,
221 536 312 562 omnia
329 536 447 570 undique
469 544 521 562 una
541 536 725 570 personabant
745 543 807 562 cum
833 535 923 562 laetitia

137 581 164 604 ct
183 578 308 612 psalmis,
325 578 361 605 ob
374 582 541 612 reportatum
560 578 593 604 de
613 582 701 604 morte
715 578 868 604 victoriam.
883 578 923 604 Ac

136 623 365 658 quemadmodum
383 623 488 657 Davidi,
501 631 562 650 cum
579 629 734 659 prostratus
749 624 853 658 jaceret
869 623 922 651 Go-

136 669 214 701 liam,
229 670 411 696 occurrebant
422 671 576 704 puellarum
599 670 677 697 chori
693 678 756 696 cum
773 670 920 705 tympanis,

137 715 302 750 aiebantque
319 723 326 740 :
345 724 355 741 ι
373 714 514 742 Percussit
530 715 614 742 David
638 716 666 742 in
686 716 779 742 decem
802 716 922 743 millibus

138 762 243 794 suis";
261 771 269 787 ι
290 762 326 788 ita
343 761 433 789 simile
447 762 513 796 quid
531 762 631 788 factum
652 765 693 789 est
712 762 738 788 in
758 767 847 788 morte
862 761 930 792 Sal-_

137 808 251 834 vatoris.
270 806 440 842 Resurgeme
467 815 585 843 namque
603 808 661 841 illo,
677 816 774 835 omnes
794 815 923 834 occurre-

977 215 1064 251 οημεν
1079 215 1146 241 ὡσεὶ
1157 215 1212 250 (58)
1227 215 1474 250 παρακεκλημένοι.
1488 216 1555 242 Τότε
1575 216 1696 252 ἐπλήσθη
1713 226 1762 252 χα-

978 262 1028 297 ρᾶς
1043 261 1074 288 τὺ
1097 261 1184 296 στόμα
1203 261 1281 296 ἡμῶν
1304 261 1351 287 καὶ
1368 262 1384 296 ἡ
1406 261 1517 295 γλῶσσα
1539 261 1617 296 ἡμῶν
1631 262 1760 296 ἀγαλλιά-

977 314 1056 336 σεως.
1074 315 1083 330 ι
1104 306 1159 332 Kal.
1173 305 1282 339 ἄγγελοι
1296 306 1360 341 γὰρ,
1377 306 1424 332 καὶ
1440 307 1515 332 πᾶσα
1536 307 1553 341 ἡ
1575 306 1689 342 στρατιὰ
1707 307 1761 333 τῶν

976 352 1099 386 ἀγγέλων
1114 351 1260 386 ὑμνοῦντες
1277 349 1347 387 ἦσαν
1370 352 1424 386 (59)
1439 352 1485 378 καὶ
1501 352 1625 386 λέγοντες
1635 373 1642 383 ,
1670 363 1679 378 ι
1694 353 1762 385 Δόξα

977 398 1005 423 ἐν
1020 397 1143 432 ὑψίστοις
1160 397 1229 432 Θεῷ,
1244 398 1291 423 καὶ
1312 398 1357 423 ἐπὶ
1375 398 1425 432 γῆς
1440 398 1544 433 εἰρήνῃ,
1563 399 1592 424 ὲν
1608 398 1761 434 ἀνθρώποις

977 443 1084 470 εὐδοκία
1097 452 1103 458 “
1127 454 1136 470 ι
1157 444 1203 470 καὶ
1219 445 1346 479 ἀπήντων
1363 446 1422 476 ταῖς
1438 444 1633 480 λυτρουμέναις
1659 445 1762 471 νεάνισι

975 488 1084 524 ψυχαῖς.
1101 491 1156 516 Καὶ
1171 491 1198 516 αἱ
1215 490 1299 525 ψυχαὶ
1315 491 1508 526 συντρέχουσαι
1529 491 1584 527 (40)
1606 494 1664 524 τοῖς
1679 493 1761 527 ἀγγέ-

976 534 1042 567 λοις,
1058 536 1105 562 καὶ
1120 537 1145 562 οἱ
1168 537 1334 572 πατριάρχαι
1356 537 1514 573 ἀνήρχοντο,
1531 539 1576 565 καὶ
1593 539 1681 565 πάντα
1696 548 1762 566 παν-

975 581 1088 616 ταχόοεν
1102 583 1211 617 συνήχει
1233 583 1290 617 μετ’
1304 583 1473 618 εὐφροσύνης
1489 584 1535 610 καὶ
1557 583 1670 619 ψαλμῶν
1682 605 1690 617 ,
1714 586 1761 612 ἐπὶ

975 631 1008 665 τῇ
1026 629 1159 665 γενομένῃ
1176 629 1246 656 κατὰ
1261 629 1307 655 τοῦ
1324 629 1440 656 Θανάτου
1457 629 1528 666 νίκῃ.
1541 631 1596 657 Καὶ
1609 630 1703 666 ὥσπερ
1715 632 1762 658 ἐπὶ

975 674 1022 702 τοῦ
1040 675 1131 707 Δαϐὶδ,
1155 674 1330 706 πεπτωκότος
1345 675 1392 702 τού
1416 675 1524 706 Γολιὰθ,
1548 676 1576 703 αἱ
1602 676 1760 712 χορεύουσαι

977 720 1048 756 μετὰ
1068 721 1216 756 τυμπάνων
1238 721 1368 756 ἀπήντων
1388 722 1435 748 καὶ
1451 721 1548 756 λέλεγον
1560 731 1568 737 ⁸
1591 732 1600 748 ι
1628 722 1760 756 Ἐπάταξε

976 766 1057 792 Δαδὶδ
1071 767 1099 792 ἐν
1121 766 1248 802 μυριάσιν
1273 767 1366 799 αὐτοῦ,
1380 777 1388 792 ι
1416 767 1536 794 τοιοῦτον
1556 777 1581 795 τι
1603 769 1698 803 γέγονε
1713 769 1760 796 καὶ

975 813 1022 839 ἐπὶ
1036 813 1083 839 τοῦ
1103 813 1216 840 Θανάτου
1229 813 1275 840 τοῦ
1291 814 1425 849 Σωτῆρος.
1453 815 1632 846 Ἀναστάντος
1644 815 1698 850 γὰρ
1713 816 1761 842 αὑ-

139 855 204 881 bant
222 862 284 881 cum
302 854 405 886 eboris,
422 854 531 890 hymnis
553 858 580 881 et
599 854 749 889 tympanis,
773 858 869 880 mutuo
883 853 924 880 di-

977 858 1033 890 τοῦ,
1052 859 1150 890 πάντες
1173 859 1355 894 προαπήντων
1374 859 1443 893 μετὰ
1467 859 1575 894 χορῶν,
1602 861 1649 887 καὶ
1672 861 1759 896 ᾠδῶν,

138 902 254 926 centes:
274 907 283 924 ι
300 898 406 929 Venite.
436 899 607 926 exsultemus
634 898 759 931 Domino,
774 898 924 932 jubilemus

138 943 194 974 Deo
209 944 294 972 Jacob
302 945 335 972 ".
354 954 364 970 ι
377 944 428 971 Alii
441 945 556 971 choreas
573 944 698 980 agebant,
710 944 767 971 haec
779 944 902 971 dicentes
915 952 923 970 :

141 997 151 1014 ι
174 989 341 1017 Ascenditin
366 991 461 1020 altum,
476 990 612 1024 captivam
628 989 707 1017 duxit
723 990 922 1024 captivitatem,

137 1035 215 1062 dedit
228 1035 300 1062 dona
328 1036 526 1063 hominibus".
548 1046 557 1061 ι
579 1036 633 1062 Alii
648 1035 760 1070 quidam
772 1035 805 1061 ad
819 1040 926 1069 specta-

137 1081 230 1107 culum
244 1089 340 1108 omnes
351 1082 496 1113 vocabant.
513 1081 556 1108 his
569 1081 660 1108 verbis
676 1102 680 1107 .
702 1089 712 1106 ι
726 1080 845 1107 Jubilate
858 1080 924 1112 Deo,

137 1128 228 1155 omnis
243 1131 326 1159 terra,
343 1128 449 1162 psallite
464 1128 568 1154 nomini
585 1127 675 1162 ejus"
689 1135 695 1152 :
718 1136 727 1152 ι
747 1134 779 1154 ac
795 1134 923 1161 rursum;

141 1183 152 1199 ι
172 1173 266 1200 Venite
278 1179 303 1200 et
320 1174 410 1200 videte
426 1181 510 1208 opera
528 1172 647 1204 Domini,
666 1173 798 1200 terribilis
813 1172 841 1199 in
858 1179 926 1199 con-

138 1219 208 1246 siliis
222 1226 303 1253 super
318 1218 388 1246 ﬁlios
414 1218 556 1245 hominum
572 1226 579 1244 :
598 1218 730 1246 auferens
751 1218 821 1245 bella
840 1225 926 1252 usque

139 1264 173 1291 ad
192 1268 344 1291 extremum
357 1269 437 1292 terra:
445 1264 478 1291 ”.
493 1274 503 1290 ι
522 1263 581 1291 Non
597 1265 669 1291 enim
690 1265 761 1303 ultra
777 1264 926 1291 inimicitia}

137 1314 166 1337 et
190 1311 305 1342 bellum;
325 1311 373 1337 sed
389 1310 481 1337 omnia
507 1312 535 1337 in
558 1318 626 1345 pace
649 1315 738 1342 erant,
756 1310 833 1337 hoste
862 1318 926 1345 pro-

138 1361 226 1384 strato
241 1362 322 1391 atque
336 1361 454 1389 mortuo,
471 1364 502 1384 ac
529 1365 563 1384 eo
585 1357 632 1391 qui
661 1357 728 1383 olim
749 1356 924 1392 tyrannidem

137 1402 283 1429 exercebat
314 1403 439 1430 manibus
467 1403 638 1438 pedibusque
670 1403 765 1438 ligato.
785 1401 837 1428 Alii
862 1409 925 1429 rur—

138 1457 200 1478 sum
213 1450 314 1485 quibus
327 1454 391 1478 nota
419 1454 478 1478 erat
494 1450 598 1477 diaboli
620 1449 748 1481 audacia,
763 1456 872 1476 necnon
886 1448 926 1475 iu-

136 1500 233 1532 gentes
247 1496 368 1528 insidiae,
380 1497 492 1532 jamque
507 1497 596 1532 ipsum
607 1501 753 1525 cernentes
769 1501 923 1528 mortuum,

138 1529 194 1577 ἦε
208 1549 269 1569 cum
284 1529 465 1570 admiratione
487 1529 615 1570 dicebant
632 1549 639 1568 :
658 1552 667 1568 ι
690 1542 835 1575 Quomodo
853 1543 925 1570 ceci-
937 1529 960 1557 δ

136 1588 176 1614 dit
191 1595 224 1614 ex
237 1587 318 1620 caalo,
334 1587 455 1619 Lucifer,
473 1587 520 1622 qui
554 1595 634 1614 mane
648 1588 789 1615 oriebatur
797 1587 842 1614 ⁸⁸2
860 1597 869 1613 ι
887 1591 924 1619 et,

140 1643 150 1658 ι
171 1633 314 1665 Quomodo
324 1634 460 1660 contritus
471 1633 683 1668 contractusque
697 1638 739 1661 est
752 1633 843 1660 omnis
856 1633 927 1660 mal-

139 1679 198 1707 leus
215 1681 350 1708 universae
375 1685 455 1707 terra:
467 1680 511 1707 "Y
529 1690 538 1706 ι
555 1688 618 1707 cum
646 1679 830 1706 admiratione
848 1687 925 1706 nam~

139 1733 202 1759 que,
220 1733 319 1761 magno
341 1730 421 1754 erant
437 1733 533 1752 omnes
558 1729 670 1759 stupore
686 1725 817 1760 correpti.
842 1723 925 1751 Mira-

139 1772 240 1798 bantur
252 1772 324 1798 enim
347 1779 475 1806 magnum
499 1776 645 1799 cernentes
662 1777 818 1807 tyrannum,
844 1770 925 1798 dere-

140 1821 219 1852 pente
250 1821 416 1851 prostratum
447 1820 665 1852 mortuumque:
690 1816 838 1851 stupebant
860 1824 926 1844 vero

140 1862 233 1896 lapsus
249 1870 360 1888 causam
378 1863 547 1897 ignorantes,
561 1863 678 1889 maxime
690 1863 753 1897 quia
766 1870 820 1889 non
830 1861 926 1889 crede-

141 1907 208 1934 bant
222 1908 249 1935 in
265 1911 352 1935 morte
365 1913 479 1935 mortem
491 1908 604 1940 aboleri,
616 1916 666 1935 nec
682 1912 788 1935 tantum
805 1908 832 1935 in
844 1914 926 1936 cruce

141 1958 295 1988 serpentem
307 1954 455 1989 confringi.
473 1954 552 1982 Unde
566 1962 676 1981 rursum
696 1955 868 1981 mirabantur
882 1954 924 1981 di-

141 2004 234 2027 centes
248 2009 254 2026 :
275 2010 284 2026 (
298 2000 440 2033 Quomodo
457 2004 537 2035 capta
550 2004 592 2028 est
603 1999 783 2035 Babylon“'?
797 2000 856 2027 »Λᾶ
867 2000 925 2027 haac

140 2047 213 2075 enim
231 2047 288 2082 jam
304 2047 432 2075 videbant
449 2048 630 2082 exspoliatum
644 2047 793 2075 infernum.

175 2137 221 2165 28.
237 2137 299 2164 llaec
319 2138 383 2164 dum
398 2139 533 2167 cerneret.
551 2135 607 2163 haec
630 2136 695 2163 dum
718 2135 826 2162 audiret
842 2135 925 2163 miser

974 903 1022 930 καὶ
1042 903 1201 939 τυμπάνων,
1219 903 1343 937 λέγοντες
1363 904 1488 939 ἀλλήλοις
1501 914 1508 919 ·
1533 914 1542 930 ι
1557 905 1639 932 Δεῦτε
1653 926 1660 937 ,
1675 906 1759 940 ἀγαλ-

974 949 1130 984 λιασώμεϐα
1141 949 1179 984 τῷ
1195 949 1300 985 Κυρίῳ,
1315 949 1491 986 ἀλαλάξωμεν
1507 950 1562 987 (Al)
1578 952 1617 987 τῷ
1631 953 1691 988 Θεῷ
1710 953 1761 980 Ἰα-

975 996 1042 1023 κώϐ.
1060 1006 1069 1022 ι
1100 996 1191 1022 Ἄλλοι
1205 995 1234 1022 δὲ
1259 996 1385 1031 ἐχόρευον
1399 1017 1405 1029 ,
1429 997 1553 1031 λέγοντες
1564 1006 1571 1013 '
1590 1008 1599 1023 ι
1611 999 1705 1034 ’Δνὲὃη
1721 1000 1762 1031 είς

974 1041 1051 1076 ὕψος,
1067 1042 1278 1077 ᾐχμαλώτευσεν
1289 1042 1487 1078 αἰχμαλωσίαν,
1505 1043 1589 1070 ἔδωκε
1605 1044 1709 1079 δόματα
1732 1045 1761 1071 ἐν

974 1087 1138 1123 ἀνθρώποις.
1153 1097 1164 1114 ι
1186 1088 1255 1124 Ἤδη
1281 1089 1311 1115 δέ
1336 1097 1407 1120 τινες
1429 1089 1477 1115 καὶ
1502 1089 1605 1121 πάντας
1632 1092 1672 1122 εἰς
1698 1090 1762 1117 θέαν

975 1133 1193 1169 προσεκαλοῦντο
1202 1133 1326 1167 λέγοντες
1335 1142 1342 1148 ·
1360 1144 1369 1159 ι
1387 1134 1550 1167 ’Λλαλάξατε
1564 1135 1603 1169 τῷ
1616 1135 1675 1170 Θεῷ
1686 1136 1761 1162 πᾶσα

975 1181 992 1215 ὴ
1015 1179 1060 1215 γῆ,
1076 1180 1177 1214 φάλατε
1195 1179 1227 1215 δὴ
1247 1179 1286 1214 τῷ
1307 1179 1419 1215 ὀνόματι
1437 1179 1536 1206 αὑτοῦ·
1553 1190 1562 1206 ι
1588 1181 1635 1207 καὶ
1659 1181 1759 1212 πάλιν.

977 1235 987 1252 ‹
1000 1226 1092 1258 Δεῦτε,
1107 1226 1153 1252 καὶ
1167 1226 1236 1252 ἴδετε
1253 1226 1288 1252 τὰ
1300 1226 1368 1261 ἔργα
1379 1225 1425 1252 τοῦ
1442 1226 1558 1262 Κυρίου·
1579 1226 1692 1262 φοϐερὸς
1705 1226 1760 1261 (42)

975 1273 1003 1299 ὲν
1019 1272 1125 1307 βουλαῖς
1145 1272 1213 1308 ὑπὲρ
1236 1272 1298 1303 τοὺς
1323 1271 1396 1303 υἱοὺς
1414 1271 1468 1298 τῶν
1490 1271 1654 1307 ἀνθρώπιον,
1678 1272 1761 1299 ἀντα-

975 1315 1075 1350 ναιρῶν
1092 1315 1226 1350 πολέμους
1248 1315 1300 1346 ἕως
1322 1315 1436 1350 ἐσχάτου
1459 1316 1508 1350 τῆς
1530 1316 1592 1351 γῆς.
1605 1326 1615 1342 ι
1639 1317 1697 1343 Οὐκ
1721 1316 1762 1343 ἔτι

975 1360 1029 1396 γὰρ
1046 1360 1130 1396 ἔχθρα
1146 1362 1194 1387 καὶ
1209 1361 1338 1396 πόλεμος,
1353 1361 1421 1388 ἀλλὰ
1436 1361 1525 1388 πάντα
1537 1362 1682 1398 εἰρηνεύει,
1703 1371 1761 1389 κει-

977 1406 1057 1441 μένου
1075 1406 1121 1433 τοῦ
1145 1407 1274 1442 πολεμίου
1298 1406 1395 1442 νεκροῦ
1410 1427 1417 1439 ,
1441 1408 1489 1434 καὶ
1505 1407 1552 1434 τοῦ
1570 1416 1635 1434 ποτε
1660 1417 1761 1444 τυραν-

975 1451 1098 1483 νεύοντος
1112 1452 1254 1487 δεδεμένου
1269 1452 1318 1484 τὰς
1331 1453 1427 1487 χεῖρας
1448 1453 1494 1479 καὶ
1507 1454 1570 1485 τοὺς
1586 1453 1678 1485 πόδας.
1698 1454 1763 1480 Ἀλ-

976 1497 1016 1524 λοι
1031 1497 1060 1524 δὲ
1072 1497 1163 1530 πάλιν,
1183 1496 1382 1532 γιγνώσκοντες
1397 1497 1444 1524 τοῦ
1462 1498 1583 1525 διαϐόλου
1600 1499 1649 1534 τὴν
1662 1499 1763 1535 θρασύ-

976 1552 1046 1580 τητα
1062 1565 1070 1575 ,
1093 1544 1219 1576 καὶτοὺς
1249 1544 1383 1580 μεγάλους
1404 1544 1498 1579 λόχους
1511 1563 1519 1576 ,
1540 1545 1587 1571 καὶ
1607 1545 1654 1571 νῦν
1681 1545 1763 1572 αὑτὸν

976 1589 1094 1624 ὁρῶντες
1110 1589 1225 1625 νεκρὸν,
1250 1589 1436 1625 θαυμάζοντες
1469 1590 1561 1624 ἔλεγον
1575 1598 1582 1605 ·
1606 1600 1615 1616 ι
1635 1589 1697 1622 Πῶς
1719 1590 1764 1622 ὲξ-

976 1635 1073 1661 έπεσεν
1082 1635 1115 1661 ἐκ
1130 1634 1177 1661 τοῦ
1199 1634 1314 1669 οὐρανοῦ
1335 1635 1349 1661 ὁ
1370 1635 1508 1670 ἑωσφόρος
1530 1636 1544 1662 ὁ
1564 1635 1636 1670 πρωῒ
1653 1635 1765 1662 ἀνατέλ-

976 1680 1047 1713 λων;
1066 1691 1075 1706 ι
1096 1680 1160 1712 Καὶ,
1178 1690 1187 1706 ί
1199 1681 1261 1712 Πῶς
1275 1680 1418 1716 συνετρίῧη
1435 1681 1482 1707 καὶ
1502 1681 1667 1716 συνεθλάσθη
1689 1683 1764 1708 πᾶσα

977 1728 994 1762 ἡ
1012 1726 1104 1762 σφῦρα
1118 1726 1207 1761 πάσης
1217 1726 1267 1760 τῆς
1283 1726 1353 1761 γῆς;
1372 1736 1380 1751 ι
1401 1726 1470 1761 μετὰ
1487 1726 1541 1762 γὰρ
1554 1726 1601 1753 τοῦ
1625 1726 1764 1761 θαύματος

977 1774 1024 1799 καὶ
1047 1772 1149 1808 ἀπορία
1170 1772 1274 1803 πάντας
1297 1774 1432 1808 κατεῖχεν.
1461 1771 1629 1808 Ἐθαύμαζον
1645 1773 1694 1808 μὲν
1710 1773 1765 1808 γὰρ

977 1817 1023 1844 τὸν
1041 1816 1127 1851 μέγαν
1149 1816 1280 1852 τύραννον
1300 1817 1417 1853 ὁρῶντες
1436 1818 1535 1845 οὑτωσὶ
1557 1817 1686 1853 ἐξαίφνης
1707 1819 1765 1845 κεί-

979 1871 1059 1898 μενον
1077 1862 1172 1898 νεκρόν
1185 1871 1192 1876 ·
1211 1863 1330 1898 ἠπόρουν
1347 1864 1375 1890 δὲ
1393 1865 1442 1900 τὴν
1459 1864 1549 1891 αἰτίαν
1561 1864 1610 1898 τῆς
1623 1863 1762 1895 πτώσεως,

977 1908 1024 1934 καὶ
1042 1907 1157 1942 μάλιστα
1172 1908 1214 1934 ὅτι
1235 1908 1286 1934 οὐκ
1304 1908 1444 1934 ἐπίστευον
1462 1909 1490 1936 ἐν
1505 1909 1612 1945 θανάτῳ
1625 1909 1671 1936 τὸν
1687 1910 1764 1936 (idve-

977 1961 1023 1979 τον
1049 1952 1245 1987 καταργεῖσοαι
1268 1953 1328 1980 οὐδὲ
1353 1954 1381 1980 ἐν
1401 1953 1511 1989 σταυρῷ
1533 1955 1579 1981 τὸν
1605 1954 1763 1990 τηλικοῦτον

976 1997 1039 2031 ὄφιν
1066 1997 1297 2032 καταράσσεσοαι.
1329 1999 1409 2025 Ὅθεν
1435 2000 1515 2026 πάλιν
1538 1999 1690 2034 ἐθαύμαζον
1716 2001 1763 2027 καὶ

977 2043 1087 2077 ελεγον·
1113 2044 1196 2075 (Πῶς
1222 2044 1326 2071 ἑάλωκε
1346 2045 1493 2078 Βαϐυλώνς
1510 2055 1520 2072 ι
1549 2045 1682 2072 Ἐϐλεπον
1708 2046 1763 2082 γὰρ

977 2087 1069 2114 λοιπὸν
1085 2089 1132 2114 καὶ
1147 2088 1191 2115 τὸν
1205 2088 1272 2124 ᾅδην
1286 2089 1476 2117 σκυλευθέντα.

1012 2134 1056 2161 28.
1077 2134 1167 2161 Ταῦτα
1183 2135 1211 2161 δὲ
1231 2135 1301 2170 ὀρῶν
1318 2137 1332 2162 ὁ
1347 2135 1438 2166 ἄθλιος
1457 2136 1502 2162 καὶ
1520 2136 1622 2163 τούτων
1637 2135 1743 2163 ἀκούων
1754 2155 1763 2167 ,

141 2184 196 2216 ille,
212 2183 312 2214 furere,
326 2182 490 2214 excruciari,
513 2181 671 2217 lacrymari.
688 2181 756 2208 Dum
782 2181 883 2216 quippe
897 2189 924 2208 se

979 2181 1106 2216 ἐμαίνετο
1122 2180 1214 2207 λοιπὸν
1231 2182 1277 2207 καὶ
1292 2181 1431 2217 ἐτρύχετο,
1452 2182 1622 2218 ὀδυρόμενος.
1641 2183 1695 2209 Καὶ
1710 2183 1764 2218 γὰρ

141 2229 308 2263 expoliatum
320 2227 435 2260 videret,
450 2234 511 2254 sese
527 2226 621 2254 dolore
635 2226 808 2257 macerabat;
829 2229 927 2253 contra

141 2282 257 2302 cernens
276 2274 343 2300 alios
360 2280 374 2299 a
390 2281 420 2300 se
435 2273 501 2300 olim
523 2273 550 2300 in
565 2273 642 2299 luctu
672 2272 855 2307 lacrymisque
879 2271 924 2299 de-

142 2325 243 2353 tentos,
259 2320 315 2355 jam
343 2320 370 2347 in
396 2319 512 2346 Domino
531 2319 659 2354 psallere,
682 2325 712 2345 Ie
731 2318 790 2353 ipse
805 2317 926 2345 disrum-

143 2367 223 2402 pebal
237 2376 244 2393 ε
265 2366 361 2393 videns
378 2373 408 2393 se
426 2365 546 2396 irrideri,
561 2371 593 2390 ac
607 2363 726 2390 ludibrio
743 2363 839 2390 haberi
855 2363 927 2390 acri-

143 2419 184 2440 tcr
201 2420 262 2440 sese
275 2411 458 2446 discerpebat,
473 2418 504 2438 ac
519 2410 628 2438 consilii
644 2410 735 2444 inops.
753 2410 840 2436 solum
863 2409 927 2437 den-

143 2459 217 2486 tibus
234 2458 376 2490 stridebat,
392 2463 422 2485 ut
449 2461 567 2485 testatur
590 2456 637 2491 qui
667 2455 743 2482 illum
761 2455 926 2491 respiciebat

142 2503 312 2534 Ps'almista,’
329 2503 372 2530 bis
396 2502 509 2530 verbis:
528 2510 537 2527 ι
556 2500 721 2528 Observabit
743 2500 926 2536 peccatorju-

182 2580 204 2596 "
222 2580 293 2607 Psal.
311 2587 394 2611 (xxv,
413 2579 439 2609 l,
454 2579 482 2606 2.
520 2579 544 2595 ³⁸
563 2578 630 2606 Luc.
651 2587 681 2609 ιι,
699 2579 743 2606 14.

143 2617 166 2633 ⁹¹
185 2615 257 2643 Psal.
273 2623 334 2648 va,
354 2616 379 2642 l.

181 2726 236 2761 (58)
257 2725 367 2761 Bcgius,
382 2725 429 2757 ὡς.

183 2759 237 2796 (59)
256 2759 356 2796 ΪΙίσαν,
372 2761 448 2788 deest
461 2760 489 2787 in
505 2759 598 2795 Regio.

183 2794 239 2830 (40)
259 2795 370 2830 Regius.
387 2796 504 2822 secunda
521 2794 613 2825 manu,
632 2794 800 2830 συνέτρεχον.

185 2832 240 2868 (41)
259 2831 436 2866 Anglicanus,
448 2829 654 2865 ἁλαλαξώμεθα.

796 2579 818 2594 ⁵⁸
839 2577 849 2604 l
866 2577 932 2612 Reg.
958 2585 1042 2606 xviu.
1061 2577 1099 2612 77.

417 2615 441 2630 "
461 2614 532 2642 Psal.
552 2620 613 2647 xu,
631 2614 660 2647 9,
678 2615 722 2642 10.
759 2614 782 2630 ⁸⁸
800 2613 854 2641 lsa.
873 2611 924 2645 xxv,

977 2615 992 2640 ι.
1024 2611 1156 2640 “Jerem.
1174 2620 1201 2645 ι,
1218 2613 1263 2640 25.
1302 2613 1335 2629 "‘
1355 2613 1456 2641 Jereru.
1473 2621 1524 2646 IL,
1541 2614 1586 2642 23.

977 2225 1048 2261 ὁρῶν
1060 2225 1155 2252 ἑαυτὸν
1166 2225 1360 2261 σκυλευόμενον
1371 2227 1539 2253 κατέκοπτεν
1553 2226 1657 2253 ἑαυτόν.
1675 2226 1765 2262 Ὁρῶν

978 2271 1007 2297 δὲ
1027 2272 1073 2298 καὶ
1086 2271 1150 2302 τούς
1176 2280 1242 2297 ποτε
1257 2271 1400 2303 κλαίοντας
1419 2272 1464 2298 ὑπ’
1480 2272 1571 2304 αὑτὸν,
1586 2272 1633 2298 νῦν
1649 2271 1765 2307 emo»-

977 2325 1027 2348 τας
1041 2318 1069 2343 ὲν
1083 2317 1188 2352 Κυρίῳ,
1203 2317 1362 2352 διέῤῥησσεν
1376 2317 1471 2344 ἑαυτόν
1490 2325 1497 2332 ·
1519 2318 1590 2352 ὁρῶν
1604 2318 1632 2344 δὲ
1653 2318 1700 2344 καὶ
1716 2318 1765 2353 τὴν

979 2361 1077 2397 χλεύην
1101 2362 1151 2397 τὴν
1174 2362 1234 2388 κατ’
1258 2362 1340 2388 αὑτοῦ
1351 2382 1358 2394 ,
1373 2363 1526 2398 ἐσπάραττε
1541 2363 1634 2396 δεινῶς
1649 2364 1744 2391 ἑαυτὸν
1756 2384 1764 2396 ,

979 2408 1026 2435 καὶ
1039 2408 1150 2443 ἀπορῶν
1166 2407 1220 2443 (45)
1232 2408 1246 2434 ὅ
1261 2416 1287 2434 τι
1304 2408 1412 2444 πράξει,
1430 2409 1510 2444 μόνον
1522 2409 1609 2444 ἕτριζε
1623 2411 1685 2441 τοὺς
1696 2411 1767 2436 ὀδόν-

977 2462 1037 2485 τας,
1051 2453 1089 2485 ὡς
1106 2455 1120 2480 ὁ
1137 2453 1231 2480 τοῦτον
1253 2454 1383 2489 ἑωρακὼς
1406 2455 1557 2490 Ψαλμῳὸὸς
1575 2458 1710 2492 μαρτυρεῖ
1722 2457 1766 2483 λέ-

978 2508 1049 2535 γων·
1072 2509 1082 2526 ί
1097 2500 1327 2537 Παρατηρήσεται
1351 2502 1365 2527 ὁ
1391 2501 1552 2537 ἁμαρτωλὸς
1573 2501 1618 2529 τὸν
1640 2502 1743 2529 δίκαιον
1756 2522 1765 2535 ,

1151 2578 1174 2593 ’⁸
1196 2577 1266 2604 Psal.
1284 2585 1356 2609 χειν,
1377 2578 1402 2604 l.
1459 2579 1481 2594 "
1502 2578 1573 2606 Psal.
1595 2586 1686 2613 uvu,
1719 2579 1764 2608 19.

1019 2724 1074 2762 (42)
1094 2724 1133 2762 lta
1148 2723 1258 2762 ‘Regius
1274 2725 1503 2762 _etAnglicanus.
1529 2725 1600 2753 Editi
1621 2734 1685 2754 vero
1703 2730 1767 2762 post

983 2759 1099 2794 Κυρίου,
1112 2759 1221 2794 habent,
1240 2759 1286 2786 τοῦ
1301 2760 1377 2786 θεοῦ.

1020 2795 1074 2829 (45)
1093 2793 1176 2822 Basil.‘
1191 2795 1231 2822 ὅτι
1243 2795 1353 2831 πράξαι-
1370 2795 1465 2830 ἕτρυζε
1480 2796 1542 2828 τοὺς
1554 2796 1593 2826 ὀό.
