1915 3057
94 158 156 191 233,
202 168 205 174 ’

607 151 652 180 DE
671 150 840 180 PASSIONE
859 150 904 178 ΕΤ
923 149 1040 179 CRL'CE
1058 149 1187 178 DOMINI.

1670 151 1723 179 254

93 218 141 245 καὶ
157 215 249 253 βρύξει
265 215 308 242 ἐπ’
324 211 404 242 αὐτὸν
419 215 483 247 τοὺς
501 214 612 246 ὀδόντας
625 213 719 241 αὑτοῦ.
742 214 772 240 '0
785 213 813 240 δὲ
829 212 885 239 Κύ-

941 215 1019 246 stum,
1031 215 1058 239 et
1071 211 1197 239 stridebit
1217 219 1300 248 super
1315 218 1378 240 eum
1406 211 1534 239 dentibus
1545 210 1614 239 suis.
1628 209 1723 237 Domi-

95 272 152 299 ριος
168 261 346 296 ὲκγελάσεται
370 260 469 287 αὐτόν*
488 269 497 285 ι
523 259 570 286 καὶ
588 259 668 287 πάλιν
681 268 688 275 ·
710 268 720 284 ‹
740 258 884 294 ’Ᾱμαρτω-

93 307 140 338 λδς
157 306 263 341 ὄψεται,
277 305 325 332 καὶ
348 304 539 340 ὀργισθήσεται
557 313 562 318 ·
588 304 651 336 τοὺς
673 303 781 335 ὀδόντας
803 302 885 330 αὑτοῦ

96 352 190 389 βρύξει
205 352 253 378 καὶ
269 351 428 386 τακήσεται.
442 360 451 376 ι
473 350 583 386 Ἔτριζε
605 350 634 377 δὲ
656 349 884 386 μεταμελόμενος,

95 399 138 426 ὅτι
150 398 202 425 κᾶν
216 397 284 429 ὅλως
298 397 447 432 τετόλμηκε
462 396 534 423 κατὰ
546 395 592 422 τοῦ
613 395 755 431 Σωτῆρος·
775 395 829 430 (Μ)
848 395 887 420 εἱ-

95 445 149 476 δὼς
165 445 259 471 ἑαυτὸν
273 443 326 479 πρὸ
342 443 436 469 τούτου
454 442 597 478 τολμῶντα
608 441 679 469 κατὰ
694 442 747 468 τῶν
763 441 885 472 δικαίων,

95 492 144 519 καὶ
162 491 245 526 μηδὲν
266 489 385 517 τοιοῦτον
410 488 573 515 πεπονθότα.
591 488 646 515 Καὶ
661 488 714 523 γὰρ
733 486 888 514 magna-
911 502 914 507 η

97 547 148 569 σας
161 537 200 573 τῷ
217 537 310 569 ’Δεελ,
324 536 371 563 καὶ
385 536 447 568 τοὺς
462 535 632 570 πατριάρχας
650 534 756 570 θλίψας,
774 535 886 561 ὲπιὸου-

93 584 194 615 λεύσας
208 584 236 610 δὲ
251 583 298 610 καὶ
310 582 349 618 τῷ
365 583 475 618 Ἡσαΐᾳ,
491 582 538 608 καὶ
551 581 596 608 τὸν
614 581 748 617 Ἰερεμίαν
761 581 885 617 ὑϐρίσας,

94 631 142 657 καὶ
155 630 200 656 τὸν
223 629 284 655 ’1ὼό
300 628 433 664 πειράσας
446 635 454 644 ν
468 627 548 654 πάλιν
560 627 635 662 ἴσχυε
653 627 720 662 (45),
735 627 783 653 καὶ⁸
796 627 888 654 ἐϐασί-

93 675 172 702 λευεν
185 676 199 701 ὁ
215 674 328 706 Θάνατος
341 673 395 700 ἀπὸ
413 673 498 708 Ἀδὰμ
524 672 604 708 μέχρι
622 671 753 703 Μωσέως.
768 672 846 707 ’Ἄρτι
859 671 887 698 δὲ

94 722 232 757 τολμήσας
249 721 319 748 κατὰ
338 720 383 747 τοῦ
400 719 518 756 Κυρίου,
537 719 636 754 θεωρεῖ
658 717 753 744 ἑαυτὸν
775 717 888 753 γενόμε-

93 776 139 794 νον
152 767 237 802 Ἶρον,
258 766 304 793 καὶ
319 765 485 802 ἐκϐληθέντα
503 764 549 791 τοῦ
567 763 677 796 παντὸς,
691 764 738 790 καὶ
752 764 805 790 ὑπὸ
817 763 886 790 πάν-

92 823 149 841 των
166 813 417 848 καταπατούμενον.
438 813 540 848 Ἔργον
557 811 612 847 γὰρ
635 812 682 838 τοῦ
699 811 825 847 Σωτῆρος
841 811 888 845 γὲ-

92 868 157 894 γονε
174 859 212 895 μὴ
230 859 310 894 μονον
330 857 385 893 (46)
410 857 493 884 αὐτοῦ
514 857 560 884 τοῦ
576 856 691 884 θανάτου
709 855 885 889 καταπαῖξαι,

91 905 163 932 ἀλλὰ
180 905 228 931 καὶ
247 905 322 940 ἡμᾶς
343 904 387 930 ἐπ’
406 903 488 930 αὑτοῦ
511 903 663 930 ἐπιθεῖναι·
683 903 726 930 ἴνα
749 902 786 938 μὴ
805 903 885 938 μόνον

90 952 169 988 ἡμᾶς
184 951 234 986 τῆς
247 950 369 982 δουλείας
385 949 564 986 ἐλευθερώσῃ,
579 949 647 977 ἀλλὰ
659 949 706 976 καὶ
723 949 768 976 τὸν
787 948 886 976 δουλώ-

91 1005 181 1024 σαντα
191 996 266 1032 ἡμᾶς
279 996 442 1031 καταργήσῃ
452 1004 459 1011 ·
480 996 584 1031 μήποτε
595 995 675 1023 πάλιν
692 994 804 1030 ἰσχύσας
816 995 886 1022 ἁπα-

89 1043 164 1079 τήσῃ
177 1042 262 1077 ἡμᾶς,
279 1041 325 1068 καὶ
340 1042 379 1073 εἰς
390 1040 475 1075 ἀργὸν
489 1040 572 1067 αὐτοῦ
587 1040 618 1067 τὸ
631 1040 796 1076 κατόρθωμα
809 1040 888 1075 γένη-

88 1097 150 1117 ται.
167 1087 249 1115 Ὀθεν
262 1088 352 1120 αὐτὸς,
376 1087 547 1119 καταπαίξας
569 1086 615 1113 τοῦ
635 1086 750 1113 Θανάτου
762 1107 768 1119 ,
794 1086 887 1113 λοιπδν

89 1135 203 1163 ἔκδοτον
228 1135 274 1161 καὶ
291 1135 356 1170 ἡμῖν
372 1133 452 1160 αὐτὸν
468 1134 508 1166 εἰς
527 1133 557 1159 τὸ
573 1133 717 1160 πατεῖσθαι
733 1133 824 1160 δίδωσι
841 1132 886 1159 λέ-

90 1189 153 1216 γων
166 1189 173 1196 '
201 1190 211 1206 (
233 1180 299 1207 Ἰδοὺ
322 1180 424 1206 δέδωκα
444 1180 509 1215 ὑμῖν
531 1178 655 1211 ἐξουσίαν
674 1179 770 1206 πατεῖν
794 1178 886 1205 ἐπάνω

89 1228 182 1262 δῳεων
207 1227 255 1254 καὶ
281 1226 437 1262 σκορπίων,
458 1226 506 1252 καὶ
524 1225 570 1252 ἐπὶ
590 1226 680 1252 πᾶσαν
707 1225 756 1261 τὴν
772 1224 887 1260 δύναμιν

88 1274 140 1301 τοῦ
154 1273 251 1308 ἐχθροῦ
262 1282 268 1289 ·
285 1283 295 1300 ι
316 1273 363 1300 καὶ
377 1272 471 1299 πάλιν·
492 1281 502 1298 ι
515 1272 712 1308 Καταπατήσει
728 1271 822 1298 λέοντα
840 1271 888 1298 καὶ

88 1320 239 1356 δράκοντα.
263 1329 272 1346 ι
298 1319 386 1346 Πάλαι
414 1319 462 1354 μὲν
492 1319 547 1355 γὰρ
569 1318 583 1346 ὁ
612 1318 673 1353 ὄφις
690 1317 816 1354 ὴπάτησε
838 1317 888 1355 τὴν

89 1365 167 1393 Εὕαν
179 1385 187 1397 ,
205 1364 254 1392 καὶ
268 1363 308 1400 τῷ
323 1363 413 1400 φθόνῳ
430 1363 525 1390 τούτου
548 1364 562 1390 ὁ
578 1363 693 1395 θάνατος
706 1363 831 1398 εἰσῆλθεν
848 1364 888 1395 εἰς

88 1413 139 1440 τὸν
154 1412 277 1448 κόσμον·
294 1411 357 1447 ἄρτι
378 1410 407 1437 δὲ
435 1411 576 1442 πατεῖται,
596 1410 644 1437 καὶ
665 1409 750 1437 θέλων
770 1410 887 1445 ἀπατᾷν,

89 1458 188 1487 ἀκούει
198 1466 205 1473 ·
224 1467 233 1484 ι
247 1457 358 1491 ’Ὕπαγε
372 1457 458 1484 ὀπίσω
476 1465 526 1492 μου
539 1477 547 1489 ,
563 1457 682 1484 Σατανᾶ.
694 1465 703 1482 ι
725 1457 781 1483 Καὶ
804 1456 890 1483 πάλαι

92 1505 145 1541 μὲν
162 1505 177 1531 ὁ
193 1503 329 1535 ἀντίδικος
340 1503 419 1538 ἡμῶν
438 1502 560 1535 διάϐολος
579 1503 616 1534 ώς
632 1502 700 1529 λέων
716 1502 887 1538 περιεπάτει,

937 265 990 284 nus
1007 261 1097 285 autem
1113 257 1238 285 irridebit
1259 258 1374 286 eum'”.
1395 267 1404 284 ι
1420 257 1459 284 Ac
1479 264 1589 285 rursum
1605 265 1612 283 :
1632 265 1641 282 ε
1655 255 1724 283 Pec-

937 307 1014 330 cator
1042 302 1193 336 videbit,jet
1222 303 1372 336 irascetur;
1390 303 1519 330 dentibus
1536 303 1594 330 suis
1626 302 1725 330 fremet

938 353 966 376 et
985 350 1151 376 tabescet“.
1171 358 1180 375 ›
1202 349 1341 377 Stridebat
1365 357 1441 383 vero,
1465 348 1538 384 quod
1567 348 1673 376 doleret
1694 355 1725 375 se

937 403 1058 430 unquam
1073 403 1134 422 cum
1152 394 1292 423 Salvatore
1307 395 1437 432 congredi
1452 403 1549 422 ausum
1565 402 1644 428 esse;
1657 394 1726 422 scie-

939 443 986 470 bat
1007 446 1098 470 autem
1127 450 1157 470 se
1179 447 1258 470 antea
1287 443 1378 478 justas
1405 442 1515 478 aggredi
1531 449 1639 473 ausum,
1655 441 1725 469 nihil

937 488 1074 523 ejusmodi
1089 496 1199 524 passum
1217 489 1312 517 fuisse.
1330 488 1398 516 Nam
1414 489 1464 517 etsi
1483 488 1562 516 Abeli
1579 488 1726 516 insidiatus

937 534 1044 565 fuisset.
1069 534 1239 569 patriarchas
1258 534 1408 566 aillixissct,
1423 534 1499 562 isaia:
1522 533 1726 569 parassctinsi-

938 581 1008 612 dias,
1026 580 1170 608 llicrcmize
1185 581 1378 608 contumeliam
1402 581 1524 612 fecisset,
1545 580 1644 608 Jobum
1665 585 1726 608 ten-

938 631 1041 660 tasset;
1062 635 1137 655 mors
1155 631 1247 654 tamen
1273 627 1467 659 invalescebat,
1482 626 1666 662 regnabatque
1691 626 1726 653 ab

936 673 1041 700 Adamo
1055 681 1142 708 usque
1156 672 1189 700 ad
1204 672 1324 708 Moysen.
1349 672 1410 700 Jam
1432 679 1497 700 vero
1509 671 1592 700 simili
1610 671 1727 699 audacia

937 719 1069 747 adrer5us
1099 719 1242 746 Dominum
1268 726 1346 750 usus,
1360 726 1390 746 se
1415 718 1494 754 plane
1516 717 1588 744 lrum
1613 717 1726 750 factum,

938 766 1121 801 undequaque
1137 765 1257 801 pulsum,
1270 765 1303 792 ab
1320 765 1447 792 omnibus
1463 764 1655 791 conculcatum
1668 763 1728 790 ani-

937 812 1136 840 madvertebat.
1157 812 1309 840 Salvatoris
1325 812 1426 847 quippe
1441 818 1511 846 opus
1523 811 1586 842 fuit,
1604 817 1659 837 non
1675 809 1729 844 ipsi

939 863 1045 886 tantum
1070 858 1153 886 morti
1183 858 1310 891 illudcre,
1339 859 1386 886 sed
1404 858 1487 885 etiam
1508 864 1558 885 nos
1576 856 1665 884 eidem
1682 863 1730 883 su-

938 904 1060 940 periores
1071 904 1239 932 constituere
1254 923 1262 936 ,
1284 906 1314 931 ut
1331 911 1386 931 non
1400 903 1488 931 solum
1507 909 1558 930 nos
1569 910 1583 929 a
1596 901 1730 930 servitute

935 951 1076 984 liberaret,
1101 951 1150 979 sed
1166 951 1248 979 etiam
1261 958 1322 979 eum
1341 950 1388 986 qui
1400 958 1450 978 nos
1465 950 1492 977 in
1509 949 1666 978 servitutem
1681 955 1726 975 re-

936 997 1048 1033 degerat
1069 999 1246 1033 opprimeret,
1273 1005 1308 1025 ne
1331 1004 1443 1024 rursum
1471 996 1642 1023 invalescens
1671 1002 1723 1022 nos

937 1045 1104 1080 deciperet,
1135 1052 1204 1072 neve
1237 1051 1287 1072 sua
1317 1043 1433 1070 victoria
1460 1043 1599 1071 incassum
1627 1041 1724 1070 abiret.

937 1091 1110 1126 Quapropter
1131 1090 1189 1126 ipse
1213 1098 1276 1118 cum
1299 1089 1432 1118 illusisset
1451 1090 1544 1122 morti,
1561 1089 1640 1117 nobis
1663 1089 1728 1116 item

937 1145 998 1166 eam
1017 1137 1178 1165 calcandam
1205 1136 1290 1164 tradit
1318 1136 1413 1164 dicens
1430 1145 1437 1164 :
1454 1145 1463 1161 ‹
1482 1135 1553 1164 Ecce
1574 1136 1638 1164 dedi
1653 1136 1731 1164 vobis

937 1187 1101 1219 potestatem
1116 1182 1240 1211 calcandi
1259 1189 1342 1217 supra
1358 1186 1500 1218 serpentes
1513 1185 1541 1209 et
1567 1181 1731 1217 scorpiones

937 1234 965 1258 et
975 1238 1059 1266 supra
1078 1237 1187 1258 omnem
1202 1230 1330 1257 virtutem
1347 1228 1491 1256 inimici".
1513 1237 1523 1254 ι
1541 1228 1581 1255 Ac
1597 1235 1706 1255 rursum
1722 1235 1730 1253 :

941 1284 951 1301 ι
970 1275 1155 1304 Coneulcabis
1170 1275 1277 1302 leonem
1292 1278 1319 1301 et
1333 1273 1523 1301 draconem”.
1542 1283 1550 1299 ι
1569 1272 1640 1300 Olim
1654 1280 1733 1300 nam-

938 1329 992 1357 que
1020 1329 1133 1357 serpens
1153 1320 1238 1348 Evam
1261 1319 1379 1355 decepit,
1395 1320 1512 1355 ejusque
1538 1319 1640 1347 invidia
1655 1327 1732 1347 mors

939 1368 1051 1396 intrarit
1062 1368 1090 1395 in
1111 1368 1242 1395 mundum
1258 1377 1264 1394 ι
1278 1367 1335 1402 jam
1356 1375 1422 1395 vcro
1448 1367 1626 1394 conculcatur
1644 1371 1670 1394 et
1684 1374 1734 1394 vo-

938 1415 999 1442 lens
1011 1414 1138 1450 decipere
1154 1413 1250 1441 audit:
1268 1422 1279 1440 (
1296 1412 1371 1440 Vade
1392 1416 1465 1440 retro
1488 1420 1542 1443 me,
1566 1411 1696 1439 Satana’.
1719 1421 1728 1438 ι

939 1460 1009 1488 Olim
1034 1460 1208 1488 adversarius
1232 1463 1326 1487 noster
1349 1458 1486 1490 diabolus,
1502 1458 1582 1493 quasi
1607 1458 1651 1486 leo
1673 1458 1732 1485 cir-

940 1506 1073 1539 cumibat,
1092 1506 1188 1534 sitiens
1210 1506 1330 1532 animam
1350 1508 1474 1532 nostram
1491 1513 1497 1530 :
1512 1505 1569 1539 jam
1585 1511 1650 1531 vero
1665 1511 1732 1531 cono

87 1550 179 1586 διψῶν
192 1550 242 1585 τὴν
267 1549 404 1585 ἡμετέραν
427 1549 536 1584 ψυχήν·
561 1549 624 1585 ἄρτι
642 1549 671 1575 δὲ
690 1550 888 1576 καταπατεῖται

941 1553 1066 1580 culcatur
1099 1560 1162 1579 cum
1188 1551 1317 1585 dracone,
1352 1558 1384 1578 ac
1415 1552 1525 1578 demum
1555 1550 1631 1578 brevi
1657 1549 1731 1578 Deus

90 1598 144 1624 ain:
158 1596 197 1632 τῷ
209 1596 348 1632 δράκοντι,
365 1596 413 1622 καὶ
427 1595 520 1622 λοιπὸν
533 1596 547 1622 ὁ
560 1595 627 1627 Θεὸς
642 1596 671 1622 ἐν
687 1595 764 1631 τάχει
784 1595 889 1631 συντρί-

87 1644 139 1680 ψει
159 1643 205 1669 τὸν
219 1643 341 1669 Σατανᾶν
353 1641 405 1668 ὑπὸ
419 1642 481 1673 τοὺς
497 1641 580 1673 πόδας
590 1641 679 1677 ἡμῶν.
692 1641 747 1668 Καὶ
763 1641 889 1668 τοσοῦτον

89 1689 308 1724 καταφρονεῖται
325 1688 371 1714 κα)⁸
390 1688 517 1720 παίζεται
532 1708 539 1719 ,
565 1687 602 1719 ὡς
619 1687 667 1714 καὶ
693 1688 740 1714 ἐπὶ
763 1687 889 1723 τρώγλην

90 1733 228 1765 ἀσπίδων,
248 1731 413 1759 ὲκΰάλλοντά
428 1741 490 1758 τινα
511 1732 557 1768 τὴν
576 1733 664 1768 χεῖρα,
680 1732 718 1768 μὴ
734 1732 888 1767 φοϐεῖσθαι,

90 1777 190 1805 Ταῦτα
204 1778 260 1813 γὰρ
282 1777 399 1810 Ἡσαΐας
413 1778 600 1814 προεφήτευσε
613 1786 621 1794 ’
637 1779 684 1805 καὶ
699 1778 772 1805 ἔστιν
785 1780 800 1805 ὀ
812 1778 890 1813 λόγος

91 1822 213 1858 ἀληθὴς.

130 1868 177 1896 29.
198 1868 296 1895 Παιδία
316 1867 381 1903 γοῦν
404 1868 455 1905 τὴν
470 1868 553 1895 πάλαι
573 1869 620 1895 καὶ
632 1868 763 1904 γέροντας
778 1867 890 1895 ἀπατῶ-

94 1923 147 1941 σαν
163 1914 260 1949 ἡδονὴν
275 1913 338 1949 ἄρτι
348 1913 509 1949 χλευάζουσι
520 1922 526 1929 ·
543 1914 590 1941 καὶ
603 1914 686 1949 μήπω
698 1914 818 1950 νομιμης
833 1913 891 1950 ἠλι-

94 1961 162 1992 κίας
185 1960 330 1992 ἐπιϐάντες
344 1981 352 1994 ,
373 1960 422 1996 τὴν
446 1961 516 1996 ὑπὲρ
538 1961 583 1986 τὸν
597 1960 678 1996 νόμον
705 1960 890 1996 περιζώννυν-

95 2015 143 2034 ται
165 2006 220 2041 (47)
237 2005 414 2042 σωφροσύνην
428 2014 434 2020 ·
460 2007 507 2033 καὶ
529 2006 658 2042 παρθένοι
684 2007 826 2042 μένοντες,
850 2006 890 2042 τῷ

95 2053 170 2089 λόγῳ
185 2052 301 2080 πατοῦσι
315 2052 365 2087 τῆς
381 2052 511 2086 opu-3609;
527 2053 625 2088 ἡδονῆς
643 2052 693 2084 τὰς
714 2053 831 2086 ἀπάτας,
852 2052 890 2088 μὴ

96 2098 260 2134 φοϐούμενοι
284 2097 383 2132 ταύτης
401 2098 435 2124 τὰ
460 2097 635 2134 θανατηφόρα
657 2098 795 2134 δήγματα.
820 2098 888 2134 Ἤδη

97 2143 125 2171 δέ
138 2151 212 2175 τινες
223 2143 270 2169 καὶ
281 2142 348 2169 αὐτὸ
363 2143 394 2169 τὺ
405 2143 516 2178 κέντρον
530 2143 577 2170 τοῦ
591 2142 714 2170 διαϐόλου
728 2141 888 2176 πατοῦντες,

99 2190 148 2217 οὐκ
164 2189 318 2216 ἐδειλίασαν
333 2189 378 2216 τὸν
396 2189 510 2216 θάνατον
520 2197 527 2205 ’
547 2189 613 2216 ἀλλὰ
627 2188 674 2215 καὶ
687 2189 737 2224 τὴν
748 2189 821 2224 ζωὴν
838 2190 890 2216 αὺ-

942 1601 1065 1625 conteret
1081 1597 1210 1624 Satanam
1227 1597 1280 1625 sub
1295 1596 1411 1632 pedibus
1427 1598 1540 1625 nostris.
1556 1596 1732 1632 Tantumque

942 1643 1106 1680 despicitur,
1126 1648 1233 1671 tantum
1261 1644 1404 1676 illuditur,
1429 1647 1460 1670 ut
1486 1651 1520 1671 ne
1534 1643 1672 1678 quispiam
1687 1650 1733 1670 re-

942 1689 1070 1718 formidet
1084 1689 1118 1717 ad
1135 1689 1257 1717 foramen
1280 1689 1406 1724 aspidum
1422 1688 1568 1716 admovere
1585 1695 1697 1716 manum
1708 1689 1730 1714 ².

943 1736 1006 1764 llzec
1034 1736 1108 1765 enim
1143 1736 1227 1764 lsaias
1258 1735 1441 1772 prophetavit,
1467 1735 1546 1771 cujus
1584 1742 1667 1763 verus
1690 1738 1733 1763 est

942 1788 1043 1808 sermo.

978 1871 1023 1898 29.
1044 1870 1125 1898 Pueri
1137 1879 1202 1907 ergo
1217 1871 1395 1906 voluptatem,
1408 1879 1469 1906 quae.
1486 1871 1562 1907 ipsos
1575 1870 1639 1898 olim
1653 1878 1733 1899 senes

943 1918 1105 1953 decipiebat,
1129 1917 1186 1953 jam
1210 1917 1351 1946 irrident:
1371 1917 1488 1945 necdum
1518 1917 1553 1944 ad
1582 1917 1735 1953 legitimam

944 1964 1083 1999 progressi
1104 1968 1211 1992 :ctatem
1228 1964 1408 1996 continentia,
1425 1971 1487 2000 qua:
1502 1964 1587 2000 legem
1609 1968 1733 1999 superat,

944 2010 1053 2038 lumbos
1076 2011 1247 2046 praecingunt
1267 2019 1274 2038 :
1298 2010 1490 2046 manendoque
1518 2010 1648 2046 virgines,
1675 2017 1734 2037 ser-

943 2058 1062 2093 pentium
1088 2057 1238 2092 voluptatis
1269 2056 1393 2085 fallacius
1418 2057 1503 2085 verbo
1532 2057 1650 2088 calcant.
1664 2056 1733 2084 nihil

944 2102 1004 2137 ejus
1028 2101 1171 2129 lethil‘eros
1196 2108 1306 2129 morsus
1333 2101 1425 2129 veriti.
1448 2101 1510 2129 Jam
1528 2110 1594 2129 vero
1609 2101 1731 2136 quidam,

944 2148 1035 2183 ipsum
1062 2147 1165 2176 diaboli
1189 2148 1331 2176 stimulum
1361 2148 1511 2180 calcantes,
1538 2151 1653 2176 mortem
1676 2155 1734 2175 non

946 2195 1128 2228 exliorruere;
1144 2195 1193 2222 sed
1213 2199 1300 2223 morte
1314 2195 1399 2222 vitam
1426 2203 1504 2223 suam
1517 2198 1733 2227 counnutarunt,

99 2236 151 2262 τῶν
169 2236 288 2271 ἤλλαξαν
313 2235 352 2271 τῷ
375 2235 492 2271 θανάτῳ,
512 2235 650 2272 μάρτυρες
674 2236 815 2271 γενόμενοι
843 2235 888 2262 τοῦ

943 2240 1025 2269 Verbi
1041 2245 1176 2278 martyres
1190 2241 1280 2270 clTecti
1299 2251 1305 2268 ι
1325 2241 1386 2269 ideo
1401 2241 1474 2269 enim
1500 2245 1626 2268 mortuus
1641 2240 1735 2267 Domi-

103 2282 197 2317 Δάγον-
207 2282 252 2309 διὰ
264 2282 344 2309 τοῦτο
355 2282 409 2318 γὰρ
423 2281 556 2309 ἀπέθανεν
565 2283 696 2318 όΚύριος.
713 2282 808 2310 Πολλοὶ
820 2282 848 2309 δὲ
858 2282 892 2309 τὰ

104 2328 147 2354 ἐπὶ
153 2329 206 2364 γῆς
215 2329 421 2361 καταλιπόντες,
431 2328 565 2364 ἐλευθέρῳ
571 2329 610 2365 τῷ
621 2329 764 2364 βαδίσματι
772 2328 816 2356 τὸν
823 2329 853 2356 ἀέ
857 2336 892 2364 pa.

103 2372 266 2401 διαόαίνουσι
281 2394 290 2407 ,
314 2375 362 2401 καὶ
390 2375 419 2401 ὲν
443 2375 551 2411 οὖρανῷ
576 2375 779 2403 πολιτεύονται·
796 2375 891 2402 οὐκέτι

105 2421 262 2457 φοϐούμενοι
284 2422 330 2448 τὸν
353 2421 471 2458 ἄρχοντα
494 2420 541 2448 τοῦ
557 2422 639 2458 ἀέρος
651 2442 658 2454 ,
676 2421 745 2449 ἀλλὰ
759 2422 807 2449 καὶ
831 2423 892 2448 ἐπι-

106 2467 263 2502 πλήττοντες
279 2468 326 2495 καὶ
333 2467 468 2502 λέγοντες,
480 2469 504 2494 εἰ
519 2467 590 2494 Θέλοι
603 2468 718 2495 κωλύειν
732 2476 738 2483 ·
754 2477 763 2494 ι
776 2468 890 2503 ’Ύπαγε

104 2511 187 2539 ὀπίσω
201 2521 262 2548 μου,
275 2513 395 2539 Σατανᾶ·
415 2522 424 2538 ι
441 2514 482 2540 ὃτι
496 2513 597 2549 Κύριον
609 2513 655 2540 τὸν
665 2513 730 2540 Θεόν
744 2522 794 2550 μου
807 2513 892 2541 σπεύ-

103 2558 138 2586 δω
155 2560 344 2595 προπονῆσαι
360 2568 366 2574 ·
382 2560 425 2588 διὰ
442 2560 521 2587 τοῦτο
541 2561 596 2597 γὰρ
611 2561 770 2598 ἐσταυρώθη
791 2563 830 2594 εἰς
844 2563 890 2589 τὸν

104 2604 196 2642 ἀὲραό
213 2605 318 2642 Σωτήρ.
338 2605 371 2633 Ἡ
387 2606 416 2633 δὲ
429 2607 489 2639 ὁδὸς
509 2606 557 2633 τοῦ
574 2607 749 2643 παραδείσου,
766 2609 782 2643 ἡ
805 2607 889 2635 πάλαι

138 2683 161 2720 γ·
179 2683 251 2713 Psal.
271 2692 369 2719 xxxvi,
388 2685 440 2719 12,
457 2685 502 2713 15.
539 2685 562 2702 ’⁷
581 2685 655 2714 Psal.
670 2693 734 2720 cxt,
751 2685 794 2714 10.

105 2718 116 2734 ¹
133 2718 186 2748 lsa.
204 2729 251 2752 xl,
269 2720 297 2748 8.

150 2798 194 2833 Η)
213 2798 325 2834 Regius.
340 2799 398 2834 ᾔδει
415 2799 519 2826 ἑαυτόν.

124 2832 195 2872 ⁸(ρὸ)
215 2832 384 2872 Basiliensis,
407 2834 528 2872 ἴσχυσενΣ
551 2834 636 2872 Infra,
652 2832 736 2872 Ἶρος,
755 2835 797 2862 sic
813 2842 892 2863 men-

105 2867 158 2895 dici
175 2867 355 2901 vocabantur,
380 2877 413 2896 ex
437 2867 484 2896 illo
505 2869 616 2898 Homeri
635 2867 762 2899 mendico
777 2871 822 2899 cui
840 2879 891 2900 no-

106 2910 176 2938 men,
192 2903 277 2940 Ἶρος,
296 2904 393 2939 Odyss.
408 2903 438 2931 Σ.

263 2950 361 2980 Pun.
377 2950 436 2981 Gn.
455 2949 604 2981 XXVIII.

851 2686 874 2702 ⁵⁸
893 2685 960 2714 Luc.
984 2695 1016 2720 ι,
1034 2686 1078 2714 i9.
1116 2687 1126 2716 ἶ
1142 2687 1166 2702 ’³
1185 2685 1258 2714 Psal.
1284 2695 1333 2721 xc,
1352 2687 1395 2715 l5.

945 2295 998 2315 nus
1012 2291 1066 2316 est.
1080 2287 1157 2315 Multi
1170 2295 1236 2316 vero
1246 2288 1364 2316 terrenis
1384 2287 1523 2316 derelictis
1539 2289 1634 2318 rebus.
1648 2287 1734 2314 libero

945 2342 1042 2370 gressu
1057 2342 1148 2362 aerem
1164 2338 1312 2370 peragrant
1326 2337 1353 2361 et
1365 2334 1392 2361 in
1417 2335 1488 2362 cmlo
1505 2333 1587 2361 vitam
1605 2333 1709 2368 degunt
1726 2342 1733 2360 :

945 2380 1014 2407 nihil
1041 2380 1112 2408 ultra
1140 2379 1218 2407 veriti
1248 2380 1401 2415 principem
1432 2379 1520 2411 aeris,
1549 2379 1604 2406 imo
1629 2379 1734 2414 potius,

946 2425 970 2453 si
1003 2425 1150 2461 prohibere
1175 2426 1305 2458 voluerit,
1337 2425 1511 2460 increpantes
1535 2432 1568 2453 ac
1588 2425 1735 2454 dicentes:

946 2480 956 2497 ‹
967 2469 1044 2499 Vade
1054 2476 1129 2499 retro
1138 2479 1192 2503 me,
1207 2470 1319 2504 Satana,
1333 2481 1342 2497 ι
1356 2471 1486 2506 quoniam
1496 2471 1640 2500 Dominum
1650 2471 1738 2500 Deum

943 2524 1034 2544 meum
1063 2516 1164 2544 festino
1179 2517 1311 2550 adorare;
1339 2517 1401 2545 ideo
1424 2525 1543 2553 namque
1564 2517 1693 2546 Salvator
1709 2519 1735 2546 iu

942 2570 1005 2590 aere
1019 2563 1168 2591 cruciﬁxus
1185 2567 1236 2591 est.
1261 2563 1311 2590 Via
1337 2567 1427 2591 autem
1448 2564 1582 2599 paradisi,
1599 2566 1665 2592 olim
1686 2573 1736 2600 per

944 2611 1086 2643 peccatum
1101 2609 1206 2641 clausa,
1219 2609 1274 2644 jam
1289 2609 1444 2637 volentibus
1457 2613 1530 2645 patet
1544 2630 1551 2642 ,
1566 2615 1596 2638 ut
1614 2611 1651 2638 ait
1667 2611 1737 2638 Pau-

1455 2688 1463 2703 ³
1486 2687 1570 2716 Marc.
1598 2697 1657 2722 vut,
1688 2689 1733 2717 33.

980 2799 1037 2836 (46)
1055 2799 1167 2836 tiegius,
1187 2801 1278 2828 αὐτόν.

964 2834 1036 2876 τμη
1055 2834 1167 2876 Regius.
1186 2836 1356 2872 εὐφροσύνην
1368 2847 1374 2853 ·
1397 2837 1444 2865 καὶ
1463 2838 1595 2876 παρθένοι
1612 2839 1735 2875 μένουσι,

943 2871 983 2906 τῷ
995 2871 1066 2907 λόγῳ
1079 2871 1238 2904 πατοῦντες.
