1915 3057
185 142 240 169 255

749 140 777 168 S.
799 139 1031 169 ATHANASIUS.
1051 158 1086 163 —
1100 141 1218 171 DUBIA.

1762 137 1815 165 236

186 198 242 230 ius,
274 198 321 233 qui
347 205 383 227 .eo
415 197 465 224 loci
495 200 591 232 raptus
614 200 666 229 est,
697 201 724 224 et
752 198 786 225 ad
809 198 864 233 79
876 197 970 226 icmlos

1025 198 1058 224 δι’
1075 198 1212 234 ἁμαρτιας
1224 197 1388 230 κλεισθεῖσα,
1403 197 1466 232 ἄρτι
1478 198 1533 229 τοῖς
1546 195 1718 232 βουλομένοις
1730 195 1815 230 ἀνέῳ-

187 245 322 272 ascendit.
339 243 401 271 ldco
413 243 542 271 Dominus
557 243 642 270 illusit
656 244 791 279 serpenti:
803 244 975 279 cessavitque

187 290 323 321 infernus,
338 296 391 315 non
408 288 480 315 ultra
495 288 648 323 imperante
664 295 765 322 morte,
780 289 827 316 sed
851 290 976 317 resusci-

185 336 254 364 tatis
273 335 411 362 omnibus.
436 334 567 362 Diabolus
590 338 682 362 autem
707 343 763 362 non
784 335 841 370 jam
864 335 927 363 inde
946 336 975 363 in

187 389 239 410 nos
256 381 374 416 insurgit
393 390 399 408 :
418 380 519 408 cecidit
543 381 631 413 enim,
658 385 739 416 atque
763 385 928 416 prostratus,
946 382 975 409 in

187 432 284 465 pectus
303 429 382 464 plane
396 432 422 455 et
438 427 468 454 in
483 432 607 455 ventrem
631 436 711 456 suum
734 429 903 463 provolvitur
917 437 923 454 :
943 436 975 456 ea

187 475 261 504 enim
275 475 309 502 de
320 482 404 502 causa
422 474 543 502 surrexit
558 473 702 502 Dominus.
724 473 757 501 Et
772 474 898 502 homines
913 475 975 510 qui-

187 522 248 550 dem
264 521 417 548 didieerunt
428 520 569 556 aspernari
582 520 694 548 divitias
709 521 878 556 corporales,
894 525 921 549 et
933 522 973 549 dis

187 571 297 597 tescunt
322 567 407 594 verbo
433 570 461 594 et
488 567 603 595 scientia
621 574 627 592 :
645 566 730 594 draco
756 570 847 594 autem
876 567 924 602 qui
946 575 976 595 se

187 614 299 642 divitem
315 621 377 642 esse
405 613 584 649 gloriabatur,
613 612 768 640 denudatus
796 616 849 644 est,
864 612 976 648 jamque

188 659 292 692 nudus,
309 658 369 686 Irus
385 663 412 687 et
426 666 530 694 pauper
547 663 600 691 est,
616 658 651 685 ab
663 658 819 686 hominibus
843 659 977 694 exspolia-

189 713 246 735 tus.
258 706 324 734 Nam
337 706 384 742 qui
402 706 466 733 olim
484 705 592 733 medius
608 705 679 733 inter
693 705 859 733 cherubinos
883 713 976 733 versa-

187 754 279 785 batur,
291 752 419 787 omnique
429 751 517 787 lapide
534 752 653 786 pretioso
673 751 784 778 indutus
793 757 860 782 erat,
871 751 974 784 sardio,

183 798 291 834 jaspide
302 801 329 825 et
342 798 512 832 achate,jam
524 796 631 824 demum
647 797 675 823 in
685 804 797 832 papyro,
809 796 941 824 arundine
948 801 975 824 et

187 845 264 872 silice
278 844 388 875 dormit,
404 849 433 870 ut
450 843 477 870 in
488 842 539 870 Job
556 843 590 870 de
603 843 649 869 illo
661 834 818 870 narratur”.
830 842 894 870 ideo
902 843 973 870 enim

1026 252 1084 277 γεν,
1106 244 1144 275 ὡς
1164 243 1269 275 Παῦλος
1291 245 1436 280 μαρτυρεῖ,
1462 243 1652 280 ἁρπαζόμενος
1672 243 1746 275 ἐκεῖ,
1768 243 1816 269 καὶ

1026 289 1211 325 ἀπερχόμενος
1230 291 1270 321 εἰς
1286 290 1349 321 τοὺς
1365 290 1508 326 οὐρανούς.
1522 290 1571 317 Διὰ
1585 291 1664 317 τοῦτο
1676 290 1729 326 γὰρ
1742 289 1816 317 ἐπαι-

1027 332 1071 367 ξεν
1089 335 1102 360 ὁ
1118 334 1219 369 Κύριος
1237 335 1283 361 τὸν
1298 334 1369 370 ὅφιν.
1384 335 1439 361 Kal.
1453 336 1467 361 ὁ
1487 336 1535 370 μὲν
1548 335 1614 371 ᾅδης
1629 336 1814 371 κατήργηται,

1026 379 1117 406 οὐκέτι
1131 379 1178 406 τοῦ
1193 380 1308 407 θανάτου
1326 380 1499 416 κρατοῦντος,
1514 381 1583 408 ἀλλὰ
1595 381 1703 408 πάντων
1716 383 1817 417 ἐγειρο-

1028 427 1126 462 μένων·
1143 428 1156 453 ό
1169 427 1197 454 δὲ
1212 427 1334 459 διάϐολος
1347 427 1397 454 οὐκ
1409 427 1449 454 ἔτι
1463 427 1636 460 ἐξανίσταται
1649 427 1710 454 καθ’
1726 427 1814 463 ἡμῶν·

1027 474 1154 500 πέπτωκε
1168 473 1233 509 γὰρ,
1249 473 1296 500 καὶ
1316 473 1406 500 πεσὼν
1426 474 1533 509 άληθῶς
1548 474 1594 501 ἐπὶ
1608 473 1646 509 τῷ
1663 474 1755 509 στήθει
1770 474 1816 500 καὶ

1026 522 1059 556 τῇ
1077 520 1165 556 κοιλίᾳ
1179 519 1323 556 πορεύεται
1335 528 1341 535 ·
1356 519 1399 546 διὰ
1410 519 1489 546 τοῦτο
1501 520 1553 556 γὰρ
1565 519 1664 554 ἀνέστη
1676 520 1690 545 ὁ
1702 519 1815 554 Κύριος.

1027 567 1082 594 Καὶ
1097 568 1121 593 ot
1138 567 1186 602 μὲν
1201 566 1339 602 ἄνθρωποι
1361 565 1535 601 μεμαθήκασι
1558 567 1739 601 καταφρονεῖν
1764 574 1818 592 σω-

1029 613 1143 649 ματικοῦ
1165 612 1291 646 πλούτου,
1316 613 1364 639 καὶ
1388 612 1534 639 πλουτοῦσι
1555 612 1594 648 τῷ
1618 612 1690 647 λόγῳ
1710 612 1757 639 καὶ
1781 613 1817 648 τῇ

1026 658 1125 694 γνώσει
1135 667 1141 674 ·
1158 660 1173 685 ὁ
1188 659 1216 686 δὲ
1233 658 1409 694 καυχώμενος
1427 655 1497 685 εἶναι
1515 658 1642 690 πλούσιος
1655 659 1762 694 δράκων
1771 667 1819 693 γε-

1027 705 1168 740 γύμνωται
1187 725 1194 737 ,
1220 705 1267 731 καὶ
1285 704 1333 732 νῦν
1348 704 1451 740 γυμνὸς
1473 703 1546 740 Ἶρος
1562 705 1608 731 καὶ
1633 705 1717 739 πένης
1732 705 1795 738 ¹ἐστὶ
1808 725 1818 737 ,

1026 750 1278 786 κατεσκυλευμένος
1294 751 1347 777 ὑπὸ
1370 751 1488 777 πάντων.
1510 751 1566 777 Καὶ
1582 750 1636 786 γὰρ
1650 751 1734 778 πάλαι
1760 751 1818 777 τῶν

1026 797 1161 834 χερουϐὶμ
1176 797 1228 824 ἀνὰ
1247 797 1330 832 μέσον
1351 797 1388 824 ὢν
1404 817 1411 829 ,
1431 797 1477 824 καὶ
1495 797 1583 824 πάντα
1604 797 1676 824 λίθον
1698 797 1818 833 χρηστὸν

1026 843 1199 879 ἐνδεδυμένος
1212 864 1219 877 ,
1240 842 1285 869 τὺν
1301 842 1419 878 σάρδιον,
1436 842 1482 869 τὸν
1499 843 1607 875 ἴασπιν,
1629 841 1673 869 τὸν
1691 842 1795 878 ἁχάτην
1807 862 1817 875 ,

187 891 319 918 Dominus
339 897 443 925 pauper
460 889 520 922 fuit,
544 893 573 916 ιιι
583 897 632 916 nos
643 889 702 923 ejus
719 889 810 924 inopia
828 889 970 916 ditescere-

1026 887 1088 924 ἄρτι
1102 887 1194 914 λοιπὸν
1209 887 1256 913 ἐπὶ
1269 887 1405 923 πάπυρον,
1422 887 1468 914 καὶ
1486 887 1624 922 κάλαμον,
1649 888 1696 914 καὶ
1717 887 1819 923 χάλικα

186 937 270 970 mus‘,
283 936 462 970 diabolusque
479 934 599 963 nudatus
613 940 664 963 est.
681 935 815 971 Quodque
838 936 973 969 mirabile,

185 990 368 1019 magnumque
379 982 494 1018 contigit
507 982 535 1009 in
549 990 640 1010 rerum
667 987 777 1015 natura,
795 982 920 1010 homines
940 983 974 1010 ad

186 1033 300 1057 mortem
318 1034 465 1064 properant
478 1033 604 1064 optantes
621 1028 768 1056 adventum
785 1028 911 1062 Domini;
928 1030 976 1056 mi-

185 1083 230 1102 ser
246 1080 336 1102 autem
351 1074 488 1105 diabolus.
499 1074 545 1109 qui
560 1075 625 1102 olim
645 1075 740 1102 mortis
764 1074 908 1110 imperium
925 1075 974 1102 ha-

185 1121 256 1152 buit,
270 1121 327 1155 jam
342 1120 438 1147 metuit
452 1127 514 1146 eum
529 1119 576 1154 qui
600 1123 733 1146 venturus
760 1123 812 1151 est,
828 1119 975 1154 judicium-

183 1174 238 1202 que
255 1165 435 1193 reformidat:
450 1166 527 1192 novit
547 1165 620 1192 enim
638 1165 691 1193 sibi
704 1169 828 1200 paratum
844 1165 934 1200 ignem
946 1169 974 1192 et

186 1212 292 1248 angelis
301 1212 369 1239 suis.
380 1210 442 1239 ldeo
458 1211 530 1239 enim
543 1210 676 1238 Dominus
686 1211 910 1246 meusjudicatus
920 1215 972 1244 est,

185 1262 214 1284 ut
235 1265 286 1284 nos
307 1257 437 1292 ajudieio
456 1256 596 1289 liberaret,
616 1256 746 1292 illumque
766 1256 972 1284 condemnaret.

1029 935 1167 968 κοιμᾶται,
1184 932 1222 965 ὡς
1238 934 1266 959 ὲν
1288 933 1326 969 τῷ
1349 933 1409 960 Ἰὼϐ
1433 934 1496 968 περὶ
1519 933 1600 960 αὑτοῦ
1625 933 1745 968 λέγεται.
1766 933 1819 961 Διὰ

1026 979 1106 1006 τοῦτο
1118 980 1172 1016 γὰρ
1193 981 1208 1006 ὁ
1229 979 1331 1016 Κύριος
1347 979 1528 1015 ἐπτώχευσεν,
1542 980 1585 1007 ἵνα
1596 981 1678 1016 ἡμεῖς
1693 982 1724 1016 τῇ
1742 989 1818 1006 πτω-

1028 1026 1089 1061 χείᾳ
1106 1024 1162 1061 (48)
1177 1025 1259 1052 αὐτοῦ
1283 1026 1496 1062 πλουτήσωμεν,
1518 1027 1566 1053 καὶ
1583 1028 1597 1052 ὁ
1616 1026 1739 1058 διάϐολος
1752 1027 1819 1060 ἐγυ-

1030 1070 1133 1107 μνώθη.
1148 1071 1202 1098 Καὶ
1220 1071 1250 1098 τὸ
1265 1071 1415 1107 παράδοξον
1430 1072 1476 1098 καὶ
1492 1072 1562 1107 μέγα
1580 1071 1723 1107 γενόμενον
1740 1072 1768 1098 ὲν
1780 1072 1818 1107 τῇ

1028 1118 1133 1144 κτίσει·
1155 1117 1293 1153 ἄνθρωποι
1314 1118 1363 1152 μὲν
1380 1117 1434 1153 γὰρ
1450 1118 1612 1145 σπεύδουσιν
1633 1117 1820 1153 ἀποθνήσκειν

1029 1163 1172 1198 εὐχόμενοι
1186 1163 1236 1199 τὴν
1252 1163 1397 1199 ἐπιδημίαν
1412 1163 1458 1189 τοῦ
1474 1164 1598 1199 Σωτῆρος
1608 1172 1614 1178 ·
1632 1164 1646 1190 ό
1660 1164 1688 1190 δὲ
1703 1163 1820 1196 δείλαιος

1027 1210 1159 1243 διάϐολος,
1174 1211 1188 1237 ὁ
1209 1211 1292 1237 πάλαι
1309 1210 1355 1237 τοῦ
1371 1210 1486 1237 Θανάτου
1502 1210 1531 1236 τὸ
1553 1210 1654 1246 κράτος
1675 1209 1753 1245 ἔχων,
1770 1209 1820 1237 νῦν

1027 1257 1150 1292 φοϐεῖται
1171 1257 1216 1283 τὸν
1239 1257 1396 1293 ἐρχόμενον,
1417 1257 1464 1284 καὶ
1482 1256 1531 1291 τὴν
1551 1257 1641 1292 κρίσιν
1661 1257 1821 1292 καταπτήσ-

184 1314 235 1332 σει.
259 1302 319 1332 Οἵδε
340 1305 394 1341 γὰρ
409 1305 440 1331 τὸ
455 1305 655 1340 ἡτοιμασμένον
670 1304 744 1340 αύτῷ
761 1304 827 1341 πῦρ,
849 1305 895 1332 καὶ
915 1306 970 1336 τοῖς
994 1306 1120 1340 ἀγγέλοις
1143 1305 1237 1332 αὑτοῦ.
1263 1305 1312 1332 Διὰ
1334 1305 1412 1332 τοῦτο
1436 1304 1490 1341 γὰρ
1514 1305 1561 1332 καὶ
1597 1305 1694 1340 ἐκρίθη
1729 1313 1780 1340 μου
1804 1305 1821 1331 ό

183 1352 284 1388 Κύριος
299 1373 306 1385 ,
327 1352 370 1378 ἵνα
386 1352 460 1387 ἡμᾶς
478 1351 532 1378 ἀπὸ
556 1351 610 1388 (49)
634 1352 683 1387 τῆς
709 1351 827 1388 κρίσεως
854 1351 1034 1388 ἐλευθερώσῃ,
1049 1353 1174 1379 κάκεῖνον
1187 1352 1350 1388 κατακρίνῃ.

217 1399 262 1425 50.
290 1398 426 1425 Caeterum
457 1397 490 1424 de
513 1397 606 1424 divina
632 1398 789 1433 cognitione
819 1399 847 1426 in
873 1407 970 1427 omnes

1059 1400 1104 1427 50.
1122 1400 1190 1435 Περὶ
1207 1399 1261 1435 γὰρ
1275 1399 1326 1434 τῆς
1345 1399 1494 1434 γενομένης
1507 1399 1547 1431 είς
1563 1399 1667 1431 πάντας
1680 1399 1820 1435 πανταχοῦ

183 1442 285 1478 ubique
296 1442 474 1470 disseminata
491 1443 556 1478 quid
581 1447 622 1471 est
637 1444 710 1478 quod
726 1444 883 1480 loquamur,
907 1453 970 1472 cum

1024 1444 1189 1479 θεογνωσίας
1213 1445 1239 1472 τί
1260 1444 1299 1471 δεῖ
1321 1445 1367 1472 καὶ
1388 1445 1493 1479 λέγειν,
1512 1445 1565 1472 τῶν
1587 1445 1755 1480 γιγνομένων
1770 1446 1820 1481 ἀφ’

181 1496 226 1516 res
237 1492 319 1524 gestae
336 1496 370 1516 ex
389 1497 418 1516 se
434 1488 513 1516 [idem
526 1489 644 1517 habeant
655 1489 754 1517 ?Nulla
770 1491 843 1518 enim
858 1495 970 1526 praetcr-

1024 1491 1126 1517 ἑαυτῶν
1135 1491 1250 1526 ἐχόντων
1259 1491 1307 1526 τὴν
1317 1491 1406 1517 πίστιν
1414 1500 1421 1523 ;
1432 1491 1488 1517 Οὐκ
1496 1491 1553 1517 ἔστι
1564 1491 1617 1526 γὰρ
1628 1491 1736 1527 ἡμέραν
1748 1500 1821 1527 παρ-

182 1536 203 1562 it
227 1535 297 1568 dies,
313 1543 367 1571 qua
395 1535 506 1571 quidam
533 1536 656 1564 homines
679 1537 750 1564 idola
769 1545 823 1565 non
845 1537 970 1566 deserant

1024 1537 1121 1571 ελοεῖν,
1134 1538 1163 1564 ἐν
1213 1538 1258 1564 ὅτε
1271 1537 1306 1564 τὰ
1323 1538 1371 1573 μὲν
1388 1537 1484 1564 εἴδωλα
1505 1537 1535 1563 οὐ
1562 1537 1819 1572 καταλιμπάνουσιν

181 1583 362 1617 propriasque
378 1589 410 1609 ac
426 1586 554 1617 paternas
566 1583 640 1618 leges
656 1591 710 1610 non
729 1583 874 1619 abnegent,
894 1589 922 1611 ut
935 1585 968 1612 ad

1023 1583 1159 1619 ἅνθρωποι
1170 1605 1177 1617 ,
1201 1585 1248 1610 καὶ
1267 1585 1329 1615 τοὺς
1345 1584 1426 1615 ἰδίους
1440 1584 1487 1610 καὶ
1505 1584 1655 1619 πατρικοὺς
1671 1583 1818 1619 ἀρνοῦνται

181 1628 267 1656 Deum
281 1627 455 1663 confugiant,
470 1635 503 1656 ac
525 1628 627 1657 Christi
646 1629 719 1665 leges
740 1631 865 1665 accipere
878 1635 971 1665 postu-

180 1675 247 1708 lent,
275 1674 434 1702 incredibili
453 1674 586 1702 miraculo
602 1674 629 1701 in
643 1682 704 1702 eum
730 1675 883 1702 credentes.
903 1675 970 1702 Nam

181 1720 229 1755 qui
244 1719 378 1748 hactenus
397 1719 550 1747 idololatrte
571 1720 657 1752 fuere,
673 1722 755 1754 atque
773 1719 915 1747 Christum
941 1723 970 1747 ut

182 1766 319 1794 hominem
353 1765 514 1792 ealumniati
538 1769 614 1798 sunt,
647 1773 710 1793 eum
725 1765 865 1800 deinceps,
888 1766 969 1794 idolis

180 1812 333 1847 abnegatis,
350 1812 433 1839 Deum
451 1817 623 1848 agnoscunt:
636 1816 662 1840 et
681 1820 752 1848 quos
775 1813 802 1840 in
819 1813 901 1840 idolis
915 1813 968 1840 (ἰξε-

180 1866 276 1885 Inones
304 1857 529 1891 reformidabant,
550 1859 636 1894 ipsos,
649 1859 741 1894 agnito
757 1858 885 1891 Domino,
921 1859 969 1886 de-

180 1910 255 1930 mum
271 1903 413 1935 deserunt,
434 1908 514 1938 atque
531 1911 563 1931 ex
581 1903 641 1931 aliis
661 1903 782 1938 pellunt:
799 1911 880 1938 quam
891 1904 967 1937 item,

181 1948 332 1976 idololatraa
345 1949 409 1976 dum
423 1953 524 1982 essent,
544 1949 709 1984 voluptatem
726 1950 893 1984 metuebant,
907 1957 966 1977 eam

179 1995 208 2021 in
231 1993 343 2022 Christo
363 1995 519 2030 despiciunt
533 2006 539 2023 :
557 2000 754 2031 peccatumque
769 2004 782 2022 a
798 2004 852 2032 quo
863 1996 967 2031 pridem

180 2042 391 2076 superabantur,
407 2042 463 2076 jam
490 2043 568 2078 signo
592 2043 685 2070 crucis
702 2043 816 2070 vincunt
830 2043 965 2070 ludibrio-

179 2096 233 2121 que
252 2088 363 2115 habent.
379 2088 412 2115 Et
435 2096 501 2115 sane
515 2089 701 2124 virginitatem
714 2096 796 2123 quam
815 2089 881 2116 olim
905 2095 966 2116 esse

178 2143 234 2162 non
249 2135 409 2167 credebant,
426 2135 499 2170 quod
513 2144 568 2163 non
594 2143 676 2171 posse
691 2139 820 2170 putarent
836 2135 965 2162 virtutem

178 2181 337 2216 hujusmodi
354 2181 382 2208 in
400 2181 558 2209 hominibus
588 2181 721 2217 reperiri;
748 2181 775 2208 in
794 2181 965 2208 Salvatorem

177 2231 273 2262 postea
287 2226 432 2254 credentes
444 2234 478 2254 ex
494 2226 607 2262 Virgine
624 2232 729 2260 natum,
755 2235 810 2254 non
825 2227 907 2254 modo
917 2235 966 2254 ex-

177 2273 277 2301 sistere
302 2274 429 2306 credunt,
458 2274 513 2301 imo
538 2282 603 2302 vero
632 2274 683 2309 ipsi
704 2274 828 2302 eamdem
860 2273 964 2306 colunt,

176 2319 250 2354 quod
270 2322 361 2347 tamen
378 2319 481 2347 ethnici
497 2320 543 2355 qui
559 2320 649 2348 adhuc
673 2320 702 2347 in
725 2320 880 2348 idololatria
903 2328 966 2355 pcr-

174 2364 420 2400 maneut,fcredere
435 2365 541 2392 nolunt.
557 2365 598 2392 Ad
616 2365 687 2398 haec,
701 2365 794 2393 omnia
811 2365 866 2400 jam
881 2373 965 2392 vene-

176 2410 237 2437 licia
248 2417 403 2443 cessavere,
414 2410 504 2438 omnis
521 2410 610 2445 magia
622 2410 734 2442 abolita,
753 2410 881 2438 universa
892 2410 964 2438 Gm-

175 2463 271 2482 corum
292 2455 425 2484 infatuata
455 2456 590 2491 sapientia
614 2460 666 2484 est.
687 2456 718 2483 In
737 2456 837 2484 divinis
852 2456 962 2491 quippe,

173 2509 229 2528 non
239 2501 342 2534 verbis,
355 2502 400 2530 sed
414 2502 492 2530 factis
504 2506 545 2530 est
556 2510 624 2537 opus
642 2511 648 2529 :
666 2510 754 2537 neque
774 2503 963 2537 pronuntiatio

175 2546 283 2582 linguae,
297 2548 344 2575 sed
362 2549 460 2576 animae
486 2548 600 2576 allectus
624 2548 747 2583 prodest.
774 2547 860 2576 Graeci
878 2549 962 2584 igitur

175 2593 265 2622 verbis
277 2601 331 2621 non
344 2596 498 2630 percipiunt
513 2603 545 2623 ea
565 2603 627 2631 quae
653 2595 705 2623 ﬁde
719 2595 871 2623 Christiani
884 2595 962 2623 exhi-

173 2638 255 2667 bent:
268 2645 294 2668 et
310 2649 370 2676 qua:
385 2642 477 2669 verbis
490 2642 562 2678 magi
581 2641 711 2675 eﬂiciunt,
730 2642 798 2675 hate,
815 2642 961 2671 silentibus

208 2718 219 2734 ³
236 2718 288 2746 Job
305 2727 370 2753 vut,
392 2720 435 2748 17.
473 2721 484 2736 ⁸
502 2721 522 2747 ll
539 2721 603 2748 Cor.
621 2729 686 2754 vul,
704 2721 730 2750 9.

285 2796 396 2835 Regius,
411 2799 444 2834 τῇ
461 2798 565 2835 ἐκείνου
582 2799 713 2835 πτωχείᾳ.

291 2833 360 2871 ξΔπό-
372 2832 448 2861 deest
467 2834 494 2860 in
507 2832 658 2871 Basiliensi'
668 2832 695 2863 et
709 2834 870 2871 Anglicano.

208 2867 264 2901 (ὅθ)
283 2867 460 2901 Anglicanus.
473 2869 592 2901 τούτους.
754 2867 766 2871 ⁷
870 2871 873 2874 ’

1022 1629 1119 1664 νόμους
1130 1649 1138 1661 ,
1154 1629 1222 1665 πρὸς
1241 1629 1269 1655 δὲ
1286 1628 1351 1655 Θεὸν
1365 1628 1568 1663 καταφεύγουσι
1582 1647 1588 1659 ,
1606 1627 1653 1654 καὶ
1669 1629 1732 1659 τοὺς
1746 1628 1817 1663 Χρι-

1022 1673 1084 1700 στοῦ
1099 1674 1248 1709 λαμὸάνειν
1269 1673 1369 1708 νόμους
1385 1673 1490 1706 ἀξιοῦσι
1504 1693 1511 1706 ,
1533 1671 1677 1708 παραδόξῳ
1695 1672 1816 1708 θαύματι

1021 1719 1194 1751 πιστεύοντες
1205 1720 1245 1750 είς
1257 1719 1348 1746 αὐτόν.
1363 1719 1423 1746 Ἔτι
1434 1719 1487 1754 γὰρ
1500 1717 1757 1754 εἰδωλολιατροῦντες
1767 1718 1818 1746 καὶ

1019 1765 1056 1796 ὡς
1068 1764 1209 1800 ἄνθρωπον
1221 1764 1410 1797 διαϐάλλοντες
1422 1765 1466 1792 τὸν
1482 1765 1608 1800 Χριστὸν,
1624 1765 1718 1791 τοῦτον
1735 1765 1816 1792 ὕστε-

1021 1820 1066 1847 ρον
1075 1811 1141 1837 Θεὸν
1152 1811 1341 1846 γινώσκοντες,
1355 1811 1590 1846 καταλιμπάνουσι
1600 1811 1634 1837 τὰ
1644 1811 1740 1837 εἴδωλα
1749 1819 1755 1826 ·
1765 1812 1815 1838 καὶ

1019 1857 1065 1889 οὓς
1079 1857 1224 1892 ἐφοϐοῦντο
1237 1857 1366 1893 δαίμονας
1381 1859 1409 1884 ὲν
1421 1859 1477 1889 τοῖς
1489 1857 1617 1891 εἰδώλοις,
1632 1857 1742 1889 τούτους

1018 1903 1064 1930 τὸν
1080 1903 1182 1939 Κύριον
1201 1904 1358 1939 ἐπιγνόντες
1371 1903 1463 1930 λοιπὸν
1476 1904 1680 1935 καταλείπουσι,
1696 1904 1742 1930 καὶ
1758 1903 1813 1930 ἀπὸ

1019 1950 1106 1977 ἄλλων
1119 1950 1261 1977 διώκουσι·
1275 1950 1322 1977 καὶ
1332 1951 1365 1986 ἢν
1377 1950 1519 1977 είδωλολατ
1525 1949 1633 1986 ροῦντες
1644 1949 1739 1985 ἡδονὴν
1753 1950 1814 1984 ἐφο-

1019 1996 1124 2030 ϐοῦντο,
1135 1997 1236 2032 ταύτης
1248 1997 1276 2023 ἐν
1286 1996 1397 2032 Χριστῴ
1409 1996 1622 2032 καταφρονοῦσι,
1635 1996 1681 2022 καὶ
1693 1995 1740 2031 τὴν
1750 1996 1812 2023 τότε

1018 2044 1136 2071 νικῶσαν
1144 2044 1242 2076 αὐτοὺς
1251 2044 1387 2080 ἁμαρτίαν
1396 2043 1458 2079 ἄρτι
1468 2043 1506 2078 τῷ
1519 2043 1624 2079 σημείῳ
1635 2042 1681 2070 τοῦ
1693 2042 1811 2076 σταυροῦ

1017 2090 1148 2122 νικῶντες
1173 2090 1309 2122 παίζουσι.
1338 2090 1394 2117 Καὶ
1420 2089 1474 2126 γὰρ
1492 2090 1670 2122 ἀπιστοῦντες
1691 2089 1760 2121 ὅλως
1775 2091 1810 2125 τῇ

1018 2136 1151 2172 παρθενίᾳ
1161 2156 1168 2168 ,
1189 2136 1236 2162 καὶ
1250 2135 1378 2163 ἀδύνατον
1394 2133 1463 2162 εἶναι
1477 2135 1601 2168 λέγοντες
1616 2136 1644 2161 ὲν
1656 2133 1812 2170 ἀνθρώποις

1017 2182 1118 2217 ταύτην
1133 2182 1308 2218 εὑρίσκεσθαι
1324 2182 1373 2217 τὴν
1387 2181 1498 2218 ἀρετὴν,
1518 2181 1714 2212 πιστεύσαντες
1725 2180 1763 2215 τῷ
1777 2180 1811 2207 ἐκ

1018 2228 1155 2264 Παρθένου
1167 2228 1285 2263 Σωτῆρι,
1296 2227 1326 2254 οὐ
1342 2227 1421 2263 μόνον
1436 2226 1671 2262 ἐπιγινώσκουσιν,
1683 2225 1751 2253 ἀλλὰ
1762 2226 1810 2253 καὶ

1018 2274 1094 2301 αὐτοὶ
1108 2274 1210 2309 ταύτην
1227 2273 1429 2309 πολιτευόμενοι
1442 2294 1450 2306 ,
1470 2273 1648 2300 ἀπιστοῦνται
1664 2272 1739 2307 παρὰ
1752 2273 1809 2303 τοῖς

1017 2319 1058 2346 ἔτι
1079 2320 1181 2347 ἔθνεσιν
1201 2320 1417 2355 εἰδωλολάτραις.
1455 2319 1517 2346 Ἐπὶ
1532 2319 1637 2350 τούτοις
1657 2318 1685 2344 δὲ
1702 2318 1808 2353 ἤργησε

1017 2367 1093 2393 πᾶσα
1111 2367 1159 2402 μὲν
1177 2366 1353 2402 φαρμακεία,
1372 2367 1446 2392 πᾶσα
1463 2365 1491 2392 δὲ
1510 2365 1612 2401 μαγεία
1625 2364 1807 2400 κατήργηται,

1017 2413 1063 2439 καὶ
1083 2414 1157 2448 πᾶσα
1170 2412 1225 2439 τῶν
1243 2412 1376 2448 Ἑλλήνων
1395 2411 1557 2448 μεμώραται
1569 2411 1659 2445 σοφία.
1692 2411 1735 2437 Ἐν
1752 2410 1807 2446 γὰρ

1015 2459 1072 2490 τοῖς
1083 2446 1171 2490 ’θείοις
1187 2458 1242 2494 (Si)
1254 2478 1261 2490 ,
1277 2446 1438 2493 οὺ-λόγωνξ
1449 2446 1504 2485 ἀλλ’
1521 2457 1610 2494 έργων
1631 2456 1689 2483 ἐστὶ
1710 2456 1806 2491 χρειαο

1016 2505 1062 2532 καὶ
1075 2505 1122 2540 οὐχ
1138 2505 1154 2540 ἡ
1170 2504 1296 2541 προφορὰ
1314 2505 1363 2540 τῆς
1382 2504 1504 2540 γλώττης
1518 2524 1525 2538 ,
1549 2503 1607 2531 ἀλλ’
1623 2504 1640 2539 ἡ
1656 2502 1706 2538 τῆς
1718 2501 1808 2538 ψυχῆς

1016 2551 1134 2582 διάθεσις
1142 2550 1251 2586 ὠφελεῖ.
1269 2551 1299 2577 Οἱ
1310 2550 1375 2585 γοῦν
1386 2551 1514 2586 ’Έλληνες
1526 2550 1555 2577 οὐ
1567 2548 1807 2584 καταλαμϐάνουσι

1017 2596 1105 2631 λόγοις
1118 2597 1219 2629 ταῦτα,
1235 2597 1252 2625 ἃ
1262 2599 1296 2634 τῇ
1311 2597 1401 2624 πίστει
1416 2598 1573 2634 Χριστιανοὶ
1586 2596 1787 2623 ἐπιδείκνυνται
1796 2601 1805 2610 ο

1017 2644 1064 2670 καὶ
1075 2643 1093 2670 ἃ
1103 2643 1244 2680 ἐνεργοῦσι
1258 2644 1347 2679 λόγοις
1360 2645 1384 2671 οἱ
1400 2643 1492 2679 μάγοι,
1501 2642 1587 2670 ταῦτα
1598 2642 1667 2679 (52),
1682 2639 1807 2669 σιωπών-

1062 2797 1106 2825 Sil
1127 2797 1303 2833 Anglicanus,
1320 2799 1376 2829 τοῖς
1387 2797 1466 2830 θεοῖς.

1061 2833 1104 2868 5:2)
1125 2832 1154 2860 lu
1169 2831 1321 2869 Anglicano
1341 2835 1409 2864 hcec.
1432 2833 1553 2859 ταῦτα...
1566 2833 1629 2868 περὶ
1642 2831 1806 2869 ἀθανασίας,

1014 2867 1125 2897 deSuut.
1140 2867 1253 2901 Ibidem,
1269 2867 1382 2898 Regius.
1396 2870 1584 2897 καταργεῖται.
