1915 3057
116 177 173 205 937

657 173 701 202 DE
721 172 890 203 PASSIONE
910 173 953 201 ET
973 169 1092 202 CRUCE
1111 170 1243 202 DOMINL

1705 173 1757 205 258

116 245 173 265 ⁴πων
182 235 273 272 ἡμῶν,
288 235 328 271 τῷ
342 233 449 271 σημείῳ
462 233 510 261 τοῦ
524 233 641 270 σταυροῦ
655 235 835 270 καταργεῖται
845 243 852 250 ·
866 234 910 261 καὶ

964 233 1058 266 nobis,
1084 233 1163 269 signo
1177 234 1270 261 crucis
1291 238 1462 262 evanescunt
1479 242 1486 260 :
1505 234 1570 262 item
1591 241 1652 269 quae
1661 234 1695 262 de
1706 235 1757 262 im-

117 282 138 311 ἃ
151 281 350 318 ἁμφιΰάλλουσι
365 281 429 316 περ).
444 280 610 314 ἀθανασίας,
627 280 714 307 ταῦτα
734 281 759 307 oi
774 281 912 316 μάρτυρες

115 325 165 356 τοῦ
175 327 294 365 Χριστοῦ
306 329 336 354 οὐ
348 327 436 362 λόγοις
445 347 452 359 ,
466 326 524 354 ἀλλ’
535 326 625 362 ἔργοις
635 326 835 354 ἐπιδείκνυνται
845 335 851 341 ·
865 327 913 354 καὶ

115 376 182 411 περὶ
197 373 231 412 ἦς
243 373 397 406 διστάζονσι
408 373 558 409 παρθενίας
570 373 595 399 οἱ
613 373 695 408 μάγοι
709 373 765 408 (55)
775 393 783 405 ,
801 374 847 400 καὶ
858 373 913 399 τῶν

121 421 257 455 Ἐλλήνων
268 419 421 454 φιλόσοφοι,
437 418 540 454 ταύτην
553 419 582 444 ὲν
598 417 710 454 Χριστῷ
725 417 772 444 καὶ
783 419 913 452 γυναῖκες

114 465 317 492 ἐπιδείκνυνται
327 473 334 480 ·
349 464 398 492 καὶ
413 461 454 495 οἷς
469 463 595 499 εὔχονται
616 463 741 498 δαίμοσιν
754 483 761 490 .
776 463 814 495 ὡς
829 463 910 496 Θεοῖς,

114 511 228 542 τούτους
241 511 288 537 καὶ
301 510 394 537 παιδία
409 511 438 537 ὲν
456 509 567 545 Χριστῷ
581 509 719 536 διώκουσι.
743 508 800 536 Καὶ
815 508 884 540 ὅλως
897 509 912 536 ὁ

115 557 297 594 χριστοφόρος
317 557 388 593 ἀνὴρ
405 557 442 589 ὡς
467 556 534 588 Θεός
549 557 624 583 ἐστιν
639 556 685 582 ἐπὶ
697 555 767 591 γῆς,
788 557 845 587 τοῖς
863 556 912 591 μὲν

114 602 270 640 ἀνθρώποις
286 602 446 636 ἀνεξίκακος
461 602 626 637 γενόμενος,
650 602 717 629 πᾶσι
739 601 768 628 δὲ
778 621 786 634 ,
809 601 846 634 ὡς
863 602 912 628 σὺν

114 649 185 686 ἡλίῳ
199 648 356 685 περιπολῶν
367 668 374 681 ,
398 649 444 676 τὸν
460 648 586 685 οὐράνιον
603 647 824 683 ἐπιδεικνύμενος
842 647 909 682 βίον.

152 696 196 723 51.
219 695 285 722 Ἰδοὺ
309 695 338 722 ἒν
355 694 434 722 τοῦτο
448 694 495 721 τοῦ
517 694 634 729 σταυροῦ
651 693 834 730 κατόρθωμα·
856 694 911 721 ἰδοὺ

113 742 202 770 ταῦτα
214 741 365 778 πεποίηκεν
381 741 395 768 ὁ
409 740 522 772 θάνατος
534 740 580 767 τοῦ
596 740 732 776 Σωτῆρος.
748 740 786 767 Οὐ
799 740 853 776 γὰρ
865 740 912 767 ἀν-

114 788 226 824 θρώπου
243 787 303 814 ἐστὶ
316 786 347 813 τὸ
359 786 448 822 ἔργον,
464 785 532 813 ἀλλὰ
547 786 625 814 Θεοῦ.
642 786 699 812 Kal.
712 785 756 812 διὰ
772 785 850 813 τοῦτο
863 785 912 812 πέ-

113 834 215 861 πονθεν
228 834 266 865 ὡς
279 832 433 868 ἄνθρωπος,
448 832 492 860 ἵνα
502 833 558 863 τοῖς
568 831 723 868 ἀνθρώποις
737 831 773 858 τὰ
785 831 855 866 ὑπὲρ
865 831 912 858 ἆν-

113 880 226 917 θρωπον
242 879 289 906 καὶ
309 879 368 905 θεῖα
382 878 539 914 χαρίσηται.
557 877 644 904 Αὑτοῦ
661 877 726 912 γοῦν
741 878 799 904 ἐστι
814 877 849 904 τὰ
863 876 911 903 νῦν

963 280 1130 308 mortalitate
1141 280 1168 308 in
1184 280 1297 308 dubium
1314 283 1425 313 vocant,
1449 279 1507 308 haec
1532 285 1666 316 martyres
1677 280 1756 308 Chri-

963 327 1009 358 sti,
1023 335 1078 354 non
1093 327 1196 360 verbis,
1215 326 1262 355 sed
1275 326 1405 361 operibus
1427 327 1577 354 exhibent:
1591 333 1618 355 et
1642 328 1676 356 de
1701 335 1757 361 qua

963 373 1122 408 virginitate
1138 373 1209 409 magi
1225 378 1251 401 et
1262 373 1349 400 Graeci
1366 373 1667 409 pbilosopbidubitant,
1684 374 1758 402 hanc

963 418 992 445 in
1007 418 1118 447 Christo
1130 420 1260 447 mulieres
1279 420 1374 448 colunt
1389 429 1396 447 :
1409 424 1437 447 et
1452 419 1553 454 quibus
1574 420 1755 452 daemonibus,

963 468 994 493 ut
1005 465 1059 493 diis
1071 465 1111 493 illi
1125 466 1294 501 supplicant,
1311 474 1359 495 eos
1372 466 1480 502 pueruli
1492 466 1520 494 in
1534 466 1646 495 Christo
1658 474 1755 502 perse-

962 515 1097 546 quuntur.
1127 511 1242 539 Demum
1271 513 1314 540 vir
1330 513 1377 548 qui
1405 513 1545 540 Christum
1560 517 1658 548 gestat,
1675 511 1755 548 quasi

962 555 1036 584 Deus
1051 561 1094 585 est
1111 558 1138 585 in
1152 561 1236 590 terra,
1247 566 1311 594 erga
1333 558 1459 587 homines
1476 559 1586 594 quidem
1608 558 1715 594 patiens
1728 561 1757 586 et

961 606 1123 630 mansuetus
1139 610 1144 628 :
1163 608 1200 636 et,
1216 611 1248 630 ac
1265 604 1289 630 si
1303 611 1366 631 cum
1381 604 1439 632 sole
1452 604 1560 631 circum
1574 604 1665 631 omnia
1676 611 1757 641 gyra-

961 651 1015 680 ret,
1028 649 1157 677 omnibus
1169 649 1308 677 caelestem
1326 649 1437 678 exhibet
1447 650 1543 678 vitam.

995 695 1041 723 5t.
1057 695 1098 722 En
1117 696 1167 723 tibi
1184 701 1269 723 unum
1289 704 1324 724 ex
1340 696 1480 732 praeclaris
1503 697 1597 724 crucis
1623 696 1756 724 facinori-

961 739 1014 768 bus
1029 740 1112 776 ;th
1126 748 1201 769 mors
1215 741 1305 769 etTecit
1316 741 1479 769 Salvatoris.
1493 741 1672 777 Nequaquam
1682 741 1755 769 enim

961 785 1081 813 hominis
1089 791 1132 814 est
1142 794 1223 822 opus,
1236 787 1284 814 sed
1300 786 1358 815 Dei.
1377 789 1466 822 Atque
1477 787 1539 816 ideo
1554 793 1585 815 ut
1596 788 1678 816 homo
1692 795 1757 823 pas-

961 839 1009 859 sus
1021 835 1073 865 est,
1088 836 1118 859 ut
1136 833 1296 860 hominibus
1311 842 1372 868 quae
1399 841 1482 869 supra
1509 834 1650 862 hominem
1665 837 1693 861 et
1714 833 1758 861 di-

962 877 1025 904 vina
1056 882 1131 910 sunt,
1163 879 1319 914 largiretur.
1353 878 1429 907 illius
1452 887 1518 915 ergo
1529 884 1594 907 sunt
1624 879 1757 915 praeclara

112 927 145 952 ὲν
161 924 314 961 ἀνθρώποις
329 924 539 961 κατορθώματα.
569 923 629 950 Κᾶν
645 923 700 959 γὰρ
716 923 822 955 Παῦλος
831 923 909 958 λαλῇ,

964 928 1048 960 gesta,
1069 932 1129 960 qua
1141 925 1212 960 apud
1240 925 1366 953 homines
1390 926 1447 960 jam
1479 926 1611 956 emicant.
1638 926 1706 954 Nam
1733 926 1757 954 si

112 965 185 998 ἀλλὰ
198 971 316 1007 Χριστός
329 973 402 998 ἐστιν
415 973 443 998 ἐν
457 971 513 1006 (54)
528 969 602 1005 αὐτῷ
618 969 706 996 λαλῶν
715 978 721 985 ·
738 970 790 998 κᾶν
805 970 911 1006 μεγάλα

112 1017 166 1044 καὶ
175 1017 320 1053 θαυμαστὰ
335 1019 397 1053 ποιῇ
406 1038 412 1049 ,
424 1017 481 1044 ἀλλ’
494 1018 511 1052 ἡ
524 1017 570 1043 τοῦ
582 1016 701 1053 Χριστοῦ
714 1017 795 1052 χάρις
808 1017 881 1044 ἐστὶν
894 1018 910 1053 ὴ

112 1062 202 1090 ταῦτα
217 1063 366 1099 ὲνεργοῦσα
376 1072 383 1078 ·
396 1063 443 1090 καὶ
453 1062 500 1089 ἐὰν
513 1063 553 1094 είς
568 1063 672 1094 πάντας
686 1062 804 1098 ἔφθασεν
816 1063 832 1098 ἡ
848 1063 912 1098 περὶ

112 1108 184 1136 Θεοῦ
197 1109 308 1144 γνῶσις⁷
327 1109 383 1135 ἀλλ’
394 1109 444 1136 οὐκ
459 1108 612 1144 ἀνθρώπων
625 1109 698 1135 ἐστὶν
709 1110 726 1145 ἡ
740 1109 910 1142 διδασκαλία,

112 1154 175 1182 ἀλλ’
183 1155 265 1182 αὑτοῦ
274 1155 322 1182 τοῦ
333 1155 418 1190 Λόγου
426 1155 595 1187 καταϐάντος
609 1156 718 1191 μεσίτου
729 1155 796 1182 Θεοῦ
807 1156 854 1182 καὶ
865 1156 912 1183 ἀν-

112 1200 243 1236 θρώπων.
253 1201 339 1228 Τοῦτο
346 1202 399 1236 γὰρ
405 1202 569 1237 γέγραπται,
579 1201 592 1227 ὃ
600 1203 624 1228 οἱ
638 1202 761 1228 Ἰουδαῖοι
772 1202 821 1237 μὲν
831 1201 911 1228 ἐσιώ-

111 1255 207 1282 πησαν
219 1248 313 1280 πάλαι,
325 1248 388 1283 ἄρτι
402 1248 431 1275 δὲ
447 1248 637 1284 πληρούμενον
649 1248 744 1284 ὁρῶσι·
757 1248 911 1284 γέγραπται

110 1292 171 1329 γὰρ
180 1314 187 1326 ,
201 1294 242 1320 ὅτι
258 1303 267 1320 ι
282 1294 409 1320 Ἔσονται
422 1293 522 1326 πάντες
531 1294 651 1320 διδακτοὶ
665 1294 745 1327 Θεοῦ,
760 1303 769 1320 ›
787 1294 912 1330 καθάπερ

110 1339 188 1366 καὶὸ
207 1339 342 1376 Ἱερεμίας
356 1340 445 1377 λέγει·
463 1350 471 1366 ι
490 1341 556 1367 Ίδοὺ
570 1340 672 1377 ἡμέραι
687 1341 826 1376 ἔρχονται,
837 1341 911 1376 λέγει

110 1386 218 1422 Κύριος
228 1395 236 1402 ·
247 1396 257 1412 ι
287 1387 334 1413 καὶ
349 1376 474 1422 ἐπιφέρει
499 1386 585 1420 λέγων
598 1395 605 1401 ·
619 1395 630 1412 ι
642 1386 697 1413 Καὶ
714 1387 743 1413 ού
759 1387 797 1422 μὴ
813 1386 911 1419 διδάξει

110 1432 231 1464 ἕκαστος
242 1432 287 1459 τὸν
302 1433 415 1468 πλησίον
428 1432 510 1459 αὺτοῦ
525 1433 571 1459 καὶ
585 1432 698 1465 ἕκαστος
710 1433 766 1469 (55)
778 1434 823 1460 τὸν
837 1433 912 1460 ἁδελ-

111 1479 166 1513 φὸν
178 1477 253 1514 αύτῷ
262 1478 350 1512 λέγων
359 1487 366 1494 ·
389 1478 475 1505 Γνῶθι
486 1479 531 1506 τὸν
547 1478 659 1515 Κύριοψ
672 1480 714 1506 ὅτι
725 1479 826 1511 πάντες
839 1479 911 1516 εἰδή-

111 1524 193 1550 σουσί
211 1533 244 1559 με
261 1524 315 1551 ἀπὸ
331 1525 430 1561 μικροῦ
444 1523 497 1557 ἕως
514 1525 631 1560 μεγάλου
650 1525 755 1558 αὐτῶν,
777 1526 817 1553 ὅτι
832 1526 911 1558 ἵλεως

111 1570 216 1605 ἔσομαι
229 1571 288 1601 ταῖς
301 1570 417 1602 ἀδικίαις
431 1570 530 1598 αὐτῶν.
542 1580 552 1597 ι
569 1571 618 1603 Τίς
633 1571 688 1608 γάρ
702 1573 776 1599 ἐστιν
789 1573 803 1599 ὁ
813 1573 842 1599 ὲν
855 1574 911 1605 τοῖς

111 1615 236 1648 εἰδώλοις
253 1617 437 1650 κατανύττων,
455 1617 479 1643 εί
499 1617 536 1652 μὴ
549 1617 564 1643 ὁ
578 1617 695 1653 Κύριος;
717 1618 764 1645 καὶ
781 1618 822 1650 τίς
838 1619 853 1645 ό
864 1619 910 1646 ἁν-

111 1662 192 1697 ἀγων
204 1662 258 1698 (56)
271 1663 370 1695 αὐτοὺς
382 1663 485 1690 ἐκεῖθεν
495 1663 535 1690 ἔτι
551 1664 724 1697 δουλεύοντας
740 1664 869 1698 εἰδώλοις,
885 1667 911 1692 εί

114 1708 157 1744 μὴ
170 1709 251 1740 αὐτὸς
263 1709 278 1735 ὁ
293 1709 421 1744 Χριστὸς,
438 1712 453 1737 ὁ
465 1710 552 1744 λέγων
563 1720 569 1726 ι
588 1721 598 1736 ‹
610 1712 695 1739 Ὅταν
710 1711 810 1747 ὑψωθῶ
820 1731 828 1744 ,
840 1712 909 1739 πάν-

112 1760 167 1786 τας
186 1753 292 1781 ἑλκύσω
306 1755 375 1789 πρὸς
389 1756 520 1791 ὲμαυτόν;
535 1766 544 1783 ι
569 1757 605 1784 Τὸ
617 1757 671 1793 γὰρ
687 1757 836 1794 παράδοξόν
851 1760 910 1785 ἐστι.

112 1799 208 1831 τοῦτο,
222 1801 274 1833 ὅτι,
286 1800 326 1826 ἔτι
340 1800 395 1836 (57)
416 1802 594 1830 δουλευόντων
612 1803 702 1831 αὐτῶν
717 1804 847 1837 εἰδώλοις,
872 1804 911 1831 δι-

113 1846 255 1881 ανοίγεται
267 1846 368 1874 τούτων
376 1848 389 1874 ὁ
398 1848 459 1880 νοῦς
466 1849 517 1884 τῆς
527 1849 617 1885 ψυχῆς
628 1851 665 1882 ὠς
676 1850 706 1877 τὸ
716 1852 796 1884 νοεῖν,
809 1851 850 1877 ὅτι
864 1850 911 1882 οὓς

117 1894 170 1928 μὲν
187 1894 310 1929 ἐνόμιζον
325 1895 408 1922 πάλαι
426 1894 514 1928 θεοὺς,
530 1895 596 1929 ξύλα
613 1896 661 1923 καὶ
677 1896 768 1928 λίθους
782 1895 851 1924 εἶναι
861 1905 868 1912 ο
881 1897 910 1923 ὃν

113 1937 146 1965 δὲ
173 1939 318 1974 ἐχλεύαζον
341 1942 546 1977 ἐσταυρωμένον
558 1962 565 1974 ,
584 1942 677 1970 τοῦτον
691 1943 741 1969 οὐκ
756 1943 910 1979 ἄνθρωπον,

115 1984 188 2011 ἀλλὰ
204 1985 275 2013 Θεὸν.
285 1986 475 2021 ἐπιγινώσκειν
488 1988 554 2025 (58).
573 1988 629 2015 Νοῦ
646 1989 674 2016 δὲ
688 1989 848 2021 διδάσκαλος
861 1989 911 2016 οὐκ

116 2030 262 2066 ἄνθρωπός
286 2033 375 2065 ἐστιν,
402 2033 457 2060 ἀλλ’
475 2034 490 2060 ὁ
508 2034 554 2061 τὸν
567 2034 629 2061 νοῦν
647 2035 726 2070 μόνος
747 2035 817 2070 ὁρῶν
832 2035 909 2067 Θεός.

116 2076 246 2113 Μακάριε
259 2078 366 2114 ἀληθῶς
383 2080 430 2106 καὶ
455 2080 569 2112 ζωοποιὲ
588 2081 687 2116 σταυρὲ
704 2080 751 2107 τοῦ
767 2081 908 2117 Σωτῆρος·

117 2122 162 2149 τὸν
181 2123 231 2158 μὲν
244 2123 358 2151 θάνατον
369 2124 571 2161 ἐθριάμϐευσας
583 2146 590 2158 ,
614 2126 660 2153 τὸν
675 2126 704 2152 δὲ
720 2126 815 2154 τοῦτον
829 2127 911 2153 κατέ-

117 2178 199 2205 χοντα
212 2170 335 2197 διάϐολον
355 2171 469 2204 ἀνεῖλες.
483 2172 544 2198 Θεῖε
559 2172 639 2206 Λόγε,
653 2172 700 2199 καὶ
713 2172 819 2208 ἀληθῶς
831 2172 911 2207 σοφία

118 2215 165 2241 τοῦ
178 2215 300 2251 Πατρὸς’
315 2216 347 2242 σὺ
361 2217 407 2243 καὶ
420 2216 467 2244 τοῦ
479 2217 631 2252 πανούργου
641 2217 671 2244 τὺ
685 2217 829 2252 πρόσωπον
843 2217 912 2244 ἔδει-

962 971 1064 999 Paulus
1090 971 1244 1006 loquatur,
1272 971 1402 1000 Christus
1429 972 1459 999 in
1481 972 1541 1007 ipso
1572 973 1714 1008 loquitur:
1733 972 1758 1000 si

962 1025 1061 1052 magna
1077 1021 1103 1045 et
1119 1016 1256 1044 mirabilia
1271 1017 1481 1052 perpetraverit,
1493 1017 1596 1045 Christi
1613 1018 1701 1053 gratia
1715 1022 1758 1045 est

963 1071 1024 1098 quae
1038 1063 1103 1089 talia
1118 1068 1249 1098 operatur
1264 1071 1272 1090 :
1286 1067 1313 1090 et
1327 1063 1350 1090 si
1376 1063 1402 1090 in
1425 1071 1522 1091 omnes
1547 1064 1700 1098 permeavit
1709 1063 1757 1091 Dei

963 1109 1096 1144 cognitio,
1111 1104 1168 1136 non
1179 1108 1323 1136 hominum
1337 1113 1379 1136 est
1393 1109 1449 1144 80
1466 1109 1602 1144 ejusmodi
1619 1110 1756 1143 doctrina,

963 1155 1012 1184 sed
1040 1156 1127 1191 ipsius
1150 1155 1344 1183 descendentis
1364 1155 1457 1189 Verbi,
1487 1156 1647 1184 mediatoris
1667 1155 1715 1183 Dei
1729 1161 1757 1185 et

962 1202 1116 1230 hominum.
1138 1202 1196 1229 lloc
1220 1203 1293 1230 enim
1325 1199 1460 1238 scriptum
1484 1207 1537 1235 est,
1566 1202 1640 1238 quod
1670 1201 1757 1230 Judzei

963 1249 1073 1284 quidem
1089 1249 1155 1276 olim
1172 1249 1320 1281 reticuerc,
1333 1249 1381 1276 scd
1399 1248 1456 1284 jam
1470 1249 1637 1284 completum
1645 1247 1756 1282 .vident;

962 1295 1025 1327 hoc,
1042 1295 1165 1331 inquam,
1195 1295 1329 1330 scriptum
1349 1300 1410 1323 est:
1430 1304 1440 1320 ‹
1454 1296 1540 1322 Erunt
1561 1302 1658 1322 omnes
1677 1294 1756 1322 doei-

962 1342 1031 1369 biles
1051 1341 1100 1369 Dei
1115 1343 1148 1376 ⁵;
1169 1351 1177 1367 ι
1193 1345 1223 1368 ιιι
1238 1342 1276 1368 ait
1303 1341 1454 1369 Hieremias
1477 1342 1635 1377 propheta:
1656 1351 1665 1367 ‹
1685 1341 1758 1369 Ecce

962 1387 1020 1415 dies
1033 1387 1159 1420 veniunt,
1171 1387 1239 1414 dicit
1251 1386 1384 1414 Dominus
1401 1396 1408 1420 ;
1430 1397 1439 1413 ι
1453 1394 1485 1414 ac
1498 1386 1597 1414 deinde
1609 1386 1756 1414 subinl‘ert:

965 1443 974 1460 ι
996 1433 1056 1462 Νοη
1070 1433 1180 1462 docebit
1195 1433 1313 1469 quisque
1328 1433 1484 1468 proximum
1499 1440 1591 1465 suum,
1604 1436 1631 1460 et
1640 1433 1758 1468 quisque

961 1478 1074 1506 fratrem
1087 1486 1179 1512 suum,
1193 1478 1318 1506 dicentes
1332 1487 1339 1505 :
1356 1478 1498 1513 Cognosce
1510 1477 1656 1504 Dominum
1668 1498 1676 1511 ,
1692 1478 1757 1513 quia

962 1533 1059 1554 omnes
1076 1532 1120 1552 me
1133 1528 1311 1560 cognoscent,
1335 1532 1350 1551 a
1375 1531 1460 1559 parvo
1473 1531 1560 1559 usque
1572 1523 1606 1550 ad
1623 1531 1755 1559 magnum

961 1578 1069 1603 eorum,
1090 1571 1156 1606 quia
1180 1571 1316 1606 propitius
1331 1577 1380 1598 ero
1397 1569 1589 1605 iniquitatibus
1599 1577 1693 1597 eorum
1703 1569 1723 1596 ⁸.
1743 1578 1755 1596 ι

961 1617 1030 1650 Quis
1054 1617 1127 1644 enim
1138 1621 1180 1645 est
1194 1618 1241 1652 qui
1260 1618 1335 1652 ipsos
1365 1615 1437 1643 idola
1469 1616 1591 1643 colentes
1611 1615 1644 1642 ad
1667 1616 1756 1650 pinni-

961 1664 1077 1690 tentiam
1089 1667 1191 1695 movet,
1208 1663 1263 1691 nisi
1285 1661 1435 1690 Dominus?
1459 1661 1493 1688 Et
1508 1662 1570 1696 quis
1586 1670 1634 1690 eos
1649 1670 1681 1689 ex
1695 1662 1757 1689 ido-

962 1709 1052 1738 lorum
1065 1710 1198 1737 servitute
1213 1709 1315 1741 educit,
1338 1709 1391 1736 nisi
1407 1709 1466 1743 ipse
1479 1707 1619 1740 Christus,
1631 1709 1678 1743 qui
1690 1709 1729 1735 ait
1747 1716 1756 1736 :

965 1757 1055 1784 (Cum
1082 1756 1218 1784 exaltatus
1249 1755 1349 1788 fuero,
1381 1764 1477 1784 omnes
1507 1755 1613 1783 traham
1640 1755 1674 1782 ad
1699 1762 1757 1782 me-

962 1803 1052 1838 ipsum
1061 1803 1102 1829 7?»
1116 1802 1184 1829 Nam
1199 1801 1225 1829 id
1234 1806 1309 1830 certe
1319 1810 1490 1838 summopere
1502 1801 1667 1835 mirandum,
1684 1802 1757 1837 quod

962 1848 1027 1876 dum
1041 1849 1114 1876 idola
1127 1849 1230 1883 colunt,
1248 1855 1343 1876 eorum
1368 1855 1446 1875 mens
1464 1848 1614 1883 aperiatur,
1628 1851 1658 1874 ut
1673 1847 1756 1875 intel-

962 1896 1058 1932 ligant,
1076 1903 1146 1930 quos
1157 1895 1221 1922 olim
1240 1894 1306 1922 deos
1326 1895 1545 1927 arbitrabantur,
1560 1895 1633 1930 ligna
1648 1895 1755 1930 etlapi-

962 1941 1011 1970 des
1038 1949 1100 1969 esse
1116 1950 1122 1967 :
1141 1949 1222 1976 quem
1240 1948 1306 1968 vero
1322 1940 1663 1974 crucilixumirridebant,
1691 1949 1755 1968 eum

963 1996 1017 2015 non
1037 1987 1187 2020 hominem,
1200 1986 1249 2014 sed
1266 1986 1352 2014 Deum
1369 1990 1530 2022 agnoscant.
1548 1985 1645 2014 Mentis
1661 1991 1754 2014 autem

962 2034 1094 2069 magister
1110 2040 1165 2060 non
1181 2033 1263 2060 homo
1293 2036 1345 2063 est.
1362 2033 1408 2060 sed
1422 2032 1467 2067 qui
1486 2037 1604 2060 mentem
1622 2033 1698 2061 solus
1714 2034 1755 2060 vi-

963 2081 1009 2108 det
1024 2080 1106 2107 Deus.
1128 2079 1210 2106 Beata
1238 2086 1303 2106 vere
1330 2083 1358 2106 et
1379 2078 1486 2106 viviﬁca
1511 2086 1578 2106 crux
1592 2078 1754 2112 Salvatoris,

963 2133 1024 2161 quae
1040 2125 1074 2153 de
1088 2128 1176 2152 morte
1199 2123 1374 2158 triumphasti
1386 2144 1392 2155 ,
1410 2127 1437 2151 et
1451 2131 1513 2151 eum
1536 2124 1582 2158 qui
1598 2124 1624 2150 in
1640 2131 1688 2152 sua
1707 2132 1755 2158 po-

963 2175 1063 2200 testate
1087 2175 1203 2198 tnortcm
1221 2171 1349 2204 tenebat,
1367 2170 1507 2197 diabolum
1523 2178 1630 2205 nempe,
1660 2175 1754 2198 sustu-

963 2219 1030 2247 listi.
1049 2218 1071 2246 0
1086 2218 1209 2245 divinum
1226 2216 1348 2244 Verbum
1371 2220 1398 2243 et
1422 2224 1487 2243 vere
1505 2216 1638 2251 sapientia
1651 2215 1753 2249 Patris,

120 2260 176 2294 ξας,
191 2263 239 2289 καὶ
252 2262 302 2298 τὴν
319 2263 414 2296 πτύειν
428 2263 474 2290 τοῦ
488 2263 612 2298 θώρακος
629 2263 711 2290 αὑτοῦ
729 2264 890 2299 ὲγύμνωσας
901 2273 907 2279 ·

964 2269 992 2293 ιιι
1003 2265 1107 2292 versuti
1122 2264 1196 2291 illius
1208 2263 1306 2290 faciem
1323 2262 1470 2291 ostendisti
1489 2283 1496 2294 ,
1514 2266 1542 2289 et
1558 2263 1643 2297 plicas
1661 2267 1754 2297 pecto-

119 2309 188 2336 ὥστε
203 2309 251 2336 καὶ
266 2310 341 2345 ἡμᾶς
364 2309 470 2344 λέγειν·
493 2319 502 2336 ι
515 2310 552 2337 Οὐ
568 2310 620 2346 γὰρ
639 2309 720 2337 αὐτοῦ
737 2310 771 2337 τὰ
787 2311 910 2346 νοήματα

119 2352 282 2388 ἀγνοοῦμεν.
297 2363 307 2380 ›
322 2353 499 2390 Φιλάνθρωπε
512 2355 559 2381 καὶ
572 2354 658 2389 ἀγαθὲ
669 2355 803 2382 Δέσποταπ
821 2355 852 2381 σὺ
864 2355 910 2382 καὶ

120 2399 308 2435 αἰχμαλώτους
322 2401 395 2436 ἡμᾶς
408 2401 487 2433 ὄντας
504 2400 659 2437 ὲλυτρώσω,
676 2401 723 2428 καὶ
736 2401 910 2433 δουλεύοντας

120 2448 151 2482 τῇ
168 2447 292 2483 ἁμαρτίᾳ
302 2467 310 2479 ,
328 2447 372 2474 διὰ
383 2447 430 2474 τοῦ
446 2447 561 2474 θανάτου
581 2448 647 2474 ἰδίου
658 2467 665 2479 ,
681 2447 769 2483 Κύριε
781 2447 911 2482 ,ἠλευθέ-

122 2501 220 2528 ρωσας.
252 2493 369 2529 Οἴδαμεν
385 2493 439 2529 γὰρ
451 2514 459 2526 ,
485 2494 526 2520 ὅτι
548 2493 774 2530 ἠλευθερώθημεν
791 2493 845 2520 ἀπὸ
858 2494 910 2528 τῆς

121 2541 266 2576 ἁμαρτίας.
281 2540 440 2576 Εἰρηνοποιὲ
454 2540 560 2576 ἀληθῶς
577 2541 632 2576 (59)
643 2540 691 2567 Υἱὲ
706 2540 754 2566 τοῦ
768 2539 849 2566 Θεοῦ·
876 2540 908 2566 σὺ

119 2587 164 2613 καὶ
173 2587 224 2622 τὴν
236 2586 371 2614 υίοθεσίαν
384 2587 450 2622 ἡμῖν
459 2586 644 2619 ἀποδέδωκας,
656 2588 704 2614 καὶ
716 2585 908 2614 ἀποκαταλλά-

962 2311 1002 2338 ris
1017 2311 1091 2338 illius
1101 2310 1222 2342 nudasti,
1239 2311 1277 2336 ita
1291 2314 1358 2338 utet
1373 2318 1423 2338 nos
1431 2310 1573 2338 dicamus:
1589 2308 1667 2336 tNon
1681 2310 1754 2336 enim

963 2357 1023 2392 ejus
1036 2357 1214 2392 cogitationes
1229 2356 1389 2392 ignoramus
1404 2356 1425 2383 ⁸.
1443 2366 1452 2382 ι
1480 2355 1627 2382 Horninum
1650 2360 1756 2383 amator

964 2409 996 2429 ac
1011 2402 1082 2429 bone
1095 2401 1218 2432 Domine,
1234 2405 1263 2428 tu
1274 2409 1325 2429 nos
1342 2401 1465 2437 captivos
1476 2400 1629 2432 redemisti,
1642 2405 1756 2435 peccato

965 2449 1128 2480 servientes,
1153 2455 1202 2482 per
1219 2447 1357 2482 propriam
1384 2450 1516 2478 mortem,
1544 2445 1668 2478 Domine,
1687 2446 1755 2474 libe-

964 2494 1042 2521 rasti.
1064 2493 1255 2520 Seimuscnim
1281 2499 1332 2519 nos
1344 2500 1358 2518 ιι
1370 2495 1484 2526 peccato
1502 2491 1590 2519 fuisse
1611 2492 1754 2520 liberatos.

963 2538 986 2566 Ο
1002 2546 1064 2566 vere
1081 2539 1156 2574 pacis
1169 2538 1332 2566 conciliator
1365 2537 1418 2564 Fili
1440 2537 1488 2564 Dei
1503 2557 1511 2570 ,
1528 2543 1557 2564 tu
1581 2537 1755 2574 adoptionem

964 2585 1082 2613 ﬁliorum
1094 2585 1195 2612 dedisti
1211 2585 1302 2617 nobis,
1318 2584 1561 2620 reconciliatisque
1582 2585 1663 2613 nobis
1679 2583 1755 2612 Patri

152 2666 164 2681 '
183 2665 237 2693 lsa.
255 2673 311 2699 Liv,
329 2665 383 2700 l5;
398 2664 478 2693 Joan.
497 2673 540 2699 vi,
556 2665 602 2693 45.
640 2665 650 2681 ⁸
668 2663 768 2693 Jerem.
787 2672 852 2698 xu,
871 2664 903 2692 51

964 2664 984 2691 ι.
1024 2663 1034 2680 "
1054 2662 1133 2691 Joan.
1151 2664 1209 2697 xu',
1226 2662 1270 2690 52.
1309 2662 1320 2678 ⁸
1339 2662 1363 2689 ιι
1377 2662 1442 2691 Cor.
1459 2671 1500 2697 ιι,
1523 2663 1566 2691 Η.

153 2744 210 2779 (55)
230 2743 342 2778 Regius,
354 2744 378 2770 οί
392 2744 516 2779 μεγάλοι,
531 2743 613 2771 male.

165 2779 209 2813 54)
229 2779 259 2806 In
273 2779 433 2813 Anglicano,
450 2780 478 2806 ὲν
493 2779 580 2806 deest.

165 2815 210 2850 55)
234 2814 272 2841 ita
286 2814 400 2849 Regius.
415 2814 445 2841 in
461 2814 543 2841 editis
560 2821 635 2847 vero,
648 2813 718 2847 hate,
736 2813 782 2841 τὸν
794 2813 908 2849 πλησίον

121 2849 212 2881 αὑτοῦ,
224 2849 271 2879 καὶ
285 2850 410 2881 ἕκαστος,
426 2850 534 2877 desunt.

153 2884 210 2919 (56)
229 2885 342 2920 Regius,
355 2885 402 2911 καὶ
416 2884 457 2916 τίς
472 2885 487 2910 ὁ
497 2885 580 2918 ἄγων.

156 2920 213 2957 (57)
234 2918 294 2948 Ἔτι
310 2920 389 2948 deest
402 2921 430 2949 in
442 2919 547 2955 Anglic.
565 2919 627 2948 Mox
653 2919 736 2954 idem,
752 2920 765 2946 ὁ
782 2918 855 2953 νοῦς,
871 2919 910 2952 ὡς

958 2742 989 2768 τὸ
1004 2742 1084 2775 νοεῖν,
1101 2741 1148 2773 οὓς
1164 2741 1224 2777 μέν.
1243 2740 1355 2777 Ibidem.
1372 2741 1444 2770 Edit.
1463 2741 1567 2775 Paris.,
1582 2741 1621 2774 ὡς
1629 2742 1660 2769 τὸ
1673 2744 1752 2771 νοεῖν.

958 2777 1073 2812 Regius.
1094 2777 1164 2803 ὥστε
1179 2778 1260 2804 νοεῖν.
1278 2776 1350 2804 Edit.
1368 2777 1504 2805 Commel.
1526 2785 1592 2806 vero
1611 2786 1673 2806 cum
1691 2779 1757 2806 aliis

960 2821 1040 2845 mss.,
1059 2813 1099 2844 εἰς
1117 2813 1148 2839 τὸ
1159 2814 1238 2840 νοεῖν.

1060 2848 1256 2890 ἣεξίιιξ-ργίιιιθ
1266 2857 1347 2890 manu
1361 2852 1389 2890 et
1400 2848 1519 2890 A_nglic.,
1530 2849 1752 2878 ἐπιγινώσκωσι.

1008 2884 1051 2920 59)
1078 2883 1197 2920 Ἀληθῶς
1215 2884 1292 2913 abest
1306 2885 1339 2913 ab
1356 2883 1519 2921 Angliéano.
