1915 3057
161 171 214 198 159

725 166 754 194 ε.
773 164 1006 193 ATllANASlUS.
1027 179 1062 185 -—
1081 163 1197 192 DUBlA.

1734 166 1789 194 ειο

163 227 399 260 tum-inimicitiam
411 227 438 254 in
450 233 534 254 carne
543 224 714 254 destruxisti.
732 224 871 253 Ditissime
885 223 948 251 Sal-

1004 224 1049 256 Ξας
1065 224 1139 260 ἡμᾶς
1153 223 1193 259 τῷ
1210 222 1309 250 σαυτοῦ
1323 223 1422 258 Πατρῖ.
1440 223 1489 260 τὴν
1501 223 1600 259 ἔχθραν
1614 223 1644 250 ἐν
1660 226 1693 260 τῇ
1708 225 1791 260 σαρκὶ

162 277 241 302 vator
254 277 281 301 et
296 281 359 301 vere
381 281 440 306 rex,
454 276 482 300 tu
498 279 616 306 namque
628 278 732 306 pauper
748 270 840 304 fuisti,
853 273 883 298 ut
899 279 950 299 nos

162 325 210 347 tua
219 323 378 355 paupertate
387 318 584 346 ditesceremus
599 326 607 351 ;
628 322 656 345 tu
670 317 751 345 nobis
765 324 878 352 regnum
894 324 951 344 ca:-

162 367 251 393 lorum
259 365 372 400 largitus
381 372 420 392 es.
433 365 546 392 Creator
554 368 581 392 et
591 363 680 399 opifex
689 363 822 395 omnium,
829 361 949 390 Verbum

161 410 261 445 Patris,
276 415 304 438 tu
320 419 370 439 nos
389 412 487 438 iterum
507 411 619 442 creasti,
637 414 738 444 tuaque
761 417 858 437 sumus
872 408 951 444 opifi-

162 458 214 488 cia,
230 457 334 484 conditi
347 457 381 484 ad
392 457 463 484 bona
476 464 570 492 opera.
598 455 669 484 Vere
697 456 745 483 lux
768 460 796 483 et
818 455 951 490 splendor

162 503 262 536 Patris,
283 507 313 530 tu
337 503 438 539 quippe
456 511 507 531 nos
537 503 566 530 in
591 501 880 535 tcnebrisillustrasti,
895 509 950 529 non

161 550 285 578 videntes
314 558 365 578 nos
389 550 423 577 ad
452 549 542 576 lucem
567 548 716 576 adduxisti.
745 547 845 575 Forma
869 552 951 583 atque

160 597 251 633 imago
269 604 332 624 vera
350 596 438 624 Patris
456 616 464 629 ,
485 601 513 623 tu
541 603 593 624 nos
620 595 742 631 perditos
767 594 903 627 formasti,
923 598 951 622 et

161 642 307 678 imaginem
323 642 370 669 Dci
394 642 492 670 iterum
508 641 663 669 reddidisti.
686 640 758 668 Deus
784 639 905 668 Verbum
923 644 951 668 et

164 697 226 716 vere
238 689 292 717 vita
308 709 316 721 ,
332 692 362 715 tu
375 693 499 716 mortuos
513 687 656 715 vivificasti
673 695 735 719 nos,
747 691 891 722 corruptos
906 694 950 714 rc-

162 735 280 766 novasti,
299 734 416 762 induens
443 734 659 770 incorruptione.
684 734 755 762 Vere
769 734 870 766 virtus,
886 733 950 760 bra-

162 782 255 809 chium
268 787 295 809 et
308 781 420 808 dextera
434 780 526 808 Patris
538 801 545 813 ,
564 786 593 808 tu
604 781 713 808 dolores
723 780 819 808 mortis
832 779 949 811 solvisti,

162 832 257 863 portas
276 835 362 856 aereas
379 833 405 855 ct
420 831 513 855 vectes
538 827 642 856 ferreos
660 827 833 863 confregisti,
851 833 950 861 quem-

163 874 308 901 admodum
325 874 363 900 ait
378 873 532 909 Scriptura.
562 873 604 901 Tu
626 874 775 902 draconem
793 877 948 908 serpentem

163 919 313 952 diabolum,
328 919 410 946 hamo
430 919 617 954 circumegisti
643 919 774 951 humano,
799 918 826 946 in
848 922 950 953 tropzeo

162 965 266 994 crucis.
283 965 335 993 Per
348 970 374 993 te
389 969 520 1001 tuamque
546 965 667 993 divinam
681 965 812 993 virtutem
823 985 831 997 ,
853 972 950 993 omnes

163 1020 225 1039 eum
244 1012 362 1043 calcant,
388 1019 485 1040 omnes
504 1011 529 1039 ei
548 1011 678 1039 illudunt.
693 1011 731 1038 Te
750 1011 823 1039 enim
847 1011 871 1039 ei
893 1011 951 1046 pri-

163 1064 238 1084 mum
254 1057 386 1084 illudente
400 1076 408 1089 ,
423 1056 531 1083 initium
548 1060 683 1084 creatura:
708 1055 818 1084 Domini
849 1055 951 1091 incepit

163 1109 234 1133 esse,
253 1101 373 1128 conditae
390 1101 423 1128 ad
438 1101 462 1128 ei
481 1100 661 1129 illudcndum.
682 1100 721 1129 Te
737 1101 812 1129 illum
830 1106 949 1137 proster-

162 1149 256 1179 nente,
272 1153 316 1173 res
330 1144 466 1172 mirabilis
479 1145 540 1173 visa
554 1146 683 1174 omnibus
697 1149 751 1180 est,
767 1151 798 1175 ut
808 1146 949 1174 dicerent:

166 1191 331 1225 «Quomodo
354 1190 454 1218 cecidit
477 1189 513 1219 de
538 1191 608 1219 coelo
635 1191 746 1220 Lucifer
762 1212 771 1225 ,
798 1193 846 1228 qui
871 1200 952 1220 mane

163 1236 305 1264 oriebatur
320 1233 351 1263 ’ἵ
369 1243 381 1262 ι
395 1234 434 1264 Te
446 1235 598 1272 accipiente
615 1238 649 1265 ab
675 1237 721 1265 illo
738 1238 951 1274 chirographum

163 1283 308 1311 adversum
325 1291 378 1311 nos
399 1287 553 1316 exaratum,
580 1283 756 1320 aﬂigenteque
773 1284 840 1312 illud
863 1285 950 1318 cruci,

163 1329 283 1358 ludibrio
307 1329 385 1358 illum
409 1330 509 1358 habent
523 1330 657 1363 universi,
691 1331 833 1359 dicentes:
854 1341 864 1358 ι
878 1331 952 1365 Quo-

164 1374 246 1402 modo
261 1377 379 1405 cessavit
395 1380 516 1409 exactor,
537 1377 641 1412 quievit
655 1377 839 1405 accelerator?
853 1378 953 1406 contri-

163 1420 204 1448 vit
218 1420 290 1449 Deus
305 1421 401 1457 jugum
417 1427 604 1458 peccatorum.
626 1421 686 1450 Jam
700 1423 772 1450 enim
788 1423 813 1451 ei
829 1424 952 1452 subster-

164 1467 240 1494 nitur
254 1467 380 1502 putredo,
397 1472 424 1495 et
443 1469 644 1504 operimentum
663 1468 723 1504 ejus
752 1468 867 1497 efﬁcitur
891 1478 952 1497 ver-

164 1513 217 1541 mis
235 1513 268 1540 ”.
288 1523 298 1540 ι
313 1512 369 1542 Nec
384 1518 428 1541 est
447 1514 520 1541 ultra
544 1515 591 1550 qui
613 1514 761 1543 draconem
776 1515 950 1551 reformidet;

164 1559 212 1587 sed
227 1563 264 1593 te,
279 1563 306 1588 et
323 1567 371 1595 per
381 1565 406 1588 te
421 1559 528 1588 Patrem
542 1560 669 1588 adorant.

1003 270 1188 306 κατήργησας.
1222 269 1336 296 Πλούσιε
1353 269 1449 305 Σωτὴρ
1466 269 1513 296 καὶ
1531 269 1640 305 ἀληθῶς
1659 270 1770 305 βασιλεῦ
1782 279 1790 285 ·

1004 317 1036 343 σὺ
1053 316 1108 352 γὰρ
1120 315 1294 351 ἐπτώχευσας
1305 336 1313 348 ,
1331 316 1376 343 ἵνα
1389 317 1422 352 τῇ
1440 317 1473 352 σῇ
1491 316 1613 352 πτωχεία
1631 316 1789 353 πλουτήσω-

1005 373 1070 401 μεν·
1088 365 1120 392 σὺ
1138 364 1186 391 καὶ
1205 364 1255 400 τὴν
1273 363 1412 399 βασιλείαν
1433 365 1498 400 ἡμῖν
1517 364 1572 391 τῶν
1587 365 1709 400 οὐρανῶν
1727 366 1790 401 ὲχα-

1005 411 1082 448 ρίσω,
1097 411 1193 438 κτίστα
1208 410 1255 438 καὶ
1274 411 1424 446 δημιουργὲ
1443 410 1498 437 τῶν
1514 411 1622 438 πάντων
1635 431 1642 441 ι
1657 411 1727 445 Λόγε
1743 411 1791 438 τοῦ

1004 456 1123 492 Πατρός·
1137 457 1169 482 σὺ
1181 455 1236 491 γὰρ
1250 455 1411 491 πάλινήμᾶς
1419 454 1573 488 ἀνέκτισας,
1589 455 1636 482 καί
1646 463 1692 481 σου
1707 455 1791 490 ποιή-

1005 503 1078 538 ματά
1095 503 1188 537 ἐσμεν,
1197 501 1352 533 κτισθέντες
1371 501 1417 528 ἐπὶ
1428 501 1518 537 ἔργοις
1530 501 1652 535 ἀγαθοῖς.
1660 501 1719 533 Φῶς
1730 501 1792 537 ἁλη-

1004 548 1058 580 οῶς
1074 548 1121 574 καὶ
1142 547 1313 583 ἀπαύγασμα
1336 546 1384 573 τοῦ
1403 546 1524 582 Πατρός·
1554 547 1586 573 σὺ
1603 547 1658 582 γὰρ
1674 547 1746 582 ἡμᾶς
1762 548 1792 574 ἐν

1004 593 1095 620 σκότει
1113 592 1291 628 κατέλαμψας
1303 614 1309 625 ,
1324 592 1371 618 καὶ
1385 592 1421 628 μὴ
1435 592 1582 627 βλέποντας
1593 593 1666 628 ἡμᾶς
1681 594 1720 625 εἰς
1732 592 1792 628 ξεῶς

1003 639 1114 674 ἤγαγες.
1129 638 1228 674 Μορφὴ
1239 639 1285 665 καὶ
1299 638 1379 665 εἰκὼν
1394 638 1478 670 ὅντως
1490 638 1537 664 τοῦ
1549 638 1656 674 Πατρός
1666 646 1672 653 “
1690 639 1721 666 σὺ
1736 639 1792 674 γὰρ

1004 687 1076 722 ἡμᾶς
1093 685 1295 720 ἀπολλυμένους
1307 684 1362 721 (60)
1378 684 1541 722 ὲμόρφωσας
1551 704 1557 715 ,
1573 685 1620 711 καὶ
1637 684 1717 711 πάλιν
1729 685 1792 720 ἐχα-

1005 733 1071 768 ρίσω
1083 732 1113 759 τὸ
1127 733 1186 758 κατ’
1202 732 1314 767 εἰκόνα..
1335 731 1385 758 Θεὲ
1401 730 1471 766 Λόγε
1485 732 1532 758 καὶ
1548 731 1655 766 ἀληθῶς
1672 731 1744 767 ζωή·
1758 733 1792 758 σὺ

1002 779 1056 814 γὰρ
1074 778 1258 809 ἀποθανόντας
1274 777 1460 813 ὲζωοποίησας
1470 796 1477 809 ,
1492 777 1539 804 καὶ
1555 777 1706 813 φθαρέντας
1728 778 1792 804 ἀνε-

1003 825 1128 856 καίνισας
1138 845 1145 856 ,
1161 823 1274 856 ἐνδύσας
1290 824 1340 859 τὴν
1353 823 1518 859 ἀφθαρσίαν.
1536 823 1657 859 Δύναμις
1672 823 1791 858 ἀληθῶς,

1003 872 1050 899 καὶ
1066 871 1196 907 βραχίων,
1213 871 1261 898 καὶ
1276 870 1351 903 δεξιά
1365 869 1412 896 τοῦ
1428 869 1534 904 Πατρός
1544 876 1551 883 '
1568 870 1599 896 σὺ
1619 869 1673 905 γὰρ
1686 869 1792 901 καὶτὰς

967 909 988 937 Β
1000 917 1099 948 ὠδῖνας
1110 917 1208 948 ἔλυσας
1218 915 1263 943 τοῦ
1274 915 1400 947 Θανάτου,
1412 914 1497 950 θύρας
1508 915 1611 950 χαλκᾶς
1621 916 1668 942 καὶ
1677 915 1792 951 μοχλοὺς

1003 962 1129 1000 σιδηροῦς
1152 962 1305 994 κατέαξας,
1327 962 1364 994 ὡς
1379 963 1395 998 ἡ
1410 961 1506 998 Γραφὴ
1518 961 1602 996 λέγει.
1633 961 1669 988 Σὺ
1685 962 1730 988 καὶ
1746 960 1793 987 τὸν

1001 1010 1137 1046 δράκοντα
1154 1009 1221 1045 (61),
1239 1009 1284 1035 τὸν
1297 1008 1369 1044 ὖφιν,
1385 1009 1430 1035 τὸν
1445 1008 1616 1041 διὰϐολον,ὲν
1629 1007 1792 1044 ἀνθρωπίνῳ

1001 1057 1142 1092 ἀγκίστρῳ
1165 1055 1333 1092 περιήγαγες
1353 1055 1382 1081 ὲν
1399 1054 1437 1089 τῷ
1453 1054 1575 1090 τροπαίῳ
1595 1054 1642 1081 τοῦ
1662 1053 1791 1089 σταυροῦ.

1000 1103 1051 1129 Διά
1067 1102 1096 1129 σὲ
1111 1103 1158 1130 καὶ
1172 1102 1221 1138 τὴν
1241 1101 1290 1138 σὴν
1306 1101 1382 1128 θείαν
1407 1099 1593 1136 ἀνδραγαθίαν
1618 1100 1718 1132 πάντες
1743 1099 1793 1135 μὲν

1002 1148 1082 1176 αὐτὸν
1097 1147 1231 1180 πατοῦσι,
1247 1146 1347 1178 πάντες
1360 1146 1388 1173 δὲ
1401 1146 1483 1173 αὐτοῦ
1499 1145 1710 1177 καταπαίζουσι.
1740 1144 1792 1172 Σοῦ

1001 1195 1055 1230 γὰρ
1068 1194 1175 1230 πρώτου
1188 1193 1333 1226 παίξαντος
1345 1193 1385 1223 εἰς
1399 1192 1490 1224 αὐτὸν,
1506 1192 1602 1226 γέγονε
1617 1189 1708 1218 λοιπον
1722 1190 1792 1226 ἁρχὴ

1001 1241 1160 1276 πλάσματος
1177 1240 1292 1276 Κυρίου,
1308 1238 1493 1274 πεποιημένου
1508 1239 1548 1270 είς
1564 1238 1594 1265 τὸ
1624 1237 1792 1268 καταπαίζε-

1003 1288 1075 1315 σθαι.
1091 1288 1147 1315 Καὶ
1160 1286 1208 1313 σοῦ
1224 1286 1317 1312 τοῦτον
1332 1285 1530 1315 καταϐαλόντος
1542 1285 1609 1321 (62),
1624 1285 1718 1319 γέγονε
1725 1285 1793 1311 πᾶσι

1003 1332 1105 1369 θαῦμα,
1118 1332 1189 1358 ὥστε
1200 1331 1246 1358 καὶ
1256 1331 1345 1365 λέγειν
1355 1339 1362 1347 ·
1374 1340 1383 1356 ι
1395 1330 1457 1362 Πῶς
1472 1330 1600 1362 ἐξέπεσεν
1612 1332 1644 1358 ἐκ
1654 1331 1700 1358 τοῦ
1712 1331 1794 1365 οὐρα-

1002 1379 1048 1406 νοῦ
1062 1378 1246 1414 όῈωσςξόρος,
1256 1378 1270 1404 ὁ
1282 1378 1354 1414 πρωῒ
1366 1378 1533 1410 ἁνατέλλων;
1548 1387 1557 1403 ι
1570 1378 1624 1405 Καὶ
1637 1377 1682 1404 σοῦ
1696 1377 1792 1404 λαϐόν-

1002 1434 1046 1457 τος
1055 1425 1120 1461 παρ’
1134 1424 1216 1451 αὑτοῦ
1232 1424 1261 1451 τὸ
1274 1424 1334 1450 καθ’
1349 1424 1428 1459 ἡμῶν
1439 1424 1631 1460 χειρόγραφον,
1647 1423 1693 1450 καὶ
1706 1432 1792 1459 προσ-

1002 1471 1155 1507 ηλώσαντος
1171 1469 1236 1497 αὐτὸ
1249 1469 1288 1505 τῷ
1304 1469 1426 1505 σταυρῷ,
1458 1470 1558 1501 πάντες
1572 1470 1631 1496 κατ’
1644 1469 1726 1496 αὺτοῦ
1743 1478 1794 1496 κα-

1001 1515 1202 1553 τακερτομοῦσι
1216 1516 1271 1551 (65)
1288 1515 1426 1550 λέγοντες·
1459 1525 1468 1541 α
1481 1515 1544 1548 Πῶς
1560 1515 1750 1542 ἀναπέπαυται
1779 1516 1793 1542 ό

1001 1563 1141 1595 ἀπαιτῶν;
1158 1562 1205 1589 καὶ
1226 1562 1417 1589 ἀναπέπαυται
1434 1563 1448 1590 ό
1465 1562 1699 1598 ὲπισπουδαστής;
1729 1570 1793 1588 συν-

163 1606 273 1642 έτριψεν
283 1607 298 1634 ὁ
307 1607 372 1639 Θεὸς
385 1607 430 1634 τὸν
443 1606 524 1642 ζυγὸν
534 1607 589 1635 τῶν
602 1608 781 1645 ἁμαρτωλῶν.
795 1610 894 1638 Λοιπὸν
910 1611 964 1648 γὰρ
982 1611 1110 1639 ὑποκάτω
1118 1609 1198 1652 αὑτοῦ
1212 1610 1377 1646 στρώννυται
1388 1610 1479 1645 σῆψις,
1491 1610 1539 1637 καὶ
1565 1609 1598 1636 τὸ
1618 1609 1794 1644 κατακαλυμ-

165 1661 204 1687 μα
212 1652 267 1689 (64)
276 1653 357 1680 αὐτοῦ
367 1653 470 1688 γίνεται
480 1654 602 1691 σκώληξ,
613 1664 622 1681 ι
636 1656 682 1682 καὶ
694 1656 794 1689 πάντες
802 1657 893 1685 οὐκέτι
905 1658 951 1685 τὸν
970 1659 1104 1696 δράκοντα
1116 1657 1270 1693 φοϐοῦνται,
1301 1657 1370 1684 ἀλλά
1400 1657 1441 1689 σὲ,
1456 1657 1503 1684 καὶ
1514 1656 1557 1683 διὰ
1569 1656 1616 1683 σοῦ
1628 1657 1673 1684 τὸν
1684 1655 1792 1691 Πατέρα

165 1699 370 1735 προσκυνοῦσιν.

200 1746 246 1774 52.
264 1746 311 1774 Sic
322 1754 467 1783 resurgens
486 1748 629 1781 Dominus,
648 1749 739 1776 statim
757 1750 838 1777 morti
852 1750 949 1783 illusit.

1037 1749 1081 1776 52.
1092 1747 1169 1775 Οὕτω
1181 1747 1229 1783 μὲν
1241 1744 1286 1774 οῦν
1296 1748 1310 1774 ό
1318 1747 1420 1783 Κύριος
1431 1747 1588 1780 ἐξαναστὰς,
1597 1747 1701 1784 ταχέως
1713 1748 1794 1775 κατέ-

165 1799 272 1827 nosque
283 1792 316 1820 ab
342 1801 374 1821 ea
399 1794 536 1822 liberavit.
563 1794 650 1823 Judaei
666 1799 757 1823 autem
779 1804 813 1824 ne
828 1797 880 1824 ista
895 1798 953 1832 qui-

167 1836 228 1863 dem
253 1836 378 1866 videntes
402 1839 506 1873 pudore
532 1844 598 1868 sunt
626 1840 725 1874 affecti,
751 1841 908 1877 ignorantes
924 1850 953 1870 sc

166 1883 220 1910 ista
244 1887 340 1910 contra
361 1883 530 1912 Salvatorem
558 1893 653 1917 ausos,
683 1887 827 1915 adversum
849 1895 910 1916 sese
921 1895 953 1916 ea

166 1931 226 1964 ipsa
250 1930 351 1958 moliri.
378 1929 438 1958 Non
469 1931 600 1959 videbant
624 1932 725 1968 quippe
754 1941 783 1961 se
807 1933 953 1962 Dominum

165 1976 219 2011 ει
228 1976 371 2009 tradendo,
384 1977 555 2006 traditionem
569 1978 721 2007 Jerusalem
736 1987 898 2015 provocare,
912 1980 955 2008 di-

167 2026 245 2050 cente
255 2021 389 2050 llieremia
401 2024 530 2059 propheta
542 2033 548 2051 :
561 2033 570 2050 l
583 2024 740 2053 Traditions
749 2027 871 2054 tradetur
879 2025 957 2054 Jeru-

167 2068 251 2096 salem
261 2068 289 2096 in
300 2068 653 2099 manusNabuchodonosor
661 2071 733 2107 regis
741 2072 885 2107 Babylonis
894 2073 925 2100 ”.
941 2082 951 2099 ι

167 2112 260 2149 Neque
279 2113 455 2142 advertebant
479 2115 603 2144 nolentes
623 2116 738 2144 Domino
760 2117 872 2150 servire,
893 2125 955 2146 sese

167 2160 277 2188 diabolo
297 2160 325 2187 in
347 2168 442 2189 Servos
458 2162 604 2197 subjicere,
622 2163 729 2198 ipsique
751 2164 907 2192 ministrare
921 2164 954 2191 ad

168 2206 283 2234 insidias
310 2206 442 2235 adversus
463 2207 612 2236 Christum.
643 2209 806 2245 Ignorabant
829 2210 902 2238 enim
926 2217 956 2238 se

167 2252 320 2280 Barabbam
335 2253 508 2288 postulando,
526 2259 607 2290 atque
628 2256 773 2283 Dominum
793 2256 954 2289 occidendo.

170 2297 299 2327 Barabbae
319 2299 403 2328 vitam
427 2303 537 2335 acturos
557 2308 628 2333 esse,
653 2308 788 2337 omneque
814 2303 956 2331 seditionis

169 2346 306 2380 cedisque
322 2354 408 2381 genus
425 2346 497 2381 apud
513 2354 543 2375 se
558 2348 710 2382 augendum
727 2347 795 2380 fore,
815 2352 896 2383 atque
910 2357 955 2376 re-

170 2390 283 2425 pudiare
303 2399 333 2419 se
350 2392 437 2420 lucem
453 2396 480 2421 et
497 2393 646 2424 veritatem,
661 2397 688 2421 et
703 2394 835 2430 quidquid
848 2399 890 2423 est
903 2395 956 2422 Do-

1004 1794 1084 1828 παιΞε
1099 1793 1146 1821 τοῦ
1171 1793 1286 1821 θανάτου
1303 1813 1310 1825 ,
1338 1794 1384 1820 καὶ
1399 1795 1472 1829 ἡμᾶς
1484 1793 1670 1830 ἠλευθέρωσεν
1686 1796 1733 1822 ἀπ’
1745 1795 1794 1822 αὺ-

1002 1840 1060 1866 τοῦ.
1081 1839 1202 1866 Ἰουδαῖοι
1215 1839 1244 1866 δὲ
1256 1859 1263 1872 ,
1281 1840 1340 1866 οὐδὲ
1355 1840 1441 1866 ταῦτα
1458 1840 1617 1875 βλέποντες,
1635 1841 1793 1877 ᾐσχύνοντο,

1002 1885 1069 1912 ἀλλά
1088 1884 1134 1912 καὶ
1147 1885 1260 1919 ἠγνόουν
1275 1885 1430 1920 τολμῶντες
1442 1885 1512 1912 κατὰ
1529 1885 1576 1913 τοῦ
1590 1886 1716 1923 Σωτῆρος
1727 1908 1734 1920 ,
1751 1888 1793 1914 ὅτι

1003 1930 1063 1957 καθ’
1089 1930 1192 1958 ἑαυτῶν
1208 1931 1377 1966 ,ἐπεχείρουν
1401 1931 1497 1958 ταῦτα.
1527 1932 1583 1959 Οὐκ
1607 1932 1720 1959 ἔϐλεπον
1740 1932 1794 1969 γὰρ

1004 1977 1195 2012 παραδιδόντες
1216 1977 1262 2004 τὸν
1284 1977 1403 2013 Κύριον,
1420 1978 1461 2004 ὅτι
1485 1979 1534 2014 τὴν
1547 1978 1598 2014 τῆς
1617 1978 1794 2014 Ἰερουσαλὴμ

1003 2025 1151 2060 παράδοσιν
1160 2024 1368 2060 προκαλοῦνται,
1382 2025 1506 2060 λέγοντος
1524 2025 1570 2052 τοῦ
1587 2027 1726 2062 προφήτου
1747 2026 1796 2052 Ἰε-

1005 2070 1113 2106 ρεμίοψ
1133 2079 1141 2096 ι
1159 2070 1363 2106 Παραδιδομένη
1381 2071 1599 2107 παραδοθήσεται
1617 2072 1796 2108 Ἰερουσαλὴμ

1004 2118 1043 2149 εἰς
1066 2118 1160 2154 χεῖρας
1183 2117 1427 2154 Ναϐουχοδονόσωρ
1449 2118 1580 2154 βασιλέως
1594 2118 1764 2151 Βαϐυλῶνος.
1783 2129 1793 2146 ι

1005 2163 1059 2189 Καὶ
1074 2163 1124 2190 οὐκ
1139 2163 1262 2196 ἔϐλεπον,
1278 2163 1329 2195 ὅτι,
1348 2163 1385 2200 μὴ
1401 2163 1523 2196 θέλοντες
1534 2164 1671 2192 δουλεύειν
1684 2165 1723 2201 τῷ
1740 2165 1796 2192 Κυ-

1007 2209 1066 2245 ρίῳ,
1089 2208 1239 2236 ὑπέϐαλλον
1266 2209 1379 2242 ἑαυτοὺς
1404 2209 1442 2245 τῷ
1463 2210 1579 2246 διαϐόλῳ
1602 2210 1721 2244 δούλους,
1750 2212 1796 2238 καὶ

1006 2255 1157 2291 ὑπηρέτουν
1178 2254 1252 2290 αὐτῷ
1264 2256 1304 2287 εἰς
1320 2255 1370 2292 τὴν
1392 2255 1463 2283 κατὰ
1479 2256 1526 2283 τοῦ
1548 2257 1674 2293 Σωτῆρος
1688 2257 1797 2284 ἐπιϐου-

1006 2302 1065 2337 λήν.
1083 2302 1210 2336 Ἡγνόουν
1222 2302 1276 2338 γὰρ
1290 2302 1335 2328 τὸν
1347 2302 1491 2338 Βαραϐϐᾶν
1507 2303 1673 2338 αἰτούμενοι,
1690 2304 1738 2330 καὶ
1751 2304 1798 2330 τὸν

1006 2347 1109 2384 Κύριον
1123 2348 1338 2380 ἀποκτείνοντες,
1346 2349 1386 2375 ὃτι
1399 2348 1444 2375 τὸν
1460 2349 1508 2383 μὲν
1521 2349 1577 2384 βίον
1593 2349 1735 2384 βιώσονται
1748 2349 1796 2377 τοῦ

1008 2393 1150 2429 Βαραϐϐἄ,
1171 2394 1217 2420 καὶ
1239 2395 1314 2421 πᾶσα
1336 2394 1430 2426 στάσις
1451 2395 1498 2422 καὶ
1518 2395 1597 2429 φόνος
1620 2395 1686 2432 παρ’
1706 2396 1798 2427 αὐτοῖς

169 2436 271 2469 minus.
297 2441 328 2464 ut
354 2437 393 2464 ait
414 2436 497 2466 Isaias
513 2448 520 2466 :
538 2447 547 2463 ‹
565 2438 634 2466 Ecce
655 2438 809 2467 dominator
826 2439 951 2469 Dominus

1009 2438 1120 2475 αὐξήσει
1132 2447 1138 2454 ·
1155 2439 1320 2466 ἀποϐαλοῦσι
1334 2440 1364 2467 δὲ
1383 2440 1429 2475 ἀφ’
1444 2441 1548 2468 ἑαυτῶν
1562 2441 1592 2467 τὸ
1609 2441 1667 2476 φῶς
1688 2442 1734 2468 καὶ
1748 2441 1799 2478 τὴν

171 2482 303 2514 Sabaoth,
318 2483 424 2511 auferet
437 2491 452 2511 a
468 2482 573 2517 Judaei,
583 2490 611 2512 et
624 2492 639 2512 a
658 2484 820 2519 Jerusalem,
836 2486 951 2514 validum

1005 2485 1142 2520 ἀλήθειαν,
1154 2487 1201 2513 καὶ
1215 2486 1302 2513 πάντα
1312 2486 1362 2513 ὅσα
1372 2483 1450 2514 ἐστὶν
1458 2487 1472 2514 ὁ
1484 2487 1597 2523 Κύριος,
1609 2487 1647 2519 ὡς
1656 2488 1670 2514 ό
1684 2487 1798 2520 Ἡσαΐας

169 2532 196 2555 et
212 2528 343 2560 validam.
361 2530 446 2558 robur
460 2531 540 2565 panis
559 2534 586 2558 et
603 2531 690 2559 robur
710 2539 799 2567 aquae,
821 2532 951 2568 giganten'

1006 2531 1093 2565 λέγει·
1112 2540 1122 2558 ς
1146 2532 1212 2558 Ἰδοὺ
1227 2532 1260 2568 δὴ
1274 2533 1288 2559 ό
1302 2532 1436 2568 δεσπότης
1448 2533 1550 2569 Κύριος
1567 2533 1691 2566 Σαϐαὼθ,
1703 2533 1801 2568 ἀφελεῖ

170 2579 195 2601 et
214 2573 325 2608 fortem,
344 2575 495 2611 principem
507 2579 533 2604 et
546 2576 718 2611 bellatorem,
738 2582 765 2605 et
780 2578 902 2613 judicem
928 2581 951 2606 et

1007 2579 1062 2606 ἀπὸ
1073 2578 1124 2615 τῆς
1140 2579 1268 2612 Ἰουδαίας
1285 2581 1332 2608 καὶ
1345 2581 1399 2608 ἀπὸ
1419 2581 1596 2618 Ἰερουσαλὴμ
1613 2581 1739 2617 ἰσχύοντα
1751 2581 1800 2609 καὶ

172 2620 333 2655 prophetam
348 2625 376 2649 et
391 2622 507 2649 ariolum
520 2625 547 2650 et
562 2630 655 2651 senem
667 2643 675 2657 ,
688 2624 951 2660 quinquagenarium

1011 2625 1164 2661 ἰσχύουσαν,
1186 2627 1262 2662 ῑσχὺν
1281 2626 1364 2663 ἄρτου
1389 2627 1438 2654 καὶ
1460 2627 1537 2663 ἰσχὺν
1560 2627 1666 2660 ὕδατος,
1682 2627 1802 2662 γίγαντα

236 2698 288 2726 lsa.
305 2707 360 2732 xiv,
378 2698 423 2726 12.
462 2699 484 2716 ¹⁰
501 2699 580 2733 ibid.,
598 2700 625 2733 4,
641 2700 669 2732 5,
691 2700 734 2728 Η.
775 2701 794 2716 ¹¹
814 2700 915 2730 Jerem.
932 2709 1028 2734 nm,
1045 2702 1073 2730 4.

208 2776 264 2813 (60)
283 2776 397 2813 Regius,
411 2777 622 2813 ἀπολλυμένους.

209 2812 264 2850 )
284 2812 336 2850 ’ξὺν
345 2812 571 2850 νδράκονταᾉᾲέθςδι
587 2814 615 2840 in
628 2813 789 2850 Anglicano.

209 2847 265 2883 (62)
284 2847 395 2883 Regius,
409 2847 629 2883 καταϐάλλοντος.

209 2848 254 2882 (62
284 2848 395 2883 Regius,
409 2848 584 2875 καταϐάλλονι

207 2848 265 2919 1'65;
285 2883 396 2919 Regius,
412 2882 584 2919 κερτομοῦσι.

1044 2779 1101 2819 (ὓβ)
1120 2780 1292 2819 Basiliensis,
1314 2781 1596 2819 xa'tiuppa.._Regius.
1619 2783 1797 2819 κατάλυμμα.

1009 2814 1274 2885 σκατάλυμα,
1303 2818 1351 2846 sed
1377 2814 1603 2854 legendum'cum
1622 2820 1659 2852 0‘,
1676 2814 1799 2847 καταξιάε
