1915 3057
120 159 167 187 2M

595 156 640 184 DE
659 156 828 184 PASSIONE
848 156 891 184 ET
910 156 1026 184 CRUCE
1046 156 1173 185 DOMlNl.

1693 159 1748 187 212

119 218 165 246 χαί
180 217 316 253 ἰσχύοντα,
329 217 375 243 καὶ
387 216 504 252 ἄρχοντα
516 215 690 252 πολεμιστήν,
707 216 754 243 καὶ
768 216 907 252 δικαστὴν,

969 222 985 243 2t
999 215 1188 244 admirabilem
1200 215 1398 248 consiliarium,
1422 221 1449 244 et
1467 217 1617 252 sapientem
1632 215 1748 244 archite-

118 264 166 292 καὶ
178 264 333 299 προφήτην,
350 263 397 290 καὶ
415 261 574 298 στοχαστὴν,
587 261 634 288 καὶ
648 261 846 297 πρεσϐύτερον,
860 262 907 288 καὶ

117 302 362 346 πεντηκόνταρχον,
380 309 427 335 καὶ
447 309 600 344 θαυμαστὸν
624 307 785 343 σύμϐουλον,
801 309 847 335 καὶ
863 317 908 335 σο-

118 355 168 391 φδν
191 354 381 390 ἀρχιτέκτονα,
406 354 453 380 καὶ
477 353 584 380 συνετὸν
608 353 755 389 ἀκροατήν.
775 353 831 380 Καὶ
847 354 908 380 ὲπι-

119 402 212 437 στήσω
233 400 392 432 νεανίσκους
413 400 546 436 ἄρχοντας
566 398 667 432 αὐτῶν,
689 399 736 426 καὶ
757 399 908 434 ἐμπαῖκται

119 447 311 484 κυριεύεουσιν
322 445 423 473 αὐτῶν.
443 454 452 471 ι
478 444 635 476 Ἐνέπαιζον
650 444 704 480 γὰρ
723 445 747 471 οἱ
765 444 852 471 ἄθλιοι
870 444 909 480 τῷ

119 494 226 530 Κυρίῳ,
243 493 291 519 καὶ
306 492 356 518 οὐκ
369 491 492 524 ἔϐλεπον,
508 491 548 518 ὅτι
564 491 594 517 το
609 490 776 526 προφητικὸν
787 491 847 517 κατ’
861 490 910 516 αύ-

119 539 174 566 τῶν
187 538 339 574 ἐπληροῦτο
351 538 431 574 ῥητὸν
443 537 473 563 τὺ
485 537 563 571 λέγον
573 544 580 550 ·
599 546 608 562 ι
626 537 790 572 Ἐμπαῖκται
803 535 910 572 κυριεύ-

120 593 213 612 σουσιν
237 583 337 611 αὐτῶν.
356 593 365 610 ι
383 583 468 610 Τοῦτο
487 583 540 618 γάρ
563 584 621 609 ἐστι
643 582 673 608 τὸ
694 582 843 617 παράδοξον
863 581 909 609 τοῦ

120 631 258 666 Σωτῆρος,
280 630 320 656 ὃτι
345 629 545 664 σταυρούμενος
567 628 670 663 ἔπασχε
693 628 745 663 μὲν
770 628 839 663 ὑπὲρ
861 628 910 663 τῆς

119 676 340 712 ἁνθρωπότητος,
359 674 505 706 κατέπαιξε
523 674 551 700 δὲ
569 674 616 700 τοῦ
637 674 763 706 θανάτου,
780 674 826 700 καὶ
842 674 912 701 κατὰ

127 722 262 749 Ἰουδαίων
277 720 428 756 ἐπληροῦτο
441 720 476 747 τὰ
492 720 681 755 γεγραμμένα.
699 720 760 746 Ὅτι
778 719 806 746 δὲ
821 720 868 746 καὶ
883 720 912 746 τὺ

121 768 181 803 φῶς
202 767 343 803 ὰςξῄρηται
355 767 401 793 ἀπ’
415 766 515 798 αὐτῶν,
531 765 683 801 γέγραπται
694 766 723 792 ὲν
735 765 774 801 τῷ
794 765 913 801 Ἱερεμίᾳ.

119 813 223 845 οὕτως·
252 822 261 838 ι
286 813 315 840 ὐ
331 813 416 846 Λόγος
440 813 454 838 ὁ
477 812 621 847 γενόμενος
647 812 694 838 ἐπὶ
711 810 843 847 Ἱερεμίαν
868 810 913 836 ἐπὶ

120 860 213 887 πάντα
241 859 286 886 τὸν
312 858 375 886 λαὸν
398 859 493 885 Ἰούδα.
519 867 528 884 ›
553 856 620 885 Εἶτα
649 857 776 893 ἐπιφέρει
807 857 911 891 λέγων·

121 916 134 933 ‹
157 905 262 940 Ἀφελῶ
280 906 328 932 ἀπ’
346 904 435 933 αὐτῶν
451 904 542 940 φωνὴν
561 903 739 940 εὐφροσύνης,
757 903 802 930 καὶ
823 903 914 938 φωνὴν

118 953 222 988 χαρᾶς,
246 951 337 987 φωνὴν
362 951 480 986 νυμφίου
501 951 548 978 καὶ
571 950 663 986 φωνὴν
683 950 803 986 νύμφης,
827 950 914 985 ὀσμὴν

122 997 214 1034 μύρου
236 997 283 1023 καὶ
303 996 361 1030 φῶς
381 996 489 1031 λύχνου.
510 1005 520 1022 ι
543 995 652 1031 ’Δμέλει
679 995 839 1031 παρεδίδουν
859 997 915 1027 τοῖς

120 1043 214 1070 ἔθνεσι
231 1043 277 1069 τὸν
299 1042 412 1078 Κύριον,
429 1042 476 1070 καὶ
491 1043 542 1069 οὐκ
560 1043 681 1078 ῇδεισαν,
701 1041 757 1068 ἀλλ’
778 1041 915 1077 ὲτύφλωτ-

120 1098 182 1123 τον,
207 1090 248 1116 ὅτι
264 1089 341 1116 αὐτοὶ
355 1089 385 1115 οὺ
414 1088 483 1124 μετὰ
509 1089 576 1115 πολὺ
601 1087 795 1124 μιανθήσονται
817 1090 845 1115 ὲν
860 1090 916 1120 τοῖς

121 1135 214 1162 ἔθνεσι
236 1136 284 1162 καὶ
302 1136 342 1166 εἰς
355 1135 405 1170 τὴν
418 1134 600 1170 κληρονομίαν
615 1133 703 1161 αὐτῶν
719 1134 916 1161 εἰσελεύσονται

122 1180 188 1208 κατ’
205 1179 294 1207 αὐτῶν
306 1179 341 1206 τὰ
353 1179 426 1215 ἔθνη,
444 1180 569 1215 καθάπερ
586 1180 755 1215 γέγραπταιο
771 1189 780 1206 ι
797 1181 826 1207 '0
839 1180 915 1212 Θεὸς,

121 1224 286 1259 εἰσήλθοσαν
307 1224 371 1258 ἔθνη
390 1225 431 1256 είς
453 1224 504 1260 τὴν
521 1224 704 1260 κληρονομίαν
726 1233 784 1257 σου,
805 1226 917 1260 ὲμίανον

122 1268 172 1296 τὸν
183 1269 246 1296 ναὸν
257 1268 302 1296 τὸν
314 1269 390 1303 ἆγιόν
404 1277 462 1301 σου,
474 1268 565 1295 ἔθεντο
577 1269 753 1305 Ἰερουσαλὴμ
763 1270 803 1301 εἰς
815 1270 919 1305 ὀπωρο-

122 1315 267 1351 φυλάκιον.
287 1325 296 1341 ›
317 1315 492 1351 ’Δρνούμενοι
513 1314 559 1342 τὸν
578 1315 677 1352 Κύριον
699 1315 769 1351 ἔχειν
794 1315 917 1350 βασιλέα,

121 1362 244 1397 ἠγνόουν
266 1363 470 1398 στερισκόμενοι
493 1362 542 1396 τῆς
566 1361 712 1397 Δαϐιτικῆς
739 1361 794 1397 (65)
823 1362 918 1396 τιμῆς.

121 1407 207 1443 Δύτῴ
218 1407 273 1443 γὰρ
286 1407 414 1434 ἀπέκειτο
427 1407 474 1433 τοῦ
489 1407 572 1434 Δαῦὶδ
589 1407 606 1442 ἡ
622 1407 755 1442 βασιλεία,
773 1408 820 1434 καὶ
838 1407 918 1443 μέχρι

122 1454 178 1489 τῆς
191 1453 352 1489 ἐπιφανείας
368 1453 415 1480 τοῦ
430 1453 555 1489 Σωτῆρος
569 1452 683 1487 ἔφθανεν
697 1454 777 1489 αὑτὴ,
790 1454 836 1480 ἐπὶ
850 1454 919 1490 μάρ-

122 1509 190 1536 τυρι
212 1499 251 1535 τῷ
271 1498 368 1526 Ἰακὼϐ
383 1499 506 1533 λέγοντι·
529 1508 538 1525 ι
562 1499 618 1526 Οὐκ
637 1500 757 1533 ἐκλείψει
783 1500 875 1535 ἄρχων
891 1500 920 1532 ἐξ

129 1543 231 1575 Ἰούδα,
246 1543 307 1570 οὐδὲ
322 1543 472 1578 ἡγούμενος
487 1544 519 1570 ἐκ
539 1543 594 1570 τῶν
607 1544 702 1580 μηρῶν
715 1544 807 1578 αὑτοῦ,
824 1545 876 1577 ἓως
888 1545 920 1572 ἃν

123 1589 205 1626 ἔλθῃ,
271 1573 425 1622 ἀπόκειται,
447 1573 495 1616 κάκ
516 1573 770 1625 αὐτὸς-προσδοκία
791 1573 887 1618 ἐθνῶν.
910 1601 919 1618 ι
935 1573 957 1601 C

124 1637 186 1665 Καὶ
200 1636 368 1671 γυμνοῦντες
379 1636 407 1663 δὲ
417 1636 464 1663 τὸν
482 1637 595 1673 Κύριον,
608 1638 656 1664 καὶ
671 1637 818 1669 τύπτοντες
832 1638 922 1668 αὐτὸν,

125 1682 181 1709 οὐκ
199 1682 309 1718 ᾔδεισαν
327 1682 545 1717 ὲκδιδυσκόμενοι
558 1683 622 1718 παρ’
635 1683 728 1716 αὐτοῦ,
749 1684 796 1710 καὶ
811 1683 924 1710 κοπετὸν

127 1728 193 1756 καθ’
207 1728 312 1755 ἑαυτῶν
330 1729 528 1764 παροξύνοντες
541 1736 548 1744 ·
572 1729 646 1763 λέγει
667 1729 721 1765 γὰρ
735 1729 817 1761 αὐτὸς
840 1730 853 1756 ὁ
866 1729 924 1756 Κύ-

128 1783 207 1812 ριος·
226 1784 235 1800 ι
256 1775 422 1810 ’Λαελοῦμαι
438 1776 471 1802 τὰ
485 1775 581 1811 ἱμάτιὰ
597 1784 646 1811 μου
659 1775 750 1802 καὶτὰ
763 1775 864 1808 ὀθόνια,
878 1775 925 1802 τοῦ

129 1819 172 1856 μὴ
188 1819 337 1846 καλύπτειν
353 1820 403 1855 τὴν
417 1820 610 1856 ἀσχημοσύνην
623 1821 722 1856 αὐτῆς·
743 1830 752 1846 ι
769 1821 816 1847 καὶ
829 1820 923 1847 πάλιν·

132 1873 144 1890 ε
166 1865 280 1891 Ἕνεκεν
295 1865 390 1892 τούτου
405 1866 518 1900 κόψεται
531 1866 581 1902 καὶ
599 1866 740 1902 θρηνήσει,
763 1865 926 1902 πορεύσεται

129 1910 313 1946 ἀνυπόδητος,
331 1911 378 1938 καὶ
397 1912 487 1947 γυμνή
501 1920 507 1927 ·
529 1912 670 1947 ποιήσεται
688 1911 801 1938 κοπετὸν
814 1912 852 1944 ὡς
868 1911 928 1947 δρα-

130 1955 247 1988 κόντων,
261 1957 308 1983 καὶ
330 1956 430 1989 πένθος
449 1958 487 1989 ὡς
510 1957 668 1994 θυγατέρων
687 1959 829 1993 σειρήνων.
847 1967 856 1983 ι
873 1958 928 1984 Καὶ

131 2000 277 2034 ποιοῦντες
292 2002 471 2037 ἐπιϐληθῆναι
484 2002 608 2038 χλαμύδα
629 2002 768 2038 κοκκίνην,
784 2003 834 2029 οὐκ
855 2002 929 2028 €615-

132 2057 187 2074 πον
215 2048 276 2074 καθ’
304 2048 408 2075 ἑαυτῶν
432 2048 481 2084 τὴν
506 2049 675 2085 κατηγορίαν
701 2048 748 2075 τοῦ
771 2049 928 2084 Πνεύματος

133 2095 304 2131 πληροῦντες
316 2116 324 2128 ,
337 2097 378 2123 ὅτι
396 2105 405 2121 ι
415 2096 447 2122 Αἱ
464 2097 554 2131 χεῖρες
567 2096 581 2122 ὑ
586 2096 644 2131 μῶν
658 2096 773 2132 αἵματος
788 2095 925 2132 πλήρεις..

135 2143 286 2178 Χαίροντες
311 2141 365 2177 (66)
389 2142 417 2168 δὲ
435 2143 483 2169 καὶ
499 2143 545 2169 ἐπὶ
560 2142 599 2177 τῷ
615 2142 786 2178 περικεῖσθαι
810 2142 929 2174 ἀκάνθας

135 2189 182 2216 τὸν
201 2189 326 2224 Σωτῆρα,
351 2188 528 2223 ὲτύφλωττον,
551 2189 612 2215 καθ’
629 2188 734 2215 ἑαυτῶν
750 2188 834 2221 αὐτὰς
853 2198 930 2225 περι-

956 267 1076 297 ctum-et
1092 262 1253 297 prudentem
1276 263 1499 291 auscultatorem.
1527 262 1560 289 Et
1583 263 1748 290 constituam

957 307 1145 336 adolescentes
1153 308 1290 343 principes
1301 315 1406 341 eorum,
1418 312 1446 335 et
1464 308 1592 336 illusores
1608 307 1649 336 eis
1660 308 1749 336 domi-

957 353 1097 381 nabuntur
1108 354 1138 381 ¹².
1153 363 1162 379 ι
1173 354 1326 381 llludebant
1335 355 1407 381 enim
1416 354 1510 381 miseri
1520 353 1635 381 Domino
1645 375 1652 387 ,
1661 362 1749 390 neque

958 399 1135 427 advertebant
1144 399 1330 435 propheticum
1340 399 1486 427 adversum
1495 407 1525 427 se
1532 407 1686 427 sermonem
1698 400 1750 427 im-

958 446 1026 480 pleri
1042 445 1089 480 qui
1110 446 1167 472 ait:
1188 454 1197 470 ι
1217 444 1345 473 lllusores
1366 453 1461 473 eorum
1490 445 1714 473 dominabuntur.
1737 454 1747 471 ι

958 491 1017 518 Hoc
1038 492 1109 519 enim
1128 495 1171 519 est
1191 491 1219 518 in
1242 490 1383 518 Salvatore
1405 491 1571 525 mirandum,
1585 492 1658 527 quod
1673 492 1748 519 cruci

962 536 1058 564 allixus
1074 544 1124 572 pro
1134 537 1254 564 humano
1265 536 1374 571 quidem
1388 544 1487 572 genere
1501 540 1653 572 pateretur,
1667 537 1750 564 morti

961 589 1025 610 vero
1043 582 1181 616 illuderet,
1196 587 1224 610 et
1236 583 1264 609 in
1278 581 1434 609 Iudaeorum
1451 583 1554 609 malum
1570 583 1750 618 implerentur

962 636 1023 663 quae
1035 632 1137 663 scripta
1153 632 1255 656 essent.
1270 627 1349 661 Quod
1368 631 1459 655 autem
1476 629 1521 656 lux
1535 628 1570 656 ab
1584 629 1639 656 illis
1659 628 1750 655 ablata

961 674 1008 705 sit,
1024 673 1157 708 scriptum
1172 678 1213 701 es:
1236 673 1264 700 in
1289 673 1406 701 Ieremia
1420 673 1463 701 his
1476 674 1585 701 verbis:
1605 682 1615 699 ι
1631 673 1750 701 Verbum

962 719 1034 754 quod
1053 719 1153 745 factum
1181 723 1223 747 est
1246 726 1328 754 super
1347 718 1494 746 Jeremiam
1522 719 1550 746 in
1572 727 1681 747 omnem
1703 727 1752 754 po-

965 764 1060 800 pulum
1081 763 1150 791 Juda
1172 764 1205 792 ¹².
1231 774 1240 791 ι
1264 764 1363 792 Postea
1385 765 1443 792 hac
1460 765 1553 800 adjicit
1571 774 1579 792 :
1596 775 1606 791 ι
1624 765 1753 793 Auferam

964 810 998 836 ab
1029 810 1084 837 illis
1106 817 1202 837 vocem
1232 810 1331 838 lmtitiae
1354 815 1382 838 et
1409 818 1503 838 vocem
1527 811 1630 846 gaudii,
1658 818 1752 839 vocem

965 855 1059 890 sponsi
1071 859 1098 882 et
1108 863 1203 883 vocem
1216 863 1335 891 sponsae,
1347 856 1458 884 odorem
1472 857 1605 893 unguenti
1620 860 1646 884 et
1662 856 1753 883 lumen

931 899 950 925 Β
969 902 1091 930 lucerna:
1105 902 1138 929 ‘5.
1160 912 1169 928 ›
1186 902 1291 930 Revera
1309 903 1447 932 tradidere
1464 903 1608 931 Dominum
1623 904 1754 939 gentibus

966 954 1048 985 atque
1062 951 1237 979 caculientes
1253 951 1417 987 ignorabant
1433 959 1463 979 se
1476 951 1548 979 baud
1558 952 1604 979 diu
1616 955 1711 987 postea
1726 953 1755 980 in

965 997 1093 1032 gentibus
1106 997 1268 1032 polluendos
1286 1005 1358 1029 esse,
1379 1002 1406 1025 et
1425 997 1454 1024 in
1469 1004 1547 1025 suam
1565 997 1755 1026 lmreditatem

966 1046 1061 1078 gentes
1080 1047 1176 1070 contra
1193 1051 1223 1071 se
1246 1043 1419 1078 ingressuras
1438 1051 1509 1076 esse,
1525 1043 1755 1078 quemadmodum

968 1088 1103 1122 scriptum
1117 1091 1159 1115 est
1173 1097 1179 1114 :
1199 1095 1209 1112 α
1226 1087 1309 1120 Deus,
1322 1092 1454 1115 venerunt
1467 1092 1561 1123 gentes
1573 1088 1601 1115 in
1612 1088 1757 1116 haeredita-

966 1139 1024 1161 tem
1038 1137 1126 1166 tuam,
1146 1133 1306 1168 polluerunt
1321 1134 1451 1169 templum
1465 1138 1589 1162 sanctum
1604 1138 1691 1168 tuum,
1706 1142 1756 1170 po-

967 1183 1083 1207 suerunt
1105 1178 1259 1207 Jerusalem
1288 1180 1316 1207 in
1335 1187 1478 1215 pomorum
1503 1180 1658 1207 custodiam
1684 1180 1717 1208 ιδ.
1745 1189 1755 1206 ι

969 1226 1036 1253 Dum
1050 1229 1184 1260 negarent
1196 1233 1226 1253 se
1241 1225 1386 1253 Dominum
1412 1233 1503 1261 regem
1527 1226 1638 1258 habere,
1653 1225 1760 1261 ignora-

968 1272 1035 1299 bant
1059 1272 1163 1307 privari
1184 1279 1214 1299 se
1236 1271 1367 1299 Davidico
1393 1272 1497 1300 honore
1523 1281 1529 1299 :
1559 1271 1695 1306 siquidem
1717 1270 1758 1298 illi

968 1317 1119 1352 repositum
1141 1321 1201 1345 erat
1223 1316 1333 1344 Davidis
1356 1324 1481 1352 regnum,
1510 1317 1583 1351 quod
1608 1323 1695 1352 usque
1722 1316 1757 1344 ad

971 1362 1123 1390 Salvatoris
1153 1362 1301 1390 adventum
1321 1361 1506 1396 perduravit,
1530 1365 1599 1389 teste
1622 1361 1725 1389 Jacobo
1749 1371 1759 1389 .-

973 1418 982 1434 ι
1008 1407 1068 1435 Non
1093 1408 1201 1436 deliciet
1229 1409 1355 1443 princeps
1376 1416 1410 1436 ex
1428 1406 1510 1439 Juda,
1528 1415 1616 1443 neque
1641 1407 1696 1435 dux
1727 1407 1761 1436 de

971 1454 1121 1482 femoribus
1146 1454 1218 1489 ejus,
1253 1454 1340 1482 donec
1361 1454 1451 1481 veniat
1473 1454 1518 1481 ille
1541 1454 1586 1480 cui
1610 1453 1760 1490 repositum

971 1503 1023 1533 est,
1037 1503 1064 1527 ct
1080 1499 1139 1534 ipse
1153 1502 1196 1526 est
1213 1498 1380 1533 exspectatio
1391 1498 1513 1534 gentium
1528 1498 1560 1524 ".
1581 1507 1589 1523 ι
1608 1497 1640 1524 Et
1654 1498 1762 1525 nudan-

971 1549 1013 1572 tes
1029 1544 1185 1575 Dominum,
1204 1547 1285 1578 atque
1301 1543 1488 1574 verberantes,
1506 1542 1665 1570 nesciebant
1681 1550 1711 1570 se
1725 1543 1760 1570 ab

975 1589 1022 1616 illo
1036 1588 1145 1620 nudari,
1158 1593 1184 1616 et
1198 1588 1338 1623 planctum
1359 1587 1535 1622 sibimetipsis
1547 1587 1686 1615 concitare
1699 1595 1708 1621 ;
1726 1588 1764 1614 ait

974 1635 1075 1670 quippe
1091 1635 1149 1669 ipse
1163 1633 1295 1661 Dominus
1310 1642 1317 1660 :
1337 1643 1346 1659 ι
1365 1634 1496 1661 Auferam
1509 1633 1674 1662 vestimenta
1691 1640 1763 1666 mea,

973 1681 1177 1714 etlinteamina,
1189 1684 1219 1708 ut
1233 1688 1268 1708 ne
1284 1680 1481 1716 turpitudinem
1496 1680 1556 1715 ejus
1564 1680 1689 1716 operiant
1700 1680 1740 1707 "3
1754 1689 1763 1714 ;

974 1730 1001 1754 et
1015 1734 1123 1754 rursum
1140 1736 1146 1754 :
1162 1736 1171 1752 ί
1189 1726 1335 1762 Propterea
1354 1727 1463 1762 planget
1485 1731 1513 1753 et
1528 1726 1641 1762 lugebit,
1657 1726 1766 1754 incedet

976 1773 1142 1801 discalceata
1165 1777 1192 1802 et
1209 1774 1282 1801 nuda
1301 1782 1307 1800 :
1331 1773 1413 1800 faciet
1433 1773 1571 1808 planctum
1593 1772 1677 1800 veluti
1702 1772 1766 1800 dra-

976 1829 1087 1854 conum,
1104 1825 1131 1849 et
1155 1821 1259 1848 luctum
1278 1821 1363 1848 veluti
1382 1820 1498 1847 filiarum
1513 1820 1634 1847 sirenum
1653 1819 1685 1845 ¹¹.
1704 1828 1714 1845 ι
1733 1818 1766 1845 Et

977 1871 1105 1896 curantes
1124 1871 1154 1894 ut
1171 1868 1357 1903 imponeretur
1372 1866 1396 1894 ei
1412 1866 1534 1901 chlamys
1551 1864 1692 1896 coccinea,
1706 1871 1762 1892 non

977 1913 1106 1941 viderunt
1133 1921 1162 1940 sc
1186 1913 1330 1940 adversum
1354 1919 1384 1940 se
1407 1911 1520 1946 implere
1547 1911 1621 1938 illam
1649 1909 1767 1945 Spiritus

979 1959 1068 1987 sancti
1092 1959 1296 1986 accusationem
1321 1968 1327 1985 :
1353 1966 1363 1983 ι
1389 1957 1485 1985 Manus
1514 1960 1614 1984 vestrae
1636 1955 1768 1991 sanguine

978 2009 1043 2034 sunt
1068 2005 1154 2040 plenae
1181 2006 1212 2032 η.
1229 2014 1238 2031 ι
1255 2004 1411 2033 Gaudentes
1424 2008 1513 2032 autem
1543 2004 1615 2039 quod
1644 2003 1768 2030 Salvator

979 2051 1065 2087 spinis
1088 2051 1315 2084 circutndarctur,
1340 2051 1530 2082 czecuticbant,
1561 2057 1617 2077 non
1644 2048 1768 2077 videntes

979 2106 1009 2126 se
1035 2098 1096 2125 illas
1117 2101 1215 2125 contra
1238 2105 1299 2125 sese
1320 2097 1527 2132 circumponere
1547 2105 1554 2123 :
1579 2095 1711 2130 scriptum
1727 2099 1769 2121 est

979 2144 1051 2172 enim
1064 2153 1070 2171 :
1083 2152 1093 2170 ι
1105 2143 1307 2179 Obstupescite,
1321 2143 1422 2178 lugete,
1436 2151 1496 2178 qua:
1509 2142 1536 2170 in
1553 2141 1652 2169 fiducia
1665 2140 1768 2172 fuistis,

980 2190 1071 2217 exuite
1094 2197 1154 2222 vos,
1177 2189 1257 2216 nudae
1277 2192 1376 2221 estote,
1390 2187 1595 2223 circumcingitc
1611 2186 1730 2218 lumbos,
1742 2190 1770 2214 ct

136 2235 268 2266 τιθέντες.
282 2235 439 2270 Γέγραπται
456 2235 525 2270 γάρ’
546 2244 555 2260 ι
572 2235 716 2269 Ἐκστητε,
737 2234 886 2269 λυπήθητε,
901 2243 917 2260 α

981 2243 1062 2270 super
1076 2235 1158 2262 ubera
1175 2235 1314 2270 planctum
1329 2234 1409 2262 facite
1420 2234 1454 2261 ab
1473 2242 1539 2269 agro
1554 2232 1699 2264 desiderii,
1714 2235 1741 2259 et
1754 2239 1770 2258 a

139 2281 307 2313 πεποιθυῖαι,
326 2281 484 2313 ὲκδύσασθε,
507 2281 610 2317 γυμναὶ
630 2281 753 2316 γένεσθε,
776 2280 916 2317 περιζώσα

978 2282 1058 2309 vinea
1085 2281 1302 2317 germinationis.
1329 2281 1412 2309 Terra
1438 2280 1531 2316 populi
1547 2279 1601 2307 mei
1629 2279 1719 2314 spina,
1743 2281 1772 2305 et

142 2327 186 2354 σθε
203 2327 254 2359 τὰς
268 2327 382 2361 ὀσφύας,
403 2327 450 2353 καὶ
470 2327 516 2353 ἐπὶ
535 2327 589 2353 τῶν
604 2327 715 2363 μασθῶν
729 2326 860 2354 κόπτεσθε
878 2327 918 2353 ὰπη

980 2328 1073 2355 fenum
1098 2327 1239 2361 ascendet,
1265 2332 1293 2354 et
1317 2335 1350 2355 ex
1378 2327 1452 2354 omni
1475 2326 1557 2353 domo
1578 2325 1674 2353 laetitia
1699 2323 1771 2353 aufe.

141 2373 227 2410 ἀγροῦ
250 2373 468 2409 ὲπιθυμήματος,
491 2375 539 2401 καὶ
558 2374 611 2401 ἀπὸ
630 2373 752 2410 ἀμπέλου
767 2373 918 2408 γενήματος

980 2376 1056 2400 retur
1079 2373 1112 2400 η.
1131 2383 1140 2399 ι
1170 2373 1315 2400 Dominum
1339 2371 1499 2404 irridebant,
1531 2375 1562 2398 ut
1595 2370 1695 2398 Filium
1722 2369 1771 2397 Dei

148 2420 179 2446 ’Β
195 2419 232 2454 γῆ
249 2419 297 2446 τού
310 2419 373 2446 λαοῦ
391 2428 440 2455 μου
460 2420 576 2452 ἄκανθα,
588 2420 635 2447 καὶ
646 2420 741 2456 χόρτος
758 2419 918 2454 ἀναϐήσεται

983 2419 1057 2455 (sese
1082 2419 1251 2456 dicentem),
1271 2426 1362 2454 neque
1388 2419 1517 2446 videbant
1542 2425 1572 2445 se
1596 2416 1772 2452 adoptionem

143 2465 188 2491 καὶ
202 2466 234 2492 ὲκ
243 2464 333 2501 πάσης
346 2465 435 2497 οἰκίας
450 2465 602 2502 εὐφροσύνη
615 2465 777 2502 ἀρθήσεται.
793 2474 802 2491 ι
813 2463 918 2499 Ἐχλεύο

984 2465 1114 2500 abjicere,
1129 2468 1159 2492 ut
1174 2465 1231 2501 ipse
1242 2469 1356 2493 testatur
1371 2465 1415 2492 his
1429 2464 1520 2492 verbis
1537 2473 1544 2491 :
1562 2472 1572 2489 ι
1590 2461 1676 2491 Filios
1689 2470 1772 2498 gene-

177 2543 200 2560 ¹²
219 2543 273 2571 lsa.
292 2551 333 2574 ιιι,
351 2544 383 2576 5,
402 2543 450 2571 1-4
500 2543 522 2560 ¹³
541 2542 642 2571 Jerem.
660 2551 724 2573 uv,
743 2543 768 2569 l.
808 2543 830 2558 ιδ
845 2542 909 2569 ibid.

969 2564 970 2569 η
1017 2542 1039 2558 ¹⁵
1051 2541 1122 2569 Psal.
1142 2549 1262 2576 Lxxvm,
1281 2543 1306 2570 Ι.

1346 2542 1368 2558 ¹⁶
1380 2541 1480 2569 Genes.
1497 2548 1572 2572 nix,
1586 2540 1629 2568 l0.
1669 2539 1691 2555 "
1701 2538 1772 2566 Osce

145 2586 182 2612 ιι,
199 2579 227 2608 9.
268 2579 289 2595 ’⁵
308 2579 391 2607 Mich.
410 2587 436 2612 ι,
454 2579 481 2607 8.
521 2579 542 2595 ¹⁹
562 2578 615 2606 lsa.
635 2587 658 2611 ι,
678 2579 721 2606 15.
761 2579 783 2594 '°
805 2578 856 2606 lsa.
875 2585 918 2604 xx:

987 2577 1037 2610 Η,
1056 2577 1099 2604 l2.

180 2668 244 2704 (651
260 2667 361 2704 Regius
382 2673 410 2696 et
426 2669 493 2696 edit.
507 2669 651 2701 Commel.,
668 2669 837 2700 Δαυῖτικοῦς.
858 2669 930 2696 Edit.

145 2711 211 2730 vero
230 2703 319 2731 Paris.
331 2709 358 2730 et
371 2705 428 2735 alii,
445 2704 602 2738 Δαὸιτικῆς.
616 2704 711 2735 Porro.
731 2705 769 2731 ait
780 2704 865 2737 Felc.,
892 2709 931 2731 est

146 2738 173 2764 in
197 2739 286 2765 codice
305 2739 419 2773 quodam
444 2739 748 2773 Biblioth.Arc/1ipalat.
768 2739 850 2766 codex
868 2747 932 2772 ms.,

147 2748 173 2764 ιιι
197 2748 286 2765 coatce
323 2748 419 2766 uoaam
444 2748 748 2773 blattam.Arcmpamt.
768 2748 850 2766 coaex
868 2748 932 2772 ms.,

147 2774 191 2807 qui
208 2775 276 2810 inter
289 2748 344 2800 αἵία
357 2775 470 2801 continet
484 2783 595 2810 quoque,
616 2774 712 2810 ἔρανον
727 2775 759 2801 ὲκ
773 2774 820 2801 τοῦ
835 2783 934 2810 χρυσο-

148 2809 295 2844 κεφαλαῐου
314 2810 362 2843 (εἰσ
380 2810 534 2836 inscribitur
559 2810 654 2844 absque
685 2810 832 2837 callectoris
847 2809 934 2836 nomi-

150 2844 190 2878 ne)
209 2845 237 2870 in
258 2844 420 2878 particulam
441 2845 580 2880 quamdam
596 2845 675 2879 primi
694 2852 754 2880 cap:
771 2844 858 2871 Luam.
882 2844 935 2880 Qui

152 2883 227 2906 unto
237 2879 270 2906 τίη
284 2879 332 2906 illa
348 2879 424 2906 verba
435 2887 444 2906 :
455 2879 486 2906 Et
502 2883 560 2907 erat
575 2880 601 2908 in
619 2880 715 2908 diebus
733 2879 847 2908 llerodis
863 2879 937 2913 regis

984 2668 1063 2697 Juda,
1080 2668 1148 2694 Imm:
1164 2667 1250 2694 locum
1262 2667 1299 2693 sic
1312 2665 1376 2692 citat
1388 2673 1398 2692 :
1416 2664 1574 2692 Ἀθανασίου
1589 2664 1628 2695 εἰς
1637 2661 1682 2689 τὸν
1693 2670 1772 2689 σταυ-

986 2704 1042 2740 ρύν.
1060 2700 1094 2738 ᾯ
1108 2703 1253 2740 ἀπόκειται.
1276 2702 1305 2740 ἡ-
1320 2700 1450 2740 defit-cmi)
1470 2699 1612 2740 βασιλεία,
1628 2698 1675 2740 καὶ
1692 2697 1773 2737 μέχρι

984 2733 1033 2773 τῆς
1048 2733 1206 2772 ἐπιφανείας
1225 2733 1435 2773 αύτοῦ-ἐςρθανεν
1445 2733 1591 2773 abantem
1605 2733 1724 2773 μᾴρτμρι
1731 2733 1779 2773 τῷ.

992 2741 1033 2773 τῆς
1048 2741 1206 2772 ἐπιφανείας
1225 2741 1306 2763 αὐτου
1323 2741 1435 2777 εφυανεν
1451 2741 1591 2776 αυτηκεπι.
1605 2741 1774 2803 μαρτυριτῳ

992 2773 1098 2805 Ἰακὼϐ,
1112 2773 1228 2807 λέγοντι’
1245 2772 1301 2807 Ούκ
1313 2770 1424 2806 ὲκλήψει
1442 2769 1505 2806 (ste)
1524 2770 1614 2805 ἅρχων
1630 2769 1643 2795 ὲ
1676 2768 1774 2799 ἰουοα,

986 2809 1036 2836 καὶ
1047 2808 1081 2834 τὰ
1095 2808 1166 2843 ξξῆς.
1187 2806 1253 2833 Ηατ
1264 2806 1310 2843 ibi.

1022 2845 1029 2873 ί
1034 2843 1077 2879 66)
1097 2841 1208 2878 Regius,
1226 2841 1376 2878 χαίροντες.
