1915 3057
157 159 211 188 263

729 157 758 186 S.
779 156 1013 186 ATHANASIUS.
1034 171 1069 178 —-
1089 155 1203 185 DUBIA.

1736 153 1792 182 ΞΗ

158 221 217 249 ravi
239 226 266 249 et
287 221 420 253 exaltavi,
439 220 491 255 ipsi
513 223 604 248 autem
629 225 793 262 spreverunt
816 227 859 248 me
881 220 915 246 ²¹.
935 229 944 246 ι

999 219 1045 251 ζον
1062 219 1107 246 τὸν
1121 218 1234 254 Κύριον,
1249 218 1287 249 ὡς
1303 217 1366 244 Υίὸν
1380 216 1460 251 Θεοῦ,
1475 216 1522 243 καὶ
1536 216 1585 243 οὐκ
1598 215 1712 242 ἔϐλεπον
1726 216 1793 243 ἀπο-

158 267 192 294 Εῑ
211 276 219 294 :
241 276 250 293 1
271 266 341 294 Ecce
353 266 517 301 relinquitur
529 265 617 301 hvobis
641 265 740 294 domus
766 269 858 294 vestra
880 265 912 291 “.
934 274 943 290 ι

156 310 293 339 Potabant
308 319 370 339 eum
392 316 469 339 aceto
485 314 513 338 et
535 310 607 344 felle,
625 311 673 339 sed
683 311 735 338 hac
750 311 777 337 in
795 318 825 339 re
838 318 947 346 quoque

158 357 237 384 valde
251 358 326 385 caeci.
336 356 403 384 Nam
418 356 489 385 Deus
504 357 610 384 vineam
626 365 659 384 ex
668 356 785 393 {Egypto
798 357 946 385 transtule-

156 407 211 436 rat,
236 407 262 430 et
286 403 457 438 plantaverat
484 403 569 434 illam.
594 407 621 431 et
650 403 819 438 exspectavit
841 411 875 431 ex
900 403 947 430 illa

157 456 188 476 se
207 453 400 484 percepturum
414 448 547 482 fructum,
561 456 641 476 uvam
660 452 687 476 et
703 449 795 476 vinum
815 459 821 476 :
838 449 877 476 illi
895 457 946 476 au-

155 498 211 522 tem
231 494 391 530 insipientes
409 502 458 530 pro
472 495 536 522 vino
554 499 671 526 acetum,
688 502 738 529 pro
760 502 812 522 uva
834 495 868 523 fel
883 495 947 523 red-

157 541 251 569 didere
269 550 275 568 :
294 545 484 577 argumentum
501 550 567 570 sane
585 541 759 570 Sodomitica:
775 550 832 570 suae
844 543 946 578 impro-

155 587 248 615 bitatis
265 587 447 622 exhibentes;
461 588 519 623 82
541 588 649 616 illorum
671 589 742 617 enim
765 597 817 616 uva
838 589 873 616 fel
892 592 944 623 est,

155 638 185 660 ut
207 634 235 660 in
254 633 466 661 Deuteronomio
485 634 618 669 scriptum
638 639 680 662 est
697 635 730 663 ’³.
746 635 809 663 ldeo
827 643 946 670 namque

154 678 289 707 Dominus
303 684 329 707 et
347 679 472 707 Salvator
487 684 596 712 noster,
619 688 681 708 cum
702 682 786 709 sciret
808 682 945 717 ejusmodi

155 724 277 752 fructum
293 726 327 753 ab
344 726 398 753 illis
411 730 608 761 proventurum
619 747 625 758 ,
642 727 768 762 praedixit
791 728 845 756 illis
866 735 945 763 para-

154 772 246 799 bolam
275 772 349 804 vitis,
378 776 405 800 et
432 773 505 808 quod
532 773 566 800 ab
589 773 643 801 illis
669 773 847 802 auferendum
872 778 945 803 esset

154 826 268 855 regnum
297 819 450 852 caelorum,
479 819 697 855 tradendumque
731 820 804 855 genti
834 819 944 848 facienti

154 865 263 893 fructus
282 865 352 900 ejus.
369 865 409 892 Ad
429 866 497 897 haec,
523 866 641 893 divisere
660 866 837 893 carniﬁcibus
859 867 943 894 vesti-

1002 265 1160 301 ὕαλλόμενοι
1172 264 1221 300 τὴν
1232 263 1368 290 υἱοθεσίαν
1383 262 1450 299 (67),
1466 263 1504 294 ὡς
1518 261 1598 294 αὐτὸς
1611 262 1793 298 διαμαρτύρο-

999 320 1045 339 ται
1060 311 1147 346 λέγων
1157 319 1163 327 '
1180 321 1189 337 1
1204 310 1286 342 Υίοὺς
1302 301 1433 344 ὲγέννὴσα
1444 310 1491 335 καὶ
1502 307 1608 343 ὕψωσα,
1625 308 1701 334 αὐτοὶ
1712 308 1740 335 δέ
1754 317 1791 344 με

999 358 1151 393 ἠθέτησαν·
1168 367 1177 384 i
1195 358 1252 389 καὶ,
1267 367 1277 382 1
1289 356 1354 383 Ἰδοὺ
1369 355 1479 390 ἀφίεται
1490 355 1554 390 ὑμῖν
1569 355 1583 381 ὸ
1598 352 1671 387 οἶκος
1684 354 1788 390 ὑμῶν.»

1007 403 1145 436 Ἐπότιζον
1158 403 1239 430 αὐτὸν
1252 403 1312 436 ὅξος
1327 403 1375 429 καὶ
1389 402 1480 438 χολὴν,
1495 400 1563 427 ἀλλὰ
1574 401 1621 428 καὶ
1633 400 1711 428 τοῦτο
1723 401 1790 435 σφό-

999 450 1051 486 δρα
1071 449 1171 484 τυφλὸν
1188 448 1248 475 κατ’
1265 447 1365 474 αὐτῶν.
1385 447 1414 473 Ὁ
1435 446 1484 482 μὲν
1496 445 1560 483 Ιγὰρ
1581 445 1646 476 Θεὸς
1668 444 1791 480 ἄμπελον

1000 496 1030 529 ἐξ
1052 495 1190 530 Αἰγύπτου
1210 494 1322 530 μετῆρε,
1345 493 1392 520 καὶ
1415 492 1616 527 κατεφύτευσεν
1629 491 1725 527 αὐτὴν,
1741 491 1791 519 καὶ

1000 542 1148 578 περιέμενε
1163 541 1209 568 τοῦ
1225 540 1318 568 λαϐεῖν
1335 539 1400 576 παρ’
1415 539 1505 566 αὐτῶν
1525 538 1570 565 τὸν
1593 538 1709 574 καρπὸν,
1724 546 1790 564 στα-

999 589 1086 623 φυλὴν
1102 588 1150 614 καὶ
1161 585 1232 614 οἶνον
1242 596 1248 602 -
1265 587 1289 614 οἱ
1302 587 1331 613 δὲ
1344 586 1470 621 ἄφρονες,
1485 585 1545 612 ἀντὶ
1561 584 1631 611 οῐνου
1645 583 1715 617 ὅξος,
1729 584 1791 611 ἀντὶ

999 635 1027 661 δὲ
1050 634 1186 669 σταςρυλῆς
1210 633 1291 669 χολὴν
1315 632 1463 664 ἐπεδίδουν,
1485 631 1630 667 γνώρισμα
1652 631 1702 666 τῆς
1718 630 1790 657 κατὰ

999 679 1146 715 Σοδομίτας
1168 679 1256 706 αὐτῶν
1273 678 1371 709 κακίας
1385 677 1579 712 ἐμφαίνοντες·
1603 676 1649 702 καὶ
1672 675 1727 711 γὰρ
1741 676 1791 702 αὒ-

998 725 1053 752 τῶν
1068 727 1085 761 ἡ
1103 725 1224 760 σταφυλὴ
1238 724 1302 760 χολή
1318 725 1386 756 ἐστι,
1400 722 1470 750 κατὰ
1483 723 1517 749 τὰ
1534 723 1563 749 ὲν
1578 721 1617 757 τῷ
1631 722 1791 757 Δευτερονο-

1001 772 1054 807 μίῳ
1066 771 1256 806 γεγραμμένα.
1271 770 1320 797 Διὰ
1332 769 1411 796 τοῦτο
1426 769 1481 804 γὰρ
1494 770 1508 795 ὁ
1522 767 1624 804 Κύριος
1637 768 1683 794 καὶ
1694 767 1790 803 Σωτὴρ

999 817 1088 852 ἡμῶν,
1104 817 1181 848 εἰδὼς
1194 816 1239 843 τὸν
1256 816 1320 851 παρ’
1336 814 1425 842 αὐτῶν
1443 814 1572 849 ἐσόμενον
1588 813 1709 840 τοιοῦτον
1722 821 1791 848 καρ-

999 864 1059 893 πὸν,
1078 862 1225 898 προέλεγεν
1244 862 1336 893 αὐτοῖς
1354 861 1402 895 τὴν
1421 860 1576 897 παραϐολὴν
1591 859 1638 886 τοῦ
1659 859 1791 895 ἀμπελῶ-

155 916 259 944 menta,
274 911 362 946 ignari
377 911 521 938 divisionis
533 911 769 947 dispersionisque
782 911 881 938 futurae
895 912 944 939 sibi

999 920 1053 943 νος,
1066 911 1113 938 καὶ
1124 910 1165 936 ὅτι
1178 909 1327 945 ἀρθήσεται
1342 908 1388 942 ἀφ’
1403 907 1478 943 ὑμῶν
1492 907 1546 943 (68)
1563 907 1579 942 ἡ
1599 906 1721 942 βασιλεία
1734 906 1790 933 τῶν

154 957 226 985 inter
240 961 335 992 gentes
355 966 364 985 ε
384 957 422 984 ait
444 958 517 984 enim
533 958 664 993 propheta
688 968 695 985 :
720 967 729 984 1
752 957 822 985 Ecce
835 958 945 986 venient

154 1004 214 1032 dies
239 1003 357 1036 Domini,
382 1008 409 1031 et
435 1003 592 1032 dividentur
614 1004 701 1039 spolia
726 1008 772 1031 tua
802 1004 829 1031 in
856 1008 892 1032 te.
912 1003 945 1031 Et

153 1049 325 1085 eongregabo
344 1056 440 1076 omnes
464 1053 559 1084 gentes
583 1049 617 1076 ad
641 1048 792 1076 Jerusalem
818 1049 847 1076 in
874 1056 946 1084 pra:-

153 1095 231 1130 lium,
247 1100 274 1123 et
295 1096 419 1131 capietur
441 1096 547 1129 civitas,
566 1099 593 1123 et
613 1095 776 1130 diripientur
791 1095 901 1128 domus,
917 1099 945 1123 et

152 1142 283 1170 mulieres
300 1142 515 1170 violabuntur“.
530 1151 540 1168 ›
551 1141 586 1168 Et
603 1149 730 1169 rursum:
743 1151 752 1168 1
765 1141 843 1169 Nunc
853 1149 945 1169 come-

153 1189 199 1216 det
223 1188 322 1224 rubigo
339 1192 428 1216 sortes
448 1195 543 1216 eorum
556 1189 590 1215 *³.
609 1197 618 1214 ι
637 1187 671 1215 Ει
690 1194 720 1216 ut
731 1188 857 1217 Michaeas
877 1188 914 1215 ait
936 1198 942 1215 :

156 1245 165 1261 1
186 1233 216 1262 ιιι
234 1234 281 1261 illa
295 1234 340 1261 die
355 1237 479 1262 sumetur
491 1241 575 1268 super
590 1241 639 1261 vos
654 1234 793 1268 parabole,
809 1238 837 1261 et
852 1234 944 1269 plora-

153 1286 200 1310 tus
219 1288 282 1308 cum
301 1280 420 1312 cantico,
437 1279 481 1308 his
498 1280 590 1307 verbis
611 1289 618 1306 :
635 1279 771 1306 Erumna
787 1287 944 1308 aerumnosa

152 1327 225 1355 facta
240 1330 282 1354 est
299 1327 388 1362 portio
408 1326 501 1362 p0puli
522 1326 586 1359 mei,
598 1325 722 1354 funiculo
741 1326 859 1354 dimensi
879 1330 944 1354 sunt

152 1373 239 1405 illam,
258 1380 309 1400 nec
325 1376 384 1400 erat
399 1372 444 1407 qui
459 1372 602 1407 impediret
616 1380 678 1400 eum
696 1380 730 1400 ne
750 1376 919 1400 averteretur
935 1383 941 1399 :

152 1426 234 1454 agros
255 1422 361 1446 vestros
384 1418 498 1446 dimensi
520 1422 585 1446 sunt
601 1418 634 1445 ’⁸.
653 1428 662 1445 ι
682 1418 715 1445 Ει
736 1423 765 1446 ut
781 1419 943 1454 compendio

152 1466 255 1498 dicam,
272 1465 403 1493 adversus
420 1464 566 1492 Dominum
581 1465 653 1496 ausi,
675 1472 753 1492 suam
773 1464 824 1499 ipsi
847 1468 943 1492 contra

153 1520 214 1540 sese
235 1511 420 1547 provocabant
439 1511 521 1543 diem,
539 1518 621 1547 quam
639 1511 764 1546 praedixit
780 1511 912 1546 propheta
934 1520 941 1539 :

154 1567 165 1585 1
188 1557 251 1586 Dies
274 1557 347 1586 enim
373 1556 471 1593 judicii
495 1556 613 1589 Domini,
636 1556 826 1584 retributionis
844 1556 942 1591 judicii

998 957 1131 994 οὐρανῶν,
1147 957 1193 984 καὶ
1208 956 1349 992 δοθήσεται
1365 955 1435 982 ἔθνει
1453 954 1574 981 ποιοῦντι
1590 955 1652 986 τοὺς
1665 953 1790 990 καρποὺς

999 1004 1095 1039 αὐτῆς,
1108 1003 1181 1039 Πρὸς
1193 1001 1296 1033 τούτοις
1309 1001 1418 1037 διήρουν
1438 1000 1472 1028 τὰ
1486 1000 1582 1037 ἱμάτια
1598 1001 1653 1032 τοῖς
1670 1000 1788 1036 δημίοις,

998 1050 1047 1085 οὐχ
1063 1049 1180 1086 ὁρῶντες
1194 1050 1240 1076 τὸν
1262 1049 1322 1076 κατ’
1339 1049 1427 1076 αὐτῶν
1442 1050 1471 1076 ὲν
1486 1050 1543 1080 τοῖς
1557 1048 1645 1076 ἔθνεσι
1661 1048 1791 1083 γιγνόμε-

998 1105 1042 1123 νον
1067 1095 1200 1131 μερισμόν
1218 1094 1288 1130 (69)·
1306 1095 1372 1130 φησὶ
1392 1094 1446 1130 γὰρ
1467 1095 1481 1120 ὁ
1505 1094 1664 1130 προφήτης·
1692 1102 1701 1119 1
1723 1093 1790 1120 Ἰδοὺ

999 1141 1102 1178 ἡμέραι
1120 1141 1247 1177 ἐρχοντα.
1273 1140 1320 1167 τοῦ
1343 1140 1457 1176 Κυρίου,
1479 1140 1526 1167 καὶ
1548 1139 1790 1176 διαμερισθήσεται

998 1188 1033 1215 τὰ
1045 1188 1130 1215 σκύλα
1145 1197 1191 1215 σου
1215 1189 1244 1215 ὲν
1261 1187 1312 1214 σοί.
1332 1187 1386 1214 Καὶ
1399 1185 1553 1219 ὲπισυνάξω
1569 1187 1658 1213 πάντα
1677 1186 1711 1212 τὰ
1725 1185 1788 1221 ἔθνη

998 1237 1038 1267 είς
1061 1235 1179 1270 πόλεμον
1199 1235 1240 1266 είς
1261 1234 1439 1270 Ἰερουσαλὴμ
1457 1233 1524 1268 (70),
1546 1233 1593 1260 καὶ
1615 1232 1748 1260 ἁλώσεται
1770 1233 1788 1268 ἡ

998 1282 1085 1314 πόλις,
1103 1282 1151 1308 καὶ
1166 1281 1399 1317 διαρπαγήσονται
1413 1281 1441 1306 at
1451 1281 1546 1313 οἰκίαι,
1560 1280 1607 1306 καὶ
1620 1280 1648 1306 αἱ
1662 1280 1790 1314 γυναῖκες

999 1330 1226 1366 μολυνθήσονταιο
1248 1339 1257 1356 ι
1276 1330 1323 1356 καὶ
1340 1328 1438 1355 πάλιν·
1465 1337 1474 1354 1
1496 1327 1554 1354 Νῦν
1571 1327 1758 1362 καταφάγεται
1772 1326 1789 1361 ἡ

997 1376 1108 1412 ὲρυσίὸη
1124 1376 1180 1411 (71)
1197 1376 1260 1407 τοὺς
1274 1375 1392 1410 κλήρους
1403 1374 1507 1402 αὐτῶν·
1520 1383 1529 1400 ι
1546 1374 1593 1401 καὶ
1607 1373 1699 1405 καθὼς
1711 1374 1725 1399 ὁ
1737 1373 1790 1399 Μι-

996 1421 1078 1457 χαίας
1093 1421 1173 1456 φησί·
1193 1429 1202 1446 1
1220 1420 1259 1456 Τῇ
1274 1420 1365 1457 ἡμέρᾳ.
1375 1419 1467 1456 ἐκείνῃ
1481 1418 1648 1454 ληφθήσεται
1661 1417 1702 1452 ἐφ’
1717 1417 1790 1452 ὑμᾶς

998 1465 1151 1502 παραϐολὴ,
1174 1466 1222 1492 καί
1246 1466 1411 1502 θρηνήσεται
1433 1463 1529 1500 θρῆνος
1551 1463 1650 1499 ἐμμεεὶ
1672 1463 1726 1499 (72)
1744 1462 1790 1489 λέ-

997 1521 1052 1547 γων
1060 1521 1066 1528 ·
1075 1512 1252 1548 Ταλαιπωρία
1260 1510 1466 1547 ὲταλαιπώρησε
1477 1510 1555 1546 μερὶς
1564 1510 1628 1536 λαοῦ
1641 1518 1702 1545 μου,
1710 1517 1791 1536 κατε-

999 1558 1121 1594 μετρήθη
1140 1559 1169 1585 ὲν
1192 1557 1309 1595 σχοινὶῳ,
1342 1558 1392 1584 οὐκ
1413 1555 1447 1593 ἦν
1469 1558 1483 1584 ὁ
1500 1556 1611 1583 κωλύων
1630 1556 1712 1582 αὐτὸν
1742 1555 1789 1582 τοῦ

153 1603 231 1632 Sion.
257 1603 290 1630 Et
316 1607 512 1631 convertentur
535 1603 620 1631 valles
644 1603 672 1630 in
701 1603 800 1638 picem,
821 1606 849 1630 et
871 1606 944 1630 terra

999 1604 1184 1641 ἀποστρέψαι·
1206 1605 1231 1631 οί
1255 1604 1335 1639 ἀγροὶ
1352 1604 1428 1639 ὑμῶν
1451 1603 1677 1639 διεμετρήθησαν.
1701 1612 1711 1629 i
1728 1602 1790 1638 (Καὶ

150 1650 212 1684 ejus
238 1650 267 1677 in
293 1650 418 1685 sulphur.
442 1649 556 1685 Eritque
581 1653 653 1677 terra
677 1657 773 1676 eorum
795 1649 875 1684 quasi
898 1649 944 1684 pix

152 1696 253 1724 ardens
268 1702 348 1724 nocte
368 1701 395 1724 et
414 1697 468 1728 die,
482 1700 509 1724 et
521 1704 575 1723 non
591 1695 782 1731 exstinguetur
798 1696 825 1723 in
844 1696 945 1731 sempi-

151 1749 272 1775 ternum,
295 1743 477 1779 ascendetque
494 1743 585 1770 fumus
606 1743 666 1777 ejus
691 1750 812 1770 sursum.
834 1741 897 1769 Haec
917 1742 944 1769 in

151 1789 355 1825 generationem
370 1789 552 1821 desolabitur,
571 1792 598 1816 et
618 1788 781 1815 habitabunt
797 1788 825 1815 in
847 1796 880 1815 ea
897 1796 945 1815 vo-

152 1835 243 1861 lucres
264 1837 291 1861 et
308 1833 440 1866 erinacei,
455 1838 482 1861 et
496 1833 584 1860 ibides
600 1836 628 1860 et
646 1833 732 1860 corvi.
751 1832 784 1859 Et
799 1832 945 1859 inducetur

151 1880 181 1906 in
199 1886 259 1907 eam
280 1879 421 1907 funiculus
442 1879 599 1914 geometriae
611 1879 707 1912 eremi,
723 1882 750 1906 et
765 1879 944 1906 onocentauri

152 1925 318 1952 habitabunt
348 1925 377 1952 in
409 1932 451 1952 ea.
482 1924 627 1960 Principes
657 1924 718 1959 ejus
750 1933 805 1952 non
834 1929 943 1958 erunt;

150 1978 230 2005 reges
254 1974 282 1998 et
310 1975 452 2005 magnates
478 1970 538 2005 ejus
560 1974 641 1998 erunt
671 1971 699 1998 in
724 1970 883 2006 perniciem.
912 1970 945 1997 Et

152 2017 328 2052 pullulabunt
346 2018 374 2045 in
394 2017 553 2044 civitatibus
572 2017 632 2052 ejus
652 2017 725 2052 ligna
745 2017 851 2052 spinea,
869 2020 897 2044 et
917 2017 944 2043 in

151 2063 289 2099 praesidiis
305 2063 375 2098 ejus.
395 2062 430 2090 Et
447 2063 500 2090 erit
515 2063 654 2091 stabulum
670 2063 804 2095 sirenum,
819 2067 847 2090 et
863 2066 945 2098 tugu-

150 2111 222 2138 rium
243 2110 443 2141 struthionum,
458 2113 485 2137 et
504 2114 650 2137 occurrent
665 2109 799 2136 daemonia
824 2115 945 2136 onocen-

150 2157 249 2191 tauris,
268 2160 296 2184 et
308 2156 467 2184 clamabunt
489 2156 558 2183 alter
579 2155 613 2183 ad
634 2155 761 2183 alterum.
786 2153 825 2182 lbi
853 2154 945 2189 requi-

149 2206 246 2231 oscent
262 2202 443 2236 onocentauri
457 2211 463 2228 :
479 2201 644 2229 invenerunt
662 2200 734 2228 enim
743 2200 795 2228 sibi
812 2200 942 2235 requiem.

149 2247 190 2275 lbi
207 2247 301 2275 nidum
319 2247 384 2275 fecit
401 2247 557 2281 erinaceus,
571 2251 599 2274 et
613 2246 733 2274 servavit
745 2250 818 2274 terra
831 2253 944 2280 campos

150 2302 217 2322 suos
228 2301 292 2322 cum
303 2293 451 2322 securitate
463 2293 496 2322 ’⁷.
513 2303 523 2319 ›

997 1651 1134 1678 συνελόντι
1156 1651 1269 1687 φράσαι,
1293 1651 1479 1686 τολμήσαντες
1507 1650 1577 1677 κατὰ
1602 1649 1649 1676 τοῦ
1675 1649 1789 1685 Κυρίου,

995 1697 1056 1723 καθ’
1078 1696 1181 1722 ἑαυτῶν
1197 1696 1245 1731 τὴν
1265 1696 1374 1732 ἡμέραν
1397 1696 1642 1732 προσεκαλέσαντο,
1665 1695 1698 1730 ἣν
1721 1703 1790 1731 προ-

995 1743 1071 1777 έλεγε
1086 1743 1133 1769 καὶ
1151 1742 1166 1768 ὁ
1185 1742 1345 1778 προφήτης³
1367 1752 1376 1768 1
1398 1742 1504 1778 Ἡμέρα
1525 1742 1577 1778 γὰρ
1599 1742 1716 1777 κρίσεως
1731 1742 1791 1768 Κυ-

996 1789 1066 1824 ρίου,
1089 1788 1294 1820 ἀνταποδόσεως
1310 1788 1429 1824 κρίσεως
1448 1788 1527 1815 Σιών.
1545 1789 1600 1815 Καὶ
1621 1789 1791 1824 στραφήσον-

994 1844 1040 1862 ται
1063 1835 1092 1861 αἱ
1113 1835 1255 1870 φάραγγες
1284 1835 1324 1866 είς
1350 1835 1460 1867 πίσσαν,
1479 1835 1556 1870 καὶὴ
1580 1834 1616 1871 γῆ
1641 1834 1725 1870 αὐτῆς
1749 1835 1791 1867 είς

996 1882 1077 1909 θεῖον.
1095 1882 1151 1908 Καὶ
1167 1881 1243 1907 ἐσται
1259 1882 1276 1916 ἡ
1294 1881 1330 1916 γῆ
1347 1882 1430 1917 αὐτῆς
1449 1882 1487 1913 ὼς
1498 1881 1581 1908 πίσσα
1596 1881 1728 1916 καιομένη
1745 1889 1791 1907 νυ-

995 1928 1058 1960 κτὸς
1072 1929 1118 1955 καὶ
1133 1928 1248 1964 ἡμέρας,
1269 1929 1316 1955 καὶ
1329 1929 1360 1954 οὐ
1383 1928 1562 1963 σϐεσθήσεται
1587 1928 1627 1959 εἰς
1642 1927 1688 1954 τὸν
1704 1927 1790 1954 αἰῶνα

995 1974 1100 2009 χρόνον,
1109 1975 1156 2002 καὶ
1165 1974 1330 2009 ἀναϐήσεται
1341 1974 1355 1999 ὁ
1366 1974 1468 2006 καπνὸς
1477 1975 1562 2010 αὐτῆς
1572 1974 1637 2001 ἄνω.
1647 1973 1721 2009 Αὕτη
1733 1972 1788 2009 (73)

995 2022 1034 2052 είς
1046 2020 1143 2055 γενεὰν
1157 2020 1378 2056 ἐρημωθήσεται,
1393 2021 1440 2047 καὶ
1453 2021 1661 2056 κατοικήσουσιν
1675 2020 1703 2046 ἐν
1719 2019 1788 2055 αὐτῇ

995 2066 1078 2101 ὄρνεα
1099 2067 1146 2094 κα¹ι
1164 2067 1258 2102 ἐχῖνοι,
1276 2066 1323 2093 καὶ
1341 2066 1419 2099 ἴὸεις,
1444 2066 1491 2093 καὶ
1509 2066 1635 2102 κόρακες.
1655 2066 1711 2092 Καὶ
1730 2066 1791 2092 ἐπι-

996 2111 1162 2148 ϐληθήσεται
1177 2113 1222 2139 ἐπ’
1234 2113 1319 2150 αὐτὴν
1341 2113 1472 2148 σπαρτίον
1485 2112 1657 2149 γεωμετρίας
1672 2113 1789 2148 ἐρήμου,

996 2159 1043 2185 καὶ
1065 2158 1254 2193 ὀνοκένταυροι
1277 2159 1434 2194 οίκήσουσιν
1457 2159 1485 2184 ὲν
1509 2158 1588 2194 αὐτῇ.
1606 2159 1645 2193 i0i
1661 2158 1791 2194 ἄρχοντες

996 2203 1082 2239 αὐτῆς
1096 2203 1146 2230 οὐκ
1160 2203 1282 2231 ἔσονται·
1299 2204 1347 2231 καὶ
1362 2205 1386 2230 οἱ
1399 2204 1519 2239 βασιλεῖς
1533 2204 1579 2231 καὶ
1593 2205 1617 2231 ot
1629 2206 1792 2240 μεγιστᾶνες

997 2250 1082 2285 αὐτῆς
1098 2249 1205 2277 ἔσονται
1221 2251 1263 2282 είς
1281 2250 1432 2278 ἀπώλειαν.
1453 2251 1508 2277 Καὶ
1524 2250 1657 2286 ἀναφύσει
1679 2252 1720 2284 είς
1740 2251 1791 2284 τὰς

997 2293 1089 2325 πόλεις
1103 2294 1188 2330 αὐτῆς
1207 2294 1341 2321 ἀκάνθινα
1355 2295 1430 2328 ξύλα,
1448 2295 1495 2323 καὶ
1510 2296 1551 2328 είς
1571 2296 1605 2323 τὰ
1624 2296 1792 2332 ὀχυρώματα

149 2343 316 2379 αὐτῆςΚαΣ
329 2342 406 2370 ἔσται
437 2342 552 2374 ἔπαυλις
566 2342 700 2378 σειρήνων
718 2341 765 2368 καὶ
800 2341 868 2378 αύλὴ
887 2342 1034 2378 στρουθῶν,
1056 2346 1101 2370 καὶ
1123 2344 1319 2379 συναντήσουσι
1351 2343 1477 2380 δαιμόνια
1507 2344 1721 2381 ὀνοκενταύροις,
1743 2346 1792 2372 καὶ¹

151 2391 295 2427 βοήσουσιν
311 2391 404 2434 ἕτερος
415 2391 483 2428 πρὸς
497 2391 543 2418 τὸν
557 2391 659 2426 ἕτερον.
680 2392 754 2418 Ἑκεῖ
769 2390 971 2422 ἀναπαύσονται
985 2391 1189 2428 ὀνοκένταυροι·
1205 2389 1283 2428 εὗρον
1313 2391 1368 2431 γὰρ
1398 2393 1489 2425 αὐτοῖς
1514 2392 1677 2420 ἀνάπαυσιν.
1717 2392 1792 2419 Ἐκεῖ

150 2439 309 2467 ὲνόσσευσεν
324 2439 421 2474 ἐχῖνος,
435 2440 483 2465 καὶ
498 2438 599 2466 ἔσωσεν
622 2439 638 2474 ἡ
653 2439 688 2474 γῆ
703 2439 737 2466 τὰ
753 2438 832 2464 πεδία
853 2438 937 2473 αὐτῆς
953 2439 1021 2473 μετὰ
1034 2439 1194 2474 ἀσφαλείας.
1207 2448 1217 2465 ι

186 2487 230 2513 55.
251 2485 284 2513 In
307 2486 357 2514 has
379 2487 550 2514 calamitates
577 2485 735 2514 inciderunt
759 2485 856 2518 Judzei,
881 2493 944 2513 cum

151 2536 280 2569 putarent
305 2540 336 2560 se
361 2533 507 2564 Dominum
530 2533 656 2560 occidere
680 2542 687 2559 :
710 2532 768 2559 haec
797 2533 943 2560 adversum

151 2586 182 2607 se
207 2582 402 2614 provocarunt,
426 2579 491 2606 dum
515 2579 666 2606 clamarent
688 2578 715 2606 in
739 2578 909 2606 Salvatorem
936 2588 943 2606 :

188 2658 210 2674 ¹¹
233 2658 284 2686 lsa.
310 2657 376 2690 I,2.
423 2658 445 2674 "
465 2656 560 2684 Matth.
592 2665 680 2690 mu,
711 2656 756 2684 58.

153 2693 176 2709 ’⁸
197 2692 279 2721 Mich.
297 2701 328 2726 ιι,
345 2693 379 2726 4,
397 2693 425 2721 5.
463 2693 485 2708 ’τ
504 2692 556 2722 lsa.
575 2700 668 2725 xxxw,
696 2692 776 2720 ,8-15.

263 2779 441 2816 βθςῗμε,ντῆς
452 2780 604 2816 υἱοθεσίας.

263 2814 439 2858 Ηοίὶοεὶυεκ
450 2815 520 2842 Editi
534 2815 670 2858 νοτυς-ἀφ’
682 2815 771 2856 ἡμῶν.

188 2849 245 2885 (69)
264 2849 372 2885 Regius
389 2850 474 2878 codex
495 2858 521 2878 et
539 2850 646 2886 Anglic.
668 2849 828 2885 γιγνόμενον
846 2851 940 2887 Stupe-

154 2885 259 2927 σισμόν.
278 2886 350 2915 Editi
366 2893 439 2922 vero,
457 2885 616 2925 γιγνόμενον
631 2885 774 2924 μερισμόν.

821 2656 844 2673 ³³
863 2655 943 2684 Deut.
972 2664 1060 2690 xxxu,
1091 2656 1136 2685 12.

1033 2486 1077 2514 55.
1099 2487 1192 2514 Ταῦτα
1214 2487 1380 2515 πεπόνθασιν
1393 2488 1418 2514 ot
1436 2488 1568 2521 Ἰουδαῖοι,
1589 2489 1731 2521 δοκοῦντες
1744 2489 1792 2516 τὸν

997 2533 1101 2569 Κύριον
1116 2533 1305 2562 ἀποκτείνειν·
1322 2534 1410 2561 ταῦτα
1433 2535 1493 2561 καθ’
1516 2535 1620 2563 ἑαυτῶν
1641 2536 1792 2571 προεκαλέ-

997 2587 1090 2612 σαντο,
1106 2579 1222 2614 βοῶντες
1236 2579 1308 2607 κατὰ
1320 2580 1367 2608 τοῦ
1387 2581 1527 2617 Σωτῆρος·
1545 2582 1574 2608 ὲν
1592 2581 1698 2613 τούτοις
1710 2590 1791 2608 κατε-

1189 2657 1212 2673 ⁸⁸
1241 2657 1357 2685 Zachar.
1382 2666 1440 2692 xxv,
1458 2659 1471 2686 1
1483 2679 1491 2693 ,
1508 2659 1535 2686 2·.
1588 2658 1611 2675 ¹¹
1630 2658 1701 2688 Osee
1717 2667 1744 2693 v,
1763 2658 1787 2687 7.

1035 2780 1091 2822 (Z9)
1111 2780 1280 2822 βεεὲυειὲπὶ
1297 2780 1487 2822 ἷιξρουεαλήμς

1046 2816 1089 2857 ῃ)
1166 2816 1268 2857 Regius
1279 2819 1306 2843 et
1319 2816 1426 2857 huglic.
1443 2816 1517 2857 Editi
1532 2823 1607 2857 vero.
1623 2817 1751 2857 ὲρυσιμιι.

1044 2851 1087 2887 22)
1100 2883 1102 2886 τ
1115 2851 1238 2887 ’ῌμμεεί,
1254 2851 1386 2878 mendose
1398 2859 1449 2886 pro
1463 2853 1492 2878 ἐν
1512 2851 1599 2887 μέλει.

1030 2885 1087 2924 (75)
1108 2885 1183 2925 Αῠτή
1196 2887 1273 2916 deest
1287 2887 1315 2915 in
1328 2885 1490 2926 Anglicano.
