1915 3057
108 142 161 170 Ξιὸ

623 146 668 174 DE
688 146 857 175 PASSIONE
877 148 920 176 ET
941 149 1056 179 CRUCE
1076 135 1211 180 υοιιιΝιζ

1681 153 1733 181 246

109 202 242 239 κρίθησαν
268 203 432 239 θελήσαντες
455 205 546 240 κρῖναι
571 205 616 233 τὸν
642 207 753 242 Κύριον.
780 208 834 234 Καί
855 217 897 244 μοι

952 211 980 238 in
1005 211 1049 239 his
1075 211 1198 239 damnati
1220 215 1293 244 sunt,
1327 211 1391 239 dum
1424 213 1523 240 vellent
1551 213 1733 243 condemnare

109 248 250 284 παρελθὼν
263 249 276 275 6
289 249 449 285 βουλόμενος
461 251 581 285 γενέσθω
590 252 729 288 δικαστὴς,
740 254 789 280 οὐκ
801 253 831 286 ἐξ
842 255 896 289 (Ἠ)

109 294 220 329 ἀφανῶν
242 296 423 331 πραγμάτων,
447 296 504 323 ἀλλ’
529 297 561 324 ἐκ
587 297 641 325 τῶν
663 299 830 334 γιγνομένων
849 300 897 336 τὴν

108 340 236 376 ἀλήθειαν
253 341 488 377 ἀναλογιζόμενος.
514 343 569 370 Καὶ
589 345 734 377 σκοπείτω,
753 345 794 376 τίς
812 345 861 380 μὲν
884 347 898 372 6

107 386 155 414 τοῦ
173 387 314 423 Κυριακοῦ
328 387 442 415 θανάτου
463 389 581 425 καρπὸς,
598 390 624 416 τί
643 390 670 416 δὲ
689 392 738 426 τῆς
753 391 898 427 ὲπιὸουλῆς

108 432 162 459 τῶν
181 433 313 460 Ἰουδαίων
334 434 364 460 τὸ
389 435 493 470 κέρδος.
513 436 542 462 Ὀ
565 436 614 471 μὲν
634 436 688 473 γὰρ
712 437 825 469 Θάνατος
850 438 896 464 τοῦ

109 479 235 515 Σωτῆρος
251 480 300 515 τὴν
327 481 487 517 οἰκουμένην
508 483 688 518 ἠλευθέρωσε,
705 484 752 510 καὶ
776 484 810 510 τὰ
833 484 895 520 ἔθνη

108 524 153 552 τὸν
173 525 240 552 Θεὸν
261 525 401 558 ἐδόξασεν·
424 528 438 553 6
460 527 488 554 δὲ
511 528 565 554 τῶν
585 528 718 555 Ἰουδαίων
742 529 825 564 θυμὸς
849 530 897 556 σὺν

108 571 199 602 αὐτοῖς
217 573 274 603 τοῖς
296 572 433 605 Ἰουδαίοις
455 573 579 600 ἀπώλεσε
601 575 647 601 καὶ
666 575 716 610 τὴν
740 576 827 608 πόλιν,
851 577 898 602 καὶ

108 618 156 651 τῆς
168 616 334 650 ϐεογνωσίας
348 618 445 650 αὐτοὺς
462 619 610 654 ἐτύφλωσε.
624 621 679 646 Καὶ
691 622 704 647 ὁ
719 621 768 656 μὲν
784 622 897 654 Θάνατος

107 662 153 688 τοῦ
166 662 269 698 Κυρίου
285 663 348 695 τοὺς
364 665 476 699 νεκροὺς
489 665 680 701 ἐζωοποίησεν,
693 667 747 702 ἡδὲ
763 667 817 694 τῶν
834 669 898 695 Ἰου-

108 707 187 734 δαίων
214 709 344 744 ἐπιϐουλὴ
371 709 421 744 τῆς
443 710 516 745 ζωῆς
540 712 639 744 αὐτοὺς
663 713 726 744 τοὺς
754 713 897 745 Ἰουδαίους

106 753 250 789 ἐστέρησε,
263 755 309 782 καὶ
321 755 368 782 νῦν
382 757 434 782 εἱσι
451 757 535 792 χωρὶς
549 757 595 784 τοῦ
612 759 714 794 Κυρίου
730 758 796 794 (75).
811 760 866 786 Καὶ
882 761 897 785 6

109 799 157 833 μὲν
171 800 290 835 σταυρὸς
303 800 350 827 τοῦ
365 801 490 837 Σωτῆρος
505 802 554 838 τὴν
571 803 733 839 Ἐκκλησίαν
747 804 800 831 τῶν
813 805 896 831 ἐθνῶν

106 844 208 880 ἔρημον
221 844 305 873 οὖσαν
317 846 476 882 κατῴκησεν
487 856 492 861 ·
516 848 635 875 Ἰουδαῖοι
648 849 676 875 δὲ
693 851 724 884 τῇ
741 849 825 885 κακίᾳ
835 850 897 875 ἑαυ-

106 891 159 917 τῶν
174 892 222 918 καὶ
240 892 290 927 τῆς
308 893 470 928 οίκουμένης
483 894 597 926 ἑαυτοὺς
613 895 772 930 ἐρήμωσαν,
787 895 834 922 καὶ
849 895 895 922 νῦν

106 937 174 963 εἰσιν
189 939 239 964 οὐκ
250 938 357 974 ἔχοντες
371 939 457 966 πόλιν.
472 940 527 966 Καὶ
540 940 620 967 πάλιν
632 942 645 967 6
657 941 706 976 μὲν
721 941 833 973 θάνατος
849 942 895 968 τοῦ

108 983 231 1019 Σωτῆρος
245 984 294 1019 τὴν
311 984 449 1019 βασιλείαν
463 985 518 1012 τῶν
529 986 650 1021 οὐρανῶν
663 986 795 1019 ἀνέδειξεν
806 995 812 1001 ο
834 988 897 1014 Ἰου-

106 1028 173 1055 δαῖοι
184 1029 212 1055 δὲ
228 1029 268 1064 τῷ
279 1029 357 1065 θυμῷ
372 1031 419 1057 καὶ
432 1031 496 1062 τοὺς
509 1031 628 1066 βασιλεῖς
643 1032 731 1059 αὐτῶν
741 1031 895 1066 ἀπώλεσαν,

107 1074 224 1106 καὶτοὺς
238 1077 403 1110 μεγιστᾶνας
418 1077 575 1103 κατέϐαλον.
589 1078 660 1113 Πρὸς
675 1078 779 1110 τούτοις
791 1080 805 1105 6
817 1088 897 1105 σταυ-

108 1120 153 1156 ρὸς
167 1121 212 1147 τοῦ
227 1122 332 1157 Κυρίου
345 1123 476 1157 ἀγγέλους
490 1123 591 1158 συνῆψε
603 1125 660 1156 τοῖς
675 1123 837 1159 ἀνθρώποις,
850 1125 897 1151 καὶ

109 1166 218 1200 μεσίτης
231 1167 282 1202 τῆς
298 1168 387 1201 φιλίας
403 1169 492 1195 αὐτῶν
506 1169 616 1204 γέγονεν
628 1179 634 1185 ·
655 1170 775 1197 Ἰουδαῖοι
791 1171 819 1197 δὲ
836 1172 896 1198 ἐπι-

108 1211 277 1244 δουλεύοντες
292 1213 444 1249 ἐκέρδαναν
458 1215 507 1250 τὴν
531 1215 599 1251 μετὰ
619 1216 754 1252 δαιμόνων
768 1218 897 1253 κατοίκη-

108 1266 159 1286 σιν.
179 1260 233 1286 Καὶ
248 1260 265 1286 6
288 1260 337 1295 μὲν
359 1261 474 1294 Θάνατος
494 1262 539 1289 τοῦ
566 1263 684 1298 Χριστοῦ
705 1263 832 1298 ἐκούφισε
848 1263 897 1299 τὴν

107 1305 160 1331 τῶν
175 1305 329 1341 ἀνθρώπων
345 1307 390 1335 διὰ
402 1308 451 1343 τὴν
471 1308 609 1344 ἁμαρτίαν
625 1308 751 1342 ἀλογίαν·
776 1309 898 1336 Ἰουδαῖοι

107 1350 134 1376 δὲ
154 1351 338 1389 ὴλογίσθησαν
355 1353 394 1389 τῷ
414 1354 501 1390 θυμῷ,
523 1355 570 1381 καὶ
594 1354 641 1382 νῦν
664 1355 734 1390 μετὰ
755 1357 896 1391 σειρήνων,

109 1397 154 1423 καὶ
171 1398 280 1433 ἐχίνων,
296 1400 344 1426 καὶ
360 1400 495 1435 στρουθῶν
509 1400 564 1436 (76)
587 1402 643 1432 τοῖς
659 1401 771 1437 τρόποις
786 1410 899 1429 συνανα-

111 1443 279 1479 στρέφονται,
294 1445 435 1472 ἀλλόκοτον
450 1447 556 1482 ἔχοντες
572 1447 618 1474 καὶ
631 1447 718 1479 οὕτως
731 1448 775 1474 τὸν
788 1448 896 1484 τρόπον,

109 1489 145 1521 ὡς
162 1491 361 1527 όνοκένταυροι.
382 1493 436 1519 Καὶ
460 1493 514 1529 γὰρ
533 1495 593 1520 ἀντὶ
612 1493 659 1521 τοῦ
683 1494 776 1530 νόμον,
798 1496 898 1531 ἀνομία

110 1537 171 1571 παρ’
184 1538 277 1570 αὐτοῖς
293 1539 380 1565 ἐστιν·
391 1539 450 1565 ἀντὶ
463 1539 490 1565 δὲ
502 1539 664 1574 πραότητος,
683 1549 692 1565 ι
705 1539 795 1575 Θυμδς
807 1541 898 1573 αὐτοῖς

949 255 1106 284 Dominum.
1123 257 1253 292 Quisquis
1277 258 1429 290 transierit,
1449 259 1495 291 sit,
1511 259 1533 286 si
1550 259 1624 291 velit,
1637 259 1731 294 judex,

949 310 999 330 nec
1021 311 1053 330 ex
1078 304 1161 331 rebus
1183 304 1299 331 occultis
1323 304 1512 339 obscurisque,
1534 305 1581 332 sed
1599 312 1630 332 ex
1647 306 1732 341 gestis

947 347 1092 374 veritatem
1123 348 1243 383 colligat.
1270 348 1494 384 Consideretque,
1519 349 1566 384 qui
1589 349 1625 377 sit
1641 349 1733 378 Domi-

949 393 1021 420 nicte
1044 394 1140 421 mortis
1167 394 1273 423 fructus
1294 404 1300 422 :
1325 395 1397 428 quod
1414 394 1593 423 'Judaicarum
1620 396 1733 426 insidia-

948 447 1009 466 rum
1044 440 1269 469 emolumentum.
1301 440 1439 476 Siquidem
1480 449 1554 470 mors
1585 441 1733 471 Salvatoris

947 485 1042 512 orbem
1067 489 1201 513 terrarum
1232 487 1365 519 liberavit,
1397 487 1434 514 ita
1467 491 1496 515 ut
1523 491 1617 522 gentes
1646 487 1732 518 Deum

948 529 1099 565 gloriﬁcent
1125 540 1131 557 :
1161 530 1317 558 Judzcorum
1339 539 1402 559 vero
1422 532 1499 558 furor
1518 532 1655 560 civitatem
1669 540 1732 559 cum

948 576 1014 610 ipsis
1036 575 1136 603 Judwis
1160 576 1286 611 perdidit,
1309 582 1335 604 et
1358 577 1386 604 in
1409 576 1457 605 Dei
1480 578 1635 612 cognitione
1657 578 1732 613 ipsos

948 622 1104 649 cxcaecavit.
1141 622 1214 649 Mors
1248 622 1355 649 Domini
1393 626 1515 650 mortuos
1546 623 1692 651 viviﬁcavit
1723 634 1729 651 :

947 667 1101 694 Judaeorum
1130 668 1236 696 insidiae
1261 668 1370 696 Judaaos
1397 670 1471 704 ipsos
1492 669 1547 697 vita
1572 670 1730 704 privarunt.

947 717 974 739 et
1000 713 1056 747 jam
1091 713 1194 748 absque
1228 714 1344 741 Domino
1378 718 1451 742 sunt.
1479 714 1554 741 Crux
1583 714 1732 742 Salvatoris

948 758 1098 786 Ecclesiam
1121 760 1258 795 gentium,
1286 760 1350 787 dum
1374 761 1481 788 deserta
1502 766 1584 793 esset,
1602 761 1733 788 habitato-

946 805 1022 832 ribus
1048 804 1253 840 frequentavit;
1284 805 1369 833 Judaei
1394 814 1459 834 vero
1484 806 1656 842 improbitate
1682 815 1732 834 sua

948 851 1014 879 orbe
1041 855 1177 879 terrarum
1202 860 1263 880 sese
1285 853 1470 886 excluserunt,
1488 861 1538 880 nec
1557 853 1613 888 jam
1637 853 1733 880 civita-

947 901 1000 926 tem
1024 898 1105 925 ullam
1129 898 1238 925 habent.
1262 898 1302 925 Ac
1327 906 1449 931 rursum,
1471 906 1545 926 mors
1570 898 1732 931 Salvatoris,

947 951 1061 979 regnum
1093 944 1226 971 ccelorum
1251 944 1375 971 exhibuit
1394 954 1399 971 :
1418 943 1503 971 Judaei
1523 948 1616 971 contra
1639 944 1733 972 furore

947 998 1009 1022 suo,
1025 998 1104 1025 rcges
1128 997 1194 1018 suos
1219 990 1406 1025 perdiderunt,
1425 994 1452 1017 et
1474 994 1614 1025 magnates
1635 990 1732 1017 amise—

947 1041 1020 1063 runt.
1043 1036 1084 1063 Ad
1110 1036 1177 1068 haec,
1201 1043 1266 1063 crux
1291 1035 1398 1063 Domini
1425 1036 1535 1071 angelos
1555 1043 1616 1063 cum
1641 1035 1731 1063 homi-

948 1083 1031 1110 nibus
1060 1082 1187 1115 sociavit,
1206 1086 1232 1109 et
1257 1082 1431 1109 conciliatrix
1462 1082 1521 1116 ipsa
1551 1081 1603 1108 fuit
1631 1085 1733 1111 mutua:

948 1129 1056 1156 illorum
1079 1128 1207 1156 amicitiae
1230 1137 1236 1156 :
1257 1133 1283 1155 et
1305 1127 1391 1155 Judaei
1413 1127 1522 1155 insidiis
1543 1127 1613 1159 suis,
1631 1127 1732 1154 daemo-

947 1183 1012 1202 num
1027 1174 1236 1201 contubernium
1252 1174 1350 1200 lucrati
1367 1177 1442 1201 sunt.
1461 1173 1534 1201 Mors
1547 1172 1648 1201 Christi
1664 1173 1732 1200 alle-

948 1221 1021 1248 vavit
1037 1221 1176 1248 hominum
1190 1219 1322 1255 peccandi
1338 1219 1523 1254 insipientiam
1543 1228 1548 1246 :
1566 1217 1651 1246 Judaei
1668 1226 1733 1246 vero

947 1275 1003 1302 pra:
1018 1267 1110 1294 furore
1132 1267 1291 1302 insipientes
1314 1265 1378 1293 facti
1399 1270 1473 1299 sunt,
1487 1265 1600 1300 jamque
1615 1272 1677 1292 cum
1695 1265 1734 1291 si-

948 1312 1034 1344 renis,
1050 1312 1186 1340 erinaceis
1206 1316 1233 1339 et
1255 1311 1457 1339 struthionibus
1479 1311 1600 1338 moribus
1619 1318 1734 1338 conver-

948 1362 1055 1391 santur,
1085 1359 1209 1386 moribus
1233 1357 1344 1386 absurdi
1370 1357 1483 1393 perinde
1509 1361 1590 1392 atque
1616 1365 1735 1385 onocen-

948 1406 1031 1433 tauri.
1046 1405 1098 1432 Pro
1121 1406 1178 1440 lege
1197 1406 1270 1432 enim
1289 1404 1361 1440 apud
1375 1405 1437 1432 illos
1454 1403 1589 1439 injustitia
1608 1403 1732 1431 obtinet:

948 1459 998 1486 pro
1022 1451 1241 1483 mansuetudine,
1271 1460 1281 1476 ι
1300 1449 1388 1478 Furor
1412 1451 1466 1478 illis
1489 1449 1638 1478 secundum
1658 1448 1735 1476 simi-

948 1496 1091 1524 litudinem
1115 1497 1249 1532 serpentis
1272 1497 1306 1524 ³⁸.
1333 1506 1343 1522 ›
1366 1496 1394 1526 1η
1420 1503 1546 1528 summa,
1574 1494 1640 1521 nihil
1663 1493 1734 1528 apud

950 1543 1012 1571 illos
1034 1543 1088 1579 83
1113 1543 1185 1578 quod
1207 1551 1262 1570 non
1279 1542 1346 1577 ipsis
1369 1546 1484 1569 mortem
1504 1541 1612 1568 inferat.
1637 1540 1735 1566 Annon

111 1583 178 1609 κατὰ
191 1584 239 1620 τὴν
248 1584 379 1619 ὁμοίωσιν
391 1584 437 1610 τοῦ
450 1585 548 1619 ὄφεως.
570 1594 579 1610 ι
599 1585 652 1612 Καὶ
664 1585 732 1617 ὅλως
750 1586 825 1612 οὐδέν
837 1587 894 1614 ἐστι

948 1589 1027 1616 morti
1060 1589 1169 1616 Domini
1200 1589 1338 1616 adhaarere
1365 1587 1515 1619 convenit,
1545 1594 1576 1613 ac
1598 1585 1735 1613 dimittere

111 1630 173 1664 παρ’
188 1630 291 1661 αὐτοῖς,
305 1628 319 1655 ὃ
336 1630 373 1665 μὴ
383 1630 495 1657 θάνατον
508 1630 598 1662 αὐτοῖς
613 1630 811 1665 κατεργάζεται
828 1631 895 1666 (77).

111 1671 170 1710 Ἆρ’
183 1673 228 1702 οὖν
244 1676 297 1702 οὐκ
309 1675 382 1708 ἄξιον
398 1676 437 1711 τῷ
449 1676 555 1712 θανάτῳ
567 1676 753 1712 προσκεῖσθαι,
768 1678 815 1704 καὶ
825 1678 898 1712 ἀφιέ-

113 1730 154 1748 ναι
169 1722 222 1748 τῶν
236 1722 394 1758 Φαρισαίων
412 1722 442 1749 τὺ
458 1722 610 1757 συνέδριονς
625 1720 688 1758 Ἆρ’
700 1721 746 1750 οὖν
762 1724 811 1750 οὐκ
824 1724 897 1756 ἄξιον

113 1765 150 1800 τῷ
172 1766 280 1802 σταυρῷ
301 1766 400 1801 μᾶλλον
424 1768 585 1802 προσκυνεῖν
601 1767 616 1802 ἢ
632 1767 680 1803 τὴν
700 1768 832 1795 Ἰουδαίων
851 1769 898 1795 καὶ

113 1809 157 1836 τοῦ
179 1811 280 1846 κόσμου
306 1810 434 1846 κερδᾶναι
456 1811 561 1845 φιλίαν;
584 1812 634 1838 Διὰ
651 1812 729 1838 τοῦτο
747 1812 800 1848 γὰρ
821 1813 868 1839 καὶ
884 1814 898 1839 ὁ

116 1856 243 1891 μακάριος
266 1856 375 1888 Παῦλος
410 1857 550 1892 γέγραφεε
577 1866 586 1882 ‹
614 1857 654 1884 Τὰ
679 1857 767 1884 πάντα
790 1859 897 1894 ἥγημαι

115 1901 220 1937 ζημίαν,
239 1904 282 1929 ἵνα
300 1903 422 1938 κερδάνω
443 1903 577 1938 Χριστόν·
594 1913 602 1929 ι
619 1904 663 1931 διὰ
677 1904 755 1931 τοῦτο
768 1905 898 1941 καύχημα

115 1948 214 1982 ἡγεῖται
231 1949 277 1976 τὸν
296 1949 422 1984 σταυρὸν,
440 1949 543 1983 λέγων·
564 1959 573 1974 ι
596 1950 672 1985 Ἐμοὶ
690 1950 717 1976 δὲ
739 1950 775 1986 μὴ
793 1951 897 1985 γένοιτο

115 1994 262 2029 καυχᾶσθαι
285 1996 311 2021 εἰ
332 1995 368 2031 μὴ
392 1996 421 2021 ὲν
441 1995 480 2030 τῷ
500 1995 609 2031 σταυρῷ
629 1996 676 2022 τοῦ
697 1997 800 2032 Κυρίου
820 1997 898 2032 ἡμῶν

120 2040 202 2076 Ἰησοῦ
214 2042 345 2078 Χριστοῦ,
359 2042 391 2068 δι’
403 2038 433 2068 οὗ
446 2043 506 2077 ἐμοὶ
516 2043 617 2077 κόσμος
630 2043 808 2078 ἐσταύρωται,
821 2043 898 2077 κάγὼ

116 2086 212 2123 κόσμῳ.
235 2097 244 2114 ι
261 2088 313 2114 Διὰ
324 2087 402 2114 τοῦτο
414 2088 460 2114 καὶ
473 2088 553 2120 αὐτὸς
564 2090 577 2115 6
591 2088 693 2124 Κύριος
708 2089 813 2123 ἔλεγεν·
832 2099 841 2114 ι
851 2090 897 2121 Ὃς

118 2130 147 2157 ἂν
160 2132 195 2167 μὴ
212 2132 267 2168 (78)
289 2131 344 2168 ἄρῃ
358 2133 403 2159 τὸν
422 2132 537 2168 σταυρὸν
559 2133 651 2166 αὐτοῦ,
666 2133 712 2160 καὶ
727 2133 898 2171 ἀκολουθήσῃ

121 2185 169 2210 μοι,
186 2178 234 2205 οὐκ
246 2178 306 2205 ἔστι
321 2187 372 2214 μου
391 2177 475 2211 ἄξιος,
497 2178 556 2205 οὐδὲ
575 2179 684 2207 δύναταί
700 2189 751 2215 μου
775 2179 898 2216 μαθητὴς

119 2220 190 2249 εἶναι.
207 2233 216 2249 ι

949 1641 1109 1661 consessum
1136 1632 1469 1661 PharisaeorumiAnnon
1491 1633 1601 1667 priestat
1625 1638 1736 1658 crucem

949 1680 1040 1715 potius
1059 1679 1184 1711 adorare,
1203 1686 1285 1714 quam
1305 1678 1462 1706 Judteorum
1480 1681 1507 1704 et
1525 1676 1620 1704 mundi
1641 1676 1736 1702 amici-

949 1725 1014 1752 tiam
1029 1725 1109 1753 nobis
1126 1725 1292 1752 conciliare?
1309 1723 1370 1752 ideo
1386 1731 1503 1758 namque
1516 1722 1627 1757 scripsit
1640 1722 1736 1749 beatus

948 1771 1050 1799 Paulus
1069 1781 1075 1799 :
1096 1780 1105 1797 ι
1125 1771 1222 1799 Omnia
1248 1771 1397 1798 arbitratus
1422 1777 1481 1797 sum
1503 1769 1683 1800 detrimenta,
1705 1772 1736 1795 ut

948 1818 1088 1846 Christum
1115 1817 1285 1845 lucrifaciam
1312 1817 1334 1833 ’³
1359 1826 1366 1844 :
1396 1826 1406 1842 ι
1433 1823 1518 1852 quare
1540 1815 1654 1851 gloriam
1683 1814 1736 1842 sibi

948 1871 1057 1890 crucem
1087 1863 1247 1896 arbitratur,
1275 1862 1351 1890 aiens
1379 1871 1385 1889 :
1413 1871 1422 1887 ι
1452 1860 1517 1887 Mihi
1548 1865 1638 1887 autem
1665 1859 1737 1886 absit

948 1909 1060 1944 gloriari
1082 1910 1135 1936 nisi
1160 1909 1188 1936 in
1211 1916 1293 1936 cruce
1313 1907 1420 1935 Domini
1440 1907 1528 1934 nostri
1540 1905 1605 1933 Jesu
1620 1904 1735 1937 Christi,

948 1962 997 1989 per
1024 1962 1105 1990 quem
1133 1955 1200 1982 mihi
1233 1953 1352 1981 mundus
1378 1951 1525 1980 crucifixus
1553 1957 1611 1984 est,
1636 1956 1663 1978 et
1686 1957 1736 1985 ego

948 1998 1050 2025 mundo
1077 1998 1111 2024 ³ο.
1142 2008 1151 2024 ›
1191 1997 1373 2031 Quamobrem
1405 1997 1464 2032 ipse
1493 1995 1625 2023 Dominus
1657 1995 1694 2022 ait
1727 2004 1733 2022 ε

951 2053 960 2070 ε
983 2043 1144 2078 Quicunque
1164 2051 1218 2070 non
1240 2043 1332 2071 tulerit
1352 2049 1460 2070 crucem
1487 2048 1564 2068 suam
1579 2044 1606 2068 et
1624 2044 1735 2068 secutus

947 2097 992 2117 me
1013 2089 1106 2122 fuerit,
1130 2097 1184 2117 non
1206 2093 1248 2117 est
1272 2097 1315 2117 me
1341 2089 1451 2124 dignus,
1474 2095 1526 2116 nec
1545 2089 1634 2125 potest
1658 2093 1735 2113 meus

947 2143 1008 2164 esse
1022 2136 1173 2170 discipulus
1188 2135 1219 2161 ⁸¹.
1236 2144 1246 2161 ι

149 2269 190 2296 34.
214 2269 284 2296 Ἀλλ’
302 2270 418 2297 ἐνταῦθα
438 2270 538 2306 πολλῆς
556 2270 705 2305 ἀσφαλείας
730 2271 788 2298 ἐστὶ
809 2272 897 2307 χρεία,

988 2270 1032 2297 54.
1054 2269 1107 2297 Sed
1127 2269 1171 2296 hic
1195 2268 1280 2296 multa
1296 2267 1423 2295 cautione
1445 2271 1487 2295 est
1507 2273 1587 2301 opus,
1607 2272 1642 2293 ne
1664 2264 1735 2292 sicut

123 2314 217 2349 μήποτε
229 2316 301 2343 κατὰ
318 2317 381 2348 τοὺς
399 2316 543 2348 Ἰουδαίους
561 2316 683 2353 αἴρωμεν
712 2316 758 2343 τὸν
772 2317 899 2351 σταυρὸν,

121 2361 162 2387 καὶ
178 2362 213 2397 μὴ
229 2363 302 2390 κατὰ
313 2363 357 2390 τὸν
380 2363 495 2389 Παῦλον.
525 2363 553 2390 Ὀ
580 2363 629 2399 μὲν
656 2363 711 2399 γὰρ
740 2363 846 2395 Παῦλος
863 2363 900 2395 ὡς

123 2407 239 2441 τρόπαιον
266 2410 318 2444 τῆς
337 2409 473 2445 ἁμαρτίας
494 2409 586 2445 ἐφόρει
608 2409 654 2435 τὸν
674 2409 799 2444 σταυρόν·
830 2410 855 2434 οἱ
871 2409 898 2435 δὲ

128 2453 238 2481 Ἰουδαῖοι
254 2455 300 2482 ἐπὶ
315 2455 354 2490 τῷ
367 2456 412 2482 τὸν
424 2455 526 2491 Κύριον
539 2455 654 2482 ἀνελεῖν.
663 2454 712 2481 Διὰ
724 2454 802 2481 τοῦτο
812 2454 899 2488 ἀσφα-

122 2497 231 2531 ticam;
246 2501 299 2537 χρὴ
328 2502 373 2528 καὶ
399 2502 505 2536 νήφειν,
536 2501 650 2536 μήποτε,
683 2499 899 2536 κατηγοροῦντες

128 2543 263 2580 Ἰουδαίων,
285 2547 320 2574 τὰ
341 2548 409 2575 αὐτὰ
426 2549 516 2580 αὐτοῖς
533 2547 603 2575 κατὰ
625 2547 671 2574 τοῦ
698 2547 800 2582 Κυρίου
814 2547 899 2581 πράτ-

122 2598 215 2626 τωμεν.
226 2593 323 2620 Πολλοὶ
338 2594 391 2630 γὰρ
417 2593 630 2630 προσκυνοῦντες
652 2593 697 2620 τὸν
724 2593 837 2628 Κύριον,
854 2593 900 2619 καὶ

952 2314 1038 2342 Judaei
1061 2315 1190 2342 tollamus
1208 2321 1329 2347 crucem,
1346 2321 1402 2341 non
1423 2312 1494 2340 sicut
1508 2311 1618 2338 Paulus.
1634 2308 1734 2336 Paulus

940 2368 1068 2398 namque
1097 2363 1127 2387 ut
1155 2363 1285 2395 tropaeum
1313 2358 1417 2394 peccati
1448 2357 1573 2392 gestabat
1598 2362 1733 2387 crucem;

950 2406 1035 2434 Judaei
1061 2414 1124 2434 vero
1147 2409 1177 2433 ut
1200 2405 1345 2433 Dominum
1370 2403 1535 2432 occiderem.
1566 2401 1736 2436 Quapropter

950 2457 1029 2482 caute
1052 2461 1084 2481 ac
1106 2452 1198 2481 sobrie
1220 2451 1366 2487 agendum,
1381 2458 1426 2483 ne,
1435 2450 1500 2477 dum
1519 2449 1677 2477 incusamus
1687 2446 1735 2474 Ju-

951 2499 1034 2531 datos,
1046 2499 1122 2534 paria
1143 2505 1205 2525 cum
1228 2497 1282 2524 illis
1306 2500 1400 2524 contra
1421 2494 1565 2522 Dominum
1592 2493 1734 2521 faciamus.

952 2544 1029 2571 Multi
1059 2543 1194 2578 siquidem
1226 2543 1371 2569 adorantes
1402 2540 1564 2573 Dominum,
1591 2546 1640 2567 nec
1663 2538 1736 2566 sicut

952 2590 1064 2626 dignum
1080 2590 1134 2626 iillo
1158 2593 1200 2617 est
1219 2589 1302 2616 vitam
1326 2591 1448 2624 agentes,
1467 2595 1522 2615 non
1543 2586 1687 2615 advertunt
1705 2591 1736 2613 se

155 2668 177 2684 ²¹
194 2668 265 2697 Psal.
285 2677 354 2703 Lvn,
371 2672 396 2699 5.
435 2671 456 2687 "
476 2670 592 2706 Philipp.
611 2678 658 2703 In,
675 2670 701 2697 8.
741 2669 762 2685 '°
783 2668 871 2696 Galat.
890 2677 897 2693 ι

954 2668 996 2695 M.
1035 2667 1056 2683 ³⁸
1077 2667 1171 2694 Matth.
1190 2675 1206 2693 x
1219 2686 1226 2698 ,
1245 2665 1300 2699 38;
1319 2664 1388 2693 Luc.
1406 2672 1462 2697 xw,
1478 2664 1523 2692 27.

233 2747 278 2779 Ἐξ
293 2748 368 2776 deest
383 2749 409 2775 in
423 2748 582 2783 Anglicano.

157 2780 210 2817 (75)
228 2782 368 2817 Anglican.
390 2780 532 2811 Basilicus.
558 2787 585 2810 et
607 2781 783 2817 Reg.,prima
803 2789 895 2817 manu,

126 2816 203 2876 ἒωρὶς
216 2818 261 2844 τοῦ
275 2816 379 2853 νεκροῦ.
393 2818 502 2854 Regius.
520 2819 639 2846 seCunda
651 2816 743 2849 manu,
755 2817 838 2852 χωρὶς
851 2816 896 2843 τοῦ

150 2851 221 2876 υοίου
235 2853 335 2876 νεκροί
351 2853 431 2876 Ιιῖιιὶιί.
450 2854 531 2876 vmnic
545 2853 590 2876 τοῦ
604 2852 715 2876 Κυρίου.

150 2851 221 2886 υρίου
235 2851 335 2888 νεκροίζ
351 2851 531 2889 Ειιιῑί,“χιι›ρὶς
545 2853 590 2880 τοῦ
604 2852 715 2888 Κυρίου.

984 2745 1040 2778 (76)
1060 2744 1229 2775 Basiliensis,
1245 2742 1400 2778 στρουθίων.

987 2776 1042 2814 (77)
1062 2779 1173 2814 Regius,
1191 2778 1250 2805 κατ’
1264 2776 1524 2814 ανὺτῶνΔὲργᾴζεται.

987 2810 1042 2852 (78)
1063 2810 1164 2851 Regius
1178 2818 1205 2842 et
1223 2810 1391 2844 Basiliensis,
1405 2813 1452 2843 ’⁸ος
1466 2811 1513 2839 ἐὰν
1531 2810 1579 2849 μήτ
