1915 3057
175 133 230 164 ΞΠ

748 134 778 162 S.
800 132 1033 164 ATHANASIUS.
1054 151 1089 156 —
1111 136 1225 165 DUBIA.

1752 137 1812 166 288

176 201 241 222 reos
261 192 330 222 etﬁci
353 193 450 221 mortis
473 192 623 222 Salvatoris
641 203 647 220 :
666 200 740 226 nam,
765 203 775 220 ι
800 193 963 230 Quicunque

1024 195 1130 228 ιναξίως
1143 195 1226 223 αὐτοῦ
1257 195 1468 231 πολιτευόμενοι,
1495 193 1636 229 ἀγνοοῦσιν
1661 195 1813 222 ὑπεύθυνοι

177 238 383 266 manducaverit
406 246 515 274 panem,
542 242 569 266 et
593 238 692 266 biberit
717 239 830 267 calicem
859 240 967 268 Domini

178 285 306 320 indigne,
343 291 407 312 reus
439 285 492 312 erit
528 285 653 320 corporis
682 289 710 313 et
738 286 881 321 sanguinis
914 286 968 314 Do‘

178 330 246 356 mini
262 329 294 363 ³³,
313 339 323 355 ι
343 333 459 357 testatur
469 330 628 365 Apostolus.
642 329 742 358 Eadem
754 331 872 364 ratione,
890 341 899 358 ι
914 331 967 365 Qui

177 375 235 403 odit
260 374 372 402 fratrem
401 383 502 408 suum,
527 384 582 403 non
596 376 684 412 diligit
706 376 871 411 Dominum;
892 387 902 404 ι
920 378 968 406 sed

177 421 291 456 perinde
314 425 396 457 atque
411 421 496 450 Judazi
515 423 590 450 illum
607 423 670 451 odio
691 423 782 451 habet.
805 425 856 458 Qui
876 429 967 453 autem

177 474 324 502 pauperem
354 467 432 495 nihili
459 467 542 501 facit,
570 468 594 496 is
620 468 783 502 Dominum,
811 475 841 497 ut
863 469 967 504 Judaei,

177 513 343 540 contumelia
361 513 453 540 allicit.
471 513 528 541 Hoc
547 513 676 541 Salomon
693 515 731 542 ait
752 524 758 542 :
779 524 788 541 ι
807 515 858 548 Qui
877 516 968 551 despi-

178 558 216 585 cit
236 566 402 594 pauperem,
423 560 570 594 exprulirat
600 559 697 588 facturi
722 561 782 596 ejus
815 562 847 588 ³³.
878 571 888 588 ι
916 561 968 594 Qui

178 605 292 640 negligit
320 613 467 640 pauperem
496 606 675 637 esurientem.
702 608 840 635 sitientem
868 612 895 635 et
917 615 969 635 nu-

179 651 256 683 dum,
277 652 377 679 snnilis
404 656 446 679 est
467 651 569 679 Judwis
589 653 635 687 qui
652 653 797 680 Dominum
817 658 967 687 exuerunt,

177 702 205 724 et
226 701 390 733 potaverunt
404 702 483 725 aceto
502 702 528 725 et
551 698 622 726 felle.
641 699 674 726 Et
691 699 737 734 qui
754 707 868 726 munera
887 708 970 735 super

178 743 343 771 innocentes
360 744 588 779 acceperit,nihil
610 744 700 773 dilTert
715 745 749 772 ab
766 753 799 773 eo
816 745 861 780 qui
878 745 970 773 Domi-

179 797 246 817 num
265 790 396 822 vendidit,
413 790 503 818 Juda:
521 792 580 827 ipse
600 792 673 820 enim
697 800 806 828 quoque
820 793 967 828 justitiam,

179 843 241 870 quae
259 840 302 863 est
325 836 468 869 Dominus,
482 838 583 871 vendit,
604 843 634 865 ιιι
652 838 697 866 ille
715 839 855 867 Christum
873 839 968 867 vendi-

1020 241 1158 276 γινόμενοι
1174 241 1220 267 τοῦ
1239 240 1354 268 θανάτου
1367 240 1414 267 τοῦ
1431 241 1567 276 Σωτῆρος·
1580 251 1589 267 ι
1603 241 1652 272 ⁸ος
1664 251 1672 266 ι
1686 241 1739 277 γὰρ
1749 250 1760 267 ι
1775 242 1813 268 ἂν

1018 287 1098 324 ὲσθίῃ
1113 288 1158 314 τὸν
1172 288 1264 324 ἄρτον,
1280 288 1326 314 καὶ
1341 287 1406 323 πίνῃ
1432 287 1462 314 τὸ
1481 287 1608 323 ποτήριον
1632 286 1678 313 τοῦ
1703 286 1813 322 Κυρίου

1017 335 1144 368 ἀναξίως,
1163 335 1253 371 ἔνοχός
1273 336 1331 361 ἐστι
1356 334 1402 362 τοῦ
1422 334 1547 370 σώματος
1563 334 1610 361 καὶ
1626 333 1673 361 τοῦ
1693 334 1813 369 αἵματος

1017 381 1064 408 τοῦ
1092 381 1215 417 Κυρίου,
1237 391 1247 407 ι
1273 382 1288 408 6
1317 380 1476 412 ’Λπόστολος
1501 380 1677 416 μαρτύρεται.
1703 380 1810 412 Οὕτως·

1021 435 1030 452 ι
1049 426 1105 452 Καὶ
1115 427 1130 452 6
1147 425 1234 462 μισῶν
1250 426 1294 452 τὸν
1303 426 1415 460 ἀδελφὺν
1425 425 1507 452 αὑτοῦ
1521 426 1570 452 οὐκ
1586 426 1679 461 ἀγαπᾷ
1690 425 1734 452 τὸν
1748 425 1813 452 Κύ-

1020 481 1102 508 ριον,›
1118 472 1175 499 ἀλλ’
1188 471 1281 508 ὥσπερ
1294 472 1319 498 οἱ
1336 472 1467 503 Ἰουδαῖοι,
1496 472 1542 498 καὶ
1558 472 1639 503 αὐτὸς
1653 471 1738 503 οὓτως
1751 471 1813 507 (79)

1019 517 1107 552 ἐμίσει
1119 517 1222 544 τοῦτον.
1245 517 1273 543 ’0
1285 516 1312 543 δὲ
1323 517 1369 543 τὸν
1382 516 1485 552 πένητα
1513 515 1659 549 ὲξουθενῶν
1680 515 1813 551 ἀτιμάζει

1018 563 1066 590 καὶ
1082 563 1173 595 αὐτὸς,
1187 564 1224 595 ὡς
1241 564 1265 590 οἱ
1287 563 1418 596 Ἰουδαῖοι,
1443 563 1489 590 τὸν
1516 563 1628 598 Κύριον·
1644 562 1722 589 τοῦτο
1734 562 1813 597 λέγει

1018 609 1157 645 Σαλομών·
1191 619 1200 635 ι
1223 610 1251 636 '0
1263 609 1409 642 ἐξουθενῶν
1427 609 1472 636 τὸν
1488 609 1602 645 πένητα,
1622 608 1748 644 ἀτιμάζει
1763 608 1813 635 τὸν

1019 657 1170 690 ποιήσαντα
1197 656 1289 684 αὐτόν.
1308 666 1317 682 ι
1338 657 1368 682 '0
1386 655 1515 692 παρορῶν
1550 655 1654 690 πένητα
1673 654 1813 681 πεινῶντα

1019 703 1066 730 καὶ
1077 702 1195 737 διψῶντα
1209 702 1256 729 καὶ
1269 702 1382 737 γυμνὸν,
1400 701 1491 738 ὅμοιός
1505 703 1562 728 ἐστι
1585 703 1641 733 τοῖς
1661 700 1813 733 Ἰουδαίοις,

1019 750 1074 780 τοῖς
1087 750 1135 776 καὶ
1152 749 1197 776 τὸν
1212 748 1313 784 Κύριον
1325 747 1464 780 ἐκδύσαςι,
1495 748 1541 774 καὶ
1563 747 1704 774 ποτίσασιν
1728 747 1814 774 αὑτὸν

1019 795 1079 828 ὅξος
1098 795 1145 822 καὶ
1157 795 1247 831 χολήν.
1264 794 1318 821 Καὶ
1347 794 1361 821 6
1381 793 1527 829 λαμϐάνων
1546 793 1619 829 δῶρα
1647 794 1689 820 ἐπ’
1711 792 1814 825 ἀθώοις

1019 843 1070 869 οὐκ
1082 841 1154 868 ἔστιν
1181 841 1261 872 ἄλλος
1284 840 1330 867 τοῦ
1360 839 1535 875 πωλήσαντος
1552 839 1596 866 τὸν
1621 838 1732 874 Κύριον,
1746 838 1785 871 ὡς
1797 840 1814 866 6

179 882 230 909 dit.
259 882 292 909 Et
317 883 364 918 qui
388 891 443 911 non
464 883 571 918 judicat
596 885 711 920 pupillo,
735 893 786 913 nec
812 885 900 913 vidua:
924 886 970 921 jus

1028 887 1136 920 Ἰούδας
1155 887 1202 914 καὶ
1218 887 1297 918 αὐτὸς
1310 887 1364 922 γὰρ
1379 886 1426 922 τὴν
1448 885 1630 921 δικαιοσύνην,
1655 885 1715 920 ἥτις
1736 885 1814 911 ἐστὶν

180 936 262 956 suum
287 929 388 961 reddit,
414 930 437 957 is
462 935 504 958 est
527 930 626 959 similis
645 931 856 960 insidiatoribus
874 937 900 960 et
924 940 970 960 ca-

179 974 392 1003 lumniatoribus
406 975 523 1004 Domini.
536 976 660 1010 Dcmum,
678 986 739 1014 qua:
754 979 817 1014 quis
834 979 861 1006 in
878 979 972 1014 proxi-

180 1028 256 1048 mum
283 1025 423 1056 operatur,
441 1029 474 1049 ca
497 1027 660 1058 reputantur
677 1024 749 1052 facta
767 1024 795 1052 in
812 1024 969 1058 Dominum,

180 1067 228 1102 qui
250 1071 363 1102 propter
381 1075 433 1096 nos
453 1068 608 1101 descendit,
629 1073 657 1097 et
678 1078 728 1106 pro
750 1071 830 1099 nobis
847 1076 971 1100 mortuus

179 1118 232 1141 est.
254 1113 294 1140 Ita
312 1121 430 1150 namque
453 1115 491 1142 ait
514 1115 572 1150 ipse
593 1115 726 1145 Dominus
746 1118 774 1145 in
792 1117 969 1154 Evangeliis:

183 1170 193 1186 ι
210 1159 239 1187 In
251 1165 383 1196 quantum
400 1161 446 1188 uni
460 1163 615 1197 ex‘pusillis
630 1163 692 1192 istis
707 1163 829 1197 fecistis,
845 1166 912 1193 mihi
929 1165 970 1194 fe-

180 1205 259 1233 cistis
273 1205 306 1232 “.
322 1215 332 1231 ›
349 1205 471 1233 Rursum
488 1207 539 1234 hoc
553 1209 707 1236 necessarie
721 1210 861 1238 sciendum
875 1211 972 1239 obser-

180 1251 357 1287 vandumque
389 1256 442 1280 est.
465 1252 517 1286 Qui
548 1253 711 1288 fornicatur,
733 1263 812 1284 Suam
832 1257 891 1291 ipse
909 1258 970 1284 ani-

181 1305 256 1326 mam
288 1298 399 1333 perdit,
431 1300 653 1336 contumeliaquc
689 1301 780 1336 allicit,
815 1306 845 1330 ut
884 1303 971 1331 Judzei

183 1345 317 1380 templum
338 1349 366 1372 et
387 1352 488 1381 corpus
508 1345 626 1374 Domini.
645 1347 698 1381 Qui
715 1356 795 1380 vero.
813 1358 822 1374 ι
839 1350 970 1385 templum

185 1389 292 1417 Domini
317 1389 471 1423 violaverit,
499 1391 637 1427 disperdet
659 1393 736 1420 illum
755 1393 827 1422 Deus
845 1394 880 1426 ³⁵,
906 1403 916 1420 ι
941 1399 972 1422 ιιι

182 1434 285 1463 Paulus
308 1436 414 1464 scribit.
440 1435 473 1464 Et
501 1437 548 1472 qui
577 1437 629 1466 sub
651 1446 736 1474 regno
760 1439 866 1474 peccati
888 1440 970 1476 degit,

182 1481 252 1509 nihi‘l
273 1481 364 1509 ditl‘ert
378 1490 393 1509 a
414 1481 518 1510 Iudaeis
540 1483 739 1519 abnegantibus
761 1485 971 1520 dicentibusque

183 1535 225 1561 se,
239 1536 295 1556 non
313 1527 468 1562 Deminuin,
482 1528 529 1556 sed
539 1528 675 1557 Caesarem
688 1537 778 1565 regem
792 1530 903 1558 habere.
916 1530 971 1558 Nec

183 1574 370 1611 ignorandum
386 1579 447 1608 est,
467 1583 529 1604 eum
544 1576 591 1611 qui
605 1576 792 1612 voluptatibus
815 1577 971 1612 subjicitur,

184 1621 274 1656 iisque
292 1621 406 1649 multum
427 1621 589 1655 delectatur,
606 1621 708 1658 ipsum,
732 1623 854 1658 inquam,
875 1627 904 1650 ιιι
926 1623 975 1651 Ju-

184 1667 269 1699 dmas,
292 1667 445 1695 Barabbam
464 1667 614 1703 postulare,
631 1671 657 1695 et
676 1667 820 1696 Dominum
838 1669 973 1697 cecidere.

183 1713 224 1741 ita
262 1721 380 1749 namque
410 1712 513 1745 Judici,
549 1713 690 1749 improbos
723 1714 854 1742 Barabba:
885 1723 975 1743 mores

184 1758 340 1794 diligentes,
356 1759 464 1786 demum
479 1760 607 1787 virtutem
623 1762 697 1795 _'sunt
712 1761 860 1795 persecuti.
877 1761 975 1789 Scien-

186 1805 251 1832 dum
269 1806 346 1838 item,
362 1812 423 1832 eum
436 1805 483 1839 qui
501 1805 529 1833 in
544 1806 596 1834 {ide
609 1805 704 1834 ﬁrmus
719 1814 773 1834 non
788 1811 841 1839 est,
859 1807 976 1834 similem

185 1850 222 1878 iis
234 1857 296 1878 esse
319 1849 366 1885 qui
386 1850 522 1878 increduli
539 1851 667 1879 aiebant:
689 1861 698 1878 ι
719 1851 747 1879 Si
761 1851 847 1880 Filius
860 1852 908 1880 Dei
923 1857 976 1886 est,

186 1894 337 1922 descendat
362 1902 436 1922 nunc
462 1895 496 1923 de
524 1903 616 1930 cruce,
641 1900 668 1924 et
691 1896 835 1924 credemus
858 1898 884 1924 ei
904 1897 937 1924 ³⁵.
965 1908 974 1924 ι

186 1940 256 1968 Nam
281 1940 339 1968 hac
358 1941 398 1968 illi
428 1948 476 1976 per
499 1941 719 1969 incredulitatem
743 1942 880 1970 dicebant.
906 1943 976 1976 Quid

186 1987 271 2022 igitur
297 1987 324 2014 in
351 1986 428 2014 hisce
449 1987 603 2023 agendum?
619 1987 694 2015 Nihil
716 1988 789 2016 aliud
809 1997 891 2024 quam
917 1996 978 2018 cre-

187 2034 253 2061 dere
267 2033 379 2060 Christo
391 2053 399 2066 ,
418 2036 444 2060 et
459 2033 612 2062 secundum
627 2035 704 2061 illum
718 2035 804 2062 vitam
820 2035 976 2070 instituere,

187 2079 417 2115 quemadmodum
437 2083 464 2107 et
491 2079 592 2108 Paulus
612 2080 650 2108 ait
676 2090 683 2108 :
709 2090 718 2107 ι
746 2081 900 2110 imitatores
923 2084 977 2110 mei

187 2129 286 2158 estote,
303 2125 376 2153 sicut
389 2129 416 2152 et
427 2133 477 2162 ego
488 2125 591 2154 Christi
604 2127 638 2159 ³⁷,
660 2136 669 2152 ι
689 2131 716 2155 et
726 2126 882 2155 Iudaeorum
899 2137 978 2157 arer-

188 2173 245 2200 sari
272 2173 441 2205 amicitiam,
466 2173 703 2207 incredulitatem,
733 2175 975 2209 subsannationes,

1021 935 1036 961 6
1048 934 1160 969 Κύριος,
1173 934 1267 965 πωλεῖ,
1284 933 1321 964 ὡς
1335 934 1438 964 ἐκεῖνος
1459 931 1504 958 τὸν
1527 931 1653 966 Χριστόν.
1669 930 1725 957 Καὶ
1741 931 1755 957 6
1773 929 1813 966 μὴ

1021 979 1121 1015 κρίνων
1135 978 1255 1015 ὀρφανῷ,
1275 978 1321 1005 καὶ
1348 977 1378 1004 τὸ
1393 977 1496 1004 δίκαιον
1511 975 1653 1008 ἀποδιδοὺς
1677 977 1710 1011 τῇ
1726 976 1813 1012 χήρᾳ,

1020 1025 1035 1051 6
1050 1024 1129 1056 αὐτός
1148 1024 1206 1050 ἔστι
1223 1024 1278 1054 τοῖς
1295 1020 1502 1048 ὲτιιῧουλεύσασι
1523 1020 1563 1056 τῷ
1580 1020 1673 1055 Κυρίῳ
1698 1021 1746 1046 καὶ
1764 1028 1814 1046 συ-

1022 1071 1224 1106 κοφαντήσας-ιν
1239 1069 1330 1096 αὐτόν.
1345 1069 1399 1095 Καὶ⁴
1415 1069 1503 1101 τέλος,
1520 1068 1600 1094 ὁποῖα
1615 1067 1648 1094 ἄν
1659 1076 1700 1099 τις
1714 1067 1753 1099 είς
1766 1067 1815 1095 τὸν

1022 1116 1135 1153 πλησίον
1149 1115 1310 1151 ἐργάσηται,
1325 1114 1410 1141 ταῦτα
1423 1115 1463 1146 εἰς
1478 1113 1524 1140 τὸν
1537 1113 1639 1149 Κύριον
1663 1112 1814 1147 λογίζεται,

1020 1163 1067 1190 τὸν
1081 1163 1115 1189 δι’
1131 1163 1204 1197 ἡμᾶς
1216 1161 1379 1189 κατελθόντα
1392 1160 1439 1188 καὶ
1457 1160 1528 1196 ὑπὲρ
1539 1159 1617 1196 ἡμῶν
1632 1159 1813 1187 ἀποθανόντα.

1021 1208 1100 1237 Οὕτω
1114 1209 1168 1245 γὰρ
1182 1209 1229 1235 καὶ
1252 1209 1266 1235 6
1287 1207 1390 1244 Κύριος
1408 1208 1504 1240 ἐντοῖς
1527 1206 1702 1242 Εὑαγγελίοις
1727 1205 1813 1240 λέγει·

1025 1263 1034 1280 ι
1059 1254 1116 1290 Ἐφ’
1131 1255 1192 1281 ὅσον
1202 1254 1348 1290 ἐποιήσατε
1369 1254 1410 1280 ἐνὶ
1425 1252 1479 1280 τῶν
1497 1253 1604 1288 μικρῶν
1623 1252 1735 1284 τούτων,
1751 1252 1815 1288 ἐμοὶ

1021 1301 1194 1336 ἐποιήσατε.)
1211 1300 1266 1327 Καὶ
1282 1299 1373 1331 πάλιν,
1390 1299 1458 1335 ὅπερ
1469 1298 1542 1325 ἐστὶν
1551 1299 1698 1333 ἀναγκαῖον
1715 1297 1815 1324 εἰδέναι

1021 1346 1069 1373 καὶ
1095 1347 1198 1382 τηρεῖν·
1226 1355 1235 1372 ι
1262 1345 1290 1372 ’0
1315 1344 1454 1381 πορνεύων
1476 1345 1524 1380 τὴν
1550 1345 1599 1380 μὲν
1628 1343 1696 1371 ἰδίαν
1725 1343 1816 1379 ψυχὴν

1021 1392 1160 1425 ἀπολλύει,
1177 1391 1282 1428 ὑϐρίζει
1294 1391 1321 1418 δὲ
1333 1392 1379 1418 καὶ
1391 1390 1482 1423 αὐτὸς,
1493 1391 1531 1422 ὡς
1552 1391 1683 1424 Ἰουδαῖοι,
1695 1389 1740 1416 τὸν
1750 1389 1815 1418 ναὸν

1023 1439 1112 1466 καὶτὸ
1137 1438 1216 1473 σῶμα
1242 1438 1289 1465 τοῦ
1317 1437 1420 1473 Κυρίου
1435 1437 1518 1472 (80).)
1547 1437 1576 1463 '0
1589 1436 1643 1472 γὰρ
1665 1446 1675 1461 ι
1692 1436 1737 1463 τὸν
1751 1432 1820 1463 ναὸν

1021 1484 1068 1512 τοῦ
1085 1485 1152 1512 Θεοῦ
1168 1484 1296 1520 φθείρων,
1308 1483 1448 1519 φθείρεται
1461 1483 1514 1510 ὑπὸ
1528 1482 1573 1509 τοῦ
1585 1482 1679 1514 Θεοῦ,›
1689 1482 1727 1514 ὼς
1741 1481 1816 1509 Παῦ-

1024 1530 1069 1563 λος
1083 1531 1192 1566 γράφει.
1211 1529 1266 1556 Καὶ
1287 1529 1301 1554 6
1321 1529 1370 1564 μὲν
1388 1529 1440 1556 ὑπὸ
1464 1529 1514 1564 τῆς
1531 1529 1666 1564 ἁμαρτίας
1691 1528 1816 1563 βασιλευ-

1023 1578 1120 1613 όμενος
1138 1576 1212 1604 οὐδὲν
1224 1575 1332 1602 ἀποδέει
1348 1574 1402 1602 τῶν
1417 1574 1591 1611 ἀρνουμένων
1614 1574 1758 1606 Ἰουδαίων,
1768 1575 1817 1602 καὶ

1024 1624 1157 1659 λεγόντων
1174 1622 1211 1658 μὴ
1223 1622 1294 1658 ἔχειν
1311 1621 1422 1657 βασιλέα
1444 1621 1490 1647 τὸν
1515 1620 1628 1656 Κύριον,
1656 1619 1723 1647 ἀλλὰ
1747 1620 1817 1646 Καί-

1026 1679 1106 1706 σαρα.
1123 1669 1168 1704 Μὴ
1183 1669 1313 1703 ἀγνοείτω
1328 1668 1356 1695 δὲ
1382 1668 1396 1694 ὀ
1412 1667 1596 1704 κρατούμενος
1612 1666 1663 1693 ὑπὸ
1683 1666 1737 1694 τῶν
1755 1666 1817 1702 ἠδο-

1025 1716 1090 1748 νῶν,
1105 1716 1152 1742 καὶ
1165 1715 1266 1750 μᾶλλον
1282 1715 1378 1746 αὑταῖς
1397 1713 1574 1749 τερπόμενος,
1590 1713 1631 1739 ὅτι
1656 1712 1703 1738 καὶ
1723 1711 1815 1746 αὐτὸς,

1026 1762 1064 1794 ὡς
1075 1763 1099 1788 οἱ
1122 1761 1254 1793 Ἰουδαῖοι,
1271 1761 1316 1787 τὸν
1333 1760 1478 1796 Βαραϐϐᾶν
1493 1760 1619 1791 αἰτεῖται,
1635 1759 1682 1786 καὶ
1704 1758 1749 1785 τὸν
1760 1757 1816 1784 Κύ-

1027 1818 1085 1846 ριον
1101 1807 1267 1836 ἀποκτείνει.
1285 1807 1363 1834 Οὖτω
1381 1806 1436 1842 γὰρ
1451 1807 1476 1832 οί
1494 1805 1625 1836 Ἰουδαῖοι,
1641 1805 1686 1831 τὸν
1714 1803 1816 1838 φαῦλον

1026 1855 1126 1891 τρόπον
1153 1854 1347 1888 ἀγαπήσαντες
1374 1852 1419 1879 τὸν
1433 1852 1480 1879 τοῦ
1495 1851 1634 1887 Βαραὸῦᾶ,
1649 1850 1741 1877 λοιπὸν
1766 1850 1816 1885 τὴν

1027 1900 1127 1937 ἀρετὴν
1141 1899 1303 1932 ἁπεδίωξαν.
1318 1898 1477 1925 Γινωσκέτω
1489 1898 1518 1924 δὲ
1530 1898 1577 1925 καὶ
1594 1898 1608 1923 6
1627 1897 1664 1932 μὴ
1677 1898 1710 1932 τῇ
1725 1896 1816 1923 πίστει

1029 1947 1148 1983 ἰσχυρὸς,
1170 1947 1212 1973 ὅτι
1226 1945 1346 1977 τοιοῦτός
1369 1946 1453 1976 ἐστιν,
1469 1944 1505 1975 ὠς
1521 1945 1546 1970 οἱ
1571 1942 1748 1974 ἀπιστοῦντες
1769 1943 1818 1969 καὶ

1027 1993 1160 2027 λέγοντες·
1174 2002 1183 2018 ι
1199 1992 1230 2018 Ei
1248 1991 1312 2022 Υἱός
1325 1992 1383 2017 ἐστι
1396 1990 1443 2017 τοῦ
1456 1989 1534 2022 Θεοῦ,
1550 1989 1695 2017 καταϐάτω
1707 1987 1754 2015 νῦν
1764 1987 1817 2014 ἀπὸ

1026 2039 1074 2066 τοῦ
1102 2037 1235 2074 σταυροῦ,
1262 2037 1308 2064 καὶ
1333 2036 1514 2072 πιστεύσομεν
1543 2035 1626 2070 αὐτῷ.
1645 2045 1655 2061 ι
1681 2035 1736 2061 Καὶ
1765 2034 1817 2071 γὰρ

1027 2085 1151 2112 κάκεῖνοι
1167 2082 1346 2114 ἀπιστοῦντες
1362 2082 1526 2117 ἐεθὲγγοντο
1536 2081 1622 2108 ταῦτα
1638 2081 1703 2117 (81).
1716 2080 1748 2107 Τί
1771 2078 1817 2107 οὖν

1027 2130 1073 2157 ἐπὶ
1087 2129 1192 2161 τούτοις
1204 2129 1256 2166 χρὴ
1268 2129 1354 2155 ποιεῖν
1366 2137 1373 2161 ;
1391 2128 1475 2155 Οὐδὲν
1487 2128 1579 2164 ἓτερον
1595 2127 1612 2163 ἢ
1624 2127 1761 2154 πιστεύειν
1778 2125 1818 2162 τῷ

1027 2174 1148 2210 Χριστῷ,
1162 2174 1210 2200 καὶ
1234 2174 1294 2201 κατ’
1309 2173 1389 2200 αὑτὸν
1412 2172 1608 2206 πολιτεύεσθαι,
1636 2171 1725 2203 καθὼς
1738 2172 1786 2198 καὶ
1803 2172 1817 2198 6

188 2219 306 2252 fabulas,
321 2219 493 2255 genealogias
510 2220 709 2254 interminatas,
726 2229 785 2256 qua:
801 2222 892 2257 potius
905 2231 972 2257 qure-

1030 2219 1136 2251 ῐΙαῡλος
1151 2219 1234 2254 λέγει·
1254 2228 1263 2244 ι
1282 2218 1407 2254 Μιμηταί
1419 2227 1469 2254 μου
1484 2217 1602 2252 γίνεσθε,
1623 2216 1714 2248 καθὼς
1740 2216 1817 2252 κάγὼ

188 2266 292 2294 stiones
314 2265 443 2299 alferunt,
463 2274 545 2301 quant
558 2266 766 2295 aedificationem
790 2267 838 2296 Dei
859 2269 885 2296 in
906 2269 978 2303 fide;

189 2313 330 2340 adhaerere
349 2316 440 2341 autem
457 2314 543 2346 cruci,
555 2318 583 2341 et
597 2318 627 2341 ut
641 2314 686 2341 illa
706 2315 818 2350 (lignum
838 2319 880 2343 est
896 2316 980 2343 vitam

190 2359 335 2387 instituere
351 2369 358 2387 :
375 2364 457 2395 atque
476 2359 588 2387 easdem
607 2368 677 2396 quas
692 2361 796 2392 Paulus
814 2369 896 2389 voces
914 2369 980 2397 pro-

190 2404 263 2433 ferre
280 2415 288 2433 ι
307 2415 317 2432 ‹
341 2405 406 2433 Mihi
427 2409 518 2434 autem
538 2406 610 2435 absit
628 2407 752 2442 gloriari,
772 2407 826 2434 nisi
847 2407 875 2434 in
898 2415 980 2436 cruce

190 2450 299 2479 Domini
324 2452 412 2480 nostri
432 2452 497 2480 Jesu
515 2452 619 2481 Christi
633 2453 666 2479 ⁸⁸.
687 2462 696 2479 ι
713 2453 780 2480 Nam
799 2454 823 2481 si
841 2453 877 2482 ita
894 2455 978 2482 vitam

190 2505 314 2533 agamus,
337 2499 536 2534 credamusque
560 2499 588 2527 in
606 2499 763 2532 Dominum.
780 2507 978 2536 cognoscemus

189 2542 253 2577 ejus
264 2539 295 2570 in
313 2544 399 2572 caelos
418 2545 645 2580 assumptionem,
663 2545 777 2580 ejusque
790 2545 824 2572 ad
837 2545 977 2573 dexteram

191 2589 344 2625 majestatis
370 2591 546 2624 sessionem;
583 2590 790 2626 videbimusque
818 2591 977 2626 angelorum

228 2701 250 2717 "
271 2702 281 2728 l
297 2701 359 2729 Cor.
382 2707 421 2732 ιιι,
442 2700 487 2727 27.
540 2700 563 2718 ³³
582 2701 661 2728 Prov.
679 2709 734 2732 xiv,
753 2701 800 2729 5i.

192 2735 215 2752 ⁸⁷
236 2736 324 2765 lCor.
342 2744 380 2768 tv,
399 2737 443 2764 tu.
481 2735 503 2751 "
523 2735 611 2768 Galat.
631 2744 675 2769 Vl,
695 2736 737 2763 Μ.

229 2815 284 2850 (79)
303 2814 480 2849 Anglicanus,
493 2814 544 2850 και
555 2814 636 2846 αὐτὸς
646 2810 735 2850 οὗτος.

230 2848 286 2886 (80)
305 2848 484 2885 Anglicanus,
505 2849 550 2876 τοῦ
572 2849 668 2884 Ἰησοῦ.
686 2848 758 2876 lnt‘ra
774 2849 800 2877 in
818 2849 911 2878 codice
925 2848 978 2876 Be-

856 2701 879 2717 ³⁸
899 2701 994 2730 Matth.
1013 2709 1076 2734 xxv,
1093 2703 1138 2731 40.

1028 2265 1230 2302 Χριστοῦ-»καὶ
1241 2265 1291 2300 τὴν
1307 2265 1356 2300 μὲν
1373 2264 1506 2291 Ἰουδαίων
1518 2263 1698 2299 ἐκτρέπεσθαι
1716 2263 1815 2298 φιλίαν,

1028 2313 1076 2340 καὶ
1089 2311 1227 2344 ἀπιστίαν,
1241 2312 1288 2339 καὶ
1305 2311 1414 2347 χλεύην,
1429 2312 1476 2338 καὶ
1491 2311 1602 2346 μύθους,
1621 2311 1668 2337 καὶ
1692 2309 1816 2344 γενεαλο-

1028 2359 1090 2393 γίας
1106 2349 1286 2394 ἀπεράντους,
1299 2358 1401 2390 αἵτινες
1413 2357 1540 2394 ζητήσεις
1558 2357 1705 2393 παρέχουσι
1718 2355 1816 2390 μᾶλλον

1029 2405 1212 2441 ἢοὶκονομίαν
1236 2403 1305 2431 Θεοῦ
1333 2404 1382 2440 τὴν
1411 2404 1440 2430 ἐν
1468 2403 1568 2430 πίστει·
1589 2402 1699 2437 ἔχεσθαι
1725 2402 1754 2428 δὲ
1771 2401 1816 2428 τοῦ

1033 2451 1149 2487 σταυροῦ
1163 2451 1210 2478 καὶ
1225 2450 1308 2483 ἀξίως
1322 2449 1403 2476 αὐτοῦ
1433 2448 1633 2480 πολιτεύεσθαι,
1652 2447 1700 2474 καὶ
1729 2446 1818 2480 λέγειν

1030 2497 1080 2528 τὰς
1092 2496 1176 2528 αὐτὰς
1191 2495 1230 2531 τῷ
1243 2495 1342 2531 Παύλῳ
1354 2494 1454 2530 φωνάς·
1488 2504 1497 2520 ι
1521 2494 1598 2530 Ἐμοὶ
1616 2494 1645 2520 δὲ
1665 2493 1701 2530 μὴ
1715 2492 1818 2527 γένοιτο

1031 2542 1194 2578 καυχᾶσθαι,
1211 2543 1235 2568 εί
1260 2541 1297 2577 μὴ
1321 2542 1351 2567 ὲν
1369 2540 1408 2576 τῷ
1423 2540 1533 2576 σταυρῷ
1556 2540 1603 2566 τοῦ
1620 2539 1723 2575 Κυρίου
1743 2539 1818 2575 ἡμῶν

1037 2588 1123 2624 Ἰησοῦ
1158 2586 1288 2624 Χριστοῦ.
1306 2597 1316 2614 ι
1345 2587 1423 2615 Οὕτω
1446 2586 1502 2622 γὰρ
1527 2586 1751 2621 πολιτευσάμενοι
1773 2584 1818 2611 καὶ

1195 2702 1217 2719 ³⁸
1235 2701 1246 2729 1
1262 2700 1332 2733 Cor,
1344 2709 1385 2734 in,
1404 2701 1447 2728 Π.
1506 2700 1528 2716 ³⁸
1549 2698 1644 2726 Matth.
1662 2704 1756 2732 xxvu,
1772 2695 1816 2725 ιε.

1034 2812 1140 2851 εἰοτὲιῖις
1147 2813 1287 2851 emissum
1303 2816 1365 2851 ante
1385 2810 1488 2843 Παῦλος
1503 2810 1613 2846 γραφει-

1069 2847 1125 2883 ιὸί)
1146 2847 1258 2883 Regius,
1274 2847 1395 2874 τοιαῦτα.
