1915 3057
122 137 174 166 249

647 135 693 162 DE
714 134 884 162 PASSlONE
899 134 944 162 ET
962 135 1079 165 CHUCE
1100 135 1229 164 DOMINI.

1685 137 1738 164 250

120 194 314 227 πιστεύσαντες
325 195 366 226 είς
378 193 424 221 τδν
438 194 549 229 Κύριον,
559 194 720 230 γνωσόμεθα
735 193 784 229 τὴν
796 195 837 226 είς
859 194 906 220 οὐ-

965 195 1165 230 tubjectionem,
1193 195 1310 230 ejusque
1334 198 1484 223 secundum
1513 193 1656 221 adventum
1677 201 1740 221 cum

121 241 215 278 ρανοὺς
229 240 361 276 ἀνάληψιν
377 240 470 272 αὐτοῦ,
485 241 533 267 καὶ
557 241 606 276 τὴν
621 241 650 267 ὲν
671 239 746 276 δεξιᾷ
756 240 804 275 τῆς
821 249 906 275 μεγα-

120 287 231 323 λοσύνης
261 287 380 320 κάθισιν,
398 287 445 314 καὶ
471 287 519 322 τὴν
543 287 597 315 τῶν
620 287 744 322 ἀγγέλων
767 287 905 321 ὑποταγὴν

120 333 248 369 ὀψόμεθα,
263 334 310 360 καὶ
320 333 368 368 τὴν
385 332 453 369 μετὰ
467 333 545 368 δόξης
559 332 640 360 αὑτοῦ
653 333 734 359 πάλιν
742 332 903 368 παρουσίανο

119 380 152 416 ἢν
169 379 278 414 ἄγγελοι
302 380 349 415 μὲν
367 379 605 415 προσημαίνουσιν,
634 379 706 413 ᾶγιοι
730 378 758 404 δὲ
777 377 902 413 ὑμνοῦσι’

121 424 217 457 πάντες
242 425 270 451 δὲ
295 424 410 460 ὁρῶντες
432 424 622 459 ἀγαλλιῶνται,
648 424 696 450 καὶ
721 424 859 459 χαίρουσιν
874 423 903 449 ἐν

957 240 1042 276 gloria
1069 240 1191 268 futurum
1220 250 1226 268 :
1252 240 1309 276 84
1335 248 1414 275 quem
1440 239 1527 275 angeli
1546 239 1740 274 praenuntiant,

957 287 1045 314 sancti
1075 287 1220 314 decantant
1245 295 1254 315 :
1279 295 1375 314 omnes
1397 290 1485 314 autem
1505 286 1552 321 qui
1573 286 1673 317 vident,
1692 293 1742 312 ex-

955 334 1070 366 sultant,
1100 338 1126 361 et
1150 334 1269 368 gaudent
1292 334 1320 360 in
1351 333 1461 361 Christo
1487 332 1563 366 Iesu,
1585 340 1633 368 per
1659 339 1740 367 quem

954 377 1028 406 Patri
1051 379 1136 414 gloria
1164 383 1192 406 et
1224 379 1368 414 imperium
1392 378 1420 406 in
1443 378 1543 406 saecula
1566 378 1739 406 stnculorum.

952 423 1046 452 Amen.

120 472 227 508 Χριστῷ
241 471 337 507 Ἰησοῦ,
350 471 382 497 δι’
396 467 427 498 οὗ
442 470 480 506 τῷ
489 471 575 506 Πατρὶ
589 471 606 506 ἡ
622 470 685 503 δόξα
702 471 749 497 καὶ
762 470 792 497 τὸ
803 470 902 505 κράτος
916 471 956 502 είς
973 471 1037 502 τοὺς
1051 470 1152 503 αἰῶνας
1165 471 1218 497 τῶν
1232 470 1346 498 αἰώνων.
1368 470 1462 506 Ἀμήν.

225 529 439 557 ΑθΑΝΑΣιογ
451 529 514 555 ειΣ
530 529 573 555 T0
590 529 711 556 meo:
721 527 799 563 (εν).

1028 527 1237 556 ATIIANASII
1251 528 1301 555 DE
1314 527 1502 556 PASSIONE
1516 527 1670 557 DOMINI.

643 584 891 621 (Mal,_Bibliotheca
901 593 967 612 nova
979 584 1089 612 Patrum
1102 606 1110 619 ,
1126 585 1148 613 ιι
1157 605 1164 618 ,
1177 585 1251 621 578.)

155 657 164 674 ι
189 645 378 674 ’Ἐϐασίλευσεν
399 644 413 670 ὁ
434 643 547 675 Θάνατος
563 643 617 670 ἀπὸ
637 642 722 678 ’Λδὰμ
742 642 822 678 μέχρι
842 643 906 669 Μω-

122 693 196 725 σέως.
209 702 218 718 ›
232 693 312 727 ’Λρτι
329 691 357 717 δὲ
365 690 503 725 τολμήσας
521 689 591 716 κατὰ
612 689 657 715 τοῦ
677 689 792 724 Κυρίου,
809 688 907 724 θεωρεί

121 739 213 766 ἑαυτὸν
228 735 394 772 ἐκϐληθέντα
411 735 458 762 τοῦ
474 735 583 767 παντὸς,
604 735 651 761 καὶ
667 734 718 760 ὑπὸ
735 734 843 761 πάντων
859 742 907 760 κα-

121 784 321 819 ταπατούμενον
337 783 404 819 (8‘2),
420 782 470 809 καὶ
492 780 699 816 συντριϐόμενον
717 780 770 806 ὑπὸ
783 781 845 810 τοὺς
859 779 906 806 πό-

120 831 166 863 δας
186 831 284 866 ἡμῶν·
307 829 338 856 τό
351 837 383 863 γε
405 828 458 864 μὴν
477 827 548 863 μέγα
560 827 606 853 καὶ
626 826 785 862 παράδοξον,
801 826 841 852 ὅτι
861 826 907 852 καὶ

996 653 1005 669 ι
1024 643 1158 679 Regnavit
1172 651 1246 671 mors
1262 643 1295 670 ab
1310 642 1414 669 Adamo
1429 650 1516 677 usque
1529 642 1565 669 ad
1583 642 1710 678 Moysem.
1730 651 1741 669 ι

958 688 1037 716 Nunc
1053 697 1117 716 vero
1130 689 1235 716 facinus
1251 696 1317 715 ausa
1336 688 1467 716 adversus
1488 687 1630 715 Dominum
1641 708 1648 720 ,
1671 688 1744 716 videt

959 743 988 762 se
999 735 1073 762 omni
1095 742 1145 769 ope
1167 735 1311 769 deiectam,
1330 734 1518 761 eoneuleatam
1539 734 1574 761 ab
1593 734 1719 761 omnibus
1733 753 1741 765 ,

959 779 1128 814 pedibusque
1144 779 1248 806 nostris
1262 779 1416 813 protritam.
1446 777 1498 805 Sed
1528 777 1598 812 quod
1615 785 1743 812 maguum

959 829 1001 853 est
1015 829 1041 852 ct
1056 825 1281 859 inexspectatum,
1298 825 1357 859 ipso
1382 824 1408 851 in
1434 831 1515 851 cruce
1532 823 1666 858 pendente
1693 822 1744 849 Do-

121 877 162 904 ἐπ’
182 877 264 904 αὑτοῦ
292 875 351 909 τοῦ]
366 873 483 910 σταυροῦ
516 872 691 909 κρεμαμένου
720 872 766 898 τοῦ
790 871 903 907 Κυρίου,

965 873 1029 899 uiuo
1045 872 1136 906 (hujus
1149 872 1220 899 enim
1235 879 1335 906 corpus
1362 875 1438 903 erat,
1465 871 1492 898 in
1517 877 1603 904 eoque
1624 869 1743 896 Verbqu

121 923 211 958 (αὑτοῦ
225 923 279 958 γὰρ
289 919 323 958 ἦν
340 921 369 948 τὸ
384 921 474 956 σῶμα,
497 920 544 947 καὶ
560 920 587 946 ὲν
603 918 678 954 αὖτῷ
696 916 730 954 ἦν
742 918 757 945 ὁ
769 917 880 952 Λόγος)
892 918 906 944 ὁ

123 970 170 1004 μὲν
188 968 263 1004 ἥλιος
279 967 437 1002 ἐσκοτίσθη,
458 967 475 1001 ὴ
495 965 523 992 δὲ
540 965 577 1000 γῆ
594 964 752 1000 ὲτρόμαξεν,
763 964 790 990 αἱ
810 963 907 998 πέτραι

122 1015 295 1050 ἐσχίσθησαν,
311 1014 358 1041 καὶ
375 1013 406 1040 τὸ
427 1013 626 1047 καταπέτασμα
641 1010 688 1037 τοῦ
705 1010 769 1037 ναοῦ
783 1009 905 1045 ὲσχίσοη,

123 1062 166 1087 καὶ
187 1060 274 1087 πολλὰ
299 1059 411 1095 σώματα
435 1059 488 1086 τῶν
505 1058 769 1094 προκεκοιμωμένων
787 1056 885 1091 ἀνέστη
898 1064 905 1071 ·

123 1106 167 1133 καὶ
189 1106 288 1138 οὐδεὶς,
310 1105 403 1141 ὥσπερ
424 1105 471 1132 νῦν
493 1104 625 1139 Ἀρειανοὶ
644 1103 775 1138 τολμῶσι,
793 1101 907 1136 διελογί-

124 1162 185 1180 σατο
204 1155 228 1180 εί
254 1153 295 1180 δεῖ
324 1151 488 1189 σαρκωθέντι
511 1150 549 1186 τῷ
565 1151 643 1185 Λόγῳ
662 1148 801 1176 πείθεσθαι
813 1157 820 1164 ·
840 1147 909 1175 ἀλλὰ

123 1200 168 1228 καὶ
193 1200 338 1236 ἄνθρωπον
369 1198 521 1234 βλέποντες,
546 1196 729 1230 ἐπεγίνωσκον
747 1194 827 1221 αὐτὸν
844 1193 908 1220 ὄντα

124 1246 286 1284 δημιουργὸν
295 1244 384 1273 αὐτῶν
394 1253 400 1259 ·
416 1244 461 1271 καὶ
472 1242 644 1278 ἀνθρωπίνης
653 1241 746 1278 φωνῆς
753 1239 906 1274 ἀκούοντες,

124 1295 153 1320 οὐ
175 1294 218 1321 διὰ
241 1293 274 1320 τὸ
299 1291 470 1327 ἀνθρώπινον
494 1290 585 1324 ἔλεγον
601 1289 642 1316 ὅτι
657 1289 670 1315 ό
693 1288 778 1322 Λόγος
806 1287 909 1322 κτίσμα

124 1340 212 1367 ἐστίν’
230 1338 302 1366 ἀλλὰ
329 1338 376 1365 καὶ
398 1337 497 1373 μᾶλλον
521 1336 647 1371 ἔτρεμον,
667 1335 715 1361 καὶ
738 1334 814 1360 οὐδὲν
828 1330 909 1369 ἧττον

124 1387 278 1421 ἐγίνωσκον,
307 1386 349 1412 ὅτι
373 1386 405 1411 ὲκ
428 1383 491 1411 ναοῦ
514 1383 592 1417 ἁγίου
615 1381 777 1416 ἐφθέγγετο·
802 1380 832 1406 οὺ
855 1379 909 1414 γὰρ

125 1434 224 1470 κτίσμα
249 1435 266 1469 ἡ
302 1432 390 1464 κτίσις
414 1431 579 1467 προσκυνεῖ·
608 1429 668 1455 οὐδὲ
698 1427 778 1455 πάλιν
801 1427 845 1454 διὰ
860 1427 910 1461 τὴν

125 1480 222 1515 σάρκα,
247 1479 398 1514 παρῃτεῖτο
423 1477 467 1504 τὸν
488 1476 589 1511 Κύριον
610 1474 708 1510 ἑαυτῆς
735 1473 908 1509 προσκυνεῖν,

125 1526 189 1553 ἀλλὰ
200 1527 244 1553 τὸν
263 1527 365 1561 ἑαυτῆς
375 1523 537 1560 δημιουργὸν
554 1522 666 1549 ἔϐλεπεν
682 1523 710 1548 ὲν
728 1521 767 1556 τῷ
783 1522 908 1556 σώματι*

959 919 1118 952 exsistebat)
1133 918 1190 946 sole
1204 918 1392 949 obtenebrato,
1409 921 1480 944 terra
1492 920 1635 947 tremente,
1656 915 1742 950 petris

960 965 1065 997 scissis,
1080 965 1139 992 velo
1157 965 1249 999 templi
1273 964 1379 995 diviso,
1403 963 1549 998 multisque
1567 968 1745 998 praemortuo-

959 1019 1020 1038 rum
1035 1010 1195 1045 corporibus
1209 1010 1242 1037 ad
1268 1010 1349 1036 vitam
1373 1010 1526 1041 revocatis,
1549 1016 1629 1036 nemo
1653 1011 1746 1035 tamen

960 1056 1121 1091 ambigebat,
1138 1061 1168 1082 ut
1182 1063 1254 1082 nunc
1269 1055 1398 1082 audacter
1415 1054 1518 1082 faciunt
1531 1053 1635 1085 Ariani,
1652 1061 1686 1080 an
1702 1053 1745 1080 in-

960 1107 1072 1129 carnato
1098 1101 1188 1129 Verbo
1216 1105 1289 1130 esset
1311 1101 1476 1129 credendum
1499 1110 1505 1128 :
1533 1100 1580 1128 sed
1606 1099 1744 1126 hominem

961 1152 1122 1181 cernentes,
1146 1150 1313 1183 agnoverunt
1337 1154 1400 1174 eum
1417 1146 1572 1174 Creatorem
1600 1152 1700 1172 suum:
1719 1146 1747 1171 et

960 1193 1107 1220 humanam
1123 1201 1216 1220 vocem
1228 1193 1381 1224 audientes,
1392 1200 1446 1219 non
1460 1195 1550 1218 tamen
1568 1191 1603 1218 ob
1621 1189 1748 1217 humani—

963 1244 1046 1267 tatem
1064 1239 1172 1266 aiebant
1188 1238 1304 1266 Verbum
1327 1246 1389 1266 esse
1408 1243 1560 1265 creaturam
1576 1247 1582 1264 :
1600 1237 1648 1264 sed
1662 1236 1746 1263 vehe-

961 1286 1079 1313 menlius
1089 1287 1142 1313 imo
1155 1285 1309 1313 metuebant
1322 1294 1328 1312 :
1342 1293 1430 1320 neque
1443 1292 1504 1312 eum
1518 1283 1608 1311 secius
1619 1290 1748 1318 agnosce-

961 1332 1036 1365 bant,
1052 1340 1132 1367 quam
1148 1331 1170 1359 si
1192 1332 1225 1359 de
1246 1332 1346 1367 templo
1364 1335 1459 1358 sancto
1475 1330 1586 1358 oracula
1600 1329 1746 1357 emitteret.

961 1376 1019 1405 Non
1031 1378 1101 1405 enim
1117 1385 1173 1405 rem
1186 1381 1303 1404 creatam
1318 1381 1441 1405 creatura
1458 1376 1551 1403 adorat
1563 1385 1570 1408 ;
1584 1383 1672 1410 neque
1684 1374 1748 1401 item

962 1423 1054 1450 carnis
1077 1430 1158 1450 causa
1183 1423 1313 1450 renuebat
1330 1421 1473 1448 Dominum
1502 1428 1580 1448 suum
1605 1419 1747 1452 venerari,

967 1471 1014 1498 sed
1030 1470 1186 1498 Creatorem
1215 1477 1293 1496 suum
1310 1468 1337 1494 in
1361 1474 1474 1502 corpore
1491 1465 1631 1500 spectabat
1645 1475 1650 1492 :
1667 1469 1748 1499 atque

962 1517 989 1544 in
1005 1517 1113 1544 nomine
1126 1515 1188 1543 Jesu
1210 1515 1312 1542 Christi
1335 1521 1415 1541 onme
1442 1520 1512 1547 genu
1536 1517 1592 1538 tum
1618 1511 1747 1538 ﬂecteba-

126 1573 170 1599 καὶ
185 1573 214 1599 ὲν
229 1571 268 1607 τῷ
280 1571 392 1606 ὀνόματι
411 1568 498 1605 Ἰησοῦ
514 1567 631 1604 Χριστοῦ
647 1567 700 1593 πᾶν
711 1566 775 1600 γόνυ
787 1565 910 1600 ἔκαμπτε

965 1567 1007 1590 tur
1019 1571 1050 1590 ac
1068 1570 1148 1597 porro
1162 1561 1295 1591 (lectetur,
1310 1563 1336 1587 et
1353 1559 1442 1586 omnis
1455 1559 1547 1593 lingua
1561 1556 1747 1589 conﬁtebitur,

125 1619 170 1646 καὶ
189 1619 304 1654 κάμψει,
326 1617 373 1643 καὶ
396 1616 469 1642 πᾶσα
481 1614 592 1649 γλῶσσα
624 1612 849 1648 ἐξομολογήσεται
872 1611 912 1638 ὃτι

127 1665 225 1702 Κύριος
247 1663 353 1699 Ἰησοῦς
376 1662 490 1698 Χριστός
501 1670 507 1676 ·
534 1661 564 1687 οὐ
579 1660 632 1696 γὰρ
648 1659 754 1692 ἀδοξίαν
766 1659 880 1693 ἤνεγκεν
896 1658 912 1693 ἡ

129 1712 193 1748 σὰρξ
206 1711 244 1746 τῷ
258 1711 340 1745 Λόγῳ
352 1718 359 1725 ·
379 1709 416 1744 μὴ
430 1709 542 1742 γένοιτο·
557 1706 624 1733 ἀλλὰ
641 1706 740 1742 μᾶλλον
757 1705 825 1739 αὕτη
841 1704 913 1731 δεδό-

129 1757 220 1789 ξασται
232 1756 298 1792 παρ’
315 1754 395 1782 αὑτοῦ
406 1763 412 1769 ·
428 1754 486 1780 οὐδὲ
502 1753 595 1789 ἐπειδὴ
612 1753 705 1779 δούλου
730 1752 834 1788 μορφὴν
852 1750 914 1777 ἀνέ-

127 1805 205 1831 λαϐεν
229 1805 244 1829 ὁ
259 1804 289 1829 ὲν
307 1803 398 1837 μορφῇ
425 1800 492 1826 Θεοῦ
523 1800 651 1835 ὑπάρχων
668 1798 747 1830 Υἱὸς,
771 1796 913 1832 ἠλαττώθη

129 1851 174 1886 τῆς
186 1850 325 1885 Θεότητος,
337 1847 403 1874 ἀλλὰ
415 1846 514 1882 μᾶλλον
528 1845 574 1872 καὶ
588 1845 667 1876 αὐτὸς
679 1843 855 1878 ἐλευθέρως-ῆς
865 1842 916 1868 πά-

130 1904 177 1931 σης
189 1895 289 1931 σαρκὸς
302 1893 349 1920 καὶ
361 1893 450 1927 πάσης
462 1891 577 1922 κτίσεως
587 1890 697 1925 γέγονεν
709 1898 715 1903 ·
729 1889 758 1920 ὃς
772 1889 818 1915 καὶ
836 1897 917 1915 σταυ-

131 1942 267 1978 ροὺμενος,
285 1940 466 1976 ἐμαρτυρεῖτο
489 1937 626 1971 Δεσπότης
650 1936 699 1971 τῆς
722 1936 853 1966 κτίσεως·
871 1944 917 1961 συ-

131 1988 280 2019 στείλαντος
301 1987 350 2022 μὲν
368 1985 444 2021 ἡλίου
463 1983 512 2016 τὰς
527 1983 647 2014 ἀκτῖνας,
664 1981 773 2016 καὶτῆς
788 1981 840 2015 γῆς
854 1989 917 2016 τρε-

132 2033 241 2070 μούσης,
252 2033 308 2060 τῶν
320 2031 349 2058 δὲ
370 2029 476 2066 πετρῶν
495 2028 670 2065 σχιζομένων,
688 2027 733 2053 καὶ
746 2026 799 2053 τῶν
814 2026 918 2061 δημίων

131 2079 302 2114 ὲπιγνόντων,
331 2078 373 2104 ὅτι
400 2075 506 2111 ἀληθῶς
519 2074 585 2102 Θεοῦ
599 2074 664 2105 Υἱός
676 2074 749 2099 ἐστιν
762 2073 776 2099 ὁ
795 2080 918 2107 σταυρω-

133 2125 202 2157 0:1;-
227 2125 259 2152 οὐ
283 2124 338 2159 γὰρ
369 2122 512 2158 ἀνθρώπου
540 2121 611 2152 τινος
638 2118 672 2155 ἦν
694 2119 725 2146 τὺ
757 2118 919 2154 βλεπόμενον

136 2171 221 2206 σῶμα,
242 2170 313 2197 ἀλλὰ
337 2168 404 2196 ε)εοῦ
419 2177 425 2184 ·
450 2169 479 2194 ἐν
502 2163 524 2201 ᾧ
542 2166 682 2202 τυγχάνων
703 2165 750 2192 καὶ
765 2165 809 2190 ὅτε
822 2164 921 2190 ὲσταυ-

135 2217 219 2253 ροῦτο,
243 2218 339 2253 ἤγειρε
360 2214 546 2251 νεκρούς-,ὅτε
561 2213 607 2240 καὶ
626 2213 640 2238 ὁ
653 2212 727 2247 ἥλιος
742 2210 914 2245 ἀγανακτῶν,
931 2232 953 2259 D

136 2265 177 2290 καὶ
190 2265 226 2299 μὴ
240 2263 333 2299 φέρων
347 2262 395 2293 τὰς
407 2261 477 2287 κατὰ
491 2259 537 2286 τοῦ
553 2257 643 2285 κοινοῦ
658 2257 766 2284 πάντων
779 2255 915 2282 Δεσπότου

138 2309 277 2344 γενομένας
301 2305 460 2342 σωματικὰς
489 2302 636 2340 ὒϐρεις,ὃις
657 2301 727 2328 ἑκὼν
745 2301 825 2333 αὐτὸς
846 2300 917 2335 ὑπὲρ

138 2354 209 2389 ἡμῶν
238 2354 396 2388 ὑπέμεινεν,
418 2351 597 2386 ἀπεστράφη·
612 2348 720 2380 καὶτὰς
743 2348 854 2378 ἀκτῖνας
872 2355 919 2372 συ-

139 2400 248 2433 στείλας,
265 2399 316 2436 τὴν
330 2398 435 2435 ἡμέραν
448 2397 554 2427 ἐκείνην
567 2396 674 2432 ἀνήλιον
689 2394 801 2427 ἔδειξεν.

171 2477 236 2513 (δι’)
251 2477 292 2513 [ta
306 2475 406 2513 diserte
424 2473 560 2513 cod._Vat.
577 2472 655 2513 ltili:
669 2486 703 2491 —-
723 2471 783 2513 iam
805 2477 870 2497 vero
884 2469 913 2513 in

145 2506 237 2539 Veneta
257 2511 287 2538 S.
306 2510 448 2537 Athanasii
464 2509 582 2536 editione
599 2513 619 2534 t.
631 2506 664 2538 ll,
680 2514 705 2541 p.
721 2507 752 2534 61
771 2514 841 2539 seq.,
857 2512 916 2531 ser-

142 2555 182 2574 mo
194 2547 309 2574 habetur
326 2545 364 2572 De
391 2545 512 2579 passione
529 2543 652 2579 Domini,
675 2549 755 2579 quem
779 2549 841 2579 eum
867 2546 916 2574 ego

141 2589 199 2608 cum
216 2582 266 2608 hac
277 2586 305 2608 et
321 2581 380 2607 aliis
391 2576 425 2606 de
440 2579 565 2614 passione
580 2578 707 2614 partibus
724 2577 750 2603 in
763 2576 856 2614 codice
868 2582 918 2601 no-

142 2620 196 2643 stro
213 2624 228 2642 a
246 2615 340 2643 Nieeta
355 2610 489 2649 ecloga-rio
507 2610 602 2649 positis
626 2612 777 2639 conferrem
789 2631 796 2642 ,
820 2610 917 2644 depre-

143 2651 220 2678 hendi
248 2658 401 2678 sermonem
420 2648 502 2676 illum
528 2648 651 2675 mutilum
671 2655 751 2679 esse,
775 2650 920 2681 partesque

144 2686 243 2721 aliquot
256 2685 360 2721 codicis
383 2692 444 2711 cum
468 2684 585 2711 editione
598 2690 756 2721 congruere,
770 2685 862 2721 partes
875 2684 918 2705 ta-

146 2716 203 2749 men
218 2721 285 2748 alias
299 2720 380 2748 modo
396 2726 481 2746 novas
503 2726 579 2752 esse,
600 2716 680 2746 modo
705 2718 771 2745 satis
787 2716 920 2744 diversas.

962 1607 1034 1643 quod
1050 1607 1180 1633 Dominus
1195 1611 1236 1633 est
1251 1604 1330 1633 Jesus
1346 1604 1481 1632 Christus.
1508 1603 1613 1630 Etenim
1627 1609 1690 1628 caro
1705 1601 1748 1628 in-

962 1654 1078 1689 glorium
1095 1651 1211 1680 Verbum
1228 1659 1282 1678 non
1297 1650 1404 1683 elTet-it;
1423 1649 1511 1682 absit;
1531 1649 1577 1676 sed
1591 1648 1650 1683 ipsa
1664 1646 1749 1681 magis

963 1708 978 1728 a
993 1699 1084 1727 Verbo
1105 1698 1254 1734 gloriﬁcata
1270 1697 1331 1724 fuit.
1345 1696 1400 1723 Nec
1412 1696 1473 1730 quia
1485 1695 1556 1723 servi
1573 1694 1685 1721 formam
1705 1700 1750 1720 ac-

964 1746 1044 1781 cepit,
1060 1746 1107 1780 qui
1124 1745 1150 1771 iu
1167 1744 1253 1771 forma
1275 1743 1322 1770 Dei
1347 1746 1405 1769 erat
1421 1741 1517 1772 Filius,
1533 1741 1593 1768 ideo
1607 1739 1750 1767 divinitate

964 1793 1119 1820 deminutus
1138 1791 1204 1824 fuit;
1223 1790 1277 1816 imo
1305 1796 1369 1816 vero
1391 1788 1449 1823 ipse
1474 1788 1602 1814 liberator
1616 1786 1751 1814 universae

964 1838 1055 1865 carnis
1071 1837 1212 1871 omnisque
1228 1838 1359 1862 creatura:
1371 1833 1458 1860 evasit
1472 1842 1479 1860 ;
1497 1840 1577 1867 quem
1589 1831 1670 1858 etiam
1686 1838 1750 1857 cru-

965 1882 1074 1910 cifixum
1098 1881 1270 1908 testabantur
1294 1877 1438 1905 Dominum
1463 1883 1524 1903 esse
1539 1879 1691 1902 creatarum
1707 1881 1752 1900 re-

966 1935 1042 1959 rum,
1062 1927 1103 1954 sol
1118 1925 1209 1952 radios
1241 1932 1304 1951 suos
1319 1923 1493 1954 contrahens,
1509 1926 1582 1948 terra
1605 1926 1751 1951 concussa,

967 1976 1049 2008 petra:
1071 1972 1164 1999 scissae
1175 1990 1181 2002 ,
1210 1969 1351 1996 car'uiﬁees
1377 1971 1556 2003 agnoscentes
1570 1973 1633 1992 vere
1647 1964 1693 1991 Dei
1709 1961 1753 1990 Fi-

967 2019 1033 2045 lium
1049 2025 1109 2044 esse
1126 2023 1205 2051 quem
1223 2015 1426 2042 cruciﬁxcraut.
1448 2012 1553 2047 Quippe
1568 2010 1640 2038 haud
1667 2010 1753 2036 alicu-

966 2064 1012 2099 jus
1026 2063 1144 2090 hominis
1154 2069 1254 2097 corpus
1268 2065 1325 2088 erat
1338 2060 1410 2095 quod
1424 2059 1608 2094 spectabatur,
1625 2056 1671 2084 sed
1687 2055 1752 2089 Dei;

969 2110 997 2137 in
1011 2118 1064 2145 quo
1075 2109 1162 2136 deitas
1172 2108 1317 2137 exsistcns,
1328 2111 1384 2133 tum
1399 2106 1481 2132 etiam
1497 2113 1558 2132 eum
1574 2102 1753 2136 crueiligeba-

970 2160 1024 2189 tur,
1042 2162 1165 2183 mortuos
1180 2153 1340 2182 suscitabat.
1357 2151 1415 2185 Quo
1431 2156 1552 2185 tempore
1571 2148 1611 2176 sol
1627 2147 1753 2181 indigna-

970 2205 1015 2228 tus
1029 2201 1124 2228 faciem
1138 2200 1250 2231 avertit,
1268 2198 1380 2225 minime
1397 2197 1489 2223 videre
1509 2194 1649 2222 sustinens
1666 2192 1754 2219 illatas

967 2241 1103 2274 communi
1116 2246 1236 2273 omnium
1250 2244 1364 2271 Domino
1378 2241 1533 2277 corporales
1551 2239 1756 2274 injurias,quas

965 2292 1010 2319 hic
1025 2296 1122 2326 sponte
1137 2298 1185 2326 pro
1201 2289 1281 2316 nobis
1302 2288 1438 2315 toleravit.
1468 2286 1562 2320 Itaque
1579 2283 1664 2311 radiis
1688 2290 1755 2310 con-

957 2339 1075 2375 tractis,
1090 2337 1163 2364 diem
1181 2336 1256 2363 illum
1275 2335 1335 2362 sine
1348 2334 1405 2362 sole
1419 2332 1554 2368 prcestitit.

966 2466 1082 2494 Omissis
1104 2465 1195 2499 itaque
1220 2463 1342 2500 partibus
1358 2460 1470 2500 omnino
1484 2457 1575 2500 editis,
1592 2456 1648 2500 haec
1663 2459 1755 2500 tamen

987 2491 1294 2528 £56152.'adfméuﬁenia
1312 2499 1339 2524 in
1358 2497 1444 2522 lucem
1468 2491 1626 2528 Prorm'ema
1651 2491 1754 2524 puum"

987 2510 1096 2528 rat-iura
1112 2510 1294 2527 auuttameutu
1313 2510 1339 2524 Ill
1358 2510 1444 2522 tumcu-
1468 2510 1626 2528 ιιιιιιιιω-υιι
1652 2510 1754 2524 tun“...

968 2510 1041 2564 gihil
1056 2543 1148 2562 moror
1163 2536 1278 2562 alterunt
1294 2533 1328 2559 de
1345 2532 1389 2558 die
1404 2530 1567 2566 Parasi-cves
1580 2532 1755 2566 sermonem,

970 2562 1015 2606 qui
1030 2571 1056 2597 in
1070 2571 1164 2597 eodem
1177 2568 1318 2606 Athanasii
1334 2572 1417 2606 torno.
1438 2572 1464 2598 p.
1483 2563 1552 2606 385,
1580 2562 1693 2606 legitur;
1709 2562 1755 2606 qui

1073 2595 1219 2632 Athanasii
1230 2603 1339 2630 nomine
1355 2595 1454 2635 dignus
1466 2603 1525 2631 est,
1544 2595 1633 2631 neque
1654 2595 1687 2622 ad
1706 2603 1756 2622 ex-

971 2639 1064 2673 (ιθιίοιο
1080 2645 1173 2667 nostra
1189 2639 1313 2674 pertinet.
1400 2671 1432 2674 __
1463 2669 1479 2674 _
1517 2668 1532 2674 η
1592 2667 1608 2674 _‘
1640 2664 1700 2674 VU

1007 2663 1333 2711 iiaa'e‘idé'cn.
1356 2671 1435 2706 p.78
1460 2669 1491 2697 C.
1516 2667 1647 2702 Sequitur
1660 2663 1761 2693 deinde

975 2709 1045 2739 nova
1063 2711 1120 2737 haec
1135 2717 1208 2745 pars.
1231 2709 1267 2736 ID.
