1915 3057
141 143 192 172 251
715 147 745 176 S.
767 148 1001 178 ATHANASIUS.
1021 167 1057 172 —
1075 147 1201 180 DUBlA.'
1407 159 1411 162 ”
1716 157 1769 186 252

152 214 1767 232 ________.—____________—_—__

618 287 651 314 ΙΝ
671 287 802 316 LIBRUM
823 289 867 316 DE
885 289 1110 318 VlRGlNlTATE
1131 292 1301 321 MONITUM.

182 367 208 395 Ι.
231 367 310 394 Haud
329 367 375 394 abs
401 375 428 395 re
451 367 581 395 dubitavit
607 367 745 401 Erasmus,
766 370 833 397 sitne
858 370 1002 398 Athanasii
1020 371 1062 398 Itic
1081 371 1158 404 liber,
1180 372 1256 406 cujus
1276 381 1339 400 sane
1362 374 1446 409 stylus
1465 375 1577 410 simplex
1596 381 1620 403 et
1639 377 1769 409 incultus.

145 415 328 443 Athanasiana
349 416 424 451 longe
440 416 552 450 inferior
566 416 676 443 videtur.
699 417 765 444 Post
782 417 924 445 Erasmum
943 427 1002 446 vero
1025 419 1158 447 Scultetus
1175 420 1328 455 hujusmodi
1341 430 1372 448 ea
1385 421 1417 448 de
1439 430 1467 449 re
1486 423 1544 449 tulit
1562 423 1694 457 judicium
1709 432 1718 451 :
1733 424 1772 452 De

145 461 313 497 virginitate,
334 463 428 497 inquit,
443 463 500 490 sive
514 462 548 489 de
563 462 740 490 meditatione
753 463 831 495 liber,
848 464 871 490 si
887 464 1031 492 Athanasii
1048 468 1101 498 est,
1119 465 1189 492 mire
1204 466 1304 500 dejecit
1321 467 1433 502 stylum,
1449 468 1538 502 inquit
1553 467 1695 497 Erasmus.
1715 469 1772 505 Ego

145 516 211 537 vero
224 513 251 537 et
263 510 423 545 gravitatem
438 510 617 544 theologicam
639 510 774 544 abjecisse
785 510 965 538 Athanasium
984 512 1110 544 dixerim,
1125 513 1148 540 si
1166 513 1241 540 istas‘
1254 514 1372 548 pueriles
1383 515 1578 549 praeceptiones
1590 515 1687 551 virgini
1700 524 1772 552 prat-

146 555 267 591 scripsit.
288 556 368 584 Certe
385 563 530 583 commune
544 555 612 582 nihil
629 556 732 584 habent
752 565 813 584 cum
831 559 969 592 germanis
984 557 1074 586 Patris
1096 559 1266 587 celeberrimi
1291 560 1414 596 scriptis.
1436 560 1487 588 Sed
1511 561 1676 596 nbstupescas
1694 563 1773 597 plane

145 603 170 629 si
185 602 316 634 advertas,
332 603 481 637 cujusmodi
496 603 621 630 sintist
638 603 750 637 pueriles
772 604 968 637 prim-cptiones.
982 604 1114 632 llortatur
1127 606 1256 640 virgines,
1273 606 1361 633 subdit
1377 607 1521 641 Scultetus,
1538 609 1571 635 ad
1587 613 1773 645 contemptum

146 648 277 682 pecuniae,
297 648 443 683 jejunium,
461 648 582 675 sobriam
604 648 698 681 vitam,
721 649 887 680 castitatem,
909 656 1016 683 preces,
1035 650 1270 677 conversationem
1295 655 1429 685 sanctam,
1452 652 1663 687 elcemOsynam,
1685 654 1774 682 medi-

145 693 265 722 lationes
283 698 404 727 sanctas,
427 694 616 722 recitationem
636 693 806 721 Psalmorum
825 697 852 721 et
866 693 919 721 alia
942 693 969 721 id
989 702 1085 730 genus.
1104 695 1262 723 Prmscribit
1278 700 1305 723 et
1321 701 1411 724 certas
1431 697 1512 725 horas
1531 698 1651 730 lectioni,
1666 700 1774 735 synaxi,

147 741 344 776 deprecationi,
359 742 477 778 hymnis.
494 741 680 773 Testiiicatur,
697 741 772 768 illum
791 742 819 768 in
834 743 915 769 tertio
927 742 1024 770 ordine
1043 743 1202 778 angelorum
1216 743 1357 771 inventum
1373 745 1417 776 iri,
1430 745 1477 780 qui
1494 751 1627 781 pnecepta
1641 747 1697 774 hazc
1713 754 1772 774 ser-

147 789 261 816 vaverit.
282 788 320 816 De
336 789 424 816 salute
439 796 488 816 sua
503 788 639 815 neminem
655 793 717 815 ante
731 788 836 815 obitum
857 792 962 815 certum
986 797 1048 817 esse
1065 797 1146 824 posse
1164 790 1254 817 docet.
1268 790 1309 817 En
1326 790 1384 822 tibi,
1402 790 1512 818 Sculteti
1523 792 1636 826 judicio,
1657 793 1776 828 pueriles

147 835 353 870 praeceptiones,
371 843 430 870 qua:
447 840 533 861 tamen
546 834 606 861 alite
621 843 672 861 non
688 839 748 861 sunt
763 843 842 869 quam
864 843 902 862 eae
920 843 987 870 quas
1006 835 1134 862 Dominus
1151 837 1178 862 in
1196 836 1351 871 Evangelia,
1365 837 1399 864 D.
1414 837 1517 864 Paulus
1533 838 1560 865 in
1577 837 1705 873 Epistolis
1720 841 1776 867 suis

148 881 269 909 tradidit.
294 881 368 908 Unde
391 882 577 916 prwceptiones
599 882 667 908 istas
687 881 850 908 arbitramur
875 890 931 908 esse
954 882 992 915 pii
1010 882 1169 914 cuiusdam;
1182 891 1319 918 rerumque
1334 883 1576 911 ecclesiasticarum
1602 885 1678 919 periti
1698 885 1747 912 uiri
1767 892 1776 911 :

147 929 290 956 Athanasii
305 935 391 956 tamen
407 938 463 956 esse
478 930 521 956 vis:
533 929 736 962 crediderimus,
751 937 810 956 cum
824 929 855 956 ob
866 929 997 956 diversum
1010 930 1139 956 arationis
1152 938 1242 965 genus,
1258 935 1312 956 tum
1328 931 1390 965 quia
1404 931 1430 956 in
1448 931 1563 966 antiquis
1580 931 1777 959 collectionibus

148 975 339 1003 Athanasianis
357 984 408 1003 non
423 977 560 1009 reperitur.

183 1022 216 1050 IL
238 1022 369 1050 Caeterum
385 1023 475 1058 palam
494 1027 533 1050 est
554 1023 685 1050 diversum
700 1031 756 1050 esse
774 1023 841 1049 hunc
863 1022 970 1055 librum,
992 1031 1007 1049 a
1025 1023 1190 1050 sermonibus
1208 1024 1396 1051 consolatoriis
1418 1024 1452 1051 ad
1476 1024 1602 1060 virginem
1622 1024 1740 1052 laudatis
1761 1033 1778 1050 α

150 1069 321 1102 Theodoreto,
336 1070 382 1097 lib.
398 1077 417 1097 ιι
431 1069 501 1097 Hist.
514 1070 600 1102 Eccl.,
613 1078 637 1096 c.
649 1070 677 1102 4,
689 1070 720 1096 de
736 1070 831 1104 quibus
848 1070 928 1097 alias.
945 1069 1031 1096 Nulla
1044 1071 1137 1105 quippe
1151 1069 1193 1096 hic
1208 1070 1305 1097 mentio
1321 1070 1605 1106 persecutionis,cujus
1620 1079 1703 1098 causa
1716 1071 1777 1098 illos

148 1117 230 1144 (didit
245 1117 418 1144 Athanasius.
434 1117 520 1144 Porro
533 1118 581 1144 hoc
598 1119 623 1144 in
639 1117 763 1152 opusculo
787 1122 967 1144 memorantur
979 1118 1093 1152 hymnus
1121 1118 1212 1146 Gloria
1235 1119 1262 1146 in
1283 1119 1409 1151 excelsis,
1442 1123 1533 1146 cantus
1548 1119 1673 1153 Alleluia,
1691 1119 1781 1146 versi-1

149 1163 225 1191 culus
244 1163 335 1191 Gloria
352 1163 435 1195 Patri,
453 1168 505 1190 etc.
522 1163 553 1190 Et
568 1172 641 1191 nunc
657 1167 684 1191 et
704 1172 822 1199 semper,
838 1169 901 1196 etc.,
919 1169 943 1190 et
958 1164 1013 1190 alia
1025 1163 1052 1190 id
1065 1173 1155 1200 genus,
1170 1173 1228 1200 qum
1238 1165 1362 1200 fortassis
1373 1165 1500 1201 sequioris
1508 1173 1586 1201 quam
1603 1165 1783 1193 Athanasiani‘

151 1210 198 1238 avi
214 1209 378 1237 uidebuntur.
392 1209 443 1238 Sed
458 1208 490 1237 de
504 1210 545 1237 his
558 1210 616 1244 fuse
629 1211 656 1238 in
670 1210 834 1245 Pratfatione
850 1210 975 1245 generali.

695 1321 764 1347 ΤΟΥ
783 1321 828 1347 ΕΝ
844 1321 956 1348 ΑΓῙΟΙΣ
974 1322 1110 1349 ΠΑΤΡΟΣ
1127 1323 1227 1350 ΗΜΩΝ

805 1402 1122 1448 ΑΘΑΝΑΣΙΟΥ

576 1497 664 1524 ΠΕΡΙ
683 1496 912 1528 ΠΑΡΘΕΝΙΑΣ,
932 1497 1022 1523 HTOI
1040 1497 1126 1524 ΠΕΡΙ
1146 1497 1353 1527 ΑΣΚΗΣΕΩΣ.

667 1633 714 1677 S.
754 1635 807 1678 P.
848 1634 907 1678 N.
947 1631 1270 1677 ATHANASII

631 1728 680 1756 DE
702 1728 961 1762 VIRGINITATE,
982 1728 1073 1756 SIVE
1088 1729 1139 1756 DE
1162 1727 1303 1757 ASCESI.

189 1861 217 1888 1.
237 1861 384 1888 Exordium
400 1861 535 1889 sermonis
550 1862 648 1890 salutis
664 1862 697 1889 ad
717 1862 859 1897 virginem.
882 1862 938 1890 Pri-
957 1883 962 1894 λ

1030 1863 1056 1890 Ι.
1072 1863 1154 1898 Ἀρχὴ
1162 1863 1241 1897 λόγου
1252 1861 1387 1897 σωτηρίας
1403 1861 1472 1896 πρὸς
1481 1861 1531 1897 τὴν
1543 1861 1685 1904 παρθένον.
1703 1861 1781 1898 Πρῶ-

155 1915 229 1934 mum
245 1906 366 1934 omnium
384 1907 464 1935 crede
478 1908 506 1935 in
525 1916 609 1935 unum
627 1908 712 1936 Deum
726 1908 836 1936 Patrem
852 1909 941 1936 omni-

995 1916 1037 1934 τον
1049 1907 1158 1934 πάντων
1169 1908 1314 1934 πίστευσον
1344 1907 1383 1938 εἰς
1406 1907 1453 1933 ’ἐνα
1467 1907 1532 1933 Θεὸν
1547 1907 1655 1942 Πατέρα
1681 1916 1781 1934 παντο-

154 1956 302 1988 potentem,
330 1953 480 1981 visibilium
500 1958 527 1981 et
552 1954 730 1981 invisibilium
757 1955 939 1982 conditorem.

995 1955 1124 1990 κράτορα,
1139 1953 1244 1990 ὁρατῶν
1257 1953 1303 1980 καὶ
1334 1953 1457 1988 ἀοράτων
1471 1954 1594 1989 ποιητήν·
1610 1953 1657 1980 καὶ
1671 1954 1711 1985 εἰς
1735 1946 1784 1980 τὸν

155 1997 189 2026 Et
217 1999 245 2026 in
274 1999 444 2034 unigenitum
466 1999 528 2034 ejus
552 2000 653 2027 Filium
673 1999 766 2028 Iesum
788 2000 940 2033 Christum,

154 2045 201 2080 qui
230 2048 273 2072 est
301 2045 453 2073 substantia
480 2045 582 2078 Patris,
610 2045 741 2081 Patrique
771 2054 820 2082 per
849 2047 942 2074 omnia

155 2092 277 2128 potentia
288 2092 411 2128 atqualis,
423 2093 470 2127 qui
486 2096 548 2120 ante
561 2093 660 2120 smcula
674 2092 734 2119 fuit.
753 2092 788 2119 Et
805 2093 832 2120 in
852 2092 942 2127 Spiri-

155 2143 213 2165 tum
228 2142 363 2170 sanctum,
379 2139 425 2174 qui
444 2139 525 2174 estlin
534 2138 615 2166 Patre
627 2143 655 2166 et
674 2138 701 2165 in
716 2138 798 2171 Filio,
811 2139 913 2173 quique
926 2145 942 2164 a

159 2184 242 2212 Patre
273 2185 401 2218 mittitur,
427 2190 454 2212 et
484 2193 532 2220 per
560 2183 660 2211 Filium
691 2184 782 2212 datur.
811 2183 891 2211 Pater
915 2187 943 2211 et

155 2229 242 2259 Filius
263 2235 290 2258 et
310 2230 428 2266 Spiritus
449 2235 571 2264 sanctus,
587 2235 644 2259 tres
662 2231 833 2266 hypostases,
855 2231 942 2259 deitas

155 2285 228 2310 una,
251 2285 305 2305 una
333 2281 474 2313 potestas,
496 2285 581 2304 unum
611 2277 757 2312 baptisma.
771 2277 844 2312 llpse
869 2277 942 2304 enim

156 2323 229 2352 Deus
247 2328 354 2358 noster,
377 2323 458 2351 Pater
478 2324 610 2357 omnium,
638 2324 710 2351 intra
734 2331 782 2352 sex
803 2323 862 2350 dies
880 2323 943 2350 fecit

154 2371 266 2403 cmlum,
290 2374 317 2399 et
340 2374 454 2402 terram,
479 2373 507 2398 et
527 2377 611 2403 mare,
626 2373 654 2398 et
668 2370 760 2397 omnia
774 2377 834 2405 quae
851 2369 880 2396 in
900 2369 941 2397 eis

155 2419 230 2444 sunt.
247 2416 307 2451 Ipse
323 2423 443 2450 namque
458 2415 558 2442 coelum
575 2415 642 2447 sole,
662 2418 689 2442 et
708 2415 788 2446 luna,
802 2418 829 2442 et
845 2413 943 2442 sideri-

155 2460 209 2489 bus
230 2461 424 2496 pulcherrimis
453 2459 610 2492 exornavit,
634 2463 662 2487 et
683 2463 786 2487 terram
814 2459 943 2486 decenter

155 2506 280 2534 fundavit
297 2515 380 2542 super
401 2514 504 2542 aquas,
517 2510 544 2534 et
560 2506 669 2534 ornavit
690 2513 750 2533 eam
769 2505 870 2541 plantis
883 2513 942 2533 om-

156 2553 241 2588 nique
257 2561 356 2589 genere
374 2553 520 2588 lignorum.
533 2551 618 2580 Iussu
633 2552 692 2587 ejus
706 2556 853 2587 erumpunt
867 2551 942 2579 ﬂuvii

156 2598 289 2632 melliﬂui,
306 2603 334 2627 et
352 2598 441 2627 fontes
456 2606 601 2634 perennes,
620 2601 648 2626 et
668 2598 786 2632 injunxit
808 2602 898 2630 terrm,
913 2601 941 2625 et

155 2645 284 2680 produxit
303 2653 424 2678 carnem,
451 2648 479 2672 et
502 2645 605 2672 creavit
627 2651 721 2672 omnes
739 2644 840 2672 bestias
862 2648 942 2671 terrae

155 2690 305 2718 secundum
323 2697 409 2725 genus
425 2697 517 2722 suum,
530 2693 558 2717 et
572 2689 694 2717 volucria
711 2689 774 2717 cteli
791 2689 942 2717 secundum

191 2767 260 2803 (82‘)
275 2769 330 2796 Kal.
344 2769 385 2800 εἰς
397 2766 557 2802 τὸΠνεῦμα.
590 2766 652 2794 limo
671 2775 704 2794 cx
728 2766 939 2803 Athanasioici-

157 2801 326 2838 tantur'tom.
340 2812 386 2831 vn.
395 2801 601 2838 Concil.Epist.
618 2803 732 2830 Adriani
752 2803 785 2829 ad
811 2801 939 2829 Carolum

158 2837 193 2866 Μ.
209 2845 273 2874 pag.
290 2838 355 2866 9l6.

193 2871 307 2909 (85lvlta
319 2873 495 2910 Anglicanus.
512 2873 584 2901 Editi
603 2880 676 2907 vero,
694 2872 739 2900 καὶ
756 2872 799 2899 τὸν
818 2871 939 2908 οὐρανόν.

995 2002 1124 2036 μονογενῆ
1151 2000 1231 2026 αὑτοῦ
1247 2000 1311 2026 Υἱδν
1330 1999 1433 2035 Ἰησοῦν
1455 2000 1583 2035 Χριστὸν,
1611 1999 1656 2026 τὸν
1673 1999 1736 2027 ὄντα
1750 2001 1782 2026 ἐκ

992 2046 1042 2080 τῆς
1054 2047 1146 2077 οὐσίας
1161 2046 1208 2072 τοῦ
1232 2046 1348 2082 Πατρδς,
1366 2046 1436 2073 κατὰ
1455 2046 1544 2072 πάντα
1560 2046 1717 2080 ισώύναμον
1743 2046 1785 2081 τῷ

992 2093 1089 2128 Πατρὶ,
1100 2093 1144 2119 τὸν
1164 2092 1216 2128 πρὸ
1231 2093 1337 2120 αἰώνων
1351 2093 1425 2119 ὄντα·
1438 2093 1484 2119 καὶ
1494 2093 1533 2124 εἰς
1542 2092 1572 2118 τὸ
1586 2092 1698 2127 Πνεῦμα
1713 2091 1782 2127 (89“)

993 2139 1022 2166 τὺ
1039 2139 1125 2173 ἅγιον,
1142 2139 1172 2165 τὸ
1187 2140 1216 2166 ὲν
1229 2139 1316 2174 ῐιατρὶ
1335 2139 1381 2165 καὶ
1396 2138 1453 2174 Υἱῷ
1462 2138 1501 2170 ὃν,
1518 2138 1593 2173 παρὰ
1615 2138 1661 2164 τοῦ
1676 2139 1782 2174 Πατρὸς

993 2185 1233 2220 ἀποστελλόμενον,
1250 2185 1296 2212 καὶ
1309 2184 1354 2211 διὰ
1372 2184 1419 2210 τοῦ
1442 2184 1507 2210 Υἱοῦ
1524 2185 1670 2219 διδόμενον.
1687 2181 1784 2218 Πατὴρ

993 2231 1040 2258 καὶ
1053 2231 1117 2263 Υἱὸς
1132 2231 1179 2257 καὶ
1193 2231 1270 2265 ἆγιον
1291 2230 1415 2266 Πνεῦμα,
1437 2231 1509 2266 τρεῖς
1530 2230 1703 2263 ὑποστάσεις,
1733 2221 1781 2266 illa

993 2276 1098 2311 θεότης,
1118 2276 1165 2312 μία
1174 2276 1298 2312 δύναμις,
1313 2276 1342 2303 ἒν
1358 2276 1508 2311 βάπτισμα.
1521 2276 1605 2308 Αὐτὸς
1621 2275 1675 2312 γὰρ
1689 2277 1703 2302 ὁ
1717 2275 1782 2307 Θεὸς

993 2321 1095 2357 ἡμῶνὸ
1109 2321 1203 2356 Πατὴρ
1224 2321 1278 2348 τῶν
1294 2322 1362 2348 ὅλων
1380 2322 1409 2349 ὲν
1424 2321 1452 2354 ἓξ
1473 2321 1592 2357 ἡμέραις
1607 2321 1717 2357 ἐποίησε
1735 2321 1781 2349 τὸν

993 2367 1107 2403 οὐρανὸν
1122 2367 1170 2394 καὶ
1191 2367 1240 2403 τὴν
1251 2367 1303 2403 γῆν
1317 2367 1364 2394 καὶ
1386 2367 1436 2402 τὴν
1461 2366 1609 2399 Θάλασσαν,
1631 2367 1679 2394 καὶ
1694 2368 1781 2394 πάντα

993 2413 1027 2440 τὰ
1040 2414 1069 2440 ὲν
1084 2413 1277 2444 αὑτοῖς.Αὺτδς
1287 2412 1342 2449 γὰρ
1353 2412 1531 2448 διεκόσμησεν
1544 2413 1590 2440 τὸν
1602 2413 1716 2450 οὐρανὸν
1726 2413 1781 2447 (85)

993 2459 1022 2485 ὲν
1035 2459 1102 2495 ἡλίῳ
1119 2460 1164 2486 καὶ
1180 2459 1279 2496 σελήνῃ
1294 2460 1342 2486 καὶ
1369 2459 1479 2495 ἄστροις
1493 2459 1653 2494 παγκάλοις.
1671 2459 1718 2486 καὶ
1732 2460 1781 2494 τὴν

994 2505 1045 2540 γῆν
1065 2505 1210 2540 εὐπρεπῶς
1221 2505 1400 2540 ὲθεμελὶωσεν
1415 2506 1507 2533 ἐπάνω
1523 2505 1576 2532 τῶν
1591 2505 1705 2536 ὑδάτων,
1724 2505 1779 2532 δια-

993 2551 1135 2586 κοσμήσας
1162 2551 1246 2586 αὺτὴν
1261 2552 1290 2577 ὲν
1305 2552 1400 2586 φυτοῖς
1417 2551 1464 2578 καὶ
1477 2551 1566 2585 ξύλοις
1589 2551 1780 2583 παντοδαποῖς.

994 2597 1049 2624 Καὶ
1064 2599 1097 2633 τῇ
1110 2597 1232 2624 κελεύσει
1247 2598 1328 2624 αὐτοϋ
1347 2597 1540 2633 ἐκπορεύονται
1560 2598 1677 2633 ποταμοὶ
1689 2597 1782 2633 μελίῤ-

997 2645 1082 2679 ρυτοι,
1094 2644 1140 2671 καὶ
1153 2645 1239 2679 πηγαὶ
1255 2644 1373 2676 ἁὲνναοι,
1387 2644 1434 2670 καὶ
1459 2643 1606 2679 προσέταξε
1622 2644 1654 2679 τῇ
1672 2645 1719 2679 γῇ,
1735 2643 1781 2670 καὶ

996 2690 1119 2725 ἐπήγαγε
1136 2690 1223 2726 σάρκα
1237 2690 1302 2726 (84),
1328 2690 1376 2717 καὶ
1398 2690 1510 2725 ἐποίησε
1532 2689 1619 2716 πάντα
1638 2689 1672 2716 τὰ
1699 2688 1780 2724 θηρία

1029 2767 1084 2801 (Si)
1104 2766 1178 2794 Felc.
1193 2767 1220 2798 ἓ,
1232 2768 1280 2803 καὶ
1292 2767 1403 2803 ἐποίησε
1415 2768 1512 2803 σάρκα.
1526 2766 1611 2794 Paulo
1624 2770 1697 2803 post,
1712 2766 1780 2803 haec,

995 2802 1096 2864 galia
1115 2803 1224 2843 πετεινὰ
1241 2802 1288 2829 τοῦ
1308 2801 1424 2839 οὐρανοῦ
1445 2801 1515 2830 istde
1532 2801 1736 2836 γένοςίάθειιηι
1753 2801 1782 2830 in

1019 2845 1057 2865 asn
1072 2845 1149 2866 tensu.
