1915 3057
131 115 187 145 253

815 114 858 142 DE
878 114 1111 144 VIRGINITATE.

1707 120 1760 148 254

129 175 181 210 τῆς
197 175 249 211 γῆς
267 175 339 202 κατὰ
355 175 444 209 γένος,
467 175 512 202 καὶ
541 174 576 201 τὰ
604 174 716 202 πετεινὰ
736 174 783 202 τοῦ
809 175 924 212 οὐρα.νοῦ

983 184 1063 212 genus
1096 185 1186 206 suum.
1221 176 1355 213 Praecepit
1388 178 1485 214 aquis,
1517 182 1545 206 et
1575 178 1764 215 produxerunt

131 221 206 248 κατὰ
235 221 324 254 γένος.
356 221 498 248 Ἐκέλευσε
520 222 576 253 τοῖς
606 221 694 254 ὕδασι,
719 222 766 248 καὶ
789 222 924 257 ἐξήγαγον

134 265 242 302 ἰχθύας,
256 267 303 293 καὶ
317 266 430 302 ἐποίησε
444 266 478 292 τὰ
490 267 559 302 κήτη
570 266 604 292 τὰ
620 267 735 301 μεγάλα.
749 267 880 303 Ὕστερον
895 267 923 294 δὲ

132 313 245 340 πάντων
258 312 367 348 εποίησε
375 312 420 340 τὸν
431 312 582 348 ἄνθρωπον,
599 314 647 339 καὶ
663 314 752 340 πάντα
767 313 924 349 παρέδωκεν

132 358 210 393 αὐτῷ
220 359 260 392 είς
269 358 429 395 ὑπηρεσίαν.
445 356 512 385 Εῐπε
522 358 577 395 γὰρ
593 359 694 394 Κύριος
705 359 720 385 ὁ
730 359 795 390 Θεὸς
808 358 847 394 τῷ
868 358 925 394 Υἰῷ

132 405 230 432 αὑτοῦ·
251 415 259 430 ι
272 406 433 441 Ποιήσωμεν
451 405 592 441 ἄνθρωπον
607 406 668 432 κατ’
685 405 775 432 εἰκόνα
789 405 925 440 ἡμετέραν

133 452 184 478 καὶ
194 450 256 479 καθ’
267 450 406 486 ὁμοίωσιν·
421 450 468 477 καὶ
482 450 582 477 ἔπλασε
601 450 701 486 Κύριος
715 451 729 476 ὁ
739 450 803 482 Θεὸς
818 450 863 476 τδν
877 450 924 477 ἄν-

134 497 255 533 θρωπον,
267 495 358 522 λαϐὼν
370 495 434 531 χοῦν
450 495 503 522 ἀπὸ
531 496 582 530 τῆς
608 496 670 531 γῆς,
692 496 740 523 καὶ
755 495 831 522 ἔθετο
845 495 925 522 αὑτὸν

136 545 165 570 ἒν
180 542 218 578 τῷ
231 543 388 579 παραδείσῳ
412 543 462 577 τῆς
486 543 601 579 τρυφῆς.
622 541 721 568 Ἐὁαλε
737 541 765 568 δὲ
790 541 892 577 Κύριος
913 542 926 568 ὁ

133 588 200 620 Θεὸς
216 588 262 614 ἐπὶ
274 588 319 614 τὸν
343 587 428 623 Ἀδὰμ
442 586 579 619 ἔκστασιν,
597 587 645 614 καὶ
655 586 774 618 ὕπνωσε,
787 586 834 613 καὶ
847 586 926 613 ἕλαὸε

135 635 201 670 μίαν
216 635 271 661 τῶν
296 633 420 669 πλευρῶν
447 633 539 666 αὐτοῦ,
563 634 610 660 καὶ
632 632 809 668 ἀνεπλήρωσε
838 633 927 668 σάρκα

132 681 192 707 ἀντ’
208 680 304 714 αὐτῆς,
323 680 370 706 καὶ
384 679 541 715 ᾠκοδόμησε
558 679 608 714 τὴν
634 679 764 714 πλευρὰν,
791 679 825 714 ἣν
837 678 925 709 ἔλαϐε,

133 727 175 758 εἱς
190 728 317 762 γυναῖκα,
328 727 376 753 καὶ
387 727 491 762 ἤγαγεν
507 726 591 761 αὐτὴν
611 726 679 762 πρὸς
699 726 745 752 τὸν
767 725 862 761 Ἀδὰμ,
881 728 928 754 καὶ

132 771 213 800 εἶπεν
245 773 342 808 Ἀδάμ·
358 773 432 808 Αὕτη
462 772 510 799 νῦν
534 772 600 808 σὰρξ
620 773 652 799 ὲκ
675 772 724 807 τῆς
748 772 848 808 σαρκός
866 781 926 807 μου,

132 821 181 847 καὶ
194 819 290 846 ὀστοῦν
316 821 348 846 ὲκ
377 819 431 845 τῶν
449 818 550 845 ὀστέων
576 827 638 853 μου.
664 817 738 854 Αὕτη
763 818 927 854 κληθήσεται

975 223 1075 257 pisces,
1097 226 1124 251 et
1152 223 1274 251 condidit
1300 224 1432 252 immanes
1464 224 1592 252 balzenas.
1621 225 1763 252 Postremo

975 270 1097 297 omnium
1111 269 1174 297 fecit
1188 270 1334 304 hominem,
1345 274 1371 298 et
1385 271 1475 297 omnia
1492 271 1516 298 ei
1531 271 1564 298 ad
1580 271 1762 298 ministerium

975 314 1096 342 donavit.
1130 315 1203 343 Dixit
1232 317 1305 344 enim
1336 316 1468 343 Dominus
1491 316 1563 344 Deus
1586 316 1655 344 Filio
1680 325 1730 345 suo
1754 324 1761 343 :

979 370 988 386 ι
1009 360 1153 389 Faciamus
1172 361 1308 389 hominem
1332 362 1365 389 ad
1390 362 1534 397 imaginem
1558 367 1585 390 et
1605 363 1764 390 similitudi-

977 414 1038 433 nem
1054 411 1179 435 nostram
1196 416 1203 434 :
1219 411 1246 434 et
1260 407 1386 434 formavit
1404 407 1475 435 Deus
1490 409 1638 440 hominem,
1651 416 1764 437 sumens

977 452 1071 479 limum
1094 453 1128 480 de
1149 457 1234 484 terra,
1256 456 1283 480 et
1304 454 1396 488 posuit
1415 461 1476 481 eum
1493 455 1520 480 in
1542 454 1670 489 paradiso
1686 455 1764 482 volu-

976 499 1068 535 ptatis.
1088 498 1204 526 Immisit
1223 503 1313 527 autem
1335 499 1446 527 Deusin
1462 500 1547 527 Adam
1569 505 1707 535 stuporem
1736 504 1764 529 et:

977 545 1130 580 consopivit
1150 553 1223 577 eum,
1239 549 1266 572 et
1287 546 1404 580 sumpsit
1429 554 1509 572 unam
1531 554 1563 573 ex
1585 547 1670 574 costis
1692 547 1763 582 ejus,

977 595 1004 619 et
1025 598 1134 618 carnem
1154 598 1204 626 pro
1223 598 1255 618 ea
1274 591 1426 624 substituit,
1445 596 1471 618 et
1488 592 1631 619 aediﬁcavit
1646 596 1762 625 costam,

977 644 1058 672 quam
1081 640 1245 672 sumpserat.
1267 637 1294 664 in
1318 637 1470 669 mulierem,
1491 645 1604 673 eamque
1624 639 1655 666 ad
1678 639 1763 666 Adam

979 683 1116 718 perduxit,
1137 689 1163 710 et
1183 683 1252 710 dixit
1274 682 1361 710 Adam
1379 693 1385 710 :
1401 683 1463 711 Περ
1482 692 1546 711 caro
1563 692 1635 711 nunc
1657 693 1689 712 ex
1709 684 1764 720 85

979 736 1062 756 carne
1086 736 1156 760 mea,
1182 734 1208 756 et
1230 736 1261 756 os
1282 737 1315 756 ex
1341 729 1449 756 ossibus
1474 729 1551 757 meis.
1587 729 1647 764 Ipsa
1686 737 1767 756 voca-

979 772 1054 800 bitur
1082 773 1185 808 virago,
1209 773 1338 808 quoniam
1361 782 1394 800 cx
1423 773 1481 801 viro
1512 782 1562 801 suo
1578 777 1685 808 sumpta
1712 777 1763 801 est.

979 817 1092 853 Propter
1103 818 1155 846 hoc
1165 819 1299 854 relinquet
1312 819 1393 846 homo
1403 824 1506 854 patrem
1519 828 1597 848 suum
1610 824 1637 847 et
1651 824 1765 847 matrem

133 866 214 901 γυνὴ,
230 867 270 892 ὃτι
283 867 316 892 ἐκ
328 865 374 892 τοῦ
388 865 484 900 ἀνδρὸς
499 865 582 900 αὐτῆς
603 864 718 900 ἐλήφθη.
741 864 813 891 Ἀντὶ
831 864 925 891 τούτου

983 871 1067 896 suam,
1090 868 1117 892 et
1139 865 1320 900 conjungetur
1342 865 1420 892 uxori
1433 873 1500 898 sum,
1521 869 1654 900 eruntque
1668 865 1722 893 duo
1738 865 1766 892 in

133 911 293 946 καταλείψει
305 911 448 946 ἄνθρωπος
462 910 507 936 τὸν
516 910 623 946 Πατέρα
635 909 728 941 αὑτοῦ,
743 910 790 936 καὶ
804 910 853 946 τὴν
872 919 925 946 μη-

978 917 1061 937 carne
1075 918 1128 937 una
1144 911 1176 938 ³⁸.
1197 920 1207 936 ι

132 957 203 992 τέρα
220 956 313 988 αὑτοῦ,
329 956 375 982 καὶ
388 955 653 991 προσκολληθήσεται
666 957 700 991 τῇ
711 956 820 990 γυναικὶ
831 956 924 988 αὑτοῦ,
937 956 984 984 καὶ
1000 956 1105 984 ἔσονται
1116 957 1140 982 οἱ
1154 956 1200 982 δύο
1216 957 1256 988 είς
1269 956 1358 988 σάρκα
1371 956 1459 992 μίαν.»

169 1011 198 1038 2.
221 1011 330 1043 ΙἌκουε,
353 1010 432 1046 δούλη
450 1009 497 1036 τοῦ
516 1009 647 1044 Χριστοῦ,
667 1011 715 1037 καὶ
737 1011 847 1042 πάντες,
867 1011 925 1037 ὅσοι

134 1058 242 1084 θέλουσι
255 1057 440 1092 σωθῆναι,κα“ι
455 1055 626 1087 ὲνωτίζονται
636 1057 669 1083 τὰ
687 1058 796 1092 ῥήματα
811 1056 858 1083 τοῦ
869 1055 926 1091 (85)

135 1104 338 1140 στόματός’μου
348 1112 354 1118 “
367 1104 414 1130 καὶ
429 1104 672 1137 καταδεξάσθωσαν
686 1102 721 1129 τὰ
737 1100 795 1129 ὦτά
809 1111 855 1129 σου
870 1102 928 1128 θεο-

137 1150 287 1181 πνεύστους
298 1149 404 1184 λόγους.
419 1159 428 1175 ι
446 1150 482 1176 Τὸ
495 1150 643 1185 μυστήριον
655 1149 708 1184 γὰρ
738 1148 827 1181 τοῦτο,
849 1149 925 1184 φησὶ,

138 1196 212 1231 μέγα
236 1196 307 1227 ἐστὶ,
336 1205 346 1221 ›
385 1194 477 1226 καθὼς
517 1193 592 1221 εἶπεν
615 1195 630 1220 ὁ
656 1194 790 1230 μακάριος
811 1194 928 1227 Παῦλος,

138 1241 180 1267 ὃτι
196 1241 249 1271 πᾶς
264 1240 319 1276 (86)
334 1241 348 1266 ὁ
359 1239 527 1275 κολλώμενος
539 1241 572 1275 τῇ
590 1239 709 1275 γυναικὶ,
726 1240 754 1266 ἓν
769 1239 849 1275 σῶμά
859 1241 927 1267 εἰσιν

139 1287 299 1323 ἀμφότεροι.
317 1286 395 1314 Οὕτω
425 1286 506 1313 πάλιν
521 1288 574 1318 πᾶς
591 1286 659 1323 ἀνὴρ
675 1286 691 1322 ἢ
706 1286 774 1322 γυνὴ
790 1285 927 1322 κολλώμε-

138 1342 184 1366 νος
195 1333 234 1368 τῷ
249 1333 343 1369 Κυρίῳ
359 1332 388 1359 ἓν
406 1332 516 1368 πνεῦμά
537 1334 605 1360 ἐστι.
625 1333 657 1359 El
672 1332 727 1367 γὰρ
740 1333 765 1359 ei
779 1332 818 1367 τῷ
835 1333 928 1368 κόσμῳ

139 1379 338 1414 συναπτόμενοι
358 1379 593 1413 καταλιμπάνουσι
612 1378 658 1405 τὸν
681 1377 786 1414 πατέρα
810 1379 857 1405 καὶ
879 1378 928 1414 τὴν

139 1426 257 1461 μητέρα,
274 1425 322 1452 καὶ
338 1426 517 1452 συνάπτονται
535 1425 665 1461 φθαρτοῖς
681 1424 834 1461 ἀνθρώποις
861 1424 926 1460 (87).

136 1472 216 1507 πόσῳ
235 1471 333 1507 μᾶλλον
349 1473 366 1507 ἡ
379 1471 513 1508 παρθένος
529 1472 748 1507 ὲγκρατευομένη
763 1471 864 1505 ὀφείλει
881 1479 930 1497 κα-

137 1517 263 1544 ταλιπεῖν
274 1516 309 1543 τὰ
322 1517 404 1552 γήϊνα
418 1516 517 1547 πάντα,
531 1516 624 1551 καὶτῷ
635 1516 729 1552 Κυρίῳ
743 1516 814 1551 μόνῳ
831 1516 927 1551 κολλη-

139 1563 220 1599 θῆναι
230 1563 386 1598 ;Μαρτυρεῖ
393 1563 421 1589 δέ
436 1571 480 1598 μοι
490 1562 529 1598 τῷ
541 1562 612 1597 λόγῳ
622 1563 668 1588 καὶ
680 1563 759 1594 αὐτὸς
773 1562 787 1588 ὁ
802 1562 930 1589 ’Δπόστο-

137 1610 194 1642 λος,
206 1609 294 1643 λέγων
303 1617 309 1623 ·
329 1617 338 1634 ι
366 1608 399 1635 'H
414 1609 507 1644 γυνὴὴ
519 1608 626 1644 ἄγαμος
641 1609 760 1644 μεριμνᾷ
770 1608 804 1635 τὰ
813 1608 860 1634 τοῦ
874 1609 929 1635 Κυ-

140 1654 210 1691 ρίου,
224 1656 267 1682 ἵνα
316 1655 381 1689 ἁγία
395 1655 433 1690 τῷ
453 1654 559 1690 σώματι
574 1655 620 1681 καὶ
632 1654 671 1690 τῷ
685 1654 831 1690 πνεύματι.
855 1655 886 1681 Ἦ
899 1655 928 1681 δὲ

138 1702 289 1737 γαμήσασα
310 1702 430 1737 μεριμνᾷ
444 1701 477 1728 τὰ
498 1700 544 1727 τοῦ
562 1700 674 1735 κόσμου,
699 1700 758 1732 πῶς
777 1700 871 1740 ἀρέρει
892 1699 930 1735 τῷ

139 1747 218 1782 ἀνδρὶ
232 1747 298 1783 (88),
314 1748 361 1775 καὶ
379 1748 552 1783 μεμέρισται.
572 1756 582 1773 ι
598 1746 682 1773 Τοῦτο
708 1744 754 1773 οὖν
780 1746 861 1780 λέγω,
888 1746 928 1772 ὅτι

139 1795 215 1821 πᾶσα
244 1793 394 1829 παρθένος,
420 1793 436 1829 ἢ
462 1793 533 1829 χήρα
557 1792 787 1828 ἐγκρατευομένη,
809 1791 856 1818 ἐὰν
879 1791 928 1828 ἔχῃ

139 1839 269 1875 φροντίδα
291 1840 319 1865 ὲν
335 1838 374 1874 τῷ
390 1838 484 1873 κόσμῳ
498 1837 595 1872 τούτῳ,
613 1837 682 1872 αὑτὴ
696 1838 712 1872 ἡ
729 1837 840 1872 φροντὶς
859 1836 928 1872 ἀνὴρ

138 1885 227 1920 αὐτῆς
247 1886 316 1912 ἐστι·
326 1884 377 1911 κᾶν
397 1884 535 1919 κτήματα,
548 1883 599 1910 κᾶν
614 1883 771 1917 ὑπάρχοντα
789 1882 848 1918 ἔχῃ,
862 1881 930 1917 αὐτὴ

138 1933 156 1968 ἡ
173 1932 294 1967 μέριμνα
310 1930 417 1967 μολύνει
434 1931 520 1965 αὐτῆς
542 1929 591 1964 τὴν
605 1929 734 1956 διάνοιαν.
757 1929 862 1964 ’Ὠσπερ
876 1928 931 1963 γὰρ

136 1978 182 2005 διὰ
197 1976 245 2003 τοῦ
262 1977 357 2012 ἀνδρὸς
364 1977 394 2002 τὸ
407 1976 487 2011 σῶμα
503 1975 654 2011 μολύνεται,
668 1974 754 2006 οὕτως
769 1974 855 2009 καὶκαὶ
868 1974 930 2008 σχέ-

139 2033 199 2055 σεις
211 2024 240 2051 αι
254 2023 385 2058 κοσμικαὶ
398 2021 448 2057 τὴν
463 2021 552 2057 ψυχὴν
568 2021 615 2048 καὶ
630 2021 660 2047 τὸ
676 2019 756 2055 σῶμα
767 2020 816 2054 τῆς
828 2020 930 2055 ἐγκρα-

137 2070 290 2105 τευομένης
308 2069 454 2104 μιαίνουσι,
471 2068 518 2094 καὶ
534 2068 584 2094 οὐκ
600 2066 755 2101 ἕστινέὰγία
768 2065 806 2100 τῷ
826 2065 931 2100 σώματι

140 2117 188 2143 καὶ
207 2115 247 2150 τῷ
269 2115 413 2150 πνεύματι.
433 2115 466 2141 Ἦ
490 2114 519 2140 δὲ
538 2113 716 2149 φροντίζουσα
737 2112 766 2138 τὸ
783 2111 862 2147 ἔργον
883 2110 930 2139 τοῦ

139 2162 220 2194 Θεοῦ,
237 2161 353 2197 νυμφίος
376 2160 462 2195 αὐτῆς
485 2161 499 2186 ὁ
519 2159 636 2195 Χριστός
656 2159 740 2185 ἐστιν.
763 2159 796 2184 Ἡ
810 2158 864 2193 γὰρ
880 2157 930 2192 ἁρ-

143 2207 282 2244 μοσομένη
295 2207 371 2243 ἀνδρὶ
383 2205 494 2242 φθαρτῷ
504 2206 534 2232 τὸ
551 2205 656 2240 θέλημα
668 2204 715 2234 τοῦ
726 2203 823 2239 ἀνδρὸς
845 2203 931 2238 αὐτῆς

140 2254 230 2285 ποιεῖ·
252 2251 338 2283 οὕτως
352 2252 406 2287 γὰρ
423 2250 546 2286 εἴρηται,
563 2250 603 2276 ὅτι
622 2258 631 2275 ι
657 2248 689 2275 Ἥ
709 2248 777 2283 γυνὴ
797 2247 845 2274 τοῦ
865 2247 929 2274 [δίου

142 2297 266 2333 σώματος
279 2297 330 2324 οὐκ
344 2295 503 2328 ἐξουσιάζει,
519 2294 575 2322 ἀλλ’
590 2295 604 2323 ὁ
620 2295 700 2330 ἀνήρ.
729 2303 739 2320 ›
758 2293 813 2320 Καὶ
833 2293 928 2320 πάλιν·

145 2342 267 2377 ιὨσπερ
290 2341 308 2377 ἡ
325 2340 473 2376 Ἐκκλησία
489 2340 671 2367 ὑποτάσσεται
683 2338 722 2374 τῷ
737 2338 841 2374 Κυρίῳ,
859 2337 932 2364 οὕτω

143 2388 190 2414 καὶ
204 2388 234 2414 αἱ
251 2388 380 2421 γυναῖκες
397 2387 453 2417 τοῖς
466 2384 593 2420 ἀνδράσιν
613 2385 642 2411 ὲν
663 2384 754 2411 παντί.
772 2393 782 2410 ›
806 2384 866 2410 Ἀπ’
883 2384 932 2411 αὒ-

142 2433 196 2460 τῶν
210 2433 265 2469 γὰρ
287 2432 341 2459 τῶν
361 2431 513 2467 κοσμικῶν,
530 2432 577 2458 ἐὰν
600 2430 739 2466 θέλωμεν,
763 2430 810 2459 καὶ
826 2430 860 2457 τὰ
876 2429 932 2457 ἄνω

143 2479 266 2515 νοοῦμεν.
289 2479 322 2506 Ἡ
337 2478 366 2505 δὲ
386 2478 574 2513 συναπτομένη
589 2477 628 2512 τῷ
644 2477 797 2512 ἐπουρανίῳ
814 2476 931 2512 νυμφίῳ,

142 2525 173 2553 τὸ
187 2525 293 2560 θέλημα
307 2524 355 2551 τοῦ
373 2523 488 2560 νυμφίου
502 2523 588 2558 αὐτῆς
603 2522 811 2558 κατεργάζεται.

178 2572 205 2600 5.
225 2571 310 2598 Τοῦτο
325 2570 352 2597 δέ
366 2571 423 2597 ὲστι
437 2570 468 2597 τὸ
484 2569 590 2605 θέλημα
602 2569 649 2596 τοῦ
665 2568 794 2604 Χριστοῦ,
816 2568 862 2595 τὸν
873 2568 933 2595 κολ-

1014 1013 1041 1039 2.
1049 1012 1129 1045 Audi,
1139 1012 1236 1039 ancilla
1248 1012 1360 1044 Christi,
1370 1016 1397 1039 et
1405 1013 1561 1047 quicunque
1569 1013 1684 1040 salutem
1693 1019 1767 1047 quaa—

980 1063 1053 1089 runt,
1069 1062 1095 1086 et
1110 1059 1266 1086 auscultant
1280 1059 1360 1086 verba
1374 1059 1430 1086 oris
1441 1059 1494 1086 mei
1507 1069 1512 1086 :
1525 1064 1552 1086 et
1568 1058 1703 1093 accipiant
1717 1066 1767 1084 au-

980 1113 1025 1132 res
1040 1109 1093 1131 tuaa
1105 1112 1119 1130 a
1132 1103 1186 1131 Deo
1202 1104 1350 1140 inspiratos
1362 1111 1515 1131 sermones.
1531 1113 1540 1129 ι
1553 1102 1610 1130 Hoc
1622 1103 1694 1130 enim
1708 1110 1767 1138 my-

981 1150 1106 1182 sterium,
1125 1159 1134 1176 ι
1154 1149 1242 1184 inquit
1256 1150 1334 1177 divus
1350 1149 1462 1182 Paulus,
1483 1159 1492 1175 ι
1509 1157 1636 1184 magnum
1656 1149 1738 1182 est",
1753 1157 1764 1174 ι

981 1204 1014 1224 eo
1041 1196 1114 1230 quod
1142 1195 1249 1228 omnis,
1280 1196 1327 1230 qui
1352 1195 1538 1230 agglutinatur
1562 1195 1658 1226 uxori,
1685 1194 1766 1221 ambo

983 1250 1066 1270 unum
1083 1250 1184 1277 corpus
1199 1243 1266 1270 sint.
1286 1243 1326 1269 lta
1344 1249 1453 1276 quoque
1466 1241 1556 1268 omnis
1571 1241 1613 1268 vir
1629 1240 1686 1268 sive
1702 1248 1763 1267 mu-

982 1288 1032 1315 lier
1056 1288 1239 1323 agglutinatus
1265 1287 1390 1320 Domino,
1418 1296 1490 1315 unus
1524 1287 1637 1322 spiritus
1661 1290 1712 1314 est.
1738 1286 1768 1314 Si

982 1334 1055 1361 enim
1072 1333 1118 1368 qui
1133 1333 1235 1360 mundo
1250 1333 1426 1368 copulantur,
1445 1333 1606 1367 relinquunt
1623 1335 1727 1367 patrem
1740 1335 1769 1358 et

982 1384 1115 1412 matrem,
1147 1383 1178 1406 ut
1204 1380 1367 1406 mortalibus
1396 1379 1554 1406 hominibus
1583 1379 1767 1413 copulentur;

982 1430 1086 1460 quanto
1101 1425 1189 1460 magis
1199 1425 1277 1460 virgo
1289 1426 1432 1452 continens
1448 1425 1601 1459 relinquere
1615 1423 1696 1450 debet
1715 1427 1769 1450 ter-

984 1472 1082 1499 restria
1102 1471 1203 1504 omnia,
1226 1475 1252 1499 et
1277 1471 1392 1498 Domino
1408 1471 1459 1498 soli
1475 1470 1660 1505 agglutinari?
1679 1469 1768 1504 Hujus

981 1517 1034 1543 mei
1061 1516 1127 1543 dicti
1149 1517 1229 1543 testis
1252 1521 1294 1544 est
1314 1517 1371 1551 ipse
1395 1516 1553 1551 Apostolus,
1572 1515 1610 1542 ita
1632 1516 1767 1550 loquens:

984 1571 993 1588 ι
1010 1562 1106 1590 Mulier
1127 1563 1240 1596 innupta
1257 1562 1374 1589 sollicita
1396 1566 1438 1590 est
1456 1569 1560 1593 eorum,
1583 1569 1643 1596 quae
1660 1561 1768 1588 Domini

982 1613 1056 1641 sunt,
1078 1612 1108 1635 ut
1123 1609 1159 1636 sit
1174 1612 1269 1635 saneta
1292 1615 1406 1642 corpore
1424 1613 1452 1634 et
1469 1607 1580 1642 spiritu.
1598 1607 1686 1642 Nupta
1700 1614 1768 1634 vero

982 1654 1098 1682 sollicita
1122 1658 1164 1682 est
1187 1662 1292 1686 eorum,
1321 1661 1382 1689 quae
1406 1657 1470 1681 sunt
1497 1653 1603 1685 mundi,
1629 1653 1768 1688 quomodo

981 1701 1088 1735 placeat
1112 1700 1182 1733 viro,
1208 1704 1236 1727 et
1260 1699 1348 1727 divisa
1373 1700 1458 1727 eSt’”.
1475 1710 1485 1725 ι
1509 1699 1566 1726 lloc
1588 1699 1672 1734 igitur
1693 1699 1767 1731 dico,

982 1745 1054 1781 quod
1071 1746 1161 1773 omnis
1178 1746 1266 1780 virgo,
1287 1749 1334 1772 aut
1348 1745 1430 1772 vidua
1453 1745 1609 1777 continens,
1633 1745 1656 1772 si
1673 1752 1768 1771 curam

982 1799 1060 1820 suam
1076 1792 1190 1819 collocet
1205 1791 1233 1818 in
1253 1792 1305 1818 hoc
1320 1791 1432 1824 mundo,
1447 1791 1506 1826 ejus
1521 1791 1559 1818 rei
1581 1799 1646 1819 cura
1663 1791 1702 1818 illi
1718 1798 1769 1826 pro

982 1838 1082 1865 marito
1095 1842 1137 1865 est
1152 1847 1158 1865 :
1177 1838 1234 1865 sive
1249 1838 1450 1872 possessiones,
1467 1838 1526 1865 sive
1548 1838 1618 1865 alias
1635 1838 1768 1865 substan—

982 1884 1035 1912 tias
1061 1883 1211 1919 possideat,
1239 1883 1299 1919 ipsa
1328 1883 1485 1911 sollicitudo
1511 1885 1679 1911 contaminat
1707 1883 1769 1918 ejus

983 1931 1113 1958 animam.
1128 1930 1163 1957 Ut
1174 1930 1247 1957 enim
1267 1938 1315 1965 per
1331 1930 1420 1957 virum
1438 1938 1539 1965 corpus
1552 1929 1767 1962 contaminatur,

982 1977 1019 2003 ita
1034 1984 1144 2011 quoque
1158 1976 1268 2004 habitus
1284 1977 1425 2009 mundani,
1445 1980 1473 2003 et
1489 1976 1608 2003 animam
1627 1980 1654 2003 et
1668 1983 1768 2010 corpus

982 2022 1151 2049 continentis
1167 2026 1361 2056 conspurcant,
1376 2029 1465 2057 neque
1476 2022 1532 2056 jam
1547 2026 1589 2050 est
1605 2026 1699 2049 sancta
1709 2029 1770 2048 cor-

983 2075 1051 2103 pore
1071 2073 1097 2096 et
1123 2068 1233 2103 spiritu.
1250 2068 1315 2101 Quae
1343 2073 1434 2096 autem
1458 2072 1536 2095 curat
1558 2076 1627 2103 opus
1648 2068 1767 2100 Domini,

947 2132 969 2160 Β
985 2113 1068 2148 hujus
1085 2121 1204 2148 sponsus
1219 2117 1261 2141 est
1275 2113 1412 2141 Christus.
1430 2113 1467 2140 Ea
1482 2114 1567 2146 enim,
1583 2121 1643 2148 quae
1658 2117 1770 2148 coapta-

984 2163 1031 2185 tur
1041 2159 1100 2186 viro
1123 2159 1308 2194 corruptibili,
1327 2160 1494 2186 voluntatem
1514 2159 1564 2186 viri
1582 2159 1624 2186 sui
1642 2159 1714 2192 facit,
1733 2159 1769 2186 ita

984 2204 1058 2231 enim
1077 2203 1213 2239 scriptum
1235 2209 1297 2231 est:
1316 2213 1325 2229 ι
1338 2204 1434 2231 Mulier
1447 2204 1490 2231 sui
1511 2203 1636 2238 corporis
1650 2207 1770 2238 potesta-

984 2253 1038 2276 tem
1052 2257 1107 2276 non
1121 2250 1213 2282 habet,
1236 2250 1284 2277 sed
1305 2249 1348 2276 vir
1360 2250 1382 2265 δ’
1397 2259 1403 2276 :
1419 2259 1428 2276 ι
1446 2257 1478 2276 ae
1500 2257 1628 2277 rursum:
1645 2258 1654 2274 ι
1669 2248 1771 2282 Quem-

984 2295 1130 2323 admodum
1154 2295 1277 2324 Ecclesia
1294 2296 1440 2331 subjicitur
1454 2296 1580 2329 Domino,
1604 2296 1642 2322 ita
1661 2303 1770 2330 quoque

986 2342 1116 2369 mulieres
1129 2342 1196 2370 viris
1211 2343 1269 2370 suis
1284 2342 1312 2369 in
1324 2343 1454 2370 omnibus
1465 2343 1500 2370 ".
1517 2352 1526 2368 ι
1545 2342 1676 2377 Exemplo
1692 2349 1770 2369 nam-

983 2395 1037 2422 que
1053 2387 1255 2415 mundanarum
1271 2396 1373 2420 rerum,
1401 2389 1425 2416 si
1443 2389 1481 2416 ita
1495 2389 1622 2420 velimus,
1647 2388 1770 2416 cwlestia

983 2433 1210 2461 intellexerimus.
1241 2433 1307 2466 Quae
1331 2437 1422 2460 autem
1457 2433 1633 2469 conjungitur
1662 2432 1770 2461 caelesti

984 2486 1098 2514 sponso,
1119 2480 1286 2507 voluntatem
1302 2481 1344 2507 sui
1359 2479 1454 2515 sponsi
1468 2479 1544 2507 facit.

1020 2569 1047 2596 5.
1070 2568 1108 2596 Ea
1119 2573 1208 2596 autem
1224 2572 1267 2596 est
1284 2567 1413 2596 voluntas
1432 2567 1546 2601 Christi,
1567 2573 1597 2595 ut
1617 2568 1641 2596 is
1655 2568 1701 2603 qui
1719 2568 1771 2604 ipsi

180 2671 203 2688 ³⁹
221 2670 321 2698 Cenes.
340 2678 369 2702 ι,
385 2670 440 2704 26;
462 2677 492 2703 ιι,
504 2670 531 2703 7,
547 2669 579 2703 8,
594 2669 689 2697 21-24.
727 2669 749 2686 ⁸⁸
770 2669 869 2704 Ephes.
887 2677 912 2701 v,

1015 2669 1038 2685 δι
1058 2668 1068 2695 l
1084 2668 1149 2696 Cor.
1168 2676 1222 2701 vu,
1240 2668 1284 2696 54.
1323 2668 1346 2684 δ’
1363 2668 1431 2696 lbid.
1449 2669 1476 2696 4.
1515 2668 1538 2684 ⁸³
1559 2667 1658 2704 Ephes.
1680 2676 1706 2701 ν,
1723 2669 1769 2697 24.

181 2746 596 2783 (85),Basiliensis,Anglicanus
603 2750 635 2783 _et
647 2745 722 2783 Felc.
737 2746 764 2783 2,
777 2745 811 2772 τὰ
823 2745 932 2782 ῥήματά

149 2781 208 2817 μου.
228 2781 299 2810 Editi
313 2789 387 2813 vero,
401 2782 435 2808 τὰ
449 2783 559 2817 ῥήματα
568 2781 615 2808 τοῦ
633 2781 766 2816 στόματός
781 2781 853 2816 μου(
926 2785 929 2787 ‘

184 2817 240 2853 (86)
261 2818 320 2849 Πᾶς
336 2817 412 2846 deest
432 2818 459 2844 in
475 2817 626 2845 Βιλδίιίωεὶ-

1021 2745 1076 2782 (87)
1096 2745 1273 2782 Anglicanus,
1291 2745 1396 2782 θνητοῖς
1409 2746 1571 2781 ἀνθρώποις.

1019 2781 1078 2816 (88)
1100 2780 1146 2808 Sie
1164 2780 1338 2809 Basiliensis.‘
1354 2781 1425 2809 Editi
1443 2780 1518 2814 vero,
1532 2781 1571 2818 τῷ
1583 2782 1660 2820 ἀνδρὶ
1674 2781 1771 2820 αὐτῆς,
