1915 3057
161 120 212 148 I55

744 120 774 148 S.
794 119 1027 149 ATHANASIUS.
1046 134 1081 141 ν-
1101 119 1215 148 DUBlA.

1739 117 1811 144 256

159 178 366 217 conglutinatus
384 182 437 211 est,
453 177 523 206 nihil
544 186 639 207 secum
663 179 778 207 omnino
794 180 876 215 hujus
898 188 949 208 sa:-

1015 180 1119 215 ὡμενον
1136 178 1210 215 αὐτῷ
1225 179 1308 214 μηδὲν
1319 178 1387 211 ὅλως
1401 177 1577 214 ἐπιφέρεσθαι
1589 177 1644 212 (89)
1660 176 1708 203 τοῦ
1726 176 1812 203 αῑῶ-

159 224 214 251 culi
227 223 307 257 ferat,
323 225 392 252 nihil
404 224 549 252 terrestria
563 229 658 258 curet;
675 225 724 252 sed
739 226 827 252 solum
843 229 873 252 ut
886 233 951 253 cru-

159 278 219 298 cem
233 270 305 305 ejus,
323 270 369 305 qui
388 277 438 305 pro
453 277 482 297 5e
497 270 646 298 cruciﬁxus
664 275 716 304 est,
732 271 857 306 bajulare
867 271 948 299 velit:

160 323 311 351 curamque
325 323 357 343 ac
375 309 589 343 sollicitudinem
607 320 694 351 gerat,
710 316 753 344 die
766 324 798 344 ac
812 321 903 348 nocte,
922 321 951 344 ut

160 362 302 397 perpetuis
327 362 448 398 hymnis,
465 364 498 397 iet
522 362 770 398 gloriﬁcationibus
796 371 858 391 eum
879 364 950 391 cele-

160 409 231 440 bret,
255 409 440 436 illuminatum
456 409 555 437 habeat
573 411 674 438 mentis
692 410 812 442 oculum,
838 411 906 438 sciat
919 410 952 436 il-

160 453 214 481 lius
230 454 399 482 voluntatem
415 460 441 482 et
459 456 484 482 ei
499 455 678 491 obsequatur,
696 463 745 483 cor
756 456 872 492 simplex
887 462 951 490 pos-

161 500 260 531 sideat,
272 505 300 528 et
315 505 434 528 mentem
455 510 563 537 puram.
579 501 736 530 Misericors
750 503 796 534 sit,
813 506 843 529 ut
855 509 951 537 quem-

160 546 308 573 admodum
326 547 384 582 ipse
407 547 552 575 miserator
572 552 599 575 et
612 547 773 575 misoricors
788 551 846 581 est,
864 548 902 574 ita
924 552 951 574 ct

161 600 212 620 nos
226 601 335 628 quoque
355 601 417 620 eum
437 601 595 628 sequamur.
611 593 768 621 Mansuetus
789 597 816 620 et
840 594 951 628 quietus

161 642 244 673 atque
257 639 364 674 patiens
379 639 425 671 sit,
447 639 515 665 nulli
539 639 641 666 malum
659 647 709 674 pro
731 639 803 666 malo
820 639 948 672 reddens,

161 685 262 712 multas
276 685 458 712 contumelias
476 685 627 715 sustinens,
644 684 875 720 quemadmodum
890 686 950 719 ipse

161 739 177 757 ιι
192 730 294 758 Judzeis
313 731 489 758 contumeliis
513 731 639 762 allectus,
661 739 709 758 eas
724 731 866 758 sustinuit.
882 729 950 758 Ver-

162 777 228 805 bera
251 781 278 805 et
297 777 437 804 cruciatus
457 777 547 804 ferat:
563 784 625 803 nam
643 782 671 804 et
687 777 746 812 ipse
769 783 879 811 quoque
894 776 952 804 haec

161 831 261 859 passus
277 826 318 851 est
333 832 339 850 :
355 823 432 858 alapa
441 823 514 850 enim
529 831 544 849 a
558 823 686 850 ministro
699 822 837 858 pontiﬁcis
849 830 949 854 caesus,

1000 234 1045 257 νος
1060 225 1166 257 τούτου,
1181 225 1247 261 μηδὲ
1258 224 1313 251 τῶν
1328 225 1430 260 γηΐνων
1444 223 1597 259 φροντίζειν
1607 232 1614 239 ·
1627 222 1695 249 ἀλλὰ
1709 222 1810 258 μόνον

1000 272 1046 298 τὸν
1058 272 1174 307 σταυρὸν
1183 271 1230 298 τοῦ
1243 270 1444 307 παυρωθὲντος
1460 270 1530 306 ὑπὲρ
1547 269 1629 296 αὐτοῦ
1647 268 1809 304 βαστάζειν

1001 318 1092 350 αὑτὸν,
1109 318 1156 344 καὶ
1174 317 1245 353 ἔχειν
1261 317 1388 353 φροντίδα
1407 317 1456 343 κα).
1474 316 1608 352 μέριμναν
1626 315 1724 347 νυκτὸς
1747 315 1810 342 καὶ

1001 364 1117 399 ἡμέρας,
1138 363 1358 395 ἀκαταπαύστοις
1375 363 1430 398 (90)
1446 362 1541 398 ὕμνοις
1558 363 1606 389 κα).
1626 362 1807 396 δοξολογίαις

1001 411 1095 444 ὑμνεῖν
1109 410 1199 442 αὐτὺν,
1217 409 1423 444 πεφωτισμένον
1443 409 1515 443 ἔχειν
1531 409 1562 435 τὸ
1582 408 1658 444 ὄμμα
1671 408 1722 442 τῆς
1738 407 1809 433 δια.-

1001 455 1086 487 νοίας,
1110 455 1209 481 εἰδέναι
1225 454 1255 481 τὸ
1282 454 1387 490 θέλημα
1410 454 1505 486 αὑτοῦ,
1529 454 1577 481 καὶ
1601 455 1688 480 ποιεῖν
1712 453 1806 484 αὐτὸ,

1001 500 1090 536 ἀπλὴν
1104 500 1175 536 ἔχειν
1192 501 1241 536 τὴν
1262 501 1385 536 καρδίαν,
1408 500 1528 536 καθαρὸν
1543 500 1588 526 τὸν
1604 499 1676 526 νοῦν.
1701 499 1810 534 Ἐλεή-

1003 556 1071 583 μονα
1087 545 1166 579 εἶναι,
1182 548 1235 579 ἵνα,
1248 546 1339 579 καθὼς
1352 547 1433 578 αὐτὸς
1448 547 1597 582 οἰκτίρμων
1608 547 1655 573 καὶ
1667 546 1807 580 ἐλεήμων

1001 595 1070 626 ἐστὶ,
1084 594 1173 626 οὕτως
1190 594 1236 620 κα).
1252 595 1334 629 ἡμεῖς
1353 593 1574 628 ὲξακολουθῶμεν
1595 592 1680 628 αὐτῷ.
1701 592 1807 628 Πρᾶον

1001 641 1048 667 κα).
1068 641 1178 676 ἡσύχιον
1203 639 1286 674 εἶναι,
1313 641 1481 674 ἀνεξίκακον,
1504 640 1598 676 μηδεν).
1623 639 1708 666 κακὸν
1736 638 1808 665 ἀντὶ

1002 687 1088 713 κακοῦ
1111 687 1279 719 ἀποδιδόντα,
1300 686 1404 722 ὕϐρεων
1422 685 1526 713 πολλῶν
1538 685 1710 720 ἀνεχόμενον,
1728 683 1807 710 καθ-

1001 733 1040 765 ὼς
1054 733 1101 760 κα).
1120 733 1201 765 αὐτὸς
1213 732 1265 759 ὑπό
1286 733 1339 759 τῶν
1360 732 1495 759 Ἰουδαίων
1515 731 1641 767 ὑϐρίσθη,
1659 731 1707 758 καὶ
1727 729 1807 757 ὑπέ-

1004 787 1090 814 μεινε.
1108 778 1219 814 Πληγὰς
1235 778 1282 805 κα).
1298 778 1428 813 βασάνους
1443 777 1606 812 ὑποφέρειν·
1618 777 1665 803 καὶ
1676 775 1732 811 γὰρ
1750 774 1808 801 αὐ-

1002 825 1049 857 τὸς
1065 825 1149 851 ταῦτα
1163 824 1247 851 ἔπαθε
1257 833 1264 840 ·
1280 823 1423 860 ῥαπισθεὶς
1438 823 1492 858 γὰρ
1511 822 1562 849 ὑπὸ
1581 821 1627 848 τοῦ
1643 821 1738 848 δούλου
1750 819 1806 847 τοῦ

160 869 230 897 nihil
245 873 342 896 contra
359 868 433 901 fecit,
452 869 500 897 sed
521 873 627 895 tantum
644 869 733 896 dixit:
754 878 763 894 ι
785 868 814 896 Si
831 869 902 896 male
913 869 953 895 lo-

1015 871 1164 907 ιρχιερὲως,
1182 870 1257 897 οὐδὲν
1278 871 1415 906 ἐποίησεν,
1433 869 1500 896 ἀλλὰ
1518 870 1597 905 μόνον
1617 866 1692 894 εἶπεν
1704 876 1711 883 ·
1735 877 1746 893 r
1768 867 1805 894 Et

161 921 242 943 cutus
257 924 328 947 sum,
343 915 531 943 testimonium
546 915 659 950 perhibc
672 915 706 942 de
717 916 788 942 malo
802 925 808 943 :
822 915 845 943 si
861 920 950 942 autem

161 960 241 993 bene,
264 960 329 996 quid
348 969 391 988 me
410 961 544 988 cmdis?“
559 971 567 987 ι
584 960 680 988 Nonne
696 962 793 996 potuit,
810 961 857 996 qui
873 965 953 988 terra:

161 1007 315 1042 imperavit,
340 1011 370 1034 ut
389 1007 493 1034 Dathan
521 1011 549 1034 et
571 1007 674 1034 Abiron
693 1008 770 1035 vivos
793 1007 949 1042 deglutirct,

161 1060 271 1080 rursum
285 1053 431 1088 imperare,
450 1057 479 1080 ut
496 1061 569 1085 eum,
587 1053 633 1088 qui
651 1061 760 1080 manum
778 1054 911 1085 extendit,
923 1059 953 1080 ut

162 1099 279 1126 exederet
302 1106 383 1126 suum
399 1098 581 1130 conditorem,
607 1098 696 1125 virum
713 1098 878 1133 deglutiret?
900 1098 954 1125 Sed

161 1145 307 1177 sustinuit,
324 1145 405 1172 nobis
426 1144 587 1179 relinquens
602 1144 768 1179 exemplum,
788 1148 818 1171 ut
840 1151 891 1172 nos
907 1152 955 1179 per

161 1191 222 1227 ejus
246 1192 362 1226 vestigia
389 1191 548 1218 incedamus
558 1191 592 1218 "'.
613 1191 654 1218 Tu
679 1195 769 1218 autem
792 1191 875 1218 homo
899 1199 954 1219 non

161 1238 284 1266 sustines
310 1238 344 1265 ah
365 1237 490 1272 ejusdem
515 1241 622 1265 natura:
644 1237 755 1265 homine
779 1238 955 1266 contumeliis

161 1284 243 1311 allici.
268 1283 377 1312 Imitare
402 1284 547 1312 Dominum
563 1289 649 1312 tuum.
668 1285 697 1312 Si
719 1285 791 1312 enim
813 1285 869 1318 ille,
892 1293 954 1313 cum

162 1329 234 1358 Deus
250 1334 334 1362 esset,
353 1331 479 1358 toleravit
503 1335 615 1366 propter
631 1335 658 1358 te
679 1331 714 1358 ab
728 1330 840 1358 homine
857 1337 956 1366 pecca-

162 1380 224 1404 tore
247 1377 372 1412 colaphis
396 1377 483 1410 carui;
507 1381 536 1404 tu
561 1377 669 1405 scilicet
699 1377 862 1412 indignaris,
882 1375 955 1411 quod

163 1423 246 1451 homo
263 1424 361 1451 similis
381 1424 431 1451 tibi
451 1424 606 1451 convicium
629 1423 706 1457 dicit,
723 1428 750 1451 et
773 1431 853 1459 paras
872 1423 955 1451 ultio-

164 1471 244 1498 nem?
260 1470 333 1498 Proh
350 1471 512 1498 immensam
525 1470 609 1497 animi
621 1470 811 1503 stoliditatem,
823 1473 850 1497 et
864 1469 955 1497 stulti-

165 1517 231 1543 tiam
253 1517 396 1551 magnaml
414 1515 477 1544 Ideo
500 1515 580 1544 nobis
601 1523 683 1550 parua
699 1515 835 1543 destinata
851 1520 905 1547 est,
923 1519 950 1542 et

164 1562 255 1596 ignem
275 1562 328 1597 ipsi
343 1562 424 1589 nobis
438 1561 627 1595 accendimus,
645 1561 718 1596 quod
734 1569 796 1588 cum
809 1561 957 1588 rationales

165 1607 264 1641 simus,
280 1607 486 1635 irrationalibus
515 1607 611 1635 bestiis
634 1615 686 1634 nos
701 1607 757 1643 86
769 1607 874 1634 similes
896 1607 958 1634 red-

165 1653 274 1681 damus.
291 1653 321 1680 ln
342 1654 428 1680 multa
451 1653 605 1681 humilitate
620 1653 648 1680 in
668 1653 743 1680 hunc
760 1653 893 1680 mundum
911 1660 958 1680 ve-

166 1699 207 1727 nit
222 1709 228 1726 :
243 1703 271 1726 et
283 1700 432 1735 opulentus
444 1708 506 1727 cum
519 1703 603 1732 esset,
618 1707 720 1734 egenus
736 1698 825 1726 factus
842 1702 884 1726 est
895 1705 959 1733 pro-

168 1751 305 1781 pternos,
336 1749 366 1772 ut
383 1753 435 1773 nos
461 1745 534 1772 illius
551 1749 672 1780 egestate
695 1744 904 1772 ditesceremus.
927 1742 960 1769 Et

168 1791 242 1819 Deus
258 1800 320 1818 cum
343 1795 426 1823 esset,
448 1792 530 1818 homo
548 1792 636 1818 factus
660 1795 701 1818 est
724 1795 835 1825 propter
852 1797 913 1822 nos,
932 1792 960 1816 et

168 1843 251 1866 natus
269 1842 312 1866 est
327 1846 359 1866 ex
376 1838 493 1874 Deipara
508 1838 606 1871 Maria,
618 1841 649 1866 ut
666 1844 718 1864 nos
734 1837 862 1864 liberaret
877 1843 893 1862 a
911 1843 960 1871 po-

168 1885 254 1912 tentia
271 1884 384 1912 diaboli.

123 1965 128 1970 _
203 1931 231 1958 4.
253 1929 426 1964 Quapropter
450 1930 498 1965 qui
522 1929 617 1957 salvus
634 1936 697 1957 esse
719 1929 806 1964 cupit,
825 1929 910 1957 faciat
931 1935 961 1956 se

169 1977 284 2004 stultum
299 1976 326 2002 in
337 1976 389 2003 hoc
406 1975 520 2008 mundo,
537 1980 593 2002 uta
608 1974 725 2002 Domino
735 1975 827 2002 audiat
840 1975 960 2010 sapiens.

168 2024 211 2050 Ab
225 2023 382 2050 hominibus
396 2026 503 2055 contra,
520 2023 550 2054 ii,
565 2022 612 2057 qui
625 2022 651 2048 in
668 2022 758 2049 dando
779 2027 806 2049 et
825 2022 963 2057 accipien-

169 2070 216 2102 do,
232 2070 260 2097 in
275 2070 402 2102 emendo,
424 2069 579 2102 vendendo,
597 2069 767 2104 negotiisque
780 2069 916 2104 gerendis,
935 2069 962 2095 in

171 2117 326 2144 fraudando
339 2137 347 2149 ,
364 2116 512 2144 fenerando
524 2116 626 2143 versuti
640 2119 714 2147 sunt,
733 2118 760 2143 et
771 2123 803 2142 ex
816 2123 870 2142 uno
883 2115 963 2142 obolo

169 2163 239 2190 duos
253 2163 344 2190 facere
356 2166 466 2192 norunt,
485 2161 633 2197 prudentes
648 2161 780 2196 appellari
795 2161 894 2188 solent.
908 2159 962 2188 Sed

1005 917 1098 948 κακῶς
1115 916 1244 952 ἐλάλησα,
1266 917 1442 952 μαρτύρησον
1458 916 1522 951 περὶ
1541 915 1588 941 τοῦ
1605 914 1690 941 κακοῦ
1701 923 1708 929 ·
1725 915 1752 941 ει
1773 914 1804 940 δὲ

1005 963 1107 995 καλῶς,
1132 962 1157 988 τί
1180 971 1213 997 με
1235 961 1340 997 δέρειςς
1363 970 1372 987 ι
1391 961 1442 987 οὐκ
1460 961 1575 995 ἦδυνάτο
1589 961 1603 986 ὁ
1619 959 1750 991 κελεύσας
1766 960 1803 995 τῇ

1004 1011 1051 1044 γῇ,
1067 1010 1110 1035 ἵνα
1127 1009 1190 1040 τοὺς
1203 1008 1268 1042 περ).
1282 1008 1369 1034 Δαθὰν
1389 1007 1437 1034 κα).
1453 1006 1582 1042 Ἀϐειρὼν
1598 1006 1701 1039 ζῶντας
1713 1014 1805 1032 κατα-

1006 1055 1065 1092 πίῃ,
1080 1055 1127 1081 κα).
1137 1054 1230 1080 τοῦτον
1243 1054 1287 1080 τὸν
1299 1054 1458 1080 ἐκτείναντα
1467 1054 1517 1088 τὴν
1530 1054 1608 1088 χεῖρα
1619 1053 1666 1079 καὶ
1675 1051 1805 1087 τύψαντα

1004 1101 1050 1127 τὸν
1064 1100 1160 1126 ἑαυτοῦ
1175 1099 1340 1135 δημιουργὸν
1354 1099 1442 1132 ζῶντα
1458 1101 1601 1126 καταπιεῖν
1614 1107 1621 1131 ;
1643 1097 1711 1124 Ἀλλ’
1732 1096 1805 1123 ὺπέ-

1008 1155 1108 1182 μεινεν,
1118 1147 1183 1182 ἡμῖν
1195 1145 1389 1181 ὑπολιμπάνων
1400 1145 1591 1181 ὑπογραμμὸν,
1603 1144 1635 1170 ἵν’
1653 1145 1734 1179 ἡμεῖς
1744 1144 1803 1175 τοῖς

1005 1194 1110 1220 ἐκείνου
1129 1195 1229 1228 ἴχνεσιν
1252 1193 1574 1229 ὲπακολουθήσωμεν.Σὺ
1597 1191 1636 1224 δὲ,
1661 1191 1802 1227 ἄνθρωπε,

1005 1241 1037 1266 οὺ
1065 1240 1210 1275 βαστάζεις
1244 1240 1297 1267 ὑπὸ
1325 1239 1372 1266 τοῦ
1403 1238 1550 1275 ὁμογενοῦς
1579 1246 1626 1264 σου
1657 1236 1803 1273 ἀνθρώπου

1007 1286 1180 1322 ὑϐρισθῆναι.
1195 1286 1321 1322 Μίμησαι
1334 1286 1379 1313 τὸν
1392 1286 1530 1320 Δεσπότην
1546 1293 1602 1311 σου.
1617 1285 1649 1310 Et
1663 1284 1717 1320 γὰρ
1727 1283 1804 1309 ἐκεῖ⁴

1007 1341 1051 1364 νος
1065 1333 1132 1365 Θεὸς
1143 1332 1181 1359 ὢν
1198 1332 1330 1365 ἐϐάσταζε
1344 1331 1388 1358 διὰ
1404 1332 1433 1358 σὲ
1449 1332 1502 1358 ὑπὸ
1516 1330 1660 1367 ἀνθρώπου
1672 1331 1803 1366 ἁμαρτω-

1007 1379 1053 1406 λοῦ
1077 1378 1252 1415 ραπισθῆναι,
1271 1379 1303 1406 σὺ
1322 1379 1496 1413 ἀγανακτεῖς,
1513 1378 1554 1404 ὅτι
1573 1377 1665 1413 ὅμοιός
1687 1385 1735 1403 σου
1753 1375 1802 1403 ἇν-

1007 1426 1116 1461 θρωπος
1145 1425 1298 1461 ἐλοιδόρησέ
1329 1433 1378 1457 σε,
1405 1425 1453 1451 καὶ
1489 1424 1581 1459 ζητεῖς
1607 1422 1803 1451 ἀνταποδοῦναι

1008 1471 1083 1507 αὺτῷ
1093 1472 1139 1504 ;Ὢ
1150 1470 1250 1506 πολλῆς
1259 1470 1352 1502 ἀνοίας
1369 1469 1417 1497 καὶ
1432 1470 1589 1505 ἀφροσύνης
1605 1469 1724 1505 μεγάλης
1734 1468 1740 1495 ι
1752 1468 1802 1496 Διὰ

1008 1518 1086 1545 τοῦτο
1107 1518 1154 1544 κα).
1170 1517 1280 1548 κόλασις
1297 1517 1363 1552 ἡμῖν
1377 1516 1556 1552 ἡτοίμασται,
1574 1516 1622 1542 καὶ
1647 1515 1753 1545 ἑαυτοῖς
1770 1514 1802 1541 τὸ

1009 1564 1064 1600 πῦρ
1079 1563 1230 1599 ἐξάπτομεν
1243 1572 1249 1579 ·
1272 1564 1313 1590 ὅτι
1330 1563 1378 1589 κα).
1399 1562 1502 1595 λογικοὶ
1524 1562 1610 1594 ὄντες,
1626 1563 1682 1593 τοῖς
1696 1561 1802 1595 ἀλόγοις

1008 1610 1088 1643 ζώοις
1103 1611 1216 1642 ἑαυτοὺς
1231 1609 1388 1644 εἰκάζομεν.
1407 1607 1645 1644 Ταπεινοφροσύνῃ
1663 1606 1745 1642 πολλῇ
1763 1606 1801 1637 εἰς

1007 1657 1053 1683 τὸν
1070 1656 1171 1692 κόσμον
1185 1655 1279 1682 τοῦτον
1295 1655 1419 1691 ἐλήλυθε,
1439 1655 1486 1682 καὶ
1505 1654 1631 1685 πλούσιος
1648 1653 1698 1685 ὢν,
1712 1651 1800 1678 ἐπτώ-

1008 1712 1088 1740 χευσε
1104 1703 1138 1729 δι’
1155 1703 1238 1738 ἡμᾶς,
1256 1702 1289 1728 ἵν’
1312 1703 1393 1737 ἡμεῖς
1412 1703 1445 1738 τῇ
1467 1701 1571 1728 ἐκείνου
1586 1700 1707 1735 πτωχεία
1720 1700 1800 1726 πλου-

1008 1749 1144 1784 τήσωμεν.
1160 1748 1213 1774 Καὶ
1225 1747 1290 1778 Θεὸς
1303 1746 1342 1773 ὢν
1354 1747 1448 1781 γέγονε
1460 1747 1603 1782 ἅνθρωπος
1613 1745 1646 1771 δι’
1659 1745 1742 1780 ἡμᾶς,
1756 1745 1801 1770 καὶ

1008 1795 1139 1831 ἐγεννήθη
1160 1796 1191 1821 ἐκ
1208 1795 1258 1829 τῆς
1280 1793 1412 1829 Θεοτόκου
1430 1793 1549 1828 Μαρίας,
1570 1793 1613 1818 ἵνα
1630 1790 1800 1826 ἠλευθερώθη

1010 1842 1083 1877 ἡμᾶς
1096 1842 1127 1868 ἐκ
1142 1841 1193 1876 τῆς
1207 1840 1366 1872 δυναστείας
1378 1839 1424 1866 τοῦ
1440 1839 1573 1867 διαϐόλου.

1046 1932 1072 1959 4.
1095 1931 1176 1958 Ὅθεν
1188 1932 1203 1958 ὁ
1219 1929 1339 1965 σωθῆναι
1358 1928 1442 1956 θέλων
1458 1930 1531 1955 ποιεῖ
1547 1927 1641 1954 ἑαυτὸν
1658 1925 1747 1962 μωρὸν
1767 1925 1797 1953 ἐν

1010 1977 1049 2013 τῷ
1063 1978 1157 2013 κόσμῳ
1172 1977 1269 2013 τούτῳ,
1286 1978 1329 2005 ἵνα
1344 1975 1421 2012 παρὰ
1439 1975 1478 2011 τῷ
1499 1974 1559 2009 Θεῷ
1573 1972 1676 2008 ἀκούσῃ
1705 1971 1794 2007 σοφός.

1012 2025 1043 2051 Οἱ
1058 2024 1112 2060 γὰρ
1128 2023 1175 2051 ἄνθ
1180 2033 1266 2060 ρωποι
1281 2024 1345 2055 τοὺς
1358 2023 1462 2053 εἰδότας
1474 2021 1575 2052 δοῦναι,
1589 2020 1636 2047 καὶ
1648 2019 1739 2046 λασείν
1755 2017 1800 2046 καὶ

1013 2071 1158 2106 ἀγοράζειν
1171 2071 1218 2097 καὶ
1232 2070 1343 2101 πωλεῖν,
1358 2067 1611 2105 πραγματεύεσθαι,
1628 2067 1675 2093 καὶ
1686 2066 1798 2100 ἀφυστε-

1014 2119 1070 2153 ρεῖν
1086 2117 1121 2143 τὰ
1135 2116 1181 2143 τοῦ
1202 2117 1325 2151 πλησίον,
1344 2116 1391 2143 κα).
1405 2115 1587 2146 πλεονεκτεῖν,
1601 2112 1647 2140 κα).
1663 2111 1798 2143 δανείζειν,

1016 2164 1062 2190 καὶ
1074 2163 1119 2190 τὸν
1133 2164 1183 2190 ἕνα
1196 2163 1288 2190 ὀϐολὸν
1301 2163 1388 2189 ποιεῖν
1399 2161 1454 2192 δύο,
1462 2160 1572 2191 τούτους
1581 2158 1726 2195 φρονίμους
1740 2158 1801 2185 ἀπο·

170 2209 244 2237 Deus
256 2209 306 2237 hos
321 2209 407 2244 ipsos,
422 2208 534 2240 stultos,
551 2207 749 2243 imprudentes,
766 2211 793 2234 et
804 2210 956 2242 peccatores

1015 2208 1160 2236 καλοῦσιν’
1190 2209 1204 2234 ὁ
1221 2208 1250 2234 δὲ
1274 2207 1340 2239 Θεὸς
1365 2207 1473 2242 μωροὺς
1496 2205 1543 2231 καὶ
1569 2204 1731 2235 ἀσυνέτους,
1755 2202 1799 2229 καὶ

171 2260 260 2284 vocat.
279 2255 349 2282 Audi
360 2255 444 2287 enim,
459 2254 559 2290 inquit,
574 2254 638 2288 quid
653 2253 726 2281 Deus
742 2261 789 2288 per
802 2253 963 2288 prophetam

170 2302 317 2330 Jeremiam
334 2302 406 2329 dicat
423 2310 430 2329 :
446 2310 455 2326 ι
470 2300 593 2336 Pupulus
608 2301 660 2328 iste
674 2299 722 2327 ﬁlii
740 2303 805 2328 sunt
815 2300 964 2334 prudentes

172 2349 206 2377 ad
226 2349 463 2380 malefaciendum,
480 2352 609 2375 cmterum
626 2346 788 2374 benefacere
806 2354 861 2374 non
880 2354 964 2374 nove-

173 2400 237 2422 runt
248 2395 282 2421 ".
300 2405 309 2422 ι
327 2395 483 2430 Beatusque
499 2393 601 2421 Paulus
612 2394 650 2421 ait
665 2403 671 2420 :
690 2403 698 2419 ι
716 2393 854 2429 Sapientia
868 2393 963 2420 mundi

173 2441 268 2476 hujus,
283 2442 399 2469 stultitia
416 2445 459 2469 est
475 2440 546 2475 apud
562 2439 658 2472 Deum,
672 2443 699 2466 et
716 2440 763 2474 qui
778 2439 837 2467 vult
851 2440 962 2474 sapiens

173 2495 244 2520 esse,
272 2488 319 2515 ﬁat
338 2488 450 2521 stultus,
473 2491 503 2514 ut
525 2487 634 2522 sapiens
657 2485 835 2513 eﬂiciatur".
854 2495 864 2511 ι
889 2484 962 2512 Idem

172 2541 271 2563 rursus
294 2535 351 2562 ait:
367 2543 376 2559 ι
393 2533 516 2567 Fratres,
540 2541 575 2561 ne
603 2533 680 2568 pueri
708 2532 768 2560 sitis
789 2532 890 2565 animo,
913 2531 961 2559 sed

208 2614 232 2631 “
249 2613 330 2642 Joan.
347 2621 430 2646 xvm,
445 2614 490 2642 23.
528 2614 551 2630 ⁵⁸
571 2613 580 2641 l
597 2613 672 2641 Pctr.
688 2620 728 2645 ιι,
742 2612 789 2640 2|.

210 2683 266 2719 (89)
287 2683 362 2712 Felc.
383 2683 537 2719 secundus,
554 2681 761 2719 περιφέρεσθαι.
782 2671 858 2719 Mox,
873 2680 969 2719 Angli:

174 2715 272 2755 cauus,
287 2719 353 2755 μηδὲ
365 2718 395 2745 τὸ
406 2719 509 2755 γήϊνον.
526 2715 613 2755 Paulo
626 2715 702 2755 post,
714 2717 792 2755 (δίψη,
807 2716 874 2755 ὑπερ
885 2715 968 2743 αὑτοῦ

177 2752 303 2819 aliis}???
317 2752 396 2790 βαστ.
414 2752 468 2781 sed
484 2753 611 2789 βουλήσει
627 2752 706 2781 abest
730 2753 765 2780 ab
775 2752 926 2787 Anglicano
941 2754 969 2778 et

212 2822 270 2858 (90)
290 2824 460 2855 Basiliensis,
474 2822 702 2854 ἁκαταπαύστως.

178 2865 182 2869 ‘
216 2859 272 2896 (9i)
292 2859 351 2887 Εισι
367 2859 442 2888 deest
457 2859 487 2887 in
499 2858 607 2894 Anglic.
622 2857 690 2886 lbid.
703 2865 770 2886 mss.
786 2861 814 2886 ut
839 2857 868 2885 in
881 2859 968 2885 textu.

1013 2253 1192 2289 ἁμαρτωλοὺς
1207 2253 1269 2285 τοὺς
1284 2252 1422 2283 τοιούτους
1439 2250 1526 2278 καλεῖ.
1540 2251 1639 2276 ’Ἄκουε
1650 2248 1715 2284 γὰρ,
1727 2249 1798 2284 φησὶ,

1013 2299 1132 2330 cca-51b;
1146 2300 1160 2326 ὁ
1174 2299 1240 2331 Θεὸς
1253 2298 1297 2325 διὰ
1315 2298 1448 2333 Ἱερεμίου
1460 2297 1507 2324 τοῦ
1520 2297 1659 2332 προφήτου
1678 2295 1781 2330 εἴρηκεν
1791 2303 1797 2309 ·

1017 2355 1027 2372 ‹
1053 2346 1082 2372 '0
1096 2345 1160 2377 λαὸς
1171 2342 1248 2377 οὗτος
1262 2345 1314 2372 υἱοὶ
1328 2343 1444 2380 ἄφρονές
1459 2343 1512 2370 εἱσι
1526 2343 1582 2377 (91)
1600 2341 1647 2368 τοῦ
1661 2340 1799 2375 κακοποιῆ-

1015 2401 1077 2419 σαι’
1094 2392 1125 2419 τὸ
1145 2392 1174 2419 δὲ
1192 2392 1274 2418 καλὴν
1290 2391 1403 2426 ποιῆσαι
1423 2390 1473 2417 οὐκ
1490 2389 1656 2423 ἐπέγνωσαν.
1681 2397 1690 2413 ι
1715 2387 1765 2413 Καὶ
1785 2387 1798 2413 ὁ

1017 2440 1151 2476 μακάριος
1172 2438 1297 2470 Παῦλος·
1324 2448 1334 2464 ι
1363 2438 1395 2464 Ἠ
1419 2437 1499 2472 σοφία
1519 2435 1566 2462 τοῦ
1589 2435 1692 2470 κόσμου
1711 2432 1796 2459 τούτου

1018 2485 1109 2520 μωρία
1128 2485 1204 2520 παρὰ
1227 2484 1266 2520 τῷ
1281 2483 1341 2519 Θεῷ
1363 2484 1432 2515 ἐστι,
1453 2482 1502 2509 κα).
1517 2483 1532 2508 ὁ
1555 2480 1639 2508 θέλων
1662 2478 1741 2514 σοφὸς
1757 2486 1798 2512 γε-

1023 2530 1108 2557 νέσθαι
1123 2530 1213 2566 μωρὸς
1226 2528 1357 2564 γενέσθω,
1371 2528 1416 2555 ἴνα
1429 2528 1541 2564 γένηται
1555 2525 1646 2561 σοφός.
1667 2535 1676 2552 ι
1691 2523 1744 2551 Καὶ
1753 2522 1799 2551 πά-

826 2611 848 2627 ⁵⁶
867 2610 967 2638 Jerem.
985 2619 1023 2644 IV,
1039 2611 1084 2639 22.
1123 2611 1146 2626 ⁵⁷
1165 2610 1175 2638 1
1191 2609 1254 2638 Cor.
1266 2617 1314 2643 nt,
1334 2608 1386 2641 18,
1404 2608 1450 2636 19.

1020 2680 1092 2708 Editi
1109 2689 1185 2713 vero,
1205 2680 1235 2707 τὸ
1254 2679 1282 2706 δὲ
1303 2679 1426 2714 ἔγνωσαν
1445 2676 1527 2714 καλον
1541 2674 1652 2710 ποιῆσαι
1666 2673 1717 2714 ρῦκ
1728 2672 1796 2714 ὲπέγ.

1021 2716 1135 2748 Ibidem,
1151 2709 1247 2749 Biar,
1267 2709 1460 2749 οὐχἐγνωσαν.
1485 2712 1535 2749 llic
1554 2709 1645 2749 autem
1666 2709 1740 2736 locus
1753 2709 1797 2749 hic

1022 2745 1137 2779 mutilus
1156 2745 1269 2778 affertur
1282 2745 1365 2778 etiam
1380 2748 1452 2784 quod
1465 2747 1501 2784 ad
1510 2745 1674 2784 sententiam
1690 2747 1795 2784 spectat,

1021 2795 1085 2814 nam
1102 2787 1143 2814 sic
1156 2787 1301 2817 habentur,
1315 2779 1415 2812 Jerem.
1433 2791 1471 2815 iv,
1487 2782 1533 2815 2|,
1548 2781 1602 2808 υἱοὶ
1613 2779 1728 2817 ἄφρονές
1741 2780 1798 2816 εισι,

1022 2823 1068 2850 καὶ
1081 2823 1112 2850 οὐ
1130 2822 1245 2855 συνετοὶ,
1260 2821 1336 2855 σοφοί
1351 2820 1403 2846 εισι
1418 2818 1476 2852 τοῦ,
1493 2821 1548 2847 etc.
