1915 3057
108 117 170 145 9.57

783 119 826 146 DE
842 118 1078 148 VIRGINITATE.

1687 97 1694 110 ι

1698 120 1753 149 '258

109 176 159 204 λιν
171 177 187 203 6
201 176 284 208 αὐτὸς
298 176 387 211 λέγει·
402 187 411 203 ι
433 177 564 212 ’Δδελφοὶ,
579 178 616 214 μὴ
629 178 721 205 παιδία
735 177 843 213 γίνεσθε
853 181 907 211 ταῖς

965 180 1067 207 malitia
1088 179 1195 215 parvuli
1218 179 1279 208 sitis
1290 179 1323 207 ⁸⁸.
1337 190 1347 206 ι
1364 179 1437 207 Deus
1461 180 1534 207 enim
1555 179 1590 208 ad
1610 181 1754 207 terrestria

111 223 230 259 φρεσὶν,
248 223 317 250 ἀλλὰ
331 224 364 259 τῇ
378 224 462 259 κακία
473 224 631 260 νηπιάζετε.
652 234 660 251 ι
686 226 714 252 Ὀ
731 226 785 261 γὰρ
799 226 864 259 Θεὸς
878 228 917 259 είς

110 269 153 296 τὰ
168 271 252 305 γήϊνα
268 270 339 296 θέλει
356 271 463 306 μωροὺς
476 268 556 302 εἶναι,
572 272 611 302 εἰς
626 271 661 298 τὰ
682 272 832 307 ἐπουράνια
852 281 918 307 φρο-

111 315 228 351 νίμους.
253 316 308 342 Καὶ
331 316 384 351 γὰρ
403 316 484 348 αὐτὸς
505 317 519 343 6
539 316 676 348 ἀντίδικος
695 317 774 353 ἡμῶν
795 317 917 350 διάόολος

114 361 255 396 φρόνιμός
269 362 325 388 ἐστι
338 363 371 397 τῇ
385 361 477 397 κακίᾳ,
493 362 539 388 καὶ
550 363 623 398 ἡμᾶς
634 363 674 389 δεῖ
691 364 765 400 αὐτῷ
777 365 917 400 φρονίμως

115 407 289 444 ἐπέρχεσθαι
310 408 376 443 (92),
392 409 461 444 πρὸς
482 409 512 435 τὸ
535 410 644 445 νικῆσαι
661 411 743 438 αὑτοῦ
764 411 815 443 τὰς
835 421 917 438 κακο-

115 455 235 489 τέχνους
250 455 402 486 ἐπιϐουλάς.
426 455 506 490 Λέγει
521 455 574 491 γὰρ
586 456 600 482 ὁ
612 456 706 492 Σωτὴρ
716 456 744 482 ὲν
756 458 812 488 τοῖς
829 457 917 492 Εὐαγ-

116 500 241 535 γελίοις·
256 509 265 526 ι
281 501 391 528 Γίνεσθε
399 502 581 537 φρόνιμοι,ὼς
595 503 620 528 0E
634 502 719 537 ὄρεις,
733 503 778 530 καὶ
790 503 916 539 ἀκέραιοι

118 545 162 577 ὡς
173 545 379 581 αἱπεριστεραί.
394 556 404 572 ι
420 546 482 573 Ὀδὲ
492 547 660 582 καλούμενος
669 548 733 583 παρ’
745 547 817 583 αὐτῷ
826 548 917 584 φρόνι-

120 600 186 627 μος,
201 589 277 624 οὗτός
290 593 386 619 ἐστινὸ
397 592 571 628 σοφιζόμενος
587 594 698 629 ποιῆσαι
711 594 741 620 τὸ
754 593 859 630 θέλημα
869 593 915 622 τοῦ

118 638 204 670 Θεοῦ,
220 639 266 665 καὶ
281 638 428 674 φυλάσσειν
441 639 491 671 τὰς
508 639 619 671 ἐντολὰς
637 639 729 666 αὐτοῦ.

157 685 186 712 5.
207 685 287 720 Μέγα
307 685 452 721 φάρμακόν
473 686 530 712 ἐστι
551 685 686 722 σωτηρίας
702 686 718 721 ὴ
733 694 914 722 ταπεινοφρο-

118 731 210 766 σύνη·
234 733 248 758 6
270 732 325 767 γὰρ
346 732 468 763 Σατανᾶς
484 733 533 768 οὐχ
552 732 645 759 ἕνεκεν
661 732 800 768 πορνείας,
821 732 837 768 ἢ
858 741 916 768 μοι-

116 778 210 813 χείας,
225 778 241 812 ἦ
259 778 361 813 κλοπῆς
374 778 527 814 κατηνέχθη
551 779 583 804 ἐκ
599 779 654 805 τῶν
673 779 807 814 οὐρανῶν,
823 779 880 805 ἀλλ’
897 779 914 815 ἡ

116 823 296 860 ὑπερηφανία
315 823 396 850 αὐτὸν
415 823 561 850 κατέϐαλεν
576 824 616 855 είς
630 823 665 850 τὰ
681 823 824 859 κατώτερα
845 825 913 860 μέρη

115 870 170 904 τῆς
189 869 318 896 ἀϐύσσου.
341 869 420 896 Οὖτω
443 869 497 904 γὰρ
521 868 651 905 εἴρηκεν·
673 879 682 895 ι
714 869 910 904 ’Λναὸήσομαι,
930 862 950 888 Β

114 917 168 943 καὶ
182 915 300 951 θήσομαι
318 916 364 943 τὸν
383 915 477 952 θρόνον
495 925 545 951 μου
567 915 684 942 ἐνώπιον
708 915 756 942 τοῦ
770 915 849 947 Θεοῦ,
867 916 914 942 καὶ

115 961 218 997 ἔσομαι
233 963 323 997 ὅμοιος
338 961 377 998 τῷ
396 962 556 997 Ὑψίστῳη
576 962 624 989 καὶ
634 961 678 988 διὰ
694 961 787 988 τοῦτον
805 962 851 988 τὸν
872 962 915 989 λό-

114 1016 167 1042 γον
184 1008 349 1044 κατεὸλήθη,
370 1008 416 1035 καὶ
437 1008 575 1044 ὲγένετοὴ
595 1008 761 1044 κληρονομία
781 1007 863 1034 αὑτοῦ
885 1008 914 1034 τὸ

115 1054 176 1090 πῦρ
199 1054 229 1081 τὸ
245 1055 364 1082 αἰώνιον.
387 1055 419 1081 Ἡ
438 1053 484 1082 οὖν
503 1055 677 1090 ὑπερηφανία
694 1055 722 1081 ἐν
742 1053 780 1089 τῷ
799 1054 914 1089 διαϐόλῳ

116 1100 211 1126 ἐστίν·
229 1101 246 1135 ἡ
270 1100 298 1127 δὲ
319 1101 553 1136 ταπεινοφροσύνη
577 1102 605 1127 ἐν
622 1100 661 1136 τῷ
682 1099 808 1136 Χριστῷ·
832 1100 914 1132 αὐτὸς

116 1146 175 1182 γὰρ
190 1147 204 1172 ὁ
219 1146 320 1182 Κύριος
333 1146 418 1181 λέγει,
432 1147 472 1173 ὅτι
487 1155 496 1172 ¢
523 1146 552 1172 '0
565 1145 649 1172 θέλων
662 1146 690 1172 ἐν
706 1146 770 1181 ὑμῖν
783 1143 852 1172 εἴναι
866 1145 914 1180 μὲ-

117 1200 182 1226 γας,
195 1191 263 1218 ἔστω
276 1192 385 1219 πάντων
399 1191 500 1224 δοῦλος.
523 1201 532 1218 ι
556 1192 584 1218 '0
601 1191 656 1227 γὰρ
669 1191 734 1223 Θεὸς
748 1191 802 1218 τῶν
817 1199 914 1218 ταπει-

117 1236 174 1264 νῶν
192 1237 264 1264 ἐστιν
282 1237 350 1274 (95).
905 1251 909 1254 -

157 1282 185 1310 6.
210 1283 410 1318 Ἀγαπήσωμεν
425 1282 527 1318 σφόδρα
540 1282 590 1318 τὴν
606 1281 733 1318 νηστείαν
743 1290 750 1297 ·
770 1281 840 1317 μέγα
858 1281 913 1318 γὰρ

118 1329 303 1365 φυλακτήριόν
339 1331 414 1356 ἐστιν
448 1330 465 1365 ἡ
486 1329 609 1365 νηστεία,
646 1329 694 1356 καὶ
723 1329 740 1364 ἡ
760 1328 910 1364 προσευχὴ,

119 1375 168 1401 καὶ
183 1375 200 1410 ἡ
219 1375 403 1410 ἐλεημοσύνη·
418 1375 450 1401 ὲκ
469 1374 584 1401 Θανάτου
601 1374 657 1409 γὰρ
675 1373 784 1410 ῥύονται
799 1374 844 1400 τὸν
866 1375 913 1401 ἅν-

120 1421 240 1456 θρωπον.
265 1422 372 1457 Ὠσπερ
390 1421 443 1457 γὰρ
467 1420 511 1447 διὰ
536 1419 679 1456 βρώματος
703 1420 750 1447 καὶ
772 1420 912 1456 παρακοῆς

119 1467 253 1504 ἐξεϐλήθη
270 1469 285 1494 6
307 1468 393 1503 Ἀδὰμ
422 1469 455 1494 ὲκ
477 1467 524 1494 τοῦ
545 1467 720 1502 παραδείσου,
742 1465 813 1493 οὕτω
831 1467 913 1493 πάλιν

969 233 1019 253 nos
1042 226 1140 253 stultos
1168 233 1228 253 esse
1250 225 1317 257 vult,
1347 229 1374 253 et
1393 226 1428 253 ad
1445 226 1570 254 coelestia
1594 226 1753 260 prudentes.

967 272 1036 300 Nam
1051 276 1078 300 et
1091 273 1266 300 adversarius
1281 276 1377 300 noster
1393 272 1519 300 diabolus
1533 273 1654 307 prudens
1668 273 1753 300 estin

967 319 1083 350 malitia,
1096 322 1122 346 et
1137 327 1187 346 nos
1206 321 1313 353 oportet
1328 317 1460 345 adversus
1475 325 1536 345 eum
1552 318 1700 352 prudenter
1712 318 1755 345 in-

967 364 1075 397 cedere,
1093 369 1122 391 ut
1138 365 1282 392 vincamus
1299 363 1373 390 illius
1393 368 1518 391 versutas
1536 363 1662 391 insidias.
1684 363 1754 390 Dicit

966 410 1039 437 enim
1064 409 1190 436 Salvator
1212 410 1240 436 in
1262 409 1438 443 Evangeliis:
1462 418 1472 434 σ
1487 409 1581 438 Estote
1604 409 1753 445 prudentes

968 456 1039 484 sicut
1064 459 1217 491 Serpentes,
1244 458 1271 482 et
1295 456 1435 490 simplices
1455 455 1526 482 sicut
1551 455 1725 484 columbae".
1741 465 1750 482 ι

966 501 1018 535 Qui
1040 506 1128 529 autem
1149 502 1183 529 ab
1199 510 1231 530 eo
1247 503 1368 538 prudens
1386 506 1508 534 vocatur,
1528 502 1551 529 is
1577 506 1619 530 est
1638 502 1684 537 qui
1707 510 1753 530 sa-

966 550 1072 585 picntcr
1082 549 1139 585 agit
1152 549 1185 576 ad
1200 549 1351 577 faciendam
1362 549 1529 577 voluntatem
1539 548 1597 582 Dei,
1609 553 1637 577 et
1648 549 1683 577 ad
1694 556 1752 577 ser-

965 595 1053 629 vanda
1070 599 1204 630 praecepta
1219 595 1289 629 ejus.

1000 683 1027 711 5.
1048 683 1146 718 Ingens
1163 683 1314 711 remedium
1333 687 1375 711 est
1397 683 1430 711 ad
1450 684 1567 711 salutem
1598 684 1682 711 animi
1699 685 1751 712 hu-

965 730 1084 758 militas:
1107 731 1242 765 siquidem
1269 730 1385 758 Satanas
1409 739 1463 758 non
1486 731 1522 758 ob
1546 731 1750 764 scortationem,

965 780 1012 803 aut
1027 776 1204 810 adulterium,
1232 780 1279 804 aut
1296 777 1398 804 furtum
1419 777 1541 811 dejeclus
1556 781 1598 804 est
1612 785 1645 805 ex
1662 778 1750 809 cmlis,

965 822 1014 850 sed
1031 823 1158 858 superbia
1175 823 1251 850 illum
1265 823 1328 851 inde
1354 824 1535 859 praecipitavit
1555 824 1588 851 ad
1606 824 1751 853 inferiores

965 869 1056 905 abyssi
1072 874 1173 905 partes,
1187 870 1267 904 cujus
1282 870 1339 896 lucc
1354 871 1436 898 verba
1451 870 1545 898 fuere:
1562 880 1571 896 ‹
1585 871 1749 903 Ascendam,

964 920 991 944 et
1007 923 1106 950 ponam
1122 916 1250 943 thronum
1268 924 1357 943 meum
1375 924 1390 943 e
1405 917 1514 951 regione
1528 916 1586 950 Dei,
1601 921 1628 944 et
1645 925 1693 945 ero
1713 918 1751 945 si-

963 962 1037 990 milis
1060 962 1204 990 Altissimo
1225 962 1259 990 ⁸ο.
1278 972 1286 988 ι
1305 961 1337 989 Ει
1350 963 1384 989 ob
1397 963 1453 989 haec
1464 963 1547 990 verba
1561 963 1685 998 dejectus
1696 967 1748 994 est.

964 1009 1088 1044 ignisque
1100 1013 1219 1035 :etcrnus
1234 1008 1306 1036 illius
1322 1009 1467 1036 hwreditas
1478 1012 1504 1036 et
1517 1009 1606 1043 portio
1618 1009 1678 1036 fuit.
1695 1008 1749 1036 Su-

963 1053 1056 1088 perbia
1075 1054 1168 1088 itaque
1193 1054 1220 1080 in
1245 1053 1355 1080 diabolo
1373 1059 1424 1085 est.
1443 1054 1583 1081 humilitas
1606 1059 1702 1082 contra
1720 1055 1748 1082 in

964 1099 1073 1127 Christo
1089 1109 1094 1115 -
1110 1100 1168 1134 ipse
1179 1107 1297 1134 namque
1313 1099 1445 1126 Dominus
1459 1101 1516 1126 ait:
1533 1108 1542 1125 α
1560 1099 1588 1127 Si
1604 1100 1666 1135 quis
1678 1100 1750 1128 inter

962 1153 1012 1173 vos
1032 1145 1124 1180 cupiat
1146 1145 1204 1172 ﬁeri
1223 1153 1349 1180 magnus,
1365 1145 1401 1173 sit
1417 1145 1539 1173 omnium
1555 1146 1723 1174 minister“.
1736 1156 1746 1173 ι

963 1191 1035 1220 Deus
1050 1192 1123 1219 enim
1138 1191 1282 1219 humilium
1298 1195 1350 1219 est.

998 1282 1025 1309 6.
1045 1282 1175 1309 Amemus
1190 1282 1269 1310 valde
1282 1281 1436 1317 jejunium;
1454 1289 1582 1317 magnum
1596 1282 1668 1310 enim
1689 1290 1750 1310 mu-

963 1329 1114 1355 nimentum
1136 1332 1178 1356 est
1200 1328 1349 1363 jejunium,
1365 1328 1455 1356 oratio
1482 1328 1558 1361 item,
1579 1332 1607 1356 et
1631 1329 1750 1357 eleemo-

963 1383 1047 1412 syna;
1064 1383 1096 1403 ex
1115 1378 1203 1403 morte
1219 1375 1319 1410 quippe
1330 1375 1466 1402 hominem
1482 1375 1609 1403 liberant.
1624 1375 1661 1404 Ut
1675 1376 1748 1404 enim

962 1422 997 1448 ob
1012 1429 1089 1449 esum
1106 1424 1134 1448 et
1151 1421 1364 1448 inobedienliam
1383 1421 1545 1449 exturbatus
1560 1425 1601 1449 est
1611 1422 1697 1449 Adam
1715 1430 1749 1449 ex

962 1467 1101 1502 paradiso,
1118 1467 1156 1494 ita
1174 1474 1284 1494 rursum
1305 1474 1354 1502 per
1365 1467 1500 1503 jejunium
1517 1472 1544 1496 et
1564 1467 1747 1496 obedientiam

119 1514 164 1541 διὰ
176 1514 303 1549 νηστείας
317 1514 364 1540 καὶ
378 1513 501 1549 ὑπακοῆς
516 1514 530 1540 ὁ
546 1513 635 1540 θέλων*
648 1513 800 1549 εἰσέρχεται
812 1514 851 1544 είς
864 1513 907 1539 τὸν

964 1513 990 1539 in
1005 1513 1175 1548 paradisum,
1189 1513 1236 1548 qui
1252 1513 1334 1546 volet,
1349 1513 1527 1549 ingredietur.
1543 1513 1572 1541 ln
1584 1514 1634 1541 hac
1647 1514 1748 1542 virtute

119 1560 294 1596 παράδεισον.
318 1560 362 1586 Ἐν
374 1559 461 1596 ταύτῃ
481 1561 513 1595 τῇ
530 1560 613 1595 ἀρετῇ
630 1559 767 1594 κόσμησον
780 1559 811 1585 τὸ
830 1558 907 1594 σῶμά

963 1561 1065 1588 cultum
1080 1560 1205 1595 corporis
1218 1560 1268 1592 tui,
1287 1563 1314 1587 et
1328 1565 1488 1587 ornamenta
1507 1567 1598 1595 quaere
1609 1580 1617 1593 ,
1630 1567 1646 1587 ο
1658 1560 1748 1596 virgo,

119 1614 167 1632 σου
182 1605 247 1641 (94),
264 1603 287 1632 ὦ
300 1605 426 1641 παρθένε,
441 1606 488 1632 καὶ
502 1606 610 1642 ἀρέσεις
621 1605 661 1641 τῷ
677 1605 828 1641 ἐπουρανίῳ
843 1615 912 1641 νυμ-

118 1652 190 1686 φίῳ·
210 1653 238 1678 αἱ
255 1652 310 1688 γὰρ
328 1651 367 1687 τῷ
387 1652 482 1688 κόσμῳ
501 1652 712 1687 συναπτόμεναι,
736 1652 782 1679 καὶ
804 1652 910 1688 μύροις,

118 1698 165 1724 καὶ
181 1697 347 1733 Θυμιάμασι,
365 1697 411 1724 καὶ
428 1698 562 1730 εὐωδίαις,
581 1698 628 1725 καὶ
646 1699 675 1725 έν
697 1699 814 1734 ἱματίοις
830 1698 911 1724 πολυ-

116 1744 232 1775 τελέσιν,
250 1745 297 1771 καὶ
316 1744 409 1780 χρυσῷ
427 1744 643 1777 καλλωπίζουσαι
663 1745 697 1771 τὰ
719 1745 833 1780 σώματα
851 1746 911 1772 ἑαυ-

117 1790 171 1817 τῶν
191 1791 259 1826 πρὸς
273 1791 304 1817 τὸ
323 1792 418 1827 ἀρέσαι
437 1793 492 1823 τοῖς
512 1791 675 1827 ἀνθρώποις,
691 1791 750 1827 Θεῷ
767 1793 864 1827 ἀρέσαι
878 1792 908 1818 οὒ

117 1837 254 1864 δύνανται.
277 1838 306 1864 '0
321 1837 349 1864 δὲ
366 1838 482 1874 Χριστὸς
501 1838 576 1864 οὐδὲν
595 1837 697 1864 τούτων
717 1838 811 1874 χρῄζει
834 1839 908 1873 παρὰ

118 1883 176 1915 σοῦ,
193 1883 217 1909 εί
238 1883 276 1918 μὴ
299 1883 378 1918 μόνον
396 1883 510 1919 καρδίαν
529 1883 664 1919 καθαρὰν,
683 1884 729 1911 καὶ
749 1884 827 1918 σῶμα
845 1884 909 1919 ἀμό-

116 1929 221 1960 λυντον,
245 1928 470 1965 ὑπωπιαζόμενον
492 1929 543 1956 ὑπὸ
567 1929 704 1966 νηστείας.
733 1930 794 1956 Ἐὰν
815 1930 843 1956 δὲ
866 1929 908 1966 ἕρ-

115 1975 216 2010 χωνταί
229 1983 301 2007 τινες
315 1975 362 2002 καὶ
375 1975 473 2010 λέγωσί
492 1984 542 2008 σοι,
561 1977 601 2003 ὅτι
619 1976 656 2012 μὴ
671 1977 784 2012 νήστευε
800 1977 905 2004 πυκνά·

116 2021 141 2047 εί
159 2021 188 2048 δὲ
204 2022 241 2057 μή
257 2029 300 2055 γε,
317 2021 497 2057 ἀσθενεστέρα
514 2023 631 2058 γενήσῃ·
646 2023 675 2048 οὺ
693 2022 840 2059 πιστεύσῃς
858 2023 907 2049 αὐ-

116 2068 182 2099 τοῖς.
196 2067 251 2093 οὐδ’
272 2067 302 2094 οὺ
329 2067 366 2103 μὴ
383 2067 541 2104 ὑπακούσῃς
563 2067 652 2095 αὐτῶν
669 2068 739 2103 (95)·
757 2069 770 2095 6
786 2068 840 2105 γὰρ
861 2070 907 2104 έχ-

118 2112 178 2148 θρὺς
194 2113 294 2146 αὐτοὺς
313 2113 467 2141 ὑποϐάλλει.
487 2114 629 2150 Μνήσθητι
651 2114 681 2140 τὸ
702 2114 904 2150 γεγραμμένον,

117 2159 196 2185 ὁπότε
213 2160 239 2185 οἱ
258 2160 332 2195 τρεῖς
355 2160 447 2191 παῖδες
471 2161 518 2186 καὶ
541 2160 639 2196 Δανιὴλ
655 2161 904 2197 ᾐχμαλωτεύθησαν

962 1610 990 1633 et
1010 1605 1133 1640 placebis
1154 1605 1259 1634 cmlesti
1283 1613 1393 1640 sponso.
1416 1605 1484 1632 Nam
1503 1613 1563 1641 quae
1582 1606 1685 1633 mundo
1702 1613 1749 1634 so-

962 1651 1080 1684 ciantur,
1097 1655 1124 1678 et
1148 1652 1306 1687 unguentis,
1322 1652 1490 1680 aromatibus
1510 1657 1537 1680 et
1561 1653 1640 1681 bonis
1654 1653 1748 1680 odori-

965 1698 1027 1729 bus,
1044 1702 1071 1725 et
1085 1698 1185 1724 amictu
1198 1698 1328 1732 pretioso,
1343 1702 1370 1726 et
1385 1706 1452 1726 auro
1465 1703 1610 1727 venustant
1621 1707 1670 1727 sua
1685 1707 1748 1727 cor-

960 1751 1038 1778 pora,
1056 1748 1085 1771 ut
1097 1744 1221 1778 placeant
1235 1744 1409 1772 hominibus:
1426 1744 1482 1772 Deo
1492 1745 1599 1780 placere
1619 1753 1674 1772 non
1686 1753 1748 1781 pos-

960 1793 1036 1817 sunt.
1061 1789 1189 1817 Christus
1212 1794 1302 1818 autem
1324 1790 1393 1817 nihil
1420 1790 1518 1818 horum
1537 1798 1552 1818 a
1575 1796 1600 1818 te
1619 1792 1745 1827 requirit,

961 1836 1013 1863 nisi
1025 1836 1114 1863 solum
1126 1843 1174 1863 cor
1190 1836 1321 1864 mundum
1333 1840 1360 1863 et
1373 1843 1475 1871 corpus
1488 1836 1745 1869 incontaminatum,

957 1882 1117 1917 jejunioque
1131 1886 1311 1910 maceratum.
1328 1882 1407 1916 Quod
1428 1883 1452 1910 si
1475 1882 1606 1910 accedant
1620 1883 1704 1918 aliqui
1718 1887 1747 1911 et

958 1928 1052 1955 dicant
1073 1928 1133 1960 tibi,
1153 1927 1192 1956 Ne
1212 1929 1371 1964 frequenter
1392 1928 1510 1964 jejunes,
1525 1937 1560 1957 ne
1583 1929 1746 1958 imbecillior
1791 1956 1800 1966 ,

959 1974 1092 2006 ﬁas;nec
1113 1975 1168 2002 illis
1194 1975 1300 2007 credas.
1329 1983 1380 2003 nec
1406 1976 1563 2003 auscultes:
1579 1967 1648 2004 istos
1671 1977 1745 2004 enim

958 2020 1086 2048 inimicus
1109 2021 1256 2049 submittit.
1282 2020 1471 2049 Iieminiscere
1493 2021 1564 2056 ejus,
1580 2022 1654 2058 quod
1676 2023 1746 2050 scri-

957 2071 1033 2101 ptum
1055 2071 1107 2100 est,
1125 2075 1187 2095 cum
1207 2067 1303 2096 Daniel
1324 2072 1350 2096 et
1365 2073 1422 2096 tres
1437 2070 1514 2104 pueri
1533 2070 1606 2104 capti
1620 2073 1712 2096 essent
1726 2077 1743 2096 a

957 2121 1020 2149 rege
1036 2113 1182 2150 Babylonis
1198 2113 1475 2146 Nabuchodonosore,
1491 2118 1518 2142 et
1533 2115 1578 2141 alii
1595 2114 1671 2149 pueri
1690 2121 1744 2141 una

957 2167 1018 2187 cum
1036 2161 1090 2188 illis
1104 2161 1305 2196 :jussissetque
1324 2168 1381 2193 rex,
1396 2165 1427 2188 ut
1442 2160 1476 2188 de
1489 2168 1539 2188 sua
1551 2167 1644 2187 mensa
1664 2167 1742 2186 com-

118 2205 168 2231 ὑπὸ
187 2205 430 2241 Ναϐουχοδονόσωρ
443 2206 575 2241 βασιλέως
591 2207 759 2240 Βαϐυλῶνος.
780 2208 826 2235 καὶ
841 2209 907 2236 ἄλλα

963 2207 1079 2239 ederent,
1095 2211 1122 2235 et
1147 2207 1181 2235 de
1194 2208 1254 2242 [suo
1267 2207 1332 2234 vino
1346 2207 1480 2238 biberent,
1496 2206 1632 2234 Danielem
1646 2210 1673 2234 et
1686 2209 1742 2233 tres

118 2249 247 2286 παιδάρια
267 2251 324 2286 μετ’
339 2251 437 2283 αὐτῶν,
457 2251 503 2278 καὶ
519 2251 612 2284 ἔταξεν
630 2253 728 2284 αὐτοὺς
747 2254 761 2280 6
780 2253 904 2288 βασιλεὺς

121 2295 214 2323 ἱσθίειν
228 2296 282 2323 ἀπὸ
293 2297 343 2332 τῆς
359 2297 499 2333 τραπέζης
515 2298 607 2330 αὑτοῦ,
624 2299 670 2325 καὶ
687 2299 775 2326 πίνειν
790 2300 843 2327 ἀπὸ
856 2300 904 2327 τοῦ

121 2343 185 2370 οἴνου
202 2343 285 2370 αὑτοῦ
299 2352 306 2358 ·
328 2343 425 2379 Δανιὴλ
441 2344 469 2370 δὲ
490 2344 536 2371 καὶ
556 2345 580 2371 οἱ
602 2347 676 2380 τρεῖς
701 2346 805 2378 παῖδες,
828 2347 904 2374 αὐτοὶ

120 2389 164 2416 οὐκ
178 2390 313 2425 ἠθέλησαν
327 2390 381 2426 (96)
402 2389 542 2426 ἁλισθῆναι
562 2391 616 2418 ἀπὺ
631 2391 680 2427 τῆς
696 2391 836 2428 τραπέζης
856 2393 902 2420 τοῦ

120 2435 258 2470 βασιλέως,
270 2436 338 2464 ἀλλὰ
351 2436 458 2471 λέγουσι
472 2437 511 2473 τῷ
531 2437 650 2473 εὐνούχῳ
663 2438 702 2473 τῷ
720 2438 903 2474 παραλαϐόντι

119 2482 213 2515 αὐτούς
223 2491 230 2498 ·
245 2492 255 2508 ι
272 2483 321 2515 Δὸς
334 2483 399 2518 ἡμῖν
410 2483 464 2510 ἀπὸ
477 2482 532 2510 τῶν
548 2484 713 2520 σπερμάτων
724 2485 773 2519 τῆς
783 2485 845 2519 γῆς,
857 2485 904 2512 καὶ

118 2528 268 2564 φαγόμεθα.
290 2538 300 2555 )
319 2529 373 2556 Καὶ
385 2529 460 2563 λέγει
476 2530 567 2562 αὐτοῖς
581 2530 596 2556 ὁ
609 2529 751 2565 εὐνοῦχος·
766 2530 903 2566 Φοὸοὖμαι

119 2574 169 2608 ἐγὼ
180 2574 227 2600 τὸν
239 2573 350 2610 βασιλέα
362 2575 408 2601 τὸν
420 2575 571 2608 ἐπιτάξαντα
582 2576 631 2611 τὴν
647 2575 747 2612 βρῶσιν
764 2576 840 2612 ὑμῶν
855 2577 903 2603 καὶ

117 2619 163 2655 τὴν
183 2619 271 2654 πόσιν,
293 2620 396 2656 μήποτε
417 2620 521 2655 ὀφθῶσι
542 2620 578 2647 τὰ
596 2620 729 2656 πρόσωπα
746 2621 822 2656 ὑμῶν
840 2631 904 2649 σκυ-

956 2261 1055 2288 pueros
1075 2253 1196 2281 noluisse
1210 2253 1391 2280 contaminari
1406 2261 1438 2280 ex
1459 2260 1554 2280 mensa
1569 2252 1653 2287 regia,
1668 2257 1695 2279 et
1709 2252 1743 2279 ad

955 2301 1112 2328 eunuchum
1133 2299 1238 2327 dixisse
1252 2300 1299 2335 qui
1315 2307 1362 2327 eos
1378 2299 1510 2326 curabat:
1530 2307 1540 2324 ‹
1554 2297 1593 2324 Da
1615 2297 1695 2325 nobis
1709 2297 1743 2325 de

955 2347 1138 2383 leguminibus
1151 2350 1241 2379 terrae,
1254 2350 1280 2373 et
1296 2353 1438 2374 vescemur
1452 2345 1492 2373 eis
1505 2345 1539 2372 δ’.
1557 2353 1567 2370 ι
1584 2343 1690 2378 Quibus
1703 2352 1744 2371 re-

955 2394 1065 2429 spondit
1078 2393 1221 2421 eunuchus
1234 2402 1239 2420 :
1253 2392 1347 2420 Timeo
1369 2399 1420 2427 ego
1435 2399 1538 2427 regem,
1553 2391 1599 2426 qui
1616 2390 1688 2418 hunc
1699 2391 1740 2418 ci-

956 2441 1020 2468 bum
1034 2440 1089 2475 87
1105 2439 1183 2467 vobis
1200 2442 1227 2466 et
1244 2442 1338 2474 potum
1355 2437 1501 2472 imperavit
1518 2436 1589 2469 dari,
1606 2444 1641 2464 ne
1656 2436 1741 2464 facies

956 2489 1054 2513 vestra:
1076 2485 1132 2521 regi
1155 2492 1212 2521 prae
1230 2483 1334 2512 caeteris
1352 2483 1455 2518 pueris,
1476 2482 1523 2518 qui
1548 2483 1622 2517 regia
1647 2489 1740 2510 mensa

956 2532 1078 2562 aluntur,
1094 2533 1243 2565 appareant
1255 2529 1448 2564 squalidiorcs,
1470 2533 1497 2556 et
1512 2528 1608 2563 puniat
1623 2535 1675 2555 me.
1690 2527 1741 2555 Cui

956 2576 1156 2611 responderunt
1171 2585 1176 2602 :
1195 2575 1325 2610 Experire
1341 2573 1368 2601 id
1391 2574 1418 2601 in
1440 2573 1528 2601 servis
1546 2573 1601 2602 tuis
1618 2574 1680 2609 plus
1690 2572 1742 2599 mi-

956 2631 1008 2650 nus
1024 2622 1117 2650 decem
1131 2621 1239 2654 diebus,
1257 2625 1287 2649 et
1303 2621 1338 2648 da
1350 2620 1429 2649 nobis
1445 2620 1624 2656 postulatum.
1640 2619 1674 2646 Et
1691 2618 1741 2647 de-

149 2697 171 2715 "
190 2697 201 2724 l
219 2697 282 2724 Cor.
302 2704 358 2730 xiv,
375 2697 420 2725 20.
447 2697 470 2713 "
491 2697 585 2726 Matth.
606 2705 641 2730 ι,
660 2698 704 2726 16.
742 2699 765 2714 ⁵⁸
785 2699 838 2726 lsa.
857 2706 907 2726 uv.

963 2699 978 2726 ί.
1016 2699 1038 2714 ⁵³
1060 2697 1155 2726 Matth.
1172 2706 1208 2726 xx
1225 2719 1232 2731 ,
1250 2698 1294 2726 26.
1333 2699 1355 2714 ⁵·
1376 2699 1444 2725 dan.
1464 2706 1487 2731 I,
1504 2697 1546 2725 12.

152 2775 204 2810 (θὲ)
223 2774 379 2803 Fclckman.
398 2775 428 2811 2,
446 2774 582 2811 ἔρχεσθαι.

224 2811 280 2848 [ἀρ
296 2812 398 2848 abesta
415 2810 558 2848 BaSiliensi
569 2814 596 2838 et
610 2810 770 2848 Anglicano.

153 2846 205 2882 (94)
224 2845 275 2873 Σου
290 2845 365 2874 deest
381 2846 409 2873 in
427 2845 588 2881 Anglicano.

988 2775 1043 2847 (97$;
1063 2775 1220 2803 Felckman.
1238 2776 1266 2807 2,
1279 2777 1379 2807 αὐτοῖς.

988 2811 1032 2847 (96
1062 2812 1239 2847 Anglicanus.
1255 2811 1359 2840 ἤθελον.

987 2811 1043 2848 (96)
1062 2812 1239 2847 Anglicanus.
1255 2811 1359 2840 ἤθελον.
1381 2811 1471 2846 Forte,
1485 2811 1672 2848 αλια-(τιθῆναι.
