1915 3057
184 145 237 173 259

775 146 804 174 S.
824 145 1058 175 ATHANASIUS.
1078 163 1113 167 ——
1131 147 1246 175 DUBIA.

1758 149 1814 178 260

182 204 224 233 dit
238 204 280 232 eis
294 204 431 240 legumina
449 203 482 230 ad
499 203 601 235 cibum,
618 207 646 230 et
660 210 759 238 aquam
776 204 810 231 ad
824 209 930 239 potum,
945 211 963 232 α

1023 204 1120 241 θρωπά
1135 205 1249 232 ἐνώπιον
1263 204 1309 231 τοῦ
1323 203 1455 239 βασιλέως
1469 203 1544 240 παρὰ
1559 203 1648 232 πάντα
1661 205 1696 233 τὰ
1715 206 1815 233 παιδά-

182 251 335 279 introduxit
349 258 396 278 eos
412 250 445 276 ad
463 257 567 284 regem,
583 254 610 276 et
631 249 697 277 visa
712 254 775 277 sunt
790 251 895 285 species
910 251 971 277 illo-

183 304 244 327 rum
259 297 364 324 eximia:
381 304 462 331 super
480 304 538 327 eos,
555 295 602 331 qui
618 303 650 323 ex
667 296 741 331 regia
759 304 855 325 mensa
873 304 968 324 vesce-

182 343 294 371 bantur.

1024 259 1070 286 ρια
1085 250 1119 277 τὰ
1132 251 1257 277 ἐσθίοντα
1270 251 1303 277 ἐκ
1318 250 1368 285 τῆς
1384 250 1525 286 τραπέζης
1538 250 1586 277 τοῦ
1607 250 1746 286 βασιλέως,
1765 252 1815 280 καὶ

1023 297 1192 332 καταδικάσῃ
1209 306 1253 331 με.
1267 295 1350 323 Εἶπον
1369 296 1398 322 δὲ
1409 295 1502 331 αὐτῷ⁹
1517 296 1734 341 Πείρασονποὺς
1751 297 1816 325 606-

1022 342 1084 374 λους
1104 351 1149 369 σου
1164 342 1271 378 ἡμέρας
1282 342 1347 369 ὡσεὶ
1360 342 1434 374 δέκα,
1452 343 1499 369 καὶ
1517 342 1562 374 δός
1578 343 1654 377 ἡμῖν.
1671 343 1727 369 Καὶ
1747 343 1814 371 ἔδω-

181 399 230 417 κεν
242 391 332 422 αὐτοῖς
346 391 450 426 ὕσπρια
463 391 569 424 φαγεῖν,
583 390 629 418 καὶ
643 390 714 426 ὕδωρ
732 392 803 417 πιεῖν
814 399 820 406 ·
840 390 887 417 καὶ
914 391 1061 426 εἰσήγαγεν
1075 391 1173 421 αὐτοὺς
1188 390 1301 416 ἐνώπιον
1324 389 1371 416 τοῦ
1405 389 1547 424 βασιλέως,
1570 390 1616 416 καὶ
1636 388 1766 425 ὤφθησαν
1783 391 1814 418 αἱ

183 438 250 466 ίδέαι
267 438 355 465 αὐτῶν
365 438 493 465 ὲκλεκταὶ
508 438 584 474 παρὰ
601 438 635 465 τὰ
648 439 779 474 παιδάρια
796 438 830 465 τὰ
846 438 970 465 ἐσθίοντα
987 439 1036 474 τὴν
1050 438 1189 474 τράπεζαν
1204 438 1250 465 τοῦ
1268 437 1410 473 βασιλέως.

220 486 245 512 7.
264 485 346 513 Vides
372 486 438 521 quid
464 486 549 513 faciat
567 486 714 521 jejunium,
741 487 852 514 morbos
881 492 969 519 sanat,

181 531 316 560 ﬂuxiones
332 533 455 567 corporis
470 533 603 566 exsiccat,
615 533 749 560 damones
777 532 861 568 fugat,
884 533 970 561 malas

183 578 363 613 cogitationes
380 578 501 613 expellit,
514 583 631 606 mentem
656 579 824 611 nitidiorem,
842 587 890 606 cor
904 587 971 614 pur-

182 628 287 659 gatum,
304 632 406 659 corpus
419 625 618 652 sanctiﬁcatum
635 624 726 657 elﬁcit,
746 629 771 652 et
789 624 822 652 ad
839 625 968 652 thronum

181 669 228 697 Dei
242 671 380 698 hominem
398 671 480 697 sistit.
498 670 549 697 Sed
562 679 595 698 ne
608 676 686 705 putes
701 671 753 698 ista
767 675 870 699 temere
883 671 939 698 dici
958 679 964 696 :

181 717 267 744 habes
283 717 343 751 ejus
357 717 397 744 rei
412 717 600 744 testimonium
627 717 654 743 in
678 717 841 752 Evangeliis,
854 717 888 744 ab
905 718 965 752 ipso

182 762 324 791 Salvatorc
333 763 468 797 prolatum
491 771 497 788 ε
518 773 527 788 ‹
546 763 684 790 Sciscitati
701 767 765 790 sunt
778 763 812 790 ab
831 771 864 790 eo
880 763 966 791 disci-

181 810 250 844 puli,
263 809 395 840 dicentes,
410 809 532 841 Domine,
549 809 658 836 declara
682 809 762 836 nobis
786 817 904 844 quonam
918 817 966 844 pa-

1055 487 1082 513 7.
1107 486 1188 522 Ὁρᾷς
1210 487 1236 513 τί
1264 488 1337 513 ποιεῖ
1361 489 1377 522 ὴ
1405 487 1527 523 νηστεία,
1552 487 1600 514 καὶ
1621 488 1714 521 νόσους
1733 488 1815 523 θερα-

1021 532 1115 564 πεύει,
1137 532 1184 559 καὶ
1210 531 1334 568 ῥεύματα
1348 533 1502 568 (σωματικὰ
1522 533 1659 569 ξηραίνει,
1681 535 1728 561 καὶ
1753 534 1813 561 δαί-

1021 586 1104 613 μονας
1118 576 1254 610 ἐκϐάλλει,
1268 577 1315 604 καὶ
1334 577 1481 612 λογισμοὺς
1503 579 1639 614 πονηροὺς
1654 578 1812 610 omnem,

1018 624 1065 650 καὶ
1078 623 1124 650 τὸν
1137 623 1199 650 νοῦν
1213 623 1401 659 λαμπρότερον
1417 625 1498 656 ποιεῖ,
1523 625 1570 651 καὶ
1589 625 1702 660 καρδίαν
1726 625 1812 652 καθα-

1020 669 1079 704 ρὰν,
1097 670 1144 696 κα.)¹
1161 669 1239 705 σῶμα
1256 670 1432 705 ἡγιασμένον,
1446 670 1493 697 καὶ
1513 670 1552 706 τῷ
1570 670 1656 706 Θρόνῳ
1675 671 1722 698 τοῦ
1741 670 1812 698 Θεοῦ

1017 715 1166 751 παρίστησι
1190 715 1236 742 τὸν
1250 714 1401 750 ἄνθρωπον.
1426 715 1480 742 Kal.
1505 715 1548 742 ἴνα
1574 716 1611 751 μὴ
1629 717 1743 752 νομίσῃς
1769 717 1812 743 ὃτι

1016 760 1103 787 ταῦτα
1118 760 1211 792 ἁπλῶς
1229 760 1366 796 λέγονται,
1384 761 1455 797 ἔχεις
1470 761 1622 798 μαρτυρίαν
1639 762 1694 798 (97)
1709 763 1738 789 ὲν
1753 763 1811 795 τοῖς

1016 806 1194 841 Εὐαγγελίοις
1208 807 1284 842 παρὰ
1306 807 1351 834 τοῦ
1369 808 1495 843 Σωτῆρος
1513 808 1676 844 εἰρημένην·
1691 818 1701 834 ‹
1723 808 1810 845 Ἦρώρ

182 858 227 881 cto
242 853 375 881 immundi
399 854 511 889 spiritus
539 853 679 889 fugantur.
695 863 704 880 ι
725 854 831 887 Quibus
856 862 963 889 respon-

1018 860 1100 886 τησαν
1124 851 1204 879 αὐτὸν
1224 852 1249 878 οἱ
1274 852 1391 888 μαθηταὶ
1413 853 1514 886 αὐτοῦ,
1540 853 1680 887 λέγοντες·
1709 850 1808 888 Κύριε,

181 900 221 927 dit
233 900 364 927 Dominus
383 909 390 925 :
410 909 419 925 ι
436 899 491 926 lloc
504 907 589 934 genus
617 908 672 927 non
698 900 819 934 ejicitur,
836 900 888 928 nisi
904 908 966 927 ora-

180 947 302 973 tionibus
329 950 356 973 et
379 946 534 980 jejuniis".
556 956 565 971 ι
583 946 714 981 Quisquis
747 947 830 982 igitur
856 948 890 975 ab
914 948 965 974 im-

179 991 281 1018 mundo
297 991 394 1026 spiritu
411 995 534 1024 vexatur,
546 991 568 1018 si
584 992 609 1018 ei
626 992 652 1018 in
666 996 783 1020 mentem
795 993 911 1024 venerit,
928 997 966 1019 at-

180 1045 234 1072 que
249 1045 316 1065 usus
333 1037 413 1065 fuerit
429 1038 480 1064 hoc
495 1037 626 1068 remedio,
638 1038 664 1064 id
682 1038 850 1073 estjejunio,
871 1039 964 1066 statim

179 1083 294 1117 spiritus
310 1083 398 1110 malus
424 1083 598 1117 angustiatus
623 1083 736 1115 secedit,
764 1083 869 1111 veritus
894 1084 965 1118 jeju-

178 1129 267 1157 nium.
282 1129 394 1156 lllultum
412 1130 484 1156 enim
505 1129 643 1156 dmmones
659 1130 829 1157 delectantur
840 1132 962 1165 crapula,

179 1174 311 1201 ebrietate
326 1178 352 1201 et
363 1174 419 1200 otio
431 1175 566 1208 corporis.
599 1173 696 1209 Magna
718 1175 805 1202 virtus
817 1175 963 1210 jejunium,

178 1225 206 1246 et
222 1219 352 1254 praeclara
380 1227 427 1254 per
452 1219 518 1246 illud
543 1219 663 1246 eduntur
682 1219 814 1248 facinora.
836 1221 962 1257 Alioquin

179 1266 252 1291 unde
267 1265 391 1292 homines
413 1269 503 1292 tantas
528 1266 644 1293 virtutes
670 1270 818 1301 operantur
838 1270 865 1294 et
885 1268 964 1302 signa

178 1311 275 1342 e-iunt,
291 1319 441 1346 eorumque
457 1319 539 1346 opera
566 1311 682 1340 inﬁrmis
700 1312 844 1340 sanitatem
868 1313 963 1340 Domi-

177 1363 232 1384 nus
248 1356 354 1389 tribuit,
375 1357 426 1384 nisi
441 1357 520 1392 plane
535 1357 571 1385 ob
593 1359 712 1390 ascesin,
729 1359 912 1387 humilitatem
936 1364 963 1388 et

177 1403 292 1438 probum
306 1402 368 1429 vitae
380 1403 555 1430 institutum?
573 1404 706 1438 jejunium
718 1405 790 1431 enim
806 1406 961 1441 angelorum

179 1454 221 1477 est
236 1451 302 1482 vita,
319 1457 373 1484 quo
389 1450 435 1484 qui
458 1450 545 1476 utitur
558 1450 672 1484 angelici
688 1451 793 1477 ordinis
808 1452 962 1479 censendus

177 1499 229 1521 est.
245 1493 337 1529 Neque
349 1495 495 1526 arbitrere,
514 1495 624 1527 dilecte,
639 1503 671 1523 ea
692 1496 855 1531 simpliciter
877 1497 905 1524 in
933 1505 962 1525 re

1018 898 1103 931 δεῖξον
1116 899 1181 934 ἡμῖν
1194 898 1263 933 ποίῳ
1283 899 1376 934 τρόπῳ
1387 899 1441 935 (98)
1458 899 1492 926 τὰ
1506 899 1648 935 ἀκάθαρτα
1665 896 1810 935 πνεύματα

1019 944 1222 978 φυγαδεὺονται.
1242 953 1251 969 ι
1267 941 1334 970 Εῐπε
1355 944 1384 971 δὲ
1399 946 1413 971 ὁ
1432 945 1549 980 Κύριος·
1565 954 1574 970 ι
1591 945 1675 972 Τοῦτο
1690 945 1720 972 τὺ
1731 945 1809 980 γένος

1018 990 1069 1016 οὐκ
1081 990 1240 1017 ὲκὸάλλεται
1254 991 1277 1017 εἰ
1297 990 1333 1026 μὴ
1346 991 1375 1017 ὲν
1391 993 1556 1027 προσευχαῖς
1570 991 1617 1018 καὶ
1630 991 1776 1027 νηστείαις.
1795 1001 1805 1017 ι

1017 1035 1076 1065 Πᾶς
1093 1032 1139 1060 οὖν
1154 1035 1206 1060 ὑπὸ
1223 1034 1377 1070 πνεύματος
1399 1035 1553 1070 ἀκαθάρτου
1573 1035 1744 1071 ὀχλούμενος,
1759 1035 1808 1062 ἐὰν

1017 1081 1111 1116 νοήσῃ,
1132 1081 1179 1108 καὶ
1202 1082 1337 1117 χρήσηται
1356 1082 1395 1117 τῷ
1418 1082 1555 1118 φαρμάκῳ
1572 1082 1667 1117 Ioni-.49,
1690 1081 1761 1116 λέγω
1775 1081 1809 1117 δὴ

1017 1127 1049 1161 τῇ
1066 1127 1187 1161 νηστείᾳ,
1203 1126 1283 1159 εὐθὺς
1295 1127 1325 1153 τδ
1337 1126 1446 1162 πνεῦμα
1459 1127 1489 1154 τὸ
1502 1127 1618 1164 πονηρὸν
1632 1126 1809 1162 στενοχωρού-

1019 1181 1098 1207 μενον
1113 1173 1258 1209 ἀναχωρεῖ,
1271 1173 1436 1209 φοϐούμενον
1452 1173 1501 1209 τὴν
1514 1174 1649 1210 νηστείαν.
1664 1174 1738 1200 Πάνυ
1752 1172 1808 1208 γὰρ

1017 1218 1160 1253 τέρπονται
1173 1220 1197 1245 οἱ
1212 1219 1337 1255 δαίμονες
1351 1221 1384 1255 τῇ
1396 1220 1544 1256 κραιπάλῃ,
1555 1221 1602 1247 καὶ
1611 1221 1644 1255 τῇ
1658 1216 1726 1255 μέθῃ
1739 1219 1805 1254 (99),

1017 1263 1064 1290 καὶ
1087 1265 1120 1299 τῇ
1144 1264 1295 1291 ἀναπαύσει
1319 1265 1365 1291 τοῦ
1390 1265 1524 1300 σώματος.
1555 1264 1667 1299 Μεγάλη
1693 1262 1807 1299 δύναμις

1016 1310 1137 1345 νηστεία,
1153 1311 1199 1337 καὶ
1213 1311 1319 1345 μεγάλα
1334 1311 1535 1347 κατορθώματα
1547 1311 1650 1345 γίνεται
1664 1310 1696 1336 δι’
1710 1310 1805 1345 αὐτῆς.

1023 1356 1099 1382 Ἐπεὶ
1113 1356 1193 1383 πόθεν
1208 1357 1254 1384 καὶ
1268 1358 1293 1383 οἱ
1308 1357 1444 1393 ἅνθρωποι
1461 1357 1579 1392 μεγάλας
1597 1357 1724 1392 δυνάμεις
1746 1357 1806 1382 ἐπι-

1016 1401 1132 1435 τελοῦσι,
1154 1403 1200 1429 καὶ
1221 1404 1321 1438 σημεῖα
1343 1403 1375 1429 δι’
1390 1402 1479 1429 αὐτῶν
1501 1403 1617 1437 γίνεται,
1639 1402 1685 1428 καὶ
1706 1401 1807 1437 ἰάματα

1015 1449 1070 1480 τοῖς
1084 1448 1216 1483 κάμνουσι
1230 1449 1263 1475 δι’
1279 1448 1368 1475 αὐτῶν
1384 1448 1507 1484 δωρεῖται
1526 1449 1540 1475 ὁ
1551 1448 1626 1480 Θεὸς,
1645 1448 1669 1474 εί
1686 1447 1722 1483 μὴ
1738 1447 1806 1474 πάν-

1014 1501 1068 1524 τως
1086 1493 1119 1518 δι’
1136 1493 1278 1528 ἀσκήσεως
1301 1493 1347 1519 καὶ
1374 1492 1631 1527 ταπεινοφροσύνης,
1657 1489 1703 1518 καὶ
1731 1490 1807 1517 πολι-

178 1540 330 1567 consistere
345 1540 490 1575 jejunium.
508 1539 567 1567 Non
582 1541 655 1568 enim
672 1542 717 1576 qui
744 1550 760 1569 a
785 1543 855 1569 cibis
873 1543 962 1570 solum

1018 1539 1088 1570 τείας
1102 1538 1227 1573 ἁγαθῆς;
1245 1539 1354 1574 νηστεία
1370 1538 1425 1574 γὰρ
1447 1538 1569 1572 ἀγγέλων
1596 1537 1652 1573 βίος
1672 1537 1740 1567 ἐστὶ,
1758 1537 1806 1563 xal.

178 1586 318 1619 abstinet,
345 1586 369 1613 is
396 1591 469 1614 recte
498 1587 569 1622 agit,
599 1587 645 1614 sed
671 1587 730 1621 ejus
766 1588 812 1622 qui
847 1588 964 1616 abstinet

178 1631 213 1657 ab
227 1630 301 1657 omni
318 1638 400 1665 opere
427 1631 515 1663 malo,
531 1631 665 1666 jejunium
693 1637 833 1668 acceptum
856 1633 965 1661 habebi-

177 1680 232 1704 tur.
255 1676 323 1703 Nam
340 1677 362 1704 si
376 1676 494 1711 jejunes,
507 1685 557 1704 nec
574 1679 701 1706 observes
723 1687 754 1706 os
777 1683 854 1706 tuum
874 1687 908 1707 ne
924 1680 964 1707 lo-

179 1725 279 1756 quatur
293 1722 406 1755 malum,
417 1730 466 1749 nec
481 1730 579 1750 caveas
593 1724 643 1751 tibi
669 1725 703 1751 ab
719 1725 870 1757 iracundia,
887 1733 964 1753 men-

178 1767 267 1798 dacio.
287 1767 408 1802 perjurio
425 1777 432 1794 :
450 1768 471 1795 si
490 1768 556 1803 quid
593 1770 656 1796 mali
687 1775 783 1797 contra
809 1770 963 1805 proximum

179 1817 256 1839 tuum
270 1813 400 1847 loquare;
417 1814 451 1846 si,
474 1814 597 1848 inquam,
613 1823 645 1842 ex
673 1815 824 1850 jejunantis
838 1824 898 1848 ore,
914 1816 964 1843 ho-

177 1866 239 1886 rum
253 1859 392 1894 quidpiam
419 1860 619 1895 proﬁciscatur,
648 1862 716 1889 nihil
741 1863 804 1889 hinc
836 1863 963 1891 utilitatis

178 1904 304 1940 percipit,
322 1905 369 1932 sed
385 1909 471 1932 totum
493 1905 615 1933 laborem
640 1914 719 1933 suum
740 1907 838 1942 perdit.
855 1907 896 1935 Tu
912 1908 963 1935 ita-

128 1976 136 1983 .
177 1958 241 1986 que,
255 1951 355 1977 Christi
375 1951 487 1984 famula,
502 1956 528 1980 et
544 1952 807 1987 quotquotlsalutem
832 1955 963 1989 consequi

177 1996 302 2031 cupiunt,
329 1997 353 2024 si
380 1997 559 2032 jejunaveris,
584 1998 697 2032 puriﬁca
727 1998 899 2033 temetipsam
929 2000 963 2027 ab

178 2044 252 2070 omni
267 2044 388 2078 pecunia:
404 2051 496 2071 amore
515 2064 521 2075 ,
539 2044 604 2078 quia
632 2043 678 2078 qui
709 2044 851 2079 pecuniam
878 2048 961 2077 amat,

177 2095 233 2115 non
250 2092 341 2122 potest
363 2088 446 2116 Deum
473 2088 595 2124 diligere.
613 2098 621 2115 ‹
639 2089 725 2116 Radix
747 2090 820 2117 enim
839 2091 961 2118 omnium

178 2135 312 2162 malorum
330 2138 372 2162 est
387 2134 501 2162 avaritia
509 2133 543 2161 ⁸⁸.
559 2144 568 2160 ι

213 2267 241 2296 8.
261 2266 446 2294 Ambitionem
461 2270 488 2294 et
518 2266 701 2301 arrogantiam
723 2274 898 2302 summopere
918 2266 961 2294 fu-

181 2313 251 2348 gias.
266 2312 294 2339 Si
305 2311 355 2338 tibi
367 2311 496 2347 cogitatio
510 2316 647 2347 suggerat,
669 2316 694 2339 te
710 2312 746 2339 ob
761 2312 913 2347 profectum
933 2313 962 2340 in

178 2358 281 2385 virtute
296 2364 422 2392 magnam
437 2357 653 2392 praeclaramque
678 2364 750 2389 esse,
764 2365 798 2384 ne
815 2357 912 2385 credas
926 2357 961 2384 ei.

178 2403 309 2431 Inimicus
325 2403 398 2430 enim
420 2406 475 2434 est,
492 2403 539 2438 qui
556 2407 583 2430 te
599 2403 721 2438 impedit,
738 2407 765 2430 et
788 2403 963 2431 ambitionem

179 2450 300 2484 subjicit.
317 2449 357 2476 Ne
369 2450 462 2485 itaque
471 2457 532 2477 eam
546 2449 676 2476 admittas
686 2449 891 2484 cogitationem,
903 2457 964 2484 qua:

177 2495 273 2523 laudes
292 2499 469 2530 repraesentet
497 2499 570 2522 tuas.
589 2494 668 2527 Quod
695 2495 718 2521 si
739 2495 788 2521 tibi
811 2502 871 2522 sese
898 2495 960 2523 talis

177 2542 273 2568 olTerat
290 2541 419 2576 cogitatio
434 2549 441 2567 :
458 2540 518 2568 Noli
539 2545 595 2567 tam
611 2547 708 2575 graves
729 2541 822 2568 subire
840 2540 959 2573 labores,

177 2595 240 2615 cum
255 2587 322 2614 alias
336 2587 426 2622 possis
443 2587 558 2614 salutem
580 2585 730 2620 consequi;
755 2593 789 2612 ne
816 2586 856 2613 illi
880 2586 961 2613 obse-

178 2641 274 2669 quare.
291 2633 423 2660 Inimicus
435 2640 552 2667 namque
560 2637 613 2664 est,
623 2632 670 2666 qui
681 2631 731 2659 tibi
749 2631 905 2665 mollitiem,
915 2640 960 2660 se-

214 2711 236 2727 “
253 2711 348 2738 Matth.
366 2719 433 2745 xvn,
451 2710 546 2737 48-20.
584 2709 608 2726 ⁵⁸
626 2709 637 2735 Ι
657 2709 728 2737 Tim.
746 2717 792 2743 v1,
809 2696 855 2736 io.

215 2798 268 2834 (97)
282 2797 400 2834 Felckm.
417 2798 445 2831 2,
463 2799 535 2834 ἔχεις
550 2797 605 2833 γὰρ
619 2806 698 2834 μαρτ-

215 2830 269 2868 (98)
284 2833 330 2860 Sic
343 2833 425 2861 Basil.
446 2830 601 2868 ct'VAnglic'.
619 2830 706 2859 'Edili.
724 2833 753 2859 ὲν
769 2830 959 2868 ποίῳ-τρόπῳ.

215 2835 258 2868 (98
284 2835 330 2860 Sic
343 2835 425 2861 Basil.
446 2838 472 2860 et.
495 2835 601 2868 Anglic.
625 2835 706 2859 Edili.
724 2835 753 2859 ἐν
769 2835 838 2867 ποίῳ
855 2835 958 2867 τρόπῳ.

215 2835 270 2905 (99)
284 2868 338 2896 Καὶ
358 2870 390 2904 τῇ
407 2868 476 2904 μέθῃ
492 2869 568 2897 abest
583 2868 615 2896 ab
629 2868 778 2904 Anglicano
802 2866 915 2895 (ti'elc.
930 2867 958 2893 2.

1015 1585 1029 1610 6
1043 1584 1183 1619 χρώμενος
1197 1584 1265 1619 αὐτῇ
1280 1583 1426 1619 ἀγγελικὴν
1438 1583 1516 1616 τάξιν
1528 1583 1592 1618 ἔχει.
1606 1582 1661 1608 Καὶ
1678 1582 1713 1617 μὴ
1731 1581 1807 1616 νομί-

1016 1638 1076 1666 σῃς,
1097 1629 1232 1665 ἁγαπητὲ,
1256 1630 1297 1656 ὅτι
1322 1629 1409 1661 οὕτως
1435 1629 1527 1660 ἁπλῶς
1553 1630 1626 1655 ἐστιν
1645 1630 1661 1664 ἡ
1679 1628 1805 1664 νηστείω

1014 1677 1044 1702 οὐ
1061 1676 1115 1711 γὰρ
1133 1677 1147 1703 ὁ
1161 1676 1299 1712 νηστεύων
1320 1676 1373 1702 ἀπὸ
1397 1676 1547 1712 βρωμάτων
1573 1676 1651 1711 μόνον
1666 1676 1714 1712 (l),
1736 1675 1806 1703 ὲκεῖ-

1014 1731 1058 1754 νος
1089 1721 1284 1758 κατώρθωσεν
1311 1722 1368 1749 ἀλλ’
1396 1722 1411 1748 6
1438 1722 1604 1757 ἀπεχόμενος
1629 1722 1682 1749 ἀπὸ
1704 1722 1806 1755 παντὸς

1015 1768 1132 1804 πονηροῦ
1158 1768 1336 1803 πράγματος,
1360 1767 1448 1803 τούτῳ
1472 1767 1606 1802 λογίζεται
1638 1769 1655 1803 ἡ
1683 1768 1804 1803 νηστεία.

1021 1815 1082 1841 Ἐὰν
1096 1814 1150 1850 γὰρ
1163 1815 1322 1850 νηστεύσῃς,
1348 1814 1394 1840 καὶ
1416 1814 1455 1849 μὴ
1473 1813 1595 1850 τηρήσῃς
1609 1812 1639 1840 τὸ
1655 1814 1741 1849 στόμα
1759 1823 1804 1840 σου

1014 1859 1129 1894 λαλῆσαι
1152 1859 1230 1893 λόγον
1251 1859 1378 1895 πονηρὸν,
1401 1859 1417 1894 ἢ
1441 1859 1595 1894 ὀξυχολίαν,
1619 1859 1636 1894 ἦ
1654 1859 1770 1893 ψεῦδος,
1786 1859 1804 1894 ἢ

1014 1903 1166 1940 ἐπιορκίαν,
1191 1905 1207 1940 ἢ
1229 1904 1420 1940 καταλαλήσῃς
1446 1903 1516 1930 κατά
1540 1903 1585 1930 τοῦ
1608 1903 1719 1939 πλησίον
1745 1912 1804 1936 σου,

1014 1950 1061 1977 ἐὰν
1076 1950 1161 1977 ταῦτα
1181 1950 1277 1987 ἐξέλθῃ
1294 1952 1326 1977 ὲκ
1341 1950 1387 1977 τοῦ
1405 1951 1539 1986 στόματος
1557 1950 1603 1976 τοῦ
1618 1948 1804 1986 νηστεύοντος,

1013 1997 1089 2024 οὐδὲν
1115 1996 1272 2032 ὠφέλησεν
1302 1997 1369 2024 ἀλλὰ
1394 1997 1441 2023 καὶ
1464 1997 1523 2023 ὅλον
1550 1997 1595 2023 τὸν
1617 1996 1699 2023 κόπον
1721 1996 1804 2023 αὑτοῦ

1013 2042 1147 2069 ἀπώλεσε.
1173 2044 1209 2070 Σὺ
1235 2041 1291 2073 οὖν.
1308 2043 1387 2078 δούλη
1404 2042 1450 2069 τοῦ
1468 2042 1597 2079 Χριστοῦ,
1623 2043 1669 2069 καὶ
1693 2043 1803 2074 πάντες,

1012 2088 1069 2114 ὅσοι
1093 2089 1198 2115 Οέλουσι
1225 2089 1352 2124 σωθῆναι,
1376 2089 1423 2115 ἐὰν
1448 2089 1608 2125 νηστεύσῃς,
1632 2088 1740 2122 ἆγνισον
1758 2096 1803 2114 σε-

1012 2135 1097 2169 αυτὴν
1110 2134 1164 2160 ἁπδ
1180 2135 1268 2169 πάσης
1292 2135 1472 2170 φιλαργυρίας
1483 2143 1489 2148 “
1504 2135 1543 2161 ὅτι
1558 2135 1572 2161 6
1588 2134 1701 2168 ἀγαπῶν
1717 2133 1803 2169 ἀργύ-

1014 2188 1072 2216 ριον
1085 2180 1115 2205 οὺ
1130 2179 1240 2207 δύναται
1255 2180 1300 2206 τὸν
1315 2180 1381 2208 Θεὸν
1396 2180 1514 2215 ἀγαπᾷν.
1527 2188 1537 2205 ι
1548 2179 1623 2211 Ῥίζα
1634 2178 1687 2214 γὰρ
1696 2178 1804 2205 πάντων

1013 2225 1066 2251 τῶν
1079 2225 1173 2251 κακῶν
1191 2226 1262 2251 ἐστιν
1274 2226 1290 2260 ἠ
1304 2225 1478 2260 φιλαργυρία.
1502 2233 1511 2250 ›

1046 2268 1070 2296 8.
1087 2269 1142 2303 Τὴν
1159 2268 1310 2301 κενοδοξίαν
1335 2270 1382 2295 καὶ
1398 2268 1556 2300 ἀλαζονείαν
1573 2267 1691 2303 ἰσχυρῶς
1705 2266 1800 2302 φεῦγε.

1016 2315 1078 2341 Ἐὰν
1097 2313 1234 2350 ὐποὸἀλλῃ
1256 2323 1296 2340 σοι
1313 2314 1327 2340 6
1343 2314 1481 2349 λογισμὸς,
1503 2314 1543 2340 ὅτι
1568 2312 1671 2348 μεγάλη
1687 2313 1802 2346 γέγονας

1011 2362 1056 2388 καὶ
1070 2361 1149 2396 καλὴ,
1168 2359 1353 2396 προϐεϐηκυῖα
1367 2361 1399 2395 τῇ
1415 2361 1512 2395 ἀρετῇ,
1532 2359 1568 2394 μὴ
1590 2358 1736 2393 πιστεύσῃς
1753 2357 1803 2384 αὑ-

1010 2405 1057 2440 τῷ·
1076 2406 1089 2432 6
1126 2405 1220 2442 ἐχθρὸς
1235 2405 1289 2441 γάρ
1306 2407 1378 2432 ἐστιν
1393 2406 1407 2431 ό
1422 2404 1573 2440 ἐμποδίζων
1589 2404 1634 2431 καὶ
1650 2402 1802 2434 κενοδοξίαν

1011 2451 1179 2478 ὺποϐάλλων.
1206 2452 1262 2478 Οὐκ
1279 2451 1360 2488 ἀνέξῃ
1377 2449 1422 2478 οὖν
1446 2450 1492 2477 τοῦ
1509 2450 1639 2486 λογισμοῦ
1658 2450 1801 2476 ἐπαινοῦν-

1013 2498 1058 2529 τός
1074 2506 1114 2524 σε.
1145 2497 1207 2523 Ἐὰν
1229 2497 1257 2523 δὲ
1283 2497 1419 2534 ὑποϐάλλῃ
1447 2504 1487 2523 σοι
1515 2498 1531 2523 ὁ
1551 2496 1677 2531 λογισμὸς
1703 2496 1800 2530 λέγων,

1013 2542 1064 2574 ὅτι,
1080 2542 1126 2577 Μὴ
1144 2541 1204 2568 Οέλε
1220 2543 1319 2578 κοπιᾷν
1339 2540 1410 2569 οὕτω
1430 2542 1574 2574 δυσκόλως,
1583 2541 1694 2568 δύνασαι
1713 2541 1801 2576 σωθῆ-

1013 2596 1071 2614 ναι⁶
1098 2588 1147 2614 οὐκ
1173 2588 1299 2620 ἀκούσεις
1325 2589 1423 2615 αὐτοῦ’
1453 2589 1468 2614 6
1497 2587 1592 2624 ἐχθρὸς
1616 2587 1670 2622 γάρ
1694 2588 1766 2613 ἐστιν
1786 2587 1800 2612 6

1013 2633 1170 2660 ὑποσάλλων
1191 2634 1325 2669 χαύνωσιν
1348 2633 1395 2661 καὶ
1414 2634 1573 2670 ὀλιγωρίαν,
1598 2633 1642 2659 ῐνα
1664 2641 1695 2658 σε
1719 2640 1800 2658 κατα-

1051 2796 1087 2834 (1)
1105 2796 1234 2834 ιιιγΒοεὶΙ.
1255 2797 1331 2827 deest
1353 2798 1442 2834 μόνον.
1466 2797 1573 2834 Anglic.
1595 2798 1678 2827 habet
1708 2799 1798 2834 μόνον.

1013 2831 1096 2865 Editi,
1111 2833 1200 2867 μόνος.
