1915 3057
117 147 169 175 261

797 142 841 170 DE
860 140 1095 170 VIRGINITATE.

1690 141 1744 172 262

117 204 187 239 ϐάλῃ
216 203 268 230 ἀπὸ
289 203 338 238 τῆς
365 201 490 238 ἐναρέτου
514 209 560 227 σου
584 200 729 232 πολιτείας.
753 201 841 228 Πολλὰ
852 201 905 236 γάρ

964 198 1125 234 ςιιίιίοηιῳιο
1138 196 1273 232 ejusmodi
1296 196 1418 232 subjicit,
1437 200 1467 224 ut
1491 200 1518 225 te
1542 204 1557 224 a
1583 197 1668 232 probo
1695 201 1743 225 tuo

116 249 177 276 ἐστι
193 249 377 284 μηχανήματα
397 247 428 273 ὲκ
450 246 497 273 τοῦ
519 245 616 281 ἐχθροῦ
636 246 765 281 γινόμενα
781 247 836 277 τοῖς
848 245 909 272 δούς

116 295 175 325 λοις
187 294 233 321 τοῦ
251 293 328 320 Θεοῦ.
350 292 510 319 ’Υποϐάλλει
527 291 581 326 γὰρ
601 292 656 323 τοῖς
678 290 841 326 ἀνθρώποις,
858 290 908 326 ἅρ-

117 348 195 375 χεται
222 339 268 365 καὶ
290 340 410 365 ἐπαινεῖν
436 337 535 371 λόγοις,
556 336 623 372 πρὸς
643 336 673 363 τὸ
698 336 837 371 ὑψωθῆναι
859 336 909 371 τὴν

116 385 232 421 καρδίαν
247 384 346 411 αὐτῶν.
369 384 405 410 Σὺ
427 384 455 410 δὲ
478 383 514 418 μὴ
527 382 661 418 καταδέξῃ
682 382 790 408 ἔπαινον
809 381 909 417 ἀνθρώ-

116 440 188 457 πων.
213 431 274 457 Ἐὰν
298 430 326 457 δέ
348 430 390 462 τίς
416 438 456 456 σοι
481 430 562 465 εἴπῃ,
589 429 720 464 Μακαρία
737 427 762 455 εἴ
780 429 829 463 (Ξ)-
846 428 908 462 λέγε

116 477 211 512 αὐτῷ·
231 476 293 503 Ἐὰν
314 475 414 509 ἐξέλθω
435 476 468 502 ὲκ
491 475 537 502 τοῦ
557 474 680 510 σώματος
702 474 796 501 τούτου
819 474 909 506 καλῶς

117 522 303 554 τελειώσασα,
326 522 386 548 τότε
414 521 663 557 μακαρισθήσομαι.
688 521 766 556 Ἀρτι
793 520 847 556 γὰρ
877 520 907 546 οὐ

117 568 240 596 πιστεύω
255 569 372 604 ἐμαυτῇ,
387 568 428 594 ὅτι
446 568 568 603 μακαρία
577 567 634 602 εἰμί
644 566 693 602 (5).
704 567 908 603 Οὶγὰρᾶνθρω-

117 615 225 647 ποι,ὡ;
240 615 353 650 ἄνεμος,
376 614 447 641 οὕτω
469 612 701 649 μεταῦαλλόμεθα.
726 613 860 645 Πολλάκις
881 613 909 640 δὲ

118 660 265 687 ὑποϐάλλει
282 669 322 686 σοι
339 659 488 692 ὲξουθενεῖν
502 660 564 691 τοὺς
579 659 733 691 ἐσθίοντας·
753 659 789 695 μὴ
803 659 910 685 πιστεύ-

119 714 169 741 σῃς
189 705 279 740 αὐτῷ·
298 705 436 739 ἀλλότριος
453 706 507 741 γάρ
528 707 603 731 ἐστι·
624 705 732 732 πάντων
752 705 806 741 γὰρ
819 705 909 740 ἐλαχι-

119 751 249 787 στοτέραν
271 751 385 787 σεαυτὴν
402 751 439 787 (4)
455 750 572 786 λογίζου,
596 751 640 778 ἵνα
657 751 769 782 πολλοὺς
788 751 909 787 προάξῃς

116 799 157 829 εἰς
172 797 221 832 τὴν
239 797 376 832 βασιλείαν
388 797 442 824 τῶν
462 797 592 833 οὐρανῶν,
607 797 654 824 καὶ
677 797 752 833 παρὰ
766 797 824 832 Θεῷ
839 798 909 832 ὑψω-

117 843 200 879 θήσῃ.
223 843 382 870 ’Υποεάλλει
397 843 424 870 δὲ
441 844 456 869 ὁ
468 843 564 879 ἐχθρὸς
580 843 626 870 καὶ
643 843 758 878 ἄσκησιν
774 843 903 879 μεγάλην,

117 889 162 916 ἵνα
176 889 206 915 τὸ
221 889 299 922 σῶμα
313 890 424 921 ἀσθενὲς
438 890 485 917 καὶ
501 890 654 926 ἀχρήσιμον
670 890 780 925 ποιήσῃ.
796 889 845 915 Σοῦ
862 887 908 916 οὖν

118 936 135 970 ἡ
147 936 259 971 νηστεία
276 936 372 971 μέτρον
388 936 481 971 ἐχέτω.
504 936 659 972 Νήστευσον
679 935 725 963 οὖν
741 936 777 971 (ὅ)
791 935 850 962 ὅλον
864 936 909 962 τὸν

117 983 241 1009 ἐνιαυτὸν
261 982 343 1018 χωρὶς
358 982 448 1018 πάσης
469 982 606 1018 ἀνάγκης·
625 983 684 1018 ὥρᾳ
705 982 733 1008 δὲ
758 981 839 1017 ἐνάτῃ
860 982 909 1017 τῆς

118 1028 237 1063 ἡμέρας,
252 1029 281 1054 ὲν
299 1028 390 1064 ὕμνοις
407 1029 453 1055 καὶ
474 1030 637 1064 προσευχαῖς
654 1028 840 1060 διατελέσασα,
860 1036 909 1063 με-

116 1073 275 1110 ταλάμὸανε
291 1074 344 1101 τῶν
357 1075 446 1110 ἄρτων
461 1083 508 1101 σου
522 1076 550 1101 ὲν
562 1075 669 1110 λαχάνῳ
682 1075 832 1109 ὰναπεποιη
837 1074 910 1110 μένῳ

117 1120 212 1155 ἐλαίῳ.
227 1121 320 1148 Πάντα
332 1121 402 1155 ἁγνὰ
413 1121 463 1147 ὅσα.
479 1121 581 1156 ἄψυχα.

155 1167 182 1194 9.
197 1167 234 1192 Σὺ
251 1167 290 1199 δὲ,
303 1164 325 1194 ὦ
341 1167 468 1203 παρθένε,
492 1167 586 1203 μηθεὶς
612 1166 842 1202 καταμανοανέτω
861 1166 910 1202 τὴν

119 1213 236 1248 ἄσκησίν
250 1222 306 1245 σου,
322 1214 388 1249 μηδὲ
412 1213 501 1240 αὐτῶν
525 1214 598 1240 ἰδίων
618 1222 664 1240 σου
685 1213 821 1247 συγγενῶν
833 1222 838 1228 ·
852 1213 909 1240 ἀλλ’

119 1259 147 1285 ετ
159 1267 186 1285 τι
204 1260 300 1290 ποιεῖς,
324 1261 351 1286 ὲν
372 1259 485 1295 κρυπτῷ
507 1259 594 1286 ποίει·
619 1260 666 1285 καὶ
687 1260 701 1285 ὁ
725 1260 819 1295 Πατήρ
835 1267 881 1285 σου
897 1260 911 1285 ὁ

119 1295 255 1341 οὖᾷάνιος,
270 1307 284 1333 ὀ
298 1306 403 1342 βλέπων
419 1307 453 1332 ’ἐν
474 1305 512 1341 τῷ
533 1305 656 1341 κρυπτῷ,
671 1305 805 1332 ἀποδώσει
824 1313 864 1331 σοι
882 1306 910 1331 ὲν

118 1352 159 1386 τῷ
182 1351 291 1388 φανερῷ
307 1352 360 1387 (6).
382 1352 444 1379 Ἐὰν
468 1352 496 1378 δὲ
521 1351 680 1387 φανερώσῃς
702 1360 748 1378 σου
772 1351 816 1377 τὸν
843 1351 910 1385 βίον,

119 1398 258 1431 κενοδοξία
277 1407 318 1425 σοι
346 1398 478 1431 τίκτεται,
504 1398 551 1424 και)¹
574 1397 682 1432 (mtto?
706 1397 754 1423 ἐὰν
779 1397 807 1423 δὲ
828 1396 910 1432 εὕρῃς

118 1444 209 1479 ψυχὴν
226 1444 422 1480 ὁμοσὺμφωνον
445 1444 578 1470 πονοῦσαν
599 1443 638 1478 τῷ
657 1443 726 1478 Θεῷ,
747 1443 784 1474 ὡς
800 1443 847 1469 καὶ
867 1444 910 1474 σὺ,

118 1490 207 1526 ταύτῃ
223 1490 292 1527 μόνῃ
307 1490 479 1525 ἀποκάλυψον
494 1491 522 1516 ὲν
537 1489 693 1525 μυστηρίῳ·
712 1490 770 1516 ἐκεῖ
791 1489 840 1516 οὐκ
854 1489 912 1515 ἔστι

120 1535 269 1568 κενοδοξία.
291 1536 440 1572 Ἐλάλησας
462 1536 527 1571 γὰρ,
553 1536 596 1562 ἵνα
620 1535 692 1571 σωθῇ
715 1535 803 1570 ψυχή·
828 1535 912 1562 πολὺν

122 1583 218 1618 μισθὸν
234 1582 316 1618 λήψῃ,
335 1582 382 1609 ἐὰν
408 1582 481 1617 σωθῇ
507 1581 552 1608 διὰ.
568 1581 614 1608 σοῦ
637 1581 720 1618 ψυχή,
739 1581 801 1613 Τοῖς
821 1581 912 1617 ἔχουσι

120 1629 203 1655 πόθον
219 1629 327 1655 ἀκούειν
342 1628 417 1655 λάλει
441 1629 474 1655 τὰ
498 1628 681 1664 συμφέροντα.
707 1627 768 1654 Ἑάν
784 1628 811 1654 δὲ
825 1629 910 1664 ἀκούῃ

120 1675 169 1702 καὶ
191 1675 229 1710 μὴ
251 1676 324 1710 ποιῇ,
347 1675 428 1710 μηδὲν
450 1674 533 1701 λάλει.
561 1675 643 1708 Λέγει
672 1673 726 1709 γὰρ
752 1675 766 1700 ὁ
793 1673 908 1710 Κύριος·

124 1729 135 1746 α
151 1721 197 1756 Μὴ
207 1721 275 1747 δῶτε
290 1721 324 1747 τὰ
338 1721 403 1755 ἆγια
416 1722 472 1752 τοῖς
485 1720 564 1747 κυσί”
582 1720 649 1756 μηδὲ
665 1720 779 1755 βάλλητε
795 1720 834 1756 (7)
847 1720 910 1752 τοὺς

123 1767 295 1803 μαργαρίτας
314 1767 390 1802 ὑμῶν
413 1767 567 1802 ἔμπροσθεν
591 1766 644 1793 τῶν
666 1767 773 1803 χοίρων.
792 1777 801 1793 ι
821 1766 912 1799 Κύνας

121 1814 177 1849 γὰρ
199 1814 246 1841 καὶ
271 1813 378 1849 χοίρους
398 1813 531 1840 ἀποκαλεῖ
555 1814 570 1839 ὁ
592 1813 710 1849 Χριστὸς
736 1813 773 1849 (8)
798 1815 861 1845 τοὺς
882 1814 912 1840 ὲν

121 1860 213 1895 ἀτίμῳ
232 1860 280 1895 βίῳ
298 1860 456 1893 διάγοντας·
483 1861 650 1895 μαργαρῖται
668 1859 720 1895 γὰρ
744 1859 829 1895 τίμιοί
844 1861 912 1886 εἰσιν

120 1907 146 1932 οἱ
161 1906 209 1932 τοῦ
224 1905 291 1932 Θεοῦ
308 1905 390 1940 λόγοι,
408 1907 464 1938 τοῖς
479 1905 563 1937 ἀξίοις
581 1905 672 1940 μόνοις
685 1905 827 1940 διδόμενοι.

958 245 1021 271 vita:
1035 243 1162 272 instituto
1176 243 1297 278 dejiciat.
1314 242 1398 270 Multa
1421 243 1521 278 quippe
1535 247 1599 271 sunt
1611 244 1671 278 ejus
1689 251 1745 270 ma-

959 290 1134 318 chinamenta
1153 289 1285 317 adversus
1309 288 1356 316 Dei
1375 297 1481 317 servos.
1508 288 1649 317 Submittit
1670 290 1742 317 enim

958 334 1118 361 hominibus
1141 334 1321 369 cogitationes
1338 343 1345 359 ι
1361 334 1456 369 incipit
1483 334 1604 368 laudare,
1616 339 1647 362 ut
1660 335 1743 363 corda

958 387 1053 408 eorum
1065 380 1186 407 extollat.
1206 379 1247 407 Tu
1256 387 1321 407 vero
1334 387 1369 407 ne
1382 380 1524 407 hominum
1540 381 1636 408 laudes
1645 382 1745 410 admit-

958 429 1011 453 tas.
1023 424 1101 458 Quod
1119 425 1143 452 si
1164 425 1226 460 quis
1241 425 1290 453 tibi
1308 425 1407 452 dixerit
1426 435 1432 452 ε
1452 425 1533 453 Beata
1548 434 1596 460 es;
1611 428 1745 463 responde

958 471 998 498 illi
1016 479 1022 496 :
1040 471 1156 504 Quando
1169 471 1225 498 vita
1249 471 1334 506 probe
1360 476 1472 506 peracta
1496 480 1528 500 ex
1554 473 1607 500 hoc
1629 481 1746 508 corpore

959 525 1116 550 excessero,
1130 521 1195 544 tunc
1220 517 1299 545 beata
1314 519 1492 553 prazdicabor.
1511 518 1570 546 Jam
1595 520 1668 546 enim
1690 527 1746 548 non

959 563 1069 590 credam
1099 570 1141 590 me
1166 563 1274 590 beatam
1301 570 1373 590 esse.
1390 562 1522 591 Homines
1542 564 1642 599 quippe
1667 565 1746 600 quasi

958 613 1072 642 ventus;
1101 608 1138 636 ita
1159 612 1309 636 mutamur.
1336 608 1500 644 Plerumque
1525 610 1622 637 suadet
1638 611 1698 644 libi,
1715 615 1746 638 ut

959 664 1006 684 eos
1035 657 1080 692 qui
1106 657 1254 684 comedunt
1278 656 1413 691 despicias
1431 657 1497 685 :sed
1525 665 1560 685 ne
1591 658 1688 685 credas
1707 657 1744 690 ei,

960 702 1066 730 alienus
1089 703 1190 737 quippe
1216 707 1273 735 est;
1286 703 1352 738 quin
1369 703 1461 737 potius
1486 707 1512 731 te
1526 704 1648 731 omnium
1663 704 1746 731 mini-

961 755 1032 774 mam
1045 752 1180 783 reputato,
1193 752 1222 775 ut
1235 749 1336 776 multos
1353 750 1504 784 przemittas
1521 750 1549 777 in
1562 758 1674 785 regnum
1689 757 1745 778 cm-

962 793 1062 825 lorum,
1078 800 1105 821 et
1123 793 1203 820 abeo
1219 794 1359 821 exalteris.
1378 794 1406 821 Si
1429 794 1525 822 suadet
1548 795 1596 822 tibi
1619 795 1745 823 inimicus

963 840 1099 875 ingentem
1127 840 1233 868 ascesin
1264 848 1312 867 seu
1342 840 1578 874 exercitationem,
1595 844 1625 867 ut
1647 848 1746 875 corpus

925 879 945 906 Β
960 889 1037 913 tuum
1065 885 1203 913 infirmum
1220 890 1247 913 et
1262 886 1318 921 88
1332 887 1427 914 inutile
1444 886 1542 914 eﬂiciat
1558 895 1564 912 :
1585 891 1660 914 tuum
1675 887 1746 923 jeju-

960 931 1034 958 nium
1050 931 1160 958 modum
1177 931 1286 958 habent.
1308 930 1405 965 Jejuna
1427 931 1519 967 itaque
1540 936 1626 960 totum
1644 940 1746 960 annum

960 976 1014 1004 nisi
1029 977 1102 1003 aliud
1119 977 1238 1011 postulet
1252 977 1418 1009 necessitas;
1434 976 1502 1004 hora
1519 981 1611 1005 autem
1629 986 1702 1006 nona
1718 978 1747 1006 in

960 1021 1069 1057 hymnis
1084 1025 1110 1049 et
1128 1021 1300 1049 orationibus
1318 1026 1466 1054 transacta,
1482 1031 1560 1050 sume
1581 1031 1665 1058 panes
1683 1028 1748 1052 tuos

959 1074 1022 1094 eum
1039 1067 1161 1095 oleribus
1173 1067 1234 1094 oleo
1248 1067 1376 1095 conditis.
1395 1067 1492 1095 Omnia
1512 1077 1580 1104 pura
1594 1074 1658 1097 sunt
1673 1077 1748 1105 quaa-

960 1119 1069 1147 cunque
1083 1112 1246 1140 inanimata.

998 1170 1024 1198 9.
1046 1169 1087 1197 Tu
1105 1173 1205 1202 autem,
1225 1177 1241 1197 ο
1257 1170 1343 1205 virgo,
1357 1170 1384 1197 id
1396 1177 1456 1205 age,
1473 1175 1503 1197 ut
1516 1179 1596 1198 nemo
1609 1175 1682 1199 tuam
1695 1180 1749 1200 no-

960 1217 995 1244 rit
1025 1217 1144 1248 ascesin,
1160 1225 1194 1244 ne
1223 1225 1256 1244 ex
1285 1217 1409 1252 cognatis
1429 1218 1539 1252 quidem
1571 1219 1648 1247 tuis:
1665 1220 1712 1247 sed
1723 1220 1749 1248 si

961 1263 1026 1297 quid
1046 1263 1114 1298 agis,
1130 1263 1157 1290 in
1175 1263 1283 1290 occulto
1296 1271 1345 1298 age
1365 1268 1415 1291 :et
1438 1263 1519 1291 Pater
1542 1268 1605 1292 tuus
1628 1265 1750 1294 ccelestis

961 1310 1007 1345 qui
1024 1310 1097 1336 videt
1113 1309 1141 1336 in
1157 1310 1278 1341 occulto,
1295 1310 1391 1337 reddet
1415 1310 1464 1337 tibi
1490 1311 1518 1338 in
1533 1311 1655 1346 publico.
1670 1312 1750 1345 Quod

961 1355 985 1382 si
1003 1355 1086 1382 vitam
1116 1359 1191 1382 tuam
1221 1356 1452 1388 manifestaveris,
1469 1357 1534 1384 hinc
1552 1357 1600 1385 tibi
1621 1362 1750 1386 nascetur

961 1401 1050 1428 inanis
1062 1400 1154 1435 gloria:
1169 1400 1316 1434 cupiditas,
1329 1405 1413 1435 atque
1424 1400 1617 1428 detrimentum
1634 1402 1749 1430 senties.

963 1445 990 1472 Si
1007 1454 1071 1473 vero
1087 1446 1206 1473 animam
1234 1446 1369 1480 repereris
1387 1446 1436 1472 tibi
1465 1447 1693 1481 consentientem,
1708 1452 1751 1475 at-

961 1500 1014 1527 que
1026 1492 1081 1519 Deo
1105 1492 1200 1519 eadem
1218 1492 1324 1518 ratione
1352 1491 1528 1524 servientem,
1560 1491 1624 1519 huic
1637 1492 1688 1519 soli
1703 1500 1750 1520 se-

963 1541 1037 1564 creta
1049 1541 1094 1564 tua
1109 1536 1261 1571 revelatol:
1296 1536 1348 1563 hac
1370 1536 1443 1563 enim
1459 1537 1486 1563 in
1509 1544 1538 1564 re
1554 1545 1610 1564 non
1625 1541 1667 1564 est
1686 1537 1749 1564 ina-

964 1583 1007 1610 nis
1020 1584 1116 1619 gloria.
1133 1582 1236 1610 Locula
1250 1590 1368 1617 namque
1378 1590 1408 1610 es
1422 1585 1452 1610 ut
1463 1582 1538 1610 salva
1552 1583 1627 1610 ﬁeret
1639 1584 1748 1612 anima:

964 1638 1090 1666 magnam
1117 1630 1270 1657 mercedem
1286 1630 1413 1664 recipies,
1429 1629 1452 1657 si
1467 1637 1516 1664 per
1528 1633 1555 1656 te
1570 1630 1661 1656 anima
1676 1631 1752 1658 salu-

964 1680 1019 1703 tem
1047 1681 1241 1711 consequatur.
1267 1675 1373 1709 Quibus
1399 1676 1470 1703 inest
1495 1675 1623 1703 audiendi
1642 1676 1750 1704 deside-

963 1719 1035 1745 rium
1051 1719 1164 1754 loquere
1179 1728 1239 1755 quze
1255 1720 1310 1747 sint
1334 1720 1420 1747 utilia.
1440 1720 1518 1753 Quod
1534 1721 1556 1749 si
1576 1721 1622 1748 ille
1635 1721 1752 1749 audierit

963 1767 990 1792 et
1003 1765 1096 1792 audita
1125 1774 1180 1793 non
1203 1772 1380 1801 exsequatur,
1406 1775 1441 1795 ne
1469 1767 1581 1803 loquere
1609 1768 1690 1796 ultra.
1706 1769 1753 1796 Ait

964 1812 1037 1839 enim
1053 1811 1184 1840 Dominus
1203 1821 1209 1839 :
1229 1822 1238 1838 ‹
1257 1812 1297 1840 Ne
1311 1813 1373 1840 date
1401 1818 1497 1841 sancta
1510 1813 1626 1841 canibus
1639 1834 1648 1846 ,
1662 1822 1752 1850 neque

963 1857 1090 1892 projicite
1101 1859 1268 1894 margaritas
1283 1863 1390 1886 vestras
1404 1863 1467 1886 ante
1479 1867 1577 1894 porcos
1587 1861 1620 1886 ".
1635 1870 1645 1886 ι
1663 1860 1755 1888 Canes

964 1912 1083 1940 namque
1097 1909 1124 1932 et
1139 1912 1238 1940 porcos
1259 1909 1340 1933 vocat
1356 1905 1489 1933 Dominus
1501 1913 1559 1939 eos,
1572 1906 1619 1941 qui
1645 1911 1753 1941 turpem

122 1958 210 1989 agunt
224 1955 318 1982 vitam.
337 1954 489 1990 Margaritze
503 1954 603 1989 quippe
627 1955 754 1989 pretiosa
768 1957 842 1988 sunt,
860 1953 906 1981 Dei
926 1953 1020 1986 verba,
1037 1962 1098 1989 quae
1122 1954 1155 1982 iis
1172 1957 1277 1981 tantum
1305 1954 1352 1989 qui
1372 1954 1447 1990 digni
1464 1958 1529 1982 sunt
1543 1955 1712 1982 tribuuntur.

158 2036 202 2063 10.
217 2036 248 2061 Ὢ
263 2035 385 2071 μακαρία
396 2034 467 2070 ψυχὴ
485 2035 500 2069 ἡ
517 2033 656 2061 ἀκούσασα
669 2032 779 2063 τούτους
791 2031 854 2063 τοὺς
873 2031 915 2058 λό-

122 2090 188 2116 γους
204 2082 266 2113 τοὺς
288 2081 496 2116 γεγραμμένους
518 2081 546 2107 ἐν
566 2079 606 2115 τῷ
631 2079 725 2114 βιϐλίῳ
743 2079 844 2113 τούτῳ,
868 2079 915 2106 καὶ

123 2128 238 2155 ποιοῦσα
251 2129 257 2154 !
273 2127 455 2163 Μαρτύρομαι
472 2127 552 2153 παντὶ
570 2126 706 2162 ἀνθρώπῳ
725 2126 773 2163 (9),
789 2126 915 2154 ἀκούοντι

122 2174 156 2201 τὰ
173 2175 281 2210 ῥήματα
299 2174 385 2200 ταῦτα
399 2174 445 2200 καὶ
469 2173 599 2205 ποιοῦντι,
617 2174 658 2200 ὅτι
678 2173 709 2199 τὸ
725 2173 810 2209 ὃνομα
830 2173 912 2201 αὑτοῦ

123 2219 296 2256 γραφήσεται
314 2219 342 2245 ὲν
355 2219 387 2254 τῇ
403 2218 484 2254 βίϐλῳ
499 2218 550 2253 τῆς
569 2217 651 2253 ζωῆς,
667 2219 714 2244 καὶ
727 2219 756 2245 ἐν
776 2218 814 2254 τῷ
828 2218 914 2254 τρίτῳ

124 2265 244 2301 τάγματι
260 2265 315 2291 τῶν
338 2265 460 2299 ἀγγέλων
477 2264 662 2300 εὑρεθήσεται.
681 2264 743 2291 Ἐὰν
767 2263 812 2291 οὖν
828 2273 914 2300 προσ-

124 2311 200 2347 εύχῃ,
216 2311 232 2346 ἦ
248 2311 362 2347 ψάλλῃς,
377 2311 393 2346 ἢ
410 2310 597 2347 ἀναγινώσκῃς
611 2311 676 2346 (10),
692 2311 752 2337 κατ’
770 2311 836 2337 ἰδίαν
849 2310 915 2337 κάθ-

124 2365 155 2384 ου
166 2367 174 2373 ·
196 2357 290 2392 μηδεὶς
309 2358 440 2389 ἀκουέτω,
457 2358 481 2384 εἰ
512 2357 549 2392 μὴ
572 2358 604 2384 σὺ
620 2357 699 2392 μόνη.
717 2357 771 2383 Καὶ
787 2356 834 2383 ὲάν
850 2357 915 2394 ἔχῃς

125 2404 276 2439 ὁμοψύχους
291 2404 353 2439 μίαν
368 2403 385 2438 ἢ
401 2404 446 2430 δύο
465 2404 616 2439 παρθένους
628 2412 634 2418 ·
651 2403 724 2438 λέγει
742 2403 796 2439 γὰρ
814 2404 828 2429 ὁ
848 2404 915 2439 Χρι-

127 2450 204 2481 στός·
222 2460 231 2475 ι
254 2451 338 2476 Ὅπου
362 2449 409 2476 δύο
428 2450 444 2485 ἢ
469 2452 541 2485 τρεῖς
560 2451 611 2476 εἰσι
636 2449 799 2485 συνηγμένοι
822 2450 851 2475 ἐν
875 2449 913 2484 τῷ

125 2496 236 2532 ὀνόματί
252 2505 302 2532 μου
320 2496 387 2531 (ii),
405 2497 463 2522 ἐκεῖ
477 2497 533 2532 εἰμι
545 2496 574 2522 ὲν
590 2496 664 2531 μέσῳ
680 2495 770 2522 αὐτῶν
789 2503 795 2510 ·
817 2505 826 2521 ι
846 2495 913 2522 ἀπό-

160 2574 184 2590 ⁸⁸
204 2573 300 2602 Matth.
317 2582 366 2607 vn,
383 2574 410 2601 6.
448 2574 471 2590 ⁸⁸
491 2573 588 2601 Matth.
606 2581 690 2603 xvm.
709 2573 754 2600 20.

162 2664 201 2699 (‘2)
215 2663 374 2692 Basiliensis
394 2667 422 2699 et
431 2663 608 2698 Anglicanus,
625 2661 767 2697 Μακάριος
781 2659 814 2688 εἴ.
827 2660 913 2688 Paulo

128 2703 199 2736 post;
210 2700 327 2736 Anglic”
336 2698 491 2736 takttbeag.

165 2735 203 2770 (ὅ)
218 2731 300 2770 Basil.
318 2739 345 2770 et
357 2733 647 2770 VAnglie.,M1xa’t9to;.
663 2731 749 2759 Paulo
763 2736 836 2767 post,
856 2731 913 2758 An-

129 2770 205 2805 glia,
219 2771 252 2796 Ει
264 2769 293 2796 δὲ
305 2769 434 2801 πολλάκις
446 2769 492 2795 ὑπ.

175 2802 203 2839 6)
217 2804 374 2832 Basiliensis
387 2809 414 2832 et
430 2804 547 2839 Anglic.,
560 2802 762 2838 ὲλαχιστότερον
791 2802 912 2829 σεαυτόν.

177 2841 203 2875 5)
218 2839 272 2867 05v
283 2840 360 2867 deest
375 2840 402 2867 in
415 2839 498 2875 Basil.
513 2843 539 2867 et
551 2840 657 2873 Anglic.

167 2871 205 2911 (6)
215 2875 245 2904 In
256 2876 361 2911 Anglic.
375 2871 481 2903 etFelc.
490 2875 518 2908 ‘2,
531 2871 607 2903 deest
616 2873 694 2907 illud,
707 2874 735 2900 ὲν
745 2871 784 2908 τῷ
794 2871 913 2907 φανερῷ.

999 2031 1042 2058 10.
1062 2031 1085 2058 Ο
1101 2031 1181 2058 beata
1205 2032 1296 2058 anima
1311 2039 1372 2067 quae
1399 2039 1540 2059 sermones
1558 2032 1676 2059 audierit
1701 2033 1753 2059 hoc

964 2079 991 2105 in
1006 2078 1077 2105 libro
1093 2079 1221 2113 scriptos,
1243 2082 1324 2113 atque
1345 2082 1474 2106 exsecuta
1489 2086 1536 2106 eos
1553 2078 1644 2106 fuerit.
1662 2077 1753 2105 Testi-

965 2124 1031 2151 ﬁcor
1047 2124 1122 2151 omni
1140 2124 1255 2156 homini,
1273 2124 1320 2159 qui
1337 2124 1454 2152 audierit
1471 2124 1528 2151 hate
1550 2124 1633 2151 verba
1659 2128 1686 2150 et
1709 2124 1752 2151 fe-

966 2171 1034 2198 cerit
1044 2178 1086 2201 ea,
1099 2171 1172 2205 quod
1199 2178 1300 2198 nomen
1322 2171 1381 2206 ejus
1399 2171 1574 2198 scribendum
1592 2171 1628 2198 sit
1640 2170 1666 2197 in
1682 2170 1754 2197 libro

966 2217 1037 2249 vitae,
1055 2217 1163 2252 etquod
1176 2217 1235 2252 ipse
1258 2217 1286 2243 in
1314 2217 1395 2244 tertio
1432 2217 1590 2252 angelorum
1606 2215 1702 2243 ordine
1717 2216 1755 2244 sit.

930 2252 1152 2291 l)colloeandus.
1171 2262 1199 2290 Si
1222 2263 1306 2298 igitur
1329 2270 1392 2290 ores
1417 2265 1464 2289 aut
1493 2262 1606 2296 psallas,
1633 2261 1754 2295 legasve,

969 2317 1091 2338 seorsum
1109 2309 1174 2337 sede
1189 2317 1195 2335 :
1216 2317 1296 2336 nemo
1313 2308 1406 2336 audiat
1422 2308 1475 2336 nisi
1490 2312 1519 2335 tu
1533 2307 1601 2336 sola.
1620 2306 1652 2333 Et
1663 2307 1687 2334 si
1703 2307 1753 2334 ha-

968 2357 1034 2384 beas
1062 2355 1228 2383 concordem
1250 2363 1332 2382 unam
1355 2359 1403 2382 aut
1428 2355 1542 2382 alteram
1556 2353 1699 2388 virginem,
1716 2353 1756 2380 ait

967 2404 1040 2430 enim
1055 2401 1182 2430 Christus
1198 2411 1204 2429 :
1221 2411 1231 2428 ‹
1250 2399 1301 2429 Ubi
1313 2401 1368 2428 duo
1383 2400 1426 2428 vel
1449 2404 1505 2427 tres
1519 2399 1678 2434 congregati
1695 2398 1755 2426 fue-

966 2448 1021 2476 rint
1031 2448 1059 2475 in
1072 2450 1183 2475 nomine
1200 2455 1271 2480 meo,
1288 2447 1326 2474 ibi
1347 2455 1407 2475 sum
1429 2446 1457 2473 in
1473 2445 1562 2473 medio
1576 2453 1672 2472 eorum
1682 2445 1716 2478 '9;
1741 2453 1751 2470 ι

966 2495 1054 2530 abjice
1080 2494 1240 2522 muliebrem
1265 2501 1387 2526 sensum,
1409 2500 1442 2520 ac
1467 2491 1594 2519 tiduciam
1623 2491 1756 2526 virileque

1000 2659 1038 2694 (7)
1056 2659 1233 2694 Anglicanus,
1248 2658 1358 2694 βάλητε.

1001 2693 1033 2728 (8⁷
1047 2694 1225 2729 Anglicanus.
1242 2695 1256 2720 ὁ
1273 2693 1348 2729 Θεὸς.

1011 2729 1038 2764 9)
1061 2725 1207 2764 ’Λνορὼπῳ
1222 2729 1298 2764 abest
1315 2728 1349 2764 ab
1361 2726 1465 2764 Anglic.
1480 2729 1507 2753 et
1518 2725 1591 2764 Felc.
1606 2726 1634 2764 2.

1014 2761 1057 2798 10)
1075 2761 1216 2791 δίοΒοδῐΙ.
1230 2767 1257 2791 et
1269 2763 1375 2798 Apglic.
1391 2761 1462 2798 Editi
1481 2769 1557 2798 vero,
1574 2763 1594 2798 ﬁ
1606 2761 1754 2798 ψάλλξιςῶ

1002 2771 1057 2800 (10)
1075 2771 1120 2791 διε
1134 2771 1216 2791 11³511.
1230 2771 1257 2791 et
1269 2771 1375 2824 Aggll'c.
1391 2771 1462 2788 Dulll
1481 2771 1557 2803 VCII'O,
1574 2771 1725 2824 τὲιμαλλεις,
1735 2771 1754 2802 ῃ

965 2799 1170 2862 ἓῖἓὶἒινώσκεις.
1192 2798 1263 2831 Mox,
1314 2798 1376 2825 asrl.
1393 2801 1420 2824 et
1441 2797 1559 2832 Anglic,
1597 2805 1657 2833 χῃς.
1671 2797 1757 2830 Editi,

1000 2844 1050 2866 εις.
1135 2861 1141 2865 ,

982 2845 1058 2907 vagi)
1075 2861 1170 2904 Basi'l.,
1185 2867 1336 2905 ὑπηγμένοι
1349 2867 1393 2896 διὰ
1411 2867 1441 2896 τὸ
1457 2867 1542 2904 δνομά
1553 2876 1614 2903 μου.
