1915 3057
153 147 209 177 2ὓό

740 149 769 177 S.
789 148 1022 177 ATHANASIUS.
1042 164 1077 170 -—-
1092 148 1208 177 DUBlA.

1725 150 1779 178 26.!

155 209 241 236 robur
255 215 375 236 assume.
387 207 454 235 Nam
471 207 498 235 in
516 214 600 242 regno
612 207 743 234 ccelorum
761 215 816 235 non
829 212 871 235 est
884 215 942 235 ma-

993 207 1040 235 θου
1055 207 1086 234 τὸ
1097 207 1248 242 γυναικεῖον
1261 206 1397 243 φρόνημα,
1412 206 1459 234 καὶ
1469 206 1534 234 λάϐε
1548 207 1648 243 Θάρσος
1666 207 1713 235 καὶ
1730 208 1778 236 ἀν-

157 255 250 283 sculus
266 261 353 289 neque
371 253 470 280 femina
480 273 488 285 ,
505 253 553 281 sed
567 261 736 289 quacunque
750 254 878 281 mulieres
891 254 943 281 Do-

156 301 232 336 mino
247 301 419 335 placuerunt,
434 300 556 326 virorum
579 300 702 327 ordinem
728 301 876 335 accipiunt.
894 300 940 328 Ju-

156 347 255 373 venilia
270 349 430 373 ornamenta
446 346 618 376 obliviscere,
637 350 665 372 ιιι
690 347 768 373 bona:
780 347 868 373 viduae
882 355 942 381 pre-

157 391 224 418 tium
240 391 369 425 acelpias.
382 390 508 417 Aitenim
520 391 615 417 beatus
626 389 728 418 Paulus
738 398 765 415 :1
779 389 881 417 Viduas
894 391 943 418 ho-

157 443 234 467 nora,
249 443 309 470 qua:
321 443 383 462 vere
400 435 488 462 vidua!
504 439 577 462 sunt.
593 435 659 468 Qua:
675 443 738 462 vere
752 435 834 462 vidua
852 440 894 462 est
915 440 941 462 et

157 479 289 510 desolata,
308 479 334 505 in
353 478 406 506 Deo
434 484 535 513 sperat,
557 485 584 506 et
608 484 747 514 permanet
771 480 797 506 in
813 481 943 508 observa-

158 526 277 552 tionibus
288 529 314 552 et
331 525 502 552 orationibus
515 530 594 551 nocte
610 529 637 552 et
653 525 705 552 dic.
728 525 793 558 Qum
809 530 898 552 autem
914 527 942 553 in

157 571 262 598 deliciis
277 575 329 602 est,
346 577 452 598 mortua
467 575 518 598 est.
539 571 625 598 Vidua
651 572 767 607 eligatur
781 580 835 599 non
852 572 941 600 minus

158 622 291 642 annorum
309 616 460 650 sexaginta,
478 624 538 650 qua:
555 616 637 643 fuerit
660 617 741 643 unius
767 617 818 643 viri
846 625 915 644 uxor
933 626 940 644 :

158 662 181 688 si
208 662 327 696 hospites
343 662 490 697 exceperit,
509 663 531 688 si
551 663 654 689 liberos
670 662 836 693 educaverit,
855 663 877 690 si
894 671 942 698 pe-

158 707 206 734 des
229 712 386 734 sanutorum
413 708 521 738 laverit,
539 709 561 735 si
579 708 686 735 afﬂictis
705 716 782 743 opem
801 709 904 739 tulerit,
919 709 942 736 si

157 760 237 779 omne
260 753 360 780 bonum
383 761 452 788 opus
475 759 617 789 prosecuta
643 754 733 781 fuerit.
749 755 878 782 Juniores
902 755 943 782 \‘i-

158 799 226 826 duas
244 807 339 826 recusa
355 808 360 825 :
376 807 436 826 cum
449 801 521 827 enim
535 801 703 827 laseivicrint
718 801 850 828 adversus
866 801 943 828 Chri-

158 850 241 877 stum,
259 851 323 872 tunc
337 846 439 874 nubere
458 848 563 879 volunt,
577 847 708 874 habentes
726 847 940 880 damnationem,

158 893 220 928 quia
239 893 352 927 primatu
369 893 446 919 tidem
465 894 569 920 irritam
586 893 708 920 fecerunt
723 893 758 920 ³⁷.
775 903 784 919 ι

194 938 236 966 Η,
255 938 295 965 Tu
310 942 399 965 autem
413 939 436 966 si
450 947 504 966 non
518 939 602 966 facias
615 939 805 973 tibijuveniles
822 939 941 971 habitus.

157 991 212 1010 non
228 983 322 1010 audies
336 984 440 1018 junior,
464 985 511 1012 sed
535 989 614 1012 artate
638 985 778 1020 grandior,
803 985 944 1019 honorque

157 1031 205 1058 tibi
220 1032 272 1058 erit
288 1031 365 1066 quasi
374 1035 452 1059 zelatc
465 1032 572 1067 majori.
589 1032 700 1059 Materia
715 1033 942 1059 vestimentorum

157 1080 275 1109 tuorum,
288 1085 321 1104 ne
343 1078 378 1104 sit
395 1078 485 1112 magni
500 1078 588 1113 pretii.
600 1078 752 1113 Ependytcs
770 1082 835 1106 tuus
868 1079 943 1113 niger

158 1130 244 1156 neque
269 1122 381 1154 tinctus,
406 1123 452 1149 sed
469 1122 552 1149 nativi
569 1123 679 1154 coloris,
704 1127 750 1149 aut
781 1123 942 1158 onychinus.

158 1167 300 1194 hlaforium
318 1169 377 1196 sine
407 1168 520 1196 Iimbriis
541 1169 664 1204 ejusdem
687 1170 788 1196 coloris
807 1179 813 1196 :
831 1171 944 1198 manica:

157 1214 253 1246 laneze,
270 1215 383 1241 brachia
408 1223 496 1249 usque
511 1215 545 1242 ad
572 1215 672 1250 digitos
692 1216 851 1251 obtegenles
870 1226 875 1244 :
895 1225 943 1245 ca-

157 1263 216 1298 pilli
246 1263 345 1298 capitis
373 1264 561 1297 circumtonsi,
588 1267 615 1292 el.
648 1265 715 1292 vitta
750 1266 828 1293 lanea
862 1269 945 1300 caput

157 1309 326 1343 astringens,
344 1309 482 1336 eucullula
506 1313 532 1336 et
556 1309 779 1344 superhumerale
807 1311 867 1338 sine
884 1311 944 1338 fim-

157 1354 236 1382 briis.
251 1354 279 1381 Si
308 1355 367 1382 viro
382 1362 522 1388 occurras,
546 1355 630 1383 facies
657 1355 745 1383 velata
772 1356 944 1391 demissaque

157 1405 226 1432 esto,
244 1409 332 1435 neque
346 1401 449 1428 homini
461 1401 566 1428 vultum
589 1402 709 1435 attollas,
733 1401 781 1429 sed
811 1401 944 1429 duntaxat

158 1447 213 1474 Deo
228 1451 285 1474 tuo.
297 1446 366 1473 Cum
383 1447 417 1473 ad
432 1447 566 1474 orandum
589 1448 709 1478 steteris,
721 1448 777 1474 sint
793 1447 875 1482 pedes
902 1448 942 1475 tui

157 1491 257 1518 calceis
283 1491 382 1526 operti.
405 1491 546 1525 Ejusmodi
574 1493 646 1520 enim
669 1493 823 1520 vestimenti
845 1501 942 1528 genus,

157 1539 331 1566 sanctitatem
347 1537 466 1572 prarfert.
486 1537 525 1565 Ne
548 1539 659 1566 exuaris
671 1539 703 1565 ad
718 1547 805 1574 usque
829 1539 939 1566 nudita-

991 254 1093 290 δρείαν.
1115 254 1158 280 Ἐν
1172 254 1225 288 γὰρ
1237 254 1269 288 τῇ
1287 253 1408 288 βασιλεία
1423 253 1476 280 τῶν
1497 254 1628 289 οὐρανῶν,
1644 254 1693 281 οὐκ
1705 254 1779 282 ἐστιν

991 301 1073 336 ἄρρεν
1086 300 1133 326 καὶ
1147 299 1224 335 θῆλυ,
1244 299 1311 326 ἀλλὰ
1328 300 1414 325 πᾶσαι
1435 300 1462 325 αἱ
1480 299 1663 335 ἁρεστήσασαι
1683 301 1779 335 γυναῖ-

991 355 1038 378 κες
1052 346 1154 381 ἀνδρῶν
1167 345 1242 378 τάξιν
1254 345 1446 380 λαμϐάνουσιν.
1468 345 1611 372 Ἐπιλάθου
1632 345 1666 372 τὰ
1680 354 1779 373 νεωτε-

993 392 1056 427 ρικὰ
1072 392 1209 426 σχήματα,
1232 391 1275 417 ἵνα
1296 390 1380 425 λάϐῃς
1404 391 1486 426 τιμὴν
1505 391 1554 426 τῆς
1578 391 1663 426 καλῆς
1680 393 1778 428 χήρας.

991 437 1071 471 Λέγει
1085 436 1138 472 γὰρ
1154 438 1168 463 ὸ
1182 437 1258 470 ἅγιος
1280 436 1385 467 Παῦλος
1400 436 1473 471 (12>⁸
1491 445 1500 461 ι
1518 437 1591 471 Τίμα
1612 437 1709 472 χήρας,
1729 437 1780 470 τὰς

991 483 1076 514 ὅντως
1099 483 1196 518 χήρας.
1220 482 1251 508 Ἡ
1270 482 1298 508 δὲ
1324 482 1406 513 ὅντως
1434 482 1506 516 χήρα
1529 481 1576 508 καὶ
1599 483 1780 517 μεμονωμένη

992 527 1104 562 ἤλπικεν
1127 527 1173 553 ἐπὶ
1196 527 1241 553 τὸν
1262 526 1337 559 Θεὸν,
1363 527 1409 553 καὶ
1435 527 1581 562 προσμένει
1599 529 1658 558 ταῖς
1672 527 1780 562 δεήσεσι

992 573 1039 599 καὶ
1053 574 1112 604 ταῖς
1130 573 1293 607 προσευχαῖς
1306 573 1401 603 νυκτὸς
1418 573 1463 599 καὶ
1474 572 1590 608 ἡμέρας.
1613 573 1646 598 Ἡ
1667 573 1695 599 δὲ
1711 581 1782 599 σπα-

992 618 1100 645 ταλῶσα
1127 618 1251 653 τέθνηκε.
1285 618 1364 653 Χήρα
1398 617 1588 651 καταλεγέσθω
1611 617 1647 653 μὴ
1672 617 1781 644 ἔλαττον

992 665 1060 692 ἐτῶν
1084 665 1231 700 ἑξήκοντα,
1250 666 1376 698 γεγονυῖα
1394 664 1452 695 ἐνὸς
1468 664 1563 699 ἀνδρὸς
1580 665 1664 699 γυνή·
1679 665 1702 690 εἰ
1724 663 1782 696 ἐξε-

992 710 1148 746 νοδόχησεν,
1168 711 1192 736 εί
1206 710 1473 744 ὲτεκνοτρόιρησεν,εί
1485 709 1570 743 ἁγίων
1585 709 1667 741 πόδας
1680 709 1780 744 ἔνιψεν,

992 757 1016 783 εί
1032 756 1200 791 θλιϐομένοις
1216 757 1378 792 ἐπήρκεσεν,
1392 757 1416 782 εί
1429 756 1510 782 παντὶ
1524 755 1596 790 ἔργῳ
1620 755 1713 791 ἀγαθῷ
1732 757 1782 782 ἑπ-

992 802 1168 837 ηκολούθησε.
1186 802 1329 837 Νεωτέρας
1345 801 1374 827 δὲ
1387 801 1473 836 χήρας
1487 801 1619 836 παραιτοῦ
1629 809 1635 815 ·
1652 801 1714 828 ὅταν
1725 802 1781 837 γὰρ

993 850 1245 885 καταστρηνιάσωσι
1272 849 1319 875 τοῦ
1346 847 1485 884 Χριστοῦ,
1514 849 1611 883 γαμεῖν
1638 848 1780 879 θέλουσιν,

957 897 977 925 B
992 895 1100 930 ἔχουσαι
1114 897 1209 931 κρῖμα,
1226 895 1265 922 ὅτι
1278 894 1326 930 τὴν
1342 893 1452 930 πρώτην
1467 893 1556 920 πίστιν
1570 893 1716 929 ἠθέτησαν.
1733 904 1743 919 ι

1030 940 1072 966 11.
1087 941 1122 966 xu
1137 941 1176 972 δὲ,
1189 942 1211 966 εἱ
1226 941 1274 975 μὲν
1288 940 1317 966 οὐ
1334 941 1419 971 ποιεῖς
1434 940 1468 965 τὰ
1480 939 1628 973 νεωτερικὲι
1643 939 1780 974 σχήματα,

992 986 1042 1012 οὐκ
1057 986 1165 1018 ἀκούεις
1178 986 1307 1022 νεωτέρα,
1323 985 1390 1012 ἀλλὰ
1415 987 1460 1012 καὶ
1475 985 1623 1021 πρεσϐύτις
1646 985 1780 1020 ἀποκαλῇ,

994 1033 1041 1058 καὶ
1058 1032 1140 1068 τιμὴν
1158 1032 1237 1067 ἔχεις,
1256 1032 1293 1063 ὡς
1311 1032 1492 1068 πρεσϐυτέρα.
1511 1032 1542 1058 Ἡ
1560 1032 1710 1063 ὑπόστασις
1728 1032 1783 1058 τῶν

995 1078 1109 1113 ἱματίων
1126 1087 1173 1105 σου
1200 1078 1236 1114 μὴ
1260 1079 1316 1113 ἤτω
1337 1078 1497 1112 πολύτιμος·
1520 1078 1534 1103 ὁ
1561 1077 1707 1111 ἐπενδύτης
1735 1085 1782 1102 σου

996 1124 1089 1159 μέλας,
1106 1124 1142 1159 μὴ
1165 1123 1334 1159 βεϐαμμένος
1353 1123 1382 1149 ἐν
1399 1123 1482 1158 βαφῇ,
1501 1122 1556 1148 ἀλλ’
1570 1121 1706 1157 αὑτοςςυὴς
1723 1121 1784 1148 ίειὸ-

994 1179 1073 1206 χροος
1094 1171 1160 1205 (15),
1175 1170 1192 1205 ἢ
1210 1169 1341 1204 ὁνυχίζων
1352 1178 1358 1185 ’
1374 1169 1421 1195 καὶ
1436 1169 1466 1195 τὸ
1483 1168 1615 1203 μαφόριον
1638 1168 1782 1202 ἅκροσσον,

993 1216 1122 1248 ὡσαύτως
1137 1217 1183 1251 τῆς
1199 1217 1283 1253 αὐτῆς
1299 1216 1398 1251 χρόας·
1416 1216 1462 1242 καὶ
1485 1215 1601 1250 χειρίδια
1625 1215 1688 1249 ἐρεᾶ
1706 1222 1785 1250 περι-

993 1262 1164 1289 καλύπτοντα
1177 1262 1240 1293 τοὺς
1262 1261 1407 1297 βραχίονας
1426 1260 1478 1291 ἕως
1501 1261 1555 1287 τῶν
1574 1260 1712 1287 δακτύλων
1729 1259 1785 1286 τῶν

993 1308 1102 1344 χειρῶν,
1113 1308 1162 1340 τὰς
1173 1309 1268 1344 τρίχας
1280 1308 1329 1343 τῆς
1342 1308 1462 1343 κεφαλῆς
1474 1307 1721 1343 περικεκομμένας,
1736 1306 1784 1332 καὶ

994 1354 1203 1389 κεφαλοδέσμιον
1220 1353 1313 1388 ὲρεοῦν
1329 1354 1508 1389 περισφίγγω
1524 1353 1572 1388 τὴν
1593 1352 1724 1387 κεφαλὴν,
1737 1352 1785 1378 καὶ

994 1400 1164 1432 κουκούλιον,
1175 1400 1222 1427 καὶ
1230 1400 1349 1435 ὲπὼμιον
1362 1400 1503 1435 ἅκροσσον.
1525 1400 1585 1426 Ἐὰν
1604 1399 1632 1425 δὲ
1643 1398 1785 1433 ,συναντᾷς

994 1446 1041 1474 ἀνο
1047 1445 1139 1482 ρώπῳ,
1148 1446 1178 1472 τὺ
1187 1446 1331 1481 πρόσωπον
1339 1444 1614 1480 κατακεκαλυμμένον
1624 1443 1703 1472 ἔστω,
1710 1443 1785 1470 κάτω

993 1491 1080 1522 νεῦον,
1091 1491 1136 1517 καὶ
1149 1491 1198 1516 οὑκ
1214 1491 1319 1526 ἑπάρῃς
1333 1489 1468 1526 ἀνθρώπῳ
1480 1489 1510 1515 τὸ
1526 1488 1671 1524 πρόσωπόν
1687 1496 1745 1520 σου,
1758 1488 1784 1514 εἰ

995 1536 1031 1572 μὴ
1047 1536 1126 1570 μόνον
1137 1534 1176 1570 τῷ
1184 1534 1242 1570 Θεῷ
1251 1543 1308 1561 σου.
1318 1535 1402 1560 Ὅταν
1418 1535 1483 1569 στῇς
1495 1534 1534 1563 είς
1553 1532 1785 1568 προσευχὴν,τοὺς

157 1588 211 1612 tem
233 1588 337 1612 :nocte
372 1583 470 1619 dieque
500 1585 586 1612 vestis
612 1588 683 1620 tegat
709 1593 819 1612 carnem
851 1589 939 1612 tuam.

993 1582 1074 1612 πόδας
1088 1589 1133 1607 σου
1148 1580 1435 1615 περικεκαλυμμένους
1447 1579 1491 1614 ἔχε
1504 1579 1532 1604 ἐν
1544 1578 1720 1612 ὑποδήμασιν.
1734 1577 1786 1603 Αὖ-

157 1629 300 1666 Nunquam
317 1636 343 1658 te
357 1631 409 1658 alia
432 1631 532 1658 femina
559 1631 659 1658 nudam
675 1631 765 1658 videat
777 1631 834 1666 89
847 1631 900 1658 nisi
914 1631 942 1658 in

157 1683 264 1704 summa
292 1677 476 1710 necessitate;
497 1685 585 1711 neque
611 1683 638 1704 te
673 1677 732 1712 ipsa
773 1677 941 1710 consideres,

157 1722 231 1749 nudo
243 1730 367 1757 corpore.
394 1722 417 1748 A
444 1730 499 1757 quo
523 1726 647 1758 tempore
661 1723 733 1750 enim
752 1723 871 1750 statuisti
887 1723 942 1750 Deo

157 1773 232 1795 casta
249 1775 319 1799 esse,
333 1776 433 1802 corpus
461 1773 538 1794 tuum
555 1768 756 1795 sanctificatum
770 1772 798 1795 et
812 1769 942 1803 templum

159 1813 204 1840 Dei
221 1818 272 1840 est.
292 1813 351 1840 Non
364 1814 443 1841 debet
459 1814 541 1848 igitur
563 1814 692 1848 templum
716 1813 763 1840 Dei
781 1814 814 1840 ab
827 1814 882 1841 ullo
899 1821 943 1840 re-

157 1859 222 1894 tegi.
236 1858 295 1885 Non
315 1859 365 1886 ibis
380 1859 413 1885 ad
430 1859 566 1890 balneum,
579 1859 603 1886 si
622 1859 732 1894 quidem
746 1867 812 1886 sana
825 1859 874 1891 sis,
890 1859 943 1886 nisi

158 1905 186 1932 in
215 1912 321 1932 summa
348 1905 532 1938 necessitate;
561 1913 649 1939 neque
677 1905 823 1940 immergas
854 1909 941 1932 totum

157 1958 259 1986 corpus
283 1956 358 1978 tuum
379 1951 406 1977 in
431 1951 619 1986 aquam,quia
644 1955 738 1978 sancta
767 1959 797 1978 es
827 1950 941 1978 Domino

158 1996 224 2024 Deo.
243 1996 302 2024 Non
318 1996 489 2023 eontamines
505 2004 615 2023 carnem
638 2000 713 2023 tuam
739 1997 795 2024 ulla
817 2004 846 2023 re
862 2004 942 2023 mun-

158 2042 239 2074 dana,
264 2042 311 2069 sed
326 2041 421 2069 faciem
438 2046 540 2068 tantum
557 2046 630 2069 tuam
654 2043 722 2075 lava,
740 2047 766 2069 cl.
783 2050 880 2070 manus
897 2051 942 2077 pe-

158 2089 270 2123 desque.
286 2088 353 2115 Cum
367 2088 465 2115 laveris
478 2088 574 2115 faciem
590 2091 677 2120 tuam,
693 2095 727 2115 ne
742 2089 831 2114 lavato
849 2090 942 2115 amba-

158 2134 210 2161 bus
224 2134 362 2165 manibus,
376 2141 464 2168 neque
488 2134 652 2168 expoliveris
678 2141 762 2169 genas
779 2134 872 2161 vultus
888 2134 940 2166 tui,

158 2185 193 2205 ne
217 2177 340 2210 herbam,
359 2184 393 2203 ne
412 2177 526 2208 nilrum,
546 2181 591 2203 aut
613 2177 678 2211 quid
706 2176 796 2204 simile
812 2177 942 2203 adhibue-

157 2223 220 2250 ris:
239 2230 302 2250 nam
321 2231 382 2258 qua:
410 2222 554 2249 mundana:
577 2226 642 2250 sunt
671 2222 735 2249 talia
759 2221 880 2255 faciunt;
894 2222 940 2250 sed

158 2276 229 2303 aqua
246 2268 346 2295 munda
365 2269 472 2297 laveris.

158 2362 234 2398 θαρῷ
245 2362 319 2399 νίψῃ.
781 2386 790 2403 1

194 2419 239 2446 12.
258 2419 298 2447 Ne
311 2419 431 2454 pretioso
446 2423 585 2453 unguento
604 2425 705 2453 corpus
721 2421 797 2444 tuum
814 2417 926 2445 unxeris
938 2437 945 2449 ,

159 2474 227 2494 neve
245 2467 413 2494 aromatibus
430 2466 520 2501 magni
534 2465 612 2500 pretii
624 2469 714 2492 vestes
726 2472 856 2499 aspergas
873 2468 945 2491 tuas.

159 2511 237 2546 Quod
251 2511 275 2538 si
287 2519 389 2546 corpus
405 2515 481 2538 tuum
496 2510 659 2538 imbecillius
673 2510 875 2541 evaserit,\'ino
887 2518 947 2537 mo-

159 2558 221 2584 dico
237 2560 313 2584 utere
326 2556 363 2584 ob
378 2556 549 2583 stomachum
565 2555 598 2582 ".
614 2554 658 2588 {Si
680 2562 755 2585 vero,
774 2553 846 2588 quod
859 2554 945 2581 absitl

158 2604 187 2630 in
201 2603 301 2630 malum
315 2603 420 2630 incidas
432 2610 440 2636 ;
453 2603 568 2637 teipsam
583 2609 648 2628 cura
665 2621 672 2632 ,
698 2607 748 2627 nec
764 2600 813 2627 des
829 2599 948 2626 homini-

210 2681 233 2698 ιτ
253 2681 263 2708 1
281 2680 352 2708 Tim.
370 2689 397 2713 ν,
414 2679 472 2708 5-8.
498 2658 533 2695 λε
552 2678 651 2706 ITim.
668 2686 695 2711 v,
714 2678 760 2706 εδ.

266 2757 339 2799 Hine,
362 2758 442 2799 ééYEl
458 2757 511 2793 γὰρ
524 2758 585 2784 6....
609 2756 659 2788 τὰς
673 2755 756 2787 ὅντως
779 2755 877 2791 χήρας,
893 2753 943 2781 d8-

160 2798 223 2820 sunt
241 2793 268 2820 in
282 2793 353 2820 Felc.
370 2793 396 2820 ‘2.

195 2828 249 2863 (l5)
266 2829 348 2864 Basil.
361 2833 389 2864 et
408 2827 498 2864 Angl.,
518 2827 656 2864 ῐδιόχροος.
678 2825 864 2864 Editiftalii,
883 2823 944 2864 ίᾷιιξ-

160 2860 257 2898 χρὼος.
276 2863 347 2896 Mox,
376 2860 462 2891 Basil.‘
473 2866 500 2890 et
528 2860 618 2897 61:31.,
636 2862 729 2897 χρόας.
750 2861 821 2888 Editi
838 2865 865 2888 et
884 2860 943 2892 alii,

993 1627 1038 1658 τὸς
1059 1625 1113 1660 γὰρ
1132 1627 1146 1652 ὁ
1166 1625 1307 1661 στολισμὸς
1330 1625 1493 1661 ἱεροπρεπής
1508 1624 1590 1650 ἐστιν.
1609 1623 1665 1649 Οὐκ
1684 1622 1784 1658 ὲκδύσῃ

993 1673 1100 1708 γυμνή·
1120 1672 1218 1703 νυκτὸς
1231 1671 1259 1698 δὲ
1272 1671 1318 1698 καὶ
1339 1670 1444 1706 ἡμέρας
1465 1670 1495 1696 τὸ
1517 1669 1623 1704 ἱμάτιόν
1643 1677 1689 1694 σου
1715 1668 1785 1694 ἔστω

993 1718 1130 1744 καλύπτον
1149 1718 1197 1753 τὴν
1213 1718 1301 1752 σάρκα
1329 1726 1386 1743 σου.
1408 1716 1445 1742 Οὐ
1469 1715 1506 1751 μὴ
1524 1715 1565 1751 ian
1580 1714 1644 1750 ἄλλη
1668 1713 1737 1748 γυνὴ
1754 1713 1786 1739 τὸ

994 1764 1074 1799 σῶμα
1095 1773 1141 1790 σου
1161 1764 1262 1799 γυμνὸν
1279 1764 1342 1790 ἄνευ
1368 1763 1457 1798 πάσης
1480 1762 1619 1796 ἀνάγκης·
1646 1760 1702 1787 ἀλλ’
1724 1759 1785 1786 οὐδὲ

993 1809 1061 1845 αὐτὴ
1085 1811 1263 1844 κατανοήσεις
1287 1808 1537 1844 ἁποκεκαλυμμένη
1552 1807 1590 1842 τῷ
1605 1806 1720 1842 σώματι.
1741 1805 1786 1837 Ἐξ

993 1857 1053 1884 ὅτου
1076 1857 1129 1892 γὰρ
1153 1856 1239 1888 ἐτάξω
1259 1855 1297 1891 τῷ
1324 1855 1383 1890 Θεῷ
1404 1853 1632 1890 ἐγκρατεύεσθαι,
1654 1853 1684 1878 τὺ
1705 1851 1786 1886 σῶμα

994 1911 1041 1929 σου
1058 1902 1222 1937 ἡγιασμένον
1235 1901 1302 1932 ἐστὶ,
1316 1901 1362 1927 καὶ
1378 1900 1440 1932 ναός
1460 1901 1517 1926 ἐστι
1530 1899 1578 1925 τοῦ
1589 1897 1654 1924 Θεοῦ
1667 1897 1733 1931 (Μ).
1747 1896 1784 1922 Οὐ

993 1949 1046 1984 χρὴ
1061 1946 1106 1975 οὖν
1121 1948 1166 1974 τὸν
1179 1948 1242 1974 ναὸν
1263 1947 1311 1973 τοῦ
1331 1946 1400 1973 Θεοῦ
1421 1943 1661 1972 ἀποκαλύπτεσθαι
1679 1942 1730 1968 ὑπό
1745 1951 1786 1968 τι-

993 2003 1046 2025 νος.
1065 1995 1102 2020 Οὔ
1118 1993 1238 2029 πορεύσῃ
1259 1994 1298 2024 εἰς
1324 1993 1461 2028 βαλανεῖον
1482 1990 1638 2025 ὑγιαίνουσα
1654 1989 1716 2015 ἄνευ
1731 1987 1784 2013 πά-

994 2049 1043 2076 σης
1063 2040 1194 2074 ἀνάγκης,
1213 2040 1243 2066 οὐ
1268 2039 1304 2074 μὴ
1327 2038 1415 2075 βάψῃς
1436 2037 1495 2064 ὅλον
1518 2037 1548 2063 τὸ
1566 2035 1645 2071 σῶμά
1668 2043 1714 2061 σου
1743 2035 1784 2065 εἰς

994 2086 1076 2122 ὕδωρ,
1093 2087 1134 2113 ὅτι
1158 2087 1223 2120 ἁγία
1248 2084 1273 2122 εἴ
1298 2080 1451 2120 Κυρίιᾷᾝῷ
1467 2083 1545 2118 Θεῷ’
1562 2083 1608 2109 καὶ
1632 2082 1662 2108 οὐ
1681 2080 1784 2116 μιανεῖς

993 2133 1041 2168 τὴν
1058 2132 1146 2167 σάρκα
1170 2140 1216 2158 σου
1240 2132 1269 2158 ἐν
1291 2132 1378 2158 οὐδενὶ
1401 2129 1535 2165 κοσμικῷ,
1561 2128 1628 2155 ἀλλὰ
1652 2127 1731 2162 μόνον
1753 2124 1784 2150 τὸ

994 2178 1137 2214 πρόσωπόν
1153 2187 1200 2205 σου
1212 2178 1297 2213 νίψαι,
1313 2178 1360 2205 καί⁴
1382 2177 1432 2209 τὰς
1445 2178 1539 2212 χεῖρας
1555 2176 1602 2202 καὶ
1614 2175 1676 2205 τοὺς
1689 2172 1781 2202 πόδας.

994 2225 1079 2251 Ὅταν
1091 2224 1169 2260 νίψῃς
1189 2224 1218 2250 τὸ
1237 2224 1379 2259 πρόσωπόν
1395 2232 1451 2254 σου,
1466 2223 1496 2249 οὺ
1511 2221 1573 2256 νίψῃ
1593 2222 1651 2251 ταῖς
1667 2218 1712 2244 δύο
1726 2225 1785 2252 χερ-

958 2266 980 2293 Ῑ)
996 2270 1048 2302 σἰν,
1063 2269 1123 2296 οὐδὲ
1138 2269 1254 2306 ὲκτρίψῃ
1270 2269 1324 2305 (l5)
1347 2269 1381 2295 τὰ
1403 2268 1474 2304 μῆλα
1485 2268 1534 2303 τῆς
1550 2266 1635 2302 assa),-
1653 2273 1710 2296 σου,
1723 2262 1784 2289 οὐδὲ

159 2317 196 2353 μὴ
211 2317 294 2353 βάλῃς
311 2317 388 2350 πόαν,
405 2317 465 2343 οὐδὲ
484 2316 584 2352 νίτρον,
605 2315 665 2343 οὐδὲ
686 2315 720 2342 τὰ
736 2316 816 2351 ὃμοια
835 2315 958 2348 τούτοις·
984 2319 1013 2344 αἱ
1031 2318 1162 2353 κοσμικαὶ
1177 2318 1231 2353 γὰρ
1248 2318 1332 2344 ταῦτα
1353 2318 1473 2344 ποιοῦσιν
1485 2325 1492 2332 ·
1507 2316 1563 2343 ἀλλ’
1583 2315 1612 2341 ὲν
1632 2314 1708 2340 ὕδατι
1734 2319 1785 2338 κα-

1030 2417 1074 2444 12.
1093 2416 1150 2444 Οὐκ
1167 2416 1296 2452 ὲπιχρίσῃ
1311 2416 1341 2443 τὸ
1364 2416 1444 2451 σῶμά
1461 2424 1508 2441 σου
1529 2414 1606 2450 μύρῳ
1629 2413 1780 2444 πολυτελεῖ,

995 2463 1056 2490 οὐδὲ
1072 2463 1212 2494 ἐπιϐαλεῖς
1230 2462 1277 2489 ἐπὶ
1298 2463 1331 2489 τὰ
1356 2462 1453 2497 ἱμάτιά
1476 2470 1522 2487 σου
1538 2460 1672 2496 ἀρώματα
1698 2457 1782 2485 πολύ-

995 2516 1071 2542 τιμα.
1095 2508 1158 2534 Ἐὰν
1171 2507 1198 2534 δὲ
1221 2507 1251 2533 τὸ
1268 2507 1347 2542 σῶμά
1375 2515 1421 2533 σου
1444 2506 1634 2540 ἀσθενέστερον
1657 2503 1780 2539 γένηται,

995 2554 1095 2589 χρῆσαι
1112 2554 1176 2588 οἴνῳ
1190 2553 1273 2588 ὀλίγῳ
1284 2553 1328 2579 διὰ
1345 2553 1391 2579 τὸν
1405 2552 1549 2587 στόμαχον.
1572 2550 1635 2577 Ἐὰν
1652 2550 1690 2581 δὲ,
1710 2549 1724 2575 ὃ
1743 2548 1782 2585 μὴ

995 2599 1112 2633 γένοιτοί
1126 2599 1166 2631 εἱς
1180 2599 1300 2626 κάκωσιν
1312 2599 1450 2635 ὲμπέσῃς,
1461 2597 1575 2630 σεαυτῆς
1588 2595 1729 2632 ὲπιμέλου,
1743 2593 1781 2630 μὴ

996 2760 1098 2788 χρωας.

1032 2788 1088 2822 (14)
1101 2786 1268 2820 Basiliensis,
1280 2786 1333 2822 καὶ
1347 2786 1410 2817 ναὸς
1422 2785 1469 2812 τοῦ
1483 2784 1562 2822 θεῷ.

1032 2819 1087 2861 (ιδ)
1101 2822 1139 2850 lla
1154 2823 1260 2858 Anglic.
1279 2821 1348 2848 Editi
1361 2829 1434 2853 vero,
1449 2821 1507 2848 οὐδὲ
1524 2819 1561 2857 μὴ
1573 2819 1650 2856 ὲκτρ.
