1915 3057
230 182 282 210 267

812 179 839 206 S.
861 177 1090 207 ATllANASIUS.
1111 196 1146 200 —
1164 180 1277 207 DUBIA.

1779 182 1826 208 9⁸ἶὸ

230 242 319 271 Deus,
349 249 360 265 ο
384 246 475 274 ιπίιιιει
503 245 534 264 ac
565 242 705 273 surgentes
726 245 741 264 a
761 245 853 265 mensa
880 238 1003 266 dicimus.

1061 240 1089 264 ἐν
1102 239 1129 265 δὲ
1145 240 1185 274 τῷ
1203 239 1289 266 Θείναι
1307 239 1398 266 τοῦτον
1418 241 1446 266 ἐν
1459 241 1491 275 τῇ
1503 239 1634 276 τραπέζῃ,
1651 241 1698 266 καὶ
1713 241 1827 276 καθεσοῆ-

227 287 304 319 Quod
326 287 348 313 si
369 285 457 312 adsint
474 289 562 312 tecum
587 285 647 312 dua:
663 285 704 312 vel
719 284 773 319 90
792 287 848 312 tres
865 285 984 320 virgines
999 305 1007 317 ,

226 332 328 367 gratias
355 335 434 366 agant
454 339 535 365 super
552 338 662 366 panem,
682 335 709 358 CI.
723 339 777 357 una
804 335 893 358 tecum
918 336 1005 358 orent.

226 378 303 412 Quod
319 378 342 405 si
363 378 434 405 adsit
448 378 640 405 catechumena
655 377 682 403 in
701 384 805 408 mensa,
823 385 856 404 ne
872 381 930 405 oret
945 385 1015 408 cum

227 423 362 454 ﬁdelibus,
380 430 467 457 neque
483 430 543 448 cum
561 422 606 449 illa
629 422 724 449 sedeas
741 428 770 449 ut
794 430 889 457 panem
917 430 1008 450 come-

226 469 285 496 das.
301 468 393 503 Neque
414 467 520 495 scdcbis
536 468 599 495 item
615 472 643 494 ut
669 468 796 495 comedas
812 469 902 495 cibum
930 473 1006 494 tuum

226 523 287 543 cum
303 514 461 542 mulieribus
475 514 716 548 negligentioribus
730 518 756 541 et
775 514 869 541 facetis
879 534 886 546 ,
904 514 1006 549 absque

225 562 397 589 necessitate.
413 560 454 587 Tu
469 561 540 587 enim
556 564 649 586 sancta
669 568 699 587 es
715 559 828 587 Domino
844 560 897 587 Deo
911 566 968 592 tuo,
981 565 1007 587 et

224 608 302 634 cibus
315 611 378 634 tuus
393 610 473 641 atque
488 611 567 640 potus
585 606 771 632 sanctiﬁcatus
792 610 851 638 est;
868 613 928 632 nam
943 613 1006 632 ora-

224 653 345 680 tionibus
367 652 522 686 sanctisque
545 651 634 678 verbis
659 651 854 678 sanctiﬁcatur.
882 651 1006 686 Virgines

225 698 275 732 piae
290 701 316 724 et
335 697 467 731 religiosae
491 701 579 723 tecum
612 696 764 723 comedam.
795 696 852 722 Non
884 697 1006 723 ctenabis

225 750 286 768 cum
300 741 405 768 feminis
418 741 541 776 superbis
551 761 558 772 ,
582 749 667 776 neque
685 741 795 768 habebis
810 742 947 768 mulierem
963 750 1006 768 ar-

224 790 364 822 rogantem
391 787 438 813 tibi
468 786 638 814 familiarem.
667 786 711 813 Ait
727 787 798 813 enim
813 787 903 813 divina
933 786 1007 814 Scri-

226 836 303 866 ptura
317 841 323 858 :
342 841 351 857 ι
367 832 418 864 Qui
434 832 516 867 tangit
531 833 616 866 picem
630 831 861 866 inquinabitur,et
872 832 918 866 qui
931 840 1006 859 com—

224 878 344 904 municat
360 885 420 904 cum
438 878 565 912 superbo.
589 877 687 905 similis
703 878 755 904 erit
771 878 794 904 ei
811 878 843 904 ε’.
861 888 869 903 ι
889 877 1005 905 Sedcnte

223 927 314 950 tecunt
328 923 355 950 in
371 930 464 950 mensa
482 923 581 950 femina
596 923 689 955 divite,
705 922 728 950 si
743 923 843 950 videris
857 930 1003 958 pauperem
1020 933 1041 960 Β

224 969 380 1001 mulierem,
400 976 466 996 voca
484 977 542 996 eam
567 969 598 995 ad
612 969 720 1001 cibum,
747 977 833 1003 neque
853 969 955 1004 pudore
970 968 1004 995 ob

224 1019 384 1050 przesentem
402 1015 511 1042 divitem
533 1015 686 1042 retinearis.
709 1015 746 1043 Ne
764 1023 838 1042 ames
864 1015 1004 1042 hominum

225 1061 348 1095 gloriam,
362 1060 423 1095 plus
439 1068 518 1094 quam
538 1059 650 1095 gloriam
664 1059 721 1088 Dei.
737 1059 806 1088 Deus
821 1060 892 1086 enim
905 1068 1003 1095 egeno-

224 1114 284 1134 rum
299 1109 325 1133 οι
340 1105 530 1140 despectorum
547 1104 616 1132 Deus
626 1110 677 1132 est.

1059 294 1101 311 ναι
1118 285 1217 320 βούλει.
1243 285 1284 316 τὸ,
1311 295 1319 311 ι
1336 286 1426 321 Πάτερ
1448 286 1535 320 ἡμῶν,
1551 295 1559 310 ι
1591 285 1652 320 λέγε
1677 285 1825 322 ὁλόκληρον

1057 331 1106 366 τὴν
1130 330 1157 356 δὲ
1179 331 1425 366 προγεγραμμένην
1448 331 1540 366 εὐχὴν,
1563 332 1604 363 τὸ,
1633 341 1642 356 ι
1663 331 1829 367 Εὐλογητὸςο

1058 376 1132 407 Θεὺς,
1158 386 1166 401 ι
1183 376 1377 411 ἀριστήσαντες
1395 376 1440 402 καὶ
1460 376 1628 411 ἐγειρόμενοι
1645 377 1677 403 ὲκ
1701 377 1747 412 τῆς
1769 386 1830 413 τρα-

1058 421 1142 455 πέζης
1164 421 1287 456 λέγομεν.
1319 422 1380 447 Ἐὰν
1398 421 1426 447 δὲ
1448 421 1613 456 συμπαρῶσι
1634 423 1703 457 μετὰ
1726 422 1768 448 σοῦ
1785 422 1828 449 δύο

1059 467 1186 502 παρθένοι
1208 467 1223 502 ἢ
1241 469 1324 502 τρεῖς,
1347 467 1590 502 εὐχαριστείτωσαν
1608 468 1653 493 ἐπὶ
1669 468 1714 494 τὺν
1729 469 1829 503 προκεί-

1059 521 1137 548 μενον
1155 512 1245 547 ἄρτον,
1269 512 1315 538 καὶ
1338 511 1570 547 συνευχέσθωσαν.
1605 511 1667 537 Ἐὰν
1690 512 1718 538 δὲ
1739 512 1827 547 εὑρεθῇ

1057 558 1245 593 κατηχουμένη
1267 558 1295 584 ὲν
1316 559 1348 592 τῇ
1371 557 1503 593 τραπέζῃ,
1527 557 1562 592 μὴ
1580 557 1746 592 συνευχέσθω
1767 557 1830 592 μετὰ

1056 605 1109 631 τῶν
1126 605 1238 636 πιστῶν,
1252 604 1309 630 οὐδὲ
1326 604 1362 639 μὴ
1384 603 1496 638 καθίσῃς
1523 603 1578 637 (Ξῖί)
1601 604 1696 637 φαγεῖν
1718 602 1760 629 τὸν
1777 603 1832 637 ψω-

1058 650 1107 685 μόν
1125 658 1170 676 σου
1188 650 1245 684 μετ’
1263 650 1356 683 αὐτῆς,
1369 649 1428 675 οὐδὲ
1444 648 1523 675 πάλιν
1541 647 1663 679 καθίσεις
1680 649 1770 682 φαγεῖν
1786 648 1830 674 τὸν

1056 696 1149 731 ψωμόν
1175 705 1220 722 σου
1249 696 1315 731 μετὰ
1338 695 1476 730 γυναικῶν
1503 695 1692 730 ἀμελεστέρων
1720 695 1763 721 καὶ
1785 703 1830 729 γε-

1056 741 1214 776 λοιαστριῶν
1227 741 1289 768 ἄνευ
1306 741 1427 775 ἀνάγκης
1439 749 1444 755 ·
1465 741 1497 767 σὺ
1511 740 1564 775 γὰρ
1578 740 1641 773 ἁγία
1653 737 1678 765 εἷ
1691 740 1780 775 Κυρίῳ
1793 739 1831 774 τῷ

1056 786 1115 822 Θεῷ
1127 795 1182 818 σου,
1200 788 1247 813 καὶ
1262 787 1293 813 τὸ
1308 786 1405 822 βρῶμά
1419 795 1466 813 σου
1487 787 1533 812 καὶ
1548 786 1577 812 τὸ
1593 786 1666 820 πόμα
1691 794 1735 812 σου
1756 787 1831 820 ἡγια-

1057 832 1153 867 σμένον
1167 833 1239 858 ἐστί·
1265 832 1310 858 διὰ
1323 833 1377 867 γάρ
1391 841 1444 858 των
1461 831 1617 866 προσευχῶν
1627 832 1673 857 καὶ
1687 831 1740 857 τῶν
1752 831 1831 866 ἁγίων

1057 879 1185 913 ῥημάτων
1203 878 1343 912 ἁγιάζεται
1360 878 1425 913 (‘26).
1441 877 1705 913 Παρθένοιεὺλαϐεῖς
1719 878 1764 903 καὶ
1774 877 1832 903 0:0-

1056 924 1144 954 σεϐεῖς
1164 924 1359 959 συμφάγωνταί
1386 933 1426 950 σοι
1445 933 1452 939 ·

1057 969 1193 1003 γυναικῶν
1214 971 1407 1006 ὑπερηφάνων,
1425 969 1478 996 οὐδ’
1494 970 1523 995 οὐ
1541 970 1578 1004 μὴ
1594 970 1681 1005 κτήσῃ
1697 968 1772 1004 φίλην
1785 978 1834 1003 γυ-

1055 1016 1134 1041 ναῖκα
1149 1015 1274 1047 ἀλαζόνα.
1288 1016 1430 1051 Λέγειγὰρ
1444 1017 1460 1051 ἡ
1475 1015 1534 1042 θεία
1548 1015 1642 1051 Γραφή
1657 1025 1663 1030 “
1682 1025 1690 1040 ι
1711 1015 1740 1042 '0
1754 1016 1834 1042 ἁπτό-

1057 1069 1135 1095 μενος
1159 1061 1260 1096 πίσσης
1281 1060 1486 1096 μολυνθήσεται,
1503 1060 1550 1086 καὶ
1572 1061 1585 1086 ὁ
1609 1059 1743 1086 κοινωνῶν
1756 1060 1836 1095 ὑπερ-

1055 1107 1149 1142 ηφάνῳ
1165 1106 1361 1141 ὁμοιωθήσεται
1377 1106 1461 1141 αὐτῷ.
1477 1116 1486 1131 ι
1502 1103 1692 1140 Καθεζομένης
1708 1104 1835 1135 πλουσίας

1489 925 1519 950 οὑ
1546 924 1747 958 συνδειπνήσεις
1765 923 1833 958 μετὰ

226 1152 295 1187 μετὰ
312 1151 358 1177 σοῦ
381 1151 427 1177 ἐπὶ
449 1151 497 1186 τῆς
513 1151 660 1186 τραπέζης,
687 1151 732 1177 ἐὰν
767 1151 823 1187 ἴδῃς
855 1153 969 1185 γυναῖκα
991 1152 1131 1187 πενιχρὰν,
1164 1152 1289 1184 καλέσεις
1313 1153 1395 1187 αὐτὴν
1412 1153 1451 1184 εἰς
1467 1152 1496 1178 τὸ
1518 1153 1624 1186 φαγεῖν,
1646 1152 1693 1178 καὶ
1710 1152 1758 1178 οὐκ
1793 1153 1836 1178 αἱ-

227 1200 363 1235 σχυνοήσῃ
377 1200 417 1230 εἰς
439 1199 487 1234 τὴν
514 1199 652 1225 πλουσίαν.
678 1199 721 1234 Μὴ
743 1200 889 1236 ἁγαπήσῃς
913 1200 961 1234 τὴν
979 1201 1057 1234 δόξαν
1081 1201 1134 1228 τῶν
1158 1201 1307 1236 ἀνθρώπων
1332 1201 1400 1237 ὑπὲρ
1423 1201 1472 1236 τὴν
1489 1200 1566 1234 δόξαν
1595 1200 1650 1236 (27)
1676 1200 1722 1226 τοῦ
1755 1200 1833 1227 Θεοῦ·

225 1247 239 1272 ὁ
263 1245 317 1281 γὰρ
327 1245 402 1280 λΘεὸς
426 1245 479 1271 τῶν
508 1245 622 1280 πτωχῶν
645 1246 692 1271 καὶ
714 1246 768 1271 τῶν
792 1246 1008 1281 ὲξουδενωμένων
1028 1247 1094 1274 ἐστί.

261 1304 305 1331 14.
324 1303 403 1330 Beata
422 1303 510 1329 anima
529 1311 588 1338 quae
614 1304 665 1330 ista
690 1305 814 1331 scrvarit.
831 1303 889 1332 Non
904 1310 944 1332 cst
958 1305 1007 1332 bo-

225 1359 289 1378 num
304 1350 476 1385 juvenculam
502 1357 563 1376 cum
578 1349 723 1384 juvencula
742 1350 844 1377 versari
860 1360 866 1376 :
884 1351 1006 1385 alioquin

225 1397 291 1424 nihil
305 1396 367 1423 boni
383 1395 495 1427 faciunt,
512 1395 595 1422 altera
617 1395 690 1422 enim
714 1396 790 1422 alteri
806 1403 859 1422 non
879 1396 1006 1431 obsequi-

224 1447 278 1475 tur,
290 1442 373 1469 altera
388 1441 501 1468 alteram
521 1441 679 1468 contemnit.
698 1440 749 1467 Sed
767 1441 868 1468 bonum
895 1446 937 1468 cst
961 1442 1006 1476 ju-

223 1488 365 1515 veneulam
378 1488 491 1514 subesse
506 1487 580 1514 anui.
610 1485 749 1521 Siquidem
767 1495 835 1514 anus
859 1495 912 1514 non
938 1495 1003 1515 con-

224 1535 306 1562 sentit
330 1533 460 1560 voluntati
480 1532 641 1567 juvcnculae.
661 1531 706 1559 Va:
728 1533 841 1566 virgini,
866 1540 926 1567 qua:
949 1541 1004 1560 non

223 1581 317 1608 subest
329 1579 444 1614 regulze:
462 1583 503 1606 est
516 1579 587 1606 enim
600 1579 677 1613 quasi
694 1580 818 1606 navicula
837 1579 896 1606 sine
906 1579 1004 1614 guber-
1018 1566 1038 1595 Ο

224 1631 327 1653 natore.
342 1624 495 1652 Confract‘s
512 1625 611 1659 quippe
623 1625 826 1659 gubernaculis.
841 1633 892 1652 nec
908 1625 1004 1652 ducem

225 1671 337 1702 habens,
355 1671 426 1698 ultro
443 1671 565 1705 citroque
577 1671 695 1704 iactatur
709 1678 723 1696 a
745 1670 890 1702 ﬂuctibus,
918 1671 1005 1699 donec

225 1717 252 1743 in
279 1723 380 1751 petram
409 1715 568 1748 oﬂendens,
593 1716 739 1750 derepente
766 1720 869 1751 pereat.
897 1716 934 1743 ita
964 1720 1005 1744 est

224 1763 314 1789 omnis
328 1762 402 1796 virgo
422 1769 481 1796 qua:
496 1769 549 1788 non
574 1761 654 1787 habet
674 1769 753 1795 quem
776 1766 908 1788 vereatur.
923 1761 1004 1789 Beata

224 1808 300 1842 virgo
313 1815 372 1841 quae
387 1812 428 1834 est
444 1807 494 1833 sub
516 1807 607 1841 regula
623 1816 628 1832 :
646 1807 696 1833 erit
712 1814 828 1841 namque
842 1807 918 1841 quasi
942 1807 1004 1835 vitis

224 1854 251 1880 in
268 1853 394 1888 paradiso
414 1852 570 1884 fructifera,
597 1851 630 1878 ad
645 1859 725 1886 quam
751 1853 861 1880 veniens
885 1853 1004 1887 agricola

221 1904 301 1934 putat
326 1900 449 1934 palmites
465 1899 534 1932 ejus,
551 1905 609 1924 eam
629 1898 730 1932 irrigat,
749 1898 887 1933 malasque
900 1899 1003 1925 circum

224 1945 322 1973 herbas
336 1945 436 1972 evellit.
449 1945 496 1970 Illa
508 1951 572 1970 vero
590 1944 652 1970 dum
672 1945 752 1971 habet
766 1944 812 1979 qui
825 1951 854 1972 se
877 1945 1002 1978 excolat,

223 1990 343 2018 fructum
353 1998 430 2017 suum
440 1989 588 2024 pretiosum
604 1989 692 2016 reddit
704 1990 731 2016 in
741 1993 861 2024 tempore
873 1994 1003 2024 opportu-

223 2044 269 2063 no.
279 2035 340 2063 llzec
349 2035 465 2068 custodi,
474 2039 501 2062 et
509 2035 717 2070 gloriiix-ationes
726 2035 785 2061 illas
794 2035 820 2061 in
837 2042 928 2062 mensa
947 2042 1004 2062 ser-

223 2085 296 2114 vato,
306 2081 409 2116 eritque
418 2081 494 2108 cibus
502 2086 635 2115 potusque
649 2086 711 2108 tuus
725 2080 918 2108 sanctiﬁcatus.
935 2080 1004 2107 Cum

223 2127 314 2163 itaque
331 2135 346 2154 a
361 2135 452 2154 mensa
471 2127 632 2158 surrexeris,
649 2135 756 2154 rursum
771 2127 873 2162 gratias
887 2127 1002 2162 agendo,

222 2178 265 2201 ter
272 2174 370 2201 dicito:
385 2183 394 2198 ‹
407 2173 560 2201 Misericors
571 2177 598 2200 et
608 2173 751 2200 miserator
761 2173 899 2205 Dominus,
913 2180 1002 2200 eseam

179 2239 186 2245 .
222 2217 296 2244 dedit
311 2218 466 2244 timentibus
479 2225 509 2244 se
526 2218 557 2244 δ’.
575 2217 666 2245 Gloria
681 2217 753 2244 Patri
774 2222 799 2245 et
819 2217 887 2245 Filio
902 2222 927 2244 et
939 2218 1001 2253 Spi-
1019 2236 1040 2263 Β

223 2263 287 2290 ritui
305 2267 411 2290 sancto.
432 2262 463 2289 Et.
479 2271 552 2290 nunc
568 2267 595 2290 et
611 2271 717 2298 semper
730 2267 756 2290 et
772 2263 798 2290 in
819 2263 926 2290 saecula.
943 2273 952 2288 ι
969 2263 1002 2290 Et

222 2313 283 2344 post
299 2309 411 2344 gloriam
424 2309 478 2336 Deo
493 2309 594 2342 datam,
607 2309 756 2336 orationem
774 2309 816 2336 his
829 2309 933 2344 comple
944 2317 1004 2336 ver-

221 2356 282 2383 bis:
301 2356 370 2383 Deus
393 2356 582 2390 omnipotens,
603 2360 629 2382 et
650 2354 781 2382 Dominus
808 2359 901 2382 noster
923 2356 1002 2383 Jesus

220 2400 355 2432 Christus,
371 2400 442 2434 quod
458 2403 499 2427 est
514 2407 612 2427 nomen
627 2407 710 2434 super
720 2407 801 2426 omne
815 2407 923 2431 nomen,
940 2407 1004 2434 gra-

214 2447 272 2474 tias
287 2447 391 2481 agimus
407 2447 453 2473 tibi
466 2451 492 2474 et
512 2446 653 2473 laudamus
667 2451 710 2477 te,
733 2447 796 2481 quia
820 2447 946 2481 dignatus
970 2455 1000 2475 cs

219 2499 270 2519 nos
289 2493 421 2519 bonorum
443 2496 551 2519 tuorum
567 2492 710 2527 participes
725 2492 800 2523 ﬁeri,
827 2496 853 2519 et
873 2500 999 2519 escarum

216 2537 378 2565 carnalium.
393 2537 529 2572 Rogamus
542 2541 569 2565 et
585 2538 761 2565 obsecramus
779 2543 814 2569 te,
830 2537 952 2569 Domine,
969 2543 998 2564 ut

253 2628 274 2643 °‘
297 2628 379 2655 Eccli.
401 2636 469 2659 xm,
488 2629 512 2655 l.
551 2629 573 2643 θ’
587 2627 658 2654 Psal.
673 2635 724 2659 cx,
743 2627 771 2655 4.

253 2706 307 2742 (9.5)
333 2706 512 2739 Anglicanus,
529 2704 658 2742 καθίσῃς.⁵
673 2704 743 2742 Editi
768 2713 842 2735 vero,
861 2703 994 2742 famast;

218 2738 328 2769 ibidem.
342 2738 515 2776 Anglicanus,
527 2738 622 2776 φαγεῖν
636 2739 681 2765 τὸν
694 2740 843 2776 άρτοννσου,
861 2738 928 2765 Ibid.
939 2739 995 2765 haec

219 2778 277 2812 μετ’
288 2774 403 2812 αὑῗτῆςκῖ.
417 2775 511 2812 ψωμόν
522 2775 691 2812 eouLdesunt
704 2775 731 2812 i_n
744 2774 818 2812 Eelc,
828 2775 855 2801 2.

253 2811 307 2846 (‘26)
319 2808 399 2841 Editi,
413 2808 540 2846 ῥημάτων
553 2809 605 2835 τῶν
617 2809 668 2835 ὑπὸ
677 2809 723 2835 σοῦ
738 2809 873 2845 ᾀδομένων
885 2817 891 2842 ;
905 2808 995 2844 sequi-

218 2844 278 2874 mur
292 2845 373 2871 Basil.
391 2849 417 2872 et
434 2844 539 2878 Anglic.

251 2881 306 2916 (‘27)
322 2879 392 2907 Felc.
407 2880 433 2911 ‘2,
449 2879 517 2913 ὑπὲρ
533 2879 579 2913 τῆς
593 2878 679 2913 δόξης.

1091 1306 1134 1332 14.
1155 1306 1285 1342 Μακαρία
1297 1305 1369 1341 ψυχὴ
1383 1307 1399 1340 ἡ
1411 1305 1583 1340 φυλάσσουσα
1593 1304 1688 1331 ταῦτα.
1702 1305 1758 1331 Οὐκ
1767 1305 1836 1339 ἀγα-

1057 1352 1101 1378 θὸν
1123 1352 1258 1387 νεωτέραν
1285 1351 1551 1387 συναναστρέφεσθαι
1580 1351 1649 1386 μετὰ
1667 1351 1723 1386 (‘28)
1742 1351 1837 1378 νεωτέ-

1058 1403 1106 1430 ρας
1119 1403 1125 1410 ·
1145 1396 1168 1421 εἰ
1185 1395 1213 1421 δὲ
1229 1396 1265 1430 μή
1283 1404 1324 1429 γε,
1338 1396 1413 1422 οὐδὲν
1433 1396 1515 1422 καλὸν
1531 1396 1679 1431 πράττουσι
1691 1404 1698 1410 ·
1720 1395 1768 1430 μία
1780 1395 1836 1431 γὰρ

1055 1441 1104 1475 τῆς
1118 1441 1181 1475 μιᾶς
1197 1441 1347 1476 παρακούει
1357 1461 1364 1472 ,
1385 1442 1431 1467 καὶ
1451 1441 1499 1476 μία
1512 1441 1561 1476 τῆς
1578 1442 1642 1476 μιᾶς
1657 1443 1835 1477 καταφρονεῖ.

1061 1486 1142 1513 ’Δλλὰ
1160 1487 1293 1524 νεωτέραν
1311 1487 1362 1514 ὑπὸ
1378 1486 1543 1522 πρεσϐύτιδα
1567 1485 1637 1514 εἶναι
1664 1487 1774 1519 ἀγαθόν.
1802 1487 1837 1513 Ἦ

1056 1533 1110 1568 γὰρ
1124 1533 1270 1568 πρεσϐύτις
1283 1533 1314 1559 οὑ
1330 1533 1538 1567 συγκαταϐαίνει
1563 1534 1618 1564 τοῖς
1637 1532 1769 1567 θελήμασι
1785 1532 1838 1567 τῆς

1055 1578 1198 1614 νεωτέρας.
1223 1579 1291 1605 Οὐαὶ
1318 1579 1442 1615 παρθένῳ
1457 1580 1489 1614 τῇ
1506 1578 1542 1614 μὴ
1562 1577 1629 1614 οὔσῃ
1649 1578 1702 1604 ὑπὸ
1717 1578 1836 1605 κανόνα·

1055 1625 1112 1651 ἐστι
1136 1626 1191 1660 γὰρ
1207 1626 1244 1657 ὡς
1259 1626 1348 1652 πλοῖον
1363 1626 1408 1652 τὸν
1427 1624 1602 1660 κυϐερνῶντα
1631 1624 1668 1660 μὴ
1692 1624 1764 1660 ἔχον.
1781 1625 1837 1650 Κεμ

1055 1671 1212 1706 κλασμένων
1235 1671 1289 1707 γὰρ
1311 1672 1364 1698 τῶν
1378 1672 1509 1706 αὐχένων,
1527 1671 1563 1706 μὴ
1583 1670 1644 1705 ἕχον
1663 1670 1708 1697 τὸν
1726 1670 1838 1705 ὁδηγὸν,

1057 1716 1179 1751 ρίπτεται
1195 1716 1246 1742 ὑπὸ
1261 1715 1315 1742 τῶν
1335 1716 1466 1751 κυμάτων
1490 1716 1552 1752 τῇδε
1569 1716 1678 1742 κάκεῖσε
1695 1715 1762 1750 (29),
1783 1715 1839 1747 ἕως

1055 1762 1233 1798 προσκρούσει
1252 1763 1318 1798 πρὸς
1331 1763 1444 1798 πέτραν,
1459 1763 1504 1789 καὶ
1519 1762 1599 1793 εὐθὺς
1616 1762 1773 1788 ἀπόλλυται.
1788 1761 1842 1788 Οὖ-

1054 1817 1108 1839 τως
1123 1809 1180 1834 ἐστὶ
1197 1810 1269 1834 πᾶσα
1282 1808 1413 1844 παρθένος
1430 1808 1467 1844 μὴ
1480 1808 1578 1842 ἔχουσα
1588 1808 1616 1834 ὂν
1632 1807 1764 1842 φοϐεῖται.
1777 1808 1841 1834 Μα-

1054 1853 1136 1889 καρία
1151 1854 1313 1889 παρθένοςὴ
1330 1851 1397 1880 οὖσα
1418 1854 1469 1880 ὑπὸ
1489 1854 1605 1880 κανόνα’
1629 1853 1704 1879 ἔσται
1727 1853 1784 1888 γὰρ
1799 1853 1842 1885 ὡς

1055 1897 1176 1932 ἄμπελος
1202 1899 1229 1924 ὲν
1251 1898 1405 1933 παραδείσῳ
1430 1898 1601 1934 καρποφόρος
1616 1907 1622 1913 ·
1646 1898 1693 1924 καὶ
1716 1897 1806 1924 ἐλθὼν
1826 1899 1843 1925 ὁ

1054 1943 1175 1979 γεωργὸς
1190 1944 1284 1979 αὐτῆς,
1302 1943 1472 1980 διακαθαίρει
1485 1944 1518 1971 τὰ
1531 1945 1657 1979 κλήματα
1680 1944 1766 1978 αὐτῆς
1790 1944 1843 1970 καὶ

1054 1989 1167 2022 ποτίζει,
1186 1991 1233 2017 καὶ
1248 1991 1333 2022 κνίζει
1353 1990 1401 2021 τὰς
1423 1991 1530 2026 σαπρὰς
1547 1990 1660 2025 βοτάνας
1675 1990 1724 2021 τὰς
1742 1989 1844 2024 κύκλῳ

1054 2036 1150 2070 αὐτῆς.
1178 2036 1282 2071 Ἐκείνη
1300 2036 1338 2069 δὲ,
1356 2036 1453 2071 ἔχουσα
1467 2036 1512 2062 τὸν
1532 2035 1673 2067 πονοῦντα,
1690 2035 1844 2062 ἀποδίδωσι

1053 2082 1142 2118 τίμιον
1158 2083 1203 2108 τὸν
1217 2083 1322 2118 καρπὸν
1339 2083 1422 2118 αὐτῆς
1438 2084 1467 2108 ὲν
1481 2082 1569 2117 καιρῷ
1585 2081 1696 2116 εὐθέτῳ.
1712 2081 1844 2107 Φύλασςε

1054 2127 1092 2159 δὲ,
1107 2129 1152 2154 καὶ
1163 2128 1234 2154 ποίει
1251 2129 1297 2155 καὶ
1312 2128 1361 2160 τὰς
1371 2128 1523 2162 δοξολογίας
1540 2127 1589 2159 τὰς
1605 2128 1650 2154 ἐπὶ
1667 2128 1716 2162 τῆς
1728 2127 1844 2162 τραπέ-

1055 2173 1114 2208 ζης,
1138 2174 1183 2200 καὶ
1208 2174 1283 2200 ἔσται
1315 2182 1355 2200 σοι
1370 2174 1399 2200 τὺ
1420 2173 1515 2209 βρῶμα
1540 2174 1587 2200 καὶ
1610 2173 1643 2200 τὸ
1659 2174 1734 2208 πόμα
1757 2174 1846 2207 ἡγια-

1055 2219 1161 2253 σμένον.
1179 2219 1262 2246 Ὅταν
1274 2217 1319 2246 οὖν
1339 2220 1457 2255 ἀναστῇς
1477 2220 1531 2246 ἀπὸ
1546 2219 1595 2254 τῆς
1608 2218 1747 2254 τραπέζης
1768 2218 1844 2254 (50),

1053 2265 1134 2291 πάλιν
1148 2265 1344 2300 εὐχαριστοῦσα
1361 2265 1422 2299 λέγε
1440 2265 1486 2297 ευ
1500 2265 1575 2300 τρίς’
1598 2274 1607 2290 ‹
1633 2264 1775 2298 Ἐλεήμων
1793 2264 1847 2290 καὶ

1052 2310 1199 2346 οἰκτίρμων
1212 2312 1226 2337 ὁ
1238 2310 1348 2346 Κύριος,
1365 2311 1466 2346 τροφὴν
1482 2310 1565 2337 ἔδωκε
1583 2311 1639 2341 τοῖς
1655 2309 1847 2344 φοϐουμένοις

1052 2355 1141 2382 αὐτόν.
1155 2355 1224 2387 Δόξα
1236 2356 1333 2391 Πατρὶ,
1345 2356 1392 2382 καὶ
1405 2356 1471 2390 Υίῷ,
1481 2356 1528 2382 καὶ
1539 2354 1607 2390 ἁγίῳ
1615 2354 1755 2388 Πνεύματι
1766 2361 1773 2367 ·
1793 2354 1848 2380 καὶ

1051 2400 1097 2428 νῦν
1112 2401 1158 2427 καὶ
1171 2401 1214 2427 ἀεὶ
1227 2402 1272 2427 καὶ
1285 2402 1324 2432 εἰς
1337 2402 1399 2432 τοὺς
1415 2401 1513 2432 αἰῶνας
1527 2400 1594 2435 (51).
1609 2409 1618 2425 ι
1635 2399 1690 2425 Καὶ
1703 2398 1776 2434 μετὰ
1790 2399 1848 2434 τὴν

1050 2447 1202 2481 ὃοξολογίαν
1227 2448 1306 2474 πάλιν
1336 2447 1385 2483 τὴν
1416 2447 1496 2482 εὐχὴν
1522 2447 1683 2483 πλήρωσον,
1716 2446 1849 2480 λέγουσα

1051 2493 1150 2524 οὕτως·
1175 2493 1204 2520 '0
1222 2493 1286 2525 Θεὸς
1308 2495 1322 2520 ὁ
1337 2494 1542 2530 παντοκράτωρ,
1565 2493 1611 2519 καὶ
1630 2492 1731 2527 Κύριος
1756 2492 1850 2527 ήμῶν

1059 2539 1159 2573 Ἰησοῦς
1170 2540 1296 2573 Χριστὸς,
1308 2540 1337 2566 τὸ
1351 2540 1436 2575 ὄνομα
1447 2541 1476 2566 τὸ
1493 2540 1562 2575 ὑπὲρ
1575 2540 1629 2565 πᾶν
1646 2538 1742 2573 ὕνομα,
1755 2538 1851 2573 εὐχα-

1083 2703 1137 2738 (28)
1153 2703 1238 2738 Μετὰ,
1250 2702 1325 2738 deest
1340 2702 1365 2729 in
1386 2702 1456 2729 Felc.
1470 2702 1498 2728 2.

1081 2735 1138 2780 (ειη
1155 2737 1228 2764 Felc.
1248 2737 1274 2768 Ξ,
1295 2735 1345 2764 ὦδε
1367 2739 1487 2764 κάκεῖσε.
1518 2736 1577 2764 Mox
1604 2737 1686 2769 idem,
1712 2738 1763 2764 καὶ
1786 2738 1853 2764 ἀπ-

1045 2773 1318 2843 ολῖἒὲῗᾏηειίοιιηυε
1328 2827 1334 2838 ,
1351 2809 1382 2834 ὲκ
1396 2807 1444 2842 τῆς
1464 2808 1614 2843 τραπέζης.

1081 2843 1136 2878 (5|)
1151 2842 1223 2874 ﬂare,
1243 2843 1291 2869 καὶ
1304 2842 1350 2869 νῦν
1364 2843 1410 2869 καὶ
1426 2843 1465 2874 εἰς
1479 2842 1541 2874 τοὺς
1559 2843 1668 2876 αἰῶνας,
1687 2842 1798 2870 desunt
1819 2843 1854 2870 in

1045 2878 1188 2905 Basiliensi
1204 2882 1230 2906 et
1250 2878 1408 2913 Anglicano.
