1915 3057
60 179 110 208 269

726 176 770 203 DE
788 175 1022 204 VlltGiN.TATE.

1625 177 1678 204 270

62 237 201 274 ριστοῦμεν
212 237 259 264 καὶ
269 236 396 272 αἱνοῦμέν
411 245 440 262 σε
455 235 520 271 (52),
535 236 575 262 ὅτι
588 235 758 271 κατηξίωσας
774 237 839 271 ἡμῖν

897 236 1015 264 :wlestcs
1026 235 1101 263 cibos
1114 234 1198 262 dones
1213 234 1302 262 nobis.
1321 234 1353 262 Et
1367 234 1401 262 da
1422 236 1503 263 nobis
1521 239 1638 264 tremere
1652 243 1679 265 et

61 283 218 319 μεταλαϐεῖν
230 283 284 310 τῶν
296 282 405 317 ἀγαθῶν
416 282 469 309 τῶν
481 282 533 309 σῶν
543 302 550 313 ,
565 282 619 308 τῶν
632 282 770 317 σαρκικῶν
782 292 840 318 τρο-

59 329 125 364 φῶν.
140 328 262 363 Δεόμεθα
275 329 322 354 καὶ
335 327 547 363 παρακαλοῦμεν
563 336 604 360 σε,
623 328 719 363 Κύριε,
739 328 782 355 ἵνα
794 329 840 355 καὶ

58 376 107 407 τὰς
120 374 296 410 ἐπουρανίους
309 374 412 409 τροφὰς
427 375 493 409 ἡμῖν
508 375 627 411 δωρήσῃ.
643 376 697 402 Καὶ
713 375 756 407 δὸς
776 376 840 410 ἡμῖν

57 421 168 456 τρέμειν
183 421 228 447 καὶ
247 419 386 454 φοϐεῖσθαι
401 420 430 446 τὸ
443 421 554 455 φρικτὸν
574 421 620 447 καὶ
631 420 738 456 ἔντιμον
755 420 839 455 ὄνομα

59 475 116 498 σου,
133 465 179 492 καὶ
202 465 239 501 μὴ
258 465 423 501 παρακούειν
438 465 492 492 τῶν
513 466 626 492 ἐντολῶν
646 475 709 492 σου·
732 466 776 492 τὸν
799 466 841 492 νό-

60 521 110 547 μον
126 520 182 544 σου,
198 512 246 538 καὶ
259 511 294 537 τὰ
315 511 487 546 δικαιώματά
510 520 556 538 σου
573 512 722 546 ἐγκατάοου
739 513 766 537 ἐν
781 513 840 543 ταῖς

59 558 182 593 καρδίαις
205 557 298 593 ἡμῶν·
317 558 429 592 ἁγίασον
450 558 478 584 δὲ
494 559 572 593 ἡμῶν
593 557 623 584 τὸ
651 557 768 593 πνεῦμα,
793 557 840 583 καὶ

893 281 988 308 timere
1010 280 1130 307 terribile
1146 283 1173 306 et
1192 280 1350 306 honorabile
1364 287 1463 307 nomen
1480 283 1567 314 tuum,
1584 285 1612 308 et
1625 289 1679 308 non

893 326 1044 361 transgredi
1060 325 1186 353 mandata
1201 329 1245 352 tua
1265 335 1270 351 :
1288 325 1371 360 legem
1395 329 1469 353 tuam
1493 330 1520 353 et
1546 326 1681 361 iustiﬁca-

893 373 982 400 tiones
997 377 1059 399 tuas
1073 372 1162 399 insere
1184 371 1313 398 cordibus
1340 371 1451 399 nostris.
1472 371 1618 399 Sanctiﬁca
1632 379 1680 398 au-

893 422 946 445 tem
959 418 1092 452 spiritum,
1107 417 1224 443 animam
1236 419 1262 444 et
1276 423 1374 451 corpus
1396 420 1530 448 nostrum,
1547 425 1594 452 per
1613 417 1681 444 dile-

893 469 966 490 ctum
982 462 1081 489 Filium
1105 466 1180 488 tuum
1194 461 1285 488 Jcsum
1308 461 1448 489 Christum
1470 461 1615 489 Dominum
1631 470 1682 489 no--

892 513 989 541 strum,
1005 517 1067 536 cum
1082 516 1136 543 quo
1151 511 1178 535 te
1193 507 1270 535 decet
1284 508 1370 542 gloria
1380 528 1387 540 ,
1410 509 1552 543 imperium
1562 529 1570 541 ,
1595 508 1682 536 honor

891 561 920 583 et
932 555 1056 582 adoratio
1068 555 1095 581 in
1111 554 1209 582 sacula
1225 555 1397 587 saeculorum,
1414 562 1503 583 amen.

58 604 106 639 τὴν
121 603 218 638 ψυχὴν,
238 604 285 630 καὶ
299 604 329 630 τὸ
345 604 434 639 σῶμα,
451 604 494 630 διὰ
521 604 567 630 τοῦ
590 604 768 639 ἠγαπημένον.)
790 603 887 634 Παιδὸς
908 611 954 629 σου
974 601 1061 637 Ἰησοῦ
1082 601 1200 637 Χριστοῦ
1224 601 1270 628 τοῦ
1288 601 1390 637 Κυρίου
1412 601 1499 637 ἡμῶν,
1522 603 1581 638 μεθ’
1594 599 1624 630 οὗ
1639 611 1681 630 σοι

59 651 158 686 πρέπει
174 651 229 686 (55)
243 651 317 684 δόξα,
329 652 438 686 κράτος,
454 651 520 687 τιμὴ
535 653 580 678 καὶ
594 652 776 687 προσκύνησις
790 653 830 684 εἰς
842 652 904 682 τοὺς
916 651 1017 681 αἰῶνας
1032 649 1086 676 τῶν
1101 649 1217 681 αἰώνων,
1236 650 1318 685 ἀμήν.

95 697 135 723 15.
158 697 218 723 Εἰσὶ
233 697 287 733 γὰρ
301 697 421 729 πλείονες
442 698 494 724 τῶν
510 698 660 733 κοτμικῶν,
685 699 784 730 οἵτινές
805 700 842 725 εἰ-

61 751 100 769 σιν
118 743 234 778 ἀνόητοι,
249 743 296 769 καὶ
311 743 348 774 ὡς
361 743 394 770 τὰ
413 743 497 778 ἄλογα
513 743 570 775 ζῶα
591 745 761 780 τρεφόμενοι.
787 745 844 771 Ἀν-

61 787 197 823 ιστάμενοι
214 787 287 822 πρωῒ
304 788 350 814 καὶ
370 788 513 824 ζητοῦντες
525 788 584 814 τίνα
607 788 842 824 πλεονεκτήσουσι,

58 834 118 860 τίνα
126 834 429 866 καταδυναστεύσουσιν,
439 834 481 861 ἵνα
493 835 667 870 ἐμπλήσωσιν
675 835 723 870 τὴν
730 834 844 870 αἰσχρὰν

59 879 147 906 αὐτῶν
158 880 287 915 γαστέρα.
304 878 382 906 Οὗτοι
399 880 449 906 οὐκ
470 881 555 906 οἴδασι
578 881 623 907 τὸν
641 881 705 907 Θεὸν
723 881 842 914 δοξάζειν

61 925 106 950 ἐπὶ
128 925 176 960 τῆς
194 925 342 961 τραπέζης.
369 926 429 952 Ἐπὶ
450 926 552 953 τούτων
568 925 644 953 εἶπεν
666 927 680 952 ὁ
701 926 842 958 Θεσπέσιος

59 970 179 1002 Παῦλος·
200 979 208 995 ι
229 967 308 997 Οὗτοί
330 972 398 998 εἰσιν
423 972 447 998 οἱ
470 972 562 1008 ἐχθροὶ
586 973 633 998 τοῦ
661 972 778 1007 σταυροῦ
795 972 842 998 τοῦ

59 1016 177 1050 Χριστοῦ
187 1024 193 1030 ·
208 1012 245 1042 ὧν
265 1017 296 1043 τὸ
311 1017 387 1048 τέλος
402 1017 535 1051 ἀπώλεια,
549 1016 586 1045 ὧν
602 1020 615 1044 ὁ
629 1018 693 1050 Θεὸς
710 1020 726 1054 ἡ
744 1018 842 1049 κοιλία,

56 1062 107 1089 καὶ
121 1063 137 1097 ἡ
153 1062 215 1095 δόξα
231 1064 259 1088 ἐν
275 1065 307 1098 τῇ
325 1064 439 1101 αἰσχύνῃ
454 1065 554 1097 αὐτῶν,
570 1066 594 1091 οἰ
607 1066 640 1092 τὰ
652 1065 758 1098 ἐπίγεια
778 1074 843 1100 φρο-

59 1107 177 1138 νοῦντες.
203 1107 297 1142 Ἦμῶν
312 1108 339 1134 δὲ
354 1108 384 1134 τὸ
397 1109 546 1145 πολίτευμα
566 1111 594 1136 ἐν
612 1111 735 1146 οὐρανοῖς
755 1111 843 1147 ὑπάρ-

59 1162 114 1188 χει.
135 1163 143 1178 ι
161 1151 239 1180 Οὗτοι
252 1154 373 1189 χείρονες
396 1156 442 1182 καὶ
464 1156 516 1183 τῶν
533 1156 633 1192 θηρίων
650 1157 696 1184 καὶ
710 1158 763 1184 τῶν
778 1167 843 1194 κτη-

60 1200 114 1226 νῶν
135 1201 203 1226 εἰσι·
221 1201 255 1226 τὰ
275 1201 330 1236 γὰρ
353 1202 439 1237 κτήνη
464 1203 510 1228 καὶ
535 1203 569 1229 τὰ
581 1203 661 1238 θηρία
689 1204 775 1231 οἴδασι
797 1205 842 1231 τὸν

60 1247 211 1282 ποιήσαντα
224 1248 322 1278 αὐτοὺς
337 1248 413 1279 Θεὸν,
430 1249 476 1275 καὶ
491 1249 646 1283 εὐλογοῦσιν
662 1251 743 1278 αὐτόν
756 1260 762 1266 ⁸
776 1252 800 1278 οί
815 1252 842 1279 δὲ

59 1292 209 1328 ἄνθρωποι,
225 1294 250 1319 οί
267 1293 320 1319 ἀπὸ
333 1293 386 1320 τῶν
397 1295 495 1329 χειρῶν
510 1295 592 1322 αὐτοῦ
609 1295 783 1330 πλασθέντες,
797 1299 843 1325 καὶ

59 1338 152 1364 εἰκόνα
170 1338 251 1365 αὐτοῦ
274 1338 429 1374 φοροῦντες,
453 1339 502 1365 οὐκ
524 1339 610 1366 οἴδασι
627 1341 671 1368 τὸν
694 1343 844 1377 ποιήσαντα

60 1384 175 1416 αὐτούς·
194 1384 251 1410 ἀλλ’
277 1384 452 1419 ὁμολογοῦσιν
469 1385 549 1412 αὐτὸν
565 1387 613 1420 μὲν
628 1387 656 1413 ἐν
677 1387 715 1422 τῷ
731 1387 843 1423 στόματι

60 1429 159 1462 αὐτῶν,
170 1431 225 1460 τοῖς
233 1430 261 1455 δὲ
272 1429 361 1465 ἔργοις
370 1429 511 1465 ἀρνοῦνται
520 1431 608 1458 αὐτόν·
622 1441 631 1457 ι
644 1433 679 1458 Σὺ
695 1433 842 1465 πιστεύεις,

59 1476 102 1502 ὅτι
118 1475 174 1502 ἔστι
196 1476 272 1508 Θεὸς,
296 1476 384 1507 καλῶς
413 1479 507 1508 ποιεῖς,
531 1477 578 1504 καὶ
595 1477 629 1504 τὰ
647 1478 771 1513 δαιμόνια
799 1487 844 1506 πι-

63 1521 198 1554 στεύουσι,
216 1523 262 1549 καὶ
277 1523 431 1558 φρίττουσιν
447 1532 454 1538 ·
470 1523 525 1550 ἀλλ’
540 1523 597 1559 (54)
612 1525 628 1559 ὴ
650 1524 740 1556 πίστις
760 1525 844 1560 χωρὶς

60 1567 116 1593 τῶν
130 1566 217 1602 ἔργων
238 1568 323 1603 νεκρά
341 1568 407 1594 ἐστι.
427 1578 436 1593 ι
459 1569 491 1594 Τί
509 1568 564 1605 γὰρ
581 1569 724 1603 ὠφελεῖται
739 1569 845 1605 ἄνθρω-

62 1613 274 1648 ποςὸμολογῶν,
303 1614 344 1639 ὅτι
370 1613 409 1639 ενι
435 1613 510 1646 Θεὸς,
537 1615 593 1646 τοῖς
610 1615 638 1641 δὲ
653 1615 744 1650 ἔργοις
763 1615 845 1642 αὐτοῦ

60 1660 118 1689 τοῖς
130 1661 257 1695 πονηροῖς
271 1660 391 1695 ἀρνεῖται
404 1661 484 1686 αὐτόν
496 1669 503 1692 ;
528 1661 591 1693 Πῶς
607 1661 733 1695 ὁμολογεῖ
751 1661 847 1688 δεσπό-

61 1712 112 1738 την
123 1703 204 1739 ἔχειν,
223 1704 260 1740 μὴ
275 1705 407 1732 δουλεύων
424 1705 515 1741 aia-rd);
529 1706 573 1733 διὰ
588 1707 666 1733 τοῦτο
682 1707 736 1743 γὰρ
754 1707 846 1734 ἀκούει

59 1750 109 1776 τοῦ
129 1750 231 1786 Κυρίου
253 1751 346 1778 αὐτοῦ.
360 1752 413 1778 Καὶ
426 1753 450 1778 οί
464 1752 551 1779 δοῦλοι
567 1753 652 1779 οἴδασι
670 1754 732 1785 τοὺς
746 1754 847 1789 ἀγορά.-

62 1805 163 1828 σαντας
175 1797 283 1830 αὐτοὺς,
299 1797 345 1824 καὶ
360 1798 475 1833 τιμῶσιν
487 1799 595 1831 αὐτοὺς,
613 1800 659 1826 καὶ
679 1801 759 1835 ἡμεῖς
775 1801 848 1835 ὀφεί-

62 1843 150 1878 λομεν
173 1844 255 1878 τιμᾷν
277 1844 368 1875 αὐτὸν,
390 1845 420 1870 οὐ
442 1844 513 1880 λόγῳ
539 1845 616 1880 μόνον
631 1846 698 1880 (55),
719 1846 786 1872 ἀλλὰ
800 1847 846 1873 καὶ

63 1890 147 1924 ἔργῳ.
163 1890 248 1921 Αὐτὸς
267 1890 321 1925 γὰρ
335 1893 348 1917 ὁ
361 1891 463 1926 Κύριος
473 1891 552 1927 ἡμῶν
576 1891 678 1927 Ἰησοῦς
689 1892 804 1928 Χριστὸς
818 1893 846 1919 ὲν

61 1934 105 1969 τῷ
126 1934 285 1969 Εὑαγγελίῳ
296 1935 468 1972 ἐμαρτύρησε
480 1936 575 1970 λέγων’
591 1945 599 1961 ι
620 1937 656 1962 Οὐ
668 1937 721 1967 πᾶς
735 1938 750 1962 ὁ
761 1936 847 1971 λέγων

63 1989 119 2015 μοι,
135 1980 232 2015 Κύριε,
246 1980 426 2008 εἰσελεύσεται
438 1983 476 2013 εἰς
489 1982 538 2017 τὴν
549 1981 686 2016 βασιλείαν
700 1982 754 2009 τῶν
770 1983 848 2018 οὐρα-

61 2026 126 2057 νῶν,
135 2026 193 2052 ἀλλ’
204 2026 218 2052 ὁ
227 2026 310 2053 ποιῶν
320 2027 349 2053 τὸ
361 2027 464 2063 Θέλημα
472 2027 518 2054 τοῦ
527 2028 631 2063 Πατρός
644 2036 705 2063 μου,
712 2028 759 2054 τοῦ
768 2029 796 2054 ἑν
804 2029 847 2055 οὐ·

64 2073 153 2107 ρανοῖς
165 2073 232 2107 (56)·
240 2083 248 2098 ι
263 2073 309 2099 καὶ
317 2073 408 2100 πάλιν·
416 2083 424 2099 ι
437 2075 474 2101 Οὐ
483 2074 521 2109 μὴ
530 2074 602 2111 λήψῃ
613 2074 644 2101 τὸ
651 2075 733 2109 ὅνομα
745 2075 846 2110 Κυρίου

62 2118 130 2144 Θεοῦ
140 2127 188 2145 σου
198 2119 245 2144 ἐπὶ
263 2119 377 2154 ματαίῳ.
398 2130 407 2145 ι
422 2120 477 2146 Καὶ
493 2120 574 2147 πάλιν
598 2120 761 2156 προσέταξεν
781 2122 846 2157 ἡμῖν

62 2163 158 2197 λέγων’
176 2173 185 2189 ι
208 2163 364 2199 Ἀποστήτω
374 2165 429 2191 ἀπὸ
443 2164 547 2196 ἀδικίας
559 2166 611 2196 πᾶς
626 2165 640 2191 ὀ
657 2164 797 2200 ὀνομάζων
816 2165 846 2191 τὸ

61 2207 146 2242 ὗνομα
160 2207 276 2243 Κυρίου.
290 2218 299 2234 ι
315 2208 406 2240 Θέλεις
414 2209 442 2235 δὲ
453 2209 562 2243 γνῶναι,
573 2211 612 2236 ὅτι
620 2210 654 2236 τὰ
663 2210 743 2245 θηρία
754 2210 801 2237 καὶ
813 2210 847 2236 τὰ

929 697 973 723 15.
986 697 1135 724 Suntenim
1148 705 1180 724 ex
1196 696 1341 724 mundanis
1354 696 1519 731 complures,
1532 696 1578 730 qui
1590 703 1682 722 amen-

894 747 945 777 tes,
957 744 1029 770 velut
1050 743 1130 770 bruta
1153 743 1303 770 animantia
1329 743 1458 777 pabulum
1485 745 1606 769 sumunt.
1631 741 1682 774 Qui

894 797 973 816 mane
987 793 1140 824 surgentes,
1163 793 1288 824 quaerunt
1314 796 1393 823 quem
1417 787 1587 821 defraudem,
1602 795 1683 822 quem

893 836 1060 870 opprimant,
1077 839 1106 862 ut
1124 835 1227 862 foedum
1241 839 1364 862 ventrem
1382 842 1463 862 suum
1481 834 1622 868 impleant.
1636 833 1683 861 Isti

895 881 979 908 Deum
1005 881 1031 908 in
1057 888 1150 908 mensa
1169 880 1321 916 gloriﬁcare
1342 889 1396 907 non
1423 885 1532 907 norunt.
1561 879 1598 907 De
1622 879 1683 906 istis

893 928 930 953 ait
941 926 1050 954 divinus
1065 926 1166 954 Paulus
1182 937 1188 953 :
1208 936 1216 952 ι
1237 926 1269 953 ili
1290 930 1355 954 sunt
1371 926 1476 953 inimici
1497 926 1587 953 crucis
1601 926 1682 953 Chri-

893 973 938 1005 sti,
948 980 1065 1008 quorum
1078 972 1140 1000 ﬁnis
1158 973 1294 1006 interitus,
1309 980 1426 1007 quorum
1439 971 1509 1000 Deus
1521 976 1617 1000 venter
1630 977 1680 1003 est,

893 1024 918 1047 et
931 1019 1016 1055 gloria
1039 1019 1066 1046 in
1095 1018 1256 1046 confusione
1283 1018 1416 1053 ipsorum,
1432 1017 1479 1052 qui
1507 1021 1613 1045 terrena
1638 1024 1683 1044 sa-

892 1067 979 1100 piunt.
998 1065 1095 1093 Nostra
1111 1069 1200 1092 autem
1216 1064 1388 1092 conversatio
1408 1065 1436 1091 in
1462 1063 1539 1091 caelis
1556 1066 1598 1090 est
1618 1063 1651 1089 ".
1670 1072 1678 1087 ι

893 1111 926 1138 Hi
944 1111 1010 1139 feris
1032 1116 1058 1138 et
1073 1111 1205 1146 jumentis
1227 1111 1376 1139 deteriores
1390 1113 1453 1138 sunt
1466 1120 1472 1137 ε
1485 1117 1547 1137 nam
1559 1109 1681 1144 jumenta

893 1163 919 1186 et
932 1157 995 1186 ferae
1011 1162 1110 1185 norunt
1127 1157 1295 1185 conditorem
1311 1165 1390 1185 suum
1418 1157 1513 1188 Deum,
1523 1161 1549 1183 et
1568 1155 1681 1183 benedi-

893 1208 958 1232 cunt
972 1205 1023 1239 91
1037 1205 1091 1237 illi;
1105 1204 1229 1231 homines
1244 1208 1338 1231 contra
1351 1224 1359 1236 ,
1381 1204 1441 1238 ejus
1454 1210 1537 1230 manu
1552 1202 1661 1230 formati
1673 1222 1681 1234 ,

893 1255 919 1278 et
934 1251 1079 1285 imaginem
1092 1251 1178 1285 ipsius
1189 1250 1316 1282 ferentes,
1333 1257 1387 1277 non
1402 1252 1537 1277 noverunt
1557 1248 1683 1276 condito-

893 1304 949 1323 rem
964 1304 1042 1323 suum
1059 1306 1065 1323 ε
1088 1296 1136 1324 sed
1149 1304 1196 1324 ore
1205 1296 1314 1331 quidem
1329 1296 1405 1323 illum
1427 1296 1603 1326 conﬁtentur,
1617 1302 1683 1329 ope-

893 1343 970 1370 ribus
981 1347 1070 1369 autem
1087 1347 1186 1377 negant
1199 1352 1205 1369 :
1218 1353 1227 1368 ‹
1245 1342 1284 1369 Tu
1297 1342 1387 1370 credis
1402 1342 1531 1377 quoniam
1548 1341 1618 1368 Deus
1629 1343 1682 1372 est,

894 1388 962 1415 bene
977 1388 1054 1420 facis,
1073 1392 1099 1415 et
1111 1389 1249 1416 daemones
1268 1388 1384 1415 credunt
1404 1391 1431 1415 et
1449 1387 1681 1414 contremiscunt:

893 1435 940 1463 sed
954 1435 1019 1462 ﬁdes
1035 1435 1093 1462 sine
1106 1435 1234 1470 operibus
1257 1438 1364 1462 mortua
1383 1437 1424 1461 est
1439 1434 1474 1461 ⁵⁸.
1495 1443 1504 1458 ι
1524 1432 1595 1466 Quid
1610 1433 1684 1459 enim

893 1481 1004 1516 prodest
1020 1481 1123 1508 homini
1137 1480 1259 1508 conﬁteri
1283 1480 1367 1507 Deum
1378 1486 1439 1506 esse
1450 1498 1457 1510 ,
1483 1478 1506 1505 si
1520 1477 1599 1505 malis
1621 1484 1683 1504 eum

894 1527 1022 1562 operibus
1041 1527 1175 1562 abnegat?
1200 1526 1342 1559 Quomodo
1369 1533 1398 1552 se
1426 1524 1571 1551 conﬁtetur
1590 1522 1683 1549 Domi-

858 1583 879 1612 ρ
895 1581 960 1600 num
975 1573 1085 1604 habere,
1097 1573 1120 1599 si
1135 1572 1158 1599 ei
1174 1579 1227 1599 non
1240 1571 1362 1599 serviat?
1376 1570 1436 1598 ideo
1448 1569 1520 1597 enim
1539 1569 1616 1596 audit
1630 1567 1683 1595 Do-

896 1619 1000 1646 minum
1026 1625 1116 1645 suum.
1139 1617 1172 1644 Et
1199 1614 1269 1645 Servi
1285 1616 1394 1652 quidem
1422 1619 1522 1642 norunt
1546 1618 1683 1649 emptores

897 1672 973 1697 suos,
987 1668 1014 1691 et
1035 1663 1170 1690 honorant
1194 1663 1273 1690 illos:
1302 1669 1408 1696 nosque
1435 1661 1530 1688 itidem
1553 1660 1684 1688 debemus

897 1710 974 1736 illum
989 1709 1133 1740 honorare,
1148 1717 1202 1736 non
1218 1713 1323 1736 tantum
1346 1708 1438 1741 verba,
1456 1707 1501 1734 sed
1518 1707 1599 1735 etiam
1619 1714 1684 1742 ope-

897 1763 935 1782 re.
951 1755 1011 1789 lpse
1036 1763 1154 1790 namque
1180 1754 1311 1782 Dominus
1337 1757 1430 1782 noster
1453 1753 1533 1781 Jesus
1557 1752 1684 1780 Christus

896 1800 1056 1827 testiﬁcatus
1068 1804 1110 1827 est
1128 1800 1154 1826 in
1171 1799 1316 1835 Evangelio
1330 1809 1337 1826 :
1357 1809 1366 1825 ι
1384 1798 1444 1826 Non
1459 1798 1547 1826 omnis
1558 1797 1604 1832 qui
1618 1796 1685 1824 dicit

896 1846 973 1878 mihi,
992 1846 1121 1879 Domine,
1150 1846 1261 1873 intrabit
1282 1846 1309 1873 in
1333 1853 1444 1880 regnum
1460 1844 1608 1876 cozlorum;
1635 1843 1684 1870 sed

896 1892 941 1927 qui
959 1892 1022 1919 facit
1031 1893 1196 1920 volunlatem
1205 1892 1293 1920 Patris
1307 1892 1369 1925 mei,
1379 1891 1476 1927 quiest
1488 1892 1514 1918 in
1528 1890 1605 1918 caelis
1616 1890 1655 1923 ε⁵ς
1671 1899 1681 1915 ι

896 1943 923 1965 et
936 1946 1065 1965 rursum:
1086 1947 1095 1963 (
1115 1937 1173 1964 Non
1194 1944 1431 1965 assumes-nomen
1447 1935 1552 1963 Domini
1575 1935 1621 1962 Dei
1645 1934 1684 1961 tui

897 1984 924 2011 in
940 1991 1039 2010 vanum
1064 1984 1095 2009 °°.
1114 1993 1122 2009 ι
1141 1982 1296 2018 lterumque
1316 1983 1444 2018 praecepit
1468 1982 1546 2010 nobis
1570 1981 1682 2008 dicens:

900 2039 909 2056 ι
930 2029 1055 2057 Discedat
1069 2030 1103 2056 ah
1117 2030 1259 2064 iniquitate
1273 2030 1361 2057 omnis
1376 2030 1423 2064 qui
1440 2029 1561 2056 nominat
1584 2035 1683 2055 nomen

897 2076 1005 2103 Domini
1018 2077 1050 2103 ⁸⁷.
1072 2086 1080 2101 ι
1102 2076 1147 2104 Vis
1164 2085 1245 2104 nosse
1269 2077 1369 2104 bestias
1392 2081 1419 2104 et
1443 2076 1566 2111 jumenta
1587 2082 1686 2109 cogno-

896 2130 973 2149 scere
986 2122 1081 2155 Deum,
1093 2123 1173 2158 eique
1194 2122 1374 2150 benedicere?
1396 2122 1459 2150 audi
1475 2122 1605 2157 Spiritum
1620 2129 1684 2148 sau-

897 2173 969 2196 ctum
987 2170 1185 2204 praecipientem
1210 2170 1264 2197 illis
1285 2170 1312 2196 in
1335 2169 1464 2205 hymnis:
1485 2179 1493 2195 ι
1514 2168 1681 2199 Benedicite,

898 2215 991 2242 bestiw
1004 2220 1031 2242 et
1042 2215 1132 2242 omnia
1150 2223 1257 2250 pecora,
1274 2215 1389 2242 Domino
1414 2215 1446 2242 ⁸⁸.
1465 2224 1474 2240 ›
1501 2214 1559 2242 Nisi
1573 2213 1684 2241 benedi—

62 2254 147 2288 κτήνη
159 2253 247 2280 οἴδασι
266 2254 311 2280 τὸν
332 2254 408 2286 Θεὸν,
425 2255 472 2282 καὶ
482 2255 638 2290 εὐλογοῦσιν
651 2257 746 2288 αὐτόν;
762 2257 843 2283 ἄκουε

897 2265 999 2293 cerent,
1026 2269 1198 2296 nequaquam
1222 2261 1248 2288 id
1274 2262 1448 2296 prrecepisset
1469 2261 1519 2288 eis.
1546 2259 1602 2287 Nec
1625 2259 1684 2293 ipsa

60 2298 108 2324 τοῦ
118 2299 194 2333 ἁγίου
207 2299 364 2334 Πνεύματος
375 2301 586 2336 προστάττοντος
598 2302 688 2333 αὐτοῖς
697 2303 725 2328 ὲν
738 2302 842 2337 ὕμνοις·

64 2354 73 2368 ι
92 2344 246 2378 εὐλογεῖτε,
262 2345 297 2371 τὰ
311 2345 392 2381 θηρία
411 2347 457 2373 καὶ
470 2348 559 2374 πάντα
571 2347 605 2374 τὰ
618 2349 713 2384 κτήνη,
731 2349 776 2375 τὸν
789 2349 845 2375 Κύ-

61 2398 128 2425 ριον.
146 2401 156 2416 ι
169 2391 200 2417 EE
211 2390 247 2426 μὴ
264 2389 404 2426 ηὐλόγουν,
425 2393 474 2419 οὐκ
487 2393 519 2420 ἂν
538 2394 630 2425 αὐτοῖς
649 2395 842 2429 προσέταττεν.

898 2309 1003 2333 tantum
1016 2306 1180 2334 benedicunt
1203 2307 1306 2340 Deum;
1330 2307 1378 2334 sed
1401 2313 1427 2334 et
1450 2306 1540 2334 omnis
1556 2308 1683 2332 creatura

898 2360 958 2387 quae
977 2357 1088 2388 apparet
1102 2356 1129 2380 et
1145 2353 1232 2380 oculis
1246 2354 1394 2388 percipitur
1405 2374 1412 2386 ,
1430 2357 1544 2386 utraque
1554 2358 1609 2378 non
1623 2358 1683 2377 ces-

899 2401 960 2424 sant
970 2398 1103 2426 conﬁteri.

59 2437 119 2463 Οὐκ
137 2437 207 2464 αὐτὰ
227 2438 255 2464 δὲ
281 2439 362 2473 μόνον
384 2440 523 2474 εὐλογοῦσι
542 2441 587 2467 τὸν
610 2441 686 2472 Θεὸν,
708 2442 776 2468 ἀλλὰ
798 2443 844 2469 καὶ
864 2446 967 2481 πᾶσαή
984 2447 1073 2478 κτίσις
1091 2448 1106 2482 ἠ
1137 2447 1286 2481 φαινομένη
1320 2446 1365 2472 καὶ
1386 2445 1511 2481 ὁρωμένη
1527 2444 1561 2471 τὰ
1593 2443 1684 2479 ἀμφό-

58 2491 128 2518 τερα
139 2483 229 2510 αὐτῶν
249 2485 465 2518 ἁκαταπαύστως
479 2486 615 2522 ὁμολογεῖ.

96 2531 201 2559 16.Καὶ
213 2530 309 2565 σύ,οὗν,
318 2533 396 2569 δούλη
407 2534 453 2560 τοῦ
461 2534 538 2567 Θεοῦ,
548 2535 601 2562 εἴτε
608 2536 711 2572 ἐγείρῃ,
721 2536 775 2563 εἴτε
784 2536 849 2563 καθ-

57 2578 119 2614 ἐζῃ,
139 2579 196 2605 εἴτε
212 2579 291 2614 ἔργον
302 2588 327 2606 τι
338 2581 427 2615 ποιῇς,
439 2581 493 2607 εἴτε
504 2581 605 2617 ἐσθίῃς,
615 2582 668 2608 εἴτε
677 2583 724 2609 ὲπὶ
732 2583 781 2618 τῆς
791 2582 848 2610 κοί-

94 2657 119 2672 "
138 2656 257 2691 Philipp.
275 2665 317 2689 ιιι,
326 2657 418 2686 18-20.

470 2658 493 2674 ⁸⁸
512 2658 570 2687 Jac.
589 2667 626 2693 ιι,
644 2660 687 2692 19,
703 2660 748 2687 20.

55 2692 79 2708 ⁸⁸
101 2692 172 2720 Dan.
190 2700 238 2724 ιιι,
255 2693 298 2721 8|.
419 2709 425 2714 ε

91 2769 243 2806 (δέλῆωο,
264 2771 311 2797 καὶ
327 2770 463 2806 αἰνοῦμεν,
483 2770 582 2797 desunt
604 2770 631 2806 in
657 2769 847 2806 Anglicanoet

54 2803 184 2833 Felcfe.
204 2805 264 2833 Mox
279 2806 307 2832 in
331 2803 479 2840 postremo,
507 2806 574 2837 haec,
592 2805 645 2832 τῶν
664 2803 773 2839 ἀγαθῶν
792 2803 846 2831 τῶν

54 2840 124 2871 σῶν,
137 2841 249 2868 desunt.

92 2875 153 2911 (35)
167 2876 282 2912 Πρέπει,
299 2881 325 2905 et
334 2885 408 2910 mox,
424 2875 616 2911 προσκύνησις,
636 2876 735 2905 desunt
753 2876 781 2903 in
795 2875 846 2903 Ba-

52 2910 102 2940 sil.
115 2915 145 2940 et
158 2910 268 2948 Anglic.

804 2660 826 2676 "
846 2660 939 2688 Matth.
958 2669 1012 2694 vu,
1028 2661 1075 2688 21.

938 2536 980 2563 16.
997 2536 1038 2563 Tu
1071 2536 1162 2571 itaque
1176 2557 1182 2568 ,
1216 2535 1314 2566 ancilla
1332 2535 1396 2568 Dei,
1418 2535 1475 2563 sive
1494 2536 1584 2570 surgis
1597 2556 1604 2568 ,
1625 2537 1685 2564 sive

901 2583 991 2616 sedes,
1003 2584 1061 2610 sive
1075 2582 1140 2617 quid
1155 2582 1246 2617 operis
1262 2582 1339 2614 facis,
1355 2582 1411 2610 sive
1421 2581 1552 2614 comedis,
1571 2583 1629 2610 sive
1646 2583 1683 2610 le-

1125 2661 1148 2676 “
1168 2660 1253 2689 Exod.
1270 2668 1321 2693 xx,
1341 2659 1366 2687 7.
1415 2661 1436 2676 ⁵⁷
1456 2660 1477 2687 ll
1494 2659 1565 2688 Tim.
1584 2668 1619 2694 ll,
1639 2661 1681 2688 l9.

934 2770 989 2806 (34)
1006 2771 1080 2807 κζΛλλ*
1096 2771 1172 2798 deest
1187 2772 1213 2798 in
1229 2771 1387 2807 Anglicano.

934 2806 990 2848 εξ)
1090 2807 1217 2848 eleva-

935 2841 989 2881 (56)
1006 2841 1162 2881 ιζπερηάλλῖ
1175 2841 1197 2868 ι
1208 2843 1337 2881 ποιῶν)...
1352 2844 1399 2870 τοῦ
1423 2845 1450 2871 ἐν
1474 2844 1597 2881 οὐρανοῖς
1608 2864 1616 2877 ,
1633 2843 1681 2871 de-

900 2881 963 2906 sunt
980 2878 1007 2905 in
1022 2877 1164 2908 Basiliensi
1178 2881 1204 2907 et
1221 2879 1381 2915 Anglicano.
