1915 3057
226 186 274 214 271

804 182 832 210 ε.
855 181 1084 210 ATllANASlUS.
1104 198 1139 202 —
1157 170 1271 210 Dama.

1783 186 1838 213 272

227 251 299 272 ctum
321 245 390 280 petis
403 249 432 271 ut
449 252 572 271 somnum
589 244 691 279 capias,
713 243 769 270 sive
781 251 795 270 e
810 243 882 270 lecto
904 243 1004 277 surgis,

1060 251 1104 278 της
1114 251 1160 268 σου
1170 242 1236 278 ἔρχῃ
1248 243 1314 278 πρὸς
1324 242 1416 274 ὕπνον,
1427 243 1479 269 εἴτε
1492 243 1666 278 ἀνισταμένη,
1677 242 1713 278 μὴ
1721 243 1839 281 ἀποστή-

227 299 261 318 ne
275 291 384 318 absistat
402 291 518 325 hymnus
535 290 580 318 Dei
601 299 616 317 a
636 290 714 317 labiis
736 289 799 316 tuis.
813 289 902 316 Beata:
927 297 1007 316 aures

226 345 286 372 qua:
300 336 439 371 excipiunt
462 337 512 363 hos
538 345 690 364 sermones.
712 336 740 362 Si
764 335 924 370 ingrediaris
941 335 1008 362 hora

226 383 396 413 duodecima,
415 383 544 417 majorem
569 383 772 418 longioremque
795 382 877 409 facies
894 382 1007 417 synaxin

226 435 288 454 cum
302 428 385 455 sociis
406 428 460 455 tuis
473 428 635 464 virginibus.
657 428 705 455 Sin
722 428 795 454 nulla
822 428 898 455 adest
922 427 1006 458 socia,

227 473 284 500 sola
300 472 327 499 id
342 480 500 507 exsequere,
524 472 578 500 Deo
597 478 729 508 prtesente
753 476 780 500 ct
801 473 935 500 audiente.
957 472 1008 498 Bo-

227 526 291 545 num
311 523 353 546 est
370 519 503 554 lacrymas
516 518 654 546 effundere
670 519 696 545 in
716 524 863 553 conspectu
882 517 938 545 Dei.
956 517 1008 545 Re-

226 565 340 592 cordare
356 566 429 592 horae
444 565 619 596 duodecimae,
635 573 687 599 qua
714 564 846 591 Dominus
858 568 951 592 noster
966 563 1008 590 de-

226 611 331 638 scendit
348 611 374 638 in
391 611 537 643 infernum,
553 619 632 646 quem
651 615 679 637 ut
694 611 759 637 vidit
776 610 898 637 infernus
910 610 1007 637 exhor-

226 657 292 689 ruit,
304 661 330 684 et
342 657 484 691 perculsus
496 656 533 683 ait
553 665 559 683 :
573 655 640 689 Quis
656 661 695 683 est
707 656 760 687 hic.
776 657 820 691 qui
833 657 859 683 in
874 659 1008 691 potestate

225 706 252 728 et
268 709 364 736 magna
380 701 478 728 virtute
491 701 653 728 descendit?
670 701 737 734 Quis
751 705 793 728 est
809 702 863 732 hic,
885 701 930 736 qui
949 708 1008 735 por-

227 753 266 775 tas
287 747 383 775 inferni
399 755 484 775 aereas
503 748 641 778 contrivit,
657 752 683 774 et
705 752 796 775 vectes
820 747 1007 774 adamantinos

226 793 360 828 confregit
373 794 394 809 "
407 793 418 820 ?
440 793 507 826 Quis
518 798 560 820 est
578 794 632 824 hic,
647 794 692 828 qui
709 794 848 820 desvendit
870 793 903 820 de
918 793 1005 824 ctelis,

225 845 252 867 et
267 839 413 867 cruciﬁxus
428 843 480 871 est,
496 847 545 866 nec
567 847 580 865 a
600 847 651 869 me,
670 847 729 873 qua:
745 847 818 866 mors
833 847 904 869 sum.
920 839 1007 866 domi-

227 891 270 914 tus
285 886 347 914 est?
363 886 429 919 Quis
443 890 485 914 est
501 887 555 918 hic,
575 886 620 920 qui
635 886 741 912 vincula
757 885 837 913 solvit
851 893 944 912 eorum
960 885 1005 920 qui

1059 297 1098 314 τω
1108 289 1121 314 ὁ
1134 288 1216 323 ὕμνος
1226 288 1272 315 τοῦ
1282 288 1348 314 Θεοῦ
1357 289 1409 315 ἀπὸ
1419 289 1472 315 τῶν
1480 288 1590 324 χειλέων
1601 297 1657 315 σου.
1669 290 1797 326 Μακάρια
1804 292 1840 318 τὰ

1059 330 1115 360 ὦτα
1128 333 1161 360 τὰ
1176 334 1306 369 δεχὸμενα
1317 335 1379 366 τοὺς
1391 334 1486 369 λόγους
1495 335 1613 366 τούτους.
1634 335 1695 362 Ἐὰν
1711 335 1738 362 δὲ
1754 337 1840 363 εἰσέλ-

1060 379 1108 416 θῃς
1116 382 1147 415 τῇ
1158 380 1293 416 δωδεκάτῃ
1302 380 1371 416 ὥρᾳ,
1383 381 1539 417 μειζοτέραν
1552 382 1598 408 καὶ
1609 382 1774 418 πυκνοτέραν
1784 383 1840 419 (57)

1059 425 1225 457 ἐπιτελέα-εις
1235 427 1284 459 τὴν
1296 426 1404 459 σύναξιν
1417 426 1485 462 μετὰ
1496 427 1548 453 τῶν
1558 427 1702 462 ὁμοψύχων
1714 436 1759 454 σου
1771 437 1841 464 παρ-

1059 471 1151 498 θένων.
1174 473 1235 498 Ἐὰν
1249 472 1277 498 δὲ
1291 473 1327 509 μὴ
1338 473 1402 509 ἔχῃς
1415 473 1560 508 ὀμόψυχον,
1576 473 1644 508 μόνη
1656 474 1782 508 ἐπιτέλει,
1793 475 1841 502 τοῦ

1058 517 1124 543 Θεοῦ
1142 518 1265 549 συνόντος
1280 518 1325 545 καὶ
1343 519 1494 551 ἀκούοντος.
1526 519 1616 546 Καλὸν
1629 519 1659 546 τὸ
1674 520 1778 555 ὲκχέειν
1796 520 1845 547 δά-

1059 571 1141 597 κρυον
1158 561 1272 589 ἐνώπιον
1285 562 1330 589 τοῦ
1345 563 1423 590 Θεοῦ.
1456 564 1615 599 Μνημὸνευε
1627 565 1677 600 τὴν
1689 565 1842 600 δωδεκάτην

1058 607 1131 642 ὥραν
1145 628 1152 638 ,
1171 608 1211 634 ὅτι
1227 609 1255 634 ὲν
1276 608 1344 643 αὐτῇ
1362 608 1546 643 καταϐέϐηκεν
1564 609 1578 634 ὸ
1591 608 1691 644 Κύριος
1709 609 1786 645 ἡμῶν
1801 612 1842 642 είς

1057 654 1103 679 τὸν
1120 653 1200 689 ᾅδην·
1225 654 1271 679 καὶ
1293 653 1353 680 ἰδὼν
1370 654 1450 680 αὑτὸν
1470 655 1483 680 ὁ
1500 654 1565 689 ᾃδης
1582 654 1637 689 (58)
1660 654 1770 690 ἔφριξε,
1794 656 1843 682 καὶ

1058 699 1152 733 ἐξέστη
1166 699 1266 733 λέγων·
1281 699 1328 730 Τίς
1343 700 1416 726 ἐστιν
1431 698 1522 732 οὗτος,
1540 701 1554 726 ὁ
1567 701 1596 726 ἐν
1611 700 1718 736 ἐξουσία
1732 701 1777 727 καὶ
1793 710 1842 736 με-

1057 745 1126 781 γάλῃ
1139 745 1250 780 δυνάμει
1266 745 1418 777 κατελοών;
1435 746 1483 777 Τίς
1500 745 1586 778 οὗτος,
1602 747 1616 773 ὁ
1630 747 1679 779 τὰς
1695 747 1780 780 πύλας
1794 748 1842 775 τοῦ

1058 792 1119 827 ᾅδου
1137 792 1185 823 τὰς
1201 791 1303 827 χαλκᾶς
1318 792 1464 828 συντρίϐων
1478 813 1484 824 ,
1508 793 1553 819 καὶ
1571 794 1634 824 τοὺς
1652 793 1765 828 μοχλοὺς
1778 795 1843 826 τοὺς

1058 837 1250 873 ἀδαμαντίνους
1264 837 1427 870 συνϐλάσας;
1438 838 1485 870 Τίς
1493 835 1578 870 οὗτος,
1587 840 1601 865 ό
1612 839 1640 870 ἐξ
1648 839 1767 875 οὐρανῶν
1778 848 1844 866 κατ-

1058 882 1142 910 ελθὼν
1157 884 1203 909 καὶ
1215 883 1391 918 σταυρωθεὶς,
1406 883 1452 910 καὶ
1469 884 1514 910 ὑπ’
1524 884 1592 919 ἐμοῦ
1615 884 1662 911 τοῦ
1674 885 1787 912 θανάτου
1804 886 1843 921 μὴ

228 941 242 959 a
256 941 298 960 me
310 932 409 967 captivi
426 932 635 960 detinebantur?
656 931 723 965 Quis
747 936 789 959 est
812 932 866 962 hic,
888 931 934 966 qui
957 939 1006 959 sua

1060 929 1259 966 κρατούμενος;
1277 929 1324 960 Τίς
1337 927 1429 961 οὗτος,
1450 931 1464 956 ὀ
1479 930 1548 956 λύων
1564 930 1597 957 τὰ
1616 931 1703 966 δεσμὰ
1722 931 1775 958 τῶν
1794 932 1842 958 ὑπ’

227 983 313 1006 morte
328 986 370 1006 me
385 983 499 1005 mortem
521 979 658 1007 destruit?
675 999 678 1003 .

262 1070 305 1096 Π.
326 1070 389 1097 Ideo
404 1077 434 1097 ea
448 1071 506 1104 ipsa
525 1070 592 1096 hora
614 1070 772 1097 attentiores
792 1077 853 1096 esse
867 1069 1008 1100 debemus,

226 1117 253 1141 et
272 1121 334 1140 cum
351 1114 479 1149 lacrymis
496 1118 575 1141 nocte
592 1114 718 1141 invocare
741 1113 895 1141 Dominum.
914 1114 1009 1150 Magna

226 1162 326 1196 quippe
338 1161 426 1188 virtus
438 1167 479 1188 est
494 1161 685 1196 laerymarum,
698 1164 724 1187 ct
738 1162 868 1196 praeclara
889 1169 932 1189 res
946 1165 987 1188 est
1001 1170 1007 1187 :

227 1213 322 1240 magna
343 1206 413 1232 enim
427 1210 547 1239 peccata.
567 1213 670 1240 magum.
699 1206 857 1241 iniquitates
881 1207 1009 1242 lacrymis

227 1251 361 1278 delentur.
377 1248 430 1278 Pro
445 1255 514 1279 teste
540 1252 604 1278 mihi
629 1255 670 1279 est
687 1257 810 1279 sanctum
822 1251 1007 1287 Evangelium.

226 1297 294 1324 Cum
309 1298 382 1324 enim
399 1297 523 1324 Salvator
542 1298 658 1325 traditus
686 1303 758 1326 esset
777 1298 888 1329 Juda‘is,
913 1298 1009 1325 Petrus

227 1346 269 1368 ter
281 1342 356 1368 illum
374 1350 435 1369 cum
455 1343 613 1377 juramento
635 1344 754 1378 negavit,
771 1344 929 1378 priusquam
951 1345 1008 1379 gal-

227 1388 271 1414 lus
294 1392 434 1420 cantaret;
468 1387 598 1415 Dominus
616 1393 704 1416 autem
721 1396 871 1416 conversus
890 1390 1009 1424 respexit

227 1433 348 1465 Petrum,
365 1438 392 1461 et
419 1434 577 1462 recordatus
605 1439 645 1462 est
666 1434 762 1462 Petrus
788 1435 863 1462 verbi
890 1434 1007 1466 Domini,

226 1479 298 1515 quod
311 1480 418 1507 dixerat
433 1480 486 1507 sibi
502 1490 508 1506 :
533 1490 541 1505 ε
560 1480 721 1515 Priusquam
738 1481 826 1516 gallus
841 1484 943 1513 cantet,
969 1484 1010 1507 ter

226 1533 269 1553 me
286 1526 408 1560 negabis,
426 1541 460 1546 —
475 1530 503 1553 et
515 1534 642 1561 egressus
658 1526 740 1557 foras,
754 1526 828 1553 ﬂevit
841 1534 932 1553 amare
948 1526 981 1552 "°.
997 1535 1006 1551 ι

226 1572 308 1600 Vides
323 1572 395 1606 quod
411 1573 437 1599 in
462 1573 588 1608 lacrymis
603 1572 638 1600 sit
652 1573 799 1599 remedium
815 1581 821 1599 :
837 1576 1008 1606 perspectum

227 1619 312 1646 babes
327 1619 433 1654 qualem
448 1617 576 1645 deleverit
591 1618 771 1652 iniquitatem.
787 1617 856 1650 Quid
867 1618 939 1645 enim
957 1617 1008 1646 hoc

232 1666 304 1691 malo
321 1665 452 1695 deterius,
469 1672 522 1699 quo
536 1668 577 1691 ter
594 1665 748 1698 jurameuto
768 1664 900 1695 adhibito,
920 1663 1008 1691 domi-

229 1719 294 1737 num
311 1719 390 1737 suum
407 1712 535 1745 negavit?
557 1714 584 1737 et
604 1714 692 1737 tamen
704 1713 809 1736 tantum
824 1709 955 1744 ﬂagitium
969 1709 1009 1736 la-

227 1756 328 1791 crymis
345 1756 468 1783 extersit.
485 1755 566 1783 Vides
583 1759 684 1790 quanta
701 1756 735 1782 sit
749 1756 789 1782 vis
806 1755 1007 1790 lacrymarum:

228 1802 284 1828 haec
296 1801 368 1828 enim
383 1801 416 1828 ad
432 1802 671 1828 commonitionem
685 1804 806 1828 nostram
823 1801 922 1835 scripta
935 1804 1007 1832 sunt,

228 1852 257 1873 ut
278 1854 328 1874 nos
351 1846 407 1873 hmc
427 1846 533 1879 imitati,
560 1847 642 1873 vitam
661 1846 847 1880 possideamus
869 1849 1007 1873 aeternam.

229 1892 286 1920 Non
304 1893 381 1919 multi
398 1897 472 1923 sunt,
485 1893 530 1927 qui
551 1893 732 1928 lacrymarum
748 1891 861 1933 gratiam
879 1892 1007 1924 habeant,

228 1941 275 1967 sed
303 1943 438 1975 quotquot
460 1943 576 1965 mentem
605 1946 714 1966 sursum
740 1942 857 1965 erectam
887 1938 1008 1970 habent,

228 1989 360 2020 quotquot
376 1989 482 2012 terrena
494 1984 704 2015 obliviscuntur,
717 1987 850 2018 quotquot
861 1983 952 2011 carnis
962 1991 1010 2010 cu-

229 2039 286 2058 ram
305 2039 359 2058 non
380 2031 490 2062 habent,
502 2030 548 2064 qui
564 2030 689 2064 ignorant
701 2037 814 2064 prorsus
830 2037 864 2057 an
880 2030 916 2058 sit
930 2037 1010 2056 mun-

228 2076 289 2107 dus,
301 2076 347 2111 qui
361 2075 481 2103 membra
493 2082 542 2102 sua
556 2074 796 2105 mortiﬁcaverunt,
812 2082 872 2109 quae
882 2079 945 2102 sunt
961 2083 1008 2102 su-

228 2131 276 2158 per
289 2126 399 2152 terram,
412 2121 454 2148 his
469 2120 534 2148 solis
545 2120 623 2146 datur
637 2120 726 2147 luctus
736 2120 927 2155 lacrymarum.
941 2120 1008 2147 Nam

234 2177 296 2197 cum
313 2171 402 2195 mente
427 2167 480 2194 sint
498 2173 565 2201 pura
579 2169 606 2192 et
622 2166 777 2201 perspicaee
805 2167 902 2194 mentis
917 2167 1007 2198 oculo,

228 2215 292 2240 dum
304 2213 411 2240 interra
421 2212 530 2246 degum,
541 2210 632 2237 vident
641 2209 738 2237 inferni
748 2210 890 2245 supplicia,
901 2216 926 2238 et
935 2215 1010 2239 aeter-

227 2266 278 2286 nos
293 2257 440 2288 cruciatus,
456 2256 555 2291 quibus
573 2256 627 2291 92
645 2259 806 2290 torquentur
824 2260 980 2291 peccatores
999 2266 1005 2283 :

228 2311 334 2332 necnon
345 2307 475 2330 alternum
493 2302 592 2337 ignem,
605 2301 731 2328 tenebras
740 2301 898 2332 exteriores.
915 2301 1005 2329 ﬂetum

227 2353 254 2376 et
274 2348 418 2376 stridorem
440 2347 573 2374 dentium.
592 2345 691 2373 Vident
711 2353 819 2380 quoque
838 2346 908 2373 dona
925 2347 1008 2375 male—

228 2395 290 2426 stia,
311 2401 370 2428 qua)
396 2393 507 2428 largitus
522 2391 592 2419 Deus
609 2397 650 2419 est
673 2392 775 2419 sanctis
798 2391 875 2425 viris,
893 2393 1006 2427 glorias,

227 2447 352 2470 coronas,
368 2438 452 2466 stolas
473 2441 592 2469 sanctas,
618 2437 692 2472 regia
708 2436 876 2469 indumenta,
901 2437 1006 2465 lucidas

227 2486 320 2518 cellas,
337 2484 532 2512 inenarrabiles
551 2482 675 2514 delicias,
696 2483 778 2510 vitam
792 2487 930 2511 aeternam.
956 2483 1007 2510 Ec-

227 2531 291 2566 quid
311 2531 381 2557 ultra
395 2538 449 2557 non
463 2528 598 2556 dixerim?
610 2528 686 2561 Quod
703 2529 822 2556 omnium
836 2529 1006 2557 mirabilissi-

227 2585 300 2604 mum
315 2581 367 2608 est,
381 2577 428 2612 qui
440 2583 506 2611 pura
521 2578 563 2603 est
575 2579 673 2606 mente,
692 2575 782 2609 ipsum
797 2574 880 2602 Deum
893 2575 1006 2603 interio-

227 2623 303 2650 ribus
318 2622 405 2649 oculis
420 2621 558 2657 perspicit.
572 2620 712 2653 Quomodo
726 2620 808 2655 igitur
822 2619 896 2652 ﬂere,
914 2620 1006 2655 lugere

260 2700 282 2716 ε’
300 2699 373 2727 Psal.
392 2706 450 2730 ενι,
470 2698 513 2725 16.
551 2698 575 2713 ⁷⁰
595 2697 689 2724 Matth.
707 2705 787 2729 xxvt.
804 2697 838 2724 54
850 2717 857 2729 ,
875 2697 917 2724 74.

262 2766 317 2801 (57)
332 2766 506 2802 Anglicanus,
523 2767 569 2793 καὶ
585 2767 771 2802 μᾳκροτὲρανζ

274 2802 318 2838 ξβ)
334 2802 377 2838 ζον
387 2801 452 2838 ᾇδῃς
469 2802 544 2828 deest
559 2802 585 2838 in
599 2801 742 2838 Basiliensi
752 2806 777 2829 et
787 2801 946 2838 Anglicano.

262 2806 318 2866 ⁵58)
343 2806 372 2827 ὐ
469 2806 544 2828 deest
559 2806 585 2828 in
600 2806 741 2829 Basiliensi
752 2806 777 2829 et
787 2806 876 2836 Anglic

334 2835 406 2876 Felc:
440 2856 448 2876 _.
466 2836 631 2876 παρακαλεῖν
644 2837 688 2876 τρν
701 2837 765 2863 Θεὸν
781 2837 876 2872 μεγὰλ.

263 2870 318 2907 (ω)
335 2871 418 2897 Αὐτόν
431 2870 545 2907 deestin
563 2870 634 2898 Felc.
654 2871 680 2898 2.

263 2906 317 2936 ι-ιι)
346 2907 390 2934 Sic
406 2913 500 2934 omnes
525 2906 579 2934 fere
603 2907 780 2942 manuscripti
800 2914 861 2934 cum
887 2907 1006 2936 editione

1059 974 1124 1009 ἐμοῦ
1141 974 1345 1009 κρατουμένων;
1360 975 1406 1006 Τίς
1419 971 1509 1008 οὗτος,
1522 976 1536 1001 ὁ
1548 975 1586 1010 τῷ
1603 975 1659 1011 ἰδίῳ
1671 976 1777 1012 θανάτῳ
1791 977 1844 1012 ἐμὲ

1058 1021 1102 1046 τὸν
1117 1021 1228 1047 θάνατον
1242 1020 1381 1047 καταλύων
1392 1030 1399 1054 ;

1094 1067 1135 1093 Π.
1151 1067 1199 1093 Διὰ
1217 1067 1296 1093 τοῦτο
1316 1067 1457 1103 ὀφείλομεν
1480 1069 1586 1100 ἑαυτοῖς
1608 1068 1750 1104 προσέχειν
1765 1069 1794 1094 ὲν
1806 1070 1843 1103 τῇ

1058 1112 1117 1148 ὦρᾳ
1129 1112 1234 1149 ἐκείνῃ,
1248 1113 1294 1140 καὶ
1304 1114 1332 1140 ἐν
1344 1114 1472 1149 δάκρυσιν
1488 1116 1516 1141 ὲν
1527 1115 1604 1141 νυκτὶ
1617 1114 1782 1150 παρακαλεῖν
1795 1114 1844 1141 τδν

1058 1159 1168 1194 Κύριον.
1184 1160 1296 1195 Μεγάλη
1309 1160 1364 1192 (59)
1377 1160 1430 1196 γὰρ
1445 1161 1528 1196 ἀρετή
1544 1161 1601 1187 ἐστι
1612 1161 1641 1187 τὸ
1652 1160 1779 1196 δάκρυον,
1793 1161 1844 1186 καὶ

1060 1204 1131 1238 μέγα
1145 1204 1306 1240 κατόρθωμα
1321 1225 1328 1236 ,
1344 1205 1390 1231 καὶ
1405 1206 1519 1240 μεγάλαι
1530 1206 1661 1242 ἁμαρτίαι
1672 1206 1718 1232 καὶ
1732 1206 1845 1242 ἀνομίαι

1057 1250 1100 1276 διὰ
1114 1250 1237 1285 δακρύων
1249 1251 1451 1285 ἁπαλείφονται.
1466 1252 1606 1287 Μαρτυρεῖ
1618 1251 1647 1278 δέ
1663 1260 1708 1288 μοι
1723 1252 1753 1278 τὸ
1765 1252 1845 1286 ἅγιον

1058 1296 1232 1330 Εὑαγγέλιον.
1259 1297 1322 1323 Ὅτε
1337 1297 1389 1333 γὰρ
1403 1299 1416 1324 ὁ
1430 1298 1524 1333 Σωτὴρ
1540 1297 1674 1333 παρεδόοη
1696 1299 1751 1329 τοῖς
1776 1298 1845 1324 ’1ου-

1057 1341 1150 1372 δαίοις,
1160 1343 1173 1367 ὁ
1180 1341 1280 1376 Πέτρος
1290 1342 1347 1377 μεθ’
1354 1343 1435 1378 ὅρκου
1445 1343 1534 1378 τρίτον
1542 1343 1620 1370 αὑτὸν
1630 1343 1765 1379 ἠρνήσατο
1774 1343 1845 1377 (40‘,

1059 1388 1122 1422 πρὶν
1140 1387 1271 1422 ἀλέκτορα
1287 1388 1418 1423 φωνῆσαι.
1441 1389 1470 1414 ’0
1484 1388 1512 1415 δὲ
1530 1388 1630 1424 Κύριος
1654 1389 1785 1424 στραφεὶς
1799 1390 1846 1415 ὲν-

1058 1433 1152 1467 έϐλεψε
1167 1432 1205 1468 τῷ
1219 1433 1329 1468 Πέτρῳ,
1345 1433 1390 1460 καὶ
1407 1433 1566 1469 ὑπεμνήσθη
1581 1435 1595 1460 ο
1610 1433 1710 1470 Πέτρος
1729 1433 1776 1460 τοῦ
1796 1435 1849 1470 ῥή-

1059 1488 1142 1514 ματος
1158 1479 1205 1505 τοῦ
1221 1479 1334 1514 Κυρίου,
1348 1480 1386 1511 ὡς
1399 1477 1474 1506 εἶπεν
1488 1479 1560 1515 αὐτῷ
1573 1489 1578 1495 ·
1603 1490 1612 1505 ί
1627 1481 1694 1516 Πρὶν
1707 1480 1845 1516 ἀλέκτορα

1059 1527 1189 1562 φωνῆσαι,
1206 1527 1347 1562 ἀπαρνήσῃ
1362 1535 1393 1561 με
1408 1527 1478 1562 τρίς·
1492 1527 1538 1553 καὶ
1552 1525 1666 1560 ἐξελθὼν
1676 1526 1739 1559 ἔξω,
1749 1526 1848 1553 ἔκλαυ-

1059 1581 1089 1599 σε
1103 1573 1216 1608 πικρῶς.
1229 1582 1237 1597 ι
1258 1573 1338 1608 Ὁρᾷς
1351 1573 1381 1598 τὸ
1396 1573 1539 1608 φάρμακον
1553 1572 1605 1598 τῶν
1613 1572 1736 1608 δακρύων
1745 1580 1754 1588 ⁸
1767 1573 1848 1600 ἐθεά-

1060 1627 1098 1645 σω
1111 1619 1168 1645 οἵαν
1185 1618 1297 1653 ἀνομίαν
1313 1618 1446 1653 ἐξήλειψε.
1475 1618 1507 1644 Τί
1518 1618 1572 1654 γὰρ
1588 1620 1676 1654 χεῖρον
1690 1618 1737 1645 τοῦ
1755 1619 1847 1645 κα.κοῦ

1059 1665 1168 1695 τούτου,
1184 1665 1224 1691 ὅτι
1243 1665 1332 1700 τρίτον
1357 1664 1415 1699 μεθ’
1430 1664 1511 1700 ὅρκου
1531 1664 1576 1690 τὸν
1597 1664 1693 1691 ἑαυτοῦ
1709 1663 1846 1699 δεσπότην

1059 1711 1211 1746 ὴρνήσατο;
1227 1710 1272 1736 καὶ
1285 1710 1334 1745 τὴν
1351 1709 1514 1745 τηλικαύτην
1529 1710 1642 1744 ἀνομίαν
1657 1709 1701 1736 διὰ
1716 1709 1848 1745 δακρύων

1059 1756 1206 1792 ἐξήλειψεν.
1230 1757 1309 1791 Ὁρᾷς
1326 1755 1421 1791 ἡλίκην
1438 1755 1551 1791 δύναμιν
1565 1755 1655 1790 ἔχουσι
1668 1756 1701 1782 τὰ
1716 1756 1822 1791 δάκρυα
1837 1766 1845 1771 -

1059 1803 1149 1828 ἐκεῖνα
1161 1802 1214 1836 γὰρ
1234 1802 1339 1837 ἐγράφη
1362 1802 1401 1833 εἰς
1414 1801 1463 1836 τὴν
1480 1801 1615 1837 ἡμετέραν
1630 1801 1783 1833 νουθεσίαν,
1799 1802 1850 1828 ἵνα.

1058 1848 1140 1882 ἡμεῖς
1152 1847 1265 1878 ἐκείνοις
1277 1846 1540 1882 ἐπακολουθήσαντες
1552 1867 1559 1879 ,
1574 1846 1645 1882 ζωὴν
1659 1846 1765 1873 αἰώνιον
1777 1847 1849 1882 κλη-

1062 1893 1261 1927 ρονομήσωμεν.
1290 1892 1345 1926 Οὐχ
1361 1892 1384 1917 οὶ
1402 1891 1493 1918 πολλοὶ
1504 1891 1593 1927 ἔχουσι
1607 1891 1637 1918 τὸ
1652 1892 1773 1927 χάρισμα
1788 1892 1850 1919 τῶν

1059 1936 1182 1972 δακρύων
1194 1957 1201 1968 ,
1219 1937 1274 1964 ἀλλ’
1288 1938 1343 1964 ὅσοι
1362 1937 1407 1963 τὸν
1429 1937 1489 1963 νοῦν
1505 1937 1611 1971 ἔχουσιν
1628 1937 1683 1964 ἄνω
1693 1957 1700 1969 ,
1715 1938 1772 1964 ὅσοι
1787 1938 1849 1964 τῶν

1059 1985 1160 2020 γηΐνων
1173 1985 1394 2012 ἐπιλανθάνονται
1404 2004 1410 2016 ,
1428 1985 1484 2011 ὅσοι
1498 1985 1546 2020 τῆς
1560 1985 1658 2020 σαρκὸς
1670 1984 1799 2020 πρόνοιαν
1812 1985 1848 2011 οὐ

1059 2030 1190 2062 ποιοῦσιν,
1207 2031 1303 2062 οἵτινες
1316 2031 1364 2056 οὐκ
1376 2031 1533 2057 ἐπίστανται
1546 2031 1623 2061 ὅλως,
1637 2031 1661 2056 εἱ
1672 2030 1714 2064 εἴη
1726 2030 1845 2065 κόσμος,

1059 2077 1155 2108 οἵτινες
1170 2076 1323 2112 ὲνέκρωσαν
1337 2075 1371 2102 τὰ
1390 2075 1468 2110 μέλη,
1484 2075 1517 2102 τὰ
1530 2076 1576 2102 ὲπὶ
1588 2075 1637 2110 τῆς
1651 2075 1701 2110 γῆς
1713 2083 1720 2090 ·
1736 2075 1847 2108 τούτοις

1062 2121 1149 2157 μόνοις
1165 2121 1263 2148 δίδοται
1278 2121 1373 2152 πένθος
1387 2121 1520 2157 δακρύων.
1533 2121 1659 2156 Καθαρὺν
1670 2120 1724 2157 γὰρ
1734 2121 1847 2156 ἔχοντες

1059 2167 1104 2194 τὸν
1118 2167 1188 2199 νοῦν,
1204 2167 1251 2193 καὶ
1267 2167 1407 2203 ὀξύδορκον
1424 2168 1454 2193 τὸ
1467 2167 1574 2203 βλέμμα
1585 2168 1635 2202 τῆς
1649 2168 1766 2199 διανοίας
1778 2189 1786 2200 ,
1802 2168 1846 2195 ἔτι

1059 2213 1133 2245 ὄντες
1147 2214 1192 2240 ἐπὶ
1207 2213 1256 2248 τῆς
1272 2214 1332 2249 γῆς,
1352 2213 1477 2248 βλέπουσι
1500 2214 1549 2246 τὰς
1563 2214 1686 2246 κολάσεις
1699 2214 1749 2246 τὰς
1763 2215 1792 2241 ὲν
1803 2215 1846 2249 τῷ

1059 2259 1119 2295 ᾅδῃ,
1130 2260 1176 2286 καὶ
1190 2260 1238 2291 τὰς
1252 2259 1384 2293 βασάνους
1399 2259 1448 2291 τὰς
1462 2261 1595 2292 αἰωνίους,
1611 2261 1638 2286 ὲν
1651 2257 1694 2292 αἷς
1707 2261 1732 2286 nl
1748 2261 1845 2295 ἁμαρ-

1059 2305 1137 2332 τωλοὶ
1153 2305 1326 2337 κολάζονται,
1343 2307 1389 2332 καὶ
1411 2306 1440 2333 τὸ
1465 2306 1521 2342 πῦρ
1534 2306 1564 2332 τὸ
1589 2306 1708 2338 αἰώνιον,
1737 2305 1785 2332 καὶ
1811 2306 1847 2332 τὸ

1060 2352 1153 2382 σκότος
1168 2351 1198 2377 τὸ
1211 2351 1350 2387 ἐξώτερον,
1368 2353 1414 2379 καὶ
1429 2352 1473 2378 τὸν
1485 2352 1620 2387 κλαυθμὸν
1632 2372 1639 2383 ,
1655 2353 1702 2378 καὶ
1713 2351 1758 2378 τὸν
1774 2351 1846 2387 βρυ-

1059 2397 1128 2432 γμδν
1140 2397 1195 2431 (Μ)
1208 2397 1260 2423 τῶν
1275 2397 1395 2424 ὀδόντων.
1423 2397 1554 2424 Βλέπουσι
1569 2398 1597 2424 δὲ
1610 2398 1657 2424 καὶ
1671 2397 1705 2424 τὰ
1721 2398 1845 2433 ἐπουρά-

1059 2450 1102 2468 νια
1121 2442 1276 2477 χαρίσματα
1286 2461 1292 2473 ,
1309 2441 1327 2469 ἃ
1340 2442 1482 2478 ἐχαρίσατο
1493 2444 1507 2469 ὁ
1519 2442 1584 2473 Θεὸς
1598 2443 1653 2474 τοῖς
1670 2443 1759 2477 ἁγίοις
1768 2463 1775 2475 ,
1794 2445 1848 2470 καὶ

1059 2486 1107 2518 τὰς
1123 2486 1200 2519 δόξας
1211 2507 1217 2518 ,
1233 2487 1353 2518 καὶτοὺς
1367 2487 1514 2521 στεφάνους
1524 2508 1532 2520 ,
1549 2488 1597 2515 καὶ
1614 2489 1663 2519 τὰς
1678 2487 1774 2519 στολὰς
1790 2488 1848 2520 τὰς

1060 2531 1140 2564 ἁγίας
1151 2551 1158 2562 ,
1174 2532 1220 2557 καὶ¹
1237 2531 1270 2558 τὰ
1294 2531 1419 2566 βασιλικὰ
1435 2532 1586 2568 ἐνδύματα,
1602 2533 1648 2559 καὶ
1667 2532 1702 2559 τὰ
1723 2533 1849 2568 φωτεινὰ

1059 2578 1178 2611 ταμιεῖα,
1196 2577 1242 2604 καὶ
1258 2578 1307 2609 τὰς
1319 2578 1424 2614 τρυφὰς
1437 2578 1486 2611 τὰς
1499 2579 1717 2614 ἀνεκδιηγήτους,
1732 2580 1780 2606 καὶ
1792 2580 1850 2615 τὴν

1059 2620 1130 2657 ζωὴν
1143 2621 1190 2657 τὴν
1207 2621 1322 2650 αἰώνιον.
1354 2624 1408 2650 Καὶ
1422 2624 1447 2650 τί
1462 2623 1501 2650 ἔτι
1517 2624 1547 2650 οὐ
1560 2624 1631 2659 λέγω
1645 2625 1701 2660 (42)
1714 2633 1721 2657 ;
1742 2626 1798 2652 Καὶ
1812 2626 1852 2653 τὺ

1057 2767 1192 2809 ςὲιῃηιῐιοιἰ
1203 2768 1268 2809 edit.
1279 2767 1610 2809 PajisheunrAnglicano,
1619 2769 1633 2795 ό
1645 2767 1782 2803 κλαυθμὸς
1795 2769 1854 2796 καὶ

1057 2805 1071 2829 ό
1088 2803 1218 2845 texisse
1237 2803 1639 2845 5,1.0‘.i3“.5”i.e‘.‘5i5'.9°Péti°lz,.
1752 2841 1759 2845 ,

1091 2812 1218 2866 ρρογμος.
1237 2812 1296 2830 mox
1309 2812 1475 2834 uasmensts,
1496 2812 1616 2844 oupavta:
1634 2840 1639 2845 _
1811 2838 1826 2843 η

1091 2842 1100 2874 (
1118 2839 1145 2873 2)
1162 2838 1234 2866 Felc.
1248 2839 1275 2871 2,
1298 2838 1352 2864 Καὶ
1365 2838 1390 2864 τί
1409 2837 1449 2864 ἔτι
1472 2838 1552 2874 λέγω.
1569 2839 1640 2867 Edm
1662 2846 1726 2867 vero
1735 2841 1762 2866 et
1781 2838 1851 2873 ain,

1059 2875 1104 2901 καὶ
1122 2874 1148 2900 τί
1164 2874 1202 2901 ἐτι
1218 2875 1249 2901 οὐ
1265 2873 1345 2908 λέγω.
1363 2907 1365 2910 ι
