1915 3057
83 133 137 161 2Ἷ5

753 129 798 156 DE
813 128 1046 156 VIRGINITATE.

1646 125 1701 154 2'16

84 192 176 226 μεῖζον
196 192 306 219 πάντων
321 192 426 228 θαῦμα,
452 192 492 218 ὅτι
504 192 518 218 6
533 191 602 227 ιχων
614 190 732 226 καθαρὸν
749 190 792 217 τὸν
808 190 865 217 νοῦν

920 197 974 216 non
987 190 1060 222 velit,
1079 190 1123 224 qui
1141 190 1192 217 ista
1211 189 1320 217 videat?
1334 189 1392 217 Flet
1405 189 1476 217 enim
1497 191 1578 222 atque
1594 187 1684 215 lumen
1695 205 1701 208 -

82 238 130 264 καὶ
152 238 232 264 αὑτὸν
247 238 294 265 τὸν
309 238 375 264 Θεὸν
391 239 420 264 ἐν
435 238 490 269 τοῖς
505 237 580 264 ἔνδον
591 236 739 272 ὀφθαλμοῖς
753 236 866 271 καθορᾷ.

83 284 146 315 Πῶς
165 281 211 310 οὖν
229 284 261 310 οὺ
282 283 354 310 θέλει
373 283 488 310 κλαῦσαι
505 283 552 309 καὶ
573 282 722 317 πενθῆσαι,
747 283 761 307 6
782 281 868 308 ταῦτα

83 328 208 363 βλέπωνς
227 329 322 356 Κλαίει
341 329 390 364 μὲν
403 329 458 365 γὰρ
475 329 522 356 καὶ
535 328 675 364 ὀδύρεται,
691 328 764 359 ὅπως
782 327 866 363 ρυσθῇ

921 240 1004 267 tatur,
1021 240 1050 263 ut
1070 244 1085 262 δ
1101 237 1229 270 gravibus
1257 235 1399 271 suppliciis
1420 235 1551 270 eripiatur
1568 243 1574 261 :
1591 241 1700 261 rursum

921 281 965 309 flet
975 287 1000 310 et
1017 283 1152 314 obsecrat,
1168 286 1197 309 ut
1215 281 1314 317 dignus
1330 281 1375 309 ﬂat
1392 281 1542 308 caelestium
1567 279 1701 314 ejusmodi

921 328 1053 355 bonorum
1058 349 1064 354 .

80 377 138 404 ἀπὸ
150 377 204 404 τῶν
215 376 308 404 δεινῶν
324 376 458 404 κολάσεων
470 385 477 391 '
491 377 537 403 καὶ
549 376 628 404 πάλιν
641 375 729 403 κλαίει
742 375 788 402 καὶ
798 375 868 407 ἀξιοῖ
885 375 1020 411 δεόμενος,
1033 377 1107 408 ὅπως
1121 376 1222 411 ἀξιωθῇ
1248 376 1302 402 τῶν
1329 376 1496 412 ἐπουρανίων
1511 374 1621 401 ἐκείνων
1633 374 1701 408 ἁγα-

81 423 149 452 θῶν.

120 479 162 507 18.
178 479 227 506 Διὰ
237 479 316 506 τοῦτο
327 479 459 515 ἐμίσησαν
473 480 497 505 οἱ
511 480 582 514 ἆγιοι
592 479 636 506 τὸν
648 479 748 514 κόσμον
759 477 864 511 τοῦτον,

81 526 183 558 ειδότες
209 527 288 553 ὁποῖα
314 526 404 560 ἀγαθὰ
426 526 550 562 μέλλουσι
574 525 774 561 κληρονομῆσαι
799 525 864 560 (45).

83 573 165 599 Ὥστε
177 571 223 599 οὖν
239 573 254 599 6
267 572 336 608 ἔχων
349 573 500 599 ἀνάπαυσιν
517 573 546 598 ὲν
558 572 597 608 τῷ
609 572 703 608 κόσμῳ
715 572 801 606 τούτῳ
816 572 866 606 τὴν

81 618 191 645 αίώνιον
205 619 358 646 ἀνάπαυσιν
377 619 413 654 μὴ
430 618 561 650 ἐλπιζέτω
575 618 675 645 λαϐεῖν.
698 619 729 645 Ἦ
746 618 866 652 βασιλεία

82 665 137 700 γὰρ
151 664 205 691 τῶν
218 665 338 701 οὐρανῶν
349 665 398 691 οὐκ
408 664 465 691 ἐστι
479 665 533 691 τῶν
542 665 752 700 ἀναπαυομένων
763 664 864 695 ἐνθάδε,

73 711 139 746 ,ἀλλ’
154 710 264 738 ἐκείνων
277 711 336 738 ἐστὶ
356 711 409 737 τῶν
425 712 453 737 ἐν
473 711 560 746 θλίψει
575 711 656 746 πολλῇ
672 711 717 737 καὶ
734 719 865 746 στενοχω-

84 757 130 792 ρίᾳ
145 757 291 790 διαξάντων
306 757 352 784 τὸν
368 758 424 793 βίον
445 757 500 793 (44)
517 757 620 783 τοῦτον.
648 757 683 783 UO
703 757 757 792 γὰρ
771 757 866 783 ἔλαϐον

81 802 165 838 αὐτὴν
177 802 280 838 δωρεὰν
292 803 317 829 οἱ
330 802 471 835 λαϐόντες,
489 802 556 830 ἀλλὰ
581 803 650 838 μετὰ
673 803 795 838 μεγάλων
817 803 865 838 μὸᾉ

956 478 999 505 18.
1016 477 1080 505 Ideo
1107 477 1180 504 hunc
1207 476 1337 504 mundum
1356 477 1469 504 oderant
1494 477 1602 508 sancti,
1623 477 1700 511 gnari

919 524 1009 559 qualia
1024 524 1094 550 bona
1116 523 1269 558 possessuri
1289 527 1390 551 essent.
1414 522 1507 558 Itaque
1532 523 1656 558 quisquis
1673 524 1701 550 in

919 570 970 596 hoc
985 569 1086 596 mundo
1104 569 1225 604 requiem
1251 569 1342 600 habet,
1360 577 1394 596 ne
1421 573 1511 604 speret
1535 577 1564 596 se
1581 571 1701 604 requiem

919 619 1093 650 accepturum
1109 619 1248 642 aeternam.
1273 613 1340 640 Nam
1364 622 1474 649 regnum
1496 614 1626 642 caelorum
1654 623 1701 642 eo-

919 670 979 689 rum
1005 669 1058 688 nou
1074 665 1175 695 estqui
1201 660 1322 695 requiem
1343 659 1386 686 hic
1405 660 1513 691 habent,
1538 660 1585 687 sed
1607 668 1701 687 eorum

919 709 963 743 qui
986 708 1012 735 in
1028 707 1158 734 aerumnis
1174 710 1200 733 et
1216 706 1349 742 angustiis
1372 706 1465 734 multis
1489 706 1560 733 banc
1578 706 1702 741 degerint

918 754 1011 780 vitam.
1029 753 1096 780 illud
1108 754 1179 780 cnim
1196 760 1306 788 regnum
1321 759 1373 779 non
1385 753 1468 786 gratis
1480 752 1570 785 datur,
1587 753 1633 780 sed
1645 760 1702 779 ma-

918 808 971 835 gno
988 801 1090 831 labore,
1110 799 1236 826 maximis
1254 799 1400 826 sud0ribus
1410 799 1498 833 ipsum
1514 799 1603 833 adepti
1626 802 1700 830 sunt,

82 849 156 884 χθων
171 848 218 875 καὶ
228 849 357 883 γενναίων
372 849 582 893 ίδρξῦἑωχαύτὴν
596 849 744 884 ἐκτήσαντο
751 849 775 875 οἱ
785 857 865 876 κατα-

920 846 963 881 qui
979 853 1012 873 eo
1026 845 1100 880 digni
1119 850 1182 872 sunt
1205 846 1299 872 habiti.
1315 844 1374 872 Non
1391 849 1487 872 curant
1500 850 1702 880 quantumcun-

82 893 234 925 ξιωθέντες.
244 895 280 921 Οὐ
295 894 369 930 μέλει
382 891 482 926 αὐτοῖς,
494 895 554 921 ὅσον
568 895 615 920 ἐὰν
624 895 791 921 κοπιάσωσιν
805 891 864 921 ὧδε.

82 939 254 971 samem-.5;
266 940 320 975 γὰρ
337 941 403 971 ἐκεῖ,
419 939 639 967 ἐπιλανθάνονται
656 939 709 966 τῶν
720 939 807 966 πόνων
822 940 867 966 καὶ

81 985 136 1011 τῶν
149 985 260 1017 ὀδυνῶν,
277 986 329 1012 ὅσα
339 985 438 1012 ἔπαθον
449 987 478 1012 ἐν
493 985 532 1021 τῷ
544 986 652 1021 ματαίῳ
665 986 761 1022 κόσμῳ
769 986 866 1022 τούτῳ,

82 1031 138 1057 ἀπὸ
158 1030 205 1066 τῆς
228 1030 329 1066 πολλῆς
346 1031 392 1058 καὶ
413 1031 607 1067 ἀνεκδιηγήτου
621 1031 798 1064 ἀναπαύσεως
819 1032 867 1067 τῆς

80 1077 227 1112 δεδομένης
238 1077 339 1109 αὐτοῖς.
356 1077 387 1103 Τί
397 1077 494 1112 λέγεις,
510 1078 654 1114 ἄνθρωπε;
677 1079 742 1105 Ἰδοὺ
758 1078 803 1105 δύο
813 1078 867 1115 ὀροὶ

82 1122 270 1158 παρετέθησαν
281 1122 396 1150 ἐνώπιόν
409 1131 467 1155 σου,
479 1124 496 1158 ή
508 1122 564 1159 ζωὴ
577 1124 622 1150 καὶ
634 1124 648 1150 6
661 1123 773 1155 θάνατος
783 1132 789 1138 ·
801 1124 866 1150 ὅπου

82 1169 130 1195 ἐὰν
146 1168 225 1204 θέλῃς
238 1168 363 1204 πορεύου.
381 1169 435 1195 Καὶ
448 1169 501 1195 ἰδοὺ
517 1169 571 1205 πῦρ
583 1170 629 1196 καὶ
641 1169 727 1205 ὕδωρ·
741 1170 807 1196 ὅπου
820 1170 867 1197 ἐὰν

83 1213 163 1248 θέλῃς
173 1213 289 1240 ἔκτεινον
299 1214 348 1250 τὴν
362 1214 440 1250 χεῖρά
453 1223 496 1241 σου
505 1223 511 1230 '
521 1215 566 1241 ἐπὶ
581 1215 622 1241 σοί
634 1215 716 1246 ἐστιν,
729 1215 774 1242 ἐὰν
787 1215 867 1251 θέλῃς

84 1258 233 1294 κτήσασθαι
250 1258 298 1294 τὴν
312 1259 383 1294 ζωὴν
396 1279 403 1290 ,
421 1260 467 1286 καὶ
481 1260 527 1286 ἐπὶ
541 1260 581 1287 σοί
594 1262 675 1287 ἐστιν
687 1281 694 1292 ,
722 1261 768 1287 ἐὰν
788 1260 868 1297 θέλῃς

83 1304 233 1339 κτήσασθαι
243 1305 286 1331 τὸν
294 1304 418 1332 θάνατον.
426 1306 455 1332 'U
465 1303 510 1332 οὖν
521 1305 634 1338 θάνατός
644 1307 716 1332 ἐστιν
727 1308 740 1333 6
751 1307 866 1342 κόσμος·

83 1351 100 1385 ἡ
116 1350 145 1376 δὲ
161 1349 216 1386 ζωή
235 1351 308 1377 ἐστιν
325 1352 341 1386 ἡ
362 1351 517 1387 δικαιοσύνη
529 1360 535 1366 ⁸
554 1352 661 1387 μακρὰν
679 1351 725 1378 οὖν
740 1354 754 1379 6
767 1353 867 1388 κόσμος

84 1396 136 1422 ἀπὸ
144 1397 192 1431 τῆς
200 1396 379 1432 δικαιοσύνης,
388 1398 447 1424 καθ’
457 1398 537 1424 ὅσονὸ
545 1398 658 1430 θάνατος
667 1399 720 1425 ἀπὸ
728 1400 776 1433 τῆς
785 1399 866 1434 ζωῆς.

90 1441 153 1468 Ἐὰν
164 1439 210 1468 οὗν
228 1441 332 1478 πορεύῃ
345 1443 372 1468 ἐν
384 1442 422 1477 τῷ
434 1442 539 1478 κόσμῳ,
555 1445 582 1470 ἐν
592 1442 632 1478 τῷ
646 1443 751 1478 θανάτῳ
765 1443 867 1479 πορεύῃ

85 1486 133 1512 καὶ
142 1487 218 1519 ἐκτὸς
230 1487 275 1513 τοῦ
284 1487 353 1514 Θεοῦ
365 1488 427 1524 γίνῃ
436 1508 442 1520 ,
450 1488 518 1514 κατὰ
528 1488 576 1524 τὴν
593 1488 667 1515 θείαν
676 1488 796 1524 Γραφήν.
805 1489 867 1516 Ἐὰν

83 1533 112 1559 δὲ
125 1533 153 1559 ἐν
168 1535 200 1569 τῇ
215 1534 370 1570 δικαιοσύνῃ
379 1533 433 1568 (43)
444 1534 556 1569 πορεύῃ,
573 1535 601 1560 ἐν
611 1536 643 1569 τῇ
657 1534 711 1570 ζωῇ
730 1535 865 1570 πεπόρευ-

85 1587 140 1610 aut,
152 1579 197 1605 καὶ
207 1579 235 1605 οὐ
248 1579 286 1615 μὴ
299 1579 399 1614 ἆψηταί
409 1587 454 1606 σου
463 1579 583 1611 θάνατος.
593 1581 649 1606 υὺκ
660 1580 718 1606 ἐστι
729 1580 783 1616 γὰρ
793 1580 867 1616 παρὰ

83 1625 140 1656 τοῖς
154 1625 266 1657 δικαίοις
284 1624 407 1656 θάνατος,
425 1625 492 1651 ἀλλὰ
509 1625 661 1660 μετάθεσις.
689 1626 866 1652 Μετατίοεται

83 1671 138 1707 γὰρ
147 1672 161 1697 6
170 1671 274 1703 δίκαιος
284 1671 354 1707 ἀνὴρ
367 1672 398 1697 ἐκ
413 1671 459 1698 τοῦ
474 1672 574 1707 κόσμου
589 1672 683 1698 τούτου
694 1672 733 1703 εἰς
748 1672 795 1707 τὴν
803 1671 868 1699 αἰώ-

83 1725 140 1743 νιον
155 1717 306 1743 ἀνάπαυσιν
317 1725 323 1731 “
339 1718 385 1743 καὶ
399 1717 492 1752 ὥσπερ
503 1726 543 1749 τις
559 1717 611 1744 ἀπὸ
620 1717 743 1752 φυλακῆς
753 1716 865 1749 ἐξέλθοι,

44 1776 51 1785 ο
83 1761 154 1788 οὕτω
168 1763 214 1789 καὶ
227 1763 252 1789 οἱ
267 1762 339 1797 ἆγιοι
352 1763 505 1798 ἐξέρχονται
522 1764 575 1790 ἀπὸ
589 1763 635 1790 τοῦ
654 1763 789 1799 μοχθηροῦ
810 1763 865 1798 βίου

83 1808 177 1834 τούτου
187 1809 225 1840 εἰς
233 1808 267 1834 τὰ
274 1808 363 1842 ἀγαθὰ
369 1808 592 1844 τὰήτοιμασμένα
601 1810 703 1840 αὐτοῖς·
715 1819 723 1834 ι
733 1810 765 1835 Ἃ
772 1809 866 1844 ὀφθαλ-

84 1853 134 1888 μὸς
147 1854 195 1880 οὐκ
207 1851 259 1880 οἶδε
269 1846 335 1889 (46),
345 1855 390 1880 καὶ
401 1853 447 1887 οὖς
458 1856 507 1882 οὐκ
520 1855 629 1891 ἤκουσε,
639 1855 685 1882 κα).
699 1855 744 1882 ἐπὶ
755 1855 866 1892 καρδίαν

84 1898 227 1934 ἀνθρώπου
238 1901 286 1926 οὐκ
295 1901 388 1936 ἀνέϐη,
397 1901 415 1928 ἃ
423 1902 569 1937 ἡτοίμασεν
583 1903 597 1929 ὁ
610 1902 675 1934 Θεὸς
685 1904 739 1934 τοῖς
754 1903 865 1936 ἀγαπῶ-

85 1954 126 1971 σιιι
138 1946 230 1972 αὐτόν.
245 1956 253 1972 ν
268 1947 299 1973 Οἱ
311 1947 339 1973 δέ
354 1948 509 1983 ἁμαρτωλοὶ
525 1949 571 1974 καὶ
581 1945 631 1975 ὦδε
647 1949 739 1980 κακῶς
753 1948 866 1984 μοχθοῦ-

83 1999 110 2016 σι
119 2011 126 2022 ,
143 1992 190 2018 καὶ
205 1992 262 2018 ἐκεῖ
271 1992 350 2019 πάλιν
359 1993 388 2019 τὸ
402 1992 456 2028 πῦρ
469 1993 567 2025 αὐτοὺς
579 1993 717 2029 ἀναμένει.
736 1994 790 2020 Καὶ
804 1995 866 2026 τοὺς

82 2037 220 2069 τοιούτους
243 2038 342 2070 διπλῶς
356 2039 396 2065 δεῖ
418 2039 532 2066 κλαῦσαι
554 2039 624 2075 (47),
641 2040 683 2066 ὅτι
704 2040 750 2065 καὶ
773 2036 822 2066 ὧδε
837 2041 865 2066 ἐν

84 2083 249 2119 στενοχωρίᾳ
257 2085 318 2117 εἰσὶ,
330 2085 375 2111 καὶ
383 2085 439 2111 ἐκεῖ
448 2085 496 2121 τὴν
506 2086 674 2121 εὐρυχωρίαν
685 2086 734 2112 οὐχ
745 2085 830 2112 ἀπολα
834 2094 866 2120 μ-

82 2128 204 2156 ϐάνουσι.
230 2129 278 2156 Διὰ
294 2131 371 2157 τοῦτο
391 2131 527 2167 εἴρηκενή
545 2130 604 2158 θεία
617 2131 710 2166 Γραφή
721 2139 728 2146 θ
756 2140 766 2155 ι
780 2131 864 2157 Ὅπου

83 2174 130 2200 ἐὰν
145 2176 251 2210 στραφῇ
264 2177 278 2202 6
292 2175 390 2211 ἀσεϐὴς
400 2197 407 2209 ,
424 2177 592 2211 ἀφανίζεται.
607 2176 719 2223 »ῌΣτενέι
740 2176 794 2212 γὰρ
807 2176 863 2211 (48)
881 2197 901 2223 D

81 2220 155 2256 αὐτῷ
168 2221 298 2248 πάντοθεν
307 2231 314 2237 ·
329 2223 375 2250 καὶ
387 2224 444 2249 ἐκεῖ
453 2222 550 2254 ὀδύναι,
565 2223 611 2249 καὶ
619 2219 669 2249 ὦδε
683 2222 794 2257 θλίψεις.
808 2223 864 2249 Οὐκ

83 2266 122 2293 ἔνι
137 2268 192 2303 γὰρ
209 2268 349 2304 ἅνθρωπος
362 2270 376 2295 6
394 2269 429 2304 μὴ
452 2270 554 2296 κοπιῶν
568 2271 597 2296 ἐν
614 2269 652 2304 τῷ
669 2269 796 2305 μοχθηρῷ
814 2269 864 2304 βίῳ

82 2312 180 2348 τούτῳ⁴
208 2313 254 2340 καὶ
270 2314 284 2340 ὁ
300 2314 405 2349 πτωχὸς
426 2315 472 2341 καὶ
489 2316 504 2341 6
521 2315 662 2347 πλούσιος,
680 2315 726 2341 καὶ
741 2316 754 2341 6
773 2315 864 2347 δοῦλος

917 900 970 928 que
986 892 1030 919 hic
1047 891 1241 919 laboraverint.
1265 891 1302 918 Eo
1325 891 1398 918 enim
1422 891 1548 926 ingressi,
1577 891 1701 919 laborum

917 937 1097 972 dolorumque
1109 944 1170 964 mox
1182 937 1380 964 obliviscuntur
1393 941 1634 972 quantumcunque
1646 937 1701 964 sint

918 983 1038 1018 perpessi
1054 983 1081 1010 in
1099 983 1149 1010 hoc
1159 991 1229 1010 vano
1240 983 1351 1014 mundo,
1363 983 1398 1009 ob
1412 990 1535 1018 magnam
1550 987 1575 1010 et
1588 983 1700 1010 inenar-

918 1029 1032 1056 rabilem
1049 1029 1100 1056 sibi
1113 1029 1202 1056 datam
1220 1029 1350 1064 requiem.
1368 1028 1438 1062 Quid
1452 1029 1503 1061 ais,
1521 1028 1618 1055 homo?
1630 1028 1700 1056 Ecce

918 1074 988 1102 binae
1002 1074 1051 1101 vite
1075 1074 1120 1101 tibi
1146 1078 1210 1102 sunt
1229 1074 1384 1109 propositae,
1408 1075 1461 1101 vita
1487 1078 1510 1102 et
1532 1081 1606 1101 mors
1623 1083 1630 1100 :
1646 1081 1699 1108 qua

917 1121 1046 1153 volueris,
1065 1121 1169 1148 incede.
1183 1120 1253 1148 Ecce
1267 1122 1357 1156 ignem
1373 1125 1400 1148 et
1413 1128 1522 1155 aquam,
1536 1127 1700 1154 quocunque

917 1167 1036 1194 volueris
1051 1166 1166 1194 extende
1179 1174 1289 1194 manum
1305 1170 1388 1193 tuam.
1407 1165 1493 1193 Penes
1510 1170 1535 1192 te
1550 1169 1602 1197 est,
1619 1166 1642 1192 si
1657 1165 1699 1192 lu--

918 1213 990 1245 beat,
1002 1214 1084 1241 vitam
1103 1213 1260 1248 possidere;
1281 1221 1364 1248 penes
1385 1218 1411 1240 te
1433 1218 1485 1245 est,
1509 1213 1532 1240 si
1556 1213 1688 1247 placuerit

918 1263 1033 1285 mortem
1054 1258 1178 1293 adipisci.
1198 1258 1269 1285 Mors
1294 1259 1386 1293 itaque
1411 1258 1455 1285 hic
1487 1257 1605 1284 mundus
1632 1261 1698 1284 est:

918 1305 972 1332 vita
989 1312 1052 1332 vero
1064 1310 1106 1332 est
1120 1305 1236 1338 iustitia.
1259 1303 1440 1337 Quamobrem
1459 1309 1534 1331 tanto
1557 1304 1700 1331 intervallo

919 1350 1036 1378 mundus
1053 1350 1135 1378 distat
1150 1358 1164 1377 a
1183 1351 1303 1385 justitia,
1318 1356 1421 1385 quanto
1445 1358 1520 1377 mors
1544 1358 1559 1376 a
1583 1351 1647 1378 vita.
1670 1350 1699 1377 Si

919 1397 1000 1431 igitur
1014 1396 1137 1424 ambulas
1152 1397 1178 1423 in
1196 1397 1307 1429 mundo,
1319 1397 1345 1422 in
1364 1401 1450 1423 morte
1463 1397 1596 1427 ambulas,
1612 1400 1638 1423 et
1652 1403 1699 1424 e2-

919 1445 960 1469 tra
975 1441 1059 1469 Deum
1071 1449 1112 1473 es,
1126 1442 1275 1469 secundum
1292 1442 1410 1469 divinam
1423 1442 1591 1476 Seripturam
1607 1450 1613 1467 :
1626 1442 1698 1476 quod

919 1489 941 1515 si
962 1487 1106 1523 injustitia
1129 1489 1261 1519 ambulas,
1285 1489 1311 1515 in
1328 1489 1382 1515 vita
1404 1489 1537 1520 ambulas,
1557 1493 1583 1516 et
1598 1496 1698 1523 nequa-

918 1542 997 1569 quam
1017 1539 1042 1562 te
1060 1535 1171 1570 attinget
1188 1542 1270 1562 mors.
1287 1535 1362 1569 Apud
1380 1528 1470 1568 justos
1483 1535 1556 1562 enim
1580 1543 1634 1561 non
1656 1538 1698 1561 est

918 1587 1002 1611 mors,
1026 1579 1071 1607 sed
1097 1580 1250 1607 translatio.
1268 1580 1442 1606 Transfertur
1465 1580 1536 1608 enim
1559 1580 1650 1614 justus
1665 1588 1698 1607 ex

918 1625 968 1652 hoc
985 1626 1086 1652 mundo
1103 1626 1130 1652 in
1147 1626 1268 1660 requiem
1289 1631 1428 1653 :etcrnam.
1447 1626 1479 1652 Et
1493 1626 1572 1660 quasi
1591 1627 1652 1661 quis
1665 1634 1698 1654 ex

917 1678 1026 1698 carcere
1040 1671 1134 1698 cvadat
1145 1691 1153 1704 ,
1177 1672 1217 1698 sic
1236 1672 1321 1699 sancti
1340 1679 1371 1699 ex
1393 1673 1443 1699 hac
1456 1672 1554 1700 misera
1569 1672 1624 1699 vita
1641 1672 1698 1699 dis-

917 1718 1016 1745 cedunt
1034 1718 1067 1744 ad
1082 1719 1153 1746 bona
1167 1718 1218 1746 sibi
1236 1723 1328 1753 parata
1346 1728 1352 1745 :
1372 1728 1380 1743 σ
1399 1719 1463 1752 Quae
1481 1718 1577 1746 oculus
1591 1726 1644 1746 non
1659 1721 1699 1746 vi-

917 1763 965 1795 dit,
982 1772 1032 1791 nec
1047 1764 1122 1791 auris
1136 1765 1249 1796 audivit,
1266 1773 1314 1792 nec
1327 1765 1354 1791 in
1376 1772 1423 1792 cor
1436 1764 1554 1792 hominis
1569 1765 1699 1792 ascende-

916 1815 989 1841 runt.
1014 1818 1072 1845 qua:
1096 1811 1256 1845 pra-paravit
1280 1811 1350 1838 Deus
1371 1810 1545 1844 diligentibus
1572 1819 1601 1839 se
1624 1812 1656 1837 '“.
1685 1821 1695 1837 ι

916 1854 1077 1883 Peccalores
1094 1859 1184 1883 autem
1204 1856 1248 1883 hic
1261 1857 1359 1883 misere
1375 1857 1510 1888 laborant,
1521 1860 1547 1884 et
1564 1857 1619 1883 illic
1634 1865 1696 1883 rur-

917 1909 975 1928 sum
1001 1902 1070 1937 ignis
1088 1902 1162 1937 ipsos
1185 1906 1333 1936 exspectat.
1358 1901 1409 1935 Qui
1433 1902 1534 1937 duplici
1559 1902 1592 1930 de
1614 1910 1698 1930 causa

916 1947 979 1975 [lere
996 1948 1106 1978 debent,
1125 1948 1188 1983 quia
1209 1948 1253 1974 hic
1275 1948 1301 1974 in
1316 1952 1431 1983 angusto
1445 1951 1520 1981 sunt,
1536 1956 1584 1975 nec
1608 1953 1698 1976 tamen

917 1993 952 2020 ibi
970 1993 1122 2021 libertatem
1136 1994 1330 2028 adipiscentur.
1347 1993 1436 2026 Quare
1452 1994 1489 2020 ait
1510 1993 1601 2021 divina
1623 1994 1697 2021 Scri-

916 2042 994 2072 ptura
1016 2048 1022 2065 :
1040 2047 1049 2061 ι
1066 2037 1152 2071 Quam
1173 2034 1201 2065 se
1215 2047 1322 2073 cunque
1336 2040 1362 2065 in
1376 2043 1478 2074 partem
1491 2042 1629 2066 convertat
1646 2039 1697 2065 im-

916 2083 986 2117 pius,
1004 2083 1144 2110 subruitur
1160 2084 1191 2109 7'.
1214 2094 1222 2109 ι
1242 2084 1379 2119 Augustis:
1393 2084 1464 2111 enim
1483 2083 1521 2110 illi
1538 2087 1601 2110 sunt
1616 2083 1695 2110 undi-

915 2137 981 2164 que:
992 2130 1046 2157 illie
1059 2130 1177 2161 dolores,
1191 2131 1234 2157 hic
1247 2138 1383 2157 aerumnae.
1395 2129 1490 2158 Nullus
1505 2129 1603 2165 quippe
1617 2129 1697 2156 homo

915 2180 966 2206 est.
981 2177 1044 2210 quin
1059 2175 1161 2203 laboret
1180 2177 1206 2202 in
1227 2176 1278 2202 bac
1295 2176 1393 2202 misera
1410 2176 1474 2206 vita,
1492 2183 1593 2210 pauper
1609 2180 1634 2202 et
1655 2175 1696 2202 di-

917 2229 972 2253 ves,
988 2229 1083 2248 servus
1099 2227 1125 2248 et
1140 2221 1218 2253 liber,
1234 2225 1362 2256 peccator
1375 2225 1401 2248 et
1416 2222 1518 2255 justus.
1534 2221 1633 2248 Omncs
1649 2229 1696 2255 pa-

916 2267 982 2294 riter
1006 2267 1139 2300 laborant,
1162 2275 1286 2302 unusque
1308 2275 1390 2295 casus
1412 2268 1539 2295 onmibus
1560 2267 1695 2299 Obveniet,

917 2314 973 2341 sive
986 2314 1121 2348 peccatori
1139 2313 1196 2341 sive
1210 2314 1295 2348 justo,
1314 2314 1341 2341 in
1356 2314 1407 2341 hoc
1427 2314 1532 2341 scilicet
1550 2313 1659 2340 mundo.

83 2359 128 2384 καὶ
138 2358 153 2384 6
166 2359 315 2395 ἐλεύθερος,
329 2360 375 2386 καὶ
387 2361 400 2386 ὁ
414 2360 574 2395 ἁμαρτωλὺς
593 2361 639 2387 καὶ
651 2361 664 2387 6
678 2361 789 2392 δίκαιος,
804 2361 901 2392 πάντες
914 2359 1013 2395 ὁμοίως
1024 2359 1139 2386 κοπιῶσι
1148 2380 1155 2391 ,
1174 2360 1220 2386 καὶ
1246 2360 1275 2386 ἓν
1295 2360 1448 2395 συνάντημα
1473 2361 1528 2391 τοῖς
1546 2360 1617 2397 ’πᾶσι
1630 2367 1697 2393 συμ-

82 2404 203 2438 σήσεται,
216 2404 262 2430 καὶ
274 2405 312 2440 τῷ
326 2405 478 2440 ἁμαρτωλῷ
489 2406 536 2432 καὶ
548 2405 587 2440 τῷ
602 2406 707 2441 δικαίῳ.
718 2403 769 2432 ὦδε
786 2407 814 2432 ἐν
825 2405 863 2440 τῷ
880 2405 974 2440 κόσμῳ
992 2404 1086 2440 τούτῳ.

117 2451 158 2478 19.
174 2452 280 2479 Ἐκεῖδὲ
288 2453 337 2479 οὐκ
345 2453 416 2480 ἐστιν
425 2453 519 2485 οὔτως,
527 2453 594 2480 ἀλλὰ
602 2454 668 2489 ἄλλη
678 2455 724 2480 καὶ
732 2453 796 2489 ἄλλη
806 2453 860 2487 (49)

79 2496 165 2529 τάξις.
183 2497 278 2529 ’Δλλος
295 2497 349 2534 γὰρ
362 2499 376 2525 6
392 2498 474 2530 κόπος
486 2499 532 2525 τοῦ
547 2499 650 2526 δικαίου
665 2499 694 2525 ἐν
715 2498 754 2533 τῷ
768 2498 861 2534 κόσμῳ

125 2586 133 2600 '
155 2585 246 2614 lCor.
268 2594 300 2618 η,
318 2586 344 2614 9.
382 2588 404 2603 "
425 2587 503 2615 Prov.
522 2596 577 2619 xu,
596 2589 620 2615 7.

113 2674 170 2720 ςὲἕὶ
188 2676 365 2720 Palicanus.
377 2677 564 2720 κὶηρρνιιιεῖν-

114 2710 172 2748 (μ)
189 2710 582 2748 Αηξιὶεειηιιδηόιαλλαξᾶντων
597 2713 642 2739 τὸν
663 2713 728 2748 βίον.
748 2713 818 2746 Mox,
838 2716 862 2741 οξ

79 2746 207 2784 λαῦῥντες
228 2748 305 2784 deest
332 2747 358 2784 in
375 2747 515 2784 Basiliensi
535 2753 561 2784 et
576 2746 735 2784 Anglifano.
750 2750 862 2779 Ibidem.

81 2781 186 2819 Anglic.
201 2785 232 2819 et
251 2781 370 2819 Felc._2,
387 2783 503 2819 μεγαλῳ
525 2781 636 2818 μόχθουῖ
654 2783 738 2811 Paulo
751 2789 822 2819 post,
839 2786 862 2810 ot

83 2817 294 2848 καταξιωθέντες
319 2816 394 2844 deest
404 2817 430 2843 in
444 2817 515 2844 Felc.
527 2816 557 2844 7‘2.

120 2852 176 2888 (15)
193 2852 312 2888 Anghc.,
332 2852 378 2878 ἐὰν
400 2853 431 2887 τῇ
451 2852 503 2879 δικ.
520 2852 589 2881 Felc.
606 2854 633 2888 εὶ,
661 2853 706 2880 ἐὰν
719 2853 746 2880 δέ
765 2855 796 2890 τῇ
811 2854 862 2881 δικ.

953 2453 995 2480 l9.
1013 2453 1046 2479 At
1062 2454 1098 2480 ibi
1123 2461 1176 2481 non
1192 2453 1228 2480 ita
1248 2462 1277 2481 se
1291 2462 1335 2482 res
1350 2454 1440 2485 habet.
1463 2453 1510 2481 sed
1529 2454 1598 2481 alius
1616 2457 1696 2489 atque

916 2499 985 2526 alius
998 2499 1075 2526 ordo.
1092 2499 1170 2527 Alius
1181 2500 1280 2535 quippe
1295 2503 1336 2528 est
1349 2499 1500 2535 laborjusti
1512 2501 1538 2527 in
1552 2500 1603 2527 hoc
1618 2507 1696 2527 mun-

949 2678 1003 2713 (46)
1020 2676 1065 2704 Sic
1086 2677 1167 2704 Basil.
1190 2675 1261 2703 Editi
1285 2682 1358 2707 vero,
1374 2672 1437 2701 εἶδε.
1456 2674 1528 2702 Infra
1550 2674 1632 2706 idem,
1649 2676 1695 2702 καὶ

913 2713 938 2739 οἱ
954 2712 1119 2748 ἁμαρτωλοί.

949 2745 1004 2783 (47)
1015 2745 1194 2783 Anglicanus,
1215 2745 1326 2783 κλαίειν.

949 2779 1004 2817 (48)
1022 2779 1092 2810 Εειῖτ.
1107 2781 1135 2813 2,
1151 2781 1245 2807 Στεναὶ
1261 2780 1324 2815 γὰρ.
1344 2780 1426 2812 Infra,
1450 2780 1536 2816 τούτῳ
1564 2783 1624 2815 post
1647 2779 1696 2815 βίῳ

915 2819 990 2846 deest
1010 2819 1036 2844 in
1052 2817 1133 2843 Basil.

950 2853 1004 2890 (ait)
1022 2853 1092 2884 llaec,
1110 2851 1156 2878 καὶ
1175 2851 1250 2888 ἄλλη,
1267 2851 1365 2880 desunt
1380 2851 1405 2878 in
1422 2851 1493 2879 Felc.
1508 2853 1534 2878 '2.
