1915 3057
193 108 247 136 275

774 103 801 130 S.
825 102 1052 130 ATIIANASIUS.
1074 118 1109 123 -—
1128 102 1240 130 DUBIA.

1762 96 1821 124 276

194 166 241 198 do,
264 168 292 192 et
307 164 377 191 alius
395 162 555 198 peccatoris.
577 160 644 188 Nam
667 161 758 196 justus
781 161 894 193 laborat,
920 169 973 188 non

1043 162 1121 197 ούτῳ,
1134 161 1179 188 καὶ
1191 160 1268 191 ἄλλος
1280 160 1293 186 ὁ
1302 158 1348 185 τοῦ
1361 157 1532 194 ἁμαρτωλοὶ
1549 156 1581 182 '0
1592 156 1640 191 μὲν
1650 155 1703 191 γὰρ
1714 154 1820 187 δίκαιος

194 220 249 248 quo
261 215 381 239 ventrem
398 209 507 244 impleat
521 218 527 235 :
543 208 645 235 nullam
661 207 760 242 quippe
769 208 861 235 carnis
877 208 978 235 sollici-

194 258 316 285 tudinem
335 256 426 287 habet,
443 262 531 290 neque
548 255 648 289 cogitat
670 262 698 281 se
724 262 832 280 carnem
854 258 978 289 gestare;

195 303 242 330 sed
260 306 338 329 nocte
351 301 448 335 dieque
463 301 570 327 laborat
584 299 667 327 Deum
683 300 841 334 qumreudo,
855 307 979 326 somnum

195 349 354 383 plerumque
369 346 505 373 modicum
523 346 605 380 capit,
621 353 690 380 pane
704 349 731 372 et
747 353 816 380 aqua
835 353 887 372 non
903 350 979 372 satu-

194 400 270 422 ratur
288 404 294 421 :
310 394 338 420 in
352 393 467 420 desertis
479 397 552 420 errat
568 392 645 423 locis,
669 400 769 427 corpus
795 400 874 419 suum
889 392 981 418 multis

195 441 276 468 allicit
303 439 444 470 aerumnis,
461 439 547 466 donec
573 438 828 465 inuuarccscibilem
853 445 982 465 coronam

196 486 322 522 accipiat,
337 493 396 521 quae
412 485 465 519 ipsi
480 485 598 519 reposita
615 488 665 511 est.
682 484 782 511 Contra
798 487 925 518 peccator
945 484 983 510 la-

196 532 308 559 boribus
318 534 344 557 et
352 530 480 557 mrumnis
491 529 633 564 premitur,
650 537 702 555 non
715 532 824 563 propter
833 529 981 563 justitiam,

197 577 243 604 sed
259 580 368 612 propter
385 575 455 602 hanc
477 575 604 602 miseram
619 582 738 605 carnem,
754 574 790 601 ob
805 580 910 608 turpem
925 582 983 600 mu-

197 622 302 653 lierem.
315 622 375 649 aliis
391 625 470 655 atque
484 620 545 647 aliis
563 620 762 646 calamitatibus
779 619 916 654 amigitur,
929 618 984 654 93

197 675 248 694 nec
267 666 447 702 praesentibus
462 668 615 696 contentus,
635 665 661 690 in
687 664 796 691 miseria
819 668 901 698 atque
916 659 985 689 invi-

198 713 242 740 dia
269 712 350 747 degit.
385 711 438 738 Sed
469 710 537 737 nihil
564 717 658 737 eorum
687 713 859 744 perspectum
886 709 985 735 habent

199 762 342 785 amentes:
362 757 509 784 cxcaecavit
531 756 602 783 enim
619 756 680 783 illos
706 755 829 787 materia,
846 759 871 782 et
896 755 986 781 multa:

200 805 294 832 mundi
312 804 394 839 hujus
409 811 482 830 curse
500 813 504 828 :
524 807 672 836 errantque
683 801 769 828 donec
787 802 813 827 in
828 808 875 827 eos
888 800 987 826 immit-

1033 208 1132 243 κοπιᾷ,
1150 208 1198 241 οὐχ
1221 207 1264 233 ἴνα
1281 206 1368 241 πλήσῃ
1384 205 1520 240 γαστέρα·
1539 202 1598 229 οὐδὲ
1614 201 1668 236 γὰρ
1687 201 1754 232 ὅλως
1767 201 1820 236 τῆς

1034 254 1133 290 σαρκὸς
1150 254 1276 289 πρόνοιαν
1291 254 1421 283 ποιεῖται,
1434 251 1493 277 οὐδὲ
1508 249 1643 283 λογίζεται
1653 267 1662 279 ,
1677 248 1718 273 ὃτι
1731 247 1822 282 σάρκα

1034 303 1111 335 φορεῖ
1118 309 1124 316 ·
1134 299 1201 326 ἀλλὰ
1211 300 1293 334 κοπιᾷ
1306 298 1401 330 νυκτὸς
1413 298 1460 324 καὶ
1473 297 1578 332 ἡμέρας
1588 294 1676 330 ζητῶν
1686 293 1730 320 τὸν
1740 293 1820 324 Θεὸν,

1034 346 1118 373 πολλὰ
1135 346 1180 373 τοῦ
1199 346 1281 372 ὕπνου
1297 345 1333 380 μὴ
1349 343 1555 380 χορταζόμενος,
1572 342 1652 376 ἄρτου
1666 339 1712 366 καὶ
1726 338 1822 369 ὕδατος

1036 394 1073 428 μὴ
1092 391 1234 427 ἐμπιπλῶν
1246 391 1295 426 τὴν
1318 390 1406 426 ψυχὴν
1419 409 1426 421 ,
1445 389 1489 415 ἐπὶ
1504 388 1618 423 ἐρήμοις
1632 384 1821 428 πλανώμενος,

1035 437 1192 469 ὑποπιάζων
1201 437 1229 463 τὸ
1238 436 1316 471 σῶμα
1328 437 1356 461 ὲν
1368 433 1537 467 κακοπαθείᾳ
1545 430 1698 466 πολλῇ,ἕ.ως
1714 425 1744 454 οὗ
1754 429 1823 455 ἁπο-

1035 485 1104 520 λάϐῃ
1112 484 1156 510 τὸν
1164 483 1346 518 ἀμαράντινον
1355 481 1484 514 στέφανον
1492 479 1536 505 τὸν
1550 476 1728 512 ἀποκείμενον
1735 474 1823 509 αὐτῷ.

1043 531 1070 556 ὐ
1080 530 1108 556 δὲ
1122 528 1281 564 ἁμαρτωλὸς
1297 528 1378 562 κοπιᾷ
1392 526 1439 553 καὶ
1454 525 1546 561 μοχθεῖ
1557 524 1604 559 οὐχ
1615 523 1706 550 ἕνεκεν
1719 522 1825 548 δικαιο-

1038 575 1129 611 σύνης,
1150 575 1205 601 ἀλλ’
1218 575 1309 600 ἕνεκεν
1332 573 1382 608 τῆς
1402 570 1574 606 ταλαιπώρου
1593 569 1692 605 σαρκὸς
1710 567 1825 602 ταύτης,

1036 620 1128 647 ἕνεκεν
1135 621 1182 655 τῆς
1190 620 1303 654 αἰσχρᾶς
1312 617 1449 652 γυναικὸς,
1459 616 1545 648 ἄλλως
1553 615 1599 642 καὶ
1606 615 1693 645 ἄλλως
1702 613 1825 649 μοχθῶν,

1038 667 1075 702 μὴ
1096 666 1263 702 ἀρκούμενος
1284 666 1339 696 τοῖς
1357 663 1506 699 παροῦσιν,
1533 663 1560 688 ἐν
1573 661 1656 696 κακίᾳ
1671 660 1718 687 καὶ
1734 659 1827 694 φθόνῳ

1037 712 1190 748 διατρίϐων.
1209 711 1287 738 Ἀλλὰ
1298 710 1398 737 τούτων
1409 709 1484 736 οὐδὲν
1495 708 1651 736 ἐπίστανται
1662 706 1687 732 οἱ
1697 705 1825 741 ἄφρονες·

1038 758 1214 793 ἁπετύφλωσε
1229 757 1283 792 γὰρ
1297 757 1395 788 αὐτοὺς
1411 757 1427 790 ἡ
1445 755 1493 790 ὕλη
1511 755 1557 781 καὶ
1571 754 1598 780 αἱ
1621 752 1716 778 πολλα)⁸
1740 759 1826 786 φρον-

1039 805 1110 835 τίδες
1123 804 1169 830 τοῦ
1184 803 1285 839 κόσμου
1295 824 1302 835 ,
1317 802 1364 829 καὶ
1379 801 1546 831 πλανῶνται,
1562 799 1613 831 ἓως
1627 797 1765 832 ἀποσταλῇ
1779 796 1827 822 ἐπ’

200 855 273 878 tatur
288 851 366 877 miles
385 850 429 876 ille
445 849 590 879 violentus,
604 848 650 883 qui
668 855 717 874 nec
741 854 884 882 personam
912 853 986 872 vere-

1043 851 1132 881 ιὺτοὺς
1153 850 1166 875 ὁ
1187 849 1323 883 ἀπότομος
1342 845 1510 880 στρατιώτης
1522 866 1528 877 ,
1543 845 1616 876 ὅστις
1636 844 1666 870 οὐ
1686 842 1828 878 θαυμάζει

201 896 285 926 bitur,
299 903 350 922 nec
365 901 478 921 munera
495 894 618 927 accipiet.
634 892 738 919 Anima:
762 892 861 926 quippe
879 890 985 917 illorqu

200 941 226 967 vi
243 940 412 968 abducentur
426 940 460 967 ab
488 939 590 973 angelis
620 938 781 969 immitibus,
812 944 944 970 suamque
971 943 985 962 a

205 986 260 1014 Deo
277 986 440 1013 sententiam
457 986 601 1020 accipient.
625 983 692 1011 Vani
707 983 778 1011 enim
794 990 855 1009 cum
874 983 928 1009 sint
939 1002 945 1013 ,
959 981 986 1008 in

203 1041 302 1060 vanum
319 1033 510 1059 laboraverunt
525 1031 552 1058 in
573 1031 625 1058 hoc
649 1030 751 1056 mundo
770 1039 775 1055 :
791 1033 897 1055 terrena
924 1031 988 1055 sunt

208 1079 323 1114 operati,
338 1078 466 1113 quocirca
489 1081 516 1105 et
540 1077 591 1111 ipsi
608 1077 635 1102 in
653 1075 832 1110 perditionem
849 1074 986 1101 abierunt.

202 1125 260 1152 Non
278 1125 352 1152 enim
366 1131 501 1150 memores
514 1121 589 1149 {uere
603 1121 651 1148 Dei
667 1121 730 1148 dum
743 1121 769 1147 in
784 1124 856 1146 terra
876 1122 967 1146 essent
980 1128 986 1145 :

203 1178 292 1205 neque
321 1177 394 1196 cura:
410 1169 463 1195 illis
489 1168 539 1194 fuit
555 1171 585 1194 ut
610 1167 657 1194 Dei
674 1167 797 1194 timorem
824 1173 879 1200 pra:
902 1165 988 1192 oculis

204 1215 335 1243 haberent
349 1225 354 1241 :
372 1221 458 1250 quare
470 1221 520 1240 nec
534 1213 595 1240 illos
609 1218 686 1240 curat
703 1211 783 1238 Deus.
802 1211 896 1238 Justus
916 1210 988 1237 enim

203 1267 244 1290 est
269 1261 353 1292 Deus,
379 1265 406 1288 et
429 1261 533 1294 justum
551 1258 685 1293 judicium
708 1258 767 1292 ejus
788 1257 820 1284 ⁷³.
843 1257 909 1283 Nam
927 1264 988 1284 cum

202 1308 308 1335 venerit
323 1307 495 1341 judicaturus
517 1304 658 1336 mundum,
680 1308 745 1331 tunc
766 1303 858 1331 reddet
883 1303 989 1329 unicui-

203 1361 256 1388 que
268 1354 347 1388 juxta
362 1360 445 1387 opera
463 1359 522 1379 sua.
540 1351 651 1378 Beatum
673 1358 718 1376 eor
733 1349 804 1384 quod
821 1349 877 1376 hac
901 1349 990 1376 susci-

203 1399 255 1433 pit.

238 1445 283 1472 20.
302 1443 388 1471 Media
415 1448 494 1470 nocte
509 1442 682 1471 excitaberis.
698 1446 724 1468 et
740 1441 847 1476 hymnis
868 1440 989 1468 celebra~

204 1491 248 1519 bis
269 1491 413 1518 Dominum
434 1489 518 1517 Deum
535 1493 621 1516 tuum.
640 1489 676 1515 Ea
694 1488 766 1516 enim
791 1487 848 1523 ipsa
865 1487 931 1514 liora
947 1495 990 1514 rc-

1038 897 1181 932 πρόσωπον
1193 915 1200 925 ,
1215 894 1268 921 οὐδ’
1285 894 1314 920 οὺ
1332 893 1368 928 μὴ
1382 892 1452 928 λάϐῃ
1468 891 1551 926 δῶρα.
1584 889 1757 925 Ἀχθήσονται
1770 887 1828 923 γὰρ

1038 943 1064 968 αἱ
1074 940 1157 976 ψυχαὶ
1168 939 1257 966 αὐτῶν
1269 938 1336 974 μετὰ
1349 938 1408 972 βίας
1433 936 1484 963 ὑπὸ
1497 934 1618 969 ἀγγέλων
1626 933 1826 968 ’ἁνελεημόνων,

1038 988 1084 1014 καὶ
1105 986 1234 1022 λήψονται
1259 984 1307 1019 τὴν
1323 983 1459 1016 ἀπόφασιν
1484 980 1572 1007 αὐτῶν
1596 979 1671 1015 παρὰ
1684 979 1730 1005 τοῦ
1744 978 1826 1005 Θεοῦ.

1038 1030 1118 1057 Κενοὶ
1129 1030 1181 1065 γὰρ
1191 1029 1277 1060 ὄντες,
1289 1029 1328 1059 εἰς
1342 1027 1407 1053 xcvi
1417 1026 1463 1053 καὶ
1475 1026 1629 1061 ὲμόχθησαν
1640 1026 1668 1051 ὲν
1679 1024 1718 1059 τῷ
1730 1024 1828 1058 κόσμῳ

1037 1076 1132 1110 τούτῳ,
1148 1074 1182 1101 τὰ
1194 1075 1242 1110 τῆς
1258 1074 1309 1108 γῆς
1324 1072 1516 1108 εἰργάσαντες·
1539 1070 1582 1097 διὰ
1599 1070 1675 1097 τοῦτο
1688 1069 1734 1095 καὶ
1748 1068 1828 1096 αὐτοὶ

1038 1121 1076 1152 εἰς
1091 1120 1226 1147 ἀπώλειαν
1236 1119 1387 1154 ἐχώρησαν.
1399 1118 1436 1144 Οὐ
1450 1117 1502 1152 γὰρ
1514 1116 1686 1152 ἐμνήσθησαν
1698 1114 1744 1141 τοῦ
1756 1113 1825 1140 Θεοῦ

1039 1167 1084 1193 ὲπὶ
1105 1167 1153 1202 τῆς
1169 1166 1220 1201 γῆς
1243 1166 1336 1197 ὅντες,
1351 1165 1403 1190 οὐδ’
1420 1164 1550 1199 ἐμέλησεν
1567 1163 1657 1193 αὐτοῖς
1673 1160 1826 1196 μνησθῆναι

1037 1212 1084 1239 τοῦ
1099 1213 1181 1247 φόϐου
1196 1212 1242 1238 τοῦ
1260 1211 1342 1237 Θεοῦ·
1357 1210 1402 1236 διὰ
1415 1210 1493 1236 τοῦτο
1508 1209 1567 1236 οὐδὲ
1579 1208 1652 1243 αὐτῷ
1670 1207 1744 1243 μέλει
1759 1206 1827 1240 περὶ

1039 1258 1137 1285 αὐτῶν.
1174 1258 1281 1289 Δίκαιος
1296 1256 1350 1292 γὰρ
1365 1257 1380 1282 ὁ
1394 1256 1468 1287 Θεὸς,
1484 1255 1531 1281 καὶ
1545 1254 1635 1281 δικαία
1649 1255 1666 1288 ἡ
1679 1253 1768 1288 κρίσις
1780 1252 1828 1278 αὑ-

1038 1303 1094 1330 τοῦ.
1112 1304 1194 1330 Ὂταν
1208 1303 1262 1338 γὰρ
1279 1303 1342 1338 ἔλθῃ
1359 1302 1449 1336 κρῖναι
1463 1301 1507 1327 τὸν
1521 1301 1632 1335 κόσμον,
1648 1299 1707 1326 τότε
1719 1297 1828 1325 ἀποδώ-

1040 1359 1080 1376 σει
1091 1350 1197 1385 ἑκάστῳ
1210 1349 1280 1376 κατὰ
1293 1348 1327 1375 τὰ
1341 1349 1408 1385 ἔργα
1425 1347 1517 1374 αὑτοῦ.
1547 1346 1678 1382 Μακαρία
1694 1346 1710 1381 ἡ
1726 1344 1828 1380 καρδία

1039 1398 1055 1432 ἠ
1070 1397 1201 1432 δεχομένη
1218 1396 1313 1422 ταῦτα.

1074 1444 1118 1471 20.
1133 1443 1312 1470 Μεσονύκτιον
1331 1441 1483 1476 ὲγερθήσῃ,
1507 1439 1553 1466 καὶ
1574 1438 1704 1474 ὑμνήσεις
1722 1435 1828 1472 Κύριον

1040 1489 1086 1517 τὸν
1099 1489 1164 1516 Θεόν
1180 1497 1237 1515 σου.
1259 1489 1303 1514 Ἐν
1327 1489 1395 1523 αὐτῇ
1419 1487 1474 1522 γὰρ
1488 1487 1520 1522 τῇ
1538 1485 1597 1521 ὥρᾳ
1613 1484 1710 1519 ἀνέστη
1730 1483 1744 1509 ὁ
1762 1481 1824 1508 Κύ-

204 1539 323 1567 surrexit
347 1538 479 1565 Dominus
506 1541 600 1564 noster
621 1544 654 1563 ex
676 1535 811 1566 mortuis,
836 1539 862 1561 et
883 1533 988 1560 Patrem

1043 1545 1097 1572 ριος
1116 1535 1192 1571 ἡμῶν
1207 1536 1238 1561 ὲκ
1251 1533 1365 1570 νεκρῶν,
1385 1534 1431 1560 καὶ
1447 1533 1549 1568 ὕμνησε
1563 1531 1607 1558 τὸν
1626 1530 1735 1565 Πατέρα
1750 1537 1756 1542 ·
1772 1527 1819 1554 διὰ

204 1591 284 1611 suum
298 1582 406 1618 hymnis
419 1581 566 1610 celebravit
580 1590 586 1608 :
599 1588 683 1616 quare
694 1580 844 1614 injunclum
861 1579 937 1605 nobis
953 1582 993 1605 est

205 1635 235 1658 ut
249 1638 279 1658 ea
295 1631 353 1665 ipsa
368 1630 434 1656 hora
451 1629 565 1664 hymnos
583 1627 636 1654 Deo
650 1627 784 1653 dicamus.
799 1625 918 1660 Surgens
930 1633 994 1659 por-

205 1685 235 1704 ro
251 1676 294 1703 die
319 1676 407 1710 primo
423 1675 495 1701 hunc
510 1681 618 1701 versum
636 1681 642 1697 ι
660 1682 668 1697 ι
694 1671 778 1699 Media
803 1675 882 1698 nocte
901 1678 995 1705 surge-

206 1723 266 1748 bam
291 1721 325 1748 ad
355 1720 538 1748 confitendum
571 1719 618 1746 tibi
649 1726 729 1752 super
751 1717 854 1752 judicia
883 1716 995 1751 justitize

206 1772 259 1794 tua:
269 1767 310 1799 7‘;
325 1775 334 1791 ι
344 1770 371 1793 et
383 1774 507 1801 precare,
523 1765 663 1799 iucipeque
676 1764 788 1790 recitare
801 1762 995 1798 quinquagesi-

207 1820 281 1839 mum
297 1813 432 1847 psalmum
448 1812 534 1839 donec
547 1811 682 1838 absolvas.
700 1809 762 1836 llaec
780 1810 833 1837 sint
846 1809 994 1836 constituta

207 1859 256 1886 tibi
272 1867 320 1893 per
334 1858 456 1893 singulos
469 1858 537 1885 dies.
557 1857 607 1884 τοι
622 1857 742 1891 psalmos
756 1858 850 1886 recita,
866 1859 931 1890 quot
945 1862 994 1889 po-

208 1905 274 1932 teris
296 1904 393 1931 stando
409 1903 544 1930 recitare:
564 1907 644 1936 atque
663 1909 711 1936 per
728 1902 847 1936 psalmos
872 1901 994 1935 singulos

208 1951 297 1978 oratio
324 1954 350 1977 et
371 1949 523 1985 genuﬂexio
548 1949 728 1983 persolvatur,
751 1946 906 1974 conﬁtendo
933 1954 994 1972 cum

208 1997 338 2032 lacrymis
363 1995 478 2022 Domino
497 1998 609 2030 peccata
627 1997 683 2025 tua,
708 1998 735 2021 et
757 1992 878 2028 rogando
895 1995 923 2018 ut
946 1991 994 2018 tibi

207 2043 392 2070 dimittantur‘
409 2049 415 2067 :
433 2046 493 2076 post
509 2045 603 2067 ternos
621 2040 741 2074 psalmos
766 2039 850 2069 dices,
869 2037 992 2064 Alleluia.

207 2088 288 2122 Quod
306 2088 329 2116 si
349 2092 439 2114 tecum
457 2086 557 2114 fuerint
572 2086 700 2121 virgines,
718 2086 782 2120 ipsa:
799 2093 907 2119 quoque
923 2083 995 2118 psal~

207 2135 276 2165 lant,
300 2137 326 2160 et
343 2133 394 2159 alia
410 2136 471 2167 post
483 2133 562 2158 aliam
578 2131 728 2158 orationem
749 2130 890 2156 absolvite.
907 2128 993 2155 Matu-

207 2181 264 2207 tina
293 2180 370 2210 liora,
399 2178 472 2205 hunc
503 2178 585 2204 dicite
612 2177 746 2212 psalmum
770 2184 775 2200 :
795 2185 804 2200 (
830 2174 900 2202 Deus
925 2174 994 2202 Deus

207 2234 296 2257 meus,
306 2225 338 2252 ad
353 2231 378 2252 tc
393 2225 452 2252 luce
467 2224 556 2258 vigilo.
569 2222 659 2249 Sitivit
678 2223 703 2248 in
722 2225 747 2248 le
763 2221 851 2247 anima
864 2227 922 2246 mea
934 2220 967 2245 ⁷⁵.
982 2229 991 2244 ι

209 2272 267 2300 Sub
282 2272 434 2299 diluculum
464 2278 548 2297 vero;
575 2279 582 2294 ι
605 2268 772 2298 Βυιιυιὶὶυῑιρ,
795 2267 885 2293 omnia
912 2273 994 2300 opera

209 2319 325 2349 Domini,
339 2317 451 2345 Domino
465 2317 514 2343 ⁷³.»
528 2331 561 2335 -
571 2325 579 2340 ι
591 2315 681 2341 Gloria
695 2315 720 2340 in
732 2313 847 2340 excelsis
860 2312 955 2345 Deo,et
968 2313 994 2338 in

209 2372 280 2392 terra
304 2372 367 2399 pax,
387 2364 413 2390 in
436 2361 591 2389 hominibus
607 2361 815 2394 bcncplacitum.
839 2358 993 2384 Laudamus

209 2415 245 2440 tc,
257 2409 439 2436 benedicimus
458 2412 493 2439 te,
506 2406 651 2433 adoramus
667 2409 692 2431 te
703 2405 736 2433 ⁷⁷,
758 2413 766 2428 ι
787 2407 839 2429 etc.

243 2499 287 2526 '21.
302 2499 469 2525 Cbaritatem
483 2501 583 2528 autem,
601 2503 659 2530 qum
672 2494 792 2520 omnium
811 2492 926 2518 maxima
943 2496 994 2521 est,

209 2545 402 2573 custodiamus.
420 2543 496 2575 Nam,
509 2552 517 2568 ι
530 2542 640 2576 Diliges,
655 2551 663 2566 ι
678 2541 725 2570 ait,
737 2549 745 2564 ι
760 2539 901 2566 Dominum
914 2537 995 2563 lleum

210 2596 286 2618 tuum
303 2599 335 2618 ex
351 2594 407 2617 toto
423 2589 505 2616 corde
530 2593 586 2619 tuo,
610 2591 637 2614 et
658 2594 690 2613 ex
708 2590 763 2612 tota
785 2585 886 2622 virtute
899 2587 954 2615 tua,
970 2587 995 2608 et

209 2645 242 2664 ex
259 2641 314 2664 tota
331 2636 421 2664 anima
442 2640 498 2666 tua,
513 2639 539 2662 et
559 2633 713 2668 proximum
736 2636 812 2658 tuum
829 2631 900 2658 sicut
927 2629 995 2662 teip-

244 2714 267 2729 "
286 2714 355 2741 Psal.
368 2721 460 2745 cxvnl,
479 2713 539 2739 157.
576 2711 599 2726 7‘
619 2711 684 2738 ibid.
701 2709 745 2736 62.

212 2790 302 2850 ὲ’1501
319 2789 474 2817 Basilivnsis
485 2792 509 2815 ct
522 2787 636 2822 Anglia,
647 2787 673 2812 ἐν
686 2784 805 2819 ὑψίστοις
819 2781 886 2819 Qu},
900 2783 945 2809 καὶ
959 2783 992 2809 τὰ

227 2833 284 2850 ἑνί.

227 2833 284 2858 sn:-

1012 2203 1032 2230 D

783 2708 804 2724 ⁷⁵
821 2706 892 2734 Psal.
912 2714 984 2738 uit,
1000 2706 1026 2732 ἢ.

1044 1582 1122 1608 τοῦτο
1144 1582 1211 1617 αὐτῇ
1237 1582 1269 1616 τῇ
1300 1580 1359 1615 ὥρᾳ
1389 1579 1543 1615 προσετάγη
1568 1578 1635 1612 ἡμῖν
1657 1576 1751 1610 ὑμνεῖν
1779 1573 1828 1600 τὸν

1044 1629 1119 1655 Θεόν.
1151 1627 1330 1662 Ἀνισταμένη
1356 1626 1384 1652 δὲ
1416 1624 1521 1660 πρῶτον
1545 1623 1637 1649 τοῦτον
1660 1621 1705 1648 τὸν
1734 1619 1827 1654 στίχον

1045 1674 1104 1701 εἰπέ
1115 1683 1121 1689 '
1140 1684 1149 1699 ι
1166 1672 1345 1700 Μεσονύκτιον
1357 1670 1536 1707 ἐξηγειρόμην
1546 1668 1591 1695 τοῦ
1605 1664 1825 1702 ὲξομολογεῖσθαί

1046 1729 1086 1746 σοι
1105 1720 1151 1746 ἐπὶ
1163 1719 1196 1745 τὰ
1212 1719 1333 1754 κρίματα
1353 1717 1403 1752 τῆς
1417 1715 1588 1749 δικαιοσύνης
1604 1722 1648 1740 σου
1659 1722 1665 1727 ·
1683 1723 1692 1738 ι
1716 1712 1763 1738 καὶ
1779 1709 1827 1737 εὗ-

1045 1766 1098 1799 ξαι,
1114 1765 1161 1792 καὶ
1174 1764 1253 1800 ἄρξαι
1268 1764 1357 1798 λέγειν
1372 1763 1416 1789 τὸν
1439 1760 1619 1796 πεντηκοστὸν
1635 1759 1693 1786 ὅλον
1709 1757 1827 1792 ψαλμὸν,

1044 1812 1096 1843 ἕως
1109 1811 1140 1837 ἂν
1159 1810 1279 1846 τελέσῃς.
1301 1810 1355 1835 Καὶ
1371 1808 1457 1835 ταῦτα
1476 1807 1595 1834 ἕστωσάν
1621 1814 1661 1832 σοι
1681 1803 1741 1831 καθ’
1762 1803 1828 1829 ἑκά-

1046 1865 1111 1892 στην
1137 1856 1243 1892 ἡμέραν
1276 1855 1437 1890 τεταγμένα.
1473 1853 1621 1883 Τοσοὺτους
1649 1850 1677 1877 δὲ
1703 1849 1828 1884 ψαλμοὺς

1045 1902 1114 1933 εἰπὲ,
1131 1902 1208 1932 ὅσους
1223 1899 1287 1935 δύνῃ
1301 1900 1437 1934 στήκουσα
1454 1900 1539 1926 εἰπεῖν
1549 1906 1556 1912 ·
1570 1898 1616 1924 καὶ
1635 1895 1705 1922 κατὰ
1719 1895 1827 1929 ψαλμὸν

1045 1944 1111 1980 εὐχὴ
1138 1944 1184 1970 καὶ
1208 1943 1364 1978 γονυκλισία
1388 1942 1582 1973 ἐπιτελείσθω,
1606 1940 1674 1976 μετὰ
1701 1939 1828 1974 δακρύων

1045 1990 1242 2025 ὲξαγορεύουσα
1256 1989 1294 2025 τῷ
1306 1989 1400 2025 Κυρίῳ
1414 1989 1462 2020 τὰς
1478 1988 1613 2023 ἁμαρτίας
1628 1995 1673 2012 σου
1684 2007 1691 2019 ,
1708 1986 1754 2012 καὶ
1767 1985 1827 2017 ἀξι-

1045 2034 1111 2061 οῦσα.
1124 2035 1165 2061 ἵνα
1177 2034 1297 2069 ἀφεθῶσί
1311 2043 1361 2060 σοι.
1377 2033 1453 2060 Μετὰ
1463 2033 1491 2059 δὲ
1498 2033 1572 2067 τρεῖς
1581 2031 1703 2066 ψαλμοὺς
1711 2029 1773 2063 λέγε
1781 2030 1824 2061 τὸ,

1052 2080 1217 2116 Ἀλληλούῐα.
1228 2080 1288 2106 Ἐὰν
1305 2080 1332 2106 δὲ
1352 2079 1399 2105 καὶ
1413 2078 1540 2114 παρθένοι
1555 2077 1608 2103 εἰσὶ
1621 2075 1690 2111 μετὰ
1709 2075 1766 2107 σοῦ,
1779 2076 1827 2102 καὶ

1045 2123 1123 2153 αὗται
1144 2126 1336 2161 ψαλλέτωσαν,
1357 2126 1403 2152 καὶ
1423 2125 1472 2160 μία
1492 2123 1566 2159 παρὰ
1591 2123 1654 2158 μίαν
1678 2122 1727 2158 τὴν
1743 2123 1827 2157 εὐχὴν

1046 2172 1202 2198 ὲπιτελείτε.
1224 2172 1294 2207 Πρὸς
1311 2171 1407 2206 ὄρθρον
1428 2170 1455 2196 δὲ
1479 2169 1524 2196 τὸν
1546 2169 1650 2204 ψαλμὸν
1672 2167 1765 2194 τοῦτον
1782 2168 1827 2194 λέ-

1046 2227 1108 2252 γετε
1121 2227 1127 2233 ⁸
1145 2228 1154 2243 ι
1176 2219 1205 2244 '0
1221 2218 1286 2249 Θεὸς
1302 2219 1315 2242 ὁ
1329 2216 1394 2248 Θεός
1411 2225 1470 2252 μου,
1486 2215 1552 2250 πρδς
1570 2215 1598 2241 σὲ
1614 2214 1741 2249 ὁρθρίζω.
1760 2213 1828 2239 Ἐδί-

1046 2265 1117 2299 ψησέ
1136 2273 1164 2290 σε
1180 2265 1196 2299 ὴ
1212 2263 1284 2298 ψυχή
1307 2271 1355 2298 μου
1367 2270 1373 2276 '
1391 2272 1399 2288 ι
1424 2262 1562 2296 διάφαυμα
1580 2260 1608 2286 δέ
1621 2268 1627 2273 ·
1642 2269 1651 2284 ί
1672 2259 1827 2292 Εὑλογεῖτε,

1048 2311 1135 2337 πάντα
1147 2311 1180 2337 τὰ
1196 2310 1262 2346 ἔργα
1275 2309 1387 2344 Κυρίου,
1397 2308 1440 2334 τὸν
1453 2307 1564 2343 Κύριον.
1577 2306 1645 2338 Δόξα
1660 2307 1688 2332 ὲν
1706 2305 1827 2339 ὑψίστοις

1048 2356 1116 2391 Θεῷ,
1129 2357 1174 2382 καὶ
1189 2356 1236 2382 ἐπὶ
1251 2355 1301 2390 γῆς
1316 2354 1370 2389 (50)
1383 2354 1487 2389 εἰρήνη,
1503 2353 1531 2379 ὲν
1542 2351 1694 2387 ἀνθρώποις
1707 2350 1826 2376 εὐδοκία.

1052 2401 1202 2437 Ὑμνοῦμέν
1220 2409 1259 2432 σε,
1278 2399 1441 2434 εὐλογοῦμεν
1467 2408 1495 2425 σε
1510 2418 1516 2430 ,
1534 2396 1740 2433 προσκυνοῦμεν
1758 2404 1799 2428 σε,
1815 2405 1825 2420 ι

1048 2448 1094 2474 καὶ
1113 2447 1146 2473 τὰ
1162 2447 1235 2481 ἑξῆς.

1084 2493 1128 2519 21.
1151 2492 1205 2527 Τὴν
1218 2492 1245 2518 δὲ
1260 2491 1371 2525 ἀγάπην
1389 2490 1558 2524 φυλάξωμεν.
1583 2488 1631 2524 τὴν
1648 2487 1755 2514 πάντων
1771 2487 1829 2521 μεί-

1049 2537 1121 2568 ζονα.
1141 2546 1149 2561 ι
1171 2537 1333 2571 Ἀγαπήσεις
1349 2546 1356 2560 ι
1378 2535 1441 2570 γὰρ,
1462 2534 1537 2569 φησι,
1564 2544 1571 2558 ι
1586 2532 1686 2569 Κύριον
1702 2531 1746 2558 τὸν
1763 2531 1828 2557 Θεόν

1049 2591 1094 2609 σου
1108 2582 1163 2616 (51)
1181 2582 1210 2614 ἐξ
1225 2582 1288 2617 ὅλης
1306 2582 1355 2615 τῆς
1375 2581 1487 2616 καρδίας
1511 2588 1557 2606 σου
1582 2579 1628 2605 καὶ
1650 2578 1679 2610 ἐξ
1702 2577 1765 2612 ὅλης
1778 2576 1827 2611 τῆς

1050 2628 1139 2663 ἰσχύος
1151 2636 1206 2659 σου,
1225 2628 1271 2654 καὶ
1289 2626 1318 2659 ὲξ
1331 2627 1393 2662 ὅλης
1408 2627 1455 2662 τῆς
1469 2626 1557 2660 ψυχῆς
1569 2633 1626 2657 σου,
1641 2625 1687 2650 καὶ
1699 2624 1743 2650 τὸν
1761 2623 1826 2657 πλη-

1066 2707 1088 2721 ⁷⁶
1108 2705 1175 2732 Dan.
1198 2714 1244 2738 ιιι,
1263 2705 1307 2732 57.
1346 2704 1368 2720 ⁷⁷
1389 2704 1453 2731 Luc.
1476 2711 1492 2730 ιι
1505 2723 1511 2731 .
1530 2703 1580 2735 M;
1599 2701 1679 2729 Cant.
1697 2700 1768 2727 Eccl.

1082 2782 1135 2818 (fit)
1152 2781 1328 2816 Anglicanus,
1353 2780 1511 2815 Ἀγαπήσειι
1527 2778 1628 2815 Κύριον
1643 2777 1688 2805 τὸν
1702 2775 1778 2804 Θιόν.
