1915 3057
95 91 157 119 277

780 91 822 118 DE
842 90 1073 120 VIRGINITATE.

1667 92 1720 119 278

94 147 161 174 σίον
181 154 238 178 sou,
259 146 297 178 ὡς
321 146 427 174 ἑαυτόν.
455 147 498 173 Ὲν
511 146 622 179 ταύταις
641 147 700 178 ταῖς
716 147 791 173 δυσὶν
815 149 886 174 ὲντο-

941 156 1011 176 sum.
1028 148 1057 175 In
1081 147 1123 176 his
1146 148 1252 176 duobus
1274 147 1407 176 mandatis
1433 152 1489 175 tota
1512 149 1552 176 lex
1573 148 1671 184 pendet
1694 154 1721 176 et

93 194 164 225 λαῖς
182 194 241 225 ὅλος
261 194 275 220 ό
290 194 372 229 νόμος
386 194 433 220 καὶ
449 194 473 220 οἱ
497 194 632 229 προίξῆται
649 194 810 229 κρέμανται.
826 204 834 219 ι
860 195 888 220 Ὁ

93 241 171 272 Θεὸς
189 240 283 276 ἀγάπη
305 241 377 270 ἐστὶ,
405 240 451 266 καὶ
479 240 558 271 αὐτὸς
575 240 681 275 πρῶτος
705 241 829 276 ἠγάπησε
846 239 890 266 τὸν

93 287 268 322 ἄνθρωπον,
291 287 337 313 καὶ
361 287 455 313 ὲαυτὺν
478 287 634 322 παρέδωκεν
649 287 718 323 ὑπὲρ
736 287 824 322 ἡμῶν,
847 288 890 314 ἵνα

94 334 181 368 ἡμεῖς
196 332 367 369 λυτρώσηται
384 333 438 360 ἀπὸ
451 334 540 368 πάσης
555 333 676 368 ἀνομίας.
696 333 727 359 Εἰ
744 331 789 360 οὖν
811 334 890 365 αὐτὸς

94 379 112 404 ὁ
132 378 238 414 Κύριος
256 379 389 405 ἀπέθανεν
411 379 480 414 ὑπὲρ
505 379 592 414 ἡμῶν,
620 379 665 405 καὶ
687 381 765 414 ἡμεῖς
788 379 891 414 ὀφείλο-

97 433 156 460 μεν
177 425 248 460 ὑπὲρ
262 425 383 460 ἀλλήλων
406 425 454 456 τὰς
469 425 556 460 ψυχὰς
572 425 648 460 ἡμῶν
666 425 759 451 θεῖναι.
781 426 808 451 Ὀ
825 425 890 457 Θεὸς

97 471 202 505 ἀγάπη
221 471 288 503 ἐστὶ,
306 471 351 497 καὶ
367 471 381 496 ὁ
398 471 466 505 ἔχων
484 471 532 506 τὴν
548 471 657 506 ἀγάπην
673 471 718 497 τὸν
734 471 799 497 Θεὸν
822 471 888 505 ἔχει.

96 516 192 547 Αὐτὸς
206 516 260 551 γὰρ
274 515 401 552 εἴρηκεν·
423 525 431 541 ι
453 516 494 542 Ἐν
509 516 593 551 τούτῳ
611 516 758 550 γνώσονται
780 517 887 548 πάντες,

96 563 143 588 ὅτι
166 563 230 596 ἐμοὶ
248 561 366 597 μαθηταί
389 563 449 588 ἐστε
460 582 467 591 ,
485 562 532 588 ἐὰν
548 563 657 597 ἀγάπην
674 563 751 597 ἔχητε
767 564 795 588 ὲν
810 562 890 597 ἀλλή-

97 608 159 639 λοις
178 608 246 642 (5‘2).
259 619 268 634 ι
286 609 366 634 Ὀσον
382 608 435 643 γὰρ
457 609 504 634 ἐὰν
528 609 646 645 κοπιάεῃ
667 609 820 644 ἄνθρωπος,
844 609 889 634 καὶ

100 654 142 689 μὴ
158 654 209 690 ἔχῃ
228 654 277 689 τὴν
292 654 402 689 ἀγάπην
417 655 456 686 εἰς
471 654 516 680 τὸν
536 655 658 689 πλησίον,
672 656 712 686 εὶς
730 655 817 690 μάτην
831 655 889 680 ὲκο-

98 700 213 726 πίασεν.
236 700 312 726 Οὕτω
331 701 359 726 δὲ
379 700 475 732 Satist;
497 701 546 736 τὴν
570 700 679 735 ἀγάπην
702 702 741 730 εἰς
762 701 806 726 τὸν
823 700 875 734 πλη

99 743 172 774 σίον,
191 744 221 769 οὺ
238 743 309 778 λόγῳ
327 744 422 778 μόνον,
443 744 511 770 ἀλλὰ
527 745 572 770 καὶ
590 744 670 779 ἔργῳ.
692 745 728 770 Οὐ
745 746 890 779 κρατήσεις

98 789 204 815 κακίαν
217 789 288 820 τινος
307 791 346 821 εἰς
362 791 410 825 τὴν
428 790 540 826 καρδίαν
563 799 609 817 σου
623 799 629 805 ·
647 791 670 816 εἰ
685 791 713 817 δὲ
731 791 767 826 μή
784 799 826 824 γε,
840 791 889 816 οὐκ

940 195 1076 230 prophetae
1092 196 1123 221 "".
1145 205 1154 222 ι
1182 195 1252 223 Deus
1278 196 1398 224 charitas
1421 199 1463 224 est
1479 215 1486 228 ,
1512 200 1538 223 et
1562 196 1620 230 ipse
1647 196 1721 230 prior

940 241 1035 268 dilexit
1056 241 1202 274 hominem,
1226 249 1258 269 ac
1272 249 1301 269 se
1316 242 1373 277 ipse
1387 241 1497 268 tradidit
1521 249 1569 276 pro
1588 241 1678 273 nobis,
1693 246 1722 268 ut

940 295 991 315 nos
1008 287 1134 314 liberaret
1152 288 1185 314 ab
1199 289 1273 315 omni
1295 288 1447 323 iniquitate.
1463 286 1489 313 Si
1505 287 1586 322 igitur
1599 288 1656 322 ipse
1669 286 1721 314 Do-

940 333 1031 360 minus
1048 341 1097 368 pro
1114 334 1192 360 nobis
1208 338 1332 361 mortuus
1346 339 1398 367 est,
1415 339 1442 360 et
1458 333 1509 368 ipsi
1530 341 1579 368 pro
1598 333 1658 360 aliis
1673 332 1721 360 de-

940 379 1035 407 bemus
1057 380 1162 406 animas
1185 384 1295 407 nostras
1312 388 1422 414 ponere.
1442 379 1513 407 Deus
1533 379 1653 407 eharitas
1669 384 1720 411 est.

940 429 966 452 et
978 426 1023 460 qui
1045 425 1125 452 habet
1139 425 1308 457 charitatem,
1326 425 1409 452 Deum
1424 425 1514 452 habet.
1530 424 1589 460 Ipse
1605 432 1722 459 namque

939 471 1030 497 dixit:
1051 480 1060 496 ‹
1085 470 1113 497 lu
1136 471 1187 498 hoc
1209 474 1374 506 cognoscent
1391 479 1485 498 omnes
1500 471 1572 504 quod
1594 470 1720 505 discipuli

941 517 993 544 mei
1009 517 1085 550 estis,
1100 518 1122 544 si
1137 517 1309 544 dilectionem
1321 517 1470 544 habueritis
1486 516 1519 542 ad
1537 517 1651 543 invicem
1668 516 1718 542 τ’.»

939 563 1186 598 Quantumcunque
1200 563 1271 590 enim
1286 563 1449 589 laboraverit
1465 562 1555 594 homo,
1567 562 1721 589 sidilectio-

940 617 1000 636 nem
1011 616 1063 636 non
1076 609 1173 635 habeat
1185 616 1247 644 erga
1259 608 1423 642 proximum,
1437 607 1538 634 frustra
1549 607 1719 634 laboraverit.

940 655 978 682 Ita
989 655 1116 682 ostendas
1127 655 1299 682 dileCIionem
1313 662 1376 689 erga
1392 653 1556 688 proximum.
1568 661 1622 680 non
1638 653 1721 680 verbo

940 704 1056 733 tantum,
1082 699 1129 727 sed
1152 699 1233 726 etiam
1251 705 1342 733 opere.
1357 697 1417 724 Non
1440 697 1570 724 retinebis
1590 696 1722 724 oﬂensam

940 746 1054 780 alicujus
1065 745 1092 772 in
1101 744 1182 772 corde
1194 748 1251 775 tuo,
1266 743 1384 778 alioquin
1398 742 1518 777 precatio
1531 745 1577 769 tua
1587 741 1621 768 ad
1637 741 1722 768 Deum

941 799 1008 827 pura
1031 799 1085 818 non
1101 791 1238 818 ascendet.
1262 799 1271 815 ‹
1290 790 1348 817 Non
1373 789 1478 816 occidet
1493 789 1566 815 enim
1581 787 1622 815 sol
1640 794 1722 821 super

98 835 249 870 ἀνέρχεται
269 836 364 871 ήεύχή
386 844 433 862 σου
451 836 558 872 καθαρὰ
580 837 647 871 πρὸς
671 837 716 863 τὸν
732 836 797 862 Θεόν
820 836 886 870 (55).

939 837 1108 864 iracundiam
1131 840 1247 863 vestram
1263 835 1297 862 5°.
1316 845 1325 860 ›
1347 834 1598 866 Mansuetudinem,
1619 833 1722 868 patien-

101 882 183 907 συὺκ
206 882 360 908 magum
379 882 432 917 γὰρ
452 883 466 908 ὁ
487 882 561 916 ἣλιος
584 883 629 908 ἐπὶ
650 882 688 917 τῷ
709 881 888 918 παροργισμῷ

98 928 192 963 ὑμῶν.
208 938 216 954 ι
237 928 380 963 Πραότητα
397 928 451 963 ἔχε,
469 928 606 963 ὑπομονὴν
621 928 676 963 ἔχε,
688 928 887 964 μακροθυμίαν,

98 975 265 1009 νηπιότητα.
281 975 361 1009 Λέγει
379 974 433 1010 γὰρ
456 975 470 1001 ὁ
486 974 586 1010 Κύριος
600 983 606 988 ·
635 984 644 1000 ι
661 974 722 1000 Ἐὰν
748 975 784 1010 μὴ
809 963 889 1010 στρα-

99 1022 173 1056 φῆτε
188 1042 195 1053 ,
211 1023 259 1048 καὶ
279 1022 394 1057 γένησοε
409 1023 446 1054 ὡς
463 1023 497 1048 τὰ
512 1023 615 1053 παιδία,
643 1023 672 1049 οὐ
698 1023 735 1058 μὴ
751 1023 888 1058 εἰσέλθητε

97 1068 143 1098 εἰς
156 1066 206 1101 τὴν
219 1067 356 1101 βασιλείαν
375 1067 428 1094 τῶν
444 1068 574 1103 οὐρανῶν.
595 1077 606 1094 ι

138 1112 184 1139 ΞΞ.
205 1113 242 1139 Οὺ
261 1113 298 1148 μὴ
311 1113 454 1149 λυπηθήσῃ
471 1113 589 1148 χαλεποῦ
604 1122 676 1145 τινος
698 1113 889 1148 συμϐαίνοντος

101 1167 156 1190 σοι,
172 1158 234 1185 οὔτε
254 1159 299 1185 ἐπὶ
316 1150 560 1196 ζημῖᾆλυπῆοήσῃ
576 1160 642 1195 (54),
661 1159 721 1186 οὔτε
739 1161 784 1186 ἐπὶ
799 1159 887 1196 ὕϐρει·

103 1213 114 1228 ε
138 1203 171 1230 Ἣ
186 1203 256 1239 λύπη
272 1204 325 1239 γὰρ
339 1205 386 1231 τοῦ
401 1205 501 1240 κύαμον
518 1205 611 1231 τούτου
629 1205 741 1232 θάνατον
756 1205 890 1241 κατεργά-

101 1249 190 1280 ζεται.
208 1258 217 1274 ι
241 1249 325 1284 ’Υπὲρ
343 1249 396 1275 τῶν
412 1249 554 1284 ἁμαρτιῶν
574 1258 620 1276 σου
638 1250 715 1285 μόνον
735 1250 888 1286 λυπηθήσῃ,

102 1294 175 1329 ὐπὲρ
191 1294 270 1321 ἄλλου
282 1295 310 1320 δὲ
324 1295 484 1330 πράγματος
499 1295 597 1330 μικροῦ
620 1296 650 1322 οὐ
668 1295 822 1332 λυπηθήσῃ.
843 1296 888 1331 Μὴ

94 1339 216 1376 ὀψώσης
233 1340 282 1375 τὴν
300 1343 389 1374 φωνὴν
403 1349 447 1366 σου
461 1341 625 1376 ὀργιζομένη
645 1341 713 1376 πρός
728 1349 788 1367 τινα
801 1350 807 1356 ·
829 1340 891 1367 δού-

101 1385 152 1419 λην
169 1385 223 1420 γὰρ
246 1385 349 1420 Κυρίου
372 1386 401 1411 οὐ
419 1385 458 1411 δεῖ
483 1385 624 1420 μάχεσθαι.
649 1385 705 1411 Οὐκ
722 1385 889 1418 ἐξελεύσεται

102 1431 210 1466 κατάρα
229 1432 260 1457 ἐκ
276 1431 321 1457 τοῦ
341 1431 471 1466 στόματός
487 1439 543 1462 σου,
561 1431 609 1465 οὐχ
627 1430 715 1466 ὕϐρις,
731 1431 760 1457 οὐ
779 1431 890 1457 κακολο-

101 1477 158 1511 γία.
176 1477 214 1504 Τὸ
238 1478 324 1512 στόμα
350 1486 396 1503 σου
418 1477 472 1514 γὰρ
498 1478 662 1513 ἡγιασμένον
687 1479 762 1504 ἐστὶν
782 1479 810 1504 ὲν
833 1479 888 1510 τοῖς

939 883 1016 915 tiam,
1036 883 1207 910 tolerantiam
1223 885 1249 908 et
1269 881 1469 915 simplicitatem
1487 880 1606 907 infantia:
1624 879 1720 906 retine.

939 929 983 956 Ait
996 931 1096 964 quippe
1118 928 1270 955 Dominus:
1289 937 1299 953 ι
1317 926 1375 954 Nisi
1397 926 1606 959 convertamini,
1621 929 1648 953 et
1667 924 1723 952 elli-

940 975 1049 1003 ciamini
1064 976 1134 1002 sicut
1150 975 1265 1010 parvuli,
1282 982 1335 1001 non
1351 973 1488 1001 intrabitis
1504 973 1531 1000 in
1544 979 1655 1007 regnum
1669 979 1724 1000 cce.

940 1021 1027 1048 lorum
1042 1022 1074 1047 ⁸⁸.
1091 1031 1100 1046 ι

974 1108 1017 1135 22.
1029 1107 1068 1136 Ne
1083 1108 1246 1136 contristere
1261 1108 1285 1135 si
1300 1108 1363 1143 quid
1379 1107 1523 1135 adversum
1539 1106 1644 1134 accidat
1658 1105 1719 1137 tibi,

939 1163 1028 1190 neque
1052 1154 1086 1182 de
1109 1158 1220 1190 accepto
1242 1154 1342 1182 damno
1358 1154 1401 1181 vel
1426 1152 1589 1180 contumelia
1606 1151 1720 1179 doleas:

942 1209 951 1225 ι
966 1200 1089 1227 Tristitia
1101 1200 1173 1228 enim
1189 1201 1271 1234 hujus
1287 1200 1390 1231 mundi,
1404 1203 1518 1227 mortem
1532 1201 1661 1232 operatur
1669 1196 1720 1222 ".v

940 1246 978 1274 De
1006 1246 1059 1274 tuis
1083 1246 1169 1273 solum
1195 1247 1316 1281 peccatis
1339 1245 1452 1273 doleas:
1470 1245 1504 1273 de
1526 1244 1578 1271 alia
1594 1251 1624 1271 re
1645 1244 1722 1278 parvi

940 1293 1067 1320 momenti
1089 1300 1122 1319 ne
1138 1293 1313 1319 contristere.
1337 1291 1376 1319 Ne
1396 1292 1504 1318 attollas
1521 1298 1612 1318 vocem
1631 1290 1658 1316 in
1673 1289 1723 1316 ali-

940 1345 1018 1372 quem
1033 1345 1088 1372 pra:
1108 1337 1247 1364 iracundia
1262 1347 1268 1364 :
1285 1337 1411 1364 ancillam
1427 1337 1527 1372 quippe
1546 1335 1654 1362 Domini
1667 1342 1722 1362 non

940 1382 1017 1409 decet
1027 1382 1189 1415 disceptare.
1205 1381 1263 1408 Non
1279 1381 1364 1409 exibit
1376 1382 1409 1408 de
1417 1389 1464 1408 ore
1476 1385 1523 1407 tuo
1535 1380 1721 1410 maledictum.

939 1435 993 1455 non
1010 1427 1186 1459 contumelia,
1214 1435 1266 1454 non
1292 1426 1465 1454 obtrectatio.
1490 1425 1528 1452 Os
1551 1425 1623 1452 enim
1644 1428 1721 1450 tuum

941 1473 1137 1501 sanctificatum
1152 1478 1193 1500 est
1208 1466 1316 1508 hy'mnis
1336 1477 1362 1499 et
1378 1472 1504 1498 laudibus
1519 1471 1575 1498 Dei.
1597 1470 1649 1496 Par
1666 1476 1721 1496 non

102 1522 198 1556 ὕμνοις
212 1523 260 1549 καὶ
276 1523 440 1557 δοξολογίαις
453 1523 499 1550 τοῦ
517 1524 594 1550 Θεοῦ.
612 1524 668 1550 Οὐκ
685 1523 742 1550 ἔστι
759 1524 838 1550 καλὸν
858 1524 886 1550 τὸ

939 1524 979 1547 est
992 1520 1046 1555 94,
1061 1519 1168 1554 prodire
1183 1524 1207 1546 te
1223 1519 1325 1554 absque
1341 1525 1438 1553 magna
1455 1517 1626 1545 necessitate.
1639 1515 1721 1549 Quie-

103 1566 285 1604 προέρχεσθαί
298 1577 325 1595 σε
337 1570 419 1604 χωρὶς
437 1569 556 1604 μεγάλης
567 1569 698 1605 ἀνάγκης.
711 1570 766 1604 Τὴν
776 1570 888 1605 ἡσυχίαν

102 1614 198 1648 ἀγάπα
217 1615 278 1640 ὅσον
294 1614 406 1640 δύνασαι
416 1623 423 1630 ⁶
442 1615 502 1640 Τῶν
518 1614 617 1641 δούλων
634 1615 681 1641 τοῦ
697 1614 764 1641 Θεοῦ
779 1615 815 1649 μὴ
830 1616 888 1640 ἐπι-

102 1660 182 1696 λαθῃ,
201 1660 268 1694 μηδὲ
292 1659 537 1695 ἁπαλειφοήτωσαν
562 1661 593 1686 ὲκ
616 1660 666 1695 τῆς
693 1661 805 1696 καρδίας
830 1669 886 1688 σου.

78 1710 82 1721 τ
109 1706 171 1732 Ἐὰν
196 1705 353 1750 ἆγιορκϐῃ
376 1707 414 1737 εἰς
432 1706 480 1741 τὴν
503 1706 592 1732 οἰκίαν
615 1714 675 1737 σου,
698 1705 783 1738 οὕτως
808 1706 887 1732 αὑτὸν

103 1751 259 1786 πρόςδεξαι,
276 1751 313 1782 ὼς
327 1750 370 1777 τὸν
389 1751 451 1778 Υἱὸν
472 1752 518 1778 τοῦ
536 1751 602 1778 Θεοῦ
613 1761 619 1766 ·
643 1752 716 1786 λέγει
730 1752 784 1788 γὰρ
801 1753 814 1778 ὁ
834 1752 888 1778 Κύ-

104 1806 161 1833 ριος
178 1797 255 1832 ἡμῶν
278 1797 381 1832 Ἰησοῦς
406 1798 540 1833 Χριστὸς’
568 1807 576 1822 ι
595 1798 623 1824 '0
645 1797 788 1833 δεχόμενος
817 1799 888 1833 ὑμᾶς

102 1843 153 1877 ἐμὲ
179 1842 319 1877 δέχεται.»
345 1842 407 1869 Ἐὰν
430 1842 537 1878 εἰσέλθῃ
562 1843 630 1879 ἀνὴρ
653 1843 754 1874 δίκαιος
780 1844 819 1875 εἰς
842 1843 887 1869 τὸν

102 1885 176 1914 οἶκόν
193 1896 250 1919 σου,
269 1887 338 1923 μετὰ
352 1888 434 1922 φόϐου
451 1889 498 1914 καὶ
514 1888 613 1924 τρόμου
629 1889 792 1923 ἀπαντήσεις
802 1889 885 1924 αὐτῷ,

103 1936 150 1961 καὶ
178 1935 377 1969 προτκυνήσεις
404 1934 519 1960 ἐνώπιον
541 1934 595 1960 τῶν
621 1934 708 1961 ποδῶν
731 1935 812 1960 αὑτοῦ
842 1935 887 1960 ἐπὶ

103 1980 151 2014 τὴν
164 1979 226 2014 γῆν.
245 1979 282 2005 Οὐ
297 1979 350 2014 γὰρ
364 1979 443 2006 αὑτὸν
456 1980 665 2015 προσκυνήσεις,
678 1979 746 2006 ἀλλὰ
760 1980 805 2006 τὸν
821 1980 886 2010 Θεὸν

102 2025 147 2051 τὸν
164 2025 361 2051 ἀποστείλαντα
381 2025 471 2051 αὐτόν.
487 2025 566 2061 Λήψῃ
583 2025 612 2052 δὲ
628 2025 710 2060 ὕδωρ,
734 2026 780 2052 καὶ
801 2026 886 2060 νίψεις

104 2070 165 2100 τοὺς
177 2069 261 2100 7.1361;
277 2069 369 2100 αὐτοῦ,
385 2069 432 2096 καὶ
450 2070 518 2104 μετὰ
536 2071 626 2105 πάσης
649 2070 790 2102 εὐλαϐείας
806 2071 887 2098 ἀκού-

106 2123 159 2146 σεις
175 2114 229 2140 τῶν
241 2115 328 2149 λόγων
340 2115 432 2142 αὑτοῦ.
453 2116 490 2142 Οὐ
508 2116 544 2151 μὴ
567 2116 706 2152 θαρῤήσῃς
723 2118 768 2143 ἐπὶ
781 2119 813 2152 τῇ
836 2126 887 2144 σω-

106 2160 222 2196 φροςύνῃ
241 2169 298 2189 σου.
318 2162 359 2188 ἵνα
381 2162 417 2197 μὴ
433 2162 534 2198 πέσῃςν
562 2162 628 2188 ἀλλὰ
648 2163 730 2197 φοϐοῦ
742 2171 748 2178 “
766 2164 807 2197 ἐφ’
825 2164 885 2189 ὅσον

107 2206 157 2242 γὰρ
173 2206 241 2241 φοϐῇ
255 2227 262 2238 ,
284 2207 411 2234 οὐδέποτε
435 2208 554 2239 πίπτεις.
578 2209 712 2243 Συμφέρει
729 2210 762 2244 τῇ
784 2210 885 2245 ἐγκρα-

106 2253 235 2288 τευομένῃ
251 2253 405 2287 καταμόνας
420 2254 464 2280 τὸν
481 2255 580 2288 ἑαυτῆς
606 2254 685 2290 ἄρτον
701 2255 808 2281 ἐσθίειν.
825 2256 886 2281 Ἐὰν

108 2299 214 2334 καθίσῃς
228 2299 296 2334 μετὰ
313 2300 453 2334 παρθένων
470 2300 515 2327 ἐπὶ
526 2301 673 2336 τραπέζης,
689 2303 742 2328 πᾶν
755 2302 784 2328 τὸ
800 2310 888 2337 παρα-

108 2344 213 2371 θέμενον
229 2345 301 2371 ἔσθιε
316 2347 373 2379 μετ’
389 2347 486 2373 αὐτῶν.
510 2347 571 2372 Ἐὰν
591 2347 645 2382 γὰρ
659 2348 696 2382 μὴ
711 2348 801 2382 φάγῃς
815 2367 821 2378 ,
842 2349 887 2374 εὖ·

110 2391 184 2427 ρεσκῃ
195 2391 232 2423 ὡς
249 2393 447 2427 κατακρίνουσα
467 2393 561 2424 αὑτάς.
587 2394 642 2419 Οὐκ
658 2393 816 2427 ἀναγγελεῖς
832 2394 882 2428 τὴν

108 2435 216 2471 ἄσκησιν
233 2446 290 2464 σου.
313 2438 374 2464 Ἐὰν
392 2438 420 2464 δὲ
443 2439 489 2464 καὶ
504 2437 576 2465 οἶνον
594 2439 710 2470 πίνουσι,
728 2440 775 2466 καὶ
791 2439 820 2466 οὐ
839 2441 883 2465 πί-

139 2516 161 2532 ⁷¹
180 2516 275 2543 Matth.
295 2525 349 2544 xxn
361 2538 367 2548 ,
385 2517 419 2543 57
432 2538 439 2548 ,
456 2517 499 2544 40.

111 2551 148 2579 10.
199 2552 223 2567 ⁸³
242 2551 325 2578 Marc.
343 2560 388 2584 Ix,
407 2553 441 2579 36

538 2518 560 2533 "
580 2516 657 2544 Joan.
677 2525 725 2544 ιιιι
739 2538 745 2549 ,
766 2517 809 2544 55.

140 2641 193 2674 (Εἱῖ)
211 2641 368 2678 Basiliensis
380 2647 405 2668 et
420 2642 536 2677 Anglic”
545 2643 592 2669 ἐὰν
606 2643 729 2676 ἀγαπᾶτε
738 2642 877 2678 ἀλλήλους.

109 2712 124 2739 d
139 2677 236 2738 (53)tln
265 2677 346 2704 Basil.
365 2683 390 2704 et
414 2677 519 2712 Anglic.
546 2678 602 2705 haec
636 2679 702 2713 πρὸς
737 2678 782 2704 τὸν
799 2677 877 2706 Θεόν,

125 2720 187 2738 esuu
205 2733 211 2738 .

272 2754 367 2774 omnes
391 2755 457 2773 mss.
485 2755 511 2774 in
533 2747 614 2775 editis
632 2756 705 2779 vero.
738 2747 879 2783 ).υπηοήσῃ

126 2790 164 2808 «es
179 2801 186 2808 .

126 2787 186 2809 eest.

141 2817 193 2852 (55)
209 2816 236 2843 In
254 2817 310 2843 lucc
332 2817 411 2844 verba
433 2820 505 2844 notat
533 2817 604 2846 Felc.
633 2818 708 2852 Quod
730 2818 769 2844 llic
784 2818 879 2845 mentio

848 2517 871 2533 ⁸ο
891 2517 990 2553 Ephes.
1009 2526 1044 2550 Iv,
1060 2518 1105 2545 ‘26.

940 1569 992 1592 tem
1014 1573 1073 1592 ama
1100 1569 1231 1600 quantum
1255 1569 1339 1599 potes.
1367 1563 1512 1590 Serrorum
1534 1562 1581 1589 Dei
1597 1569 1632 1589 ne
1652 1560 1721 1588 obli-

939 1612 1052 1643 viscere,
1077 1620 1163 1645 neque
1181 1611 1323 1638 deleantur
1347 1610 1385 1636 illi
1401 1617 1432 1636 ex
1452 1608 1535 1636 corde
1554 1612 1611 1634 tuo.
1629 1606 1657 1634 Si
1680 1607 1722 1634 vir

939 1661 1049 1682 sanctus
1064 1655 1168 1682 venerit
1182 1655 1208 1681 in
1224 1655 1334 1682 domum
1352 1658 1436 1686 tuam,
1452 1653 1488 1680 ita
1502 1652 1619 1687 excipite
1634 1652 1720 1684 illum,

938 1702 1015 1735 quasi
1031 1701 1128 1727 Filium
1146 1699 1211 1731 Dei;
1237 1701 1274 1727 ait
1295 1700 1366 1727 enim
1384 1699 1514 1726 Dominus
1534 1701 1628 1725 noster
1641 1696 1722 1724 Jcsus

937 1747 1063 1774 Christus
1081 1757 1086 1773 :
1106 1757 1113 1771 ι
1137 1746 1187 1779 Qui
1205 1754 1254 1773 vos
1276 1745 1404 1780 suscipit,
1419 1752 1462 1771 me
1485 1743 1600 1778 suscipit
1613 1743 1646 1770 ⁸³.
1663 1753 1672 1768 ι
1692 1742 1722 1769 Si

939 1795 1077 1828 ingressus
1104 1793 1185 1820 fuerit
1211 1793 1251 1820 vir
1273 1793 1365 1827 justus
1382 1792 1408 1819 in
1424 1791 1534 1818 domum
1559 1795 1643 1821 tuam.
1659 1798 1721 1817 cum

937 1841 1034 1867 timore
1049 1846 1075 1868 et
1091 1844 1210 1867 tremore
1229 1847 1359 1867 occurres
1383 1839 1447 1874 ipsi,
1464 1841 1491 1865 et
1506 1837 1631 1873 procides
1646 1837 1722 1864 humi

938 1888 970 1913 ad
977 1886 1058 1920 pedes
1067 1886 1127 1920 ejus
1136 1886 1254 1913 adorans
1267 1886 1332 1921 (55).
1347 1884 1404 1912 Non
1413 1885 1485 1912 enim
1498 1884 1573 1910 illum
1583 1883 1720 1914 adorabis,

937 1933 984 1960 sed
1006 1933 1090 1959 Deum
1114 1933 1159 1967 qui
1180 1933 1255 1959 misit
1274 1932 1373 1966 ipsum.
1391 1932 1468 1966 Aqua
1483 1934 1604 1964 accepta,
1618 1929 1722 1956 lavabis

937 1979 1019 2014 pedes
1029 1979 1100 2013 ejus,
1116 1983 1215 2005 etcum
1232 1978 1304 2004 omni
1320 1977 1472 2005 reverentia
1486 1976 1568 2003 verba
1586 1975 1659 2002 illius
1673 1982 1722 2001 au-

937 2025 1005 2051 dies.
1021 2023 1079 2051 Non
1102 2024 1224 2051 conﬁdas
1240 2024 1267 2050 in
1288 2028 1332 2050 tua
1349 2023 1486 2055 castitate,
1506 2030 1539 2049 ne
1560 2020 1658 2054 cadas;
1673 2020 1721 2048 sed

938 2071 1002 2098 time
1019 2080 1024 2097 :
1039 2075 1140 2105 quanto
1165 2074 1286 2105 tempore
1306 2069 1415 2096 timebis
1430 2076 1483 2095 non
1508 2067 1646 2103 peccabis.
1669 2066 1722 2092 Ιὶκι

936 2116 1009 2150 pedit
1028 2116 1212 2143 continentem
1227 2123 1350 2143 seorsum
1362 2122 1458 2150 panem
1473 2121 1552 2141 suum
1567 2112 1719 2140 comedere.

938 2162 966 2190 Si
980 2163 1083 2190 sederis
1101 2163 1133 2189 ad
1147 2170 1268 2190 mensam
1286 2169 1347 2189 cum
1359 2161 1519 2196 virginibus,
1534 2160 1568 2187 de
1580 2159 1649 2186 cibis
1659 2165 1720 2185 om-

940 2209 1019 2236 nibus
1034 2209 1181 2244 propositis
1198 2210 1324 2235 comedes
1347 2215 1408 2235 cum
1438 2207 1501 2234 illis.
1525 2205 1591 2232 Nam
1618 2205 1640 2231 si
1665 2211 1720 2230 non

939 2253 1102 2285 comederis,
1118 2254 1244 2281 videbere
1261 2253 1322 2279 illas
1338 2252 1500 2287 improbare.
1519 2250 1577 2277 Non
1594 2249 1719 2276 declara-

938 2301 980 2328 bis
996 2301 1102 2327 asccsin
1115 2309 1162 2328 seu
1175 2300 1397 2327 exercitationem
1415 2304 1498 2325 tuam.
1517 2297 1544 2324 Si
1561 2297 1653 2323 vinum
1665 2302 1718 2321 non

937 2344 1014 2371 bibas
1035 2348 1061 2372 et
1079 2345 1173 2372 bibant
1194 2346 1268 2379 ipsm,
1291 2353 1386 2380 parum
1410 2343 1496 2370 bibito
1510 2343 1603 2369 earum
1620 2340 1718 2375 gratia.

937 2393 1013 2426 Quod
1040 2395 1061 2422 si
1086 2395 1176 2421 adsint.
1192 2402 1295 2428 magna:
1318 2401 1396 2424 anus,
1415 2396 1442 2419 et
1466 2391 1568 2425 largius
1584 2393 1610 2416 te
1626 2388 1719 2415 bibere

937 2445 1045 2475 cogant.
1062 2449 1094 2468 ne
1111 2440 1207 2467 audias
1221 2441 1293 2471 illas,
1311 2439 1358 2466 sed
1373 2439 1417 2465 dic
1429 2437 1502 2464 illis:
1519 2435 1572 2463 Vos
1590 2435 1616 2461 in
1630 2432 1718 2460 ascesi

1145 2518 1164 2533 ’“
1185 2517 1278 2544 Matth.
1301 2524 1387 2547 Win.
1406 2516 1432 2541 ὅ.
1497 2513 1520 2530 ι’
1542 2511 1564 2540 ll
1580 2512 1642 2540 Cor.
1661 2518 1717 2543 VII.

932 2640 1073 2668 estdomus
1096 2639 1205 2665 moniali
1225 2637 1349 2672 propria’,
1366 2636 1468 2664 videtur
1493 2635 1520 2662 id
1540 2635 1648 2672 innuere
1664 2642 1716 2661 au-

932 2681 1028 2702 ctorem
1049 2675 1118 2708 loqui
1133 2674 1164 2700 de
1187 2670 1276 2708 genere
1291 2672 1478 2708 "nonac/lorum
1492 2677 1550 2705 quae
1565 2678 1615 2696 non
1628 2670 1653 2696 in
1666 2676 1733 2708 car:

936 2711 1031 2739 nobiis.
1049 2709 1093 2736 sed
1111 2707 1256 2736 domi’sua:
1270 2708 1356 2734 virum
1369 2715 1377 2733 :
1393 2707 1558 2733 observantes
1571 2710 1657 2731 tamen
1675 2713 1717 2731 re-
1730 2707 1751 2739 ’κζ

934 2746 1023 2780 gulam
1051 2744 1233 2780 claustruliunt
1248 2745 1273 2780 in
1290 2744 1355 2780 idem
1367 2747 1400 2780 Δεἰ
1415 2742 1520 2780 amictu.
1545 2740 1621 2780 Quod
1628 2748 1715 2780 genus

935 2776 1052 2815 frequens
1068 2779 1190 2806 videant"
1202 2778 1352 2811 Wulm‘hia,
1363 2777 1456 2804 (iussin
1471 2782 1494 2804 ιί
1511 2777 1612 2804 «vteris
1623 2776 1716 2802 Orien-

935 2817 1030 2844 talibus
1045 2815 1192 2851 provinciis.
