1915 3057
208 107 261 136 279

790 105 817 134 S.
836 106 1067 137 ATHANASIUS.
1089 124 1123 129 —
1141 109 1254 138 DUBIA.

1762 111 1819 138 280

208 173 257 194 seu
272 165 465 193 exercitatione
485 163 568 192 multa
581 163 749 198 iuventutem
762 169 878 192 vestram
898 169 982 193 trans-

1042 176 1090 202 νῃς
1108 188 1115 198 ,
1135 167 1168 194 δι’
1194 167 1277 199 αὑτὰς
1297 167 1341 193 πίε
1368 167 1466 200 ὀλίγον,
1487 167 1549 194 Ἐὰν
1575 167 1602 193 δέ
1628 169 1679 194 εἰσι
1702 169 1820 202 μεγάλαι

207 211 320 246 egistis:
333 215 360 238 at
375 219 425 246 ego
440 219 472 238 ne
486 210 519 238 ad
539 210 655 245 primum
672 210 780 245 quidem
795 215 913 239 vestrum
924 219 986 247 gra-

207 256 272 284 dum
287 257 406 291 perveni.
418 255 503 284 Porro
511 256 544 284 de
557 256 741 291 hospitalitate
755 260 781 284 et
794 257 985 293 eleemosynis.

206 309 261 330 non
276 310 344 338 opus
358 306 400 331 est
415 306 445 330 ut
459 303 640 330 admonearis.
657 301 685 329 Id
700 303 772 330 enim
787 307 815 330 tu
829 309 925 338 sponte
940 308 986 331 tua

206 347 300 377 facies.

1040 212 1227 247 πρετϐύτιδες,
1243 213 1288 239 καὶ
1303 213 1476 245 ἀναγκάζωσί
1497 221 1524 239 σε
1543 213 1613 239 πιεῖν
1626 214 1762 248 περισσὸν.
1779 214 1820 249 μὴ

1041 258 1160 294 ἀκούσῃς
1173 259 1272 290 αὐτῶν,
1286 258 1353 285 ἀλλὰ
1367 259 1428 292 λέγε
1447 259 1541 290 αὑταῖς
1555 268 1561 274 ·
1585 260 1676 294 Ὑμεῖς
1695 261 1822 295 κατετρί-

1039 304 1109 338 ψατε
1121 305 1169 340 τὴν
1185 305 1297 340 νεότητα
1315 305 1390 340 ὑμῶν
1411 306 1440 330 ἐν
1454 305 1568 340 ἀσκήσει
1591 305 1672 341 πολλῇ
1686 314 1692 320 ·
1712 305 1766 340 ἐγὼ
1788 306 1821 331 δὲ

1041 350 1118 377 οὔπω
1134 351 1238 386 ἔφθασα
1262 352 1322 378 οὐδὲ
1343 353 1381 383 εἰς
1401 352 1506 388 πρῶτον
1532 352 1633 388 βαθμὸν
1652 352 1727 387 ὑμῶν

206 396 273 432 Περὶ
298 396 327 423 δὲ
351 396 401 432 τῆς
425 395 575 430 φιλοξενίας
593 395 645 431 ¹καὶ
670 397 719 432 τῆς
743 395 927 432 ὲλεημοσύνης
953 396 983 422 οὐ
1003 397 1097 432 χρείαν
1116 398 1186 433 ἔχεις
1217 399 1407 427 νουθετεῖσθαι.
1440 399 1505 426 Ἀπὸ
1537 399 1649 434 σεαυτῆς
1671 399 1724 434 γὰρ
1743 399 1822 435 ποιή-

206 453 272 475 σεις.

239 503 283 530 25.
301 501 330 529 In
345 502 458 530 ecclesia
473 505 543 534 tace,
560 509 609 528 nec
633 501 779 536 quidquam
795 502 921 536 loquare;
938 499 986 528 sed

205 548 314 576 attende
333 548 420 575 solum
437 547 557 574 lectioni.
579 547 608 574 Si
630 548 677 574 tibi
690 549 716 574 in
741 550 857 575 mentem
882 548 986 575 venerit

205 594 314 630 aliquod
331 601 400 629 opus
416 600 553 628 peragere,
571 601 605 620 ne
624 597 725 621 temere
740 594 765 621 id
782 602 856 629 agas,
874 601 908 621 ne
923 594 984 620 illu-

204 641 250 668 dat
261 641 309 667 tibi
322 640 465 672 inimicus;
481 639 528 666 sed
543 647 605 666 cum
620 640 735 667 consilio
748 641 879 675 majorum
893 640 983 668 omnia

204 693 364 721 exsequare.
385 685 451 712 Cum
467 685 567 720 psalles
584 690 629 712 aut
643 686 745 717 orabis,
761 693 794 712 ue
810 685 893 712 sinito
907 693 985 720 pere-

204 731 297 767 grinas
311 731 490 766 cogitationes
508 738 556 757 cor
565 731 658 758 subire
673 736 759 758 tuum.
773 731 847 766 Rogo
862 735 898 762 te.
916 731 986 757 dile-

204 781 259 808 cta,
282 780 311 804 ut
337 776 460 803 attendas
483 775 631 811 audiasque
652 781 786 811 przecepta
799 777 850 803 hoc
873 778 899 803 in
915 776 985 803 libro

1074 498 1119 525 95.
1147 498 1192 524 'Ev
1207 497 1338 533 ἐκκλησίᾳ
1355 498 1458 530 σιώπα,
1475 499 1521 525 καὶ
1536 499 1619 534 μηδὲν
1640 499 1713 527 λάλει
1727 521 1733 533 ,
1750 502 1822 530 ἀλλὰ

1038 547 1070 580 τίη
1088 543 1238 578 ἀναγνώσει
1255 545 1333 579 μόνον
1348 544 1473 579 πρόσεχε.
1497 545 1559 571 Ἐὰν
1572 546 1693 582 ὲπαναὸῇ
1714 548 1753 578 εἰς
1767 549 1820 583 τὴν

1039 590 1150 626 καρδίαν
1168 599 1214 616 σου
1230 591 1368 625 λογισμὸς,
1392 591 1435 618 ἵνα
1452 592 1568 626 ποιήσῃς
1583 593 1697 627 πρᾶγμά
1721 602 1757 624 τι,
1779 594 1820 630 μὴ

1037 636 1179 671 προπετῶς
1192 636 1257 662 αὐτὸ
1272 637 1352 668 ποίει,
1369 637 1413 663 ἵνα
1429 636 1465 672 μὴ
1485 637 1606 673 ὲμπαίξῃ
1621 646 1650 664 σε
1670 639 1684 664 ὁ
1703 638 1797 674 ἐχθρός
1811 648 1818 653 ·

1035 682 1102 708 ἀλλὰ
1116 681 1184 717 μετὰ
1199 682 1296 717 βουλῆς
1311 683 1365 709 τῶν
1381 682 1544 718 μειζοτὲριυν
1559 691 1605 709 σου
1623 683 1711 716 πάντα,
1734 685 1819 712 ποίει.

1036 729 1120 755 Ὀταν
1134 728 1247 764 ψάλλῃς,
1263 729 1278 763 ἦ
1292 727 1346 764 (57)
1359 729 1423 754 ὅταν
1438 728 1586 764 προσεύχῃ,
1603 728 1639 764 μὴ
1651 728 1712 763 ἄφιε
1725 729 1821 762 ξένους

1035 774 1180 809 λογισμοὺς
1193 774 1302 801 εἰσιέναι
1321 775 1360 805 εἰς
1382 774 1431 808 τὴν
1454 774 1566 809 καρδίαν
1583 783 1640 802 σου.
1663 775 1819 811 Παρακαλῶ

204 822 318 856 scripta.
334 820 388 848 Nec
407 821 495 848 solum
511 821 598 848 oculis
616 820 795 848 exterioribus
811 828 870 855 qurc
885 821 982 856 Scripta

1038 828 1078 850 crs,
1098 819 1236 855 ἀγαπητὴ,
1255 819 1369 855 πρόσεχε
1387 819 1434 845 καὶ
1453 819 1533 846 ἄκουε
1549 820 1602 846 τῶν
1621 819 1733 847 ἐντολῶν
1755 821 1818 847 τού-

204 870 269 893 sunt
283 867 427 902 percipias,
451 867 498 894 sed
514 867 593 894 etiam
609 866 792 894 interioribus.
811 865 985 901 Singulisque

203 912 344 946 praeceptis
354 911 472 939 animum
486 911 592 943 adhibe,
603 916 630 938 et
644 911 688 938 illa
701 918 857 945 exsequere.
872 911 899 938 Si
912 913 984 938 enim

203 958 255 983 ista
271 956 432 987 servaveris,
447 956 520 991 regio
542 956 662 982 thalamo
679 955 760 990 digna
777 955 929 983 habeberis.
948 956 985 984 Ne

203 1001 304 1029 dixeris
322 1002 348 1029 in
361 1002 441 1029 corde
456 1007 503 1029 tuo
520 1011 527 1029 :
543 1001 665 1034 Quonam
684 1001 764 1028 modo
781 1001 838 1028 haec
857 1006 985 1036 prmstare

204 1047 316 1082 potero?
332 1047 371 1075 Ne
392 1049 488 1074 timore
507 1047 666 1081 corripiaris
684 1047 711 1074 in
741 1048 905 1082 cogitatione
919 1053 982 1080 tua;

203 1095 249 1122 sed
265 1094 288 1121 si
298 1102 359 1121 cum
371 1096 444 1121 omni
457 1094 596 1121 alacritate
605 1102 636 1121 ea
651 1093 823 1125 custodieris,
839 1093 921 1121 Deuni
937 1094 983 1120 ha-

202 1140 279 1167 bebis
300 1140 462 1174 adjutorem.
480 1140 545 1166 Nam
564 1141 723 1167 timentibus
750 1139 831 1166 Deum
858 1140 902 1167 Dei
918 1149 983 1175 pra:-

203 1191 280 1220 cepta
301 1194 354 1214 non
370 1189 434 1213 sunt
449 1185 578 1213 difficilia.
596 1185 674 1212 Nulla
691 1186 757 1213 hora
773 1185 880 1212 deﬁciat
894 1187 983 1213 oleum

203 1232 230 1258 in
244 1232 365 1271 lampade
375 1236 430 1262 tua.
440 1239 475 1258 ne
486 1232 596 1258 veniens
611 1239 738 1266 sponsus,
749 1238 808 1258 eam
822 1232 982 1258 exstinctam

203 1276 331 1304 inveniat.
347 1276 458 1312 Ignoras
473 1276 545 1304 enim
560 1285 614 1312 qua
635 1277 701 1304 hora
717 1282 846 1304 venturus
865 1278 910 1306 sit.
927 1279 983 1312 pri-

202 1330 283 1350 mone
306 1330 401 1349 somno
418 1330 452 1349 an
468 1330 557 1349 mane.
572 1322 668 1349 Parata
687 1323 769 1357 igitur
780 1327 855 1354 esto,
873 1329 900 1350 ut
921 1331 981 1350 cum

202 1368 315 1399 venerit,
335 1375 387 1394 una
408 1375 468 1394 cum
492 1367 670 1402 prudentibus
688 1367 794 1394 obviam
813 1368 863 1402 ipsi
879 1368 981 1398 venias,

203 1413 307 1440 habens
319 1413 407 1440 oleum
423 1414 450 1440 in
472 1413 595 1448 lampade
610 1417 667 1444 tua,
687 1413 736 1440 hoc
751 1417 801 1447 cst,
816 1414 885 1441 bona
902 1422 983 1448 opera

202 1463 259 1485 tua.
284 1457 403 1494 Singulis
422 1459 498 1486 horis
518 1464 652 1486 memento
673 1460 761 1487 exitus
781 1459 818 1486 tui
837 1468 843 1486 :
863 1460 983 1494 quotidie

1036 873 1088 891 των
1106 865 1159 892 τῶν
1173 865 1372 900 γεγραμμένων
1387 864 1466 907 ὲνέᾒ
1479 865 1572 899 βιϐλίῳ
1588 865 1693 908 τοὺἕξ
1708 867 1762 893 Καὶ
1778 867 1816 902 μὴ

1037 911 1115 946 μόνον
1131 911 1187 942 τοῖς
1209 910 1355 945 ὀφθαλμοῖς
1371 912 1426 942 τοῖς
1444 912 1614 946 φαινομένοις
1637 912 1759 938 κατανόει
1779 913 1817 939 τὰ

1035 957 1232 992 γεγραμμένα,
1254 956 1321 983 ἀλλὰ
1341 958 1387 983 καὶ
1410 958 1466 988 τοῖς
1486 957 1601 984 ἔνδοθεν.
1625 957 1678 984 Καὶ
1698 958 1816 993 πρόαεχε

1037 1004 1086 1038 μιᾷ
1098 1003 1200 1038 ἑκάστῃ
1221 1003 1324 1038 ἐντολῇ,
1344 1003 1391 1029 καὶ
1410 1003 1480 1029 ποίει
1499 1003 1594 1034 αὐτάς.
1613 1003 1675 1030 Ἐὰν
1694 1004 1746 1039 γὰρ
1762 1012 1814 1038 φυ-

1035 1049 1117 1085 λάξῃς
1135 1049 1220 1075 ταῦτα
1232 1069 1238 1081 ,
1258 1048 1448 1086 καταξιωθήσῃ
1464 1049 1510 1075 τοῦ
1525 1049 1664 1084 νυμερῶνος
1679 1050 1724 1075 τοῦ
1740 1049 1818 1084 βασι-

1035 1094 1120 1120 λικοῦ.
1136 1095 1180 1129 Μὴ
1194 1095 1272 1130 εἴπῃς
1287 1095 1314 1120 ἐν
1328 1096 1359 1129 τῇ
1378 1094 1474 1130 καρδίᾳ
1492 1102 1548 1125 σοι),
1558 1095 1608 1124 ὃτι,
1620 1094 1681 1123 Πῶς
1699 1094 1817 1129 δύναμαι

1036 1142 1146 1176 ποιῆσαι
1161 1141 1263 1173 ταῦτα;
1281 1141 1325 1176 Μὴ
1350 1141 1449 1168 δειλίαν
1472 1141 1540 1176 λάϐῃ
1566 1143 1579 1168 ὁ
1603 1141 1730 1176 λογισμός
1750 1148 1814 1166 σου·

1035 1187 1091 1214 ἀλλ’
1108 1187 1140 1214 ἂν
1158 1187 1213 1222 (58)
1233 1187 1300 1223 μετὰ
1325 1188 1414 1222 πάσης
1431 1188 1584 1223 προθυμίας
1599 1188 1717 1223 φυλάξῃς
1731 1187 1813 1218 αὐτὰ,

1035 1232 1161 1267 εὑρήσεις
1179 1231 1321 1266 σύμμαχον
1336 1231 1381 1258 τὸν
1399 1232 1474 1258 Θεόν.
1496 1232 1557 1263 Τοῖς
1572 1232 1745 1267 φοϐουμένοις
1760 1231 1816 1268 γὰν

1034 1278 1079 1305 τὸν
1092 1278 1157 1304 Θεὸν
1173 1279 1201 1304 αἱ
1218 1278 1322 1304 ἐντολαὶ
1333 1278 1379 1304 τοῦ
1394 1278 1460 1304 ε)εοῦ
1474 1277 1580 1314 βαρεῖαι
1594 1279 1643 1304 οὐκ
1657 1278 1719 1305 εἰσί.
1736 1278 1815 1314 Πὰση

1035 1322 1093 1358 ὥρᾳ
1114 1322 1150 1358 μὴ
1173 1322 1291 1357 λειψάτω
1315 1323 1401 1348 ἔλαιον
1422 1324 1455 1357 τῇ
1472 1323 1595 1358 λαμπάδι
1613 1331 1669 1355 σου¹
1697 1323 1732 1357 μή
1749 1330 1816 1348 ποτε

1034 1370 1098 1406 ἕ).οῃ
1112 1370 1125 1395 ὁ
1137 1369 1260 1405 νυμφίος,
1277 1369 1323 1396 καὶ
1339 1368 1405 1404 εὕρῃ
1416 1369 1497 1404 αὐτὴν
1515 1369 1681 1395 σϐεσοεῖσαν.
1702 1369 1758 1394 Οὐκ
1774 1365 1816 1394 oi;

1033 1415 1081 1446 δας
1097 1415 1151 1451 γὰρ
1167 1415 1229 1441 πότε
1245 1416 1362 1450 ἔρχεται,
1378 1415 1394 1449 ἢ
1414 1415 1614 1449 πρωτοῦπνιον,
1631 1414 1646 1450 ἢ
1668 1414 1749 1449 πρωΐ.
1767 1413 1817 1439 Γε·

1035 1461 1080 1488 νοῦ
1095 1459 1141 1487 οὖν
1155 1461 1276 1495 ἕτοιμοςθ
1295 1460 1347 1490 ἵνα,
1361 1460 1424 1486 ὅταν
1437 1459 1510 1495 ἔλθῃ,
1529 1459 1597 1495 μετὰ
1611 1460 1664 1486 τῶν
1677 1458 1817 1494 φρονίμων

204 1508 318 1531 mortem
331 1508 394 1531 ante
410 1505 506 1532 oculos
522 1504 619 1532 habeto
633 1515 638 1532 :
655 1504 799 1532 recordare
821 1505 890 1539 apud
902 1512 981 1539 quem

1036 1507 1192 1543 ἀπαντήσῃς
1207 1506 1290 1541 αὐτῷ,
1307 1506 1405 1541 ἔχουσα
1430 1506 1460 1532 τὺ
1478 1506 1565 1532 ἔλαιον
1587 1507 1615 1532 ἐν
1637 1507 1670 1541 τῇ
1693 1504 1816 1540 λαμπάδι

202 1554 228 1577 te
238 1550 299 1578 sisti
312 1554 426 1585 oportet.

203 1596 296 1630 μὸνευε
329 1596 378 1632 τῆς
405 1595 494 1628 ἐξόδου
523 1605 568 1623 σου
595 1604 601 1612 ·

203 1642 342 1677 ραστῆναι.

235 1700 280 1726 24.
297 1699 383 1727 Grave
395 1699 523 1734 quiddam
535 1704 577 1727 est
588 1700 700 1730 ascesis.
713 1700 828 1727 diliicilis
845 1702 984 1727 continen-

201 1745 253 1778 tia;
277 1744 324 1772 sed
347 1745 412 1772 nihil
433 1745 540 1772 dulcius
563 1746 668 1773 cmlesti
686 1753 796 1780 sponso.
815 1745 863 1772 IIic
887 1754 982 1780 parum

202 1790 368 1822 laboramus,
392 1795 418 1817 et
435 1790 490 1818 illic
517 1791 600 1817 vitam
614 1795 742 1817 mtcrnaxu
765 1798 982 1825 consequemur;

201 1836 239 1863 ait
253 1836 325 1863 enim
337 1836 431 1863 beatus
446 1836 545 1863 Paulus
563 1846 569 1863 :
590 1845 599 1862 ι
620 1835 678 1863 Non
695 1841 759 1863 sunt
768 1836 909 1871 condignae
922 1844 983 1870 pas-

201 1882 293 1909 siones
309 1882 390 1917 hujus
405 1883 536 1918 temporis
551 1882 585 1909 ad
601 1883 718 1910 futuram
739 1883 852 1917 gloriam
870 1891 930 1918 qua:
944 1891 983 1910 re-

199 1927 334 1955 velabitur
362 1928 388 1954 in
402 1928 481 1956 nobis
497 1928 529 1956 ⁸⁸,
549 1938 559 1954 ρ
576 1928 679 1956 Bonum
702 1932 743 1956 cst
759 1928 850 1963 fugere
865 1929 982 1962 turbam,

200 1977 228 2000 et
254 1980 375 2000 seorsum
403 1974 538 2001 secedere.
567 1974 662 2009 Magna
690 1975 777 2002 virtus
804 1975 982 2008 continentia,

200 2026 297 2054 magna
313 2019 398 2054 gloria
417 2020 541 2050 castitas,
557 2027 653 2055 magna
670 2021 793 2048 cncomia
808 2021 982 2057 virginitatis.

201 2065 224 2091 0
237 2065 391 2100 virginitas,
406 2066 545 2095 immensa!
556 2067 655 2094 divitia:
667 2068 672 2093 l
690 2075 706 2093 0
717 2067 869 2102 virginitas,
882 2076 982 2096 corona

202 2111 449 2138 immarcescibilis!
469 2119 486 2138 0
507 2113 662 2147 virginitas,
678 2113 806 2148 templum
818 2113 865 2141 Dei
881 2119 908 2141 et
921 2113 981 2149 Spi-

201 2157 270 2185 ritus
293 2158 380 2184 saneti
406 2158 605 2185 habitaculum!
621 2166 637 2185 o
665 2159 816 2194 virginitas,
834 2160 981 2196 margarita

199 2203 329 2238 pretiosa.
344 2204 438 2231 multis
460 2204 558 2235 latens,
575 2213 590 2232 a
606 2206 699 2240 paucis
720 2206 843 2233 inventa!
863 2214 879 2232 ο
895 2206 982 2233 conti-

200 2250 303 2281 nentia,
315 2249 362 2277 Dei
377 2250 474 2283 amica,
490 2255 516 2278 et
532 2259 548 2278 a
565 2253 668 2280 sanctis
685 2253 834 2280 celebrata!
853 2261 870 2279 ο
893 2254 981 2280 cond—

199 2295 406 2323 nentia.multis
427 2295 532 2326 odiosa.
550 2296 583 2323 iis
598 2297 644 2331 qui
661 2302 686 2324 te
705 2297 779 2332 digni
795 2302 859 2325 sunt
871 2298 978 2332 agnita!

199 2349 216 2366 ο
231 2341 410 2372 continentia,
425 2349 485 2376 qua:
499 2341 596 2375 cliugis
616 2347 729 2370 mortem
743 2347 770 2369 et
794 2343 940 2373 infernum.
954 2347 981 2370 et

199 2386 233 2413 ab
250 2386 453 2414 immortalitate
476 2387 641 2422 possideris!
672 2397 689 2416 ο
712 2389 888 2419 continentia.
911 2397 975 2423 gau-

199 2432 272 2458 dium
289 2434 493 2468 prophetarum,
511 2438 538 2461 et
567 2435 750 2468 apostolorum
770 2435 910 2470 gloriatio!
926 2435 979 2470 95

199 2487 215 2504 o
231 2480 409 2512 continentia,
427 2481 582 2516 angelorum
596 2482 662 2514 vita,
679 2485 705 2508 et
721 2485 876 2508 sanctorum
893 2481 980 2508 homi-

200 2533 263 2551 num
286 2526 400 2552 corona!
427 2525 526 2554 Beatus
541 2531 583 2554 cst
601 2528 646 2561 qui
671 2530 696 2553 te
710 2531 792 2558 tenet,
815 2527 910 2554 beatus
935 2527 980 2561 qui

234 2601 344 2629 "Item.
361 2610 428 2634 vni,
445 2603 489 2631 I8.

234 2679 288 2704 nam
304 2681 333 2706 In
355 2679 427 2708 FeIc.
451 2680 469 2706 2
492 2680 568 2715 ὑμῶν
588 2680 673 2707 deest.
703 2680 769 2707 Ibid.
794 2679 888 2712 Basi|.,
912 2679 979 2715 Περὶ

198 2713 251 2748 γὰρ
270 2715 317 2749 τῆς
330 2715 385 2748 φιλ-

234 2749 289 2784 (57)
306 2750 339 2776 'Il
355 2750 430 2777 deest
444 2750 471 2776 in
488 2749 560 2776 Felc.
576 2750 602 2777 ‘2.

234 2784 288 2820 (38)
305 2785 353 2811 "Av
365 2785 440 2811 deest
460 2785 486 2811 in
506 2785 586 2811 Basil.
602 2785 658 2811 Mox
671 2785 753 2817 idem,
768 2785 887 2820 φυλάξῃς
900 2786 977 2812 αὐτά.

198 2817 374 2853 Anglicanus,
390 2819 516 2853 φυλάξεις
537 2820 630 2849 αὑτάς.
658 2821 738 2851 Editi,
761 2817 871 2856 ςέυλὰξλεί
885 2820 978 2852 αὑτάς.

1037 1561 1093 1583 σου,
1109 1552 1229 1578 τουτέστι
1242 1552 1274 1577 τὰ
1290 1551 1356 1586 ἔργα
1369 1559 1414 1576 σου
1426 1550 1459 1576 τὰ
1472 1551 1550 1577 καλά.
1562 1551 1654 1577 Πᾶσαν
1664 1550 1736 1586 ὥραν
1746 1558 1816 1585 μνη-

635 1597 679 1632 ἔχε
706 1596 766 1623 καθ’
795 1595 903 1631 ἡμέραν
926 1597 977 1632 πρὸ
996 1598 1141 1634 ὀφθαλμῶν
1174 1599 1219 1625 τὸν
1248 1598 1369 1625 Θέινατον⁸
1393 1597 1542 1633 μνημόνευε
1575 1597 1627 1623 τίνι
1653 1605 1681 1623 σε
1704 1596 1743 1622 δεῖ
1763 1603 1816 1622 πα-

1068 1698 1193 1734 Ξίᾜαρύ
1207 1700 1279 1724 ἐστιν
1294 1698 1418 1732 ἄσκησις,
1440 1697 1484 1722 καί
1499 1696 1698 1723 δυσϐάστακτον
1713 1697 1816 1733 ἐγκρά-

1033 1755 1110 1773 rau-
1135 1745 1191 1772 ἀλλ’
1215 1745 1289 1770 οὐδὲν
1315 1745 1372 1770 ἐστι
1395 1743 1558 1779 γλυκύτερον
1583 1743 1628 1770 τοῦ
1652 1745 1814 1780 ἐπουρανίου

1033 1792 1160 1827 νυμφίου.
1179 1789 1240 1817 Ὧδε
1258 1791 1397 1826 κάμνομεν
1416 1789 1505 1824 ὀλίγον
1517 1810 1524 1820 ,
1550 1791 1607 1816 ἐκεῖ
1626 1790 1653 1817 δὲ
1677 1791 1727 1826 τὴν
1747 1791 1815 1818 αῖώο

1033 1847 1089 1864 νιον
1109 1838 1164 1872 (59)
1191 1837 1262 1872 ζωὴν
1285 1836 1480 1872 nomadum
1495 1845 1501 1851 '
1521 1835 1594 1870 λέγει
1618 1837 1670 1872 γὰρ
1697 1838 1710 1863 ὁ
1737 1837 1816 1871 ἅγιος

1034 1883 1140 1914 Παῦλος
1153 1891 1159 1897 ·
1180 1883 1256 1909 «Οὐκ
1278 1881 1340 1914 ἄξια
1362 1882 1396 1908 τὰ
1420 1881 1566 1917 παθήματα
1587 1882 1632 1908 τοῦ
1651 1881 1696 1908 νῦν
1717 1883 1814 1918 καιροῦ

1033 1930 1100 1964 πρὸς
1114 1929 1162 1964 τὴν
1175 1929 1322 1964 μέλλουσαν
1336 1927 1413 1960 δόξαν
1425 1927 1646 1962 ἀποκαλυφθῆναι
1661 1928 1699 1958 εἰς
1711 1929 1792 1963 ἡμᾶς.
1802 1939 1811 1954 ι

1032 1976 1121 2002 Καλὸν
1145 1975 1309 2009 ἀποφεύγειν
1333 1974 1388 2009 (60)
1416 1974 1461 2000 τὸν
1489 1974 1564 2009 ὖχλον
1591 1975 1636 2000 καὶ
1661 1974 1814 2010 ἀναχωρεῖν

1033 2022 1198 2057 καταμόνας.
1213 2020 1322 2056 Μεγάλη
1335 2020 1418 2056 ἀρετὴ
1430 2020 1586 2055 ἐγκράτεια,
1601 2020 1672 2056 μέγα
1683 2020 1816 2056 καύχημὰ

1034 2070 1105 2094 ἐστιν
1128 2067 1237 2101 ἁγνεία,
1261 2066 1365 2102 μεγάλα
1382 2066 1506 2101 ἐγκώμια
1525 2066 1573 2100 τῆς
1603 2066 1757 2102 παρθενίας.
1779 2065 1815 2093 Ὦ

1035 2113 1176 2149 παρθενία,
1192 2112 1304 2143 πλοῦτος
1320 2111 1509 2146 ἁκατάληπτος
1522 2112 1528 2138 ί
1550 2109 1572 2138 ὦ
1588 2111 1732 2147 παρθενία,
1753 2112 1813 2138 στέ-

1036 2167 1118 2194 φανος
1134 2157 1332 2193 ἁμαράντινοςί
1355 2154 1379 2183 ὧ
1400 2157 1546 2192 παρθενία,
1568 2157 1631 2188 ναὸς
1651 2157 1717 2183 Θεοῦ
1731 2178 1738 2188 ,
1766 2158 1814 2183 καὶ

1035 2206 1112 2239 ἁγίου
1136 2205 1290 2239 ΙΙνεύματος
1308 2204 1482 2240 οίκητήριονί
1500 2201 1522 2230 ὢ
1544 2202 1685 2238 παρθενία,
1709 2212 1815 2239 μαργα-

1037 2252 1094 2286 ρῖτα
1111 2250 1183 2284 τίμιε
1198 2249 1272 2285 παρὰ
1287 2248 1392 2280 πολλοῖς
1413 2248 1518 2283 ἀφανὴς
1532 2269 1538 2278 ,
1555 2248 1654 2282 ὀλίγοις
1675 2248 1702 2274 δὲ
1724 2249 1814 2283 μόνοις

1033 2296 1244 2331 εὐρισκόμενοςί
1267 2293 1302 2321 Ὦ
1317 2295 1464 2331 ἐγκράτεια
1485 2294 1547 2329 φίλη
1569 2294 1647 2325 Θεοῦ,
1673 2295 1719 2320 καὶ⁵
1741 2294 1814 2330 παρὰ

1035 2342 1121 2376 ἁγίοις
1146 2340 1389 2376 ἑγκωμιαζομένηι
1407 2337 1429 2366 ὦ
1448 2340 1592 2375 ἐγκράτεια
1618 2339 1691 2374 παρὰ
1707 2339 1813 2372 πολλοῖς

1033 2386 1191 2423 μισουμένη,
1200 2387 1254 2418 τοῖς
1265 2386 1292 2412 δὲ
1305 2385 1387 2417 ἀξίοις
1395 2394 1440 2412 σου
1457 2384 1642 2420 γνωριζομένη
1653 2385 1659 2410 !
1675 2382 1697 2411 ᾧ
1712 2386 1812 2420 ἐγκρά-

1032 2443 1102 2466 τεια,
1122 2433 1235 2460 Θάνατον
1254 2433 1299 2458 καὶ
1319 2432 1384 2466 ᾅδην
1401 2431 1601 2465 ἀποφεύγουσα,
1617 2432 1663 2457 καὶ
1679 2431 1731 2457 ὑπὸ
1748 2432 1814 2458 ἀθα-

1033 2481 1127 2512 νασίας
1141 2480 1327 2515 κατεκομένηί
1343 2476 1365 2506 ὧ
1390 2480 1544 2514 ἐγκράτεια,
1564 2478 1636 2514 χαρὰ
1655 2479 1812 2514 προφητῶν,

1033 2525 1242 2553 καὶάποστύλων
1255 2524 1393 2560 καύχημαί
1409 2521 1431 2550 ὦ
1442 2524 1600 2559 ἐγκράτεια,
1610 2523 1731 2558 ἀγγέλων
1745 2523 1811 2558 βίος,

1032 2679 1131 2707 Ibidem
1143 2681 1210 2710 ha:c,
1227 2679 1350 2715 εὑρήσεις
1366 2679 1507 2715 σύμμαχον
1522 2680 1565 2707 τὸν
1579 2679 1655 2713 Θεύν,
1673 2680 1771 2707 desunt
1786 2681 1812 2706 in

1032 2715 1174 2742 Basiliensi
1203 2718 1230 2741 et
1255 2714 1359 2749 Anglic.
1379 2715 1438 2740 Mox
1459 2715 1512 2749 γάρ
1533 2715 1609 2743 deest
1631 2716 1658 2743 in
1686 2716 1814 2743 omnibus

1032 2750 1124 2781 editis,
1145 2750 1260 2776 habetur
1276 2750 1303 2776 in
1319 2749 1446 2776 omnibus
1461 2758 1526 2778 mss.

1069 2784 1123 2818 (5’9)
1140 2784 1306 2816 liasilieusis,
1324 2784 1445 2811 αἰωνίαν.

1069 2821 1124 2855 (till)
1143 2819 1308 2852 Basiliensis,
1321 2820 1482 2854 ἀποφυγεῖν.
