1915 3057
139 136 189 164 281

669 134 838 164 SYNOPSIS
858 135 1065 165 SCRIPTURIE
1086 136 1220 166 SACRE.

1712 139 1766 166 289.

139 193 188 220 καὶ
214 192 300 227 ἁγίων
319 191 470 228 ἀνθρώπων
490 191 639 226 στέφανοςέ
657 193 799 228 Μακάριος
820 193 834 220 ό
855 201 921 220 ιατ-

978 193 1102 229 perdurat
1113 195 1141 222 in
1156 195 1196 222 tui
1208 194 1363 227 tolerantia,
1378 195 1441 230 quia
1463 198 1524 230 post
1537 194 1674 222 modicum
1689 195 1764 222 labo-

139 239 211 273 έχων
230 245 271 269 σε,
283 237 416 273 μακάριος
425 238 440 264 ὸ
454 236 666 272 προσκαρτερῶν
680 245 727 264 σου
741 238 775 272 τῇ
791 238 924 274 ὑπομονῇ·

137 286 190 316 ὅτι,
206 283 297 318 ὀλίγον
312 283 456 315 κοπιάσας,
471 283 537 310 πολὺ
552 284 700 319 χαρήσεται
715 284 743 310 ὲν
757 283 809 310 σοι.
829 283 926 310 Μακά-

138 339 198 366 ριος
222 331 236 357 ὀ
260 329 410 365 νηστεύσας
432 329 492 356 ὅλον
516 330 562 356 τὸν
586 329 680 364 χρόνον
696 329 807 363 τοῦτον,
831 330 872 356 ὅτι
897 331 925 356 ὲν

136 377 171 412 τῇ
191 376 246 403 ἀνω
268 374 445 411 Ἰερουσαλὴμ
458 376 628 410 κατοικήσει,
645 375 691 402 καὶ
711 375 779 410 μετὰ
801 375 924 409 ἀγγέλων

138 419 264 456 χορεύσει
281 420 347 454 (6|),
365 420 411 446 καὶ
430 420 499 455 μετὰ
518 420 602 454 ἁγίων
626 421 773 456 προφητῶν
796 421 842 448 καὶ
857 422 924 448 ἀπο-

139 466 240 492 στόλων
256 465 452 492 ἀναπαύσεται.

170 511 216 538 25.
230 511 321 538 Ταῦτα
333 511 439 546 ἔγραψά
454 519 504 543 σοι,
514 510 642 547 ἀγαπητὴ
658 511 769 546 ἀδελφὴ,
781 511 924 547 χορεύτρια

136 558 266 594 Χριστοῦ,
287 558 356 593 πρὸς
372 557 521 593 στηριγμὸν
544 557 591 584 καὶ
606 557 738 592 ὠφέλειαν
761 557 811 592 τῆς
835 557 923 592 ψυχῆς

137 613 194 630 σου.
215 604 260 639 Μὴ
278 603 404 638 ἐκκλίνῃς
416 600 462 629 οὖν
474 602 527 629 ἀπὺ
539 603 593 628 τῶν
604 602 691 637 λόγων
700 602 802 629 τούτων
815 602 888 634 δεξιὰ
905 602 922 637 ἢ

135 648 276 684 ἀριστερά.
296 649 343 679 Ὃς
359 647 412 682 γὰρ
428 647 474 673 ἐὰν
488 647 590 682 ἀκούσῃ
611 647 672 679 τοὺς
694 647 789 681 λόγους
800 647 921 678 τούτους,

135 695 182 721 καὶ
207 693 410 729 καταφρονήσῃ.
435 694 521 727 κρῖμα
549 693 620 728 μέγα
649 693 722 728 αὐτῷ
742 693 810 720 ἐστι.
827 693 861 719 Σὺ
881 693 921 725 δὲ,

133 740 286 774 τιμιωτάτη
309 739 408 774 ἀδελφὴ
430 740 446 774 ἡ
469 739 595 774 κτωμένη
610 738 639 765 τὺ
651 738 839 777 βιϐλίονὶτοῦῖφ
853 738 920 774 (62),

132 786 188 822 δῴη
207 794 247 812 σοι
275 787 289 812 ὁ
309 786 375 818 Θεὸς
393 786 479 812 ταῦτα
503 785 660 819 φυλάττειν,
678 786 707 812 ὲν
732 785 836 817 τούτοις
855 786 921 812 ἁνα-

134 831 305 867 στρέφεσῡαι,
321 831 526 867 πεφωτισμένην
539 831 588 866 τὴν
601 831 729 863 διάνοιαν,
745 830 864 867 καθαρὸν
875 831 921 857 τὸν

131 875 205 908 νοῦν,
227 876 447 911 πεφωτισμένους
465 877 527 907 τοὺς
555 875 708 910 ὀφθαλμοὺς
725 876 774 911 τῆς
789 876 918 908 διανοίας,

131 920 176 946 ῐνα
194 920 279 956 λάεῃς
294 920 338 946 τὸν
350 921 530 956 ἀμαράντινον
545 921 686 955 στέφανον,
704 921 733 947 ὃν
747 921 892 956 ἡτοίμασεν
905 922 919 947 ὁ

130 965 197 997 Θεὸς
215 968 271 998 τοῖς
291 967 432 1001 ἀγαπῶσιν
456 966 535 992 αὑτὸν
551 967 595 993 διὰ
612 966 659 993 τοῦ
677 967 780 1002 Κυρίου
797 967 843 993 καὶ
860 967 917 993 Σω-

129 1013 212 1048 τῆρος
224 1012 302 1047 ἡμῶν
324 1012 410 1048 Ἰησοῦ
429 1011 558 1048 Χριστοῦ,
573 1009 595 1046 ᾧ
607 1013 670 1046 δόξα
684 1014 724 1045 εἰς
738 1013 802 1044 τοὺς
817 1012 918 1044 αἰῶνας

129 1059 184 1085 τῶν
206 1058 322 1090 αἰώνων,
339 1059 422 1094 ἀμήν.

166 1137 222 1173 (6|)
237 1137 414 1173 Anglicanus,
431 1137 606 1172 κατοικήσας,
629 1136 697 1172 μετὰ
717 1135 841 1170 ἀγγέλων
860 1143 918 1171 χορ.

976 248 1046 273 rem,
1062 241 1177 268 multum
1190 241 1218 268 in
1233 244 1260 268 te
1276 240 1414 276 gaudebit.
1429 240 1529 268 Beatus
1545 241 1591 275 qui
1602 240 1766 275 jejunaverit

977 286 1106 314 universo
1128 286 1180 314 hoc
1203 289 1337 321 tempore,
1351 286 1414 321 quia
1436 286 1463 312 in
1485 286 1590 313 coalesti
1613 284 1764 313 Jerusalem

976 331 1122 362 habitabit,
1140 339 1202 359 cum
1217 332 1321 367 angelis
1337 332 1452 360 choreas
1467 336 1537 366 aget,
1547 339 1609 359 cum
1624 331 1764 366 prophetis

975 383 1002 406 et
1022 379 1154 413 apostolis
1172 379 1335 412 requiescet.

1009 510 1054 537 25.
1073 509 1136 537 llaec
1162 509 1209 536 tibi
1241 509 1351 544 scripsi,
1379 517 1458 537 soror
1490 509 1599 541 dilecta,
1620 517 1680 544 qtue
1698 517 1759 536 cum

973 555 1084 584 Christo
1101 556 1214 583 choreas
1228 555 1296 590 agis.
1318 553 1352 581 ad
1371 553 1557 581 fulcimentum
1573 558 1599 581 et
1614 554 1759 581 utilitatem

973 604 1069 630 anima:
1090 607 1151 630 tuae.
1167 601 1205 630 Ne
1224 602 1343 629 declines
1366 601 1447 636 igitur
1462 608 1477 627 a
1495 601 1666 628 sermonibus
1695 602 1758 628 istis

973 649 1006 676 ad
1030 649 1169 676 dexteram
1184 647 1226 674 vel
1242 646 1275 674 ad
1294 646 1445 674 sinistram.
1469 646 1598 681 Quisquis
1619 647 1690 674 enim
1710 655 1758 673 au-

975 694 1056 721 dierit
1085 700 1224 721 sermones
1247 693 1330 722 istos.
1350 695 1377 719 et
1400 692 1564 727 despexerit,
1595 692 1690 726 ingens
1719 693 1757 719 illi

972 739 1024 767 erit
1056 739 1205 766 damnatio.
1234 738 1275 766 Tu
1304 743 1406 770 autem,
1427 746 1505 766 soror
1537 738 1757 772 honoratissimo,

976 792 1036 820 qua
1055 785 1127 812 hunc
1152 785 1251 811 librum
1272 784 1407 820 possides,
1420 784 1486 811 faxit
1503 783 1575 811 Deus
1593 788 1622 811 ut
1636 784 1692 811 haec
1709 785 1758 812 ob-

975 838 1078 863 serves,
1101 831 1128 857 in
1148 830 1245 865 hisque
1265 831 1393 864 verseris,
1411 831 1544 858 illustrata
1569 833 1668 862 mente,
1690 838 1758 865 puro

972 876 1064 907 corde,
1081 876 1239 903 illuminatis
1269 876 1368 903 utentis
1394 876 1496 909 oculis,
1513 881 1543 902 ut
1568 876 1686 910 accipias
1707 876 1758 901 im-

970 920 1184 948 marcescibilem
1217 928 1358 952 coronam,
1387 929 1468 956 quam
1500 922 1661 956 praeparavit
1687 921 1757 947 Deus

970 965 1145 1000 diligentibus
1173 973 1213 998 se,
1238 973 1285 1000 per
1312 965 1455 992 Dominum
1476 969 1503 992 et
1522 966 1688 992 Salvatorem
1707 973 1757 992 uo-

970 1015 1057 1039 strum
1082 1010 1174 1038 Jesum
1202 1011 1352 1043 Christum,
1370 1012 1413 1038 cui
1433 1011 1518 1046 gloria
1537 1012 1563 1038 in
1586 1013 1685 1039 sacculo
1706 1019 1756 1038 sa:-

969 1058 1104 1085 culorum.
1122 1057 1218 1086 Amen.

1011 1134 1066 1170 (62)
1083 1133 1155 1167 Haec,
1171 1134 1202 1161 τὸ
1218 1134 1319 1169 βιϐλίον
1345 1134 1426 1168 τοῦτο,
1443 1135 1543 1162 desunt
1562 1135 1588 1162 in
1601 1134 1753 1162 Basiliensi.

1296 1215 1478 1222 ._._—

1133 1215 1292 1222 ..ι-⁵,.-

145 1211 1127 1223 —____._.—_—___.—_

529 1268 564 1296 ΙΝ
585 1266 751 1295 SYNOPSIN
773 1267 983 1296 SCRIPTURE
1001 1266 1125 1295 ΒΑΟΒᾹΞ
1142 1266 1342 1295 ΑΒΜΟΝΙΤΙΟ.

162 1325 183 1353 1.
205 1325 244 1353 De
265 1326 313 1352 huc
329 1325 397 1352 libro
414 1325 496 1352 uarice
510 1329 571 1351 sunt
586 1325 749 1351 eruditorum
765 1325 910 1351 sententiw.
932 1323 987 1350 Alii
1002 1332 1113 1359 namque
1130 1332 1218 1351 verum
1241 1332 1442 1360 germanamque
1453 1325 1593 1352 Athanasii
1607 1334 1661 1353 esse
1673 1327 1755 1360 fetum

127 1379 281 1405 autumant,
309 1373 368 1404 alii,
386 1381 431 1400 nec
449 1373 559 1405 injuria.
580 1371 635 1406 ejus
650 1372 814 1408 γ-ίησξότῃτα.
830 1372 856 1398 in
873 1372 1045 1406 suspicionem
1071 1375 1172 1398 uocant.
1188 1370 1229 1397 Ea
1246 1372 1278 1398 iis
1292 1379 1350 1398 cera
1367 1371 1411 1406 qui
1430 1370 1575 1397 Athanasio
1599 1371 1646 1397 hoc
1670 1373 1753 1404 operis

125 1418 291 1454 adjudicant.
305 1423 365 1445 sunt
390 1419 434 1453 qui
461 1421 623 1447 arbitrentur
648 1420 778 1456 Synopsin
798 1421 864 1447 hanc
895 1420 921 1448 St

978 1425 1040 1447 turre
1071 1428 1154 1448 sacra:
1179 1428 1233 1447 esse
1259 1420 1307 1446 illa
1341 1419 1442 1446 πυκτία
1456 1419 1510 1446 τῶν
1532 1420 1611 1446 Θείων
1626 1420 1752 1456 Γραφῶν,

123 1475 183 1501 quia
200 1466 357 1494 Constantis
371 1467 484 1502 Augusti
509 1473 603 1504 rogatu
627 1477 656 1496 se
670 1469 824 1501 adornasse,
839 1473 863 1496 et
879 1468 913 1495 ad
930 1469 1015 1503 ipsum
1031 1469 1212 1503 imperatorem
1235 1469 1411 1495 transmisisse
1427 1471 1537 1493 testatur
1550 1466 1711 1493 Athanasius
1725 1467 1753 1493 in

123 1515 253 1550 Apologia
276 1515 309 1542 ad
333 1515 534 1547 Constantium,
554 1523 625 1541 nam.
642 1514 669 1542 4.
691 1514 748 1541 Nos
766 1523 838 1541 secus
865 1515 920 1541 exis

978 1522 1049 1541 unus
1064 1522 1073 1546 ,'
1091 1514 1191 1541 πυκτία
1213 1515 1304 1549 quippe
1327 1513 1374 1540 illa
1391 1512 1443 1540 τῶν
1458 1512 1535 1538 Θείων
1547 1511 1672 1548 Γραφὼν,
1689 1511 1752 1538 nihil

123 1569 181 1588 esse
205 1562 280 1588 aliud
301 1561 476 1593 arbitramur,
492 1568 571 1594 quam
586 1560 671 1594 ipsam
689 1568 794 1587 sacram
819 1559 996 1594 Scripturam,
1015 1568 1073 1595 qua:
1093 1559 1126 1586 ad
1142 1560 1287 1594 faciliorem
1311 1559 1416 1594 legentis
1432 1566 1521 1588 usum,
1537 1558 1563 1583 in
1580 1557 1657 1591 plura
1678 1557 1752 1583 t‘olu—

123 1609 197 1636 mina
226 1610 448 1644 compingeretur;
474 1608 575 1634 πυκτια
599 1608 691 1642 quippe
720 1607 869 1642 significant
883 1607 1033 1634 volumina.
1058 1607 1102 1634 Sic
1124 1607 1230 1642 Gregor.
1254 1606 1387 1634 Nasianz.
1411 1606 1492 1640 epist.
1522 1604 1555 1631 all
1573 1603 1749 1638 Philagrium,

121 1663 183 1690 pag.
198 1655 261 1685 827,
276 1655 386 1682 πυκτίον
401 1653 598 1689 Δημοσθενικόν
612 1658 696 1684 vocat,
715 1654 834 1681 uolumen
855 1662 921 1688 operi

981 1653 1174 1685 Demosthenis,
1190 1658 1214 1680 et
1229 1654 1310 1688 epist.
1324 1653 1356 1679 ad
1373 1651 1544 1678 Theodorum
1567 1649 1748 1685 Tyzmensem,

121 1709 148 1734 ρ.
160 1700 224 1732 855,
243 1700 355 1726 πυκτιον
370 1700 419 1735 τῆς
441 1699 592 1735 Ὡριγένους
606 1699 777 1731 Φιλοκαλίας,
791 1703 865 1726 vocat
881 1698 921 1725 lib:

1003 1707 1047 1725 seu
1063 1698 1182 1726 uolumen
1199 1699 1318 1733 Origenis
1334 1695 1501 1725 Philocalia'.
1516 1694 1648 1730 Insignior
1663 1693 1750 1721 ersta‘

122 1744 196 1772 locus
214 1745 283 1779 apud
298 1745 427 1776 eumdem,
439 1746 520 1780 epist.
537 1745 569 1772 ad
585 1745 787 1776 Adamantium,
807 1753 833 1779 p.
850 1743 912 1775 896,

978 1744 998 1770 ιύ
1016 1752 1056 1770 σοι
1070 1744 1103 1770 τὰ
1117 1745 1218 1772 πνκτία
1233 1745 1296 1781 παρ’
1312 1743 1401 1780 ἡμῶν,
1421 1742 1492 1778 ἅπερ
1508 1740 1608 1776 ζητεῖς,
1623 1741 1672 1767 ὅσα
1687 1740 1749 1772 τοὺς

122 1791 207 1826 σῆτας
222 1791 343 1825 διέφυγε,
358 1791 461 1818 καὶτὸν
472 1791 585 1824 καπνὸν,
602 1792 673 1828 ὑπὲρ
688 1790 718 1819 οὗ
728 1792 880 1820 κατέκειτο.
897 1791 921 1818 Εη

982 1800 1036 1819 η·οε
1047 1799 1095 1819 eos
1108 1799 1122 1817 τι
1136 1790 1216 1817 nobis
1230 1790 1325 1821 habes,
1341 1797 1409 1825 qnos
1424 1790 1556 1824 postulas,
1573 1797 1620 1816 eos
1638 1788 1748 1822 inquam

122 1845 231 1868 omnes,
249 1838 295 1872 qui
319 1838 406 1864 tineas
434 1837 598 1873 ell'ugcruut,
614 1839 772 1875 fumumque
798 1847 880 1874 supra
897 1847 976 1874 quem
1003 1840 1045 1867 siti
1063 1843 1150 1866 erant.
1167 1838 1233 1865 llinc
1251 1838 1417 1872 manifestum
1433 1843 1471 1865 est
1487 1837 1588 1864 ’πυκτία
1601 1837 1654 1863 τῶν
1669 1836 1748 1862 θείων

125 1884 253 1919 Γραφῶν,
267 1891 333 1914 esse,
351 1891 401 1910 non
426 1883 534 1918 aliquod
549 1885 575 1911 in
589 1884 752 1916 Scripturam
772 1885 954 1920 compositum,
969 1885 1015 1912 sed
1032 1884 1113 1912 libros
1129 1892 1174 1911 seu
1188 1883 1320 1910 uolumina
1333 1883 1530 1918 Scripturarum
1548 1884 1676 1918 ipsarum,
1690 1891 1747 1918 qute

119 1929 282 1956 Athanasius
303 1930 448 1957 transmisit
461 1930 495 1956 ad
513 1930 681 1959 Constantem
699 1933 891 1966 imperatorem.
908 1931 992 1959 Plura
1004 1940 1138 1967 possemus
1154 1932 1269 1966 nrof'erre
1289 1931 1366 1966 huqu
1382 1933 1419 1959 rei
1436 1932 1583 1960 asserenda
1597 1940 1688 1964 causa,
1702 1931 1746 1958 sed

119 1978 175 2004 ha'c
189 1982 276 2009 erunt,
294 1977 321 2004 ni
332 1977 424 2011 fallor.
441 1978 517 2005 satis.

154 2021 187 2050 Il.
203 2022 276 2050 Licet
290 2031 367 2057 porro
382 2022 515 2059 Synopsis
532 2025 622 2052 isthtec
634 2025 668 2051 sit
679 2026 796 2052 accurati
813 2025 961 2060 cujusdam,
974 2030 998 2052 ct
1013 2025 1212 2059 Scripturarum
1229 2024 1383 2060 peritissimi
1394 2022 1540 2056 scriptoris,
1557 2021 1630 2048 nobis
1645 2021 1747 2048 videtur

117 2076 170 2095 non
188 2077 245 2096 esse
268 2068 417 2096 Athanasii.
439 2069 528 2096 Primo
543 2078 656 2104 namque
671 2078 685 2096 a
703 2070 804 2097 nemine
824 2071 991 2105 antiquorum
1009 2075 1169 2097 memoratur
1184 2079 1247 2104 opus
1263 2070 1348 2096 simile
1369 2068 1400 2095 ab
1422 2067 1569 2094 Athanasio
1584 2066 1743 2094 adornatum

118 2113 211 2147 fuisse.
236 2113 269 2140 At
285 2118 352 2140 certe
374 2114 417 2141 via;
440 2114 523 2148 potuit
548 2113 580 2140 ab
608 2113 769 2149 Hieronymo
797 2115 907 2150 aliisque
921 2115 1057 2146 Patribus.
1073 2116 1105 2142 iis
1129 2116 1242 2142 maxime
1258 2116 1302 2150 qui
1317 2114 1466 2149 Scripturas
1489 2113 1673 2147 eaplanarunt,
1689 2118 1714 2139 et
1729 2122 1745 2140 a

118 2155 215 2183 Photio
231 2157 298 2190 ipso,
317 2162 371 2183 tam
382 2158 484 2192 insigne
501 2167 564 2193 opus
580 2159 793 2186 Athanasianum
806 2161 982 2194 praetermitti.
997 2160 1026 2186 2°
1044 2160 1075 2187 In
1089 2161 1170 2187 nullis
1183 2161 1372 2187 Athanasianis
1389 2158 1587 2186 collectionibus
1598 2164 1743 2192 comparet,

117 2200 161 2227 sed
189 2208 222 2228 ea:
248 2210 300 2228 uno
316 2207 418 2228 tantum
443 2204 623 2238 manuscripto
640 2203 729 2231 Graece
750 2204 861 2238 prodiit.
873 2206 902 2232 3°
918 2204 951 2232 In
966 2206 1150 2232 enumerandis
1165 2207 1240 2232 libris
1252 2206 1346 2241 quibus
1359 2207 1384 2233 in
1402 2206 1519 2233 Ecclesia
1540 2206 1742 2237 contradicitur,

117 2247 229 2272 multum
244 2246 374 2282 discrepat
391 2248 503 2281 scriptor
518 2248 567 2274 iste
583 2248 615 2274 ab
627 2249 789 2281 Athanasio;
808 2258 869 2276 nam
885 2250 984 2277 librum
996 2250 1117 2278 Pastoris
1132 2259 1260 2286 nusquam
1278 2258 1415 2283 meruerat.
1428 2260 1503 2287 quem
1523 2256 1609 2278 tamen
1624 2251 1744 2278 Athana-

117 2290 171 2317 sius
188 2291 216 2317 in
231 2290 352 2326 Epistola
367 2291 455 2319 lestali
468 2297 589 2319 numerat
604 2293 674 2320 inter
689 2294 750 2321 illos
767 2296 812 2330 qui
826 2296 855 2322 in
878 2294 998 2322 Ecclesia
1014 2295 1145 2330 leguntur,
1160 2296 1275 2331 alibique
1292 2301 1366 2323 vocat
1385 2297 1482 2324 librum
1503 2297 1635 2330 Pastoris,
1653 2298 1744 2324 utilis-

117 2339 222 2365 simum.
244 2337 324 2365 Multi
348 2338 410 2366 item
434 2338 496 2366 libri
508 2341 576 2367 inter
587 2349 630 2368 eos
646 2342 740 2377 quibus
754 2343 946 2370 contradicitur
962 2346 989 2371 in
1003 2345 1081 2379 finem
1100 2345 1178 2378 huius
1197 2345 1353 2380 Synopscos
1382 2350 1558 2377 recensentur,
1573 2353 1683 2380 quorum
1712 2354 1743 2373 ne

115 2385 219 2412 verbum
239 2386 343 2420 quidem
362 2387 388 2412 in
406 2392 551 2414 memorata
564 2387 665 2415 Festali
684 2389 815 2425 Epistola.
829 2390 870 2416 Ad
885 2391 940 2417 hare
962 2391 991 2417 in
1006 2384 1171 2426 Apoct’yphis
1189 2391 1258 2418 Noui
1273 2391 1433 2418 Testantenti
1453 2395 1625 2417 numerantur
1642 2391 1669 2417 in
1691 2390 1741 2426 Sy—

115 2431 192 2465 hopsi
219 2431 389 2467 Κλημὲντια,
408 2442 454 2461 seu
471 2433 597 2460 Homilia:
616 2433 797 2467 Clementinw,
816 2443 928 2470 quarum
942 2437 1098 2463 mentionem
1117 2437 1201 2471 primo
1213 2437 1353 2472 reperimus
1369 2437 1413 2463 diu
1428 2441 1485 2471 post
1501 2436 1641 2463 Athanasii
1660 2445 1742 2464 a'vum

114 2477 182 2510 apud
196 2477 371 2513 Nicephorum
384 2481 574 2516 putriarcham.
583 2480 650 2508 Sunt
661 2483 727 2508 enim
740 2483 795 2510 illic
810 2491 873 2518 opus
885 2483 1014 2511 diuersum
1029 2493 1043 2511 a
1057 2483 1310 2520 Recognitionihus,
1320 2493 1431 2520 quarunt
1447 2483 1581 2519 Origenes,
1595 2483 1704 2519 Ruﬁnus
1717 2490 1742 2512 et

112 2523 159 2550 alii
176 2526 324 2558 meminere,
339 2527 397 2554 licet
417 2528 533 2562 ejusdem
548 2529 601 2556 sint
616 2531 775 2564 argumenti,
792 2535 827 2562 et,
849 2535 877 2557 ut
899 2531 1011 2563 uidetur,
1036 2536 1127 2565 postea
1151 2533 1280 2567 conficta}.
1301 2532 1329 2558 4⁸
1355 2531 1420 2564 Qua:
1443 2531 1475 2558 de
1488 2531 1569 2558 rariis
1594 2531 1740 2564 Scriptum

112 2579 196 2599 sacra:
207 2574 367 2602 rersionibus
383 2581 515 2610 postremo
532 2577 588 2604 loco
603 2577 738 2611 dicuntur,
755 2586 788 2605 ea:
805 2578 956 2613 Epiphanio
974 2578 1011 2605 De
1030 2579 1167 2606 mensuris
1188 2587 1312 2613 expressa
1328 2585 1400 2612 sunt,
1417 2584 1445 2606 ut
1461 2588 1535 2606 nemo
1556 2587 1607 2606 non
1622 2579 1700 2612 videt,
1716 2585 1740 2605 et

111 2615 207 2643 ibidem
225 2627 272 2644 nos
290 2621 459 2660 advertimus.
480 2620 641 2656 Responderi
656 2622 748 2655 forsan
762 2627 859 2657 posset,
876 2623 930 2649 ha'c
946 2628 1077 2656 postrema
1095 2622 1230 2657 adjeclitia
1244 2631 1308 2650 esse.
1321 2623 1372 2650 Sed
1387 2625 1414 2650 id
1429 2625 1511 2658 gratis
1536 2625 1642 2651 omnino
1670 2625 1738 2652 dici-

111 2668 163 2695 tur,
179 2672 238 2690 cutn
253 2671 435 2700 consequenter
445 2668 615 2701 ponanturin
631 2669 718 2696 codice
733 2669 800 2696 unde
814 2669 946 2705 Synopsis
959 2670 1050 2697 ist/uec
1067 2670 1167 2704 prodiit
1190 2677 1199 2696 :
1213 2675 1238 2696 et
1261 2670 1378 2706 alioquin
1399 2676 1473 2697 tanta
1498 2671 1590 2706 ubique
1614 2667 1740 2706 apparea‘

110 2708 187 2743 hujus
217 2710 353 2744 scriptoris
376 2711 523 2746 diligentia,
549 2719 577 2739 ut
589 2713 655 2740 nihil
670 2714 775 2740 omnino
786 2715 961 2741 omittendum
977 2716 1125 2746 censuerit;
1139 2723 1220 2749 quare
1234 2720 1259 2742 et
1273 2724 1330 2751 qua:
1347 2716 1378 2742 de
1392 2717 1550 2744 rersiontbus
1572 2717 1702 2752 leguntur.
1716 2725 1740 2746 et

109 2761 166 2785 quin
189 2759 280 2788 postea
298 2755 330 2782 de
343 2758 448 2784 amissis
463 2759 537 2787 libris
555 2761 581 2786 in
597 2760 734 2795 Scriptura
752 2763 831 2788 veteri
843 2763 995 2789 memoratis
1019 2767 1180 2795 tractantur,
1200 2764 1277 2791 unius
1295 2764 1411 2798 ejusdem
1433 2764 1589 2800 Syuopseos
1601 2767 1736 2800 scriptori?s

109 2807 164 2826 esse
189 2801 363 2828 arbitrantur.
379 2803 407 2829 5°
423 2803 494 2832 Licet
521 2807 547 2832 in
563 2807 676 2841 simplici
699 2808 848 2834 recensione
861 2816 951 2835 eorum
962 2817 1020 2844 qua:
1037 2809 1064 2836 in
1079 2809 1225 2843 Scripturis
1240 2810 1324 2836 sacris
1339 2810 1515 2843 continentur,
1532 2810 1617 2844 qualis
1631 2815 1668 2837 est
1683 2811 1735 2837 ista

113 2845 248 2883 Synapsis,
270 2850 312 2875 vix
335 2849 395 2883 styli
407 2858 486 2886 genus
499 2856 522 2878 et
537 2853 605 2879 ratio
621 2852 776 2888 deprehendi
800 2846 888 2889 queat,
903 2855 1020 2890 quisquis
1037 2859 1122 2882 tamen
1139 2854 1328 2882 Athanasiunaz
1344 2856 1458 2883 orationi
1474 2859 1594 2882 assuetus
1608 2856 1667 2889 erit,
1683 2863 1734 2883 non
