1915 3057
194 122 246 149 285
774 123 803 151 S.
825 123 1102 152 ATIIANASIUS.—
1119 124 1234 153 DUBIA.
1761 125 1816 151 252i

196 187 249 205 uno
274 178 329 205 loco
347 178 450 206 diversa
474 179 594 214 loquendi
607 187 700 214 genera
713 180 912 207 animadvertat.
929 181 962 208 In
981 182 1127 208 Athanasio
1139 183 1207 208 enim
1223 182 1252 208 τὸ
1273 181 1355 217 δριμὺ
1376 181 1469 216 ubique
1483 186 1625 216 comparet,
1642 186 1672 208 ut
1685 183 1723 208 ait
1743 182 1816 209 Pho-

197 225 261 256 tius.
279 225 321 251 hic
336 233 395 251 vero
413 225 526 258 scriptor
540 225 709 252 multitudine
733 225 868 252 uerborum
895 227 1113 261 epit/telorumque
1131 227 1296 261 sapere/ﬂuit.
1315 226 1434 260 Exempli
1451 234 1541 258 causa,
1557 231 1615 260 post
1631 226 1730 260 [actam
1744 227 1816 260 prio-

196 277 250 295 rem
270 269 396 295 librorum
418 269 562 303 Scriptum
580 271 813 302 enumerationem,
831 271 961 305 quibusda

1034 271 1154 297 rtumissis
1175 271 1214 296 ita
1231 269 1307 296 habet
1335 278 1344 296 :
1365 270 1440 296 Ἐπεί
1451 272 1492 298 τοι
1507 281 1541 306 γε
1554 272 1668 308 ὕστερον
1682 272 1752 298 κατὰ
1765 273 1816 306 τὴν

197 317 307 342 ἐκείνων
324 316 481 343 ἀκολουθίαν
498 317 544 343 καὶ
555 317 714 352 συμφωνίαν
732 317 800 344 ἄλλα
814 318 897 353 μυρία
911 318 957 344 καὶ
975 318 1148 353 ἀναρίθμητα
1167 318 1257 352 βιϐλία
1271 317 1469 353 ὲξεπονήθησαν
1485 318 1536 344 ὑπὸ
1551 317 1604 344 τῶν
1619 317 1687 344 κατὰ
1701 317 1816 352 καιροὺς

199 363 322 397 μεγάλων
335 364 380 389 καὶ
395 363 557 398 σοφωτάτων
569 362 704 398 Θεοφόρων
721 363 860 398 Πατέρων,
877 363 916 394 εἰς
938 363 1088 398 μαρτυρίαν
1105 362 1160 389 τῶν
1177 363 1366 397 προλαϐόντων
1379 363 1426 389 καὶ
1442 362 1610 397 διαφώτισιν.
1625 363 1690 395 Qua:
1707 372 1771 390 sane
1790 367 1816 390 et

199 408 281 433 multa
296 407 334 433 his
347 408 445 434 similia
457 408 540 442 quivis
553 411 678 434 emuncto:
693 407 764 433 naris
775 407 851 434 homo
863 416 913 433 non
924 407 1077 438 Athanasii,
1094 408 1139 434 sed
1154 408 1264 434 alterius
1280 407 1418 442 cujusdam
1433 408 1567 442 scriptoris
1582 408 1727 435 Athanasio
1737 413 1816 434 wtate

198 455 329 488 inferioris
347 464 402 482 esse
424 456 563 482 censuerit.
583 454 654 480 Nam
672 452 756 480 Grieci
776 453 903 487 sequioris
924 453 971 480 wvi
996 454 1115 488 epithetis
1143 459 1167 480 et
1187 454 1322 480 verborum
1339 453 1507 480 multitudine
1522 453 1680 489 gaudebant.
1702 453 1816 487 Insuper

198 503 332 530 nonnullte
350 512 421 530 voces
438 504 478 530 hic
492 508 596 530 exstant
617 510 682 536 quas
705 501 813 528 nonnisi
829 506 888 535 post
913 501 1053 528 Athanasii
1069 506 1172 528 aetatem
1188 502 1301 528 usitatas
1315 502 1467 535 reperimus,
1483 501 1559 536 quale
1572 506 1620 533 est,
1632 501 1698 528 illud
1711 503 1739 528 in
1754 509 1813 535 cap.

198 548 230 575 de
244 548 311 576 libro
321 548 460 581 Judicum,
475 549 621 576 ποσοῦνται
636 555 682 581 pro
695 552 884 577 numerantur,
896 551 919 572 et
940 547 963 572 al

1034 547 1305 582 πυμποσοσουμὲνων.
1327 547 1421 582 Cyrill.
1437 547 1513 576 Alex.
1529 547 1676 574 πεισοῦσθαι
1691 552 1816 581 usurpat,

197 601 243 620 nec
260 600 337 620 antea
351 603 436 621 vocem
449 595 525 621 illam
541 601 581 620 me
592 593 718 626 reperisse
732 592 838 618 memini
850 600 859 617 :
873 592 900 618 iu
914 591 1044 626 Logarica
1061 593 1121 618 item
1137 593 1224 618 Alexii
1237 591 1362 619 Conmeni
1377 601 1392 618 a
1409 593 1482 620 nobis
1498 593 1567 619 edita
1585 593 1692 628 legimus
1708 601 1817 628 συμπο-

198 634 324 670 σούντιύν,
339 639 427 666 eadem
443 641 570 666 sententia
589 649 598 666 :
613 640 681 674 quod
701 639 857 672 conjectura:
877 643 978 665 tatttum
1000 638 1055 665 loco
1078 639 1207 673 ponimus.
1230 639 1294 665 HtL’C
1307 640 1332 665 in
1349 648 1429 666 causa
1448 639 1521 666 nobis
1536 641 1617 674 fuere,
1634 645 1660 666 ut
1676 640 1816 675 Synopsin

197 683 252 718 96
271 683 418 719 Scriptura:
433 693 518 712 sacrae
531 685 602 711 inter
617 685 697 710 dubia
706 689 730 710 et
745 688 865 717 suspecta
877 692 954 718 opera
968 691 1167 710 recenseremus.
1182 684 1313 711 Mittimus
1336 685 1390 711 alia
1405 686 1525 719 quwdam
1540 692 1701 721 argumenta,
1714 695 1730 712 a
1748 695 1818 713 "0h-

198 731 278 757 uullis
293 732 387 762 allata,
401 736 428 758 ut
444 731 578 767 Synopsin
601 729 746 755 Athanasio
761 728 954 762 abjudicarent,
972 736 1031 763 quae
1051 729 1159 755 minoris
1175 730 1297 772 momenti
1313 737 1369 756 esse
1382 729 1552 756 arbitramur.

233 777 277 805 Ill.
292 779 441 806 Theodorus
455 787 534 813 porro
549 778 693 804 Balsamon
710 775 743 802 ad
761 784 884 802 canonem
904 776 939 802 27
959 776 1051 810 synod.
1069 776 1207 812 Carthag.,
1224 785 1249 811 p.
1267 777 1329 809 636,
1352 782 1477 804 memorat
1492 777 1618 804 canonica
1633 777 1773 803 Athanasii
1790 781 1816 803 et

198 826 382 860 Amphilochii,
397 827 546 861 indicatque
563 825 600 851 ibi
612 833 683 851 t'eros
697 829 719 850 et
735 824 874 850 canonicos
891 823 1018 850 contineri
1033 823 1177 858 Scriptura:
1190 824 1282 850 libros.
1308 823 1446 850 Κανονικά
1461 831 1519 850 vero
1531 823 1582 849 ista
1597 827 1735 849 autumattt
1749 831 1817 848 non-

198 873 265 899 nulli
275 881 330 900 esse
344 874 411 900 hanc
425 873 572 908 Scriptura:
598 872 728 907 syttopsin
743 880 750 898 :
767 871 811 897 sed
826 878 954 903 nusquam
970 872 1112 905 reperimus
1129 871 1197 898 ltunc
1217 871 1324 903 librum,
1338 872 1494 898 canonicum
1515 879 1559 897 seu
1571 869 1710 900 κανονικά.
1725 869 1818 903 appel-

198 921 266 952 lari;
282 922 412 948 κανονικά
430 923 509 957 igitur
523 921 665 947 Athanasii
678 925 701 946 et
715 919 899 954 Amphilochii,
910 924 969 945 sunt
997 920 1114 953 epistola:
1128 928 1172 947 seu
1186 921 1241 946 alia
1261 920 1386 954 opuscula
1401 917 1550 946 earumdem
1566 916 1686 947 Patrum,
1705 925 1764 951 qua:
1788 917 1816 942 in

196 965 391 993 collectionibus
408 975 537 993 canonum
555 966 654 993 Grazcis
670 966 755 992 locum
775 965 886 997 habent,
901 970 925 992 et
941 970 1067 992 uocantur
1083 965 1138 992 illic
1158 970 1188 991 ut
1213 966 1355 1000 plurimum
1372 964 1489 999 epistolae
1515 962 1650 989 canonica:
1662 970 1670 988 :
1683 961 1817 996 ejusmodi

196 1018 257 1040 sunt
272 1018 324 1041 tres
339 1015 455 1048 epistola
477 1014 617 1040 Athanasii
639 1021 696 1048 qua:
715 1020 747 1039 ea:
764 1020 893 1039 canonum
913 1012 1063 1039 collectione
1082 1012 1224 1047 desumptw
1242 1017 1302 1039 sunt
1317 1017 1341 1039 et
1363 1012 1397 1038 ad
1417 1012 1516 1039 calcem
1531 1012 1608 1046 primi
1625 1011 1687 1037 tomi
1706 1019 1722 1037 a
1739 1011 1815 1037 nobis

195 1060 324 1094 repositae,
345 1061 371 1086 in
386 1069 497 1095 quarum
514 1061 636 1092 secunda,
652 1062 693 1087 cui
711 1061 813 1093 titulus,
829 1059 947 1094 Epistula
968 1060 1082 1092 festalis,
1106 1060 1214 1086 habetur
1237 1060 1372 1095 catalogus
1385 1061 1511 1086 librorum
1527 1059 1680 1092 Scriptum,
1693 1059 1726 1084 ad
1737 1066 1816 1093 quem

195 1105 238 1132 hic
255 1105 326 1132 haud
338 1106 416 1133 dubie
432 1107 536 1140 respicit
553 1107 702 1134 Theodorus
716 1107 870 1138 Balsamon,
885 1108 912 1133 in
926 1107 1066 1141 iisdemque
1084 1107 1280 1134 collectionibus
1293 1107 1431 1134 Canonum
1447 1115 1511 1134 mss.
1525 1111 1611 1133 exstat
1633 1113 1737 1132 carmen
1751 1107 1816 1131 Ant-

195 1150 329 1184 ;lzilochii,
346 1153 373 1179 in
387 1161 437 1187 quo
453 1157 617 1180 recensentur
628 1153 747 1179 canonici
763 1151 907 1186 Scriptura:
918 1153 988 1185 libri,
1008 1162 1058 1188 quo
1071 1158 1168 1188 spectat
1184 1153 1251 1181 idem
1264 1153 1360 1180 Theod.
1377 1153 1530 1180 Balsamon.
1545 1152 1674 1180 Cteterum
1692 1157 1742 1178 tres
1759 1152 1816 1186 epi-

194 1196 270 1224 stalte
288 1198 343 1224 illa:
357 1198 509 1230 Athanasii,
526 1199 676 1232 pariterque
697 1205 802 1224 carmen
826 1198 1014 1232 Amphiloc/tii,
1031 1207 1094 1226 cusu
1108 1204 1168 1226 sunt
1189 1200 1217 1227 in
1239 1204 1370 1234 postrema
1386 1199 1550 1227 Collectione
1569 1206 1703 1226 canonum
1721 1199 1815 1232 Angli-

198 1250 273 1275 :ana,
287 1245 399 1271 secundo
414 1250 484 1272 tomo
499 1246 566 1272 inter
583 1245 719 1279 Epistoms
736 1245 888 1272 canonicos.

230 1288 274 1315 IV.
291 1289 397 1317 Eximio
404 1301 468 1319 sane
475 1292 576 1318 est/ure
588 1290 730 1326 Synopsis,
739 1291 1028 1325 cujuscunquetandem
1045 1291 1080 1318 sit
1094 1293 1223 1326 auctoris,
1232 1297 1256 1319 et
1268 1297 1342 1320 tanta
1357 1301 1431 1325 cura,
1443 1293 1597 1328 sagacitate,
1607 1292 1753 1320 eruditione
1761 1292 1815 1319 ela-

197 1341 299 1368 )orata,
316 1341 344 1363 ut
359 1337 424 1364 nihil
438 1346 528 1373 supra.
541 1338 603 1365 Non
626 1339 701 1366 modo
713 1340 806 1374 quippe
829 1339 925 1374 singuli
939 1338 1082 1373 Scripturce
1099 1340 1160 1367 libri
1176 1343 1371 1388 acguratissime
1393 1342 1420 1368 in
1431 1350 1462 1369 ea
1476 1345 1639 1368 recensentur
1651 1345 1675 1368 et
1692 1342 1717 1367 in
1728 1342 1815 1375 epito—

195 1387 253 1406 men
268 1381 403 1414 aptissime
419 1383 591 1417 rediguntur;
607 1384 651 1410 sed
663 1384 747 1410 ntulta
762 1383 948 1419 disquiruntur
959 1392 1017 1419 qua:
1028 1390 1144 1419 spectant
1155 1381 1361 1421 chro‘nalogiant,
1378 1388 1504 1416 librorum
1518 1389 1663 1424 Scriptura:
1679 1397 1813 1424 auctores,

194 1426 308 1452 nominis
337 1427 500 1462 singulorum
524 1431 652 1458 librorum
677 1432 806 1458 rationem
823 1436 847 1458 et
866 1439 984 1463 causam,
1004 1433 1138 1459 variarum
1162 1434 1308 1460 oersianum
1328 1435 1468 1462 historiam
1480 1437 1571 1471 paucis
1588 1436 1811 1471 comprehensam.

193 1471 305 1499 Demum
320 1474 386 1500 nihil
400 1482 463 1509 pene
479 1482 548 1503 retro
563 1478 700 1512 reliquisse
715 1477 817 1504 videtur
829 1478 942 1511 scriptor
958 1478 1016 1510 iste,
1028 1479 1096 1513 quod
1110 1479 1148 1506 vir
1159 1479 1250 1506 συνίετε
1266 1480 1350 1507 solum
1361 1482 1479 1510 eruditus
1489 1489 1615 1519 pra'stare
1626 1485 1719 1519 possit.
1737 1484 1813 1510 Mul-

195 1521 228 1544 ta;
241 1525 320 1551 porro
335 1520 433 1547 menda:
447 1522 473 1548 in
490 1525 636 1552 nominibus
649 1525 762 1552 maxime
772 1526 897 1560 propriis,
914 1525 953 1551 uti
966 1525 1073 1552 solitum
1085 1531 1134 1559 est,
1151 1527 1320 1562 irrepserant,
1338 1537 1403 1564 quas
1415 1532 1502 1564 quoad
1516 1532 1587 1558 licuit
1599 1532 1812 1561 entendatvitnus:

193 1571 218 1593 et
233 1565 267 1593 ad
280 1567 358 1602 ﬁnem
369 1576 420 1596 non
433 1578 519 1605 pauca
532 1580 589 1608 qua:
600 1572 694 1601 Latine
708 1578 811 1600 tantum
826 1582 890 1600 cusa
906 1578 981 1600 erant
1000 1573 1027 1600 in
1049 1574 1122 1608 prius
1139 1574 1228 1609 editis,
1240 1584 1272 1602 ea:
1291 1578 1475 1612 ntanuscriptis
1495 1577 1631 1612 desumpta
1646 1577 1735 1606 Greece
1753 1578 1813 1606 edi—

194 1614 292 1643 dimus.

733 1703 801 1734 ΤΟΫ
819 1709 864 1736 EN
880 1709 990 1735 ΑΓΙΟΙΣ
1008 1709 1143 1736 ΠΑΤΡΟΣ
1162 1710 1260 1737 ΗΜΩΝ

836 1791 1153 1857 ΑΘΑΝΑΣΙΟΥ

331 1878 498 1905 ΣΥΝΟΨΙΣ
516 1879 704 1907 ΕΠΙἸὈΜΟΣ
725 1882 793 1908 ΤΗΣ
811 1883 918 1908 ΘΕΙΑΣ
934 1883 1089 1915 ΓΡΛΦΗΣ,
1110 1885 1266 1911 ΠΛΛΑΙΑΣ
1283 1886 1346 1912 ΚΑΙ
1361 1886 1458 1913 NEA):
1472 1886 1666 1914 ΔΙΑΘΗΚΗΣ.

699 1999 747 2042 5.
785 2000 838 2042 Ρ.
877 2001 934 2044 Ν.
975 2003 1296 2047 ATHANASII

192 2077 329 2106 BREVIS
358 2078 510 2107 DIVINJE
539 2081 758 2110 SCRIPTUR/E
788 2084 944 2114 VETERIS
973 2088 1019 2115 AC
1049 2087 1145 2116 NOV)
1177 2087 1416 2116 TESTAMENTI
1443 2088 1711 2121 SYNOPSIS,.ID
1739 2088 1808 2116 EST

864 2132 940 2160 COM
946 2133 1131 2162 PENDIUM.

224 2230 250 2256 1.
262 2230 358 2258 Omnis
371 2235 494 2259 nostrum
503 2232 719 2262 Christianorum
737 2233 889 2269 Scriptura,
898 2237 963 2264 divi-

1062 2238 1087 2265 1.
1114 2238 1192 2264 Πᾶσα
1219 2235 1312 2272 Γραφὴ
1326 2236 1403 2271 ἡμῶν
1426 2235 1604 2272 Χριστιανῶν,
1631 2235 1805 2267 θεόῃευστὸς

189 2275 263 2302 nitus
281 2276 411 2310 inspirata
428 2281 479 2308 est.
501 2277 639 2312 librosque
662 2278 742 2305 habet
770 2287 822 2306 non
846 2280 970 2309 indelini»

189 2327 243 2354 tos,
263 2323 309 2350 sed
326 2322 462 2355 deﬁnitos,
484 2332 515 2351 ac
536 2330 610 2353 certo
625 2334 729 2353 canone
744 2328 966 2362 comprehensos.

187 2369 220 2396 Et
236 2369 338 2397 Veteris
351 2370 458 2405 quidem
474 2370 638 2398 Testamenti
654 2372 680 2398 hi
700 2378 764 2400 sunt
783 2383 789 2400 :

222 2413 344 2448 Genesis,
360 2415 438 2449 cujus
462 2415 567 2442 initium
587 2421 652 2444 est:
673 2427 681 2442 ι
702 2417 729 2444 In
745 2418 879 2453 principio
904 2418 968 2446 fecit

188 2458 257 2486 Deus
271 2460 368 2486 coelum
385 2464 412 2487 et
426 2464 537 2488 terram.
552 2471 561 2488 ›

221 2504 340 2536 Exodus,
357 2506 436 2540 cuius
462 2507 567 2534 initium
584 2511 644 2535 est:
665 2518 674 2534 ί
694 2508 756 2537 Haec
779 2513 842 2537 sunt.
859 2511 968 2538 nomina

186 2552 300 2578 ﬁliorum
317 2552 409 2584 Israel,
424 2553 470 2587 qui
490 2553 516 2580 in
532 2553 677 2589 Egyptum
695 2555 809 2589 ingrcssi
827 2561 902 2582 sunt.
920 2567 929 2582 ι

219 2596 366 2628 Leviticus,
392 2598 471 2633 cujus
499 2599 662 2633 principium
683 2603 749 2627 est:
774 2610 783 2626 ε
809 2601 841 2627 Ει
861 2602 967 2629 vocavit

185 2641 316 2670 Dominus
333 2643 453 2679 Moysen,
471 2649 498 2672 et
517 2645 624 2673 locutus
638 2650 680 2673 est
697 2646 734 2673 illi
756 2647 782 2674 in
795 2647 968 2675 tabernaculo

186 2687 345 2715 testimonii.
360 2698 370 2714 ι

222 2731 342 2766 Numeri,
359 2734 437 2768 cujus
458 2735 564 2762 initium
581 2741 621 2763 est
636 2746 641 2762 ε
660 2746 668 2761 t
686 2736 716 2762 Et
739 2737 844 2764 locutus
857 2743 898 2765 est
917 2737 967 2763 Do—

186 2778 277 2804 minus
298 2779 330 2806 ad
348 2779 468 2815 Moysen,
488 2781 514 2807 in
535 2782 680 2809 solitudine
701 2781 775 2814 Sina,
798 2783 824 2810 in
840 2783 966 2810 taberna-

186 2822 250 2850 culo
266 2825 423 2854 testimonii.
449 2836 457 2851 ι

1022 2285 1104 2311 ἐστιν.
1121 2284 1178 2310 Οὐκ
1203 2283 1315 2318 ἀόριστα
1332 2283 1370 2313 δὲ.
1387 2282 1454 2309 ἀλλὰ
1478 2282 1576 2318 μᾶλλον
1599 2282 1736 2318 ὡρισμένα
1757 2283 1805 2309 καὶ

1022 2329 1234 2364 κεκανονισμὲνα
1251 2329 1306 2363 ἔχει
1320 2329 1353 2355 τὰ
1366 2328 1463 2363 βιϐλία,
1481 2329 1534 2355 Καὶ
1546 2328 1603 2354 ἔστι
1617 2328 1666 2362 τῆς
1686 2329 1734 2363 μὲν
1749 2330 1804 2355 Πα-

1021 2375 1097 2407 λαιΞίς
1111 2375 1246 2410 Διαθήκης
1262 2375 1347 2400 ταῦτα
1358 2383 1364 2389 ·
1586 2376 1589 2377 ⁷

1055 2422 1172 2452 Γένεσις,
1192 2418 1222 2447 οὗ
1245 2421 1262 2455 ἡ
1285 2421 1369 2455 ἀρχή·
1385 2430 1394 2446 t
1421 2421 1463 2447 Ἑν
1480 2421 1549 2456 ἀρχῇ
1568 2421 1692 2456 ἐποίησεν
1707 2422 1721 2449 ὁ
1736 2421 1801 2453 Θεὸς

1019 2468 1064 2493 τὸν
1080 2467 1192 2502 οὐρανὸν
1207 2468 1253 2493 καὶ
1266 2467 1314 2502 τὴν
1330 2467 1391 2503 γῆν.
1412 2476 1420 2492 ι

1056 2512 1174 2545 Ἔξοδος,
1200 2509 1230 2539 οὗ
1257 2514 1273 2548 ἡ
1295 2514 1381 2549 ἀρχή·
1410 2523 1418 2538 t
1440 2512 1532 2539 Ταῦτα
1555 2513 1588 2539 τὰ
1607 2513 1726 2546 ὀνόματα
1746 2513 1800 2539 τῶν

1017 2559 1082 2586 υἱῶν
1102 2559 1208 2594 Ἰσραὴλ
1224 2559 1276 2585 τῶν
1290 2560 1520 2594 εἰσπορευομένων
1534 2560 1572 2590 εἰς
1587 2559 1733 2592 Αἴγυπτον.
1752 2569 1762 2584 ι

1051 2605 1201 2636 Λευῖτικὸν,
1214 2601 1244 2631 οὗ
1254 2606 1270 2640 ἡ
1282 2605 1350 2640 ἀρχή
1361 2614 1367 2620 ·
1388 2615 1397 2628 ι
1415 2605 1469 2631 Καὶ
1487 2604 1597 2631 ἐκάλεσε
1613 2604 1742 2639 Μωῦσῆν,
1755 2605 1802 2631 καὶ

1017 2650 1130 2686 ἐλάλησε
1148 2649 1248 2685 Κύριος
1266 2649 1340 2685 αὐτῷ
1355 2651 1383 2676 ὲν
1398 2651 1429 2685 τῇ
1444 2651 1528 2685 σκηνῇ
1542 2649 1588 2675 τοῦ
1609 2649 1770 2684 μαρτυρίου.
1788 2660 1796 2675 ι

1059 2736 1188 2770 Ἀριθμοὶ,
1207 2734 1236 2762 οὗ
1251 2738 1266 2770 ἡ
1284 2737 1352 2771 ἀρχή
1391 2750 1401 2763 Ι
1417 2736 1470 2762 Καὶ
1491 2737 1601 2771 ἑλάλησε
1616 2737 1715 2772 Κύριος
1732 2738 1796 2773 πρὸς

1015 2782 1133 2816 Μωῡσῆν
1151 2783 1178 2807 ὲν
1195 2783 1226 2816 τῇ
1246 2783 1339 2816 ἐρήμῳ
1355 2784 1385 2817 τῇ
1403 2782 1465 2808 Σινᾶ
1477 2783 1505 2808 ἐν
1521 2784 1552 2818 τῇ
1567 2785 1650 2818 σκηνῇ
1668 2783 1713 2809 τοῦ
1728 2792 1796 2820 μαρ-

1014 2827 1116 2864 τυρίου.
1136 2837 1149 2852 r
