1915 3057
102 121 159 149 285

635 121 805 150 SYNOPSIS
825 120 1034 150 SCRIPTURIE
1056 122 1189 150 SACRE.

1673 124 1726 151 286

134 174 354 220 Δευτερονόμιονι
369 181 400 211 οὖ
421 184 438 219 ἡ
463 183 548 220 ἀρχή·
569 194 578 210 ι
598 183 678 211 Οὗτοι
694 186 717 211 οἳ
745 184 829 218 λόγοι,
844 183 888 216 οὓς

978 183 1229 215 Deuteronomium,
1253 183 1333 218 cujus
1357 183 1464 211 initium
1479 187 1544 212 est:
1563 192 1573 210 ι
1595 183 1642 212 Isti
1664 188 1729 211 sunt

98 230 215 264 ἐλάλησε
226 230 346 266 Μωῦσῆς
362 231 443 257 παντὶ
462 231 569 266 Ἰσραὴλ
583 231 670 267 πέραν
681 231 728 257 τοῦ
749 230 890 266 Ἰορδάνου,

99 276 130 302 ὲν
152 276 185 310 τῇ
208 276 312 311 ἐρήμῳ,
330 275 397 311 πρὸς
414 276 538 311 δυσμαῖς,
557 277 670 312 πλησίον
690 277 738 312 τῆς
760 276 892 311 Ἐρυθρᾶς

99 321 250 357 θαλάσσης.
273 332 282 348 ι

142 367 246 402 Ἰησοῦς
261 369 276 394 ὁ
290 367 336 394 τοῦ
353 368 440 404 Ναυῆ,
458 365 513 404 οὗὴ
530 368 610 404 ἀρχή·
627 378 636 394 ί
653 368 709 403 (65)
720 368 775 395 Καὶ
784 367 892 402 ἐγένετο

101 414 172 443 μετὰ
197 413 247 447 τὴν
271 413 398 449 τελευτὴν
410 413 502 440 δούλου
530 414 643 450 Κυρίου,
657 412 717 440 εἷπε
735 414 836 450 Κύριος
853 413 891 448 τῷ

107 457 208 492 Ἰησοῦ,
226 457 276 493 υίῷ
291 458 380 493 Ναυῆ,
395 458 544 494 λειτουργῷ
558 459 670 493 Μωῡσῆ,
688 458 780 492 λέγων.
808 468 817 483 ι

135 504 247 539 Κριταὶ,
260 502 290 531 οὗ
305 505 322 539 ἡ
334 505 421 540 ἀρχή·
437 514 445 530 ι
466 506 520 532 Καὶ
532 505 639 539 ἐγένετο
651 504 719 538 μετὰ
735 504 784 539 τὴν
799 505 889 531 τελευ-

98 550 150 584 τὴν
171 549 270 585 Ἰησοῦ,
287 550 334 576 καὶ
350 549 529 585 ἐπηρώτησαν
549 551 573 576 οι
593 550 646 577 υἱοὶ
671 550 775 585 Ἰσραὴλ
786 550 840 585 (65)
860 550 889 576 ὲν

98 596 197 631 Κυρίῳ
217 596 355 630 ).έγοντες’
377 596 425 628 Τίς
449 596 612 631 ἀναϐήσεται
635 596 704 631 πρὸς
722 597 784 628 τοὺς
798 597 889 622 Χανα-

97 643 192 673 ναίους
213 642 417 677 ἀφηγούμενοςς
440 652 449 667 ι

141 687 232 719 Ῥοίδθ,
246 685 277 714 οὗ
297 689 314 722 ἡ
331 688 402 723 ἀρχή
414 696 421 703 '
441 698 449 713 ι
469 689 524 714 Καὶ
541 688 649 722 ἐγένετο
675 689 703 714 ὲν
728 687 766 722 τῷ
788 688 888 722 κρίνειν

97 733 163 764 τοὺς
176 733 283 769 κριτὰς,
298 734 404 768 ἐγένετο
419 733 497 768 λιμὸς
508 735 537 760 ὲν
549 736 581 769 τῇ
597 735 644 769 γῇ.
664 743 673 759 ι

134 779 283 806 Βασιλειῶν
293 779 386 814 πρώτη
400 779 446 805 καὶ
456 779 580 814 δευτέρα,
603 780 642 810 είς
654 778 682 804 ἒν
692 770 888 814 ἀριθμούμεναι

97 824 211 859 βιϐλίον.
229 825 284 851 Καὶ
299 826 348 860 τῆς
364 825 413 859 μὲν
427 825 565 861 πρώτηςὴ
583 822 668 860 ἁρχῆ·
687 834 696 849 ι
718 825 771 850 Καὶ
786 823 888 859 ἀνορω-

944 238 1094 263 sermones.
1105 239 1174 266 quos
1185 231 1292 258 locutus
1302 229 1454 266 estMoyses
1469 231 1501 257 ad
1518 238 1626 258 omnem
1642 229 1729 257 Israe-

943 277 995 304 lem
1023 280 1099 303 trans
1135 275 1292 307 Jordanem,
1312 275 1339 302 in
1361 275 1506 303 solitudine
1529 275 1562 302 ad
1587 282 1726 306 occasum,

942 330 1026 357 prope
1042 329 1115 349 mare
1128 321 1262 349 Rubrum.
1282 330 1291 346 ι

970 368 1051 396 Jesus
1077 367 1149 396 ﬁlius
1178 367 1261 399 Nave,
1282 366 1362 401 cujus
1392 367 1498 394 initium
1527 370 1591 394 est:
1612 375 1622 392 ‹
1642 366 1674 393 Et
1688 366 1728 393 fa-

941 418 1015 442 ctum
1028 418 1070 441 est
1084 418 1145 449 post
1165 418 1279 440 mortem
1295 413 1367 440 servi
1382 412 1499 444 Domini,
1514 412 1582 439 dixit
1595 411 1728 440 Dominus

941 461 973 488 ad
989 460 1064 492 Jesu,
1082 459 1165 486 lilium
1179 458 1262 490 Nave,
1278 458 1408 485 famulum
1425 458 1535 493 Moysis.
1548 467 1557 483 ι

975 505 1094 537 Iudices.
1116 505 1195 540 cujus
1212 504 1318 532 initium
1334 508 1375 531 est
1391 514 1397 531 :
1421 513 1430 529 ι
1450 503 1481 530 Et
1495 504 1594 530 factum
1609 507 1650 530 est
1667 508 1727 538 post

941 554 1056 577 mortem
1068 549 1143 581 Jesu,
1156 553 1183 576 et
1196 549 1399 584 interrogarunt
1411 547 1457 575 lilii
1475 548 1558 574 Israel
1570 547 1724 580 Dominum,

939 596 1062 623 dicentes
1087 605 1093 622 :
1120 595 1187 628 Quis
1215 595 1342 622 ascendet
1371 594 1427 621 dux
1458 594 1589 622 adversus
1619 593 1727 622 Chana-

940 650 1013 668 naeos
1025 642 1037 668 ?
1051 651 1060 668 ι
1640 642 1643 646 ”

976 687 1061 719 Rulli,
1085 687 1164 722 c'ujus
1189 687 1296 714 initium
1320 691 1380 714 est:
1396 696 1406 712 ‹
1427 685 1460 713 Et
1482 686 1582 714 factum
1597 691 1649 719 est,
1663 694 1725 714 cum

936 733 1092 766 judicareut
1105 733 1221 768 judices,
1239 733 1309 760 facla
1324 737 1366 761 est
1382 733 1467 760 fames
1484 733 1510 760 in
1526 737 1608 761 terra.
1627 742 1636 758 ι

974 779 1088 814 Regum,
1114 779 1217 814 primus
1240 783 1266 806 et
1292 779 1437 810 secundus,
1454 779 1480 805 in
1504 786 1587 805 unum
1615 785 1727 813 compu-

940 829 1035 852 tantur
1063 825 1173 856 librum,
1193 828 1220 851 et
1233 825 1313 859 primi
1331 824 1439 859 quidem
1451 823 1558 851 initium
1579 827 1621 850 est
1637 832 1643 838 ·
1668 832 1677 848 ι
1694 822 1727 850 Et

97 876 148 901 πος
162 870 192 903 ἐξ
214 859 371 906 Ἀρμαθαῖμ
385 859 464 904 Σιφά,
479 870 508 903 ἐξ
522 859 609 905 δρόυέ
628 869 757 906 Ἐφραῒμ,
770 870 817 896 καὶ
830 869 888 895 ὅνο-

951 879 1020 898 ιοιηο
1032 875 1090 898 erat
1102 879 1134 898 ex
1148 871 1315 898 Armathaim
1329 871 1423 905 Sipha,
1437 872 1470 898 de
1484 875 1575 898 monte
1585 870 1726 905 Ephraim,

98 925 137 951 μα
160 916 235 951 αύτῷ
256 917 448 949 Ἐλκανᾶ,υίὸς
464 917 610 952 ἰερεμεὴλ,
625 917 681 951 (65)
693 916 750 942 υἱοῦ
771 916 856 943 Ἡλεί.
876 926 885 942 ι

133 964 190 997 Τῆς
207 963 234 990 δὲ
251 963 376 998 δευτέρας
391 965 408 998 ἡ
426 964 511 998 ἀρχή·
530 973 539 989 ι
559 963 682 996 Ἐγένετο
697 962 764 997 μετὰ
776 962 806 988 τὸ
818 963 888 988 ἁπο-

97 1011 190 1038 θανείν
202 1009 296 1041 Σαοὺλ,
308 1010 355 1036 καὶ
367 1009 449 1036 Δαδὶδ
463 1009 612 1044 ἀνέστρεψε
621 1009 729 1035 τύπτων
740 1008 784 1034 τὸν
804 1008 888 1043 Ἀμα-

97 1057 164 1092 λὴκ.
183 1066 193 1082 ι

145 1103 295 1131 Βασιλειῶν
311 1104 389 1139 τρίτη
405 1103 451 1130 καὶ
476 1103 603 1139 τετάρτη,
620 1103 659 1134 εἰς
687 1102 715 1129 ἓν
739 1102 818 1128 πάλιν
831 1101 890 1136 ἀρι-

107 1149 258 1184 θμούμεναι
271 1149 442 1185 βιὸλίον.Καὶ
451 1148 501 1182 τῆς
514 1149 562 1183 μὲν
576 1148 669 1184 τρίτης
683 1148 699 1183 ὴ
713 1147 794 1182 ἀρχή·
809 1155 818 1171 ε
835 1147 889 1173 Καὶ

99 1196 116 1220 ὁ
143 1194 268 1229 βασιλεὺς
293 1193 373 1220 Δαΰὶδ
413 1193 604 1228 πρεσϐύτερος,
620 1191 796 1227 προϐεϐηκὼς
822 1192 890 1226 ἡμέ-

103 1249 177 1275 ραις·
192 1240 238 1266 καὶ
256 1239 429 1276 περιέϐαλλον
451 1239 530 1265 αὑτὸν
547 1238 672 1273 ἱματίοις,
687 1237 733 1264 καὶ
749 1238 797 1263 οὐκ
813 1237 890 1269 ἑθερ-

102 1285 224 1320 μαίνετο.
246 1295 255 1311 ι

136 1331 192 1366 Τῆς
213 1331 240 1357 δὲ
262 1331 394 1366 τετάρτης
418 1331 434 1366 ἡ
451 1331 520 1366 ἀρχή
533 1338 540 1345 -
558 1339 567 1354 ‹
585 1330 639 1356 Καὶ
656 1329 772 1364 ἡθέτησε
799 1327 887 1356 Μωὰό

99 1379 129 1404 ἐν
153 1377 270 1413 Ἰσραὴλ,
287 1376 354 1412 μετὰ
366 1377 397 1403 τὸ
411 1376 556 1403 ἀποθανεῖν
575 1375 686 1410 ’Δχαάᾶ
704 1385 714 1401 ι

134 1423 379 1459 Παραλειπομένων
399 1423 505 1457 πρῶτον
528 1423 574 1449 καὶ
587 1422 720 1457 δεύτερον,
733 1423 772 1453 είς
788 1421 817 1447 ἒν
827 1421 888 1456 ἀρι-

99 1470 239 1506 θμούμενα
252 1470 361 1504 βιὸλίον.
375 1470 430 1495 Καὶ
443 1468 498 1495 ἔστι
514 1468 559 1494 τού
574 1469 622 1503 μὲν
638 1467 746 1503 πρώτου
761 1468 778 1502 ἡ
796 1468 866 1503 ἀρχή
879 1475 888 1484 υ

939 922 965 944 et
978 926 1075 945 nomen
1094 918 1132 944 illi
1149 917 1258 950 Elcana,
1278 918 1349 945 ﬁlius
1367 918 1509 949 Jereineel,
1526 917 1572 944 ﬁlii
1586 916 1655 944 Heli.
1678 926 1688 942 ι

977 964 1094 990 Secundi
1114 971 1178 990 vero
1200 964 1309 991 initium
1325 968 1367 992 est
1386 973 1392 990 :
1413 974 1422 989 ε
1445 963 1478 990 Et
1493 963 1593 990 factum
1611 966 1653 991 est
1664 966 1726 998 post

939 1016 1054 1037 mortem
1081 1009 1182 1041 Saulis,
1204 1010 1288 1038 David
1311 1017 1442 1045 percusso
1463 1010 1573 1038 Amalec
1598 1018 1725 1038 reversus

939 1061 991 1084 est.
1011 1066 1020 1081 ι

975 1101 1079 1137 Regum
1106 1103 1202 1130 tertius
1221 1106 1248 1129 et
1271 1105 1395 1136 quartus,
1411 1107 1435 1129 el
1452 1102 1502 1137 ipsi
1518 1110 1568 1138 pro
1583 1110 1636 1129 uno
1655 1110 1723 1130 con-

939 1151 1119 1175 numerantur
1148 1148 1228 1175 libro.
1245 1147 1277 1174 Et
1300 1148 1373 1176 tertii
1396 1148 1506 1183 quidem
1529 1148 1638 1175 initium
1653 1154 1695 1175 est
1715 1157 1722 1175 :

943 1201 953 1218 ι
972 1193 1004 1220 Et
1023 1201 1069 1221 rex
1089 1193 1172 1221 David
1195 1194 1296 1226 senior,
1313 1197 1392 1221 aetate
1406 1193 1461 1229 jam
1478 1194 1589 1229 grandis
1607 1198 1674 1220 erat.
1691 1194 1725 1220 Et

939 1240 1098 1274 operiebant
1117 1247 1179 1268 eum
1194 1240 1326 1273 vestibus,
1343 1248 1393 1268 nec
1410 1244 1499 1267 tamen
1514 1239 1663 1267 caleﬁebat.
1677 1249 1686 1265 ι

975 1331 1073 1365 Quarti
1099 1338 1164 1358 vero
1186 1331 1350 1366 principium
1366 1334 1408 1358 est
1423 1338 1430 1356 :
1448 1339 1457 1356 ‹
1475 1329 1509 1356 Et
1531 1329 1724 1364 pratvaricatus

939 1381 981 1405 est
1002 1376 1080 1404 Moab
1095 1376 1225 1404 adversus
1236 1375 1372 1408 lsraelem,
1384 1379 1443 1410 post
1461 1379 1575 1403 mortem
1590 1375 1694 1402 Achab.
1711 1384 1720 1400 ι

975 1421 1199 1456 Paralipomenon
1215 1422 1318 1456 primus
1332 1425 1358 1448 ct
1373 1420 1517 1452 secundus,
1533 1427 1582 1455 pro
1603 1428 1657 1447 uno
1669 1419 1723 1454 97

939 1468 1009 1495 libro
1026 1471 1228 1502 computantur:
1256 1467 1288 1494 Et
1315 1467 1394 1501 primi
1417 1466 1526 1501 quidem
1541 1466 1646 1492 initium
1660 1469 1722 1492 est:

102 1525 112 1539 ε
135 1515 230 1549 Ἀδὰμ,
246 1514 311 1549 Σὴθ,
348 1513 440 1545 Ἐνὼς,
475 1513 588 1543 Καῖνᾶν,
616 1512 767 1547 Μαλελεὴλ,
792 1512 887 1548 Ἰαρὲδ,

951 1514 1065 1546 ‘Adam.
1094 1514 1169 1547 Scth,
1200 1513 1283 1545 Enos,
1317 1513 1432 1544 Cainan.
1470 1512 1602 1543 Malaleel,
1629 1510 1722 1542 Jared,

107 1561 202 1596 Ἑνὼχ,
220 1560 394 1592 Μαθουσάλα,
412 1561 515 1595 Λάμεχ,
527 1559 598 1586 Νῶε.
615 1569 623 1584 ι

135 1606 189 1632 Τοῦ
205 1606 233 1632 δὲ
254 1606 378 1642 δευτέρου
403 1606 420 1640 ἡ
441 1605 527 1640 ἀρχή·
550 1613 558 1629 ι
583 1605 637 1631 Καὶ
659 1605 782 1639 ὲνίσχυσε
805 1604 887 1631 Σαλο-

101 1650 161 1685 μὼν
173 1651 231 1682 υἱὸς
244 1651 325 1677 Δαῦὶδ
340 1650 386 1677 ἐπὶ
401 1650 450 1685 τὴν
466 1649 602 1684 βασιλείαν
618 1649 709 1681 αὐτοῦ,
726 1649 772 1676 καὶ
788 1649 888 1685 Κύριος

100 1697 116 1722 ὁ
134 1696 200 1728 Θεὸς
213 1696 295 1723 αὑτοῦ
314 1697 371 1731 μετ’
389 1696 489 1727 αὑτοῦ,
508 1696 553 1722 καὶ
574 1695 739 1731 ἐμεγάλυνεν
752 1695 832 1722 αὑτὸν
848 1697 888 1727 είς

107 1741 184 1776 ὕψος,
206 1752 214 1767 ι

138 1787 256 1823 Ἔσδρας
272 1787 379 1823 πρῶτος
393 1787 439 1814 καὶ
452 1787 585 1822 δεύτερος,
601 1788 640 1819 εἰς
652 1787 681 1814 ἒν
695 1787 888 1823 ἀριθμούμενοι

101 1831 214 1866 βιϐλίον.
234 1832 287 1859 Καὶ
302 1832 348 1858 τοῦ
365 1833 413 1867 μὲν
425 1831 532 1867 πρώτου
546 1832 616 1868 ἀρχή
627 1841 634 1847 ·
652 1841 662 1858 ί
682 1832 737 1868 (66)
757 1833 811 1859 Kal.
822 1833 890 1868 ἠγα-

101 1885 150 1913 γιν
171 1878 273 1910 Ἰωσίας
301 1878 331 1904 τὸ
359 1879 454 1913 Πάσχα
478 1878 506 1904 ὲν
532 1878 706 1914 Ἰερουσαλὴμ
731 1878 769 1914 τῷ
794 1879 889 1914 Κυρίῳ

101 1924 200 1951 ἑαυτοῦ
214 1925 247 1960 τῇ
266 1924 546 1960 τεσσαρεσκαιδεκάτῃ
566 1924 658 1960 ἡμέρᾳ
672 1925 719 1951 τοῦ
737 1925 820 1961 μηνὸς
839 1925 888 1951 τοῦ

103 1970 211 2006 πρώτου
218 1991 224 1998 .
249 1980 257 1996 ι

137 2017 192 2044 Τοῦ
207 2017 234 2043 δὲ
244 2017 370 2052 δευτέρου
389 2017 405 2051 ἠ
420 2017 489 2052 ἀρχή
500 2025 506 2031 ·
525 2025 534 2041 ί
555 2017 610 2043 Καὶ
626 2017 654 2042 ὲν
669 2015 708 2051 τῷ
725 2015 824 2051 πρώτῳ
835 2015 888 2042 ἔτει

103 2063 195 2098 Κύρου
210 2062 256 2089 τοῦ
283 2062 412 2097 βασιλέως
431 2061 553 2097 Περσῶν,
574 2061 619 2087 τοῦ
636 2061 792 2096 τελεσθῆναι
811 2061 888 2095 λόγον

104 2108 157 2133 ἀπὸ
175 2107 308 2142 στόματος
326 2107 470 2143 Ἰερεμίου,
486 2107 609 2142 ἐξήγειρε
621 2107 722 2142 Κύριος
739 2106 769 2132 τὸ
782 2106 889 2142 πνεῦμα

104 2152 196 2188 Κύρου
211 2152 258 2178 τού
272 2152 403 2187 βασιλέως
421 2152 543 2188 Περσῶν.
567 2162 575 2177 ι

939 1561 1042 1593 Enoch,
1058 1561 1217 1592 Mathusala,
1238 1559 1364 1590 Lamech,
1380 1558 1446 1586 Noe.
1469 1568 1477 1584 ι

974 1607 1091 1634 Secundi
1108 1614 1172 1634 vero
1186 1607 1290 1633 initium
1304 1615 1310 1633 :
1326 1615 1334 1631 ι
1348 1605 1381 1632 Ει
1393 1604 1569 1632 conﬁrmatus
1583 1607 1626 1631 est
1642 1602 1722 1630 Salo-

938 1660 1001 1680 mon
1015 1652 1087 1680 illius
1101 1652 1210 1679 Davidis
1228 1652 1254 1679 in
1279 1659 1363 1686 regno
1385 1658 1446 1678 suo.
1459 1650 1492 1677 Et
1506 1649 1636 1677 Dominus
1652 1649 1723 1676 Deus

939 1699 1025 1734 ipsius
1043 1706 1105 1726 cum
1126 1699 1186 1734 ipso
1199 1718 1206 1730 ,
1223 1703 1250 1726 et
1269 1697 1455 1733 rnagniiicavit
1473 1703 1534 1724 eum
1555 1695 1589 1722 ad
1606 1694 1723 1723 sublime

939 1753 1035 1780 usque.
1049 1754 1058 1771 ›

974 1790 1075 1818 Esdras
1091 1790 1196 1825 primus
1209 1793 1234 1816 et
1250 1787 1386 1816 secundus
1406 1795 1460 1814 uno
1488 1785 1723 1821 comprehendun-

940 1841 985 1864 tur
999 1837 1147 1865 volumine.
1172 1835 1205 1862 Et
1225 1835 1304 1871 primi
1327 1835 1436 1869 quidem
1458 1833 1565 1860 initium
1577 1836 1619 1860 est
1635 1841 1641 1859 :
1656 1841 1666 1857 ι
1685 1831 1720 1858 Et

942 1884 1041 1912 obtulit
1058 1883 1148 1911 Josias
1164 1882 1269 1910 Pascha
1291 1882 1318 1908 in
1345 1880 1495 1908 Jerusalem
1519 1878 1633 1906 Domino
1653 1885 1721 1911 suo,

939 1933 1035 1958 auarta
1050 1929 1154 1957 decima
1171 1928 1215 1956 die
1229 1928 1330 1955 mensis
1345 1927 1434 1962 primi.
1453 1936 1462 1952 ι

976 2018 1094 2046 Secundi
1107 2025 1188 2046 vero:
1203 2027 1213 2043 ι
1225 2018 1258 2044 Et
1268 2018 1296 2044 in
1310 2017 1397 2052 primo
1409 2023 1480 2043 anno
1492 2015 1555 2051 Cyri
1571 2014 1642 2050 regis
1654 2012 1723 2041 Per-

939 2073 1031 2095 sarum
1040 2087 1048 2099 ,
1064 2069 1093 2093 ut
1106 2065 1299 2100 adimpleretnr
1310 2071 1400 2091 sermo
1410 2084 1417 2097 ,
1431 2063 1477 2098 qui
1491 2063 1525 2090 ab
1537 2071 1584 2090 ore
1599 2062 1722 2090 Jeremize

939 2117 1113 2148 processerat
1123 2131 1130 2143 .
1145 2110 1274 2138 excitavit
1287 2108 1417 2136 Dominus
1433 2108 1558 2143 spiritum
1571 2108 1635 2143 Cyri
1649 2108 1722 2143 regis

939 2157 1095 2185 Persarum.
1113 2165 1122 2182 ι

138 2199 292 2234 Ψαλτήριον
315 2199 474 2230 Δαῧιτικὺν,
499 2199 560 2234 ἔχον
585 2199 707 2234 ψαλμοὺς
732 2201 801 2234 pva."
825 2195 886 2234 ούή

974 2201 1135 2229 Psalterium
1151 2199 1310 2226 Davidicum
1324 2218 1331 2229 ,
1349 2197 1452 2224 habens
1465 2196 1586 2231 psalmos
1599 2203 1652 2223 cu.
1667 2196 1724 2224 Cu-

104 2245 186 2280 ἁρχὴ,
201 2245 284 2278 ἦγουν
305 2245 320 2270 ὁ
342 2243 448 2280 πρῶτος
461 2244 582 2279 ψαλμός·
601 2254 609 2269 ι
626 2245 767 2279 Μακάριος
779 2244 848 2280 ἀνὴρ
859 2244 888 2276 ὃς

104 2291 151 2317 οὐκ
170 2290 305 2327 ἐπορεύθη
320 2291 348 2317 ὲν
364 2290 443 2326 βουλῇ
457 2290 572 2317 ἀσεϐῶν.
590 2300 598 2315 ι

137 2337 283 2372 Παροιμίαι
298 2336 470 2371 Σολομῶντος
482 2336 550 2371 (67),
564 2333 617 2370 οὗὴ
627 2336 726 2371 ἀρχήἹ
742 2335 888 2371 Παροιμίαι

105 2381 272 2417 ὓλλομῶντος
293 2382 351 2408 υἱοῦ
372 2382 462 2414 ams,
483 2382 512 2414 ὃς
534 2381 704 2409 ὲὸασίλευσεν
718 2383 747 2408 ὲν
771 2381 887 2417 Ἰσραὴλ,

105 2427 203 2460 γνῶναι
222 2428 317 2462 σοφίαν
328 2429 375 2455 καὶ
391 2428 523 2454 παιδείαν.
542 2438 550 2453 ι

143 2518 357 2555 Ἐκκλησιαστὴς
374 2519 421 2546 τοῦ
434 2519 527 2550 αὑτοῦ,
542 2515 572 2545 οὗ
587 2519 602 2554 ἠ
626 2519 711 2554 ἀρχή·
731 2528 740 2544 ε
767 2519 888 2554 Ῥήματα

135 2594 412 2633 (65)]ῐιίιίμιηῗιίοδυο
434 2597 591 2633 sic_habct:
613 2597 667 2624 Καὶ
690 2597 797 2633 ἐγένετο
819 2598 888 2633 μετὰ

101 2629 148 2668 τῂν
161 2630 298 2668 -τελερτγὴν
318 2632 433 2668 Μωζδσῆ,
457 2630 518 2658 εἶπε
529 2667 534 2668 γ
545 2633 645 2668 Κύριος
663 2629 825 2668 τῷγἹησοῦξ
838 2633 887 2668 υἱῷ

102 2665 188 2702 Ναυῆ,
204 2665 242 2702 τῷ
257 2665 385 2702 υπουργῷ
402 2665 515 2702 Μωῦσῆ,
529 2665 622 2702 λέγών.

103 2700 234 2762 Κὲξῗέυιη
257 2700 353 2729 Graeco
372 2700 525 2738 Scriptura:
546 2700 619 2730 textu
644 2703 751 2738 legitur,
774 2703 818 2730 διὰ
840 2704 885 2730 τοῦ

128 2745 214 2770 υριου.

136 2771 192 2805 (65)
209 2771 320 2807 Gmnus
347 2771 496 2807 Scripturm
519 2777 619 2803 textus,
645 2773 702 2799 υἱοῦ
734 2774 833 2800 Ἠλιοῦ.
857 2775 885 2801 In

103 2804 197 2843 Graeco
209 2806 357 2843 Scriptura!
368 2804 442 2843 textu
458 2808 555 2842 legitur
567 2816 685 2843 semper,
697 2810 777 2835 Δαυῖδ
787 2818 848 2836 cum
858 2819 883 2837 υ.

138 2841 193 2877 (66)
207 2841 259 2876 Qui
270 2841 380 2870 dicitur
393 2841 603 2877 Esdrae’primus
622 2841 647 2870 in
670 2843 773 2872 Graecis
795 2853 885 2872 exeni-

939 2249 984 2284 jus
1000 2248 1106 2275 initium
1122 2252 1163 2274 est
1176 2257 1182 2274 ε
1202 2258 1210 2272 ι
1226 2246 1326 2273 Beatus
1341 2245 1382 2271 vir
1397 2244 1444 2279 qui
1459 2251 1515 2270 non
1530 2243 1679 2271 ambulavit
1694 2243 1723 2270 in

940 2295 1058 2323 consilio
1074 2294 1230 2329 impiorum.
1247 2302 1257 2318 ι

976 2341 1115 2368 Parabolaa
1128 2339 1292 2370 Salomonis,
1307 2339 1386 2373 cujus
1398 2336 1560 2373 principium
1575 2339 1634 2363 est:
1647 2345 1656 2361 ‹
1668 2334 1722 2362 Pa-

940 2387 1040 2415 rabolas
1062 2386 1234 2418 Salomonis,
1259 2385 1306 2412 ﬁlii
1330 2384 1458 2412 Davidis:
1485 2383 1530 2418 qui
1551 2383 1674 2417 regnavit
1693 2381 1722 2409 in

940 2433 1046 2464 Israel,
1078 2433 1110 2460 ad
1142 2431 1360 2468 cognoscendam
1391 2429 1552 2466 sapientiam
1580 2431 1608 2456 et
1635 2427 1722 2456 disci-

938 2478 1049 2513 plinam.
1066 2487 1074 2503 ι

975 2523 1154 2551 Ecclesiastes
1165 2522 1286 2557 ejusdem
1296 2542 1303 2554 ,
1318 2521 1397 2556 cujus
1408 2520 1516 2548 initium
1528 2523 1569 2548 est
1582 2530 1588 2547 :
1609 2529 1619 2546 ι
1632 2519 1722 2548 Verba

938 2602 1061 2643 plaribus
1084 2602 1129 2629 hic
1147 2602 1244 2643 tertius
1266 2604 1310 2643 est
1331 2601 1358 2643 in
1379 2600 1473 2643 Bibliis
1487 2599 1601 2643 nostris,
1619 2604 1647 2627 et
1664 2599 1721 2634 jam

937 2636 1009 2664 inter
1033 2638 1186 2672 apocrypha
1204 2640 1385 2671 computatur.
1410 2636 1608 2672 Inchoaturque
1622 2643 1637 2662 a
1650 2643 1722 2672 ring

938 2673 1026 2708 capite
1042 2669 1278 2708 Paralipomenon,
1292 2679 1342 2708 nec
1357 2672 1456 2708 legitur
1471 2671 1497 2698 in
1512 2669 1656 2708 Hebrajcp.
1670 2669 1721 2708 Qui

938 2705 1027 2735 autem
1043 2705 1179 2736 secundus
1191 2707 1236 2734 hic
1250 2707 1360 2740 dicitur,
1372 2705 1478 2742 primus
1489 2711 1530 2733 est
1544 2706 1571 2733 in
1586 2705 1722 2733 ilebraico

938 2747 1024 2771 textu.

974 2778 1030 2812 (67)
1047 2778 1074 2805 In
1095 2777 1197 2805 (iraa-is
1219 2777 1367 2812 Scriptum
1384 2776 1586 2812 exemplaribus
1611 2776 1721 2812 legitur,

938 2813 1074 2848 Σαλομὼν,
1090 2813 1132 2840 hic
1149 2818 1174 2841 et
1191 2813 1313 2841 inferius.
