1915 3057
199 117 252 145 28⁸1

759 113 788 140 S.
810 110 1040 140 ATHANASIUS.
1059 127 1094 132 —
1112 111 1223 139 DUBlA.

1752 110 1813 138 288

196 173 383 205 Ecclesiaste,
399 172 446 200 ﬁlii
461 172 571 200 Davidis
586 173 658 208 regis
674 171 756 200 Israel
770 172 798 198 in
813 171 973 199 Jerusalem.

1042 168 1253 204 Εκκλησιαστοῦ,
1284 167 1341 195 υιοῦ
1372 167 1463 199 Δαὸὶδ,
1490 166 1619 202 βασιλέως
1645 167 1751 202 Ἰσραὴλ
1779 168 1813 193 ἐν

196 219 309 248 Vanitas
324 220 473 247 vanitatum
487 223 515 246 et
529 218 621 246 omnia
636 218 755 246 vanitas.
774 228 784 244 ι

230 308 374 336 Canticum
401 308 571 336 canticorum
583 327 590 339 ,
614 307 736 343 ejusdem
748 327 755 340 ,
781 307 860 341 cujus
875 306 976 342 princi-

197 354 270 388 pium
286 357 347 381 est:
361 363 372 379 ι
386 354 528 381 Canticum
545 354 715 381 canticorum
729 373 736 385 ,
752 353 823 388 quod
840 357 882 380 est
899 352 976 379 Salo-

198 399 280 426 moui.
299 398 443 427 Osculetur
457 408 501 427 me
517 399 619 428 osculis
635 400 692 427 oris
708 399 766 430 sui,
784 399 847 434 quia
864 398 976 426 meliora

197 449 261 472 sunt
277 444 361 471 ubera
376 449 422 472 tua
437 445 509 472 vino.
529 455 538 471 ι

230 489 281 517 Job
291 510 298 521 .
315 490 394 526 cujus
409 491 572 526 principium
588 495 630 518 est
643 500 650 517 :
666 499 676 516 ι
691 490 776 518 Homo
791 490 902 525 quidam
917 494 976 518 erat

196 535 224 561 in
239 535 349 569 regione
360 535 498 567 Ausitide,
516 535 625 563 nomine
638 535 699 564 Job.
717 535 750 562 Et
763 539 822 563 erat
837 535 918 563 homo
932 535 983 571 ille,

196 579 352 614 inculpatus
367 584 393 606 et
409 579 561 614 religiosus.
581 590 589 606 ι

232 623 379 651 Duodecim
393 623 534 659 Prophetze
542 644 549 656 ,
562 632 616 651 uno
627 624 763 652 volumine
774 624 975 659 comprehensi.

198 668 269 696 Sunt
284 673 374 696 autem
392 669 454 700 isti,
471 668 539 696 Osee
556 670 677 703 primus,
694 669 774 703 cujus
787 670 894 696 initium
912 673 953 697 est
968 679 974 696 :

199 724 209 740 I
225 713 320 742 Sermo
336 714 461 745 Domini.
477 714 523 749 qui
539 715 627 742 factus
641 718 682 742 est
696 714 728 741 ad
744 714 813 742 Osce
829 715 912 742 ﬁlium
927 715 977 743 Be-

196 759 237 786 eri
250 779 257 791 ,
275 759 302 786 in
323 758 419 787 diebus
432 759 505 787 Ozia:
520 763 548 786 et
561 759 686 786 Joatham
703 764 729 788 et
743 761 834 787 Achaz
845 781 852 792 ,
868 765 895 788 et
910 760 977 788 Eze-

197 803 279 836 chiae,
295 811 388 838 regum
397 802 478 835 Juda,
491 807 518 830 ct
529 804 554 830 in
567 803 662 832 diebus
673 804 831 836 Jcroboam,
845 804 891 832 ﬁlii
901 804 975 837 Joas,

1031 215 1212 250 Ἰερουσαλήμ.
1243 213 1397 249 Ματαιότης
1431 213 1628 248 ματαιοτήτων,
1653 212 1686 239 τὰ
1717 212 1813 239 πάντα.

1027 260 1181 295 ματαιότης.
1198 270 1207 286 ι

1063 303 1156 340 ᾊσμα
1172 304 1300 339 ᾀσμάτων
1320 303 1366 330 τοῦ
1384 302 1477 335 αὑτοῦ,
1497 300 1554 338 oui)
1575 303 1660 338 ἀρχή-
1680 311 1688 328 ι
1711 300 1812 338 ᾊσμα

1026 350 1165 385 ᾀσμάτων,
1184 350 1198 376 ὃ
1218 351 1275 376 ἔστι
1293 349 1331 385 τῷ
1346 349 1478 384 Σολομὼν.
1495 349 1635 385 Φιλησάτω
1648 357 1681 384 με
1692 350 1746 376 ἀπὸ
1763 358 1813 383 φι-

1027 396 1155 431 λημάτων
1184 396 1313 432 στόματος
1333 395 1427 429 αὐτοῦ,
1454 395 1496 422 ὃτι
1519 395 1615 430 ἀγαθοὶ
1641 396 1737 431 μαστοί
1757 404 1810 422 σου

1029 442 1098 476 ὑπὲρ
1113 439 1195 469 οἶνον.
1216 451 1226 468 ›

1066 487 1136 518 ’1ὼ6,
1152 484 1213 522 οὖή
1234 487 1322 522 ἀρχή·
1349 496 1358 511 ε
1382 485 1539 522 Ἄνθρωπός
1559 495 1600 518 τις
1625 484 1658 521 ἦν
1684 487 1712 512 ἐν
1731 486 1812 522 χώρᾳ

1026 532 1148 559 Δὺσέτιδι
1175 533 1240 568 (68),
1265 529 1287 566 ᾧ
1317 532 1400 567 ὄνομα.
1432 531 1501 564 Ἰὼϐ,
1523 532 1568 558 καὶ
1583 530 1616 567 ἦν
1630 532 1644 558 6
1666 532 1811 568 ἄνθρωπος

1027 579 1129 610 ἐκεῖνος
1145 578 1287 614 ἄμεμπτος
1304 578 1349 604 καὶ
1362 577 1498 613 θεοσεϐὴς.
1518 587 1526 603 ι

1062 624 1202 659 Προφῆται
1225 624 1344 656 δώδεκα,
1367 625 1406 655 εἰς
1433 624 1461 649 ἒν
1483 623 1674 659 ἀριθμούμενοι
1695 623 1810 658 βιϐλίον.

1027 670 1086 696 Εἰσὶ
1095 670 1122 696 δὲ
1135 667 1217 700 οὗτοι,
1233 670 1309 704 Ὠσηὲ
1324 669 1439 705 πρῶτος,
1450 665 1480 696 οὗ
1491 670 1508 704 ὴ
1523 669 1607 704 ἀρχή·
1625 678 1634 694 ι
1653 670 1736 703 Λόγος
1749 670 1811 695 Κυ-

1027 715 1097 750 ρίου,
1113 715 1142 747 ὃς
1159 714 1274 750 ἐγενήθη
1290 715 1356 750 πρὸς
1376 715 1464 749 Ὠσηὲ,
1480 715 1523 741 τὸν
1531 715 1576 741 τοῦ
1593 715 1684 750 85an,
1699 716 1726 741 ὲν
1741 715 1813 750 ἠμέ-

1029 768 1088 795 ραις
1111 760 1207 792 Ὀζίου,
1220 761 1266 787 καὶ
1292 761 1419 795 Ίωαθὰμ,
1437 761 1483 787 καὶ¹
1507 760 1600 795 Ἀχὰξ,
1619 761 1666 786 καὶ
1687 760 1812 792 Ἐζεκίου

1028 805 1156 841 βασιλέων
1172 806 1267 836 Ἰούδα.
1278 807 1324 832 καὶ
1334 807 1362 832 ὲν
1374 806 1489 841 ἡμέραις
1507 805 1623 841 Ἰεροὸοὰ
1628 815 1647 841 μ
1655 805 1701 832 τοῦ
1720 807 1810 837 Ἰωᾶς,

197 850 268 884 regis
282 848 374 877 Israel.
396 849 560 884 Principium
573 851 709 878 sermonis
721 850 826 878 Domini
839 852 865 878 in
878 851 974 879 Osee.»

1045 851 1158 883 ασιλέως
1183 851 1298 886 Ἰσραήλ.
1320 851 1402 887 Ἀρχὴ
1426 851 1504 885 λόγου
1527 851 1628 886 Κυρίου
1641 853 1669 878 ὲν
1687 851 1776 886 Ὠσηὲ.
1799 861 1809 877 ι

231 895 333 923 Deinde
347 895 428 923 Amos
438 915 445 928 ,
462 896 541 930 cujus
555 896 720 931 principium
734 901 775 924 est
788 906 795 924 :
808 907 817 922 ε
830 897 976 925 Sermones

196 941 296 975 Amos,
307 941 353 976 qui
371 941 434 968 facti
449 946 513 969 sunt
525 942 552 969 in
564 942 688 969 Accarim
698 963 704 975 ,
719 950 751 970 ex
766 942 873 970 Thecua
884 949 899 975 ,'
908 951 976 978 quos

197 987 264 1014 vidit
277 995 359 1022 super
372 986 522 1015 Jerusalem
533 1008 540 1019 ,
558 988 585 1014 in
599 987 697 1015 diebus
712 987 784 1016 Ozite
797 989 870 1024 regis
885 988 955 1016 Juda
966 1009 974 1021 ,

195 1037 222 1059 et
238 1032 264 1058 in
276 1031 373 1060 diebus
382 1031 525 1060 Jeroboam
543 1033 589 1060 ﬁlii
604 1032 669 1060 Joas
679 1053 686 1065 ,
701 1034 772 1070 regis
783 1033 865 1062 Israel
875 1054 882 1067 ,
900 1035 976 1063 bien-

196 1078 242 1105 nio
254 1083 316 1106 ante
329 1084 409 1106 terra;
423 1082 536 1106 motum.
552 1089 562 1106 ι

233 1123 357 1150 Michzeas
368 1144 376 1156 ,
398 1123 476 1158 cujus
498 1124 661 1160 principium
682 1127 742 1152 est:
759 1133 768 1150 ι
785 1124 817 1151 Εῑ
831 1125 920 1153 factus
934 1131 976 1154 est

198 1176 288 1196 sermo
302 1169 410 1195 Domini
431 1169 464 1196 ad
478 1169 616 1197 Michaeam
631 1169 800 1198 Morathitem
810 1191 817 1200 .
836 1171 862 1198 in
878 1172 975 1200 diebus

196 1213 319 1241 Joatham
334 1218 360 1242 et
382 1215 472 1242 Achaz
493 1220 521 1243 et
543 1215 665 1243 Ezechiae
686 1224 778 1251 regum
793 1216 877 1250 Juda,
895 1226 974 1253 quem

197 1260 265 1287 vidit
279 1268 360 1294 super
373 1260 523 1287 Samariam
537 1265 563 1288 et
576 1260 736 1289 Jerusalem.
754 1272 763 1288 ι

230 1305 307 1338 Joel,
333 1306 413 1340 cujus
433 1306 540 1333 initium
563 1311 624 1334 est:
639 1317 648 1333 ι
667 1307 762 1335 Sermo
786 1308 907 1341 Domini,
928 1310 975 1344 qui

198 1351 286 1379 factus
300 1356 341 1379 cst
356 1353 390 1379 ad
404 1351 506 1380 Joclem
518 1373 526 1383 ,
551 1353 635 1381 ﬁlium
657 1353 781 1382 Bathuel.
805 1354 902 1383 Audite
918 1355 976 1383 haec

197 1398 304 1430 omnia,
320 1406 416 1430 sencs,
431 1404 459 1426 et
471 1399 583 1427 auribus
598 1400 728 1435 percipite
739 1420 746 1432 ,
761 1408 856 1428 omnes
870 1401 976 1428 habita-

197 1448 270 1470 tores
284 1447 372 1472 terrae.
389 1453 399 1470 ι

233 1488 351 1520 Abdias,
377 1490 455 1525 cujus
482 1491 645 1526 principium
660 1496 719 1520 est:
737 1501 745 1518 α
762 1492 837 1520 Visio
862 1493 973 1522 Abdita:

197 1534 260 1560 Haec
275 1533 342 1561 dicit
356 1533 489 1562 Dominus
503 1535 573 1562 Deus
588 1535 619 1562 ad
636 1535 789 1563 ldummam.
805 1546 814 1562 ι

231 1577 316 1607 Jonas
327 1599 334 1611 ,
351 1579 431 1614 cujus
457 1580 564 1607 initium
580 1585 621 1608 est
635 1591 641 1608 :
657 1591 666 1606 (
683 1581 715 1608 Et
730 1581 818 1609 factus
833 1586 874 1609 est
886 1590 975 1610 sermo

197 1624 304 1653 Domini
319 1626 352 1653 ad
367 1625 464 1654 Jonam
495 1626 578 1654 ﬁlium
599 1627 723 1661 Amathi,
743 1628 837 1656 dicens
855 1636 861 1654 :
890 1628 976 1664 Surge

196 1675 224 1700 et
238 1672 305 1700 vade
318 1672 346 1699 in
360 1672 474 1700 Niniven
489 1673 626 1700 civitatem
642 1681 777 1709 magnam.
796 1684 804 1700 ι

231 1716 336 1743 Nahum
349 1737 356 1748 ,
371 1718 451 1752 cujus
466 1717 572 1744 initium
587 1723 647 1745 est:
664 1729 671 1744 ι
688 1719 846 1754 Assumptio
859 1719 954 1747 Ninive
967 1739 973 1751 ,

197 1761 266 1790 liber
282 1762 395 1790 visionis
405 1762 510 1789 Nahum
526 1762 648 1790 Elcesaei.
668 1773 677 1789 ›

232 1807 400 1839 Ambacum,
414 1808 493 1842 cujus
505 1807 609 1834 initium
623 1811 664 1835 est
677 1817 683 1835 ι
695 1817 704 1834 ι
714 1807 881 1844 Assumptio,
895 1817 975 1844 quam

197 1852 264 1880 vidit
278 1852 426 1880 Ambacum
442 1854 581 1889 propheta.
597 1864 606 1880 ι

234 1896 386 1932 Sophonias
398 1918 405 1930 ,
421 1898 500 1934 cujus
516 1899 622 1926 initium
637 1904 679 1927 est
693 1909 699 1927 :
716 1909 724 1926 ‹
741 1899 836 1928 Sermo
849 1900 955 1928 Domini
967 1921 974 1932 ,

196 1943 244 1978 qui
261 1942 350 1970 iactus
364 1947 406 1971 est
422 1943 455 1971 ad
472 1943 637 1980 SOpIioniam
654 1945 738 1972 ﬁlium
752 1945 844 1978 Chus,
862 1947 908 1974 ﬁlii
922 1947 976 1974 Go-

197 1988 292 2021 dolize,
310 1987 358 2016 ﬁlii
371 1988 488 2016 Ameriae
500 2009 507 2021 ,
525 1990 571 2017 ﬁlii
587 1989 709 2024 Ezekite,
724 1991 752 2018 in
766 1991 861 2020 diebus
876 1991 973 2026 Josiae,

198 2033 246 2061 ﬁlii
259 2033 352 2067 Amos,
365 2034 437 2070 regis
451 2033 530 2063 Juda.
543 2045 551 2061 I

231 2078 364 2114 Aggaeus,
387 2079 466 2114 cujus
489 2079 596 2107 initium
617 2085 658 2108 est
672 2090 678 2108 :
695 2090 703 2106 I
719 2081 748 2108 In
763 2088 835 2109 anno
851 2082 974 2110 secundo

198 2122 271 2151 Darii
285 2124 356 2160 regis
367 2144 374 2156 .
390 2132 484 2153 mense
498 2130 586 2158 sexto,
598 2127 642 2154 die
657 2127 743 2161 prima
760 2128 873 2158 mensis.
888 2127 974 2155 factus

1060 894 1125 924 Εἶτα
1156 896 1255 931 Ἀμὼς,
1279 894 1308 924 οὗ
1328 897 1344 931 ἡ
1361 897 1444 932 ἀρχήν
1463 906 1472 921 ι
1489 897 1569 930 Λόγοι
1588 896 1687 932 ’Δμὼς,
1701 897 1729 932 ,οἳ
1748 898 1812 932 ἐγέ-

1015 938 1101 970 ¹νοντο
1114 943 1141 968 ὲν
1156 938 1316 977 ’Λκκαρεὶμξ
1329 943 1360 968 ἐκ
1375 942 1482 971 Θεκουὲ,
1497 942 1542 973 οὓς
1551 940 1618 968 εἶδεν
1634 943 1701 978 ὑπὲρ
1715 944 1813 978 Ἰερου-

1028 988 1117 1023 σαλὴμ
1136 988 1166 1015 ἐν
1192 988 1310 1024 ἡμέραις
1334 988 1420 1020 Ὁζίου
1448 988 1577 1022 βασιλέως
1599 988 1686 1015 Ἰούδα
1708 989 1754 1015 καὶ
1780 990 1812 1016 ὲν

1026 1034 1143 1069 ἡμέραις
1171 1033 1310 1069 Ἱεροδοᾰμ
1340 1033 1388 1060 τοῦ
1416 1034 1508 1066 ’1ωᾶς,
1533 1033 1660 1068 βασιλέως
1683 1034 1809 1070 Ἰσραὴλ,

1026 1079 1078 1115 πρὸ
1099 1079 1144 1105 δύο
1159 1079 1226 1106 ἐτῶν
1241 1079 1287 1106 τοῦ
1306 1079 1427 1114 σεισμοῦ.
1447 1089 1456 1104 ι

1059 1126 1188 1160 Μιχαίας.
1218 1122 1246 1152 οὗ
1260 1127 1276 1160 ἡ
1296 1126 1382 1161 ἀρχή·
1403 1135 1410 1150 ι
1431 1126 1485 1151 Καὶ
1498 1125 1603 1159 ἐγένετο
1618 1126 1694 1160 λόγος
1705 1126 1810 1161 Κυρίου

1026 1170 1093 1206 πρὸς
1116 1169 1233 1205 Μιχαίαν
1245 1169 1290 1196 τὸν
1313 1169 1359 1196 τοῦ
1380 1170 1494 1204 Μωραϐὶ
1507 1170 1534 1195 ἐν
1549 1169 1662 1204 ἡμέραις
1680 1169 1809 1204 Ὶωέιοαμ,

1025 1216 1072 1242 καὶ
1100 1215 1192 1250 Ἀχὰζ,
1216 1216 1261 1241 καὶ
1289 1215 1408 1247 Ἐζεκίου
1422 1215 1550 1249 βασιλέων
1571 1215 1664 1246 Ἰούδα,
1683 1215 1752 1250 ὑπὲρ
1771 1213 1809 1243 ὧν

1024 1259 1075 1288 εἶδε
1090 1262 1152 1297 περὶ
1168 1261 1321 1296 Σαμαρείας
1339 1261 1385 1287 καὶ
1402 1261 1586 1296 Ἰερουσαλήμ,
1610 1271 1618 1286 i

1066 1307 1152 1342 Ὶιυὴλ,
1171 1304 1200 1333 οὗ
1223 1307 1239 1342 ὴ
1262 1307 1350 1342 ἁρχή’
1370 1316 1378 1331 ι
1399 1307 1483 1340 Λόγος
1507 1306 1619 1341 Κυρίου,
1639 1306 1668 1338 ὃς
1691 1307 1808 1342 ἐγενήθη

1026 1352 1092 1388 πρὸς
1124 1352 1199 1388 Ὶωὴλ
1229 1352 1330 1378 τὸντοῦ
1347 1352 1477 1387 Βαθουήλ.
1511 1352 1654 1378 ’.Ᾱκοὺσατε
1671 1352 1702 1388 δὴ
1727 1353 1810 1379 ταῦτα

1026 1397 1114 1423 πάντα
1129 1397 1153 1423 οἱ
1178 1396 1367 1432 πρεσϐύτεροι,
1387 1396 1432 1423 καὶ
1460 1396 1636 1428 ἐνωτίσασθε,
1661 1397 1759 1429 πάντες
1783 1398 1808 1424 οἱ

1026 1443 1213 1474 κατοικοῦντες
1225 1443 1275 1477 τὴν
1291 1442 1354 1477 γῆν.
1377 1452 1385 1468 3

1067 1489 1169 1515 Ἀϐδιοῦ
1180 1489 1246 1524 (69),
1261 1485 1290 1515 οὗ
1306 1490 1322 1523 ὴ
1341 1489 1410 1524 ἀρχή
1421 1497 1427 1503 δ
1449 1498 1457 1513 ι
1473 1489 1586 1523 “Opust;
1608 1488 1722 1515 'A66to'3'
1739 1489 1808 1515 Τάδε

1025 1535 1097 1570 λέγει
1114 1535 1213 1571 Κύριος
1227 1536 1241 1562 ὁ
1252 1535 1316 1566 Θεὸς
1327 1536 1359 1570 τῇ
1376 1535 1518 1570 Ἰδουμαίᾳ.
1536 1545 1544 1559 ι

1067 1582 1166 1613 Ἰωνᾶς,
1193 1579 1224 1608 οὗ
1249 1582 1265 1616 ἡ
1287 1581 1371 1616 ἀρχή’
1388 1590 1397 1606 ι
1419 1581 1472 1606 Καὶ
1489 1581 1596 1614 ἐγένετο
1612 1580 1688 1614 λόγος
1705 1581 1807 1616 Κυρίου

1028 1627 1095 1662 πρὸς
1113 1628 1203 1653 Ἰωνᾶν
1217 1626 1262 1653 τὸν
1288 1626 1333 1652 τοῦ
1357 1625 1463 1661 ’Λμαϐὶ,
1477 1626 1564 1659 λέγων
1575 1635 1582 1640 ·
1602 1626 1746 1661 ’Λνάττηθι
1761 1635 1807 1653 και

1026 1673 1171 1708 πορεύθητι
1187 1673 1225 1704 είς
1239 1672 1332 1699 Νινευὶ
1351 1672 1406 1708 (70)
1421 1671 1469 1706 τὴν
1485 1672 1560 1697 πόλιν
1583 1672 1631 1706 τὴν
1647 1671 1774 1706 μεγάλην.
1796 1681 1806 1698 ι

1061 1718 1167 1752 Nato-Dp.
1182 1714 1211 1744 οὗ
1229 1719 1245 1752 ἡ
1261 1718 1330 1753 ἀρχή
1341 1727 1347 1732 ·
1364 1727 1372 1742 ι
1392 1717 1494 1752 Λῆμμα
1511 1717 1613 1744 Νινευί.
1636 1717 1727 1748 Βίϐλος
1740 1717 1806 1752 ὀξίς-

1025 1772 1093 1794 σεως
1107 1763 1201 1798 Ναουμ
1214 1763 1260 1788 τοῦ
1272 1764 1299 1789 ὲν
1316 1762 1448 1789 Ἐλκεσαί.
1462 1772 1469 1787 ι

1066 1809 1236 1843 Ἀμϐαχοὺμ,
1253 1805 1282 1834 οὗ
1300 1809 1316 1842 ἡ
1332 1808 1418 1843 ἀρχή·
1437 1818 1445 1833 ι
1467 1807 1502 1833 Τὸ
1520 1808 1615 1842 λῆμμα
1634 1807 1647 1833 ὂ
1659 1805 1727 1833 εἶδεν
1745 1808 1807 1843 Ἀξ-

1018 1854 1132 1889 .6ακοὺμ
1145 1855 1159 1880 ὁ
1171 1854 1321 1889 προερήτης.
1339 1863 1347 1878 i

1060 1900 1206 1935 Σοφωνίας,
1221 1895 1250 1926 οὗ
1295 1900 1364 1935 ἀρχή
1375 1907 1381 1914 ·
1399 1909 1408 1924 ι
1428 1899 1512 1933 Λόγος
1526 1899 1678 1934 Κυρίου,ὅς
1692 1898 1806 1934 ἐγενήθη

1026 1945 1092 1981 πρὸς
1117 1945 1255 1979 Σοφωνίαν
1282 1945 1327 1970 τὸν
1345 1944 1392 1970 τοῦ
1417 1945 1486 1975 Χοὺς
1513 1943 1579 1979 (71),
1605 1943 1662 1969 υἱὸν
1686 1943 1804 1969 Γοδο).ί’)υ

1026 1990 1072 2017 τοῦ
1097 1991 1222 2026 Ἀμορίου
1237 1990 1283 2017 τοῦ
1303 1989 1434 2022 Ἐζεκίου,
1451 1991 1478 2015 ὲν
1494 1989 1610 2025 ἡμέραις
1636 1989 1736 2015 Ἰωσίου
1749 1989 1804 2015 υἱοῦ

1033 2036 1123 2072 ’Δμὼς
1139 2036 1268 2070 βασιλέως
1294 2035 1384 2062 Ἰούδα.
1401 2045 1411 2061 ›

1065 2083 1198 2117 Ἀγγαῖος,
1211 2079 1241 2109 οὗ
1260 2083 1276 2117 ή
1292 2082 1377 2117 ἀρχή·
1397 2090 1405 2106 ι
1431 2081 1474 2108 Ἑν
1490 2080 1528 2116 τῷ
1544 2081 1660 2116 δευτέρῳ
1682 2080 1736 2107 ἔτει
1762 2082 1806 2108 ἐπὶ

1026 2128 1134 2164 Δαρείου
1149 2127 1195 2153 τοῦ
1210 2127 1339 2162 βασιλέως
1354 2128 1382 2152 ὲν
1393 2126 1431 2162 τῷ
1447 2126 1510 2162 μηνὶ
1527 2126 1565 2161 τῷ
1579 2126 1660 2161 ἕκτῳ,
1687 2127 1735 2161 μιᾷ.
1760 2126 1805 2152 τοῦ

196 2174 240 2200 est
249 2177 339 2198 sermo
350 2170 456 2198 Domini
468 2171 495 2198 in
507 2179 589 2199 manu
602 2172 691 2208 Δεδιιεὶ
704 2173 841 2208 propheta:
852 2173 972 2201 dicens.)

1042 2174 1121 2208 ιηνὸς,
1135 2173 1242 2207 ἐγένετο
1253 2173 1329 2207 λόγος
1342 2173 1442 2208 Κυρίου
1459 2173 1488 2198 ὲν
1504 2173 1574 2208 χειρὶ
1597 2172 1722 2206 Ἀγγαίου
1740 2181 1804 2208 προ-

232 2259 396 2293 Zacliarias,
411 2260 489 2295 cujus
502 2260 608 2288 initium
622 2265 663 2288 cst
677 2271 683 2289 :
697 2271 706 2287 ι
719 2261 747 2289 ln
763 2267 857 2290 octavo
872 2270 975 2294 mense,

197 2313 269 2332 anno
289 2305 409 2333 secundo
432 2304 522 2336 Darii.
549 2305 637 2334 factus
656 2310 698 2334 est
712 2315 803 2334 sermo
819 2306 926 2334 Domini
942 2308 974 2333 ad

197 2351 374 2383 Zachariam,
396 2351 482 2379 ﬁlium
502 2350 658 2384 Barac-hiat,
680 2352 726 2380 ﬁlii
747 2353 839 2386 Addo,
857 2353 976 2389 prophe-

198 2401 253 2423 tam
262 2416 270 2428 ,
286 2396 391 2424 dicens.
408 2406 417 2422 ι

232 2441 288 2477 98
301 2441 465 2476 Malachias,
486 2442 566 2477 cujus
587 2442 693 2470 initium
718 2447 778 2471 est:
795 2452 803 2468 ι
819 2442 976 2479 Assumptio

199 2487 332 2514 sermonis
348 2486 454 2514 Domini
471 2487 503 2514 ad
519 2487 601 2515 Israel
615 2488 642 2514 in
659 2495 740 2515 manu
757 2489 845 2523 angeli
859 2489 929 2523 ejus.
947 2499 956 2514 ι

232 2530 265 2559 Hi
280 2536 344 2559 sunt
359 2532 503 2560 duodecim
517 2533 656 2568 prophetae
670 2541 724 2561 uno
746 2534 883 2562 volumine
903 2542 977 2561 com-

198 2577 335 2612 prehensi.
353 2577 510 2614 Sequuntur
522 2579 618 2614 reliqui
633 2584 760 2615 quatuor,
781 2587 896 2614 quorum
918 2580 978 2606 cui-

197 2631 250 2658 que
265 2625 404 2660 proprium
418 2630 613 2653 annumeratur
634 2626 770 2653 volumen.
789 2625 822 2652 Et
837 2626 865 2653 hi
882 2629 946 2654 sunt
968 2635 975 2652 :

234 2669 334 2704 Isaias,
361 2670 440 2705 cujus
462 2671 568 2699 initium
592 2676 674 2699 eslzi
690 2671 784 2703 Visio,
808 2679 888 2706 quam
911 2671 977 2698 vidit

233 2756 291 2824 ξοδ)
306 2757 416 2786 Graecus
430 2759 578 2795 Scriptura.
592 2764 693 2792 textus.
707 2760 836 2788 Αὺσίτιδι.

245 2792 290 2824 69)
310 2792 337 2819 In
353 2793 446 2820 Graeco
472 2794 620 2824 Scripturu‘.
637 2800 708 2823 textu
735 2797 836 2824 lenitur.

310 2792 337 2830 in
353 2793 446 2820 Graeco
472 2792 620 2827 scripturu‘.
637 2800 708 2823 textu
735 2797 841 2830 legitur,
863 2796 974 2822 ‘066to'3.

234 2827 291 2862 (70)
307 2827 393 2856 Gneo.
407 2830 507 2864 Script.
530 2830 638 2865 Νινευή,
656 2835 682 2858 ct
705 2834 744 2859 sic
757 2827 886 2866 Iinferius.
905 2831 976 2864 Mox,

1028 2219 1113 2253 φήτου
1124 2218 1220 2252 λέγων.
1238 2228 1247 2244 ›

1061 2265 1206 2300 Ζαχαρίας,
1223 2261 1252 2291 οὗ
1267 2265 1377 2300 ὴάρχή·
1396 2273 1405 2289 ι
1429 2265 1472 2290 Ἑν
1491 2263 1529 2300 τῷ
1550 2263 1634 2299 ὀγδόῳ
1650 2264 1714 2299 μηνὶ
1733 2263 1806 2296 ἔτους

1026 2311 1150 2346 δευτέρου
1165 2311 1211 2337 ἐπὶ
1221 2310 1333 2346 Δαρείου
1345 2310 1451 2344 ἐγένετο
1463 2310 1540 2344 λόγος
1548 2309 1649 2345 Κυρίου
1667 2310 1710 2336 ἐπὶ
1721 2311 1805 2345 Ζαχα-

1027 2355 1097 2390 ρίαν,
1123 2354 1167 2380 τὸν
1182 2354 1228 2380 τοῦ
1246 2355 1390 2390 Βαραχίου,
1416 2355 1470 2380 υἱὸν
1494 2354 1575 2381 uasto
1592 2354 1637 2380 τὸν
1653 2356 1803 2390 προφήτην,

1026 2401 1123 2435 λέγων.
1143 2410 1151 2426 ι

1061 2445 1212 2481 Μαλαχίας,
1229 2442 1286 2480 οὗὴ
1300 2446 1369 2481 ἀρχή
1382 2453 1389 2461 ·
1410 2455 1418 2470 ι
1439 2446 1540 2481 Λῆμμα
1554 2445 1631 2480 λόγου
1645 2445 1744 2481 Κυρίου
1761 2447 1805 2473 ἐπὶ

1025 2497 1070 2518 τον
1090 2492 1198 2528 Ἰσραὴλ
1211 2493 1238 2518 ὲν
1254 2492 1324 2527 χειρὶ
1344 2491 1458 2526 ἀγγέλου
1475 2492 1568 2518 αὑτοῦ.
1585 2502 1593 2517 ι

1061 2534 1141 2564 Οὗτοι
1157 2537 1207 2572 μὲν
1218 2536 1263 2564 οὖν
1278 2538 1302 2564 oi
1328 2537 1431 2564 δώδεκα
1445 2538 1485 2569 εἰς
1498 2537 1527 2563 ἒν
1547 2537 1657 2572 βιϐλίον.
1679 2537 1755 2572 Ἐξῆς
1779 2537 1804 2564 δὲ

1026 2584 1114 2620 ἕτεροι
1126 2583 1266 2619 τέσσαρες,
1281 2584 1348 2619 πρὸς
1361 2583 1390 2609 ἓν
1405 2583 1520 2615 ἕκαστος
1538 2583 1648 2618 βιϐλίον,
1665 2581 1737 2610 οὗτοι
1747 2592 1753 2598 ·

1068 2671 1191 2703 Ἡσαΐας,
1207 2668 1264 2706 οὖὴ
1281 2671 1350 2706 ἀρχή
1361 2678 1368 2686 ⁸
1389 2680 1396 2695 ι
1413 2671 1536 2705 Ὃρασις,
1556 2671 1589 2706 ἥν
1603 2669 1671 2697 εἶδεν
1696 2671 1803 2702 Ἡσαΐας

1026 2763 1040 2788 ὁ
1054 2762 1100 2788 τοῦ
1122 2762 1284 2788 Ἐλκεσαίου.

1063 2796 1239 2831 (71)(ἶι-ιιξςυς
1251 2797 1398 2831 Scriptura:
1410 2801 1476 2823 text.
1490 2796 1582 2831 Χουσι.
1593 2793 1665 2823 infra
1676 2795 1702 2822 in
1713 2794 1803 2822 ϐιωεο

1029 2831 1175 2868 Scriptura:
1192 2836 1266 2860 textu
1281 2830 1388 2867 legitur,
1403 2831 1461 2858 υἱοῦ
1478 2830 1578 2866 Ἀμώς.
