1915 3057
151 152 207 180 289

676 147 841 176 SYNOPSIS
862 146 1067 176 SCRIPTURzE
1088 145 1223 174 SACRlE.

1716 145 1769 172 2G0

152 210 210 241 υίὸς
232 209 332 244 Ἀμὼς,
351 209 383 244 ὴν
393 206 447 235 εἶδε
463 209 532 236 κατὰ
544 209 593 243 τῆς
609 209 736 241 Ἰουδαίας
746 210 792 236 καὶ
805 210 874 236 κατὰ
885 209 934 245 τῆς

1001 209 1069 237 saias
1091 208 1163 235 ﬁlius
1185 208 1285 239 Amos,
1301 215 1382 242 quam
1399 206 1466 233 vidit
1480 205 1611 234 adversus
1626 205 1697 233 Juda
1705 213 1747 232 aut
1762 227 1768 238 ,

157 255 334 292 Ἰερουσαλὴμ
359 256 388 281 ὲν
411 255 534 290 βασιλείᾳ
555 255 652 287 Ὀζίου,
673 255 720 281 καὶ
748 255 876 290 Ὶωάθαμ,
890 256 936 282 καὶ

158 300 252 336 Ἀχὰς,
270 302 315 327 καὶ
336 300 465 332 Ἐζεκίου,
489 301 513 327 οἳ
531 300 702 327 ἐϐασίλευσαν
723 301 772 335 τῆς
797 301 933 332 Ἰουδαίας.

158 347 268 377 Ἀκουε,
285 345 391 382 οὺρανὲ,
406 345 452 372 καὶ
463 345 598 378 ἐνωτίζου,
611 346 628 380 ἡ
639 346 684 381 γῆ,
704 346 744 371 ὅτι
761 345 861 382 Κύριος
875 346 936 373 ὲλά-

152 391 245 426 λησεν.
267 400 277 416 ι

196 436 339 472 Ἱερεμίας,
350 432 381 462 οὗ
399 437 415 470 ὴ
432 436 518 471 ἀρχή·
536 444 546 461 ‹
566 434 602 461 Τὸ
617 435 690 470 ῥῆμα
702 434 747 461 τοῦ
758 434 835 466 Θεοῦ,
850 435 864 461 ὃ
874 435 935 469 ἐτέ-

153 491 214 509 νετο
244 482 289 508 ἐπὶ
307 482 441 517 Ἱερεμίαν
461 481 507 508 τὸν
521 481 567 508 τοῦ
584 481 709 513 Χελκίου,
731 481 761 512 ὃς
778 479 813 516 ἦν
833 481 864 508 ἐκ
882 481 935 507 τῶν

156 530 261 565 ἱερέων.
281 539 291 555 ι
710 523 716 530 ’

196 575 318 610 Ὲζεκιὴλ
333 574 399 610 (72),
413 571 444 600 οὒ
460 575 477 609 ἡ
499 574 570 609 ἀρχή
584 581 590 587 “
612 583 621 599 ι
639 574 692 600 Καὶ
715 575 821 608 ἐγένετο
843 574 871 600 ἐν
897 573 936 609 τῷ

153 621 306 658 τριακοστῷ
327 621 381 648 ἔτει
402 621 431 646 ὲν
451 620 489 655 τῷ
501 621 622 655 τετάρτῳ
638 621 713 655 μηνὶ,
732 621 778 646 καὶ
792 619 846 654 ἐγὼ
863 621 935 655 ἤμην

153 669 182 694 ἐν
200 668 273 703 μέσῳ
292 667 340 702 τῆς
354 666 540 702 αἰχμαλωσίας
558 666 605 692 ἐπὶ
621 666 667 692 τοῦ
689 666 810 701 ποταμοῦ
833 666 934 701 Χοϐὰρ,

153 714 199 740 καὶ
214 712 374 748 ἠνοίχθησαν
387 713 411 738 οί
427 712 545 747 οὐρανοὶ,
561 711 607 737 καὶ
622 710 691 737 εἶδον
707 711 816 748 ὁράσεις
829 712 907 738 Θεοῦ.
924 722 933 738 ι

186 759 294 794 Δανιὴλ,
313 756 343 785 οὗ
358 759 374 793 ὴ
396 759 483 794 ἀρχή·
499 768 507 783 ι
528 758 581 793 (75)
598 758 652 784 Καὶ
671 756 704 793 ἦν
729 759 798 794 ἀνὴρ
813 759 893 785 οίκῶν
907 760 936 785 ἐν

151 804 300 836 Βαϐυλῶνι,
334 805 380 831 καὶ
401 805 484 840 ὄνομα
514 804 588 840 αὐτῷ
621 805 756 840 Ἰωακεὶμ,
784 805 831 831 καὶ
857 805 936 831 ἔλαϐε

151 851 267 883 γυναῖκα
284 847 397 885 ᾖὸνομα
419 849 564 881 Σουσάννα,
589 849 710 885 θυγάτηρ
727 849 852 881 Χελκίου,
865 849 934 884 καλὴ

153 895 254 932 σφῶρα
267 895 312 921 καὶ
329 894 483 930 φοϐουμένη
501 894 545 920 τὸν
560 894 670 930 Κύριον.
696 903 704 919 ι

185 941 213 968 2.
235 940 316 976 Ὁμοῦ
333 941 367 967 τὰ
381 941 575 976 κανονιζόμενα
593 941 642 975 τῆς
661 941 780 971 Παλαιᾱς
800 939 935 975 Διαθήκης

152 987 242 1022 βιϐλία
264 988 349 1014 είκοσι
374 987 435 1019 δύο,
468 988 598 1023 ἰσάριθμα
622 988 677 1018 τοῖς
708 986 855 1022 γράμμασι
881 986 935 1012 τῶν

158 1034 298 1069 Ἐὸραίων.
310 1034 434 1060 Τοσαῦτα
449 1034 502 1069 γάρ
519 1034 571 1059 sin
585 1033 648 1068 παρ’
657 1033 748 1064 αὐτοῖς
760 1032 793 1059 τὰ
806 1034 936 1068 στοιχεῖα.

191 1081 284 1112 Ἐκτὺς
300 1081 327 1107 δὲ
339 1081 440 1107 τούτων
459 1081 511 1107 εἰσὶ
530 1080 610 1107 πάλιν
623 1081 704 1116 ἕτερα
720 1080 808 1116 βιϐλία
831 1081 879 1116 τῆς
890 1080 937 1107 αὺ-

151 1126 200 1160 τῆς
214 1126 333 1157 Παλαιᾶς
357 1126 504 1162 Διαθήκης,
527 1126 557 1152 οὐ
579 1126 772 1161 κανονιζόμενα
794 1127 853 1161 μὲν,
873 1127 938 1153 ἀνα-

151 1172 336 1206 γινωσκόμενοι
351 1171 379 1198 δὲ
391 1171 470 1206 μόνον
485 1172 540 1202 τοῖς
552 1171 764 1206 κατηχουμένοις
775 1170 861 1197 ταῦτα
876 1178 883 1186 '

188 1217 270 1252 Σοῳία
293 1217 457 1253 Σολομῶνος,
481 1215 511 1244 οὗ
532 1218 548 1252 ἡ
569 1218 657 1252 ἀρχή·
673 1226 681 1241 ι
707 1217 877 1252 Ἀγαπήσατε
899 1216 937 1242 δι-

152 1264 307 1299 καιοσύνην,
323 1265 346 1290 οἱ
361 1264 498 1299 κρίνοντες
509 1263 558 1298 τὴν
572 1263 632 1298 γῆν.
648 1272 655 1287 ι

188 1310 270 1345 Σοφία
285 1309 370 1345 Ἰησοῦ
393 1309 450 1336 υἱοῦ
472 1309 565 1343 Σιρὰχ,
581 1306 610 1334 οὗ
632 1309 649 1342 ἡ
663 1308 732 1343 ἀρχή
745 1315 751 1321 ·
773 1317 781 1333 t
798 1309 876 1334 Πᾶσα
893 1316 936 1334 σο-

151 1357 200 1390 φία
220 1356 295 1392 παρὰ
319 1356 432 1392 Κυρίου,
457 1356 503 1382 καὶ
533 1355 589 1390 μετ’
622 1353 704 1380 αὑτοῦ
737 1355 809 1380 ἔστιν
832 1355 872 1386 είς
892 1354 937 1380 τὸν

151 1402 246 1428 αίῶνα.
263 1412 272 1427 ι

193 1447 303 1484 Ἐσοὴρ,
320 1443 350 1473 οὗ
373 1448 389 1482 ή
414 1447 484 1482 ἀρχή
499 1454 505 1461 '
525 1456 534 1472 ι
557 1447 651 1477 "Ecce;
667 1445 792 1481 δευτέρου
805 1445 870 1480 (Η),
889 1443 937 1479 βα-

153 1493 302 1524 σιλεύοντος
319 1491 496 1528 Ἀρταξέρξου
512 1492 558 1518 τοῦ
574 1491 743 1526 μεγάλου,τῇ
758 1492 805 1526 μιᾷ
814 1491 860 1516 τοῦ
875 1490 938 1516 Νει-

153 1539 202 1566 σᾶν
226 1539 350 1566 ἐνύπνιον
378 1537 431 1564 εἶδε
458 1538 626 1573 Μαρδοχαῖος
649 1539 663 1564 ὁ
688 1537 735 1564 τοῦ
762 1537 873 1571 Ἰαείρου
889 1536 936 1563 τοῦ

152 1585 249 1620 Σεμεεὶ
265 1584 312 1611 τοῦ
328 1585 453 1615 Κισαίου,
471 1584 503 1610 ὲκ
517 1584 602 1618 φυλῆς
616 1583 752 1618 Βενιαμίν.
775 1591 784 1608 ι

194 1630 295 1666 Ἰουδὴθ
306 1651 313 1663 ,
338 1628 367 1657 οὗ
382 1630 453 1666 ἀρχή
467 1638 473 1645 ·
492 1639 501 1655 ι
525 1631 620 1661 Ἕτους
639 1629 787 1656 δωδεκάτου
801 1628 849 1663 τῆς
863 1627 938 1662 βασι-

153 1676 226 1708 λείας
257 1676 510 1711 Ναϐουχοδονόσωρ,
532 1675 560 1707 ὃς
588 1676 760 1702 ἐϐασίλευσεν
789 1674 937 1710 Ἀσσυρίων

154 1724 183 1749 ὲν
207 1723 309 1753 Νινευὶ,
330 1723 362 1757 τῇ
389 1721 465 1749 πόλει
488 1723 521 1757 τῇ
551 1722 665 1757 μεγάλῃ,
692 1722 721 1748 ὲν
742 1722 802 1752 ταῖς
821 1720 937 1756 ἡμέραις

161 1769 304 1804 Ἀρφαξαδ,
325 1768 353 1799 ὃς
376 1768 532 1794 ἐϐασίλευσε
555 1767 654 1802 Μήδων
673 1767 702 1793 ὲν
726 1766 908 1797 Ἐκϐατάνοις.
925 1775 934 1790 ι

190 1814 290 1845 Τωὸὶτ,
309 1810 340 1840 οὗ
362 1814 378 1848 ὴ
399 1813 488 1848 ἀρχήο
518 1821 527 1837 ι
550 1812 643 1843 Βίϐλος
670 1811 755 1845 λόγων
769 1810 870 1843 Τωϐὶτ,
890 1809 936 1836 τοῦ

154 1859 272 1895 Τωϐιὴλ,
284 1859 332 1885 τοῦ
352 1858 486 1893 Ἀνανιὴλ,
501 1857 548 1884 τοῦ
568 1857 687 1892 Ἀδουὴλ,
698 1856 746 1883 τοῦ
772 1856 889 1892 Γαϐαὴλ.
905 1856 937 1882 ἐκ

154 1905 200 1932 τοῦ
212 1905 366 1940 σπέρματος
380 1904 475 1940 Ἀσεὴλ
487 1903 553 1938 (75),
566 1904 598 1930 ὲκ
609 1904 658 1938 τῆς
673 1903 756 1937 φυλῆς
768 1901 936 1937 Νεφθαλείμ,

153 1951 183 1983 ὃς
197 1950 393 1986 ᾑχμαλωτεύοη
407 1951 435 1976 ἐν
452 1949 571 1985 ἡμέραις
593 1949 788 1984 Ἐννεμεσάρου
801 1948 847 1975 τοῦ
863 1948 938 1983 βασι-

153 1997 222 2029 λέως
242 1997 399 2032 Ἀσσυρίων.
416 2005 425 2022 ι

187 2042 312 2068 Τοσαῦτα
323 2043 370 2069 καὶ
381 2041 413 2068 τὰ
428 2041 464 2076 μὴ
477 2039 763 2075 κανονιζόμενα.Τινὲς
779 2039 870 2074 μέντοι
884 2038 937 2065 τῶν

154 2088 277 2115 παλαιῶν
302 2088 428 2123 εἰρήκασι
445 2087 632 2119 κανονίζεσθαι
647 2087 711 2121 παρ’
733 2084 866 2120 Ἑϐραίοις
892 2085 938 2110 καὶ

152 2135 203 2169 τὴν
231 2134 348 2169 Ἐσθήρ·
360 2133 407 2160 καὶ
425 2133 473 2169 τὴν
497 2133 545 2168 μὲν
562 2132 657 2163 Ῥοὺο,
676 2131 744 2166 μετὰ
763 2131 817 2157 τῶν
831 2130 937 2165 Κριτῶν

155 2179 323 2214 ἑνουμένην,
353 2179 392 2209 είς
429 2177 457 2203 ἓν
491 2177 591 2212 βιϐλίον
618 2174 810 2211 ἀριθμεῖσθαι·
837 2174 885 2208 τὴν
910 2173 939 2199 δὲ

162 2225 261 2260 Ἐσθὴρ
273 2225 312 2256 εἰς
325 2225 416 2260 ἕτερον
430 2224 459 2249 'év
470 2232 477 2238 ο
493 2224 539 2250 καὶ
559 2222 630 2249 οὕτω
644 2221 724 2248 πάλιν
741 2221 782 2252 είς
795 2219 880 2246 εἴκοσι
891 2218 938 2245 δύο

156 2270 379 2307 συμπληροῦσθαι
392 2270 437 2296 τὸν
449 2269 564 2305 ἀριθμὸν
578 2268 633 2294 τῶν
648 2266 860 2302 κανονιζομένων
872 2265 937 2301 παρ’

156 2318 247 2349 αὐτοῖς
260 2317 378 2352 βιϐλίων.

192 2364 220 2390 5.
242 2363 297 2389 Καὶ
321 2362 354 2388 τὰ
369 2362 417 2397 μὲν
427 2362 475 2396 τῆς
496 2360 617 2391 Παλαιᾶς
638 2358 774 2395 Διαθήκης
790 2357 888 2393 βιϐλία,
904 2357 938 2384 τά

155 2417 186 2434 τε
211 2407 406 2443 κανονιζόμενα
425 2405 517 2433 καὶτὰ
543 2406 579 2441 μὴ
594 2403 799 2439 κανονιζόμενα,
825 2402 937 2430 τοιαῦτα

157 2455 204 2481 καὶ
221 2452 347 2480 τοσαῦτα.

193 2501 233 2526 Τὰ
254 2500 282 2526 δὲ
308 2500 357 2535 τῆς
378 2499 480 2534 Καινῆς
495 2498 640 2533 Διαθήκης,
658 2497 737 2524 πάλιν
756 2495 895 2532 ὡρισμένα
909 2503 939 2522 τε

159 2547 205 2573 καὶ
222 2544 431 2580 κεκανονισμένα
442 2544 541 2580 βιϐλία,
555 2543 656 2570 ταῦτα·

194 2592 271 2618 Κατὰ
280 2591 428 2622 Ματθαίον,
437 2588 465 2618 οὗ
477 2592 494 2626 ἡ
503 2591 573 2626 ἀρχή
585 2599 592 2607 ο
610 2599 618 2615 ι
632 2589 727 2620 Βίϐλος
737 2587 869 2623 γενέσεως
888 2588 940 2622 ’1η-

160 2637 206 2664 σοῦ
227 2637 352 2673 Χριστοῦ,
372 2637 429 2663 υίοῦ
455 2636 588 2671 Ἀϐραάμ.
611 2645 620 2661 ι

195 2735 252 2771 (72)
269 2734 297 2762 In
319 2734 412 2762 Gratco
438 2733 594 2771 Scriptura:_
608 2735 696 2771 textu,
718 2729 857 2771 Ἰεζεκιήλ.
880 2728 941 2771 Mox

160 2774 187 2800 in
199 2765 295 2798 ‘Graaco
318 2771 466 2804 Scriptum
487 2765 562 2797 textu
589 2768 696 2803 legitur,
722 2766 844 2801 τετάρτῳ
865 2765 939 2799 μηνὶ,

162 2804 459 2842 πέμπτηῖεοῦμτινάςκ
576 2839 581 2842 .
620 2837 631 2842 -
670 2836 707 2842 ..
837 2835 843 2842 .
880 2834 886 2840 .

199 2814 331 2867 μτττἮτου
351 2814 441 2866 urge;
670 2837 675 2842 _
880 2834 886 2840 _

196 2842 252 2877 (75)
290 2840 360 2877 ec_in
379 2876 383 2877 γ
400 2839 487 2877 ramis.
504 2846 554 2877 nec
570 2839 605 2877 _in_
614 2836 724 2877 Latinis
738 2834 940 2877 exemplaribus

161 2871 301 2915 prophetia
319 2875 437 2903 Danielis
455 2874 510 2910 jam
524 2874 619 2909 incipit
635 2880 650 2900 a
666 2871 799 2900 Susanna:
814 2871 939 2902 historia,

951 886 972 913 Β

951 1559 972 1588 ο

985 258 1012 281 et
1036 253 1166 281 adversus
1188 253 1357 285 Jerusalem,
1382 254 1408 280 in
1432 260 1517 287 regno
1540 252 1627 285 Ozias,
1657 257 1684 280 et
1707 252 1765 279 Joa-

986 301 1058 328 tham
1070 321 1077 333 ,
1093 306 1119 327 et
1131 300 1220 327 Achaz
1231 319 1238 331 ,
1256 304 1283 327 et
1294 299 1433 330 Ezechias,
1451 298 1497 333 qui
1510 303 1659 333 regnarunt
1676 298 1703 325 in
1723 297 1772 325 Ju-

986 348 1053 375 daea.
1068 347 1148 378 Audi,
1166 347 1264 373 emtum
1276 365 1283 372 .
1299 349 1326 372 et
1341 345 1454 372 auribus
1469 345 1588 380 percipe,
1603 348 1686 377 terra,
1702 352 1766 380 quo-

985 394 1058 420 niam
1077 392 1205 420 Dominus
1220 392 1327 419 locutus
1343 395 1394 419 est.
1411 399 1420 416 ι

1020 438 1172 470 Jeremias,
1206 439 1286 472 cujus
1318 437 1425 465 initium
1456 443 1518 466 est:
1538 437 1680 465 «Verbum
1705 436 1768 469 Dei,

985 485 1058 520 quod
1075 484 1175 511 factum
1189 489 1231 511 cst
1253 484 1287 511 ad
1310 484 1456 511 Jeremiam
1472 485 1556 512 ﬁlium
1570 483 1705 515 Chelkisc,
1722 483 1769 518 qui

985 533 1043 556 crat
1057 537 1091 556 ex
1107 529 1304 557 sacerdotibus.
1323 538 1332 554 ι

1022 575 1163 606 Ezechiel,
1179 575 1260 609 cujus
1276 575 1441 610 principium
1460 579 1520 602 est:
1536 583 1545 599 ι
1562 573 1594 601 Et
1611 574 1712 601 factum
1729 577 1772 601 est

985 622 1012 649 in
1030 629 1101 648 anno
1117 621 1255 648 tricesimo
1267 641 1274 652 ,
1292 628 1386 647 mense
1402 626 1516 655 quarto,
1532 624 1559 648 ct
1573 628 1622 655 ego
1645 627 1720 648 eram
1743 619 1772 646 in

986 668 1074 694 medio
1089 667 1255 702 captivitatis
1270 667 1302 693 ad
1318 666 1417 693 ﬁumen
1432 667 1551 698 tlhobar,
1567 671 1594 693 et
1608 667 1693 702 aperti
1708 669 1772 694 sunt

985 714 1047 740 cmli
1062 722 1069 740 :
1086 717 1112 740 et
1126 713 1181 740 vidi
1197 713 1316 740 visiones
1333 712 1391 740 Dei.
1409 722 1417 738 ι

1025 759 1116 786 Daniel
1131 779 1138 790 ,
1154 759 1234 793 cujus
1252 748 1392 785 exordium
1408 763 1449 785 est
1465 767 1471 784 :
1489 767 1498 783 ι
1513 757 1545 784 Ει
1562 761 1620 785 erat
1635 757 1677 783 vir
1694 756 1772 783 habi-

986 808 1046 831 tans
1063 805 1089 831 iu
1105 804 1253 840 Babylone,
1270 809 1296 832 et
1311 812 1410 832 nomen
1428 805 1466 832 illi
1484 803 1607 835 Joakim.
1623 807 1649 830 et
1668 803 1772 837 accepit

987 859 1115 885 uxorem,
1133 852 1244 879 nomine
1262 852 1416 879 Susannam
1453 851 1537 878 ﬁliam
1552 850 1671 878 Chelltitn
1687 868 1693 881 ,
1713 849 1772 884 pul-

987 899 1080 925 chram
1097 898 1174 925 valde
1184 920 1191 930 ,
1208 906 1240 924 ac
1255 899 1392 925 timentem
1407 897 1561 925 Dominum.
1579 907 1588 923 ›

1021 944 1048 972 2.
1068 943 1137 971 Sunt
1155 945 1244 979 itaque
1258 945 1381 971 canonici
1400 943 1506 971 Veteris
1524 943 1693 971 Tcstamenti
1709 943 1772 971 libri

986 999 1099 1018 numero
1122 991 1216 1025 viginti
1230 990 1284 1017 duo
1296 1011 1302 1021 .
1326 991 1422 1017 litteris
1439 990 1580 1017 Hebraicis
1598 998 1713 1018 numero
1726 998 1772 1026 pa-

987 1043 1041 1062 res.
1057 1035 1180 1062 Totidem
1197 1035 1270 1062 enim
1288 1034 1359 1068 apud
1376 1035 1435 1062 illos
1451 1040 1514 1062 sunt
1529 1035 1673 1062 elementa.

1021 1081 1122 1108 Praeter
1140 1081 1207 1109 istos
1223 1086 1313 1107 autem
1331 1084 1394 1107 sunt
1411 1080 1499 1108 adhuc
1516 1080 1562 1106 alii
1579 1081 1700 1114 ejusdem
1719 1080 1772 1109 Vc-

987 1128 1053 1155 teris
1076 1127 1243 1155 Testatnenti
1262 1126 1323 1153 libri
1340 1135 1393 1153 non
1410 1126 1548 1159 canonici,
1574 1127 1619 1161 qui
1643 1127 1771 1154 catechu-

987 1173 1075 1201 menis
1089 1177 1195 1200 tantum
1211 1174 1347 1208 leguntur.
1364 1172 1484 1199 SciliCet.

1022 1219 1161 1254 Sapientia
1180 1219 1335 1246 Salomonis
1346 1238 1353 1249 ,
1369 1218 1448 1252 cujus
1464 1217 1606 1244 exordium
1625 1221 1666 1244 est
1681 1227 1687 1244 :
1703 1226 1713 1243 ι
1727 1217 1773 1243 Di-

986 1264 1061 1299 ligite
1076 1264 1230 1298 justitiam,
1247 1264 1294 1298 qui
1311 1263 1443 1297 judieatis
1461 1267 1572 1290 terram.
1589 1272 1598 1288 ι

1024 1309 1161 1345 Sapientia
1176 1309 1240 1336 Jt-su
1263 1310 1309 1336 ﬁlii
1329 1308 1443 1340 Sirach,
1472 1309 1552 1344 cujus
1574 1308 1683 1335 initium
1707 1311 1771 1335 est:

989 1365 999 1381 ι
1015 1355 1109 1383 Omnis
1124 1356 1256 1391 sapientia
1274 1364 1288 1382 a
1306 1355 1420 1382 Domino
1444 1359 1502 1387 est,
1525 1359 1551 1382 ct
1567 1363 1630 1382 cttm
1649 1354 1710 1389 ipso
1729 1357 1773 1381 est

988 1402 1014 1429 in
1030 1403 1169 1430 saeculum.
1188 1412 1197 1428 ι

1023 1447 1132 1480 Esther,
1148 1448 1228 1482 cujus
1253 1447 1359 1475 initium
1387 1452 1428 1475 est
1444 1457 1450 1474 :
1465 1457 1474 1472 ι
1489 1447 1567 1474 Anno
1579 1448 1716 1480 secundo,
1729 1456 1772 1475 re-

988 1498 1089 1529 gnante
1106 1494 1254 1520 Artaxerxe
1270 1493 1367 1528 Magno
1379 1514 1386 1526 ,
1403 1501 1456 1520 una
1476 1493 1519 1520 die
1542 1493 1645 1520 mensis
1667 1493 1749 1520 Nisan
1763 1513 1771 1524 ,

990 1540 1125 1565 somnium
1151 1539 1217 1565 vidit
1241 1539 1441 1570 Mardochmus,
1461 1539 1532 1565 [ilius
1557 1537 1644 1571 Jairi,
1661 1538 1708 1566 ﬁlii
1725 1538 1773 1566 Se-

989 1586 1055 1615 mei.
1075 1585 1120 1612 ﬁlii
1138 1585 1235 1617 Kiszei.
1253 1593 1284 1612 ex
1303 1585 1377 1612 tribu
1394 1585 1544 1619 Bcnjamiu.
1563 1594 1572 1609 ι

1022 1631 1115 1658 Iudith
1127 1651 1133 1663 ,
1150 1631 1229 1665 cujus
1244 1632 1406 1666 principium
1419 1636 1462 1658 est
1477 1641 1483 1658 :
1497 1640 1506 1656 ι
1520 1631 1598 1658 Anno
1612 1630 1774 1658 duodecimo

988 1676 1062 1711 regni
1079 1676 1341 1708 Nabuchodonosor,
1356 1677 1401 1711 qui
1419 1677 1445 1702 in
1462 1675 1573 1711 Assyria
1590 1675 1729 1710 rrgnavit,
1745 1676 1772 1703 in

988 1722 1084 1749 Ninive
1108 1722 1220 1749 civitate
1245 1730 1342 1757 magna
1355 1742 1361 1753 .
1376 1723 1404 1749 in
1425 1722 1522 1749 diebus
1545 1721 1708 1756 Arpliaxad,
1725 1723 1769 1756 qui

989 1767 1126 1794 Medorum
1145 1775 1191 1793 rex
1210 1767 1259 1793 fuit
1279 1767 1306 1793 in
1324 1766 1479 1794 Ecbatanis.
1497 1777 1506 1792 ›

1023 1813 1119 1840 Tobit.
1137 1813 1216 1847 cujus
1238 1813 1380 1840 exordium
1402 1817 1465 1840 est:
1481 1822 1490 1837 ι
1508 1812 1589 1840 Liber
1615 1820 1772 1840 sermonum

988 1857 1084 1889 Tobit,
1110 1858 1158 1885 ﬁlii
1182 1857 1294 1891 Tobiel,
1319 1857 1366 1884 ﬁlii
1381 1857 1513 1890 Anauiel,
1532 1858 1579 1885 lilii
1602 1857 1705 1892 Aduel,
1725 1859 1773 1886 ﬁlii

988 1904 1109 1936 Gabael,
1132 1913 1165 1932 ex
1190 1905 1293 1933 semine
1323 1905 1396 1931 Asiel
1429 1905 1461 1931 de
1484 1905 1555 1932 tribu
1579 1905 1772 1940 Ncphthalim:

988 1950 1034 1985 qui
1051 1950 1077 1976 in
1095 1951 1280 1984 captivitatem
1298 1950 1432 1977 adductus
1450 1950 1501 1977 fuit
1522 1951 1550 1977 in
1567 1950 1664 1978 diebus
1683 1950 1774 1978 Eune-

987 1997 1087 2024 mesari
1104 1996 1175 2031 regis
1189 1996 1376 2031 Assyriorum.
1392 2005 1402 2022 ι

1023 2042 1074 2069 Tot
1089 2048 1151 2070 sunt
1169 2042 1230 2069 libri
1248 2041 1353 2069 Veteris
1366 2041 1548 2069 Testamenti.
1560 2050 1614 2069 non
1636 2043 1772 2069 canonici.

988 2089 1104 2122 Quidam
1116 2096 1179 2115 vero
1189 2097 1221 2115 ex
1235 2088 1371 2115 veteribus
1383 2108 1390 2118 ,
1403 2088 1472 2123 apud
1486 2087 1612 2115 Hebraeos
1627 2096 1676 2123 pro
1690 2096 1773 2115 cauo-

988 2134 1058 2162 nicis
1078 2134 1196 2167 reputari
1220 2133 1364 2166 dixerunt,
1386 2133 1485 2160 librum
1509 2132 1627 2165 Esther;
1644 2136 1671 2159 et
1687 2133 1774 2160 histo-

989 2181 1056 2208 riam
1072 2180 1144 2207 Ruth
1165 2188 1227 2206 cum
1248 2180 1371 2206 historiis
1397 2178 1523 2205 Judicum
1539 2185 1594 2205 uno
1609 2178 1678 2205 libro
1695 2186 1773 2205 com-

954 2233 976 2262 ι)
989 2226 1120 2262 prehendi
1135 2229 1161 2253 et
1176 2225 1349 2253 annumerari
1364 2234 1370 2251 :
1386 2224 1482 2251 Esther
1491 2232 1557 2251 vero
1569 2231 1618 2259 pro
1632 2224 1686 2251 alio
1702 2224 1773 2251 libro

990 2271 1141 2307 computari
1159 2281 1165 2298 :
1186 2275 1266 2306 atque
1284 2271 1319 2298 ila
1335 2278 1431 2297 rursus
1450 2277 1592 2296 numerum
1605 2269 1702 2303 viginti
1719 2269 1773 2297 duo

988 2318 1182 2345 canonicorum
1195 2317 1325 2343 librorum
1336 2336 1343 2348 ,
1362 2315 1432 2350 apud
1448 2315 1508 2342 illos
1522 2314 1650 2348 compleri
1666 2314 1770 2342 volunt.

1024 2364 1050 2390 5.
1069 2363 1101 2389 Et
1114 2367 1153 2390 tot
1167 2362 1276 2398 quidem
1293 2365 1356 2389 sunt
1372 2365 1399 2389 et
1413 2359 1548 2395 ejusmodi
1569 2367 1629 2386 cum
1648 2359 1674 2386 in
1690 2367 1774 2386 cano-

989 2417 1040 2441 ne,
1054 2412 1110 2435 tum
1126 2412 1201 2435 extra
1215 2414 1347 2434 canonem
1357 2426 1364 2438 ,
1377 2405 1484 2433 Veteris
1499 2404 1665 2432 Tcstamenti
1681 2405 1753 2432 libri.

1024 2497 1092 2525 Novi
1106 2505 1169 2525 vero
1179 2518 1186 2530 ,
1201 2496 1372 2525 determinati
1385 2499 1412 2524 et
1421 2494 1545 2522 canonici
1561 2497 1625 2522 sunt
1639 2494 1702 2522 isti:

1026 2577 1181 2605 Secundum
1198 2575 1367 2608 Matthtnum,
1382 2574 1462 2609 cujus
1477 2573 1584 2601 initium
1597 2577 1640 2601 est
1653 2583 1658 2600 :
1672 2583 1680 2599 ι
1692 2573 1775 2600 Liber

991 2624 1175 2659 generationis
1191 2622 1256 2650 Jesu
1269 2621 1388 2654 Christi,
1404 2621 1451 2648 ﬁlii
1467 2620 1616 2648 Abraham.
1633 2629 1642 2646 ι

991 2725 1018 2744 In
1031 2715 1124 2743 Graeco
1142 2713 1241 2750 Script.
1255 2713 1311 2750 jam
1323 2713 1442 2750 legitur_._
1450 2712 1589 2750 ξωσᾲννα.

1026 2751 1081 2787 (74)
1093 2750 1155 2777 Haec
1169 2744 1222 2787 no'n
1235 2744 1369 2776 habentur
1382 2749 1409 2787 in
1419 2747 1554 2787 ilebraico
1568 2749 1652 2774 textu.
1667 2744 1697 2772 In
1711 2744 1774 2771 Vul-

992 2783 1052 2823 gata
1070 2783 1308 2823 autemaleguntttr,
1323 2791 1385 2823 tap.
1398 2783 1427 2810 ll
1435 2804 1441 2810 .

1027 2822 1082 2858 (75)
1104 2821 1132 2848 In
1154 2813 1248 2848 Orico
1271 2813 1418 2855 Scriptura;
1437 2821 1512 2846 textu
1538 2816 1645 2852 legitur,
1669 2813 1773 2850 Ἀσιήλ.
