1915 3057
154 126 203 153 291

764 125 792 152 S.
812 124 1041 153 ATIIANASIUS.
1062 141 1097 146 —
1116 125 1229 153 DUBIA.
1604 141 1613 157 I

1716 123 1780 151 292

193 183 346 211 Secundum
361 183 499 215 Marcum,
517 182 596 217 cujus
611 183 716 209 initium
731 191 772 210 est
785 193 790 209 :
809 193 818 208 ι
833 182 936 210 Princi-

1023 183 1100 210 Κατὰ
1111 179 1273 219 Μάρκον,οῦ
1282 183 1298 218 ἡ
1307 183 1377 218 ἀρχή
1389 191 1395 197 ·
1417 192 1425 208 ι
1450 183 1531 218 Ἀρχὴ
1544 181 1590 208 τοῦ
1603 182 1779 216 Εὑαγγελίου

155 231 229 265 pium
247 230 380 264 Evangelii
394 229 457 256 Jesu
472 230 587 260 Christi,
606 228 665 255 Filii
687 229 734 256 Dei
757 231 847 256 :sicut
867 230 936 256 scri-

156 282 232 312 ptum
251 281 292 304 est
315 277 341 303 in
359 275 426 302 Isaia
449 275 578 310 propheta
599 285 605 302 :
623 275 692 302 Ecce
709 283 759 310 ego
782 276 860 302 mitto
886 283 935 302 an-

157 322 246 357 gelum
268 328 357 348 meum
381 324 443 348 ante
470 320 565 347 faciem
587 324 683 352 tuam,
707 320 753 355 qui
775 320 936 354 praeparabit

156 369 226 394 viam
241 372 325 394 tuam.
343 377 353 393 ›

192 413 346 441 Secundum
359 413 476 445 Lucam,
489 413 568 448 cujus
585 413 690 440 initium
708 417 767 441 est:
783 422 792 438 ι
803 413 936 446 Quoniam

156 459 234 485 multi
250 459 341 485 conati
357 462 421 486 sunt
436 463 581 486 contexere
597 458 780 485 narrationem
796 458 830 485 de
844 458 877 485 iis
894 465 940 485 re-

156 506 226 538 bus,
243 513 303 540 quze
317 506 477 533 certissima:
494 509 558 535 sunt
574 505 643 531 inter
660 513 710 532 nos
726 504 797 532 ﬁdei.
814 514 823 529 ›

192 551 347 579 Secundum
363 551 494 578 Joannem
505 572 513 584 ,
528 551 606 585 cujus
624 552 786 586 principium
803 556 844 579 est
858 561 865 579 :
882 561 891 577 ι
909 551 937 578 In

156 597 290 632 principio
305 601 363 630 erat
374 596 505 628 Verbum,
520 602 546 623 et
559 597 673 624 Verbum
685 601 743 625 erat
758 597 828 632 apud
844 596 936 630 Deum,

156 648 183 670 et
199 643 269 671 Deus
283 648 341 670 crat
357 642 487 670 Verbum.
503 642 561 669 Hoc
577 646 636 669 erat
661 643 687 669 in
711 642 844 677 principio
867 642 938 677 apud

156 689 252 716 Deum.
285 688 381 716 Omnia
398 697 444 723 per
461 689 549 723 ipsum
567 688 637 715 facta
655 692 733 720 sunt,
751 693 777 715 et
797 689 856 715 sine
878 689 938 723 ipso

157 735 258 761 factum
275 741 316 762 est
333 735 399 761 nihil
414 735 486 769 quod
503 734 604 760 factum
619 738 670 761 est.
691 743 701 760 ι

190 780 245 815 99
261 781 327 807 Acta
345 781 527 814 apostolorum
538 799 545 811 ,
560 788 676 814 quorum
699 779 860 814 principium
878 784 936 808 est:

985 229 1072 263 Ἰησοῦ
1101 229 1237 265 Χριστοῦ,
1258 229 1322 255 Υἱοῦ
1341 229 1387 255 τοῦ
1411 229 1494 255 Θεοῦ·
1513 228 1602 259 καθὼς
1617 228 1779 263 γέγραπται

985 279 1014 303 ἐν
1024 277 1061 312 τῷ
1075 277 1171 312 Ἡσαΐᾳ
1191 278 1229 312 τῷ
1249 278 1387 312 προφήτῃ·
1405 275 1469 302 Ἰδοὺ
1489 274 1543 308 ἐγὼ
1557 274 1711 301 ἀποστέλλω
1726 274 1780 301 τὸν

985 322 1096 356 ἄγγελόν
1110 331 1160 357 μου
1175 322 1227 358 πρὸ
1239 321 1383 358 προσώπου
1399 329 1456 353 σου,
1469 320 1497 351 ὃς
1510 319 1706 346 κατασκευάσει
1721 318 1780 354 τὴν

985 368 1043 395 ὁδόν
1060 377 1115 394 σου.
1142 377 1150 393 ι

1021 414 1098 440 Κατὰ
1123 414 1239 444 Λουκᾶν,
1267 409 1297 439 οῦ
1324 414 1340 448 ἡ
1366 412 1455 448 ἀρχή⁴
1473 421 1482 437 ‹
1498 411 1663 446 Ἐπειόήπερ
1679 409 1781 436 πολλοὶ

987 460 1166 494 ἐπεχείρησαν
1181 458 1361 491 ἀνατάξασθαι
1379 458 1503 493 διήγησιν
1517 456 1647 492 περὶτῶν
1667 455 1780 488 πεπλη-

989 515 1089 542 ροψορη
1095 507 1181 541 μένων
1193 506 1221 532 ὲν
1234 507 1301 541 ἡμῖν
1318 504 1497 540 πραγμάτων.
1514 513 1523 529 ι

1022 553 1099 579 Κατὰ
1115 553 1250 587 Ἰωάννην,
1276 549 1305 578 οὗ
1331 553 1347 587 ἡ
1364 551 1433 586 ἀρχή
1446 559 1452 565 ·
1475 560 1483 575 ι
1503 550 1546 576 Ἐν
1570 549 1639 585 ἀρχῇ
1648 546 1683 584 ἦν
1698 549 1713 574 ὁ
1724 548 1781 575 Λό-

988 607 1044 632 γος,
1059 599 1105 625 καὶ
1116 599 1130 624 ὁ
1143 598 1226 632 Λόγος
1238 596 1271 633 ἦν
1285 597 1352 632 πρὸς
1364 596 1408 623 τὸν
1422 596 1497 628 Θεὸν,
1509 596 1555 622 καὶ
1572 596 1637 627 Θεὸς
1653 593 1686 630 ἦν
1699 596 1712 621 ὁ
1725 595 1780 621 Λό-

988 652 1045 677 γος.
1056 640 1138 676 υῦτος
1147 641 1180 678 ἦν
1190 645 1217 670 ἐν
1227 644 1297 678 ἀρχῇ
1313 642 1379 677 πρὸς
1391 642 1436 668 τὸν
1449 641 1524 668 Θεόν,
1544 642 1635 668 Πάντα
1647 641 1678 667 δι
1689 640 1778 667 αὑτοῦ

988 689 1110 722 ἐγένετο,
1121 689 1167 714 καὶ
1179 689 1263 724 χωρὶς
1275 687 1355 714 αὑτοῦ
1368 688 1474 722 ἐγένετο
1493 687 1577 719 οὐδὲν,
1593 686 1607 713 ὃ
1621 687 1741 720 γέγονεν.
1765 696 1774 711 ι

1025 782 1140 818 Πραξεις
1171 782 1225 808 τῶν
1248 781 1415 813 ἀποστόλων,
1431 777 1462 806 οὗ
1481 780 1497 815 ἡ
1523 779 1602 814 ἀρχή”
1624 788 1634 803 ι
1651 778 1702 804 Τὸν
1723 778 1778 813 μὲν

159 834 168 850 ι
184 825 305 852 Primum
319 825 427 860 quidem
450 832 602 851 sermonem
630 824 680 851 feci
696 825 730 850 de
746 825 873 851 omnibus
886 844 893 856 ,
922 831 939 850 ο

1009 828 1097 864 τρῶτον
1113 828 1190 862 λόγον
1203 828 1372 862 ἐποιησάμην
1390 827 1453 861 περὶ
1471 825 1587 856 πάντων,
1605 821 1627 850 ὦ
1649 824 1775 858 Θεόφιλε,

157 870 316 905 Theophile,
334 879 394 902 quzr.
405 871 487 905 cmpit
501 869 582 897 Jcsus
598 869 687 897 facere
702 874 728 897 et
744 870 853 897 docere.
873 879 882 895 ι

191 916 337 944 Catholicm
349 916 477 950 Epistola:
489 916 658 943 diversorum
673 917 868 951 apostolorum,
880 923 938 943 om-

156 971 205 990 nes
220 970 333 990 numero
356 967 458 997 septem
468 983 476 995 ,
503 971 558 989 uno
572 963 776 997 comprehensa
792 963 939 990 volumine.

190 1008 344 1036 Jacobiuna
354 1009 432 1042 cujus
442 1009 604 1044 principium
619 1013 661 1035 est
673 1018 679 1035 :
693 1018 701 1033 ι
714 1007 831 1036 Jacobus
848 1008 893 1035 Dei
908 1016 941 1035 ac

158 1053 264 1080 Domini
280 1054 367 1080 nostri
378 1053 445 1081 Jesu
461 1053 562 1080 Christi
578 1061 684 1085 servus,
697 1053 838 1081 duodecim
853 1053 939 1080 tribu-

157 1097 208 1123 bus
223 1105 282 1132 qua:
299 1101 363 1124 sunt
375 1097 401 1123 in
419 1097 600 1131 dispersione,
614 1097 740 1124 salutem.
756 1107 764 1123 ι

195 1141 266 1169 Petri
280 1142 350 1173 dua),
361 1143 495 1177 etprioris
503 1143 610 1178 quidem
626 1143 732 1170 initium
741 1147 782 1170 est
795 1153 800 1170 :
816 1152 826 1168 ι
844 1142 941 1170 Petrus

157 1189 297 1223 apostolus
309 1188 374 1215 Jesu
390 1189 503 1220 Christi,
518 1189 612 1216 electis
634 1190 745 1217 advenis
763 1189 942 1224 dispersionis

156 1232 248 1264 Ponti.
263 1233 383 1263 Galatiae.
400 1232 586 1268 Cappadociae,
604 1233 675 1260 Asia;
691 1237 718 1260 et
737 1233 878 1268 Bithyniw.
899 1241 942 1261 se-

158 1279 278 1305 cundum
292 1279 490 1313 praescientiam
501 1278 651 1311 DeiPatris,
662 1279 688 1305 in
701 1278 942 1306 sanetiﬁcationem

159 1323 289 1358 Spiritus,
311 1324 338 1350 in
358 1323 538 1350 obedientiam
555 1327 582 1350 et
601 1324 785 1358 aspersionem
802 1323 942 1358 sanguinis

157 1369 221 1396 Jesu
238 1369 354 1401 Christi,
376 1368 462 1403 gratia
479 1368 556 1395 vobis
570 1372 597 1395 et
614 1376 664 1403 pax
680 1369 886 1403 multiplicetur.
906 1378 916 1394 ι

193 1415 354 1442 Posterioris
380 1422 445 1441 vero
471 1414 579 1440 initium
596 1423 604 1442 ;
624 1423 633 1438 ι
663 1413 772 1441 Simcon
795 1414 892 1442 Petrus
916 1418 943 1441 et

158 1461 297 1496 apostolus
311 1460 375 1488 Jesu
399 1460 518 1492 Christi,
543 1459 586 1486 his
609 1460 653 1494 qui
671 1460 836 1495 comqualem
864 1460 941 1487 ﬁdem

158 1501 302 1532 nobiscum
312 1505 403 1532 sortiti
418 1509 492 1536 sunt,
506 1505 533 1531 in
546 1505 652 1539 justitia
664 1504 770 1533 Domini
783 1505 869 1533 nostri
878 1503 941 1532 Jesu

156 1551 268 1578 Christi.
288 1560 298 1576 ι

192 1607 304 1635 Joannis
332 1611 387 1634 tres
403 1627 410 1640 ,
436 1610 463 1634 et
487 1606 580 1641 primae
607 1606 717 1641 quidem
747 1606 853 1633 initium
872 1611 939 1633 est:

162 1663 170 1679 I
189 1652 266 1686 Quod
281 1657 340 1680 erat
355 1653 389 1679 ab
404 1653 492 1683 initio.
508 1652 581 1687 quod
597 1652 761 1684 audivimus,
778 1652 851 1687 quod
871 1651 941 1678 vidi-

158 1707 220 1727 mus
235 1700 321 1727 oculis
346 1699 458 1731 nostris,
475 1703 502 1726 et
518 1706 615 1726 manus
628 1702 728 1726 nostra:
754 1702 941 1725 contrectave-

160 1750 240 1777 runt,
254 1745 287 1772 de
301 1745 383 1772 verbo
394 1745 464 1772 vitae.
487 1754 497 1770 ι

196 1792 328 1820 Secundae
340 1799 404 1819 vero
417 1791 523 1818 initium
539 1801 546 1817 :
565 1799 573 1815 ι
593 1789 691 1817 Senior
702 1789 799 1817 Electae
814 1789 941 1823 dominas,

161 1843 188 1866 et
203 1839 264 1866 [iliis
280 1839 375 1873 ipsius,
389 1845 458 1873 quos
470 1845 520 1873 ego
534 1837 617 1872 diligo
631 1837 658 1863 in
676 1836 798 1864 veritate.
815 1846 824 1862 ›

196 1926 295 1954 Tertia:
315 1925 457 1954 exordium
473 1935 479 1952 :
497 1934 507 1951 ι
525 1924 622 1952 Senior
639 1924 705 1953 Gaio
718 1925 817 1952 dilecto
830 1945 836 1957 ,
862 1933 942 1960 quem

161 1980 210 2009 ego
226 1972 309 2008 diligo
323 1972 350 1998 in
364 1972 487 1999 veritate.
507 1981 516 1998 ι

196 2018 272 2046 Judm
284 2026 346 2049 una.
362 2017 440 2052 cujus
457 2017 562 2044 initium
577 2020 619 2045 est
632 2026 638 2044 :
660 2026 670 2042 ι
690 2015 774 2044 Judas
787 2016 850 2044 Jesu
863 2016 944 2044 Chri-

163 2067 197 2094 sti
211 2073 306 2094 serrus
316 2085 323 2097 ,
349 2064 432 2092 frater
452 2072 516 2091 vero
531 2063 638 2098 Jacobi,
657 2064 763 2092 dilectis
778 2064 804 2091 in
819 2063 874 2091 Deo
892 2064 945 2091 Pa-

163 2116 214 2142 tre,
233 2115 260 2138 et
278 2110 343 2137 .Iesu
357 2110 466 2137 Christo
482 2110 608 2143 servatis,
622 2110 732 2137 vocatis.
754 2120 763 2135 ι

197 2157 274 2185 Pauli
292 2157 408 2192 apostoli
437 2157 557 2191 epistola:
573 2156 778 2191 quatuordecim
790 2176 797 2189 ,
814 2156 842 2184 in
860 2165 943 2184 unum

163 2205 290 2233 volumen
306 2207 478 2232 enumeratm.

198 2251 298 2283 Prima,
313 2251 346 2277 ad
358 2249 505 2281 Romanos.
518 2249 596 2284 cujus
608 2249 770 2284 principium
782 2255 823 2277 est
835 2259 841 2276 :
860 2250 946 2277 «Pau-

164 2298 207 2324 lus
222 2304 318 2325 servus
333 2296 397 2324 Jesu
412 2296 525 2328 Christi,
541 2300 654 2323 vocatus
671 2296 828 2331 Apostolus,
854 2305 947 2333 segre-

164 2348 243 2379 gatus
257 2343 284 2370 in
302 2342 476 2377 Evangelium
494 2342 552 2370 Dei.
571 2352 580 2368 ι

198 2390 240 2417 Ad
255 2390 411 2418 Corinthios
425 2390 494 2422 duae,
514 2390 608 2425 prima:
630 2390 736 2417 initium
759 2393 823 2417 est:
845 2399 854 2415 ι
877 2389 947 2416 Pau-

164 2435 208 2463 lus
222 2439 335 2463 vocatus
349 2435 495 2470 Apostolus
510 2434 575 2462 Jesu
591 2434 704 2468 Christi,
720 2443 768 2470 per
781 2435 946 2462 voluntatem

165 2481 234 2514 Dei,
255 2485 282 2509 et
307 2481 454 2509 Sosthenes
480 2481 574 2514 frater,
590 2480 718 2509 Ecclesiae
734 2481 795 2514 Dei,
824 2489 884 2516 quae
906 2485 948 2509 est

164 2528 298 2556 Corinthi.
316 2538 325 2554 ι

201 2573 333 2601 Secundae
356 2573 519 2608 principium
544 2578 586 2601 est
608 2582 615 2600 :
647 2583 657 2600 ι
682 2573 781 2600 Paulus
808 2573 947 2607 apostolus

164 2619 228 2646 Jesu
243 2618 354 2650 Christi,
371 2627 417 2654 per
429 2620 594 2647 voluntatem
610 2619 667 2651 Dei,
677 2623 704 2646 et
715 2619 875 2648 Timotheus
891 2619 948 2646 fra-

166 2668 217 2694 lcr,
233 2663 361 2692 Ecclesia:
376 2664 432 2696 Dei,
448 2672 507 2699 quae
522 2671 563 2692 est
575 2664 708 2692 Corinthi.
732 2675 741 2691 ι

202 2710 303 2742 Quarta
321 2729 327 2741 ,
364 2710 397 2737 ad
429 2709 559 2742 Galatas,
591 2710 670 2745 cujus
700 2711 864 2746 principium
886 2716 947 2739 est:

169 2766 178 2782 ι
195 2755 295 2782 Paulus
309 2756 448 2790 apostolus
463 2763 518 2783 non
537 2755 570 2782 ab
596 2755 751 2785 hominibus
765 2777 772 2790 ,
789 2765 876 2793 neque
902 2764 950 2792 per

202 2854 258 2890 (76)
272 2853 362 2887 Forte,
379 2850 415 2882 ὧν
431 2853 537 2890 πρώτη.

953 862 975 889 Β
989 871 1027 901 ὧν
1042 874 1163 910 ἤρξατοό
1182 873 1283 908 Ἰησοῦς
1299 874 1384 899 ποιεῖν
1396 881 1425 898 τε
1441 872 1487 898 καὶ
1497 871 1641 898 διδάσκειν.
1655 879 1664 896 ι

1025 920 1174 947 Καθολικαὶ
1183 919 1336 946 Ἐπιστολαὶ
1352 919 1486 954 διαφόρων
1500 917 1666 949 ἀποστόλων,
1681 917 1708 943 αἱ
1721 917 1776 943 πᾶ-

991 975 1036 994 σαι
1053 966 1131 998 ἑπτὰ,
1148 967 1188 997 εἰς
1204 965 1232 991 ἓν
1246 965 1442 1000 ἀριθμούμεναι
1456 963 1566 999 βιϐλίον.

1032 1012 1158 1040 Ἰακώϐου
1190 1012 1248 1047 μία,
1275 1009 1308 1047 ἧς
1331 1012 1347 1046 ἡ
1364 1011 1449 1046 ἀρχή·
1469 1009 1615 1041 (Ἰάκωϐος
1635 1009 1701 1035 Θεοῦ
1727 1008 1778 1035 καὶ

990 1058 1092 1093 Κυρίου
1109 1056 1194 1092 Ἰησοῦ
1218 1057 1334 1092 Χριστοῦ
1357 1057 1457 1088 δοῦλος,
1474 1058 1532 1088 ταῖς
1559 1055 1661 1082 δώδεκα
1678 1055 1778 1089 φυλαῖς

990 1104 1049 1134 ταῖς
1061 1104 1089 1129 ὲν
1101 1103 1134 1138 τῇ
1148 1103 1290 1137 διασπορᾷ,
1306 1101 1436 1137 χαίρειν.»

1027 1151 1130 1186 Πέτρου
1141 1150 1197 1176 δύοε
1212 1150 1258 1176 καὶ
1272 1150 1320 1184 τῆς
1338 1149 1386 1184 μὲν
1400 1148 1534 1184 πρώτηςή
1550 1148 1630 1183 ἀρχή·
1645 1156 1653 1172 ι
1673 1147 1776 1182 Πέτρος

991 1196 1136 1227 ausam)”;
1155 1195 1242 1230 Ἰησοῦ
1266 1195 1393 1231 Χριστοῧν
1418 1195 1553 1225 ὲπλεκτοῖς
1578 1193 1777 1228 παρεπιδήμοις

991 1242 1139 1277 διασπορᾶς
1154 1241 1266 1272 Πόντου,
1283 1241 1425 1272 Γαλατίας,
1445 1239 1650 1271 Καππαδοκίας,
1673 1239 1777 1269 Ἀσίας,

992 1288 1038 1314 καὶ
1047 1287 1180 1319 Βιθυνίας,
1194 1287 1263 1313 κατὰ
1279 1287 1430 1322 πρόγνωσιν
1444 1286 1510 1312 Θεοῦ
1529 1286 1643 1321 Πατρὺς,
1656 1286 1684 1311 ἐν
1696 1286 1778 1319 (Ξιγια⁴

992 1334 1053 1371 σμῷ
1067 1334 1232 1370 Πνεύματος,
1248 1335 1286 1365 εἰς
1301 1334 1420 1368 ὑπακοὴν
1435 1334 1480 1360 καὶ
1507 1333 1650 1369 ῥαντισμὸν
1663 1332 1779 1366 αἵματος

998 1381 1084 1416 Ἰησοῦ
1093 1380 1220 1416 Χριστοῦ,
1235 1380 1313 1416 χάρις
1323 1381 1389 1415 ὑμῖν
1403 1380 1449 1406 καὶ
1464 1380 1557 1414 εἰρήνη
1573 1377 1748 1413 πληθυνθείη.
1766 1387 1775 1402 ι

1028 1426 1084 1461 Τῆς
1098 1426 1127 1452 δὲ
1140 1426 1266 1462 δευτέρας
1278 1427 1293 1461 ἠ
1306 1426 1376 1461 ἀρχή
1386 1434 1392 1440 ·
1401 1435 1409 1450 ι
1422 1426 1535 1460 Συμεὼν
1545 1425 1646 1461 Πέτρος
1655 1424 1700 1450 καὶ
1709 1423 1777 1450 ἀπό-

993 1473 1086 1504 στολος
1099 1472 1184 1508 Ἰησοῦ
1198 1472 1316 1507 Χριστοῦ
1325 1473 1380 1503 τοῖς
1396 1472 1515 1506 ἰσότιμον
1529 1472 1594 1506 ἡμῖν
1608 1470 1717 1506 λαχοῦσι
1733 1470 1778 1496 πί-

954 1535 978 1567 c
997 1527 1054 1545 στιν
1084 1519 1113 1545 ἑν
1142 1518 1296 1553 δικαιοσύνῃ
1325 1518 1371 1544 τοῦ
1384 1516 1573 1553 Κυρίου-ημῶν
1605 1515 1690 1552 Ἰησοῦ
1709 1516 1777 1551 Χρι-

995 1572 1067 1590 στου.
1092 1573 1101 1589 ›

1036 1610 1156 1636 Ἰωάννου
1171 1611 1245 1645 τρεῖς
1257 1618 1262 1624 ·
1273 1610 1320 1636 καὶ
1332 1609 1381 1644 τ’ής
1397 1610 1445 1644 μὲν
1461 1609 1572 1645 πρώτης
1588 1610 1603 1644 ὴ
1621 1609 1690 1645 ἀρχή
1704 1617 1710 1624 ·
1723 1617 1732 1633 ι
1746 1609 1778 1634 '0

994 1655 1028 1692 ἦν
1043 1657 1089 1684 ἀπ’
1100 1658 1196 1692 ἀρχῆς,
1210 1656 1399 1691 ὂάκηκόαμεν,
1408 1656 1422 1682 ὃ
1436 1656 1596 1691 ἑωράκαμεν
1611 1657 1665 1686 τοῖς
1679 1654 1777 1689 ὀφθαλ-

996 1705 1057 1739 μοῖς
1072 1703 1160 1738 ἡμῶν,
1176 1704 1223 1729 καὶ
1246 1703 1274 1728 αἱ
1298 1704 1388 1738 χεῖρες
1406 1701 1482 1737 ἡμῶν
1507 1701 1696 1736 ἐψηλάφησαν,
1713 1701 1776 1736 περὶ

995 1749 1042 1775 τοῦ
1058 1749 1136 1782 λόγου
1152 1749 1199 1784 τῆς
1216 1748 1297 1783 ζωῆς.
1322 1758 1331 1774 ι

1031 1795 1086 1830 Τῆς
1101 1795 1129 1820 δὲ
1142 1794 1268 1830 δευτέρας
1283 1795 1299 1821 ἠ
1321 1795 1390 1830 ἀρχή
1401 1802 1408 1808 ”
1425 1803 1433 1819 ι
1455 1793 1483 1820 Ὁ
1499 1793 1680 1828 πρεσϐύτερος
1705 1793 1778 1819 ἐκλε-

996 1842 1047 1876 κτῇ
1068 1840 1149 1876 κυρίᾳ
1162 1840 1208 1866 καὶ
1225 1841 1279 1871 τοῖς
1293 1839 1398 1871 τέκνοις
1419 1839 1514 1875 αὐτῆς,
1539 1839 1586 1871 οὓς
1603 1838 1657 1873 ἐγὼ
1679 1839 1777 1873 ἀγαπῶ

997 1887 1025 1913 ἐν
1043 1887 1164 1922 ἀληθείᾳ.
1181 1895 1190 1911 ι

1032 1933 1088 1968 Τῆς
1101 1933 1129 1959 δὲ
1151 1932 1244 1968 τρίτης
1260 1933 1276 1967 ὴ
1290 1932 1360 1968 ἀρχή
1372 1941 1376 1947 ·
1395 1942 1404 1957 ‹
1416 1933 1444 1958 ’0
1461 1931 1643 1967 πρεσϐύτερος
1657 1932 1728 1967 Γαΐῳ
1740 1932 1776 1967 τῷ

997 1975 1140 2010 ἀγαπητῷ,
1156 1975 1184 2001 ὃν
1200 1975 1255 2009 ἐγὼ
1267 1975 1366 2009 ἀγαπῶ
1381 1977 1409 2002 ὲν
1421 1975 1543 2011 ἀληθείᾳ.
1558 1985 1567 2001 ι

1038 2021 1122 2048 Ἰούδα
1137 2021 1195 2056 μία,
1213 2018 1246 2056 ἧς
1264 2022 1280 2056 ἡ
1306 2022 1391 2057 ἀρχή·
1411 2031 1419 2046 ι
1432 2021 1530 2053 Ἰούδας
1554 2020 1640 2057 Ἰησοῦ
1661 2021 1776 2056 Χριστοῦ

997 2067 1098 2100 δοῦλος,
1112 2068 1224 2102 ἀδελφὸς
1234 2068 1263 2094 δὲ
1283 2067 1407 2094 Ἰακώϐου
1417 2087 1424 2099 ,
1441 2069 1495 2099 τοῖς
1507 2069 1535 2094 ὲν
1546 2067 1604 2102 Θεῷ
1616 2067 1702 2102 Πατρ).
1713 2068 1777 2102 ἠγα-

998 2113 1138 2148 πημένοις,
1150 2113 1197 2139 καὶ
1213 2111 1298 2146 Ἰησοῦ
1312 2111 1421 2147 Χριστῷ
1436 2111 1628 2147 τετηρημένοις
1642 2112 1773 2148 κλητοῖς.»

1034 2158 1138 2184 Παύλου
1154 2158 1300 2185 ἀποστόλου
1320 2157 1460 2184 ἐπιστολαὶ
1483 2158 1523 2190 ιδ’,
1547 2159 1586 2189 εὶς
1601 2157 1630 2184 ἓν
1648 2157 1775 2194 ἀριθμού-

960 2214 984 2244 D
1000 2212 1078 2238 μεναι
1094 2204 1204 2239 βιϐλίον.

1034 2249 1088 2284 (76)
1110 2250 1153 2276 Ἐν
1177 2249 1281 2286 πρώτῃ,
1304 2251 1320 2285 ἡ
1340 2250 1408 2285 πρὸς
1422 2250 1581 2285 Ῥωμαίους,
1607 2248 1640 2286 ἧς
1659 2251 1675 2286 ἡ
1692 2251 1773 2286 ὰρχή’

1001 2304 1010 2321 ι
1024 2295 1128 2327 Παῦλος
1143 2295 1234 2327 δοῦλος
1255 2295 1341 2330 Ἰησοῦ
1357 2295 1486 2332 Χριστοῦ,
1507 2296 1603 2330 κλητὸς
1611 2295 1773 2328 Ἀπόστολος,

998 2341 1186 2376 ἀφωρισμένος
1199 2343 1237 2373 εἰς
1245 2342 1409 2376 Εὑαγγέλιον
1421 2341 1498 2368 Θεοῦ.

1032 2389 1104 2425 Πρὸς
1121 2389 1278 2424 Κορινθίους
1289 2388 1352 2415 δύο·
1369 2389 1416 2415 καὶ
1438 2389 1487 2424 τῆς
1507 2389 1555 2424 μὲν
1572 2387 1682 2424 πρώτης
1702 2388 1717 2422 ἡ
1731 2387 1775 2422 ἀρ-

998 2435 1031 2470 χή
1042 2442 1048 2449 ·
1065 2444 1074 2460 ι
1090 2434 1193 2466 Παῦλος
1205 2434 1301 2470 κλητὸς
1318 2434 1475 2466 Ἀπόστολος
1498 2435 1582 2469 Ἰησοῦ
1599 2433 1715 2470 Χριστοῦ
1735 2433 1776 2460 διὰ

999 2480 1149 2515 θελήματος
1172 2480 1248 2512 θεοῦ,
1263 2480 1309 2507 καὶ
1332 2480 1472 2515 Σωσθένης
1494 2481 1508 2506 ὁ
1523 2479 1645 2514 ἀδελφὸς,
1664 2481 1697 2514 τῇ
1719 2479 1775 2505 Ἐκ-

999 2526 1097 2562 κλησῐᾳ
1112 2526 1159 2552 τοῦ
1174 2526 1242 2552 Θεοῦ
1260 2527 1292 2562 τῇ
1308 2526 1376 2562 οὔσῃ
1387 2527 1415 2552 ὲν
1430 2525 1561 2561 Κορίνθῳ.
1575 2536 1584 2551 ι

1034 2573 1089 2608 Τῆς
1102 2572 1130 2598 δὲ
1141 2572 1268 2607 δευτέρας
1284 2573 1300 2607 ἠ
1319 2572 1389 2607 ἀρχή
1401 2580 1408 2586 ·
1426 2580 1436 2596 ι
1449 2571 1554 2602 Παῦλος
1570 2570 1715 2601 ἀπόστολος
1728 2570 1775 2604 Ἰη-

1000 2619 1046 2645 σοῦ
1074 2618 1190 2654 Χριστοῦ
1206 2618 1250 2644 διέι
1276 2617 1426 2653 θελήματος
1449 2617 1527 2650 Θεοῦ,
1552 2618 1598 2644 καὶ
1622 2616 1775 2651 Τιμόθεοςό

998 2665 1120 2700 ἁδελφὸς,
1132 2666 1165 2700 τῇ
1178 2664 1324 2700 Ἐκκλησία
1333 2664 1380 2690 τοῦ
1392 2663 1459 2689 Θεοῦ
1467 2665 1498 2698 τῇ
1507 2662 1574 2698 οὔσῃ
1586 2663 1614 2688 ὲν
1623 2661 1750 2700 Κορίνθῳ.
1763 2671 1771 2686 ι

1045 2710 1167 2746 Τετάρτη
1198 2709 1266 2745 πρὸς
1280 2709 1419 2741 Γαλάτας,
1444 2707 1507 2745 ἦςή
1524 2709 1612 2744 ἀρχή·
1634 2718 1642 2733 ι
1675 2707 1774 2738 Παῦλος

999 2755 1145 2787 ἀπόστολος
1162 2756 1210 2783 οὐκ
1227 2756 1273 2784 ἀπ’
1302 2755 1463 2791 ἀνθρώπων,
1479 2755 1538 2781 οὐδὲ
1562 2754 1595 2780 δι’
1621 2753 1773 2788 ἀνθρώπων,
