1915 3057
129 175 182 202 295

129 218 259 259 ἀλλὰδιὰ
274 229 359 266 Ἰησοῦ
370 227 486 264 Χριστοῦ
497 227 542 253 καὶ
560 225 627 252 Θεοῦ
644 225 689 251 καὶ
704 224 820 260 Πατρός.
848 233 856 247 ι

165 324 280 358 Πέμπτη
296 321 363 356 πρὸς
375 316 560 354 Ἐφεσίους,ἦς
576 316 689 352 ὴὰρχή⁴
706 325 714 340 ‹
730 313 834 344 Παῦλος
846 312 911 338 ἀπό-

131 371 224 401 στολος
236 367 322 403 Ἰησοῦ
330 365 446 402 Χριστοῦ
457 364 500 390 διὰ
508 363 658 398 Θελὴματος
669 360 747 392 Θεοῦ,
760 360 815 390 τοῖς
824 358 910 403 ἁγίοις

129 418 186 447 τοῖς
200 412 273 442 οὖσιν
285 414 313 439 ἐν
328 412 442 446 Ἐφέσῳ,
452 409 497 436 καὶ
511 409 615 438 πιστοῖς
624 408 652 432 ὲν
667 403 776 439 Χριστῷ
789 402 884 438 Ἰησοῦ.
899 412 908 427 ι

167 461 253 495 Ἐκτη
269 458 337 495 πρὸς
353 454 558 490 Φιλιππησίους,
580 451 613 488 ἧς
630 452 646 487 ἡ
668 450 737 486 ἀρχή
748 458 754 464 ·
781 459 789 474 ι
807 448 912 479 Παῦλος

129 511 178 536 καὶ
189 503 423 542 Τιμόθεος,δοῦλοι
436 499 522 536 Ἰησοῦ
539 497 667 535 Χριστοῦ,
683 498 749 523 πᾶσι
761 497 816 527 τοῖς
828 495 913 529 ἁγίοις

128 556 185 585 τοῖς
196 540 270 579 οὖσιν
292 552 320 578 ὲν
340 549 492 579 Φιλίπποις,
511 546 559 572 σὺν
576 544 733 574 ἐπισκόποις
750 542 796 568 καὶ
821 540 912 568 διακό-

130 608 197 630 νοις.
218 607 227 624 ι

171 644 286 678 Ἑϐδόμη
305 642 372 678 πρὸς
391 640 567 670 Κολασσαεῖς,
583 635 647 673 ἦςὴ
674 636 759 671 ἀρχή·
784 644 792 659 ι
808 633 910 664 Παῦλος

130 690 277 721 ἀπόστολος
298 687 415 723 Χριστοῦ
439 685 524 722 Ἰησοῦ
546 685 589 711 διὰ
605 683 753 718 Οελήματος
768 681 846 711 Θεοῦ,
866 680 912 706 καὶ

130 736 261 772 Τιμόθεος
276 736 290 761 ὁ
300 734 423 768 ἀδελφὸς,
439 733 494 763 τοῖς
509 732 537 758 ἐν
547 730 699 760 Κολασσαῐς
710 728 796 762 ἁγίοις
809 727 856 754 καί¹
871 735 913 753 πι-

131 785 205 814 στοῖς
220 781 342 815 ἀδελφοῖς
356 780 384 806 ὲν
402 777 520 814 Χριστῷ.
540 786 549 802 ι

165 829 238 864 Πρὸς
254 826 458 856 Θεσσαλονικεῖς
477 823 539 850 δύο·
560 822 607 848 καὶ
631 821 679 856 τῆς
705 820 753 855 μὲν
771 818 912 855 πρῴτηςὴ

130 876 202 911 ἀρχή
217 883 224 890 ·
241 884 252 899 ί
266 872 371 903 Παῦλος
385 872 431 898 καὶ
444 869 584 900 Σιλουανδς
597 868 642 895 καὶ
651 866 790 902 Τιμόθεος,
807 867 839 901 τῇ
854 865 914 890 Ἐκ-

131 921 231 956 κλησίᾳ
246 917 471 950 Θεσσαλονικέων,
484 917 512 942 ὲν
523 915 582 950 Θεῷ
594 914 679 949 Πατρὶ
691 913 737 939 καὶ
749 911 843 947 Κυρίῳ
860 911 912 945 ’1η-

134 967 181 994 σοῦ
195 964 313 1001 Χριστῷ.
330 973 338 989 ι

169 1013 224 1047 Τῆς
238 1012 265 1038 δὲ
278 1010 405 1045 δευτέρας
419 1010 435 1043 ἡ
452 1008 523 1043 ἀρχή
534 1015 541 1021 ·
563 1016 572 1032 ι
591 1005 694 1037 Παῦλος
714 1003 759 1031 καὶ
774 1002 914 1032 Σιλουανὸς

132 1059 182 1087 καὶ
201 1057 341 1092 Τιμόθεος,
356 1056 389 1090 τῇ
407 1053 552 1088 Ἐκκλησία
567 1049 794 1078 Θεσσαλονικέων.
811 1049 839 1074 ὲν
856 1047 915 1081 Θεῷ

134 1105 222 1140 Πατρὶ
238 1103 315 1138 ἡμῶν
329 1102 375 1129 καὶ
396 1101 490 1136 Κυρίῳ
512 1098 598 1134 Ἰησοῦ
614 1095 733 1133 Χριστῷ.
747 1105 756 1121 ι

170 1150 274 1184 Δεκάτη
290 1150 306 1184 ἡ
323 1147 390 1183 πρὸς
402 1146 554 1182 Ἑϐραίους,
571 1142 604 1179 ἧς
623 1143 639 1178 ἡ
659 1142 746 1177 ἀρχή·
768 1151 776 1166 ι
795 1140 916 1175 Πολυμε-

137 1197 191 1233 ριῖις
203 1197 249 1223 καὶ
265 1194 437 1229 πολυτρόπως
450 1192 532 1219 πάλαι
546 1191 560 1217 ὁ
582 1189 646 1221 Θεὸς
663 1188 780 1223 λαλήσας
793 1187 848 1217 τοῖς
862 1194 915 1233 πα-

135 1242 232 1277 τράσιν
249 1241 277 1266 ἐν
291 1241 345 1270 τοῖς
361 1238 522 1274 προφήταις,
546 1236 588 1261 ἐπ’
606 1233 718 1268 ἐσχάτου
736 1231 789 1258 τῶν
807 1230 915 1266 ἡμερῶν

135 1287 265 1321 ἐλάλησεν
281 1285 346 1320 ἡμῖν
363 1284 392 1310 ὲν
403 1282 470 1318 Υἱῷ.
481 1292 491 1308 ι

171 1331 243 1367 Πρὸς
260 1329 388 1365 Τιμόθεον
403 1328 464 1355 δύο·
485 1327 530 1354 καὶ
545 1327 592 1360 τῆς
607 1325 654 1361 μὲν
672 1324 781 1360 πρώτης
831 1330 913 1357 αρχη·

134 1386 147 1403 ί
153 1376 258 1407 Παῦλος
266 1374 409 1405 ἀπόστολος
418 1372 504 1408 Ἰησοῦ
511 1371 639 1407 Χριστοῦ,
645 1370 703 1396 κατ’
712 1367 842 1403 ἐπιταγὴν
850 1367 916 1394 Θεοῦ

135 1423 261 1458 Σωτῆρος
276 1421 352 1457 ἡμῶν
363 1422 409 1447 κα)¹
420 1419 536 1456 Χριστοῦ
553 1417 639 1453 Ἰησοῦ
653 1417 701 1452 τῆς
713 1415 817 1446 ἐλπίδος
829 1413 915 1450 ἡμῶν,

135 1469 260 1504 Τιμοθέῳ
273 1468 373 1503 γνησίῳ
386 1467 472 1501 τέκνῳ
486 1467 515 1492 ἐν
532 1465 630 1492 πίστει.
645 1473 654 1488 ι

173 1515 229 1550 Τῆς
243 1515 272 1542 δὲ
283 1514 409 1549 δευτέρας
426 1514 442 1548 ἡ
459 1512 545 1547 ἀρχή·
565 1521 574 1536 ι
589 1510 693 1541 Παῦλος
709 1507 855 1538 ἀπόστολος
871 1506 919 1541 Ἰη-

137 1562 184 1588 σοῦ
209 1560 326 1596 Χριστοῦ
350 1558 394 1585 διὰ
418 1558 568 1593 θελήματος
580 1555 658 1588 Θεοῦ,
682 1555 739 1581 κατ’
753 1551 918 1603 ἐπαγγελίαν
931 1575 952 1603 C

138 1607 211 1641 ζωῆς
227 1606 277 1641 τῆς
298 1606 325 1632 ἐν
347 1604 455 1640 Χριστῷ
474 1602 571 1638 Ἰησοῦ,
586 1601 708 1637 Τιμοθέῳ
727 1597 860 1634 ἀγαπητῷ
875 1596 918 1624 τέ-

140 1661 205 1679 κνω.
224 1661 233 1677 )

199 1673 205 1679 .
224 1662 233 1677 ι

174 1662 400 1733 ξρισκαιδεκάτη,
415 1696 431 1730 ὴ
446 1694 513 1730 πρὸς
527 1693 615 1726 Τίτον,
630 1693 664 1728 ῆς
679 1692 763 1727 ἀρχή·
788 1701 797 1717 ι
815 1690 919 1721 Παῦλος

137 1744 229 1775 δοῦλος
246 1742 325 1774 Θεοῦ,
339 1741 485 1773 ἀπόστολος
501 1740 530 1767 δὲ
551 1740 636 1775 Ἰησοῦ
649 1738 775 1775 Χριστοῦ,
791 1737 861 1764 κατὰ
874 1737 920 1763 πί-

139 1799 198 1817 στιν
221 1789 355 1816 ἐκλεκτῶν
370 1788 447 1820 Θεοῦ,
478 1788 524 1814 καὶ
547 1787 691 1820 ἐπίγνωσιν
707 1785 844 1816 ἁλτηθείας,
872 1783 920 1818 τῆς

138 1836 198 1862 κατ’
214 1835 353 1862 εὐσέϐειαν
372 1835 399 1861 ὲν
417 1833 501 1860 ἐλπίδι
521 1831 594 1867 ζωῆς
608 1831 726 1858 αἰωνίου.
740 1840 749 1856 ι

172 1948 470 1984 Τεσσαρεσκαιδεκάτη,
483 1949 500 1983 ἡ
517 1947 584 1982 πρὸς
598 1945 744 1981 Φιλήμονα,
759 1942 792 1980 ἦς
801 1945 818 1978 ἡ
831 1943 901 1979 ἀρχή
912 1951 918 1957 ·

139 2006 150 2021 ι
163 1996 268 2027 Παῦλος
280 1995 388 2030 δέσμιος
403 1994 489 2030 Ἰησοῦ
499 1992 616 2029 Χριστοῦ
627 1992 673 2018 καὶ
681 1990 808 2025 Τιμόθεος
821 1991 834 2016 ὁ
844 1989 919 2016 ἀδελ-

138 2042 199 2077 φὸς,
213 2042 342 2078 Φιλήμονι
359 2041 397 2076 τῷ
410 2039 544 2075 ἀγαπητῷ
562 2039 608 2065 καὶ
619 2036 740 2073 συνεργῷ
757 2035 843 2071 ἡμῶν.

180 2099 244 2125 Ἐπὶ
262 2098 364 2129 τούτοις
377 2097 435 2123 ἐστὶ
448 2097 493 2123 καὶ
509 2097 525 2131 ἡ
548 2094 726 2128 Ἀποκάλυψις
746 2092 864 2119 Ἰωάννου
875 2090 921 2116 τοῦ

139 2143 274 2178 θεολόγου,
300 2143 423 2178 δεχθεῐσα
452 2143 489 2173 ὡς
504 2142 606 2168 ἐκείνου
623 2141 669 2167 καὶ
691 2139 847 2174 ὲγκριοεῖσα
870 2137 922 2163 ὑπὸ

139 2191 222 2216 πάλαι
239 2190 323 2224 ἁγίων
337 2190 383 2216 καὶ
402 2187 629 2223 πνευματοφόρων
647 2186 785 2221 Πατέρων,
797 2181 826 2211 οῦ
842 2184 858 2219 ἡ
873 2184 922 2219 ἀρ-

677 163 841 192 SYNOPSIS
862 160 1070 189 SCRIPTURIE
1092 159 1226 187 SAClu’E.

926 224 948 251 Α
963 220 1101 254 homines;
1125 220 1171 248 sed
1196 226 1244 254 per
1267 218 1358 246 Iesum
1376 217 1514 246 Christum
1539 220 1566 245 et
1594 216 1676 244 Deum
1696 217 1747 244 Pa-

1695 155 1748 182 294

967 271 1045 295 trem.
1065 277 1074 293 ι

1001 313 1110 346 Quinta,
1127 313 1159 339 ad
1173 312 1304 347 Ephesios
1315 331 1322 342 ,
1340 309 1542 345 cujus-initium
1556 314 1598 337 est
1613 320 1619 336 :
1640 319 1649 335 ‹
1677 308 1748 336 Pau-

967 358 1009 385 lus
1020 357 1159 392 apostolus
1174 356 1236 384 Jesu
1247 355 1348 382 Christi
1365 363 1413 390 per
1428 355 1593 382 voluntatem
1612 354 1668 385 Dei,
1683 362 1748 382 san-

967 402 1018 430 ctis
1039 402 1084 437 qui
1096 406 1160 429 sunt
1171 401 1280 435 Ephesi,
1293 404 1320 427 et
1335 399 1457 426 ﬁdelibus
1473 400 1500 425 in
1514 398 1623 425 Christo
1645 398 1720 425 Jesu.
1736 407 1745 423 ι

999 447 1098 478 Sexta,
1128 446 1161 473 ad
1185 446 1389 480 Philippenses,
1413 445 1492 479 cujus
1517 444 1658 471 exordium
1684 447 1746 470 est:

967 503 975 518 ι
990 493 1090 520 Paulus
1102 496 1128 519 et
1142 492 1312 523 Timotheus,
1333 491 1402 518 servi
1415 490 1478 518 Jesu
1493 490 1608 522 Christi,
1620 490 1749 517 omnibus

964 539 1077 571 sanctis,
1092 538 1138 574 qui
1162 541 1225 565 sunt
1241 537 1384 572 Philippis,
1400 545 1461 564 cum
1476 537 1611 572 episcopis
1633 540 1660 563 et
1685 536 1747 563 dia-

965 585 1053 612 conis.
1076 593 1085 610 ι

1001 629 1132 664 Septima,
1150 628 1182 655 ad
1199 628 1375 656 Colossenses
1388 647 1395 658 ,
1418 627 1499 662 cujus
1523 626 1663 654 exordium
1685 629 1747 654 est:

969 685 977 700 ι
996 675 1097 702 Paulus
1124 675 1263 709 apostolus
1290 673 1355 701 Jesu
1372 673 1493 706 Christi,
1521 680 1569 707 per
1583 673 1749 700 voluntatem

965 720 1023 752 Dei,
1037 725 1064 747 et
1077 719 1236 746 Timotheus
1252 719 1345 750 frater,
1357 719 1399 746 his
1412 718 1457 753 qui
1469 723 1533 745 sunt
1546 717 1677 749 Colossis,
1687 725 1750 744 san-

965 767 1016 794 ctis
1032 774 1063 793 ac
1075 766 1200 793 ﬁdelibus
1216 765 1347 793 fratribus
1364 765 1390 791 in
1403 764 1522 792 Christo.
1545 773 1554 789 ›

1002 811 1042 838 Ad
1065 811 1325 838 Thessalonicenses
1351 810 1420 841 dum,
1435 810 1528 844 primm
1558 809 1665 836 initium
1680 812 1721 836 est
1742 818 1748 835 :

968 867 977 883 ι
996 857 1097 884 Paulus
1113 860 1140 884 et
1155 856 1282 883 Silvanus
1299 860 1326 883 et
1337 855 1505 887 Timotheus,
1522 854 1649 882 Ecclesia:
1666 853 1751 881 Thes-

929 895 1196 934 l3'salonicensium,
1220 902 1247 928 in
1275 900 1330 928 Deo
1359 900 1459 933 Patre,
1490 903 1517 927 et
1542 899 1658 927 Domino
1685 899 1750 927 Jesu

965 949 1083 976 Christo.
1103 958 1113 974 ι

1001 994 1132 1022 Secunda:
1147 993 1271 1020 initium:
1289 1002 1298 1018 ‹
1318 992 1418 1019 Paulus
1430 995 1456 1019 et
1474 991 1599 1019 Silvanus
1611 995 1638 1019 et
1652 991 1750 1020 Timo-

965 1041 1053 1073 theus,
1065 1040 1191 1068 Ecclesiae
1205 1038 1487 1066 Thessalonicensium
1501 1057 1509 1070 ,
1539 1038 1567 1065 in
1591 1037 1645 1065 Deo
1667 1037 1749 1065 Patre

965 1091 1070 1118 nostro,
1082 1089 1109 1114 et
1123 1085 1238 1113 Domino
1253 1084 1317 1113 Jesu
1330 1084 1449 1111 Christo.
1472 1093 1480 1109 ι

1001 1133 1121 1164 Decima,
1135 1131 1168 1158 ad
1181 1131 1319 1163 Hebraeos,
1331 1131 1410 1165 cujus
1424 1129 1565 1157 exordium
1579 1133 1620 1156 est
1633 1138 1640 1156 :
1655 1137 1664 1154 ι
1683 1128 1751 1156 Mul—

966 1180 1084 1207 til'ari'am
1099 1182 1126 1206 et
1138 1179 1231 1205 multis
1244 1178 1331 1205 modis
1347 1177 1410 1204 olim
1424 1176 1496 1203 Deus
1507 1176 1614 1202 locutus
1628 1175 1751 1210 patribus

966 1234 1013 1262 per
1038 1225 1184 1261 prophetas
1196 1245 1203 1256 ,
1221 1225 1372 1252 novissime
1388 1223 1517 1251 extremis
1532 1221 1628 1249 diebus
1645 1223 1751 1251 locutus

966 1277 1008 1300 est
1024 1273 1102 1299 nobis
1119 1272 1147 1298 in
1165 1271 1244 1298 Filio.
1263 1280 1273 1296 ι

1001 1318 1042 1345 Ad
1054 1318 1225 1345 Timotheum
1241 1317 1310 1349 duae,
1324 1317 1418 1352 primae
1430 1318 1536 1344 initium
1549 1321 1590 1345 est
1603 1327 1609 1344 :
1624 1327 1633 1342 ι
1651 1316 1752 1344 Paulus

968 1364 1106 1399 apostolus
1119 1363 1184 1391 Jesu
1197 1362 1318 1394 Christi,
1347 1363 1497 1389 secundum
1526 1365 1689 1397 preceptum
1706 1360 1752 1388 Dei

969 1411 1117 1438 Salvatoris
1132 1410 1218 1437 nostri
1235 1413 1261 1436 et
1286 1409 1388 1436 Christi
1408 1408 1485 1440 Jesu,
1500 1409 1546 1443 qui
1559 1413 1601 1436 est
1622 1416 1684 1443 spes
1701 1415 1749 1434 no-

969 1460 1036 1489 stra,
1052 1455 1194 1483 Timotheo
1206 1461 1336 1490 germano
1353 1454 1408 1481 ﬁlio
1421 1454 1448 1480 in
1463 1454 1524 1481 ﬁde.
1548 1464 1557 1480 ι

1005 1502 1137 1530 Secundae
1159 1509 1223 1529 vero
1247 1501 1353 1528 initium
1369 1505 1432 1527 est:
1453 1510 1461 1526 α
1483 1499 1584 1527 Paulus
1614 1499 1753 1534 apostolus

969 1549 1033 1576 Jesu
1049 1548 1150 1575 Christi
1164 1555 1212 1583 per
1230 1547 1395 1574 voluntatem
1412 1545 1457 1572 Dei
1471 1566 1478 1578 ,
1502 1546 1580 1579 juxta
1595 1545 1755 1580 promissio-

969 1602 1031 1622 nom
1049 1594 1120 1626 vitae,
1136 1600 1196 1628 quae
1210 1597 1252 1620 est
1265 1593 1292 1619 in
1309 1592 1417 1620 Christo
1433 1591 1508 1624 Jesu,
1524 1591 1666 1618 Timotheo
1681 1591 1751 1618 dile—

969 1646 1013 1668 cto
1028 1640 1093 1667 ﬁlio.
1112 1649 1121 1666 ι

1004 1686 1096 1714 Tertia
1109 1685 1226 1716 decima,
1235 1684 1268 1711 ad
1277 1684 1379 1714 Titum,
1389 1683 1468 1718 cujus
1477 1683 1582 1710 initium
1598 1687 1654 1710 est:
1670 1683 1754 1710 «Pau-

970 1732 1011 1759 lus
1027 1739 1122 1758 servus
1138 1729 1194 1760 Dei,
1212 1729 1352 1763 apostolus
1367 1736 1432 1755 vero
1446 1727 1510 1755 Jesu
1524 1727 1636 1759 Christi,
1654 1735 1752 1755 secun-

969 1778 1032 1804 dum
1048 1776 1126 1803 ﬁdem
1141 1775 1218 1810 100
1228 1775 1374 1802 electorum
1389 1773 1446 1806 Dei,
1460 1778 1486 1801 et
1502 1775 1665 1809 agnitionem
1682 1775 1753 1802 veri-

969 1823 1032 1850 tatis
1047 1823 1117 1857 ejus,
1132 1829 1191 1856 quae
1205 1825 1246 1848 est
1262 1820 1413 1848 secundum
1440 1820 1567 1854 pietatem
1584 1820 1611 1847 in
1627 1827 1675 1855 spe
1691 1822 1753 1848 vita:

969 1874 1087 1897 ωιθιηω.
1108 1878 1117 1894 ι

1005 1937 1105 1971 Quarta
1117 1937 1230 1969 decima,
1250 1935 1283 1962 ad
1308 1934 1492 1962 Philemonem
1505 1954 1512 1966 ,
1536 1934 1616 1969 cujus
1645 1934 1753 1961 initium

969 1989 1012 2012 est
1029 1994 1035 2011 :
1056 1993 1064 2009 ι
1084 1983 1183 2010 Paulus
1199 1983 1308 2009 vinctus
1338 1980 1402 2009 Iesu
1425 1980 1526 2008 Christi
1549 1985 1576 2008 et
1596 1980 1753 2009 Timotheus

971 2030 1053 2057 frater
1067 2028 1217 2055 Philemoni
1230 2027 1328 2055 dilecto
1343 2032 1369 2054 et
1385 2026 1502 2060 adjutori
1517 2030 1622 2054 nostro.
1643 2036 1653 2052 ι

1006 2087 1054 2115 Est
1069 2091 1198 2122 prwterea
1216 2090 1243 2114 et
1260 2085 1437 2120 Apocalypsis
1455 2084 1568 2111 Joannis
1584 2083 1718 2118 theologi,
1738 2091 1754 2110 a

971 2132 1069 2168 priscis
1080 2132 1193 2164 sanctis,
1209 2136 1236 2159 et
1251 2130 1382 2165 Spiritum
1406 2130 1452 2157 Dei
1478 2129 1649 2164 gestantibus
1664 2128 1753 2155 Patri-

971 2179 1031 2212 bus,
1041 2178 1114 2207 velut
1126 2177 1267 2213 quzeillius
1282 2177 1329 2208 sit,
1343 2179 1454 2211 accepta
1467 2180 1492 2202 et
1504 2175 1660 2210 approbata,
1674 2175 1752 2209 cujus

136 2237 174 2272 χή
187 2245 194 2251 ·
216 2246 224 2261 ι
243 2220 423 2269 ’Ᾰποκάλυψις
444 2220 529 2268 Ἰησοῦ
547 2220 681 2268 Χριστοῦ,
741 2231 846 2266 ζὲδωκεν
874 2230 916 2255 αὺ-

978 2225 1134 2259 priucipium
1150 2227 1210 2251 est:
1229 2233 1238 2249 ι
1256 2223 1432 2258 Apocalypsis
1456 2220 1519 2249 Jesu
1542 2221 1655 2252 Christi,
1671 2229 1752 2255 quam

138 2282 178 2316 τῷ
198 2283 211 2308 ό
223 2281 287 2312 Θεὸς
303 2280 385 2312 δεῖξαι
401 2281 456 2311 τοῖς
472 2279 574 2310 δούλοις
590 2277 671 2304 αὑτοῦ
691 2277 709 2304 ἃ.
731 2277 771 2303 δεῖ
795 2275 920 2310 γενέσθαι

140 2329 169 2354 ὲν
185 2328 272 2363 τάχει,
287 2327 332 2354 καὶ
347 2327 492 2362 ἐσήμανεν,
510 2324 670 2356 ἀποστείλας
684 2323 728 2349 διὰ
740 2322 785 2349 τοῦ
806 2322 920 2356 ἀγγέλου

138 2374 222 2401 αὐτοῦ
241 2373 279 2408 τῷ
292 2373 377 2407 δούλῳ
395 2371 476 2399 αὑτοῦ
497 2371 616 2406 Ἰωάννῃ.
631 2379 639 2395 ι

175 2430 202 2456 4.
213 2429 338 2455 Τοσαῦτα
353 2429 399 2455 καῖ¹
411 2428 445 2454 τὰ
455 2427 505 2462 τῆς
521 2427 624 2462 Καινῆς
638 2425 773 2460 Διαθήκης
790 2424 880 2459 βιϐλία
888 2425 922 2451 τά

140 2484 172 2509 γε
184 2475 388 2509 κανονιζόμενα,
402 2474 448 2499 καὶ
463 2473 512 2507 τῆς
527 2472 643 2503 πίστεως
654 2471 733 2506 ἡμῶν
744 2471 824 2497 οἱονεὶ
841 2471 924 2506 ἀκρο-

141 2521 213 2548 θίνια
229 2521 246 2556 ἢ
257 2521 375 2556 ἄγκυραι
391 2520 438 2546 καὶ
457 2519 606 2554 ἐρείσματα
618 2527 623 2532 ·
636 2518 673 2548 ὡς
691 2518 753 2552 παρ’
768 2516 855 2543 αὐτῶν
869 2516 923 2543 τῶν

142 2566 298 2594 ἀποστόλων
315 2565 362 2592 τοῦ
392 2564 531 2599 Χριστοῦ,
559 2563 613 2590 τῶν
641 2564 688 2590 καὶ
720 2563 923 2598 συγγενομένων

141 2613 238 2647 ἐκείνῳ
250 2612 296 2639 καὶ
310 2612 355 2638 ὑπ’
367 2611 448 2637 αὑτοῦ
469 2609 701 2645 μθητευθὲντων,
720 2609 860 2644 γραφέντα
876 2608 923 2635 καὶ

141 2658 297 2684 ἐκτεθέντα.
328 2656 404 2682 Ἐπεί
420 2655 460 2682 τοί
484 2663 516 2689 γε
530 2655 641 2690 ὕστερον
662 2653 732 2680 κατὰ
750 2654 799 2689 τὴν
812 2654 923 2680 ἐκείνων

141 2703 304 2731 ἀκολουθίαν
330 2703 376 2729 καὶ
393 2701 552 2736 συμφωνίαν
568 2701 634 2727 ἄλλα
652 2700 736 2735 μυρία
761 2701 807 2726 καὶ
832 2699 924 2734 ἀναρί-

144 2749 234 2784 θμητα
252 2748 341 2783 βιϐλία
364 2746 566 2781 ὲξεπονήθησαν
583 2744 634 2770 ὑπὸ
648 2744 702 2770 τῶν
717 2743 788 2770 κατὰ
813 2743 924 2777 καιροὺς

145 2795 269 2828 μεγάλων
281 2794 327 2820 καὶ
339 2791 500 2826 σοφωτάτων
514 2790 648 2825 θεοφόρων
662 2789 790 2824 Πατέρων
803 2789 841 2819 εἰς
857 2796 926 2823 μαρ-

142 2840 238 2875 τυρίαν
256 2839 309 2865 τῶν
325 2837 511 2874 προλαϐόντων
531 2837 577 2863 καὶ
600 2835 774 2870 διοιιρώτισιν⁸
803 2835 866 2869 περὶ
888 2831 925 2860 ὧν

144 2885 173 2911 οὐ
188 2885 236 2912 νῦν
250 2884 337 2918 λόγος,
352 2883 390 2914 ὡς
405 2881 568 2916 παμπόλλων
588 2881 633 2908 καὶ
648 2879 790 2916 ἀορίστων,
808 2879 855 2906 καὶ
868 2878 925 2914 ἅμα

972 2271 1045 2298 dedit
1059 2271 1096 2297 illi
1113 2269 1194 2300 Deus.
1207 2274 1236 2296 ut
1251 2269 1376 2296 ostendat
1391 2269 1476 2296 servis
1505 2269 1562 2296 suis
1591 2275 1650 2302 quae
1672 2275 1754 2302 opor-

973 2321 1026 2344 teat
1041 2316 1098 2344 ﬁeri
1112 2316 1182 2348 cito,
1206 2320 1232 2342 et
1247 2314 1408 2349 signiﬁcavit
1427 2314 1538 2341 mittens
1554 2321 1601 2348 per
1627 2313 1753 2348 angelum

972 2370 1052 2390 suum
1066 2369 1144 2389 servo
1161 2369 1210 2389 suo
1222 2360 1328 2388 Joanni.
1346 2370 1355 2385 ι

1007 2420 1034 2447 4.
1050 2419 1082 2446 Ili
1101 2423 1165 2446 sunt
1179 2423 1205 2446 et
1222 2422 1263 2445 tot
1278 2417 1345 2445 Novi
1361 2416 1528 2445 Testamenti
1545 2416 1607 2443 libri
1617 2416 1753 2448 canonici,

972 2469 999 2493 et
1012 2465 1073 2491 ﬁdei
1085 2468 1184 2492 nostra)
1197 2464 1278 2490 veluti
1292 2463 1419 2498 primitite
1429 2461 1562 2496 quaedam,
1573 2461 1616 2488 vel
1630 2462 1756 2489 anchora:

973 2510 1205 2546 elisustentacula,
1216 2513 1310 2544 utpote
1318 2508 1351 2535 ab
1363 2507 1429 2543 ipsis
1441 2506 1573 2542 apostolis
1585 2506 1698 2540 Christi,
1708 2506 1754 2541 qui

973 2561 1000 2585 et
1016 2564 1076 2584 cum
1096 2556 1142 2583 illo
1155 2555 1320 2585 conversati,
1337 2557 1364 2581 et
1379 2554 1412 2580 ab
1427 2561 1459 2580 eo
1477 2552 1567 2580 edocti
1583 2555 1665 2584 sunt,
1687 2557 1755 2579 con-

974 2603 1068 2638 scripti
1080 2607 1107 2630 et
1121 2602 1197 2629 editi.
1215 2601 1375 2635 Quanquam
1397 2603 1490 2634 postea
1507 2598 1540 2625 ad
1556 2599 1671 2627 istorum
1690 2606 1755 2625 nor-

973 2657 1044 2677 mam
1060 2653 1087 2676 et
1097 2647 1315 2678 consonantiam,
1327 2651 1353 2674 et
1364 2646 1410 2673 alii
1433 2645 1567 2673 innumeri
1584 2650 1648 2673 sunt
1662 2652 1677 2672 a
1696 2653 1756 2672 ma-

974 2695 1045 2730 gnis,
1059 2693 1280 2729 sapientissimis,
1304 2691 1416 2719 deil'eris
1443 2691 1582 2723 Patribus,
1601 2695 1754 2725 temporum

974 2749 1114 2773 successu,
1130 2740 1163 2767 ad
1178 2737 1579 2774 praemissorumvtestimonium
1593 2741 1620 2764 et
1635 2737 1758 2764 illustra-

973 2789 1074 2815 tionem
1090 2785 1240 2813 elaborati:
1263 2785 1298 2812 de
1314 2784 1413 2819 quibus
1435 2791 1508 2811 nunc
1533 2783 1612 2810 nobis
1636 2791 1690 2810 non
1714 2787 1758 2810 est

975 2841 1074 2864 sermo,
1089 2840 1150 2859 cum
1164 2831 1218 2859 sint
1236 2830 1380 2859 admodum
1396 2829 1473 2857 multi
1485 2833 1509 2856 et
1534 2829 1643 2862 inﬁniti,
1661 2828 1757 2856 simul-

975 2887 1028 2915 que
1041 2886 1137 2908 omnes
1149 2877 1272 2914 ejusdem
1296 2884 1410 2911 normae,
1436 2880 1540 2907 veteres
1570 2875 1632 2904 illos
1659 2874 1756 2904 subse-
