1915 3057
157 119 209 146 295
725 111 754 137 S.
774 107 1010 137 ATHANASIUS.
1031 124 1065 127 —
1085 107 1200 135 DUBIA.
1724 104 1792 131 296

159 181 288 212 quantur,
315 175 464 209 eademque
493 176 648 207 exponant,
672 175 753 206 atque
786 170 936 197 declarent.

1007 169 1098 195 πάντων
1112 168 1161 203 τῆς
1177 167 1261 202 αὐτῆς
1283 165 1442 197 ἀκολουθίας
1462 165 1518 196 τοῖς
1538 164 1660 196 παλαιοῖς
1673 165 1794 196 τούτοις

999 215 1146 250 ἐχομένων,
1162 214 1208 241 καὶ
1223 213 1255 239 τά
1270 213 1339 240 αὐτὰ
1363 212 1549 247 ἐξηγουμένων
1563 211 1609 237 καὶ
1628 211 1716 238 αὐτῶν
1735 212 1794 238 καὶ

195 308 224 334 1η
243 307 301 333 istis
321 306 430 340 itaque,
452 304 523 331 sicut
544 303 646 330 dictum
668 306 730 335 est,
756 302 947 336 comprehensi

162 357 225 380 sunt
241 359 335 380 omnes
347 359 409 378 cum
425 350 540 382 Veteris,
556 354 612 377 tum
640 348 707 375 Novi
731 347 897 375 Testamenti
916 348 948 374 li-

162 399 214 430 bri,
230 406 298 433 quos
323 397 416 432 paucis
431 416 437 427 ,
454 395 526 431 quod
548 395 581 422 ad
603 401 747 421 numerum
763 398 867 420 tantum
885 393 949 419 atti-

162 449 218 477 net,
238 445 291 478 jam
307 443 537 478 perstrinximus:
556 441 685 474 deinceps
714 446 777 466 vero
792 438 826 466 de
852 438 947 465 iisdem

163 490 240 517 libris
260 489 346 516 fusius
361 488 441 515 nobis
455 487 587 522 agentium
600 490 658 519 est;
673 493 688 511 a
703 492 757 520 quo
772 484 877 511 scilicet
889 483 932 510 sin
942 497 948 503 -

163 536 217 571 guli
243 535 390 568 conscripti
416 534 480 565 sint,
498 537 525 560 et
542 532 614 559 unde
630 531 746 566 quiSque
762 529 861 556 habeat
875 528 949 564 quod

164 581 276 609 sortitus
293 584 334 607 est
349 587 448 606 nomen
463 588 469 605 :
488 578 607 613 quidque
623 577 651 604 in
666 585 694 604 se
705 576 854 606 contineat.
873 583 949 603 sum-

163 627 256 655 malim
274 630 301 653 et
313 625 603 660 compendioseduxta
623 623 792 655 praemissum
813 621 948 656 ordinem,

164 675 278 710 singulis
292 682 325 701 ex
347 673 457 700 nomine
470 670 624 705 descriptis,
641 668 830 704 exponendum
844 672 895 695 est.

434 728 510 754 Liber
523 726 548 754 1.
561 726 676 752 Genesis.

198 776 226 803 5.
241 775 322 802 Liber
335 774 379 800 hic
394 773 531 800 Geneseos
543 791 550 802 ,
578 770 678 805 Moysis
694 774 744 802 est,
763 769 810 804 qui
825 776 855 796 ea
868 788 875 801 ,
891 775 950 803 quae

165 823 192 849 in
209 822 254 848 illo
268 821 454 850 continentur,
470 826 503 844 ex
519 818 598 852 jussu
618 816 722 844 Domini
740 817 847 843 locutus
863 820 905 842 cst
924 819 950 842 et

165 868 284 902 scripsit.
306 866 423 893 Vocatur
438 869 527 891 autem
551 863 602 890 hoc
626 863 744 894 nomine,
759 861 830 896 quod
847 866 874 889 et
891 861 948 888 uui-

166 920 322 943 vcrsorum,
341 911 402 937 emli
419 910 521 944 pariter
543 915 573 934 ac
595 912 673 934 terra:
685 927 693 939 ,
710 907 907 940 hominumque
923 911 951 934 et

165 959 286 987 oumium
313 965 407 984 eorum
431 964 491 990 qua:
518 955 644 982 videntur
673 955 892 990 generationem,
925 958 952 982 et

166 1006 251 1040 ipsam
265 1004 385 1039 paradisi
401 1002 594 1038 plantationth
610 1002 815 1035 complectatur.
834 1000 952 1027 Enarrat

166 1058 266 1083 autem,
280 1051 352 1086 quod
374 1050 462 1085 primo
478 1048 521 1076 die
537 1048 605 1075 facta
623 1048 658 1075 sit
674 1047 719 1074 lux
735 1057 741 1074 :
760 1047 847 1074 altero
861 1046 952 1074 firma-

167 1102 297 1128 mentum,
310 1096 381 1131 quod
397 1095 468 1122 Deus
495 1095 595 1121 coelum
613 1093 720 1120 vocavit
734 1102 740 1120 :
757 1093 837 1119 tertio
849 1112 856 1124 ,
881 1092 953 1127 quod

167 1146 335 1178 congregatae
349 1142 402 1169 sint
414 1148 501 1175 aquae,
514 1141 626 1174 visaque
643 1139 718 1166 arida
732 1158 738 1170 ,
765 1143 793 1165 et
814 1138 954 1165 collectio-

168 1197 216 1216 nes
228 1195 358 1223 aquarum
371 1187 509 1213 vocaverit
524 1186 619 1217 maria,
633 1185 735 1212 aridam
748 1192 821 1216 vero,
833 1189 934 1211 terram
946 1193 952 1211 :

169 1241 295 1269 terraque
319 1232 511 1267 germinaverit
533 1231 644 1258 herbam
671 1230 742 1262 feni,
767 1234 794 1257 et
810 1237 890 1257 omne
919 1229 954 1256 li-

169 1287 272 1314 gnum:
289 1282 402 1313 quarto,
434 1277 507 1312 quod
535 1276 697 1311 processerit
713 1275 753 1303 sol
771 1281 797 1302 et
819 1276 882 1302 luna
895 1294 904 1308 ,
928 1278 955 1301 et

170 1327 313 1352 universus
331 1329 467 1351 astrorum
493 1323 608 1350 chorus:
625 1321 731 1357 quinto,
744 1321 816 1356 quod
834 1321 904 1348 facta
919 1320 955 1348 sit

169 1371 338 1403 volucrium,
365 1369 498 1405 piscium,
531 1373 558 1396 et
590 1373 710 1395 cetoruln
734 1375 793 1403 qum
819 1368 846 1393 in
877 1367 955 1401 aquis

171 1424 243 1447 sunt,
260 1417 399 1451 generatio
417 1424 423 1442 :
442 1421 517 1442 sexto
531 1434 538 1445 ,
568 1414 641 1449 quod
668 1413 740 1440 facta
766 1413 821 1440 sint
837 1413 956 1447 quadru-

171 1463 259 1497 pedia.
273 1467 300 1489 et
315 1462 416 1492 bestiae,
429 1465 455 1488 et
466 1463 616 1494 serpentes,
631 1463 657 1487 et
670 1459 807 1494 jumenta,
823 1458 957 1492 homoque

171 1509 205 1534 ad
224 1507 367 1542 imaginem
396 1511 423 1533 et
450 1505 654 1534 similitudinem
668 1503 715 1531 Dei
744 1504 895 1530 formatus:
912 1510 955 1530 se-

173 1555 257 1588 ptimo
282 1561 355 1585 vero,
372 1552 443 1586 quod
461 1550 532 1578 Deus
548 1551 580 1577 ab
596 1550 726 1585 operibus
739 1550 797 1576 suis
812 1549 954 1583 requieve-

173 1600 218 1631 rit,
233 1599 340 1633 dieique
355 1598 471 1633 septimo
486 1596 664 1624 benedixerit.
689 1595 790 1622 Deinde
808 1600 835 1622 et
857 1595 908 1621 hoc
924 1594 956 1620 li-

174 1646 222 1672 bro
238 1649 467 1672 commemoratur
483 1642 665 1677 transgressio
690 1641 771 1673 Adm,
799 1641 926 1674 illiusque
941 1647 957 1666 e

174 1691 300 1725 paradiso
314 1691 422 1724 ejectio,
437 1689 527 1716 Abelis
544 1697 591 1723 per
611 1687 722 1714 fratrem
737 1686 806 1713 Cain
821 1686 891 1712 facta
906 1693 957 1712 ca:-

173 1738 221 1764 des
233 1757 241 1768 ,
258 1735 399 1763 translatio
417 1733 534 1766 Enochi,
561 1733 703 1760 fabricatio
719 1740 798 1764 arcze,
814 1732 956 1763 diluvium,

175 1782 340 1816 temporibus
357 1781 413 1808 Noe
432 1781 531 1808 factum
544 1801 551 1811 ,
582 1782 720 1806 structura
745 1777 843 1809 turris,
860 1777 957 1804 divisio

176 1828 338 1861 linguarum,
353 1827 487 1860 dispersio
502 1826 652 1855 nationum,
665 1830 691 1851 et
706 1831 832 1859 egressus
844 1822 958 1849 Abrahae

175 1882 208 1901 ex
225 1873 361 1900 Chaldma.
378 1872 505 1899 Continet
521 1875 612 1898 autem
634 1870 679 1896 hic
702 1869 769 1896 liber
783 1874 810 1896 et
831 1867 959 1895 Sodomo-

176 1927 236 1946 rum
258 1918 472 1948 subversionem,
485 1921 511 1944 et
525 1917 611 1951 legem
633 1915 666 1942 de
691 1914 901 1942 circumcisione
920 1913 959 1939 la-

176 1968 242 1994 tam,
256 1962 446 1997 jusjurandum
462 1961 653 1997 promissionis
671 1959 716 1987 Dei
741 1959 855 1986 Abraha:
870 1958 956 1990 faciat,

177 2008 377 2042 generationem
392 2007 466 2034 Isaae
481 2011 507 2035 et
520 2005 606 2033 Jacob
619 2026 626 2037 ,
651 2011 678 2033 et
692 2013 786 2032 eorum
800 2006 845 2039 qui
860 2012 893 2031 ex
913 2005 959 2031 illo

177 2057 241 2081 sunt
255 2053 481 2088 patriarcharum,
498 2056 528 2079 et
553 2052 625 2087 quod
643 2051 780 2078 Abraham
800 2051 898 2078 vixerit
912 2058 960 2077 an-

176 2107 227 2126 nos
241 2103 348 2126 centum
371 2098 505 2133 octoginta
522 2098 598 2133 (77):
615 2097 710 2125 lsmael
734 2103 798 2123 vero
820 2104 852 2123 ex
873 2098 958 2131 Agar,

177 2153 264 2172 annos
284 2150 364 2172 natus
388 2145 437 2171 157
459 2148 583 2171 mortuus
612 2143 656 2170 sit.
675 2142 809 2170 Prmterea
824 2143 960 2177 quomodo

176 2189 277 2224 Joseph
292 2197 307 2216 a
321 2189 450 2216 fratribus
466 2189 501 2216 sit
518 2188 642 2216 venditus
653 2193 680 2215 et
693 2188 826 2215 adductus
840 2189 866 2214 in
877 2187 960 2223 (Egy-

178 2240 253 2271 ptum
265 2257 271 2268 ,
289 2235 508 2270 caiumniamque
525 2243 540 2261 a
564 2234 674 2261 domina
694 2241 744 2261 sua
761 2241 873 2268 passus,
889 2238 916 2261 et
933 2234 960 2260 in

177 2289 313 2309 carcerem
328 2281 478 2316 conjectus,
495 2285 523 2308 et
539 2281 646 2307 tandem
659 2280 749 2308 'totius
766 2279 873 2315 Egypti
887 2280 961 2315 prin—

178 2335 242 2363 ceps
266 2328 441 2354 constitutus.
471 2326 534 2354 Istis
563 2327 737 2361 subjungitur
755 2326 903 2353 descensus
915 2325 962 2353 Ja-

178 2374 228 2400 cob
245 2373 320 2408 ιο]
335 2374 362 2400 iu
373 2373 518 2408 Egyptum
533 2380 594 2400 cum
611 2373 673 2400 [iliis
688 2373 745 2400 suis
758 2393 764 2403 ,
781 2380 895 2400 numero
915 2372 959 2404 73,

177 2425 204 2447 et
214 2420 349 2455 quomodo
365 2420 419 2447 illic
435 2420 602 2448 constitutus
618 2419 713 2451 Jacob,
729 2419 960 2447 benedictionem-

177 2473 230 2497 que
241 2465 407 2493 Patriarchis
421 2466 484 2493 ﬁliis
498 2467 555 2494 suis
577 2466 732 2500 impartitus
745 2486 751 2496 .
778 2469 901 2492 mortuus
926 2466 962 2493 sit

179 2518 265 2538 annos
289 2515 370 2538 natus
398 2512 460 2543 M7,
474 2519 629 2546 corpusque
647 2512 720 2539 illius
744 2512 907 2539 translatum
929 2518 961 2538 ac

179 2557 313 2590 sepultum
333 2555 361 2582 in
378 2561 449 2583 terra
469 2556 608 2584 Chanaan.
631 2556 664 2583 Et
678 2556 750 2591 quod
773 2555 873 2591 Joseph
899 2559 961 2590 post

180 2601 276 2628 fainem
299 2600 408 2637 Egypti
421 2622 428 2633 ,
456 2610 542 2629 annos
557 2603 654 2630 vixerit
670 2602 714 2634 66,
731 2607 909 2637 mortuusque
926 2595 962 2629 sit

179 2654 250 2673 anno
269 2649 356 2674 anatis
371 2655 427 2675 sine
442 2647 508 2679 110,
535 2653 710 2684 posteaquam
727 2648 761 2676 de
779 2649 888 2676 ossibus
903 2648 960 2676 suis

179 2693 374 2726 mandaverat,
397 2699 426 2722 ut
444 2698 471 2722 et
499 2695 557 2729 ipsa
579 2694 606 2721 in
621 2698 825 2722 monumentum
853 2700 960 2730 patrum

181 2738 400 2767 transferrentur.

216 2826 271 2861 (77)
287 2826 358 2855 Vixit
369 2831 474 2856 tantum
488 2828 539 2857 175
556 2835 652 2856 annos.

999 260 1210 294 διασαφούντων.

1041 306 1083 337 Ὡς
1098 304 1143 333 οὖν
1168 306 1274 341 εἴρηται
1289 306 1317 331 ὲν
1330 305 1433 336 τούτοις
1446 304 1544 334 πάντα,
1560 304 1594 331 τά
1615 313 1644 330 τε
1659 304 1709 339 τῆς
1723 304 1792 330 Πα-

1000 352 1078 384 λαιᾶς
1095 352 1141 379 καὶ
1155 352 1189 378 τὰ
1201 352 1249 387 τῆς
1264 351 1336 382 Νέας
1353 350 1489 386 Διαθήκης
1509 349 1605 385 βιϐλία.
1632 350 1703 386 Πλὴν
1720 350 1794 376 ὅσον

1001 399 1069 434 πρὸς
1085 398 1199 434 ἀριθμὸν
1224 398 1302 433 μόνον
1322 397 1420 423 οὑτωσὶ
1444 396 1512 428 τέως
1527 396 1626 428 στενῶς
1639 396 1794 431 προαπήγ-

1001 444 1104 479 γελται.
1125 445 1161 470 Τὸ
1178 444 1206 470 δὲ
1229 442 1353 470 ἐντεῦθεν
1373 442 1533 478 διαληπτέον
1548 442 1627 468 πάλιν
1646 442 1708 477 περὶ
1728 442 1793 468 τῶν

1001 491 1089 517 αὐτῶν
1116 490 1223 525 βιϐλίων
1250 489 1429 524 πλατύτερον,
1458 488 1533 523 παρὰ
1560 488 1631 519 τινος
1659 496 1688 514 τε
1721 496 1794 514 συν-

1001 534 1107 569 εγράψη
1124 534 1236 560 ἕκαστον
1253 533 1363 565 τούτων,
1383 533 1429 559 καὶ
1444 533 1533 564 πόθεν,
1553 532 1585 568 ἣν
1601 532 1705 567 ἔλαχεν,
1725 533 1794 559 ὀνο-

1003 580 1102 615 μασίαν
1119 579 1184 614 ἔχει,
1202 579 1248 606 καὶ
1266 579 1291 604 τί
1309 579 1439 613 περιέχει,
1455 578 1643 613 κεφαλαιωδῶς
1658 579 1704 605 καὶ
1722 587 1793 605 συν-

1001 625 1128 657 οπικῶς,
1144 625 1213 652 κατὰ
1232 624 1279 661 τὴν
1302 625 1508 660 προεκτεθείσαν
1521 625 1596 657 τάξιν
1614 624 1661 650 τοῦ
1678 624 1738 650 καθ’
1758 624 1793 651 ἓν

1003 670 1103 705 βιϐλίου
1121 669 1336 706 διαγραφομένου
1358 670 1426 705 μετὰ
1448 670 1497 704 τῆς
1512 668 1613 700 οἰκείας
1627 669 1790 705 ὀνομασίας.

1228 726 1349 752 Βιϐλίον
1362 729 1398 754 a'.
1421 727 1446 752 Γ
1447 725 1556 757 ἐνεσις.

1038 772 1064 800 5.
1086 772 1122 798 Τὸ
1145 772 1193 807 μὲν
1212 771 1311 806 βιόλίον
1336 771 1414 798 τοῦτο
1440 772 1489 807 τῆς
1514 772 1646 803 Γενέσεως
1664 771 1791 807 Μωῦσῆς

1004 818 1076 844 ἐστιν
1096 819 1110 845 ὁ
1124 818 1242 853 λαλήσας
1259 819 1306 844 καὶ
1320 817 1427 853 γράψας
1450 818 1482 844 ὲκ
1506 818 1713 853 προστάγματος
1730 818 1792 844 Κυ-

969 853 991 883 B
1005 865 1072 900 ρίου,
1086 864 1214 891 Καλεῖται
1228 864 1256 890 δὲ
1270 863 1365 895 οὕτως,
1379 865 1472 900 ἐπειδὴ
1481 865 1527 891 καὶ
1539 865 1588 900 τὴν
1600 865 1704 899 γένεσιν
1719 864 1792 891 πάν-

1005 919 1058 937 των
1084 910 1215 945 περιέχει,
1230 908 1345 944 οὐρανοῦ
1363 918 1391 935 τε
1409 909 1454 936 καὶ
1469 911 1530 944 γῆς,
1555 909 1669 936 καὶτῶν
1684 908 1792 944 ἀνθρὼ-

1003 965 1059 982 πων
1075 956 1120 982 καὶ
1135 955 1188 982 τῶν
1203 954 1370 990 φαινομένων
1387 955 1489 982 τούτων
1502 955 1579 987 ὅλων,
1587 956 1634 982 καὶ
1647 955 1730 990 αὐτὴν
1737 956 1792 991 τὴν

1002 1001 1047 1028 τοῦ
1068 1001 1230 1037 παραδείσου
1248 1001 1369 1034 φυτείαν.
1402 1000 1553 1036 Ἐξηγεῑται
1571 1001 1609 1034 δὲ,
1635 1001 1721 1037 ὅτιτῇ
1737 1002 1792 1037 μὲν

1002 1047 1097 1083 πρώτῃ
1114 1047 1206 1082 ἡμέρᾳ
1220 1047 1314 1081 γέγονε
1331 1046 1360 1072 τὸ
1375 1046 1446 1081 φῶς-
1462 1049 1494 1082 τῇ
1512 1047 1539 1073 δὲ
1557 1047 1669 1084 δευτέρᾳ
1683 1048 1713 1074 τὸ
1727 1056 1793 1074 στε-

1003 1093 1107 1129 ρέωμα,
1119 1093 1186 1128 ὅπερ
1196 1092 1323 1120 ἐκάλεσεν
1338 1092 1450 1128 οὐρανὸν
1462 1094 1476 1119 ὁ
1490 1093 1555 1125 Θεός
1565 1101 1571 1108 ·
1587 1095 1619 1129 τῇ
1633 1093 1710 1130 τρίτῃ
1726 1102 1792 1120 συν-

1004 1138 1071 1174 ήχθη
1086 1139 1120 1165 τὰ
1139 1138 1233 1169 ὕδατα,
1248 1138 1300 1165 ¹καὶ
1321 1138 1397 1173 ὤφθη
1420 1139 1436 1173 ή
1454 1138 1538 1174 ξηράν
1564 1139 1609 1165 καὶ
1627 1139 1661 1165 τὰ
1676 1140 1724 1174 μὲν
1740 1148 1790 1166 συ-

1003 1185 1129 1219 στήματα
1144 1184 1197 1210 τῶν
1213 1184 1314 1211 ὑδάτων
1331 1184 1443 1211 ἐκάλεσε
1461 1184 1606 1216 θαλάσσας,
1634 1185 1683 1220 τὴν
1698 1185 1726 1211 δὲ
1741 1184 1791 1220 ξη·

1004 1231 1054 1266 ρὰν
1081 1231 1192 1257 ἐκάλεσε
1211 1231 1278 1265 γῆν-
1304 1231 1351 1256 καὶ
1382 1230 1546 1264 ἐϐλάστησεν
1574 1231 1590 1265 ή
1617 1232 1651 1265 γῆ
1674 1230 1790 1266 βοτάνην

1004 1277 1110 1313 χόρτου,
1128 1277 1175 1303 καὶ
1190 1277 1243 1303 πᾶν
1258 1276 1347 1308 ξύλονι
1367 1279 1399 1312 τῇ
1420 1277 1538 1312 τετάρτῃ
1564 1276 1695 1312 προῆλθεν
1713 1277 1790 1311 ἥλιος

1004 1324 1050 1350 καὶ
1078 1323 1187 1358 σελήνη,
1218 1322 1263 1349 καὶ
1293 1323 1345 1353 πᾶς
1373 1323 1387 1348 ὸ
1414 1322 1467 1348 τῶν
1500 1322 1621 1358 ἀστέρων
1639 1323 1738 1358 χορός·
1754 1324 1788 1358 τῇ

1005 1370 1115 1405 πέμπτῃ
1130 1369 1258 1395 πετεινῶν
1276 1369 1322 1395 καλ⁹
1340 1368 1437 1403 ἰχθύων
1453 1369 1499 1395 καὶ
1513 1368 1602 1404 κητῶν
1617 1368 1672 1395 τῶν
1688 1369 1716 1395 ὲν
1732 1369 1790 1400 τοῖς

1006 1416 1082 1442 ὕδασι
1101 1416 1221 1449 γένεσις·
1241 1417 1272 1450 τῇ
1291 1415 1356 1450 ἕκτῃ
1373 1415 1544 1450 τετραπόδων
1567 1415 1613 1441 καὶ
1628 1414 1728 1450 θηρίων
1742 1415 1790 1442 καὶ

1006 1462 1126 1497 ἑρπετῶν
1141 1462 1186 1488 καὶ
1203 1461 1318 1496 κτηνῶν,
1336 1461 1382 1487 καὶ
1402 1461 1500 1492 πλάσις
1517 1460 1658 1496 ἀνθρώπου
1677 1461 1735 1488 κατ’
1751 1462 1791 1487 εἰ-

1006 1508 1071 1534 κόνα
1083 1507 1149 1534 Θεοῦ
1167 1508 1213 1534 καὶ¹
1232 1507 1377 1542 ὁμοίωσιν
1399 1508 1431 1542 τῇ
1447 1507 1476 1533 δὲ
1493 1507 1594 1543 ἐϐδόμῃ
1618 1507 1787 1533 κατέπαυσεν

1005 1554 1019 1579 ὁ
1033 1553 1098 1584 Θεὸς
1112 1553 1165 1579 ἀπὸ
1177 1553 1230 1580 τῶν
1247 1553 1345 1588 ἔργων,
1360 1553 1405 1579 καὶ
1422 1553 1572 1588 ηὑλόγησεν
1587 1553 1680 1588 αὑτήν.
1710 1553 1788 1579 Ἔστι

1004 1599 1032 1625 δὲ
1045 1600 1073 1625 εν
1089 1598 1175 1633 τούτῳ
1186 1599 1224 1634 τῷ
1239 1598 1332 1633 Βιϐλίῳ
1344 1598 1390 1624 τοῦ
1409 1599 1493 1633 ’Λδὰμ
1504 1599 1668 1633 παράϐασις,
1680 1598 1726 1624 καὶ
1735 1598 1788 1625 ἀπὸ

1005 1645 1050 1671 τοῦ
1071 1645 1230 1680 παραδείσου
1249 1644 1390 1679 ὲξώθησις,
1405 1645 1421 1679 ἤ
1437 1653 1468 1671 τε
1484 1644 1530 1670 τοῦ
1549 1644 1631 1671 ’Λῦελ
1650 1644 1724 1680 παρὰ
1740 1644 1787 1671 τοῦ

1006 1690 1119 1724 ἀδελφοῦ
1129 1691 1196 1717 Κάῐν
1203 1690 1349 1725 ἀναίρεσις,
1359 1690 1405 1717 καὶ
1413 1692 1429 1726 ἡ
1437 1690 1483 1717 τοῦ
1492 1689 1575 1725 Ἑνὼχ
1586 1690 1735 1725 μετάθεσις,
1743 1691 1788 1717 καὶ

1006 1737 1022 1771 ἡ
1042 1735 1196 1771 κατασκευὴ
1214 1736 1262 1770 τῆς
1282 1735 1409 1768 κιϐωτοῦ,
1424 1737 1471 1762 καὶ
1484 1737 1497 1762 ὀ
1512 1736 1558 1762 ἐπὶ
1573 1736 1634 1762 Νῶε
1647 1736 1788 1771 γενόμενος

1007 1781 1208 1816 κατακλυσμὸς,
1233 1782 1250 1816 ἥ
1264 1790 1294 1808 τε
1312 1782 1487 1818 πυργοποιία,
1504 1782 1550 1808 καὶ
1565 1782 1581 1817 ή
1595 1781 1724 1817 διαίρεσις
1735 1782 1787 1808 τῶν

1008 1827 1146 1862 γλωσσῶν,
1158 1828 1203 1854 καὶ
1216 1828 1231 1862 ἡ
1245 1827 1378 1863 διασπορὰ
1392 1827 1445 1854 τῶν
1459 1828 1553 1859 ἐθνῶν,
1563 1829 1608 1854 καὶ¹
1625 1829 1641 1863 ὴ
1659 1829 1711 1854 ἀπδ
1723 1828 1788 1854 Xal-

1007 1875 1088 1901 δαίων
1103 1873 1190 1906 ἔξοδος
1203 1873 1249 1900 τοῦ
1263 1874 1396 1909 Ἀϐραάμ.
1412 1874 1535 1910 Περιέχει
1548 1874 1576 1901 δὲ
1590 1875 1637 1901 καὶ
1650 1875 1698 1910 τὴν
1708 1884 1788 1902 κατα-

1009 1921 1128 1956 στροφὴν
1143 1920 1195 1946 τῶν
1214 1920 1348 1955 Σοδόμων,
1370 1921 1416 1947 καὶ
1429 1921 1478 1955 τὴν
1498 1921 1621 1956 περὶτῆς
1639 1921 1787 1956 περιτομῆς

1009 1966 1177 2001 νομοθεσίαν,
1190 1966 1236 1992 καὶ
1256 1966 1301 1992 τὸν
1315 1967 1395 2002 ὅρκον
1418 1966 1465 2001 τῆς
1482 1967 1646 2000 ἐπαγγελίας
1662 1966 1708 1992 τοῦ
1723 1966 1786 1992 Θεοῦ

1010 2013 1076 2048 πρὸς
1091 2013 1136 2039 τὸν
1152 2013 1286 2048 Ἀϐραὰμ,
1299 2013 1348 2048 τήν
1365 2021 1393 2039 τε
1410 2012 1535 2048 γέννησιν
1556 2011 1602 2039 τοῦ
1629 2013 1730 2045 Ἰσαὰκ,
1744 2013 1788 2039 καὶ

1009 2058 1056 2085 τοῦ
1076 2058 1182 2090 Ἰακὼῦ,
1198 2058 1244 2085 καὶ
1260 2058 1313 2085 τῶν
1331 2058 1360 2090 ἐξ
1374 2058 1455 2084 αὐτοῦ
1480 2058 1672 2094 πατριαρχῶν·
1691 2059 1736 2085 καὶ
1749 2059 1788 2084 ὅτι

1010 2104 1024 2129 ὁ
1039 2103 1087 2138 μὲν
1101 2102 1225 2139 Ἀϐραὰμ
1235 2103 1330 2137 ἔζησεν
1343 2103 1389 2137 ἐτη
1404 2103 1514 2137 ρπ¹,ὸδὲ
1529 2103 1649 2138 Ὶσμαὴλ,
1669 2104 1683 2130 ὁ
1696 2104 1728 2129 ὲκ
1742 2104 1788 2138 τῆς

1013 2149 1101 2183 Ἀγαρ
1117 2149 1264 2183 γεννηθεὶς,
1283 2148 1415 2175 ἀπέθανεν
1433 2149 1487 2184 ρλζ¹
1499 2149 1585 2175 ἐτῶν⁸
1607 2149 1663 2180 πῶς
1688 2158 1717 2176 τε
1737 2150 1788 2176 Ἰω-

975 2197 997 2226 D
1012 2193 1065 2229 σὴφ
1082 2194 1187 2230 ἐπράθη
1211 2193 1286 2230 παρὰ
1310 2193 1363 2220 τῶν
1379 2193 1500 2228 ἀδελφῶν
1526 2195 1564 2226 εῐς
1579 2195 1723 2228 Αἴγυπτον,
1745 2196 1788 2222 καὶ

1012 2240 1222 2274 συκοφαντηθεὶς
1239 2239 1313 2275 παρὰ
1327 2240 1375 2274 τῆς
1388 2240 1485 2276 κυρίας
1500 2240 1591 2273 αὐτοῦ,
1602 2241 1701 2277 ἐϐλήθη
1713 2242 1750 2272 εἰς
1759 2242 1788 2268 τὸ

1010 2286 1193 2322 δεσμωτήριον
1200 2305 1207 2317 ,
1217 2287 1264 2311 καὶ
1272 2284 1334 2311 ὒστε
1338 2294 1382 2321 ρον
1390 2285 1480 2321 ἄρχων
1491 2287 1720 2322 πάσηςΑῐγύπτου
1728 2296 1786 2314 κατ-

1011 2331 1122 2366 scrtqu
1131 2331 1177 2358 και)⁸
1189 2331 1251 2366 ὲξῆς
1266 2331 1315 2366 τήν
1329 2332 1368 2363 εἰς
1376 2331 1510 2366 Αἴγυπτον
1525 2332 1688 2359 κάθώοντοῦ
1697 2332 1787 2359 Ἰακὼὸ

1011 2375 1058 2402 καὶ
1077 2375 1131 2402 τῶν
1157 2375 1222 2401 υἱῶν
1253 2374 1334 2402 αὐτοῦ
1360 2376 1388 2401 ὲν
1409 2375 1518 2411 ἀριθμῷ
1538 2375 1588 2402 es."
1618 2376 1664 2403 καὶ
1683 2376 1723 2402 ὅτι
1736 2376 1787 2402 ἐκεῖ

1011 2422 1154 2457 γενόμενος
1168 2423 1182 2448 ὁ
1201 2421 1309 2452 Ἰακὼϐ,
1321 2422 1368 2448 καὶ
1383 2422 1533 2458 εὐλογήσας
1547 2422 1608 2454 τοὺς
1621 2423 1786 2458 πατριάρχας

1010 2468 1072 2500 τοὺς
1085 2469 1158 2500 υἱοὺς
1169 2468 1274 2500 ἑαυτοῦ,
1293 2468 1465 2503 ἐτελεύτησεν
1484 2468 1551 2495 ὲτῶν
1576 2469 1647 2504 ρμζ’,
1662 2469 1709 2495 καὶ
1725 2477 1785 2504 μετ·-

1011 2514 1111 2549 ηνέχθη
1128 2513 1158 2540 τὸ
1178 2513 1257 2549 σῶμα
1269 2514 1362 2546 αὐτοῦ,
1378 2515 1425 2542 καὶ
1441 2515 1526 2551 ἐτάφη
1543 2516 1583 2547 εἰς
1603 2515 1651 2551 τὴν
1672 2515 1784 2543 Χαναάν.

1011 2560 1066 2586 Καὶ
1084 2560 1179 2595 Ἰωσὴφ
1196 2559 1223 2586 δὲ
1242 2560 1310 2594 μετὰ
1333 2560 1378 2587 τὸν
1403 2561 1547 2595 γενόμενον
1571 2561 1648 2596 λιμὸν
1665 2563 1694 2588 ὲν
1711 2561 1786 2596 Αἰγύ-

1011 2615 1080 2642 πτῳ,
1093 2605 1224 2642 ἐπιζήσας
1237 2606 1283 2642 ἕτη
1297 2606 1350 2640 ξς,
1368 2607 1540 2643 ἐτελεύτησεν
1555 2608 1622 2635 ἐτῶν
1647 2611 1691 2644 ρι’,
1707 2610 1785 2636 ὲντει-

1011 2653 1126 2688 λάμενος
1141 2654 1272 2689 πρότερον
1284 2654 1347 2689 περὶ
1364 2654 1417 2680 τῶν
1431 2654 1530 2680 ὀστέων
1545 2655 1654 2687 ἑαυτοῦ,
1683 2655 1725 2682 ἵνα
1744 2655 1785 2682 καὶ

1010 2699 1079 2726 αὐτὰ
1095 2699 1239 2735 μετενεχθῇ
1253 2700 1293 2731 εις
1306 2699 1336 2726 τὸ
1353 2700 1445 2735 μνῆμα
1459 2699 1512 2728 τῶν
1527 2700 1662 2737 πατέρων.
