1915 3057
81 161 139 189 297

47 198 52 203 -
327 219 447 246 Βιϐλιον
455 218 498 251 β’,
517 217 650 250 Ἕξοδος.

120 276 150 304 6.
161 277 214 303 Καὶ
230 275 309 302 τοῦτο
321 276 351 302 τὸ
371 275 472 310 βιϐλίον
485 275 535 311 τῆς
561 275 666 308 Ἐξόδου
682 277 696 302 ὁ
711 274 877 311 προρρηθεὶς

82 323 207 357 Μωῡσῆς
226 322 424 358 συνεγράψατο.
452 322 582 348 Καλεῖται
611 321 639 348 δὲ
661 321 757 352 οὕτως,
785 320 878 355 ἐπειδὴ

83 370 134 396 καὶ
152 369 201 404 τὴν
217 367 304 400 ἔξοδον
331 367 384 393 τῶν
401 367 467 394 υἱῶν
497 366 605 403 Ἰσραὴλ
619 366 740 402 περιέχει
764 365 812 401 τὴν
831 366 877 391 ἀπ’

82 413 236 447 Αἰγύπτου,
250 413 300 448 τὴν
311 413 460 447 γενομένην
473 412 541 447 μετὰ
559 412 608 447 μὲν
618 412 664 448 ἐτη
681 411 718 438 υλ¹
732 411 780 446 τῆς
793 412 878 445 ἐπαγ-

82 460 180 494 γελίας
197 460 245 494 τῆς
256 458 402 494 εἰρημένης
421 458 461 493 τῷ
479 458 613 493 Ἀϐραὰμ,
629 457 698 493 μετὰ
707 457 735 483 δὲ
757 458 804 492 ἔτη
830 457 877 483 σιε’

81 507 135 541 τῆς
151 507 179 532 ἐν
190 504 320 540 Αἰγύπτῳ
335 504 481 540 παροικίας
497 503 624 538 (τοσαῦτα
634 503 688 538 γὰρ
710 503 878 538 παρῴκηταν

82 553 166 586 ἐκεῖ),
184 552 231 578 καὶ
249 552 318 586 μετά
336 551 384 586 τὴν
396 550 564 585 δεκάπληγον
575 549 624 583 τὴν
639 549 709 575 κατὰ
723 549 769 575 τοῦ
780 547 878 584 Φαραὼ

83 596 133 623 τοῦ
149 596 279 631 τυράννου
293 595 343 630 τῆς
355 595 504 629 Αἰγύπτου.
521 595 591 621 Δέκα
618 594 672 630 γὰρ
690 594 795 628 πληγὰς
827 595 877 620 ἐπ-

84 643 189 677 ήγαγεν
203 642 215 669 5
231 641 297 672 Θεὸς
312 642 370 667 κατ’
387 640 468 666 αὑτοῦ
482 640 591 672 ταύτας·
610 639 732 675 πρώτην,
759 640 877 674 ποταμὸν

85 689 126 720 εἰς
142 685 212 723 αἷμα
235 686 375 722 μετέϐαλε·
408 687 548 722 δευτέραν,
578 686 728 722 βατράχους
752 686 781 711 ἐν
804 686 876 721 πάσῃ

85 734 218 768 Αἰγύπτῳ
235 733 369 768 ἐπήγαγε·
396 733 502 768 τρίτην,
518 734 640 766 σκνῖφας
671 733 814 767 τετάρτην,
830 741 878 758 κυ-

84 779 212 815 νὸμυιαψ
227 779 365 814 πέμπτην,
395 778 509 804 θάνατον
535 777 651 813 κτηνῶν·
681 778 773 813 ἕκτην,
799 777 875 812 ἕλκη,

84 825 235 860 φλυκτίδας
247 823 414 856 ἀναζεούσας
442 825 487 850 ἐπὶ
504 825 567 855 τοὺς
594 823 753 860 ἀνθρώπους
781 824 827 849 καὶ
843 824 876 850 τὰ

83 872 184 906 κτήνη·
196 870 323 906 ἑϐδόμην,
340 870 458 905 χάλαζαν
476 870 523 896 καὶ
548 869 603 905 πῦρ
618 869 753 903 φλογίζοψ
770 869 875 904 ὀγδόην,

81 918 195 953 ἀκρίδα·
211 917 319 951 ἐνάτην,
353 916 447 948 σκότος
470 917 499 943 ὲν
519 917 592 952 πάσῃ
618 917 651 952 τῇ
674 917 804 952 Αἰγύπτῳ
829 917 875 942 ὲπὶ

80 964 222 999 διάστημα
234 963 317 999 τριῶν
331 963 440 998 ἡμερῶν
451 963 536 998 χωρὶς
551 963 600 997 τῆς
610 963 662 997 γῆς
675 962 740 988 υἱῶν
757 963 873 998 Ἰσραήλ·

80 1009 210 1044 δεκάτην,
231 1009 345 1036 Θάνατον
357 1009 464 1035 πάντων
474 1009 527 1035 τῶν
541 1009 721 1043 πρωτοτόκων
738 1009 874 1042 Αἰγύπτου

79 1055 137 1082 ἀπὸ
155 1054 300 1090 ἀνθρώπου
317 1055 369 1086 ἓως
385 1055 508 1090 κτήνους.
520 1055 575 1080 Καὶ
591 1055 651 1080 ἐπεὶ
675 1053 815 1086 ἐξελθόντα
829 1053 874 1080 τὸν

79 1100 148 1128 λαὸν
161 1100 324 1133 κατεδίωξεν
341 1102 356 1127 ό
371 1100 480 1136 Φαραὼ,
495 1099 566 1126 οὓτω
576 1100 667 1126 λοιπὸν
679 1101 694 1126 ό
705 1100 753 1135 μὲν
767 1099 874 1136 Ἰσραὴλ

81 1146 161 1183 ξηρῷ
174 1147 212 1182 τῷ
224 1147 284 1173 ποδὶ
295 1146 370 1182 διέϐη
379 1147 431 1182 τὴν
446 1145 564 1181 ἐρυθρὰν
578 1145 715 1172 θάλασσαν
730 1145 874 1181 διαιρεθεῖ-

82 1201 132 1219 σαν
153 1192 229 1220 ἐνθεν
254 1193 301 1219 καὶ
318 1192 402 1219 ἕνθεψ
426 1193 451 1219 οἱ
483 1192 511 1218 δὲ
526 1191 669 1226 Αἰγύπτιοι
692 1193 716 1218 οἱ
731 1191 874 1223 διώκοντες

79 1239 127 1265 τὸν
138 1239 202 1265 λαὸν
221 1239 269 1265 σὺν
286 1238 361 1274 αὐτῷ
386 1238 425 1273 τῷ
439 1237 539 1274 Φαραὼ
569 1237 817 1272 κατεποντίσοησαν
845 1239 873 1264 ὲν

80 1286 154 1320 αὐτῇ
171 1287 203 1320 τῇ
215 1284 347 1320 θαλάσσῃ.
374 1284 418 1310 Ἐν
432 1284 518 1319 τούτῳ
545 1283 584 1318 τῷ
610 1283 703 1318 βιϐλίῳ
719 1282 873 1318 περιέχεται

80 1331 129 1358 καὶ
146 1331 206 1362 πῶς
219 1331 244 1357 ot
255 1330 337 1366 μάγοι
356 1330 408 1356 τῶν
424 1329 591 1364 Αἰγυπτίων,
620 1330 721 1364 Ἰαννῆς
734 1330 781 1356 καὶ
792 1330 874 1364 Μαμ-

81 1377 163 1413 6ρῆς,
182 1376 252 1403 κατὰ
269 1377 319 1412 μὲν
334 1376 382 1412 τὴν
396 1376 483 1411 ἀρχὴν
509 1375 676 1411 ἀντέστησαν
689 1375 729 1411 τῷ
758 1376 872 1410 Μωῦσῇ,

82 1422 199 1458 ὕστερον
213 1423 252 1455 δὲ,
269 1422 470 1457 αἰσχυνθέντες,
496 1422 683 1458 ἀνεχώρησαν·
702 1423 748 1448 καὶ
769 1423 785 1458 ἡ
809 1423 874 1458 περὶ

81 1467 126 1494 τοῦ
143 1468 241 1503 Πάσχα
255 1468 410 1503 νομοθεσία,
437 1468 454 1503 ἦ
477 1476 506 1494 τε
522 1467 569 1494 τοῦ
593 1467 692 1504 πικροῦ
719 1467 814 1499 ὓδατος
834 1469 873 1500 εἰς

81 1512 170 1546 γλυκὺ
191 1511 336 1547 μεταϐολὴ,
348 1513 395 1539 καὶ
420 1512 471 1547 τῆς
490 1513 699 1548 ὀρτυγομήτρας
727 1513 808 1545 δόσις,
827 1514 873 1540 καὶ

631 158 797 188 SYNOPSIS
817 158 1024 186 SCRlPTURzﬁ
1047 157 1183 186 δΑςιιίΕ.

1661 157 1715 185 298

1172 216 1249 244 Liber
1268 215 1310 247 ΙΙ,
1327 214 1446 243 Exodi“.

958 273 984 300 6.
1003 273 1035 301 Et
1049 274 1122 301 hunc
1130 273 1215 300 Exodi
1231 273 1329 300 librum
1341 272 1457 308 Moyses,
1473 272 1506 300 de
1521 280 1575 308 quo
1586 272 1643 308 jam
1658 280 1714 300 me-

930 319 1069 351 minimus,
1085 320 1261 354 conscripsit.
1279 319 1400 346 Vocatur
1421 323 1512 346 autem
1525 319 1578 346 hoc
1591 319 1712 351 nomine,

928 365 991 399 quia
1019 365 1140 392 Exodum
1166 373 1213 392 seu
1232 365 1416 400 egressionem
1438 365 1555 391 ﬁliorum
1578 364 1661 392 Israel
1681 372 1717 394 ex

929 412 1046 447 Aigypto
1070 412 1204 443 continet,
1221 419 1281 446 qme
1302 412 1416 447 contigit
1428 417 1488 446 post
1503 411 1714 446 promissionem

928 457 1045 485 Abrahze
1063 457 1161 484 factam
1187 465 1260 484 anno
1278 458 1548 492 quadringentesimo
1562 458 1713 491 tricesimo,

928 507 990 538 post
1003 503 1151 530 incolatum
1170 511 1234 530 vero
1250 504 1277 530 in
1300 503 1418 538 Egypto
1429 504 1620 531 ducentesimo
1634 505 1714 539 quin-

928 550 1064 577 todecimo
1080 553 1130 585 (tot
1142 550 1213 577 enim
1225 557 1312 576 annos
1327 550 1353 576 in
1364 550 1408 576 illa
1421 549 1603 585 exsularunt),
1615 553 1715 584 etpost

928 596 1023 623 decem
1050 596 1143 631 plagas
1168 595 1304 622 Pharaoni
1329 595 1438 630 {Egypti
1468 601 1584 631 tyranno
1612 595 1712 623 illatas.

928 642 994 669 Nam
1010 643 1103 669 decem
1120 642 1201 669 hasce
1216 642 1309 677 plagas
1322 646 1418 669 contra
1435 641 1512 668 illum
1530 641 1661 669 Dominus
1673 641 1715 668 in—

928 688 1023 715 duxit:
1039 689 1166 724 primam,
1186 697 1239 724 qua
1264 689 1384 716 ﬂuminis
1411 688 1512 715 undam
1543 688 1658 714 mulavit
1685 688 1714 715 in

928 734 1108 769 sanguinem;
1137 734 1262 766 alteram,
1282 741 1335 768 qua
1358 741 1440 760 ranas
1466 733 1493 759 in
1519 736 1575 759 tota
1595 731 1713 767 [Egypto

928 780 1073 815 produxit;
1099 780 1219 812 tertiam,
1249 787 1302 814 qua
1325 780 1480 814 sciniphes;
1506 783 1642 814 quartam,
1660 787 1714 814 qua

928 834 1050 853 muscam
1068 826 1212 859 caninam;
1237 822 1371 861 quintam,
1396 834 1449 861 qua
1476 830 1591 854 mortem
1606 825 1715 859 jumen-

928 875 1035 905 torum;
1062 876 1177 903 sextam,
1199 879 1253 906 qua
1275 873 1366 899 ulcera
1397 872 1534 907 turgentia
1553 875 1581 898 et
1605 872 1714 899 urentia

929 917 1086 945 hominibus
1114 921 1141 944 et
1163 917 1295 952 jumentis
1318 918 1449 951 immiSit;
1477 917 1632 952 septimam,
1660 925 1715 952 qua

927 965 1086 1000 grandinem
1101 968 1128 992 et
1140 965 1228 1000 ignem
1245 965 1428 993 ﬂammantem
1445 965 1559 999 dejecit;
1577 969 1713 998 octavam,

927 1019 981 1046 qua
1009 1011 1162 1044 locustam;
1187 1018 1298 1042 nonam,
1322 1017 1376 1045 qua
1405 1010 1548 1037 triduanas
1578 1011 1715 1038 universae

928 1057 1046 1093 Egypto
1058 1057 1194 1088 tenebras,
1209 1056 1318 1092 dempta
1339 1061 1411 1084 terra
1429 1057 1546 1084 ﬁliorum
1561 1056 1656 1089 Israel,
1671 1058 1715 1084 in-

927 1104 1009 1139 tulit;
1035 1103 1180 1134 decimam,
1199 1109 1253 1137 qua
1271 1110 1366 1130 onmcs
1386 1101 1495 1138 ΑΞωωὶ
1517 1103 1713 1138 primogenitos

927 1151 961 1177 ab
974 1149 1084 1176 homine
1102 1155 1190 1183 uSque
1204 1148 1237 1175 ad
1248 1148 1372 1182 jumeuta
1390 1149 1502 1176 occidit.
1521 1149 1622 1176 Deinde
1637 1157 1712 1176 com-

927 1201 1103 1228 memoratur,
1119 1195 1256 1230 quomodo
1281 1202 1420 1230 egressum
1438 1195 1568 1230 populum
1585 1203 1714 1230 perseeu-

927 1247 971 1271 tus
986 1244 1022 1270 sit
1044 1242 1160 1274 Pharao,
1180 1246 1206 1269 et
1221 1241 1304 1269 Israel
1328 1241 1437 1276 quidem
1454 1242 1527 1269 sicco
1550 1242 1617 1276 pede
1638 1249 1713 1269 mare

927 1289 1049 1316 Rubrum
1068 1288 1118 1315 hac
1135 1292 1216 1322 atque
1238 1288 1300 1314 illac
1315 1287 1432 1314 divisum
1451 1287 1609 1314 transierit:
1625 1286 1712 1322 [Egy-

927 1335 974 1369 ptii
990 1341 1066 1365 vero,
1084 1333 1212 1368 populum
1229 1333 1364 1364 insectati,
1378 1341 1439 1359 cum
1454 1332 1596 1360 Pharaone
1610 1333 1637 1360 in
1654 1335 1713 1368 ipso

927 1379 995 1406 mari
1012 1378 1146 1406 submersi
1162 1379 1227 1405 sint.
1249 1377 1494 1411 Comprehenditur
1516 1382 1542 1404 et
1558 1378 1610 1405 hoc
1631 1378 1713 1410 libro,

926 1425 1065 1460 quomodo
1083 1424 1184 1451 Jauues
1210 1431 1242 1450 ac
1267 1422 1402 1450 Mambres
1421 1422 1613 1458 Egyptiorum
1640 1423 1713 1458 magi

928 1470 1062 1505 principio
1077 1470 1185 1505 quidem
1200 1467 1284 1503 Moysi
1301 1468 1460 1500 restiterim,
1473 1469 1581 1495 tandem
1589 1476 1653 1495 vero
1662 1476 1713 1503 pus

928 1515 1225 1544 defaetidisecsseriut.
1248 1514 1382 1541 Praeterea
1403 1517 1547 1541 enarratur
1569 1513 1712 1543 Paschalis

80 1559 98 1593 ἡ
112 1558 143 1590 ἐξ
155 1558 270 1593 οὐρανοῦ
288 1559 403 1594 χορηγία
419 1559 466 1585 τοῦ
491 1559 590 1594 μάννα,
610 1559 658 1586 καὶ
676 1559 706 1585 τὸ
721 1559 753 1586 ὲκ
770 1559 874 1595 πέτρας

927 1563 980 1594 lex,
994 1570 1070 1596 aqua:
1081 1561 1218 1588 acerbitas
1229 1561 1256 1587 in
1275 1559 1445 1587 dulcedinem
1462 1563 1577 1591 mutata,
1589 1559 1698 1586 coturni

81 1603 212 1630 ἀναδοθὲν
236 1605 327 1635 αὐτοῖς
351 1603 431 1639 ὕδωρ,
454 1604 488 1640 ἥν
508 1603 555 1630 καὶ
579 1604 740 1639 ἐπωνόμασε
755 1605 874 1640 Μωῦσῆς

80 1649 237 1685 πειρασμὸν
254 1650 302 1676 καὶ
317 1649 478 1686 λοιδόρησιν’
497 1650 542 1677 ὅτε
568 1650 615 1677 καὶ
649 1651 736 1686 ἀρχὴν
758 1650 835 1686 ἔσχεν
857 1652 874 1686 ἡ

81 1695 127 1722 τοῦ
158 1695 292 1722 σαΰΰάτου
315 1697 522 1732 παρατήρησις,
546 1696 564 1731 ἧ
591 1705 621 1723 τε
636 1697 665 1723 ἐν
694 1696 734 1732 τῷ
756 1696 814 1732 ὄρει
835 1696 875 1731 τῷ

81 1742 149 1768 Σινᾶ
163 1741 254 1768 Οεόοεν
271 1742 416 1778 νομοθεσία
427 1743 560 1778 γενομένη
575 1743 618 1770 διὰ
635 1743 773 1773 Μωῦσέως
785 1743 814 1770 ἐν
828 1742 875 1769 δύο

81 1787 168 1820 πλαξὶ
181 1787 306 1820 λιθίναις,
318 1789 366 1815 καὶ
382 1789 398 1824 ἡ
413 1789 462 1824 τῆς
479 1789 582 1825 σκηνῆς
592 1789 638 1816 καὶ
652 1789 699 1815 τοῦ
713 1789 871 1824 ἐνδύματος,

81 1835 128 1861 τοῦ
147 1843 179 1861 τε
189 1835 338 1871 ἀρχιερέως
348 1835 457 1862 καὶτῶν
474 1835 568 1871 ἱερέων
585 1836 750 1871 κατασκευὴ,
759 1836 874 1863 ἐνταῦθα

83 1879 259 1915 σημαίνεται.
292 1881 323 1906 υἱ
349 1880 397 1915 μὲν
425 1878 471 1906 οὖν
501 1881 683 1915 ἐργασάμενοι
707 1880 796 1908 πάντα
821 1882 874 1908 stat

83 1923 218 1959 Βεσελεὴλ
231 1925 263 1951 ἐκ
275 1925 361 1960 φυλῆς
380 1925 476 1957 Ἰούδα,
504 1926 552 1952 καὶ
579 1926 648 1953 Διὰϐ
670 1927 725 1962 (78)
739 1928 771 1953 ὲκ
789 1927 875 1962 φυλῆς

84 1969 148 1996 Δάν.
173 1969 210 1996 Τὸ
222 1969 251 1996 δὲ
273 1970 409 1997 ἀναλωθὲν
425 1971 465 2003 είς
478 1971 513 1998 τὰ
535 1971 605 2008 ἔργα
622 1973 681 1999 ἐστὶ
699 1973 810 2008 χρυσίου
826 1975 874 2008 μὲν

85 2015 205 2042 τάλαντα
223 2016 332 2050 κϐ’,καὶ
348 2017 434 2044 σίκλοι
462 2016 499 2052 ψ’·
522 2018 643 2055 ἀργύρου
662 2019 690 2045 δὲ
717 2019 835 2046 τάλαντα
853 2018 875 2054 ρ’

87 2061 144 2094 (καὶ
159 2062 246 2088 σίκλοι
264 2062 337 2098 qni/05'
364 2063 430 2100 (79)'
449 2064 550 2099 χαλκοῦ
569 2064 689 2091 τάλαντα
720 2068 751 2097 o',
769 2065 816 2092 καὶ
836 2065 875 2091 σι-

87 2107 144 2134 κλοι
163 2107 217 2142 βφκ
236 2108 360 2144 Περιέχει
379 2109 407 2136 δὲ
426 2109 504 2136 τοῦτο
516 2110 547 2136 τὸ
561 2110 662 2145 βιϐλίον
673 2111 723 2146 τήν
741 2119 771 2137 τε
788 2111 876 2146 παρά-

88 2151 166 2180 ϐασιν
183 2153 230 2180 τοῦ
247 2154 323 2186 λαοῦ,
339 2155 384 2181 ὂτε
409 2155 605 2191 ὲμοσχοποίησε
631 2156 706 2183 κάτω
718 2156 765 2183 τοῦ
784 2156 874 2192 ὅρους,

90 2200 133 2226 καὶ
148 2199 207 2231 πῶς
223 2199 328 2235 ἐτρώθη
339 2201 353 2226 ὁ
372 2200 494 2236 Ἀμαλὴκ
514 2203 547 2236 τῇ
565 2202 673 2228 ἐκτάσει
698 2201 752 2228 τῶν
776 2201 874 2237 χειρῶν

91 2243 242 2277 Μωῡσέως,
256 2233 311 2272 -καὶ
324 2233 328 2234 7
339 2233 430 2273 λοιπίιν
443 2233 546 2281 νόμιμα
571 2247 619 2273 καὶ
633 2233 812 2282 δικαιώματα,
820 2233 875 2274 ⁷καὶ
891 2233 913 2261 n

156 2291 246 2317 αὐτῶν
263 2291 313 2322 τάς
327 2293 355 2318 ἐν
366 2291 448 2324 πλαξὶ
464 2292 529 2319 δέκα
543 2292 653 2324 ἐντολὰς
675 2293 785 2324 ταύτας
801 2293 878 2328 πρώ-

92 2344 148 2372 την,
179 2336 250 2372 Ἐγώ
264 2339 321 2373 εἰμι
349 2338 450 2374 Κύριος
474 2340 488 2365 ὁ
507 2339 573 2370 Θεός
603 2347 658 2365 σου·
677 2339 816 2374 δευτέραν,
841 2340 878 2366 Οὐ

94 2384 212 2418 ποιήσεις
232 2384 337 2419 σεαυτῷ
351 2385 467 2417 εἴδωλον,
480 2384 539 2411 οὐδὲ
550 2385 649 2417 παντὸς
662 2385 797 2420 ὁμοίωμα·
820 2386 878 2422 τρί-

93 2435 148 2463 την,
170 2429 208 2456 Οὐ
222 2428 295 2465 λήψῃ
318 2430 348 2456 τὸ
375 2429 460 2466 ὄνομα
483 2431 585 2466 Κυρίου
610 2430 658 2457 τοῦ
674 2431 740 2458 Θεοῦ
755 2439 801 2458 σου
833 2433 879 2458 ἐπὶ

96 2474 209 2510 ματαίψι
231 2476 373 2511 τετάρτην,
395 2477 537 2513 Μνήσθητι
556 2477 605 2513 τὴν
620 2478 725 2513 ἡμέραν
744 2477 798 2504 τῶν
813 2478 878 2504 σαϐ-

94 2519 187 2548 ϐάτων·
208 2521 346 2558 πέμπτην,
364 2522 436 2558 Τίμα
452 2523 499 2550 τὸν
511 2523 619 2559 Πατέρα
634 2532 680 2550 σου
701 2524 748 2551 καὶ
762 2524 811 2560 τὴν
827 2533 878 2560 μη-

92 2566 155 2601 τέρα
175 2575 231 2594 σου·
244 2567 338 2603 ἕκτην,
349 2569 387 2595 Οὐ
402 2569 552 2603 φονεύσεις·
579 2569 707 2606 ὲὸδόμην,
720 2570 757 2597 Ut’;
769 2570 879 2606 μοιχεύ-

93 2617 156 2642 σεις’
169 2611 276 2648 ὀγδόην,
292 2613 329 2639 Οὐ
342 2613 460 2648 κλέψεις
473 2614 583 2650 ἐνάτην,
603 2615 640 2642 Οὐ
653 2615 877 2652 ψευδομαρτυρή-

93 2664 147 2689 σεις
163 2659 235 2686 κατὰ
255 2659 303 2686 τοῦ
325 2660 438 2695 πλησίον
455 2669 501 2687 σου
515 2662 669 2698 μαρτυρίαν
684 2662 781 2698 ψευδῆ*
795 2663 877 2689 δεκά-

92 2709 150 2738 την,
170 2704 228 2731 Οὐκ
244 2705 421 2741 ἐπιθυμήσεις
435 2706 483 2742 τὴν
493 2709 610 2741 γυναῖκα
624 2707 672 2735 τοῦ
689 2708 800 2744 πλησίον
819 2717 876 2740 σου,

93 2746 145 2774 οὗθ’
159 2749 209 2775 ὃσα
234 2749 273 2785 τῷ
288 2750 401 2786 πλησίον
433 2759 480 2778 σου
501 2752 585 2779 ἐστίν.
606 2753 638 2779 'H
663 2753 692 2780 δὲ
713 2753 808 2790 σκηνὴ,
831 2762 876 2780 τε-
894 2782 903 2786 _

129 2838 182 2876 (ξιξ)
198 2838 319 2876 Legitur,
341 2841 444 2873 Ἐλιά6,
462 2842 548 2871 Exod.
563 2851 639 2875 xxxx,
654 2842 680 2870 6.

925 1616 988 1636 cum
1005 1609 1067 1635 data
1082 1608 1159 1641 copia
1172 1614 1188 1633 e
1205 1606 1284 1637 emlo,
1306 1605 1506 1640 suppeditatum
1523 1612 1632 1638 manna,
1649 1604 1712 1631 data

926 1653 993 1689 ipsis
1012 1660 1082 1688 aqua
1097 1660 1112 1680 e
1127 1656 1213 1686 petra,
1230 1658 1311 1686 quam
1326 1655 1353 1678 et
1367 1651 1544 1677 tentationem
1556 1650 1712 1684 ctjurgium

927 1698 1034 1733 Moyses
1058 1697 1213 1732 appellavit.
1240 1696 1318 1722 Tune
1344 1699 1370 1722 et
1398 1694 1511 1722 Sabbati
1536 1695 1712 1722 observantia

925 1743 1033 1770 initium
1058 1741 1183 1776 sitinpsit,
1205 1744 1232 1768 et
1252 1739 1387 1775 legislatio
1408 1739 1540 1767 divinitus
1570 1740 1598 1766 in
1621 1743 1712 1767 monte

927 1788 992 1815 Sina
1008 1796 1057 1823 per
1078 1787 1180 1814 Mosem
1202 1786 1230 1813 in
1252 1786 1359 1813 duabus
1381 1786 1482 1813 tabulis
1506 1785 1620 1821 lapideis
1641 1784 1713 1812 facta

926 1838 977 1862 est.
987 1833 1020 1860 Et
1033 1833 1066 1861 de
1075 1833 1250 1860 tabernaculo
1259 1833 1347 1867 deque
1360 1832 1528 1864 indumento,
1537 1841 1599 1859 cum
1612 1833 1713 1860 summi

926 1879 1076 1915 pontificis,
1102 1883 1160 1905 tum
1180 1879 1349 1913 reliquorum
1375 1877 1548 1904 sacerdotum
1568 1879 1710 1913 parandis,

926 1926 954 1952 in
976 1926 1029 1952 hoc
1056 1925 1127 1951 libro
1147 1924 1327 1959 signiﬁcatur.
1349 1922 1451 1950 Rerum
1475 1928 1564 1951 autem
1590 1925 1713 1951 omnium

926 1971 1045 1999 artiﬁces
1067 1971 1153 2002 fuere,
1174 1970 1293 1998 Beselcel
1317 1978 1351 1997 ex
1373 1970 1446 1996 tribu
1463 1969 1544 2003 Juda,
1559 1975 1586 1998 et
1599 1970 1667 1998 Liab
1679 1979 1714 1999 ex

925 2018 996 2044 tribu
1012 2016 1078 2044 Dau.
1099 2015 1218 2051 Operum
1238 2024 1303 2044 vero
1323 2020 1460 2051 sumptus,
1475 2016 1534 2043 auri
1557 2017 1659 2044 talenta
1671 2018 1714 2043 vi-

926 2062 994 2098 ginti
1015 2070 1123 2093 novem,
1142 2066 1168 2088 et
1183 2061 1243 2088 sicli
1262 2061 1426 2096 septingenti
1442 2069 1448 2086 :
1466 2062 1571 2096 argenti
1593 2070 1657 2089 vero
1672 2065 1714 2088 ta-

925 2106 998 2133 lenta
1011 2105 1167 2140 centttm(et
1185 2105 1245 2132 sieli
1262 2105 1423 2140 1775),:eris
1438 2109 1528 2132 autem
1542 2107 1713 2141 septuaginta

925 2151 1138 2183 talenta,etsicli
1150 2151 1193 2178 bis
1205 2151 1279 2178 mille
1292 2151 1442 2187 quingenti.
1454 2151 1583 2179 Continet
1594 2152 1714 2179 hicliber

925 2200 952 2223 et
967 2196 1211 2231 transgressionem
1229 2197 1333 2232 populi,
1345 2204 1399 2231 qua
1412 2197 1527 2224 vitulum
1549 2197 1601 2224 sub
1619 2201 1713 2225 monte

927 2242 1065 2270 conﬂavit.
1092 2241 1126 2268 Et
1147 2242 1286 2276 quomodo
1310 2243 1423 2270 Amalec
1452 2251 1500 2278 per
1523 2244 1711 2271 extensionem

926 2296 1057 2315 manuum
1075 2287 1159 2315 Mosis
1172 2295 1320 2323 percussus
1335 2288 1388 2319 sit,
1403 2296 1512 2316 necnon
1526 2288 1654 2324 deinceps
1675 2289 1714 2317 le-

926 2343 973 2369 ges
987 2339 1013 2362 et
1026 2334 1249 2370 justiticationes,
1265 2339 1293 2362 ct
1305 2339 1369 2362 ante
1383 2335 1450 2363 istas
1468 2335 1561 2363 decem
1577 2340 1713 2370 praecepta

926 2381 1027 2408 tabulis
1052 2380 1195 2415 inscripta,
1222 2388 1338 2415 quorum
1366 2381 1484 2416 primum
1499 2384 1560 2408 est:
1580 2381 1637 2415 Ego
1652 2389 1713 2408 sum

927 2426 1060 2454 Dominus
1082 2426 1154 2455 Deus
1168 2432 1252 2460 tuus;
1268 2426 1397 2459 alterum,
1414 2425 1473 2453 Non
1489 2426 1574 2453 facies
1589 2427 1638 2453 tibi
1661 2427 1713 2461 ipsi

927 2473 1117 2504 simulacrum,
1136 2480 1225 2507 neque
1248 2472 1331 2499 ullius
1354 2472 1394 2499 rei
1419 2472 1641 2505 similitudinem;
1657 2476 1714 2499 ter-

927 2518 1005 2549 tium,
1018 2517 1076 2544 Non
1093 2525 1219 2545 assumes
1241 2525 1339 2544 nomen
1365 2517 1471 2544 Domini
1488 2517 1536 2544 Dei
1558 2518 1597 2544 tui
1623 2518 1649 2544 in
1664 2525 1712 2544 va-

927 2571 991 2590 num
1004 2572 1011 2596 ;
1028 2567 1167 2598 quartum,
1181 2563 1335 2591 Recordare
1348 2563 1401 2590 diei
1418 2562 1600 2590 Sabbatorum
1611 2584 1619 2596 ,
1630 2563 1712 2598 quin-

929 2613 998 2640 tum,
1017 2608 1125 2636 Ilonora
1143 2613 1247 2644 patrem
1260 2612 1350 2640 tuum,
1364 2613 1392 2636 et
1409 2613 1523 2636 matrem
1541 2614 1632 2642 tuam;
1649 2616 1713 2637 sex-

929 2659 996 2687 tum,
1018 2654 1078 2682 Non
1103 2653 1230 2687 occides;
1253 2654 1411 2689 septimum,
1427 2653 1486 2681 Non
1508 2654 1710 2688 mt'echaberis;

927 2705 1065 2733 octavum,
1081 2699 1141 2728 Non
1154 2700 1306 2734 furaberis;
1320 2707 1434 2733 nonum,
1449 2699 1509 2728 Non
1522 2700 1598 2728 dices
1615 2705 1712 2728 contra

926 2746 1081 2781 proximum
1109 2750 1184 2773 tuum
1211 2745 1310 2774 falsum
1334 2746 1535 2780 testimonium;
1564 2746 1711 2778 decimum,

129 2874 183 2910 (79)
200 2874 332 2903 Siclorum
351 2878 456 2912 argenti
477 2885 610 2905 summam
626 2874 660 2906 ex
673 2877 751 2911 LXX,
767 2877 953 2913 supplevimus
968 2877 1054 2907 Exod.
1071 2885 1165 2907 xxxix.

254 2924 349 2954 Pn'n.
365 2925 426 2955 Gn.
446 2924 592 2956 XXVIII.

1550 2923 1589 2953 10
