1915 3057
222 129 273 157 299

824 130 853 159 S.
873 131 1104 160 ATllANASlUS.
1122 148 1156 155 -κ
1172 132 1286 160 DUBIA.

1791 136 1845 164 500

220 188 279 215 Non
298 188 476 223 concupisces
494 195 605 216 uxorem
621 188 737 223 proximi
754 189 805 221 tui,
822 197 911 224 neque
925 189 987 224 quid

1039 217 1040 220 η
1054 190 1204 224 λειωθεῖσα,
1221 191 1322 226 ἐστάθη
1349 191 1387 226 τῷ
1404 191 1520 227 δευτέρῳ
1545 192 1601 220 ἔτει
1626 194 1675 229 τῆς
1690 195 1779 227 ἐξόδου
1795 196 1845 222 αὐ-
1874 198 1878 202 ‘

219 241 302 269 quam
315 242 419 263 eorum.
433 241 493 268 qua!
505 239 569 260 sunt
584 234 702 268 proximi
718 234 766 261 tui.
784 233 1002 262 Tabernaculum

1054 235 1108 262 τῶν
1126 237 1256 272 νεόμηνίᾳ
1281 237 1328 263 τοῦ
1358 237 1466 273 πρώτου
1496 238 1588 273 μηνός.
1618 241 1672 266 Καὶ
1693 241 1722 267 ἐν
1738 242 1843 274 τούτοις

220 284 310 307 autem
330 287 401 307 anno
418 279 539 306 secundo
555 284 617 314 post
631 287 773 313 egressum
794 279 918 315 Egypti,
939 288 987 306 neu

1055 282 1268 317 συμπεραίνεται
1286 283 1315 310 τὸ
1329 283 1379 318 τῆς
1402 284 1506 315 Ἐξόδου
1516 284 1627 319 βιϐλίον.

219 324 308 351 monia
325 324 404 359 primi
419 325 519 352 mensis
535 325 685 359 perfectura
711 328 763 352 est.
778 324 810 351 Et
827 325 854 352 in
871 325 933 353 istis
945 328 1004 352 ter-

219 369 338 397 minatur
352 369 438 396 Exodi
454 369 533 396 liber.

407 425 484 459 102
500 424 577 451 Liber
594 423 651 456 III,
667 423 810 451 Leviticus.

252 469 276 496 7.
289 469 323 497 Et
331 470 374 497 hic
390 470 459 497 liber
473 470 610 498 Leviticus
622 478 637 496 a
652 470 743 505 Moyse
761 471 936 505 conscriptus
948 475 1000 499 est.

215 514 246 542 ld
271 519 361 542 autem
379 515 499 542 nominis
522 515 558 543 ob
580 523 640 542 eam
661 522 773 543 causam
791 516 906 551 accepit,
928 517 1000 551 quod

214 561 390 596 peculiariter
415 563 569 589 universam
596 561 709 589 Levitici
734 562 857 589 muneris
884 563 1000 590 formam

215 608 364 639 contineat,
380 612 406 635 et
418 615 472 642 quo
486 612 567 642 pacto
583 616 616 635 ex
631 608 703 634 tribu
719 607 783 635 Levi
800 609 827 635 in
843 609 999 637 sacerdotes

214 654 293 681 electi
308 654 364 682 sint
374 658 400 681 et
415 655 488 681 uncti
501 655 591 682 Aaron
608 659 635 681 et
648 655 695 681 lilii
711 655 784 682 illius
801 664 807 682 :
823 659 849 682 et
866 656 999 691 quidquid

213 700 381 728 discriminis
404 704 446 728 est
465 701 537 728 inter
563 700 699 728 sacriﬁcia
722 705 749 728 et
776 701 953 729 oblationes:
971 705 998 729 et

211 748 302 783 qualis
314 748 501 776 situniversus
515 748 686 776 tabernaculi
702 748 792 775 cultus
809 748 916 783 :qualis
933 749 996 774 item

211 794 247 820 sit
263 793 377 821 Levitici
389 801 421 820 ac
436 794 613 821 sacerdotalis
627 794 751 821 muneris
768 793 880 821 functio.
896 793 997 820 Deinde

211 844 239 866 et
248 840 380 874 cujusque
393 839 522 867 sacriﬁcii
534 840 619 874 legem
628 840 750 874 exponit,
765 847 826 866 cum
839 840 909 874 ejus,
922 840 994 874 quod

212 885 309 912 salutis
324 885 430 920 ~gratia,
457 889 515 912 tum
544 886 604 919 ejus
627 885 700 920 quod
727 893 777 920 pro
799 885 910 917 delicto,
937 885 995 912 sive

210 935 373 966 spontaneo,
399 931 456 958 sive
482 930 669 958 involuntario
695 930 730 958 sit
754 929 943 963 offerendum;
968 934 996 957 et

210 976 346 1011 quomodo
374 976 465 1003 oblata
495 976 602 1011 singula
627 976 773 1004 dividenda
800 976 854 1004 sint
877 980 904 1003 et
923 976 995 1003 rele—

210 1021 304 1049 rcnda.
320 1022 472 1048 Enarratur
490 1021 553 1048 item
570 1022 597 1048 in
620 1022 672 1049 hoc
690 1022 770 1054 libro,
787 1029 847 1056 qua:
871 1022 906 1048 sit
920 1029 994 1049 sum-

209 1068 245 1094 mi
267 1068 418 1096 sacerdotis
440 1071 467 1095 et
489 1068 607 1094 aliorum
634 1067 807 1095 sacerdotum
825 1069 937 1095 unctio:
959 1068 993 1095 ad

208 1114 277 1147 haec,
300 1113 434 1148 judicium
455 1117 481 1141 et
499 1114 619 1148 cognitio
634 1113 797 1140 indiciorum
816 1114 915 1148 quibus
937 1118 991 1141 tam

207 1160 359 1191 hominum,
375 1167 458 1194 quam
482 1159 715 1191 indumentorum,
738 1159 926 1194 parietumque
943 1160 992 1186 do-

206 1212 314 1232 morum
337 1205 411 1240 lcpra
425 1204 590 1240 deprehendi
608 1206 697 1239 possit
712 1214 718 1231 :
733 1210 760 1232 et
776 1205 823 1240 qui
846 1206 882 1232 sit
896 1213 990 1233 eorum

206 1250 403 1286 expiandorum
419 1251 499 1278 ritus.
512 1250 648 1277 Praeterea
662 1258 723 1285 quae
740 1250 775 1278 sit
789 1251 831 1278 lex
849 1258 881 1277 ac
894 1251 991 1279 distin-

206 1297 261 1323 ctio
275 1297 477 1323 connubiorum
499 1296 694 1331 legitimorum,
711 1301 738 1323 et
755 1305 816 1332 qure
835 1305 886 1331 pro
904 1297 991 1333 illegi-

206 1342 280 1369 timis
304 1342 358 1369 sint
371 1342 506 1369 habenda.
523 1342 588 1370 Item
605 1342 669 1377 quid
684 1343 852 1370 discriminis
873 1344 908 1371 sit
920 1344 991 1371 inter

204 1388 307 1415 munda
323 1392 350 1415 et
365 1388 504 1415 immunda
521 1389 682 1421 animantia,
699 1390 825 1417 volucres
853 1397 885 1417 ac
903 1389 990 1425 pisces

205 1441 329 1469 quoque;
353 1434 492 1466 videlicet,
516 1435 678 1469 quibusnam
694 1443 727 1462 ex
750 1435 812 1462 istis
827 1435 901 1463 vesci
923 1443 988 1470 pos-

205 1479 260 1506 sint
284 1479 401 1512 Hebrmi,
427 1479 590 1514 quibusnam
615 1487 679 1507 vero
703 1480 839 1508 abstinere
860 1480 986 1508 debeant.

1264 425 1386 452 Βιϐλίον
1405 429 1440 460 7’,
1463 428 1628 455 Λευῖτικόν.

1087 469 1113 495 7.
1130 469 1184 495 Καὶ
1200 469 1278 496 τοῦτο
1297 471 1326 496 τὸ
1337 471 1477 499 Λευῖτικὺν
1491 473 1592 507 βιϐλίον
1613 474 1686 510 παρὰ
1705 475 1753 502 τοῦ
1769 484 1839 512 προ-

1050 514 1213 550 δηλωϐέντος
1244 516 1382 549 Μωῦσέως
1406 519 1573 554 συνεγράφη.
1607 519 1783 555 Ὀνομὰζεται
1810 522 1839 548 δὲ

1050 561 1146 594 οὕτως,
1163 561 1254 596 ἐπειδὴ
1280 563 1326 588 καὶ
1351 563 1442 595 ἱδικῶς
1457 565 1546 591 πᾶσαν
1559 565 1610 600 τῆς
1626 566 1769 602 Λευῖτικῆς
1784 567 1840 594 λει-

1049 607 1176 643 τουργίας
1192 607 1241 643 τὴν
1258 608 1423 636 διατύπωσιν
1454 611 1584 646 περιέχει,
1602 612 1647 638 καὶ
1669 613 1727 645 πῶς
1742 615 1755 640 ὁ
1775 615 1840 642 Ἀα-

1050 653 1103 688 ρὼν
1119 654 1165 680 καὶ
1178 655 1202 680 οἱ
1220 655 1272 680 υἱοὶ
1280 655 1361 681 αὑτοῦ
1375 655 1531 690 ἐκλέγονται
1549 658 1581 683 ἐκ
1596 658 1646 693 τῆς
1661 658 1746 694 φυλῆς
1758 660 1836 693 Λευτ,

1049 698 1094 724 καὶ
1114 699 1235 734 χρίονται
1251 700 1290 731 εἱς
1308 701 1407 734 ἱερέας·
1425 701 1514 727 πᾶσάν
1526 710 1554 727 τε
1565 702 1614 737 τὴν
1632 702 1761 739 διαφορὰν
1782 706 1838 731 τῶν

1048 743 1146 771 θυσιῶν
1164 745 1210 771 καὶ
1226 745 1279 771 τῶν
1296 746 1466 781 προσφορῶν,
1482 748 1528 773 καὶ
1544 748 1592 783 τὴν
1605 749 1732 784 ποιότητα
1746 751 1838 786 πάσης

1046 790 1095 824 τῆς
1109 791 1138 817 ἐν
1155 790 1193 825 τῷ
1221 791 1286 826 ἱερῴ
1317 791 1454 827 λατρείας,
1478 793 1524 819 καὶ
1552 793 1602 829 τῆς
1617 794 1761 830 Λευῖτικῆς
1786 797 1835 824 καὶ

1047 834 1185 869 ἱερατικῆς
1213 835 1394 871 λειτουργίας·
1420 837 1467 863 xui.
1488 837 1533 863 τὸν
1564 838 1644 873 νόμον
1664 839 1692 865 δὲ
1715 840 1835 877 ἑκάστης

1010 871 1030 897 Β
1046 880 1149 912 Ουσίας·
1166 882 1229 917 περί
1244 891 1273 908 τε
1304 882 1351 908 τοῦ
1370 883 1503 919 σωτηρίου
1520 884 1567 910 καὶ
1584 885 1631 911 τοῦ
1647 886 1770 913 ἑκουσίου
1784 888 1833 914 καὶ

1046 926 1172 953 ἀκουσίου
1199 927 1442 963 πλημμελήματος,
1468 929 1515 955 καὶ
1546 929 1605 961 πῶς
1636 930 1749 959 ἕκαστον
1777 934 1832 960 τῶν

1045 972 1272 1007 προσφερομένων
1286 973 1446 1008 διαιρεῖσθαι
1458 975 1504 1000 καὶ
1519 975 1702 1011 ἀναφέρεσθαι
1718 978 1830 1013 ὀφείλει,

1045 1018 1192 1052 ἐξηγεῖται.
1208 1018 1364 1054 Διείληπται
1377 1019 1405 1046 δὲ
1421 1021 1449 1046 ἐν
1465 1020 1552 1056 τούτῳ
1567 1022 1606 1058 τῷ
1624 1023 1719 1060 βιϐλίῳ
1743 1027 1790 1053 καὶ
1813 1029 1830 1064 ἡ

1044 1064 1132 1100 χρίσις
1145 1065 1295 1101 ἀρχιερέως
1322 1065 1367 1092 καὶ
1386 1066 1439 1092 τῶν
1455 1067 1561 1101 ἱερέων,
1588 1070 1635 1095 καὶ
1654 1071 1670 1105 ἡ
1695 1071 1831 1108 διάκρισις

1042 1112 1089 1137 καὶ
1109 1111 1209 1144 γνῶσις
1241 1111 1361 1146 σημείων
1386 1113 1448 1148 περὶ
1474 1112 1576 1149 λέπρας
1607 1116 1757 1152 ἀνθρώπων
1783 1120 1830 1146 καὶ

1044 1157 1168 1191 ἱματίων,
1182 1157 1228 1183 καὶ
1243 1157 1339 1192 τοίχων
1366 1158 1464 1191 οἰκίας,
1482 1160 1528 1185 καὶ
1544 1161 1558 1186 ὁ
1575 1161 1655 1196 νόμος
1669 1164 1683 1189 ὁ
1699 1165 1763 1199 περὶ
1782 1164 1829 1192 τοῦ

1041 1202 1210 1238 καθαρισμοῦ
1225 1203 1324 1229 αὐτῶν·
1338 1204 1418 1238 νόμος
1433 1213 1461 1231 τε
1474 1205 1519 1231 καὶ
1539 1206 1662 1243 διαστολὴ
1677 1211 1739 1245 περὶ
1751 1210 1829 1246 νομί-

1042 1257 1100 1284 μων
1126 1250 1230 1284 γάμων,
1248 1250 1294 1276 καὶ
1317 1250 1388 1281 τίνες
1412 1251 1464 1276 εἰσὶ
1489 1252 1650 1288 παράνομοι·
1681 1256 1727 1282 καὶ
1748 1256 1829 1283 πάλιν

1040 1294 1164 1329 διαστολὴ
1187 1294 1314 1329 καθαρῶν
1340 1296 1387 1322 καὶ
1409 1295 1569 1331 ἀκαθάρτων
1596 1299 1701 1334 κτηνῶν
1726 1308 1756 1326 τε
1782 1301 1829 1328 καὶ

1040 1340 1170 1366 πετεινῶν
1187 1341 1234 1366 καὶ
1252 1341 1360 1376 ἰχθύων·
1377 1342 1497 1377 δηλονότι
1514 1344 1593 1370 τίνων
1614 1345 1663 1379 μὲν
1679 1346 1711 1372 ἐκ
1725 1346 1828 1374 τούτων

1039 1385 1221 1420 ἀπογεύεσθαι
1241 1385 1354 1421 ὤφειλον
1382 1389 1406 1414 οἱ
1426 1389 1555 1424 Ἑϐραῖοι,
1582 1390 1663 1416 τίνων
1685 1391 1713 1417 δὲ
1727 1391 1830 1427 ἀπέχε-

1040 1430 1110 1457 σθαι.
1129 1431 1183 1457 Καὶ
1195 1431 1243 1467 τὴν
1257 1431 1306 1466 μὲν
1316 1432 1422 1468 ἡμέραν
1440 1433 1494 1460 τῶν
1504 1434 1661 1469 σαλπίγγων
1675 1437 1707 1471 τῇ
1726 1445 1828 1472 νεομη-

1038 1477 1082 1512 νίᾳ
1096 1477 1142 1503 τοῦ
1157 1477 1269 1512 ἑϐδόμου
1289 1479 1372 1514 μηνὸς
1385 1479 1467 1514 δηλοῖ,
1481 1480 1511 1506 τὸ
1531 1480 1559 1506 δὲ
1573 1481 1756 1517 παράγγελμα
1775 1482 1827 1518 τῆς

203 1524 330 1552 Declarat
349 1526 430 1552 etiam
447 1526 493 1561 qui
511 1527 547 1554 sit
570 1526 699 1553 tubarum
720 1526 778 1554 dies
794 1526 821 1553 in
843 1527 987 1554 neomenia

1040 1523 1160 1558 μεγάλης
1176 1523 1302 1558 νηστείας
1331 1524 1405 1559 αὐτῷ
1426 1525 1531 1560 ἑϐδόμῳ
1560 1527 1634 1561 μηνὶ,
1663 1527 1762 1562 δεκάτῃ
1777 1527 1825 1554 τοῦ

203 1572 307 1599 mensis
321 1572 441 1607 septimi,
454 1578 481 1600 et
492 1573 582 1608 magni
596 1573 693 1607 jejunii
718 1576 893 1608 praeceptum,
915 1573 987 1607 quod

203 1618 298 1645 eodem
315 1618 431 1652 septimo
454 1626 558 1650 mense,
581 1619 687 1646 decima
711 1619 814 1646 mensis
830 1619 987 1646 custodien-

202 1663 267 1690 dum
284 1664 330 1696 sit,
352 1672 434 1699 quam
454 1664 603 1692 Sabbatum
627 1665 813 1698 sabbatorum,
835 1668 861 1692 et
883 1665 986 1700 peccati

202 1710 392 1738 remissionem
417 1716 506 1739 vocat.
530 1711 640 1739 Festum
669 1716 758 1739 autem
784 1711 987 1739 Tabernaculo-

201 1762 263 1781 rum
290 1755 396 1782 decima
417 1756 512 1790 quinta
531 1756 634 1783 mensis
651 1756 774 1790 ejusdem
794 1757 986 1784 celebrandum

201 1800 288 1835 ponit.
306 1800 368 1836 Agit
383 1809 491 1836 quoque
511 1801 544 1829 de
566 1802 656 1834 festis,
674 1806 702 1829 et
718 1810 779 1837 quae
797 1802 824 1828 in
850 1802 904 1830 illis
920 1802 986 1829 olfe-

201 1846 286 1873 renda
307 1847 362 1874 sint
383 1847 505 1882 praecipit
521 1855 527 1872 :
546 1847 610 1875 item
635 1847 668 1875 de
693 1847 917 1875 manumittendis
932 1848 984 1875 He-

201 1892 292 1923 braeis,
309 1892 355 1926 qui
371 1893 399 1919 in
424 1894 582 1920 servitutem
597 1892 744 1920 venundati
768 1893 833 1924 sint,
849 1893 882 1920 de
908 1893 985 1920 debi-

201 1941 291 1964 torum
308 1938 479 1969 remissione,
493 1939 527 1966 de
541 1939 632 1973 quiete
657 1939 772 1974 septimo
790 1946 899 1973 quoque
912 1946 984 1966 anno

200 1987 280 2010 terrm
297 1983 480 2010 concedenda.
501 1983 542 2009 Ad
559 1984 618 2011 bam
630 1983 663 2011 de
680 1984 823 2019 legalibus,
839 1984 983 2019 praeceptis

200 2035 233 2055 ac
255 2029 418 2056 testimoniis
432 2028 570 2060 admonet,
588 2029 724 2064 simulque
737 2030 909 2058 servantibus
938 2030 983 2057 illa

200 2074 271 2102 bona
286 2075 438 2109 pollicetur,
455 2075 719 2109 transgredientibus
733 2083 798 2103 vero
822 2075 982 2110 gravissima

199 2121 271 2146 mala
289 2120 418 2147 minatur.
437 2120 509 2147 inter
522 2121 598 2148 cibos
612 2129 676 2148 vero
693 2121 809 2150 mundos
827 2109 853 2148 e‘t
865 2122 983 2148 immun-

199 2166 250 2193 dos
265 2165 299 2192 ad
313 2166 385 2192 hunc
403 2166 514 2193 modum
531 2165 661 2194 discernit
675 2174 682 2193 :
696 2166 726 2193 In
743 2167 876 2202 jumentis
888 2167 982 2194 istius-

1042 1568 1125 1603 μηνὸς
1139 1569 1235 1596 ποιῶσι
1267 1569 1377 1605 ταύτην,
1410 1570 1505 1605 ἥντινα
1528 1571 1649 1598 σάϐὅατα
1671 1573 1825 1607 σαὸὓάτων,

1040 1614 1087 1640 καὶ
1098 1614 1194 1649 ἄφεσιν
1216 1615 1350 1651 ἁμαρτίας
1376 1616 1461 1642 καλεῖ.
1482 1617 1606 1652 Περιέχει
1626 1617 1674 1652 τὴν
1687 1618 1714 1644 δὲ
1727 1619 1828 1654 Σκηνο-

1040 1661 1142 1696 πηγίαν
1158 1663 1190 1697 τῇ
1207 1665 1237 1688 ιε’
1249 1662 1295 1689 τοῦ
1312 1663 1393 1689 αὑτοῦ
1412 1663 1504 1698 μηνός.
1527 1664 1582 1690 Καὶ
1595 1665 1659 1700 περὶ
1669 1665 1770 1700 ἑορτῶν
1784 1666 1825 1699 δὲ,

1039 1706 1155 1733 καὶτῶν
1176 1707 1205 1733 ὲν
1234 1707 1328 1740 αὐταῖς
1356 1708 1513 1742 ὀφειλόντων
1540 1710 1751 1745 προσφέρεσθαι·
1777 1713 1826 1739 καὶ

1039 1752 1102 1787 περὶ
1113 1752 1237 1786 ἀφέσεως
1265 1753 1320 1779 τῶν
1344 1755 1573 1791 πιπρασκομένων
1606 1756 1752 1791 Ἑϐραίων,
1778 1758 1826 1784 καὶ

1038 1796 1126 1832 χρεῶν
1143 1798 1295 1834 ἀποκοπῆς,
1323 1799 1371 1826 καὶ
1401 1800 1580 1832 ἀναπαύσεως
1596 1801 1645 1836 τῆς
1664 1802 1724 1837 γῆς,
1754 1803 1825 1830 κατὰ

1038 1843 1107 1870 ἑπτὰ
1122 1843 1167 1879 ἔτη
1179 1844 1338 1880 ὀφειλούσης
1351 1846 1487 1879 γενέσθαι,
1517 1847 1664 1882 ἐξηγεῖται.
1691 1848 1776 1874 Πάλιν
1793 1858 1824 1875 τε

1038 1890 1189 1925 ὑπόμνησιν
1203 1890 1323 1926 νομίμων
1354 1892 1399 1918 καὶ
1417 1893 1642 1928 προσταγμάτων,
1657 1894 1703 1920 καὶ
1717 1902 1824 1930 μαρτυ-

1038 1936 1113 1970 ρίωψ
1133 1936 1253 1972 περιέχει
1267 1937 1314 1964 καὶ
1330 1938 1495 1972 ἐπαγγελίας
1511 1940 1559 1974 μὲν
1570 1941 1626 1971 τοῖς
1641 1940 1824 1974 φυλάσσουσιν

1036 1983 1116 2016 αὐτὰ,
1133 1983 1245 2015 ἀπειλὰς
1258 1984 1287 2011 δὲ
1300 1986 1355 2017 τοῖς
1372 1985 1568 2021 παραϐαίνουσι
1585 1987 1747 2019 δεινοτάτας.
1767 1988 1823 2024 Τὴν

1035 2029 1063 2055 δὲ
1073 2029 1214 2065 διαστολὴν
1229 2030 1275 2056 καὶ
1298 2031 1346 2066 τὴν
1360 2031 1448 2058 αἰτίαν
1467 2031 1521 2059 τῶν
1545 2032 1671 2068 καθαρῶν
1686 2033 1732 2059 καὶ
1751 2034 1823 2061 ἀκα-

1037 2074 1142 2110 θάρτων
1154 2075 1306 2111 βρωμάτων
1320 2076 1390 2103 οὕτω
1419 2079 1544 2104 ποιεῖται.
1562 2078 1601 2104 Τὰ
1632 2079 1680 2113 μὲν
1696 2079 1749 2105 ἀπὸ
1767 2081 1824 2107 τῶν

1035 2119 1141 2154 κτηνῶν
1154 2120 1261 2156 καθαρὰ
1276 2122 1386 2148 τοιαῦτα
1399 2122 1483 2156 λέγει’
1501 2122 1535 2149 τὰ
1551 2122 1708 2158 διχηλοῦντα
1724 2124 1821 2160 ὁπλὴν,

1035 2166 1082 2192 καὶ
1099 2167 1275 2202 ὀνυχιστῆρας
1288 2167 1444 2203 όνυχίζοντα
1454 2168 1500 2195 δύο
1516 2168 1615 2204 χηλῶν,
1626 2170 1671 2196 καὶ
1686 2170 1823 2207 ἀνάγοντα

199 2212 272 2239 modi
285 2212 386 2239 munda
398 2220 460 2239 esse
473 2212 539 2240 dicit
553 2222 559 2239 ε
575 2212 711 2244 videlicet,
728 2220 787 2248 quae
797 2213 926 2247 ungulam
941 2213 983 2240 di-

1039 2214 1217 2248 μηρυκισμόν·
1242 2211 1286 2240 οἷά
1306 2215 1374 2245 ἐστι,
1398 2215 1507 2249 μόσχος,
1531 2215 1675 2250 πρόϐατον,
1688 2216 1741 2248 αἲξ,
1759 2215 1822 2242 ἕλα-

201 2257 337 2289 vidunt,et
349 2257 470 2292 geminas
481 2258 596 2292 ungulas
609 2257 756 2289 babent,ac
769 2258 981 2285 ruminationem

197 2309 335 2339 regerunt.
351 2303 446 2336 Qualia
462 2307 537 2336 sunt,
556 2304 668 2335 vitulus,
679 2304 751 2337 ovis,
764 2312 857 2339 capra,
870 2312 980 2337 cervus,

197 2357 305 2384 caprea,
325 2357 403 2385 oryx,
421 2349 549 2382 bubulus,
567 2357 715 2384 pygargus,
729 2349 914 2384 tragelaphus,
931 2356 979 2376 ca-

196 2395 397 2430 melopardalis,
420 2399 447 2422 et
458 2403 518 2430 quae
535 2400 599 2422 sunt
610 2395 779 2429 ltujusmodi.
796 2394 823 2421 Si
837 2402 901 2422 vero
917 2395 980 2421 cni-

194 2441 267 2476 piam
280 2442 376 2468 borum
388 2441 492 2476 aliquid
509 2440 637 2472 defuerit,
652 2448 701 2475 pro
720 2440 860 2467 immundo
875 2440 979 2468 haben—

194 2487 259 2514 dum
282 2487 418 2520 decernit;
432 2490 462 2514 ut
486 2490 550 2514 sunt
570 2486 703 2518 camelus,
728 2486 806 2521 lepus
827 2490 854 2512 et
870 2485 979 2513 chrem-

194 2532 318 2568 gryllius.
338 2532 405 2560 Nam
425 2533 476 2560 ista
506 2533 657 2559 animantia
682 2533 824 2559 ruminant
852 2531 975 2566 quidem,

193 2579 323 2613 ungulam
336 2586 401 2606 vero
416 2586 470 2606 non
487 2578 594 2605 [indunt
611 2587 617 2605 :
632 2581 658 2605 et
668 2576 716 2606 sits
733 2585 842 2613 quoque
856 2587 862 2605 :
876 2578 976 2605 etenim

193 2627 221 2651 et
236 2625 295 2659 ipse
310 2624 420 2659 quidem
436 2625 552 2659 ungulas
572 2624 653 2652 habet
678 2631 710 2651 ac
725 2624 834 2656 dividit,
859 2624 907 2651 sed
923 2631 976 2650 non

193 2670 323 2696 ruminat.
347 2669 385 2697 De
409 2670 567 2698 volatilibus
584 2677 658 2701 vero,
675 2678 735 2704 quae
749 2670 792 2696 edi
814 2673 896 2701 vetat,
919 2669 977 2696 haec

194 2721 257 2742 sunt
270 2725 277 2743 :
290 2715 404 2751 Aquila,
422 2716 550 2752 gryplies,
574 2717 710 2748 haliaetus,
729 2716 832 2747 vultur,
856 2716 976 2749 milvius,

192 2764 219 2786 et
233 2761 275 2787 his
291 2761 389 2788 similia
406 2773 412 2789 :
429 2770 527 2789 corvus
543 2762 606 2789 item
621 2767 648 2789 et
661 2769 721 2796 qua
736 2762 773 2788 illi
788 2761 898 2794 similia,
914 2769 977 2796 pas-

193 2813 247 2837 scr,
259 2811 285 2833 et
301 2812 410 2840 noctua,
432 2812 459 2835 et
470 2808 556 2839 larus,
570 2812 597 2835 et
610 2808 719 2839 similia,
733 2808 862 2842 accipiter
875 2811 901 2834 et
916 2815 975 2841 qua:

192 2850 231 2878 illi
242 2852 400 2880 'consimilia
417 2857 490 2887 sunt,
508 2853 678 2888 nycticorax,
706 2857 859 2880 cataractcs
873 2872 881 2886 ,
909 2852 971 2885 ibis,

1033 2266 1091 2291 φος,
1104 2258 1212 2293 δορκὰς,
1227 2258 1301 2294 ὅρυξ,
1319 2258 1458 2294 βούϐαλος,
1472 2259 1623 2295 πύγαργος,
1637 2261 1819 2295 τραγέλαφος,

1031 2303 1280 2338 καμηλοπάρδαλις,
1311 2305 1357 2330 καὶ
1383 2305 1417 2330 τὰ
1443 2305 1563 2332 τοιαῦτα.
1587 2306 1618 2331 Ei
1639 2306 1667 2332 δέ
1688 2315 1739 2332 τινι
1765 2307 1822 2334 ἀπὸ

1030 2348 1131 2374 τούτων
1143 2357 1169 2374 τι
1184 2348 1315 2381 ἐνέλειπε,
1343 2349 1421 2375 τοῦτο
1446 2350 1600 2386 ἀκάθαρτον
1621 2349 1665 2387 ἦν·
1685 2350 1729 2378 οἷὰ
1753 2353 1819 2385 εισι,

1029 2392 1161 2427 κάμηλος,
1185 2393 1232 2419 καὶ
1260 2393 1406 2426 δασύπους,
1431 2395 1478 2420 καὶ
1510 2395 1717 2431 χοιρογρύλλιος·
1731 2396 1820 2424 ταῦτα

1029 2439 1084 2473 γὰρ
1099 2439 1253 2474 μηρυκᾶται
1282 2439 1341 2474 μὲν,
1360 2440 1388 2465 οὺ
1409 2439 1511 2475 διχηλεῖ
1523 2440 1551 2466 δὲ
1571 2441 1666 2477 όπλήψ
1683 2442 1730 2468 καὶ
1745 2442 1759 2468 ό
1774 2440 1818 2474 ὗς·

1029 2484 1075 2510 καὶ
1093 2481 1170 2516 οὗτος
1184 2483 1238 2519 γὰρ
1251 2483 1354 2519 διχηλεῖ
1367 2484 1416 2519 μὲν
1440 2485 1486 2512 καὶ
1499 2485 1626 2520 όνυχίζει,
1644 2485 1674 2512 οὐ
1692 2487 1820 2521 μηρυκᾶ-

1027 2538 1072 2556 ται
1085 2530 1122 2556 δέ.
1143 2530 1207 2556 ’Δπὺ
1220 2530 1248 2556 δὲ
1261 2530 1314 2556 τῶν
1337 2530 1467 2557 πετεινῶν
1492 2531 1583 2563 πάλιν,
1606 2531 1625 2558 ἃ,
1649 2531 1753 2558 κελεύει
1779 2532 1819 2568 μὴ

1028 2576 1138 2607 ἐσθίειν,
1155 2575 1241 2602 ταῦτά
1257 2577 1339 2602 ἐστιν·
1356 2576 1467 2609 όὰετὸς,
1485 2577 1498 2603 ὁ
1511 2577 1594 2611 γρὺψ,
1607 2577 1621 2602 ὁ
1644 2577 1778 2608 ἁλιάετος,
1803 2579 1818 2604 ὁ

1028 2623 1092 2657 γὺψ,
1109 2624 1122 2649 ὁ
1139 2623 1247 2654 ἰκτῖνος,
1265 2623 1313 2649 καὶ
1326 2622 1360 2649 τὰ
1372 2622 1477 2655 τούτοις
1494 2623 1584 2658 ὃμοια·
1597 2624 1644 2650 καὶ
1657 2623 1752 2659 κόραξ,
1767 2625 1817 2651 καὶ

1027 2669 1061 2695 τὰ
1071 2669 1149 2704 ὅμοια
1165 2668 1261 2704 τούτῳ,
1277 2669 1324 2695 xui.
1338 2669 1476 2704 στρουθὸς,
1494 2669 1540 2696 καὶ
1555 2669 1650 2703 γλαὺξ,
1663 2670 1709 2696 καὶ
1721 2669 1815 2705 λάρος,

1027 2714 1116 2741 καὶτὰ
1127 2715 1206 2749 ὃμοια
1222 2715 1322 2746 αὐτοῖς,
1348 2715 1395 2741 καὶ
1413 2715 1497 2750 ἱέραξ,
1514 2715 1560 2742 καὶ
1578 2715 1612 2741 τὰ
1626 2715 1713 2750 τούτῳ
1724 2715 1817 2750 ὅμοια,

1026 2759 1073 2785 καὶ
1089 2758 1260 2794 νυκτικόραξ,
1276 2760 1323 2786 καὶ
1337 2761 1521 2796 καταράκτης,
1540 2761 1586 2787 καὶ
1606 2761 1668 2793 ἴϐις,
1686 2762 1731 2787 καὶ
1749 2770 1818 2797 πορ-

1026 2805 1139 2840 φυρίων,
1153 2805 1200 2832 καὶ
1220 2805 1347 2838 πελεκᾶν,
1375 2807 1421 2832 καὶ
1436 2806 1544 2838 κύκνος,
1559 2808 1605 2833 καὶ
1620 2807 1738 2843 ἑρωδιὸς,
1766 2808 1816 2834 καὶ

1026 2850 1179 2886 χαραδριδς,
1209 2851 1256 2877 καὶ
1287 2851 1320 2878 τὰ
1347 2852 1427 2887 ὅμοια
1451 2852 1561 2885 αὐτοῖς,
1592 2853 1637 2879 καὶ
1662 2853 1741 2887 ἔποψ,
1767 2861 1817 2893 κα)⁸
