1915 3057
103 135 153 164 501

635 137 804 165 SYNOPSIS
824 136 1030 166 SCRIPTUIMS
1052 135 1187 164 SAClUE.

1668 129 1726 159 502'

101 194 237 230 νυκτερίς.
250 194 312 223 Τῶν
325 195 352 223 δὲ
367 195 489 232 ἑρπετῶν
506 197 634 224 πετεινῶν
647 198 788 234 ἀκέιθαρτα
799 198 883 224 πάντα

942 197 1097 233 porphyrio,
1119 197 1272 232 pelicanus,
1294 202 1418 231 cygnus,
1441 194 1552 223 erodius
1573 197 1602 221 et
1622 192 1720 220 chara-

101 240 175 275 λέγει
188 238 256 267 εἶναι
270 241 305 268 τὰ
334 242 502 277 πορευόμενα
533 243 579 269 ἐπὶ
596 244 746 279 τεσσάρων,
773 244 888 279 ἐχόντων

100 286 128 313 δὲ
142 286 277 322 ἀνώτερον
293 287 347 314 τῶν
378 288 465 314 ποδῶν
487 289 579 324 σκέλη,
603 289 673 315 ὥστε
689 290 717 316 ὲν
731 290 820 321 αὐτοῖς
836 298 888 325 πη-

100 331 148 367 δᾷν
163 332 216 358 ἀπὺ
227 333 276 367 τῆς
289 333 351 367 γῆς·
365 330 410 359 οἶά.
422 334 504 366 ἐστιν,
523 335 538 360 ὸ
550 334 674 370 βροῠχος.
689 335 703 361 ὁ
718 336 848 369 ἀτταγᾶς,
869 336 885 370 ή

99 376 192 412 ὰκρὶς,
206 377 251 403 καὶ
263 377 297 404 τὰ
310 378 390 411 ὃμοια.
400 379 501 410 αὐτοῖς,
524 379 570 405 καὶ
586 380 600 406 ὁ
611 379 766 414 ὀφιομάχος.
797 379 836 405 Τὰ
859 378 887 404 δὲ

98 422 128 448 ὲν
139 424 195 454 τοῖς
208 423 311 455 ὕδασιν,
326 423 354 450 ἐν
369 433 399 450 τε
415 426 447 460 τῇ
466 425 597 461 θαλάσσῃ,
611 426 658 452 καὶ
673 427 728 458 τοῖς
745 427 886 460 ποταμοῖς,

97 471 147 496 καὶ
169 471 330 506 χειμάρροις
356 471 521 507 γεννώμενα,
539 472 625 498 ταῦτα
655 472 729 507 λέγει
749 470 818 499 εἶναι
837 481 887 499 κα-

97 515 179 550 θαρὰ,
193 516 244 541 ὅσα
258 515 312 550 ἔχει
330 516 463 552 πτερύγια
485 517 532 544 καὶ
559 517 679 549 λεπίδας·
693 514 738 544 οἷά
759 518 815 544 ἐστι
829 517 887 554 τρί-

97 560 161 594 γλα,
175 560 286 595 σκάρος,
311 561 438 594 γλαῦκος,
468 563 608 597 κεστρεὺς,
627 563 674 590 καὶ
698 563 731 589 τὰ
743 563 823 598 ὃμοια
840 564 887 590 αὺ-

97 607 164 636 τοῖς.
177 605 217 632 Τὰ
233 606 261 632 δὲ
277 605 422 641 λειπόμενα
438 607 467 634 ἓν
479 615 504 634 τι
525 607 626 634 τούτων
642 608 793 644 ἀκάθαρτα,
810 609 827 644 ἦ
840 609 886 636 καὶ

97 651 129 677 οὐ
150 650 266 686 βρωτέασ
295 648 339 677 οἷά
369 652 426 678 ἐστι
450 652 565 687 σηπίαι·
595 653 730 688 πτερύγια
760 654 808 689 μὲν
833 653 886 688 γὰρ

98 697 165 731 ἔχει,
181 697 232 722 οὐκ
248 697 303 732 ἔχει
314 697 342 724 δὲ
355 697 476 730 λεπίδας.
494 699 554 724 Τῶν
569 699 598 725 δὲ
614 699 746 734 ἑρπετῶν,
762 699 816 726 τῶν
840 699 886 726 ἐπὶ

97 742 146 776 τῆς
158 741 219 776 γῆς,
245 742 387 777 ἀκάθαρτα
420 743 507 769 ταῦτα
533 744 618 778 λέγει·
639 745 688 780 τὴν
715 745 809 780 γαλῆν,
840 745 886 772 τὸν

97 788 224 821 χερσαῖον
237 787 413 822 κροκόδειλον,
427 788 474 824 τὴν
489 789 621 824 μυγαλῆν,
635 789 680 816 τὸν
693 789 883 824 χαμαιλέοντα,

96 832 142 858 τὸν
156 832 363 868 ἀσκαλαϐώτην,
378 833 427 869 τὴν
444 834 557 870 σαῦραν,
586 836 632 862 καὶ
654 835 700 862 τὸν
728 836 884 862 ἀσπάλακα.

939 243 1028 274 drius,
1043 250 1104 269 cum
1120 242 1256 269 similibus
1272 242 1343 273 aliis,
1356 245 1383 269 et
1397 248 1498 275 upupa,
1514 244 1540 268 et
1556 239 1718 274 vespertilio.

939 287 977 315 De
1004 287 1160 314 volatilibus
1189 286 1356 321 repentibus,
1378 293 1438 321 quae
1464 289 1582 320 quatuor
1605 284 1721 319 pedibus

939 333 1109 367 gradiuntur,
1124 333 1215 360 omnia
1223 333 1289 360 dicit
1301 340 1361 360 esse
1377 331 1526 359 immunda.
1540 330 1642 358 Contra
1655 336 1720 356 vero

938 386 998 413 quae
1011 386 1092 406 crura
1115 378 1230 413 pedibus
1253 378 1413 405 sublimiora
1439 378 1551 408 habent,
1567 377 1604 403 ita
1622 379 1653 402 ut
1666 374 1720 402 illis

938 424 967 452 in
983 430 1054 452 terra
1078 424 1187 457 saliant,
1207 424 1298 458 qualia
1318 427 1382 451 sunt
1402 422 1534 456 bruchus,
1562 426 1663 456 attago,
1677 421 1720 447 lo-

938 476 1026 503 custa,
1045 473 1071 497 et
1085 477 1145 504 quae
1161 470 1203 498 his
1221 473 1285 497 sunt
1301 469 1412 502 similia,
1425 474 1453 496 et
1467 469 1578 496 lacerta.
1598 467 1627 494 ln
1641 467 1720 502 aquis

937 524 1002 544 vero
1025 516 1083 543 sive
1103 516 1131 542 in
1148 516 1228 547 mari,
1248 517 1305 542 sive
1323 515 1482 542 ﬂuminibus
1499 522 1531 541 ac
1552 513 1720 541 torrentibus

936 567 1012 594 nata,
1036 563 1139 590 munda
1167 562 1308 595 habenda,
1333 569 1503 597 quaecunque
1534 560 1666 595 pennulas
1693 563 1721 586 et

938 615 1066 642 squamas
1083 607 1204 640 habent;
1227 612 1256 634 ut
1272 607 1362 642 trigla,
1382 614 1494 639 scarus,
1521 606 1652 641 glaucus,
1675 612 1721 632 ce-

938 658 1028 681 strcus
1049 657 1076 681 et
1093 661 1153 688 quae
1179 653 1222 680 his
1248 656 1312 680 sunt
1336 652 1444 679 similia.
1459 652 1523 685 Quae
1543 659 1610 679 vero
1629 651 1720 686 aliquo

936 699 1034 727 horum
1051 703 1156 732 carent,
1172 699 1312 726 immunda
1330 705 1378 726 nec
1392 698 1497 726 edenda
1512 705 1573 725 esse
1585 697 1662 730 dicit,
1677 697 1720 722 vi-

936 745 1036 772 delicet
1058 745 1159 780 sepias,
1175 752 1236 779 quae
1251 743 1384 779 pennulas
1392 743 1500 778 quidem
1514 742 1625 774 habent,
1635 749 1720 776 squa-

935 797 995 817 mas
1011 797 1076 817 vero
1092 796 1147 816 non
1171 789 1281 816 habent.
1307 788 1346 816 Ex
1363 789 1416 816 illis
1438 792 1539 820 autem,
1559 794 1620 822 quae
1637 794 1721 822 supra

936 837 1036 861 terram
1053 837 1163 869 repunt,
1180 834 1320 861 immunda
1336 842 1398 862 esse
1412 833 1505 860 deﬁnit
1529 833 1591 865 ista,
1617 837 1723 859 muste-

96 877 166 912 Περὶ
179 877 234 913 γὰρ
247 877 294 903 τοῦ
308 877 395 912 ὄφεως
418 880 464 905 καὶ
477 879 531 905 τῶν
551 880 650 915 ὁμοίων
661 879 744 915 αὐτῷ,
760 881 883 916 περιττὸν

942 882 1000 912 iam,
1010 881 1177 908 crocodilum
1186 884 1353 911 terrestrem,
1369 880 1502 915 mygalen,
1515 878 1720 910 chamaeleonta,

95 921 130 958 ἦν
146 923 340 958 μνημονεῦσαι’
359 924 482 962 φανερῶς
497 925 546 960 μὲν
570 925 623 962 γάρ
639 935 704 962 φησι
721 926 807 953 ταῦτα
821 927 887 953 πᾶσι

97 968 230 1003 βδελυκτὰ
243 967 313 996 εἶναι
321 970 368 996 καὶ
385 970 496 1006 μισητὰ’
506 971 580 1006 ὅμως
588 971 617 998 δὲ
627 972 673 998 καὶ
685 972 887 1008 ἐμνημόνευσεν

95 1014 125 1040 ἐν
138 1014 177 1050 τῷ
192 1015 394 1051 Δευτερονομὶῳ
407 1017 471 1052 περὶ
486 1017 585 1044 αὐτῶν.

311 1164 441 1199 ,Βιϐλίαν
464 1163 499 1198 δ’,
531 1164 665 1199 Ἀριθμοί.

133 1220 160 1248 8.
178 1220 231 1248 Τοῦ
248 1221 330 1248 αὐτοῦ
345 1222 484 1254 Μωῦσέως
497 1222 543 1249 καὶ
556 1221 634 1248 τοῦτο
649 1221 680 1248 τὸ
703 1221 812 1257 βιὸλίον,
830 1221 885 1249 τῶν

102 1265 240 1301 Ἀριθμῶν
258 1267 414 1301 συγγραφή.
433 1267 547 1301 Λέγεται
576 1267 604 1293 δὲ
621 1267 691 1293 οὕτω
707 1266 738 1293 τὸ
763 1267 864 1302 βιϐλίον
875 1287 883 1301 ,

94 1311 192 1346 ἐπειδὴ
207 1312 254 1338 καὶ
270 1311 316 1338 τοῦ
332 1311 396 1338 λαοῦ
414 1312 514 1344 παντὸς
528 1313 543 1338 ὁ
557 1312 671 1348 ἀριθμὸς
682 1313 710 1338 ἐν
726 1312 814 1348 τούτῳ
836 1321 884 1339 πε-

95 1359 230 1394 ριέχεται,
248 1358 366 1394 ἑκάστης
380 1358 465 1394 φυλῆς
480 1358 534 1385 τῶν
556 1358 689 1385 Ἰουδαίων
709 1359 740 1385 ὲκ
762 1359 883 1395 προστά-

93 1413 202 1439 γματος
218 1404 322 1440 Κυρίου
340 1405 528 1440 μετρηθείσης.
558 1404 711 1441 Ἦριθμήοη
733 1405 760 1431 δὲ
781 1406 794 1432 ὁ
820 1405 883 1437 λαὸς

93 1450 154 1476 ἀπὸ
168 1450 339 1482 alatos-9.5106;
356 1451 402 1477 καὶ
421 1450 523 1483 ἐπάνω,
540 1451 593 1481 πᾶς
609 1451 677 1486 ἀνὴρ
699 1451 884 1487 ἐκπορευόμε-

94 1505 144 1528 νος
158 1497 197 1528 εἷς
214 1496 346 1532 πόλεμον,
362 1496 446 1532 χωρὶς
469 1497 518 1532 τῆς
539 1496 624 1531 φυλῆς
639 1496 685 1522 τοῦ
703 1495 768 1523 Λευτ
780 1505 787 1512 ⁶
811 1496 881 1532 αὕτη

94 1542 154 1578 γὰρ
178 1542 237 1568 καθ’
255 1541 352 1577 ἑαυτὴν
368 1542 522 1577 ἐμετρήθη·
548 1542 596 1568 καὶ
617 1541 715 1577 εὑρέθη
737 1542 752 1568 ό
767 1542 882 1578 ἀριθμὸς
897 1560 920 1590 c

93 1587 158 1613 τῶν
173 1586 360 1622 μετρηθέντων
377 1587 493 1622 χιλιάδες
519 1586 657 1618 ἑξακόσιαι
675 1587 721 1613 καὶ
741 1588 884 1623 τρισχίλιοι

95 1632 272 1658 πεντακόσιοι
293 1633 470 1668 πεντήκοντα.
494 1632 524 1659 Οἱ
552 1632 579 1658 δὲ
611 1631 790 1668 ἀριθμοῦντες
813 1631 884 1669 ἦσαν

93 1678 145 1704 τὸν
164 1678 212 1713 μὲν
225 1678 288 1704 λαὸν
305 1678 426 1713 Μωῦσῆς
448 1678 495 1704 καὶ
518 1677 639 1713 Ἀαρὼν,
660 1678 707 1704 καὶ
725 1678 773 1706 σὺν
793 1679 885 1712 αὐτοῖς

94 1723 219 1759 ἑκάστης
236 1724 321 1759 φυλῆς
343 1723 443 1760 ἄρχων.
471 1724 526 1751 Καὶ
546 1724 603 1751 ἔστι
627 1724 683 1751 τῶν
699 1733 729 1751 τε
745 1725 884 1761 ἀρχόντων

91 1770 132 1796 τὰ
149 1770 268 1806 ὀνόματα
280 1770 376 1803 ταῦτα,
392 1771 438 1797 καὶ
457 1771 472 1796 ὁ
488 1769 602 1806 ἀριθμὸς
616 1768 707 1803 οὗτος·

136 1858 190 1894 (80)
210 1858 269 1885 Τῶν
289 1857 402 1893 Ῥουϐὶμ
418 1857 551 1893 Ἐλισοὺρ,
568 1857 625 1888 υἱὸς
640 1857 765 1893 Σεδιούρ·
781 1859 828 1885 καὶ
850 1856 884 1895 ἦν

93 1905 111 1931 ὁ
128 1903 245 1939 ἀριθμὸς
261 1903 350 1930 αὐτῶν
362 1903 478 1938 χιλιάδες
493 1906 540 1938 μς¹
553 1903 600 1930 καὶ
615 1904 795 1930 πεντακόσιοι.

133 1949 195 1975 Τῶν
211 1948 324 1984 Συμεὼν
339 1948 490 1983 Σαλαμιὴλ,
513 1947 570 1981 υἱὸς
589 1948 749 1984 Σουρισαδαί
761 1956 768 1964 ·
783 1949 829 1976 καὶ
849 1947 883 1985 ἦν

93 1996 111 2022 ὁ
127 1993 244 2030 ἀριθμὸς
259 1994 348 2020 αὐτῶν
363 1993 484 2029 χιλιάδες
502 1993 537 2020 οδ¹
555 1993 602 2020 καὶ
616 1993 751 2026 ἑξακόσιοι
764 1994 830 2030 (81).

132 2095 195 2122 Τῶν
217 2095 327 2130 ’Ῑσάχαρ
349 2093 496 2130 Ναθαναὴλ
509 2114 516 2126 ,
539 2095 596 2127 υἱὸς
617 2095 729 2131 Σωγάρ·
752 2097 800 2123 καὶ
820 2094 853 2131 ἦν
870 2097 884 2124 ὁ

97 2141 215 2178 ἀριθμὸς
233 2141 323 2168 αὐτῶν
337 2140 454 2176 χιλιάδες
467 2141 502 2167 νδ¹
520 2141 567 2168 καὶ
582 2142 763 2177 τετρακόσιοι.

937 926 1099 958 stellionem,
1113 933 1223 953 sauram
1233 929 1260 953 et
1275 926 1386 960 talpam.
1396 924 1432 952 De
1441 924 1626 959 serpentibus,
1640 922 1719 958 103

936 977 963 1001 et
977 981 1038 1008 qua:
1063 973 1117 1000 illis
1135 973 1234 1001 similia
1253 976 1328 1002 sunt.
1345 971 1512 1006 superﬂuum
1534 973 1607 998 esset
1623 970 1719 996 admo-

936 1025 1022 1045 nere:
1044 1017 1096 1044 hoc
1119 1025 1238 1052 namque
1266 1017 1443 1044 animantium
1464 1023 1549 1051 genus
1573 1014 1720 1042 manifesto

935 1063 1002 1090 dicit
1014 1064 1141 1091 omnibus
1156 1062 1368 1090 abominandum
1378 1070 1410 1089 ac
1425 1061 1627 1089 detestandum.
1643 1059 1721 1087 Alta-

934 1115 997 1136 men
1008 1108 1035 1135 in
1049 1107 1258 1136 Deuteronomio
1275 1109 1383 1136 illorum
1400 1107 1532 1135 meminit.

1182 1164 1262 1191 Liber
1278 1163 1331 1196 IV,
1349 1164 1469 1195 Numeri.

969 1220 996 1248 8.
1021 1220 1150 1256 Ejusdem
1167 1220 1268 1257 Moysis
1291 1226 1369 1250 estet
1385 1223 1429 1250 hic
1442 1222 1624 1250 Numerorum
1637 1223 1717 1251 liber.

935 1264 1056 1293 Vocatur
1067 1270 1157 1294 autem
1173 1267 1225 1294 hoc
1236 1267 1356 1300 nomine,
1369 1268 1432 1303 quia
1442 1269 1469 1295 in
1483 1275 1516 1295 eo
1528 1268 1611 1295 totius
1627 1268 1720 1303 populi

934 1318 1067 1338 numerus
1082 1313 1253 1345 continetur,
1270 1313 1405 1340 recensita
1420 1313 1499 1348 jussu
1520 1313 1627 1341 Domini
1651 1321 1720 1341 una-

935 1365 1042 1392 quaque
1059 1356 1215 1386 Judteorum
1226 1359 1310 1386 tribu.
1324 1359 1488 1387 Numeratus
1499 1364 1540 1388 est
1554 1368 1618 1388 vero
1633 1368 1720 1396 popu-

934 1403 978 1429 lus
997 1411 1013 1430 a
1033 1403 1165 1431 vicesimo
1191 1411 1263 1432 anno
1279 1408 1306 1431 et
1325 1412 1419 1440 supra,
1437 1406 1553 1440 quisque
1578 1407 1621 1432 vir
1647 1406 1720 1433 bello

934 1453 1026 1484 aptus,
1042 1450 1145 1484 absque
1168 1450 1242 1477 tribu
1266 1449 1330 1477 Levi
1347 1458 1356 1477 :
1378 1450 1424 1476 illa
1440 1458 1558 1485 namque
1573 1451 1719 1485 separatim:

933 1499 1077 1522 numerata
1092 1498 1143 1522 est.
1158 1494 1191 1521 Et
1209 1495 1336 1523 inventus
1349 1499 1391 1522 est
1413 1503 1544 1524 numerus
1554 1503 1659 1526 eorum,
1671 1495 1719 1530 qui

934 1540 1063 1567 recensiti
1087 1543 1161 1572 sunt,
1182 1543 1312 1568 sexcenta
1341 1541 1394 1567 tria
1422 1541 1506 1568 millia
1525 1541 1676 1575 quingenti,
1693 1545 1720 1568 et

936 1585 1143 1619 quinquaginta.
1171 1583 1222 1617 Qui
1241 1593 1306 1612 vero
1330 1585 1461 1621 populum
1493 1589 1717 1618 numeraverunt,

935 1635 1013 1658 erant
1029 1630 1135 1666 Moyses
1148 1635 1176 1658 et
1190 1631 1292 1662 Aaron,
1305 1635 1332 1659 et
1343 1632 1473 1659 cum.illis
1482 1632 1615 1666 cujusque
1631 1631 1718 1660 tribus

935 1676 1072 1710 princeps.
1099 1675 1132 1703 Et
1155 1676 1266 1703 nomina
1280 1676 1435 1711 principum
1454 1682 1533 1704 erant
1550 1677 1614 1710 ista,
1633 1682 1659 1705 et
1673 1677 1719 1705 hic

935 1721 1043 1748 illorum
1059 1729 1200 1749 numerus.

970 1765 1009 1794 De
1024 1766 1087 1794 ﬁliis
1096 1766 1177 1798 Juda,
1195 1765 1321 1795 Naasson
1333 1767 1405 1795 [ilius
1416 1767 1569 1796 Aminadab
1582 1777 1589 1802 ;
1601 1775 1718 1804 quorum

935 1821 1066 1840 numerus
1080 1817 1138 1840 erat
1150 1815 1324 1849 septuaginta
1339 1818 1459 1849 quatuor
1477 1815 1562 1842 millia
1582 1816 1715 1843 sexcenti.

970 1858 1008 1886 De
1019 1859 1081 1886 ﬁliis
1097 1858 1203 1892 Ruben,
1219 1859 1392 1887 Elisurlilius
1406 1860 1520 1893 Sediur;
1536 1869 1652 1896 quorum
1667 1869 1718 1890 nu-

935 1911 1027 1931 merus
1042 1908 1100 1930 erat
1116 1904 1297 1939 quadraginta
1315 1912 1362 1932 sex
1377 1905 1462 1931 millia
1477 1905 1627 1940 quingenti.

969 1949 1007 1977 De
1019 1950 1082 1977 ﬁliis
1094 1949 1205 1977 Simeon
1218 1969 1226 1984 ,
1244 1949 1371 1978 Salamiel
1387 1951 1460 1978 ﬁlius
1473 1950 1631 1986 Surisadai;
1647 1960 1717 1988 quo-

934 2004 995 2023 rum
1014 2003 1145 2024 numerus
1159 2000 1218 2024 erat
1234 1997 1407 2032 septuaginta
1427 2001 1545 2033 quatuor
1557 1999 1642 2026 millia
1656 2007 1718 2028 sex-

934 2041 1017 2069 comi.

969 2086 1006 2114 De
1023 2086 1084 2114 ﬁliis
1099 2087 1220 2121 lsachar,
1230 2087 1382 2116 Nathanael
1395 2089 1467 2118 ﬁlius
1483 2089 1585 2125 Sogar;
1600 2097 1717 2125 quorum

933 2141 1064 2162 numerus
1074 2138 1134 2162 erat
1149 2134 1349 2170 quinquaginta
1358 2140 1476 2170 quatuor
1490 2136 1575 2163 millia
1585 2135 1717 2164 uuadrin-

933 2180 1016 2215 genti.

134 2229 196 2256 Τῶν
222 2228 364 2256 Ζαδουλῶν
394 2227 505 2261 Ἐλιὰϐ,
529 2229 586 2260 υἱὸς
607 2228 718 2256 Χελών·
741 2229 788 2256 καὶ
809 2227 843 2265 ἦν
869 2230 883 2257 ὁ

971 2226 1009 2254 De
1029 2226 1091 2254 ﬁliis
1118 2226 1251 2258 Zabulon,
1267 2225 1346 2254 Eliab
1368 2227 1441 2255 ﬁlius
1467 2227 1585 2261 Chelon;
1601 2234 1718 2262 quorum

101 2275 216 2310 ἀριθμὸς
232 2273 321 2301 αὐτῶν
335 2273 452 2309 χιλιάδες
468 2273 506 2306 νζ¹
518 2275 700 2310 τετρακόσιοι.

135 2363 196 2390 Τῶν
210 2363 276 2390 υἱῶν
302 2363 411 2399 Ἰωσὴφ,
435 2363 643 2399 τῶνῇΕφραὶμ,
672 2364 804 2400 Ἐλισαμὰ
827 2366 884 2397 υἱὸς

108 2409 232 2445 Ἐμιούδ·
251 2410 296 2436 καὶ
311 2407 345 2445 ἦν
363 2411 378 2436 ὁ
397 2409 511 2445 ἀριθμὸς
526 2410 616 2437 αὐτῶν
636 2410 753 2445 χιλιάδες
775 2411 818 2446 μϐ¹
839 2413 885 2438 καὶ

101 2456 273 2482 πεντακόσιοι
288 2455 354 2490 (82).

135 2501 196 2528 Τῶν
208 2501 342 2536 Μανασσῆ
356 2501 506 2538 Γαμαλιὴλ,
521 2501 578 2534 υἱὸς
592 2501 749 2538 Φαδασσούρ
760 2510 768 2518 ·
786 2503 833 2530 καὶ
850 2500 883 2538 ἦν

100 2548 114 2574 ὁ
137 2546 253 2583 ἀριθμὸς
266 2546 356 2574 αὐτῶν
377 2547 494 2583 χιλιάδες
517 2547 556 2574 λ6’
579 2548 626 2575 καὶ
649 2549 800 2585 τριακόσιοι
817 2548 882 2584 (85).

135 2635 196 2662 Τῶν
212 2634 342 2670 Βενιαμὶν
363 2635 465 2667 Ἀὁιδὰ,
481 2634 539 2667 un;
557 2634 659 2662 Γεδεών
682 2635 755 2670 (84)’
779 2637 826 2663 καὶ
849 2634 884 2672 ἦν

102 2683 114 2709 ὁ
127 2682 243 2718 ἀριθμὸς
256 2681 346 2708 αὐτῶν
361 2681 478 2716 χιλιάδες
494 2679 531 2708 λε’
545 2681 592 2707 καὶ
604 2681 785 2716 τετρακόσιοι.

137 2805 192 2840 (80)
209 2804 260 2832 Hie
279 2804 367 2840 tribus
382 2803 451 2832 Iuda
463 2803 608 2840 omittitur,
625 2806 782 2838 ceteraque
793 2803 882 2831 tribus

106 2838 155 2869 alio
169 2841 302 2868 habentur
317 2839 419 2875 ordine
427 2839 566 2875 quamglib.
587 2838 667 2865 Num.
682 2846 742 2875 cap.
757 2845 786 2866 ιι.

136 2875 190 2912 (81)
206 2875 288 2902 Νιιιη.
306 2882 325 2903 ιι
355 2874 399 2908 15,
412 2873 498 2902 59300
512 2873 656 2902 habentur.

936 2280 1065 2300 numerus
1080 2276 1140 2300 erat
1153 2273 1350 2308 quinquaginta
1365 2277 1469 2308 septem
1485 2273 1570 2300 millia
1585 2273 1717 2308 quadrin-

934 2319 1017 2353 genti.

969 2364 1007 2392 De
1022 2363 1085 2392 ﬁiiis
1101 2363 1214 2399 Ioseph,
1226 2363 1260 2391 de
1276 2363 1348 2391 tribu
1364 2363 1505 2400 Ephraim,
1515 2364 1633 2392 Elisama
1644 2363 1716 2392 ﬁlius

935 2409 1050 2443 Emiud;
1075 2417 1192 2444 quorum
1219 2416 1351 2436 numerus
1374 2413 1433 2437 erat
1456 2409 1636 2445 quadraginta
1660 2409 1716 2437 duo

934 2454 1019 2481 millia
1030 2453 1181 2489 quingenti.

970 2500 1008 2528 De
1033 2500 1096 2528 ﬁliis
1121 2499 1257 2531 Manasse,
1277 2498 1408 2527 Gamaliel
1436 2499 1510 2526 ﬁlius
1537 2498 1714 2533 Phadassur;

935 2553 1051 2581 quorum
1078 2553 1211 2573 numerus
1237 2548 1297 2573 erat
1322 2544 1435 2580 triginta
1463 2544 1517 2572 duo
1546 2545 1631 2572 millia
1658 2548 1716 2573 tre-

935 2597 1087 2666 celﬁne-ﬁliis
1102 2637 1255 2672 Benjamin,
1271 2636 1358 2664 Abida
1372 2636 1445 2664 ﬁlius
1456 2636 1581 2670 Gedeon;
1600 2644 1716 2672 quorum

935 2691 1067 2714 numerus
1080 2687 1139 2711 erat
1153 2683 1266 2719 triginta
1281 2682 1404 2718 quinque
1414 2682 1499 2710 millia
1512 2681 1714 2717 quadringenti.

967 2799 1024 2837 '(82)
1039 2799 1121 2837 Num.
1137 2805 1168 2830 ιι,
1184 2798 1231 2837 ξς),
1246 2798 1361 2837 legitur,
1382 2797 1592 2833 τεσσαράκοντα,
1616 2797 1714 2826 solum.

971 2833 1026 2873 (ὃᾷ)
1040 2835 1119 2873 l‘lum.
1136 2841 1167 2865 ιι,
1182 2833 1228 2873 gl,
1244 2833 1404 2873 ἱξιαλιριξιοι..Δ
1439 2868 1459 2873 _
1481 2868 1492 2873 _
1548 2867 1555 2873 1
1690 2837 1696 2839 “

972 2867 1025 2908 (85)
1040 2869 1120 2898 Num.
1136 2877 1166 2904 ιι,
1181 2868 1227 2904 2‘2,
1251 2868 1356 2897 ’Δσιδὰν
1369 2868 1425 2901 υἱὸς
1439 2867 1564 2897 Γαδιωνί.
