1915 3057
161 73 213 102 505

755 71 783 99 S.
800 70 1031 98 ATHANASIUS.
1049 86 1084 91 -—-
1101 69 1213 98 DUBIA.

1729 63 1780 90 506

198 130 236 159 De
259 131 322 159 ﬁliis
349 131 417 164 Dan,
439 132 569 159 Acliiezer
593 132 665 159 ﬁlius
690 131 845 164 Atuisadai;
874 139 943 166 quo-

1029 129 1089 156 Τῶν
1113 129 1166 156 Δὰν
1181 128 1319 163 ,Ἀχιὲζερ
1333 147 1340 159 ,
1366 127 1422 158 υἱὸς
1453 125 1612 161 Ἀμισαδαῖ·
1640 124 1688 151 καὶ
1711 120 1745 158 ἦν
1767 123 1781 148 6

163 186 223 205 nun
238 185 368 206 numerus
393 181 452 205 erat
479 177 620 212 sexaginta
645 177 698 204 duo
729 177 815 204 millia
842 177 946 212 septin-

163 225 248 260 genti.

200 271 237 298 De
258 269 320 296 ﬁliis
340 269 423 300 Aser,
448 268 564 304 Pliageel
594 268 665 296 ﬁlius
692 267 811 300 Echrau,
828 275 944 302 quorum

163 323 294 343 numerus
315 318 374 342 erat
398 315 581 350 quadraginta
601 318 628 341 et
646 322 731 341 unum
757 314 842 341 millia
866 313 947 349 quin-

163 361 246 397 genti.

202 406 238 434 De
253 406 315 434 ﬁliis
331 405 399 436 Gad,
414 401 524 441 Elisaph
542 406 613 434 ﬁlius
624 405 729 440 Raguel
742 414 749 438 ;
766 412 882 439 quorum
895 412 948 430 nu-

163 461 255 480 merus
283 456 342 480 erat
359 453 540 488 quadraginta
567 453 689 488 quinque
716 452 802 478 millia
827 450 947 479 sexcenti

163 499 371 534 quinquaginta.

197 545 235 572 De
255 545 317 572 ﬁliis
332 543 505 579 Neplitlialim
516 563 524 576 ,
544 542 644 570 Achire
661 542 733 570 {ilius
756 541 859 574 Euan,
876 550 947 577 quo—

162 598 224 618 rum
249 598 380 617 numerus
402 595 461 618 erat
482 590 681 626 quinquaginta
701 589 752 616 tria
776 589 862 616 millia
878 597 947 624 qua-

163 636 311 672 dringenti.

196 682 251 710 lste
274 686 315 710 est
331 681 425 717 populi
446 681 537 708 bellici
568 688 710 714 numerus,
737 683 869 708 sexcenta
895 679 949 707 tria

163 729 248 755 millia
260 727 400 763 quingenti
416 726 624 762 quinquaginta.

198 773 313 801 Tribum
339 781 403 801 vero
416 773 491 803 Levi.
509 772 616 807 Moyses
629 776 656 800 et
673 773 782 805 Aaron,
798 771 948 799 secundum

163 828 258 848 vocem
279 820 406 853 Domini,
435 819 584 854 separatim
613 819 664 845 soli
695 823 912 850 recensucruut,
934 825 948 845 a

162 875 255 895 mense
269 875 324 894 uno
339 871 365 894 et
380 874 463 902 supra
473 886 480 899 ,
499 870 614 901 eratque
631 873 763 893 numerus
781 865 891 892 illorum
909 864 950 891 vi-

163 913 231 949 ginti
245 913 300 940 duo
311 913 408 940 millia.

199 958 334 987 Masculus
354 962 445 986 autem
467 957 664 994 primogenitos
691 956 812 984 omnium
835 956 950 984 aliarum

163 1005 283 1032 tribuum
295 1005 370 1032 solus
392 1003 499 1040 Moyses
519 1003 686 1035 numeravit,
702 1006 729 1030 et
748 1003 876 1029 invcntus
891 1002 951 1028 illo—

162 1058 224 1078 rum
239 1057 370 1078 numerus
384 1053 426 1077 cst
440 1050 534 1084 viginti
547 1049 602 1076 duo
617 1049 700 1075 millia
716 1048 827 1075 ducenti
842 1052 952 1082 septua-

163 1099 238 1133 ginta
252 1102 318 1125 tres.
343 1097 500 1131 llorumque
527 1095 770 1131 primogenitorum
800 1095 861 1121 loco
882 1093 952 1121 assi-

164 1144 237 1179 gnati
253 1146 317 1171 sunt
333 1142 386 1170 Deo
398 1142 509 1169 Levita}.
523 1141 648 1169 Totidem
663 1141 735 1168 enim
761 1144 788 1168 et
804 1140 840 1167 illi
860 1143 949 1167 erant.

165 1189 198 1217 Et
220 1189 352 1224 jubentur
370 1192 397 1215 et
419 1188 466 1215 isti
480 1186 646 1214 sanctiﬁcari
659 1194 707 1221 per
720 1185 840 1221 Moysem
856 1189 883 1212 et
905 1185 952 1212 de-

165 1239 299 1271 putantur
312 1243 361 1270 per
375 1235 522 1266 Aaronem,
537 1238 567 1261 ut
580 1233 641 1260 loco
651 1232 756 1267 populi,
773 1234 953 1266 operarentur

166 1289 249 1316 opera
262 1280 380 1311 Domini.
397 1283 424 1307 et
439 1283 579 1314 portarent
593 1286 661 1309 vasa.
672 1278 853 1310 tabernaculi,
872 1277 955 1304 servi-

166 1331 282 1360 rentque
306 1325 358 1360 ipsi
374 1325 475 1351 Aaroni
500 1327 526 1351 et
544 1323 606 1351 [iliis
622 1323 694 1357 ejus.
706 1322 953 1358 Comprclienditur

167 1373 231 1399 item
247 1372 299 1399 hoc
323 1371 393 1398 libro
415 1375 442 1398 et
463 1370 617 1405 dispositio,
633 1370 712 1404 juxta
733 1377 815 1404 quam
837 1369 954 1404 populus

166 1417 304 1453 prolicisci
328 1417 487 1452 jubebatur,
503 1420 530 1442 et
551 1415 721 1442 tabernaculi
746 1414 859 1446 erectio,
883 1421 954 1448 puc-

167 1468 276 1497 ccptum
288 1463 322 1490 de
341 1463 426 1494 tubis,
444 1466 474 1489 ut
490 1462 524 1489 iis
539 1466 738 1488 convocaretur
751 1461 878 1496 populus.
895 1460 953 1488 lloc

167 1509 233 1537 item
257 1508 327 1535 libro
342 1510 469 1534 narratur
490 1506 626 1534 dedicatio
641 1505 747 1537 altaris,
766 1509 793 1532 et
816 1506 952 1540 quomodo

167 1553 374 1582 tabernaculum
393 1552 514 1583 uuxerit,
532 1551 677 1586 ipsumque
697 1556 724 1579 et
740 1559 910 1587 quaecunque
926 1553 954 1580 in

167 1601 214 1629 illo
224 1604 313 1633 erant,
329 1599 542 1627 sauctiﬁcaverit
560 1608 567 1632 ;
582 1606 637 1633 quo
661 1598 758 1626 ordine
784 1599 954 1627 oli‘ereudum

168 1647 251 1674 fuerit
267 1646 296 1673 in
319 1646 491 1673 dedicatione
513 1645 628 1677 altaris;
644 1653 698 1680 quo
728 1649 851 1680 tempore
873 1646 955 1672 miui-

169 1696 288 1720 strarent
313 1691 432 1724 Levitaa;
459 1691 532 1725 quod
559 1691 594 1717 ab
617 1691 706 1718 aetatis
730 1699 804 1718 anno
822 1691 954 1720 vicesimo

169 1738 266 1773 quinto
286 1737 451 1772 principium
475 1736 530 1762 illis
549 1739 622 1763 esset
644 1735 840 1769 ministrandi;
875 1737 956 1772 quin-

169 1784 328 1818 quagesimo
346 1789 411 1810 vero
434 1781 514 1808 linem
543 1781 720 1809 ministrandi
748 1782 886 1813 facerent.
908 1783 955 1810 sed

169 1829 208 1856 ita
223 1832 253 1856 ut
270 1831 363 1864 postea
379 1827 549 1855 tabernaculi
571 1831 677 1855 tantum
698 1829 851 1856 custodiam
871 1829 956 1857 habe-

170 1876 241 1900 rent.

208 1961 288 1998 105
300 1961 438 1996 Scriptum
455 1969 563 1997 quoque
576 1965 618 1989 est
636 1961 670 1989 de
685 1969 756 1997 aqua
771 1963 955 1991 convictionis

171 2017 232 2044 qua:
246 2007 389 2035 maledicta
400 2012 459 2035 erat
475 2017 482 2034 ε
497 2008 531 2034 de
554 2008 612 2042 lege
623 2009 804 2041 votariorum,
818 2010 956 2045 quomodo

171 2054 237 2081 vino
262 2053 410 2085 abstinere,
424 2060 475 2080 nec
492 2056 576 2088 caput
605 2053 720 2081 tondere
746 2053 872 2083 debeant.
889 2055 954 2083 Item

172 2099 503 2135 quomodomurmuranti
528 2102 641 2133 propter
670 2100 762 2128 carnis
778 2100 956 2135 cupiditatem

997 175 1112 212 ἀριθμὸς
1129 174 1217 202 αὐτῶν
1230 173 1346 209 χιλιάδες
1363 173 1400 206 ξοι
1417 173 1464 200 καὶ
1480 172 1648 199 ἑπτακόσιοι.

1032 265 1093 292 Τῶν
1116 263 1200 300 Ἀσὴρ
1214 263 1331 297 Φαγεὴλ,
1353 261 1409 294 υῐὺς
1439 261 1551 297 Ἐχράν·
1570 260 1618 287 καὶ
1633 257 1666 295 ἦν
1687 259 1701 286 ὁ
1723 258 1782 294 ἀρι-

997 311 1064 347 θμὸς
1084 310 1174 337 αὐτῶν
1193 309 1310 345 χιλιάδες
1322 311 1366 344 μα’
1386 308 1433 334 καὶ
1449 307 1632 334 πεντακόσιοι.

1034 411 1095 438 Τῶν
1109 410 1162 437 Γὰδ
1185 409 1309 444 Ἐλισὰφ,
1326 409 1383 441 υἱὸς
1407 407 1540 442 Ῥαγουήλ
1553 416 1559 422 ·
1576 406 1623 434 καὶ
1638 404 1672 442 ἦν
1691 406 1704 431 6
1726 405 1785 440 ἀρι-

998 457 1065 494 θμὸς
1080 457 1169 484 αὐτῶν
1181 456 1297 492 χιλιάδες
1315 455 1355 491 με’
1369 455 1416 482 καὶ
1434 455 1570 488 ἑξακόσιοι
1587 454 1766 489 πεντήκοντα.

1031 548 1091 574 Τῶν
1118 547 1278 581 Νεφθαλεὶμ
1311 546 1429 582 Ἀχειρὲ,
1446 546 1504 577 υἱὸς
1527 545 1625 572 Αἰνάνο
1652 544 1698 571 καὶ
1713 541 1748 578 ἦν
1771 542 1788 569 ὁ

999 594 1113 630 ἀριθμὸς
1130 593 1219 620 αὐτῶν
1233 593 1351 628 χιλιάδες
1368 596 1407 627 νγ¹
1422 593 1468 619 καὶ
1485 592 1664 627 τετρακόσιοι.

1035 678 1119 713 Οὗτος
1141 682 1155 707 ὁ
1174 681 1289 717 ἀριθμὸς
1310 681 1356 707 τοῦ
1381 680 1544 716 πολεμιστοῦ
1564 680 1644 713 λαοῦ,
1669 680 1789 716 χιλιάδες

1000 728 1138 760 ἑξακόσιαι
1157 727 1204 754 καὶ
1215 727 1359 763 τρισχίλιοι
1375 727 1546 753 πεντακόσιοι
1562 727 1740 762 πεντήκοντα.

1036 775 1090 809 Τὴν
1105 774 1133 801 δὲ
1150 774 1236 810 φυλὴν
1261 772 1326 800 Λευῒ
1348 773 1407 799 καθ’
1433 774 1545 804 ἑαυτοὺς
1563 772 1719 808 ἠρίθμησαν
1743 771 1790 798 διὰ

1002 823 1092 857 φωνῆς
1110 821 1212 856 Κυρίου
1237 821 1312 856 μόνοι
1335 821 1454 855 Μωῡσῆς
1469 820 1516 846 καὶ
1536 819 1640 854 Ἀαρὼν
1663 819 1716 846 ἀπὸ
1735 829 1791 856 μη-

1001 867 1087 894 νιαίου
1101 867 1148 893 καὶ
1166 866 1274 893 ἐπάνω·
1293 866 1340 892 καὶ
1351 863 1383 901 ἦν
1399 867 1413 892 6
1427 865 1542 901 ἀριθμὸς
1565 865 1655 892 αὐτῶν
1669 865 1791 900 χιλιάδες

1001 914 1086 940 εἴκοσι
1103 912 1150 939 καὶ
1162 912 1219 939 δύο.

1044 959 1193 995 Ἦρίθμησε
1213 958 1241 984 δὲ
1257 958 1304 985 καὶ
1324 958 1358 985 τὰ
1374 957 1505 994 ἀρσενικὰ
1519 958 1679 994 πρωτότοκα
1693 958 1792 985 πασῶν

1001 1005 1055 1032 τῶν
1070 1005 1156 1031 ἄλλων
1172 1004 1262 1039 φυλῶν
1275 1005 1397 1039 Μωῦσῆς
1414 1005 1503 1039 μόνος,
1521 1005 1569 1031 καὶ
1589 1004 1687 1040 εὑρέθη
1701 1006 1715 1032 ὁ
1731 1005 1794 1040 ἀρι-

1002 1051 1070 1086 θμὸς
1090 1050 1179 1077 αὐτῶν
1196 1049 1313 1085 χιλιάδες
1332 1049 1373 1084 κβ¹
1389 1050 1436 1076 καὶ
1453 1049 1582 1076 διακόσιοι
1604 1049 1794 1085 ἑϐδομήκοντα

1002 1099 1086 1132 τρεῖς.
1113 1097 1168 1123 Καὶ
1191 1097 1250 1122 ἀντὶ
1278 1095 1333 1122 τῶν
1361 1096 1540 1130 πρωτοτόκων
1573 1095 1675 1122 τούτων
1703 1096 1795 1130 ἐλογί-

1003 1143 1104 1178 σθησαν
1121 1142 1145 1168 οἱ
1158 1141 1267 1169 Λευῖται
1281 1142 1319 1176 τῷ
1332 1141 1391 1176 Θεῴ
1403 1149 1409 1155 ·
1425 1142 1545 1168 τοσοῦτοι
1560 1141 1613 1176 γὰρ
1627 1139 1696 1177 ἦσαν
1707 1141 1755 1168 xui.
1765 1143 1794 1169 οἱ

1003 1187 1124 1213 Λευῖται.
1147 1187 1202 1213 Καὶ
1225 1186 1380 1212 κελεύονται
1411 1186 1456 1212 καὶ
1486 1186 1563 1212 αὐτοὶ
1591 1185 1794 1220 ἁφαγνισοῆναι

1003 1233 1047 1259 διὰ
1063 1233 1213 1264 Μωῡσέως,
1241 1232 1287 1258 καὶ
1315 1231 1487 1267 ἀφορίζονται
1513 1231 1605 1258 λοιπον
1622 1232 1665 1258 διὰ
1686 1231 1796 1267 Ἀαρὼν

1004 1278 1166 1314 ἐργάζεσθαι
1184 1278 1217 1305 τὰ
1236 1278 1302 1314 ἔργα
1319 1279 1419 1313 Κυρίου
1440 1279 1499 1304 ἀντὶ
1516 1278 1562 1304 τοῦ
1581 1278 1657 1310 λαοῦ,
1677 1278 1724 1304 καὶ
1748 1277 1795 1304 ατ-

1007 1332 1062 1359 ρειν
1074 1323 1107 1350 τὰ
1120 1323 1204 1358 σκεύη
1221 1323 1270 1357 τῆς
1284 1323 1395 1359 σκηνῆς,
1417 1324 1464 1350 καὶ
1485 1323 1649 1359 λειτουργεῖν
1675 1323 1792 1359 Ἀαρὼν,

1005 1370 1123 1401 καὶτοῖς
1140 1370 1205 1402 υἱοῖς
1227 1370 1318 1396 αὐτοῦ.
1345 1370 1422 1396 Ἔστι
1443 1370 1470 1396 δὲ
1495 1371 1523 1396 ὲν
1543 1370 1616 1404 αὑτῴ
1637 1369 1675 1405 τῷ
1697 1369 1794 1406 βιϐλίῳ

1006 1416 1053 1442 καὶ
1068 1416 1084 1449 ἡ
1099 1415 1264 1446 διατύπωσις
1285 1414 1335 1449 τῆς
1354 1415 1508 1450 ὁδοιπορίας
1527 1414 1574 1440 τοῦ
1599 1415 1664 1441 λαοῦ
1679 1435 1686 1446 ,
1703 1416 1750 1442 καὶ
1774 1417 1792 1451 ἡ

1006 1461 1153 1491 ἀνάστασις
1165 1460 1214 1495 τῆς
1232 1460 1343 1495 σκηνῆς,
1361 1460 1437 1495 καὶὴ
1462 1460 1608 1494 πρόσταξις
1625 1461 1641 1494 ἡ
1653 1461 1717 1495 περὶ
1734 1461 1796 1488 σαλ-

1005 1507 1120 1540 πίγγων,
1147 1506 1186 1537 είς
1209 1505 1240 1531 τὸ
1271 1507 1299 1531 ὲν
1323 1505 1417 1536 αὐταῖς
1443 1505 1636 1532 ἀνακαλεῖσθαι
1656 1505 1701 1532 τὸν
1718 1506 1795 1533 λαόν.

1004 1549 1068 1578 ’Ὧδε
1089 1552 1250 1587 σημαίνεται
1278 1551 1325 1578 καὶ
1350 1553 1364 1578 6
1381 1552 1556 1586 ὲγκαινισμὸς
1577 1551 1624 1577 τοῦ
1649 1551 1799 1587 θυσιαστη-

1006 1599 1076 1635 ρίου,
1089 1599 1136 1624 καὶ
1151 1598 1208 1629 πῶς
1222 1598 1313 1635 ἔχρισε
1326 1598 1376 1634 τὴν
1393 1598 1561 1633 σκηνὴν,καὶ
1580 1599 1693 1634 ἡγίασεν
1708 1599 1797 1635 αὑτήν

1005 1654 1035 1671 τε
1061 1644 1108 1671 καὶ
1136 1644 1224 1671 πάντα
1248 1644 1281 1670 τέι
1309 1645 1338 1670 ὲν
1367 1645 1435 1679 αὐτῇ
1451 1652 1457 1658 ”
1483 1645 1500 1679 ἦ
1534 1653 1563 1670 τε
1590 1644 1710 1676 διάταξις
1739 1645 1798 1672 τῶν

1006 1691 1167 1726 προσφορῶν
1192 1691 1246 1717 τῶν
1277 1692 1315 1722 εἰς
1335 1690 1381 1717 τὸν
1399 1691 1574 1726 ὲγκαινισμὸν
1591 1691 1637 1718 τοῦ
1653 1691 1799 1728 θυσιαστη-

1007 1737 1065 1772 ρίου
1079 1756 1085 1768 ,
1110 1737 1157 1763 καὶ
1176 1737 1237 1772 ὄρος
1263 1736 1315 1763 τῶν
1338 1737 1442 1772 χρόνων
1465 1737 1515 1772 τῆς
1537 1737 1709 1773 λειτουργίας
1737 1738 1798 1765 τῶν

1006 1781 1125 1808 Λευιτῶν
1139 1790 1145 1796 ·
1162 1781 1232 1807 ὥστε
1246 1781 1299 1807 ἀπὸ
1315 1782 1363 1816 μὲν
1373 1782 1459 1808 εἴκοσι
1482 1782 1530 1808 καὶ
1552 1782 1630 1809 πέντε
1654 1782 1723 1808 ἐτῶν
1747 1782 1797 1818 ἄρ-

1006 1828 1100 1862 χεσθαι
1131 1828 1229 1859 αὐτοὺς
1252 1827 1418 1863 λειτουργεῖν
1437 1836 1444 1843 ·
1475 1829 1642 1863 πεντήκοντα
1669 1828 1697 1855 δὲ
1725 1828 1797 1855 ὲτῶν

1007 1874 1178 1910 γενομένους,
1195 1874 1360 1908 ἀφίστασθαι
1378 1875 1426 1909 μὲν
1439 1875 1489 1910 τῆς
1503 1874 1682 1910 λειτουργίας,
1694 1874 1798 1908 φυλάτ-

1007 1929 1063 1946 τειν
1078 1921 1106 1946 δὲ
1121 1920 1200 1956 μόνον
1213 1921 1261 1956 τὴν
1277 1921 1389 1956 σκηνήν.

1042 1966 1199 2002 Γέγραπται
1219 1966 1246 1992 δὲ
1266 1966 1313 1992 καὶ
1332 1966 1455 2002 περὶτοῦ
1473 1966 1570 1998 ὓδατος
1589 1967 1635 1993 τοῦ
1657 1966 1774 2002 ἐλεγμοΰ
1787 1987 1797 2000 ,

1007 2012 1053 2039 τοῦ
1066 2012 1310 2048 ἐπικαταρωμένου
1325 2021 1331 2027 ·
1355 2013 1401 2039 καὶ
1416 2014 1429 2039 ὁ
1442 2014 1524 2048 νόμος
1539 2014 1554 2039 ὁ
1567 2013 1632 2049 περὶ
1649 2014 1703 2040 τῶν
1718 2014 1799 2049 εὐχο-

1009 2058 1097 2093 μένων
1110 2058 1258 2093 ἀπέχεσθαι
1273 2058 1355 2090 οἴνου,
1372 2059 1419 2085 καὶ
1431 2059 1468 2094 μὴ
1483 2059 1623 2094 κείρεσθαι
1638 2059 1687 2094 τὴν
1707 2068 1798 2094 κεφα-

1007 2104 1072 2140 λήν·
1091 2104 1138 2131 καὶ
1151 2105 1192 2130 ὅτι
1211 2103 1377 2138 γογγύσαντι
1395 2104 1481 2131 πάλαι
1505 2104 1549 2131 διὰ
1575 2105 1659 2140 κρέας
1681 2105 1719 2140 τῷ
1738 2105 1800 2141 λαῷ

172 2146 283 2182 populo,
295 2144 450 2172 coturnices
467 2144 550 2177 Deus,
562 2144 660 2172 deinde
671 2149 698 2172 et
714 2146 826 2179 sitienti,
844 2147 953 2174 iterum-

1011 2147 1124 2175 δέδωκεν
1145 2149 1352 2184 ὀρτυγομήτραν
1374 2150 1387 2175 6
1405 2149 1486 2181 Θεὸς,
1507 2150 1553 2177 καὶ
1572 2150 1682 2185 διψῶντι
1698 2151 1727 2177 δὲ
1749 2151 1800 2178 καὶ

173 2199 227 2227 que
243 2190 434 2222 murmuranti,
452 2197 549 2225 aquam
574 2198 607 2218 ex
634 2196 710 2226 petra
735 2192 851 2224 dederit,
874 2201 957 2228 quam

174 2238 264 2266 Moses
281 2245 380 2272 aquam
397 2236 624 2266 contradictionis
644 2238 761 2265 vocavit.
776 2238 850 2266 Misit
861 2244 889 2266 et
905 2247 956 2267 ex-

174 2285 325 2320 ploratores
346 2291 380 2311 ex
399 2291 564 2319 unaquaque
589 2284 663 2312 tribu
688 2292 784 2316 unum,
801 2285 872 2312 inter
889 2293 958 2320 quos

174 2334 252 2358 erant
265 2329 345 2359 Jesus
357 2329 430 2358 Nave
445 2334 472 2357 et
491 2329 594 2358 Chaleb
607 2329 739 2365 Jephone.
757 2330 806 2358 llic
825 2335 853 2358 et
877 2339 958 2367 syna-

175 2384 243 2412 goga
258 2376 327 2404 Core
341 2379 437 2403 contra
458 2375 561 2403 Mosem
583 2376 744 2409 insurrexit,
762 2376 874 2413 vivique
887 2378 958 2404 intra

175 2426 277 2449 terram
294 2430 356 2450 cum
371 2422 476 2449 Dathan
496 2426 523 2449 et
543 2422 648 2450 Abiron
664 2423 785 2458 absorpti
799 2427 863 2451 sunt
879 2433 886 2452 :
901 2427 959 2450 tum

176 2467 262 2495 Maria
277 2476 355 2496 soror
366 2468 483 2496 Aaronis
495 2468 570 2504 lepra
591 2476 722 2503 percussa
746 2473 799 2501 cst,
829 2469 960 2505 virgaque

176 2514 294 2542 Aaronis
308 2514 469 2550 germinavit
499 2522 609 2543 nucem.
637 2514 734 2542 Postea
767 2519 892 2543 mortuus
919 2521 960 2544 est

176 2560 268 2586 Aaron
284 2559 312 2586 iu
327 2563 419 2586 monte
438 2558 504 2592 Hor,
521 2559 567 2587 cui
589 2560 723 2588 successit
750 2559 862 2588 Eleazar
889 2561 961 2589 ﬁlius

177 2606 248 2639 ejus.
264 2605 321 2633 Hoc
334 2605 405 2633 libro
414 2610 441 2633 et
454 2605 570 2633 historia
592 2606 701 2633 Balaam
723 2610 750 2633 et
773 2607 858 2634 asina:
873 2608 960 2642 ipsius

179 2651 298 2678 humana
324 2659 390 2679 voce
415 2652 512 2679 locuta:
537 2653 731 2680 scribiturtet
748 2653 885 2686 quomodo
915 2662 962 2688 rex

179 2695 288 2730 quidem
307 2696 487 2724 Moabitarum
504 2697 596 2730 Balac,
618 2698 751 2726 confusus
775 2700 810 2726 sit
828 2709 834 2726 ε
862 2700 962 2734 populo

179 2743 270 2767 autem
287 2749 335 2775 per
350 2743 495 2770 consilium
512 2743 620 2770 Balaam
637 2745 750 2778 polluto,
772 2744 888 2771 Phincos
904 2754 963 2772 mu—

180 2785 273 2812 licrcm
289 2786 490 2815 liladiauitidem
503 2796 564 2816 cum
581 2789 836 2824 Zambrelsraelita,
848 2799 881 2819 ex
893 2791 964 2819 tribu

1010 2195 1091 2224 πάλιν
1108 2196 1273 2231 γογγύσαντι
1292 2197 1330 2232 τῷ
1344 2197 1401 2232 λαῷ
1415 2198 1530 2225 δέδωκεν
1545 2200 1577 2224 ὲκ
1594 2199 1696 2235 πέτρας
1712 2199 1798 2235 ὕδωρ,

1009 2244 1043 2279 ἢν
1055 2243 1166 2270 ἐκάλεσε
1182 2244 1301 2279 Μωῦσῆς
1320 2244 1392 2280 ὕδωρ
1411 2245 1574 2278 ἀντιλογίας.
1598 2245 1752 2272 Ἀπὲστειλέ
1767 2255 1799 2272 τε

1010 2291 1200 2322 κατασκόπους
1220 2291 1268 2317 ἕνα
1288 2291 1360 2318 κατὰ
1385 2290 1487 2327 φυλὴν,
1505 2292 1534 2317 ὲν
1551 2288 1591 2323 οἷς
1615 2292 1662 2318 καὶ
1694 2292 1800 2326 Ἰησοῦν

1010 2337 1055 2364 τδν
1071 2336 1118 2363 τοῦ
1134 2337 1224 2372 Ναυῆ,
1239 2337 1286 2364 καὶ
1302 2337 1392 2363 Χάλε6
1406 2337 1450 2363 τὸν
1467 2337 1514 2364 τοῦ
1537 2338 1650 2373 Ἰεφονῆ.
1672 2336 1734 2365 Ὧδε
1751 2341 1801 2367 καὶ

1011 2383 1028 2416 ὴ
1055 2381 1199 2417 συναγωγὴ
1226 2382 1299 2417 Κορὲ
1323 2382 1458 2418 ἐπανέστη
1489 2382 1561 2410 κατὰ
1589 2384 1728 2416 Μωῦσέως
1749 2385 1801 2412 καὶ

1013 2426 1112 2459 ζῶντες
1136 2427 1325 2462 κατεπόθησαν
1346 2428 1386 2459 εις
1404 2428 1454 2463 τὴν
1470 2428 1523 2462 γῆν
1546 2428 1613 2463 μετὰ
1634 2429 1723 2455 ΔαΘὰν
1751 2430 1801 2456 καὶ

1019 2472 1157 2508 Ἀδειρών-
1168 2472 1212 2499 ὅτε
1224 2473 1270 2499 καὶ
1280 2472 1375 2509 Μαρία
1389 2474 1405 2508 ἠ
1417 2473 1518 2509 ἀδελφὴ
1531 2473 1636 2510 Ἀαρὼν
1645 2474 1800 2510 ἐλεπρώθηι

1012 2518 1088 2553 καὶὴ
1111 2519 1208 2554 ῥάϐδος
1229 2518 1333 2555 Ἀαρὼν
1357 2519 1504 2555 ἐϐλάστησε
1529 2520 1640 2556 κάρυον.
1656 2521 1710 2547 Καὶ
1730 2522 1802 2556 μετὲ

1012 2564 1099 2591 ταῦτα
1116 2564 1283 2599 ἀποθνήσκει
1306 2564 1410 2600 Ἀαρὼν
1422 2565 1451 2590 ἐν
1465 2564 1503 2599 τῷ
1517 2565 1574 2600 ὄρει
1599 2566 1658 2601 Ὢρ,
1679 2567 1726 2593 καὶ
1743 2567 1802 2595 δια-

1013 2610 1118 2645 δέχεται
1132 2610 1213 2636 αὐτὸν
1232 2610 1362 2646 Ἐλεάζαρ
1374 2611 1388 2636 6
1401 2611 1457 2642 υἱὸς
1470 2611 1561 2637 αὐτοῦ.
1576 2608 1640 2638 Ὧδε
1659 2612 1706 2638 καὶ
1720 2614 1734 2641 6
1749 2614 1803 2639 Βα-

1013 2656 1088 2691 λαὰμ
1106 2657 1152 2683 καὶ
1170 2658 1186 2691 ἡ
1203 2657 1342 2692 λαλῆσασα
1360 2658 1441 2684 αὑτοῦ
1461 2658 1520 2689 ὗνος
1542 2658 1699 2694 ἀνθρωπίνῃ
1724 2661 1800 2695 φωνῇ

1015 2703 1161 2737 ἱστορεῖται
1171 2710 1178 2718 ο
1194 2703 1239 2729 καὶ
1252 2704 1292 2729 ὅτι
1303 2704 1316 2729 ὁ
1330 2703 1379 2738 μὲν
1392 2704 1484 2730 Βαλὰκ
1498 2704 1623 2738 βασιλεὺς
1639 2704 1726 2730 Munati
1740 2713 1793 2730 κατ

1015 2748 1135 2783 ῃσχύνθη
1159 2758 1165 2763 ·
1187 2749 1233 2775 τοῦ
1255 2749 1284 2775 δὲ
1305 2750 1369 2776 λαοῦ
1389 2750 1587 2785 βεϐηλωοέντος
1613 2751 1642 2781 ἐξ
1666 2749 1803 2783 ὑποϐολῆς

1016 2793 1061 2820 τοῦ
1079 2793 1204 2830 Βαλαὰμ,
1223 2795 1236 2820 ὁ
1255 2795 1351 2830 Φινεῆς
1364 2794 1498 2830 ἀνέτρωσε
1516 2796 1564 2831 τὴν
1578 2795 1735 2822 Μαδιανῑτιν
1755 2793 1804 2820 καὶ
