1915 3057
85 180 138 210 303

614 185 782 213 SYNOPSIS
802 185 1009 214 SCBlPTUBE
1029 186 1162 215 SACRE.

1652 183 1704 210 $06

87 241 132 268 τὸν
147 241 315 277 Ἰσραηλῐτην
335 243 449 278 Ζαμϐρῆ
467 244 499 270 ὲκ
520 243 604 279 φυλῆς
625 245 736 281 Συμεὼν
756 245 800 272 διὰ
820 245 870 277 τὰς

928 245 1033 274 Simeon
1062 249 1172 282 propter
1201 245 1396 273 scortati’onem
1428 244 1597 275 confoderit,
1623 247 1705 278 atque

87 287 220 322 πορνείας,
235 287 282 314 καὶ
294 287 364 314 οὕτω
391 289 528 315 πέπαυται
548 291 564 324 ὴ
580 290 658 326 ὀργή.
672 290 871 326 Καταλαλήσας

86 333 115 360 δὲ
128 333 142 359 ό
157 333 220 365 λαὸς
235 334 303 370 πρὸς
319 334 364 360 τὸν
386 334 452 361 Θεὸν
473 335 544 362 κατὰ
563 337 714 368 Μωῦσὲως,
731 337 871 363 ἐδάκνοντο

86 379 139 405 ὑπὸ
153 379 250 413 ὗερεων,
276 381 321 407 καὶ
344 380 457 416 ὕστερον
470 381 644 414 ἀξιωσάντων
668 383 768 414 αὐτῶν,
786 391 872 418 προσ-

86 425 177 457 έταξεν
189 427 203 452 ὁ
216 426 282 457 Θεὸς
297 427 422 460 γενέσθαι
435 428 496 462 ὅφιν
512 428 639 463 χαλκοῦν,
655 429 703 455 καὶ
716 429 873 465 κρεμασθῆ⁴

85 480 129 498 ναι
145 472 226 498 αὐτόν
239 480 245 487 ’
272 472 314 498 ἵνα
336 473 350 498 ὁ
367 473 475 508 δηχθεὶς
496 474 601 509 βλέπων
621 474 702 501 αὐτὸν
714 475 795 510 ζήσῃ,
808 472 871 501 Ὧδε

85 518 190 545 κελεύει
202 519 215 545 ὁ
228 518 295 549 Θεὸς
308 519 347 554 τῷ
361 520 464 555 Μωῡσῇ
480 521 526 547 καὶ
548 520 678 556 Ἐλεάζαρ
689 520 727 556 τῷ
742 522 808 556 ἱερεῖ
824 530 872 556 με·-

85 563 184 599 τρῆσαι
202 563 283 590 πάλιν
306 565 351 590 τὸν
370 565 433 591 λαὺν
449 566 502 592 ἀπὸ
526 566 695 597 εὶκοσαετοῦς
711 566 757 592 καὶ
771 566 871 598 ἐπάνω,

87 609 134 637 καὶ
158 610 256 645 εὑρέθη
279 610 294 636 ό
317 611 433 646 ἀριθμὸς
466 611 556 638 αὐτῶν
592 611 708 646 χιλιάδες
735 612 873 645 ἑξακόσιαι

87 655 132 681 καὶ
171 655 252 689 χίλιοι
286 655 441 682 ἑπτακόσιοι
473 656 630 691 τριάκοντα.
663 657 717 682 Καὶ
747 657 771 683 οἱ
798 656 874 683 Λευῖ-

87 709 129 726 ται
146 700 175 727 δὲ
199 701 280 727 πάλιν
307 701 368 728 καθ’
392 702 504 734 ἑαυτοὺς
526 701 735 738 ἠριθμήθησαν,
760 702 807 728 καὶ
829 703 874 728 εὐ-

88 744 205 780 ρὲῦησαν
221 745 339 780 χιλιάδες
355 749 407 780 κγ’.
430 746 462 772 Ἠ
492 747 542 781 μὲν
570 744 616 773 οὖν
643 747 786 782 ἐπίσκεψις
803 746 871 782 αὕτη

86 790 182 824 γέγονε
202 792 231 816 ὲν
249 790 372 826 ’Λραὸὼθ
392 791 490 824 Μωὰΰ,
513 791 559 818 ἐπὶ
573 790 619 818 τοῦ
649 791 781 827 Ἰορδάνου
803 792 874 818 κατὰ

91 835 207 871 ’1εριχῶ.
240 837 285 862 Ἐν
312 836 415 868 τούτοις
441 837 469 863 δὲ
501 837 588 868 οὐδεὶς
611 834 644 872 ἦν
666 837 720 863 τῶν
742 837 873 873 πρότερον

84 881 300 916 ὲπεσκεμμένων
311 889 319 897 ⁸
341 882 381 908 ὃτι
396 881 540 914 ἀπέθανον,
558 881 627 917 πλὴν
644 880 734 908 Χαλὲὸ
754 881 800 907 καὶ
820 881 873 916 ’1η-

86 926 151 958 σοῦς
166 928 180 952 ὁ
192 926 239 953 τοῦ
255 927 344 962 Ναυῆ.

123 974 170 999 Ἐν
186 974 273 1008 τούτῳ
288 973 326 1009 τῷ
345 972 439 1008 βιΰλίῳ
461 973 563 1008 ἔγραψε
583 972 702 1007 Μωῡοῆς
720 972 763 999 διὰ
790 972 875 1007 ῥημά-

84 1028 140 1046 των
153 1020 255 1056 Κυρίου
275 1020 407 1054 ἁπάρσεις
422 1018 511 1045 αὐτῶν
527 1019 574 1045 καὶ
588 1019 650 1050 τοὺς
667 1017 802 1053 σταθμοὺς
826 1018 875 1044 αὖ·

83 1065 151 1096 τῶν,
176 1066 205 1091 ὲν
221 1062 261 1097 οἷς
284 1065 422 1096 ὁδεύοντες
443 1065 497 1091 ἀπὸ
514 1066 562 1100 τῆς
587 1064 724 1098 Αἰγύπτου
746 1063 874 1090 κατέλυον

84 1111 302 1146 ἀναπαυόμενοι.
319 1111 375 1137 Καὶ
391 1110 460 1136 εἰσὶν
471 1107 543 1137 οὗτοι
557 1119 564 1125 ·
588 1110 654 1136 Ἀπὸ
675 1109 811 1145 Ῥαμεσσῆ
825 1109 874 1144 τῆς

85 1156 226 1190 Αἰγύπτου
252 1156 363 1192 ἐξῆλθον
386 1155 425 1191 τῷ
454 1155 555 1191 πρώτῳ
582 1155 801 1191 μηνὶ’ὲπαύριον
827 1154 874 1181 τοῦ

85 1202 196 1237 Πάσχα,
207 1203 253 1229 καὶ
268 1200 350 1238 ἦλθον
364 1203 404 1234 εἰς
421 1202 524 1238 Σοχὼθ,
538 1203 592 1228 ἀπὸ
602 1201 693 1237 Σοχὼθ
708 1203 747 1233 εἰς
761 1201 874 1233 Βουοὰν,

85 1248 142 1274 ἀπὸ
162 1248 263 1275 Βουθὰν
287 1249 325 1279 εἰς
348 1247 536 1282 Βεελσεπφὼν,
557 1248 685 1274 ἀπέναντι
708 1247 873 1281 Μαγδώλου·

85 1293 144 1319 ἀπὸ
175 1292 355 1326 Βεελσεπφὼν
383 1292 512 1327 διέϐησαν
539 1291 619 1327 μέσον
644 1291 693 1326 τῆς
716 1290 851 1322 θαλάσσης
866 1298 873 1304 ·

85 1339 142 1366 ἀπὺ
167 1339 305 1373 Θαλάσσης
328 1339 367 1370 εἰς
389 1337 521 1373 Πικρίας,
547 1338 594 1364 καὶ
619 1337 672 1363 ἀπὸ
697 1336 817 1370 Πικριῶν
837 1336 876 1367 εις

92 1385 188 1420 Ἐλεὶμ
201 1385 269 1418 (85),
290 1385 357 1410 ὅπου
379 1385 403 1410 οἱ
423 1384 557 1415 Φοίνικες·
575 1383 622 1410 καὶ
643 1383 697 1410 ἀπὸ
724 1382 817 1417 Ἐλεὶμ
837 1382 877 1413 εἰς

85 1431 152 1466 Σεὶρ
180 1431 234 1463 ι86)
261 1430 309 1465 τὴν
335 1430 455 1465 ἔρημον·
480 1429 533 1456 ἀπὸ
553 1430 603 1464 τῆς
625 1430 727 1464 ἐρήμου
754 1429 817 1463 Σεὶρ
837 1429 876 1460 εὶς

92 1474 237 1507 Ῥάξρακα·
254 1473 308 1499 ἀπὺ
334 1473 458 1506 Ῥάιρακα
481 1473 520 1503 εἰς
546 1472 639 1506 Ἐλεὶμ
662 1471 730 1507 (87),
755 1471 802 1497 καὶ
825 1470 878 1497 ἀπὸ

93 1519 191 1554 Ἐλεὶμ
211 1519 250 1550 εἰς
271 1517 428 1553 Ῥαφιδείμδ
450 1518 504 1544 ἀπὸ
527 1517 668 1551 Ῥαφιδεὶμ
687 1517 726 1548 εἰς
745 1517 810 1542 Σινᾶ
829 1516 878 1550 τὴν

86 1565 209 1600 ἔρημον
224 1564 278 1590 ἀπὸ
299 1564 402 1599 ἐρήμου
425 1564 489 1590 Σινᾶ
501 1563 540 1595 εἰς
558 1564 696 1598 Μνήματα
715 1564 764 1598 τῆς
783 1563 877 1589 ἐπιου-

89 1611 167 1645 μέας·
181 1610 234 1636 ἀπὸ
246 1610 402 1644 Μνημάτων
413 1609 462 1644 τῆς
471 1609 618 1643 ἐπιθυμίας
632 1609 671 1640 εἰς
685 1608 799 1644 Ἀσιρώο
809 1608 874 1644 (38)·

87 1656 145 1683 ἀπὸ
166 1655 281 1690 Ἀσιρὼθ
298 1656 337 1687 εἰς
366 1655 505 1689 Ῥαοαμά·
523 1654 576 1680 ἀπὸ
602 1653 728 1689 Ῥαοαμὰ
745 1655 784 1684 εἰς
802 1654 878 1689 Ῥεμ-

88 1702 152 1738 μὼν
162 1701 248 1737 Φαρές
260 1710 267 1717 -
281 1702 328 1727 καὶ
335 1701 388 1727 ἀπὸ
406 1699 531 1735 Ῥεμμὼν
539 1700 624 1735 Φαρὲς
633 1701 673 1731 εἰς
683 1700 798 1734 Λεμῶνα
810 1700 876 1734 (89)’

87 1748 144 1774 ἀπὸ
158 1747 275 1781 Λεμῶνα
288 1748 327 1778 εις
338 1746 440 1773 Δεσςάν
449 1755 456 1762 ⁸
475 1746 528 1772 ἀπὸ
540 1745 642 1772 Δεσσὰν
662 1747 701 1777 ε1ς
721 1746 876 1772 Μακε).λάο⁶

87 1793 145 1821 ἀπὸ
159 1792 304 1819 Μακελλὰο
317 1794 356 1824 εἰς
372 1792 467 1827 Σαφὰρ
481 1800 487 1806 ’
506 1791 559 1818 ἀπὸ
573 1791 667 1826 Σειφὰρ
681 1792 720 1823 εἰς
736 1791 876 1826 Χαραδάοο

87 1839 146 1866 ἀπὸ
160 1838 288 1874 Χαραδὰθ
300 1839 339 1869 εἰς
361 1837 513 1872 Μακηλώϐ·
535 1838 588 1863 ἀπὸ
606 1837 743 1872 Μακηλὼο
764 1839 803 1869 εἰς
820 1838 878 1864 Κα-

87 1885 161 1912 ταάθ
172 1894 178 1900 ·
193 1885 245 1911 ἀπὸ
258 1883 369 1911 Καταὰθ
389 1885 428 1915 εἰς
441 1883 550 1919 Ταράθ·
566 1883 619 1909 ἀπὸ
638 1883 730 1918 Ταρὰο
750 1884 789 1914 εἰς
803 1884 879 1910 Ματ-

87 1931 160 1958 τεκᾶ
172 1939 178 1945 ·
193 1931 247 1957 ἀπὸ
262 1931 392 1957 Mar-cuca.
404 1931 443 1961 εἰς
455 1929 584 1964 Σελμῶνα
594 1937 600 1944 ·
616 1929 669 1955 ἀπὸ
681 1929 820 1963 Σελμῶνος
837 1930 877 1960 εἰς

88 1976 248 2012 Μασουρώο
261 1985 267 1991 ·
281 1977 335 2002 ἀπὸ
349 1975 500 2011 Μασουρὼο
516 1977 555 2007 εἰς
567 1976 670 2002 Βάναια
681 1984 687 1990 ’
701 1975 748 2002 καὶ
759 1976 812 2002 ἀπὸ
825 1975 879 2002 Βά-

89 2031 155 2050 tuta
185 2023 225 2054 εἰς
245 2021 276 2048 τὸ
303 2021 365 2057 ὄρος
387 2021 492 2054 Γαδγάδ
511 2030 518 2036 -
541 2020 660 2047 καὶ-ἀπὺ
678 2020 756 2056 ὖρους
776 2021 880 2055 Γαδγὰδ

89 2070 130 2101 εἰς
158 2068 294 2095 Ἐταδαθᾶ
306 2077 312 2083 ·
337 2068 384 2094 καὶ
404 2067 458 2093 ἀπὸ
478 2066 612 2093 Ἐταϐαὓᾶ
625 2067 664 2098 εἰς
676 2067 803 2101 Σεόριῖινα
813 2066 878 2102 (90)·

91 2117 139 2143 καὶ
169 2115 223 2142 ἀπο
245 2114 373 2150 Σεϐρῶνα
398 2115 437 2145 εἰς
456 2114 645 2149 Γεσιωνγαϐἐρ
660 2122 666 2129 ·
692 2113 738 2139 καὶ
759 2113 813 2140 ἀπὸ
832 2113 880 2139 Γε-

93 2161 248 2197 σιωνγαόὲρ
264 2162 303 2192 εἰς
323 2161 371 2196 τὴν
391 2160 492 2196 ἔρημον
514 2160 573 2187 Σεῖν
588 2169 595 2175 ·
620 2160 666 2186 καὶ
686 2160 740 2186 ἀπὸ
776 2160 879 2195 ἐρήμου

93 2209 154 2234 Σεῖν
169 2209 209 2239 εἰς
221 2207 268 2243 τὴν
282 2207 383 2242 ἔρημον
403 2206 494 2242 Φαράν
507 2214 514 2221 ”
533 2205 600 2242 αὕτη
622 2205 680 2232 ἐστὶ
695 2205 782 2237 Κὰδες
795 2214 801 2220 ·
823 2207 881 2232 ἐκεῖ

922 300 953 320 ea
967 292 1074 319 ratione
1090 293 1158 320 iram
1175 291 1222 319 Dei
1239 292 1385 319 sedaverit.
1401 290 1441 318 Ad
1456 291 1514 318 haec
1526 294 1704 325 posteaquam

922 342 1017 365 contra
1031 338 1113 365 Deum
1129 342 1155 365 et
1171 337 1289 373 Moysem
1302 338 1409 364 loculus
1423 341 1495 365 esset
1509 335 1636 371 populus,
1646 343 1704 361 ser-

923 387 1033 418 pentum
1050 383 1187 410 morsibus
1204 383 1395 410 cruciabatur:
1416 386 1443 409 at
1460 382 1567 410 demum
1584 380 1704 416 roganti-

922 429 974 456 bus
1002 429 1068 461 illis,
1089 433 1243 463 serpentem
1261 437 1366 456 arneum
1394 428 1452 456 ﬁeri
1475 427 1559 462 jussit
1578 426 1649 454 Deus
1672 434 1704 453 ac

923 473 1066 508 suspendi.
1083 481 1138 508 quo
1154 473 1214 500 viso
1232 474 1345 507 viveret,
1360 473 1406 508 qui
1423 480 1437 499 a
1450 472 1622 507 serpentibus
1633 475 1705 498 esset

923 519 1093 547 vulneratus.
1109 518 1243 553 Praecepit
1257 520 1338 546 etiam
1365 519 1417 545 boc
1439 518 1511 546 libro
1525 517 1596 545 Deus
1620 517 1705 553 Moysi

923 568 949 592 et
963 564 1091 592 Eleazaro
1107 563 1254 596 sacerdoti,
1271 564 1360 591 denuo
1372 571 1515 591 recensere
1533 563 1671 598 populum.
1689 570 1704 590 a

923 611 1054 638 vicesimo
1065 617 1137 637 anno
1152 614 1178 638 et
1192 617 1285 645 supra,
1303 610 1381 644 cujus
1396 613 1453 636 tum
1468 609 1594 637 inventus
1607 613 1649 636 est
1659 616 1706 636 nu-

923 665 1026 687 merus,
1041 660 1169 684 sexcenta
1194 656 1279 683 millia
1303 656 1377 683 mille
1403 655 1566 690 septingenti
1582 656 1704 690 triginta.

924 701 958 728 Et
969 701 1069 729 Levita:
1083 709 1192 736 quoque
1208 701 1307 728 iterum
1325 700 1472 734 separatim
1483 699 1618 726 numerati
1630 702 1704 730 sunt,

923 752 950 775 et
967 748 1094 775 inventus
1112 752 1155 775 est
1170 748 1277 775 illorum
1293 754 1424 774 numerus
1437 745 1532 781 viginti
1544 745 1595 772 tria
1611 745 1705 772 millia.

924 793 1062 821 Recensiti
1075 798 1139 822 sunt
1160 797 1251 820 autem
1267 793 1294 820 in
1308 792 1428 819 Arahoth
1453 791 1540 823 Moabl
1561 792 1594 818 ad
1610 790 1708 818 Jorda-

924 847 986 867 nem
1014 843 1110 866 contra
1133 839 1252 866 Jericho.
1272 838 1302 865 In
1324 839 1385 866 istis
1401 841 1491 866 autem
1516 845 1596 865 nemo
1613 844 1708 864 eorum

925 889 994 917 erat,
1010 885 1056 920 qui
1086 889 1165 912 antea
1194 885 1329 912 numerati
1357 884 1474 911 fuerant.
1498 883 1597 911 Mortui
1608 884 1709 920 quippe

924 935 1014 964 erant,
1031 936 1129 966 pra-ter
1142 931 1244 958 Chaleb
1260 935 1286 958 et
1307 930 1386 957 Jesus
1404 929 1486 958 Nave.

960 977 1126 1011 Complexus
1153 980 1195 1003 est
1227 976 1280 1003 hoc
1306 983 1415 1010 quoque
1440 975 1578 1003 volumine
1601 975 1708 1011 Moyses

922 1023 1000 1058 juxta
1026 1022 1133 1050 Domini
1159 1022 1260 1053 verba.
1286 1022 1469 1056 profectiones
1495 1027 1522 1049 et
1552 1023 1708 1050 mansiones

924 1068 1042 1100 lsraelis,
1053 1068 1152 1103 quibus
1167 1075 1200 1096 ex
1219 1067 1336 1103 Egypto
1345 1068 1457 1102 profecti
1469 1068 1583 1095 subinde
1599 1069 1708 1103 quieve-

924 1118 996 1142 rant.
1012 1114 1046 1141 Et
1061 1119 1125 1142 sunt
1140 1114 1198 1141 ista:
1215 1123 1222 1141 :
1238 1113 1379 1145 Ramesse,
1391 1113 1500 1149 Egypti
1513 1114 1600 1149 primo
1615 1122 1708 1143 mense

925 1160 1060 1196 postridie
1075 1159 1217 1187 Paschalis
1241 1159 1366 1194 profecti,
1382 1162 1515 1186 venerunt
1528 1159 1555 1186 in
1572 1158 1706 1194 Sochoth;

925 1206 958 1233 de
973 1206 1092 1233 Sochoth
1118 1205 1145 1232 in
1168 1206 1295 1238 Butlian;
1311 1205 1345 1232 de
1362 1205 1468 1232 Buthan
1490 1205 1517 1232 in
1531 1205 1706 1240 Beelsephon,

926 1255 1021 1279 contra
1037 1251 1198 1286 Magdolon;
1214 1251 1248 1279 de
1279 1251 1445 1286 Beelsephon
1463 1258 1512 1286 per
1526 1259 1601 1279 mare
1623 1256 1710 1281 trans~

926 1298 1035 1331 ierunt;
1057 1297 1090 1325 de
1105 1298 1173 1324 mari
1189 1298 1216 1324 in
1226 1297 1446 1330 Amaritudines;
1466 1298 1499 1325 de
1513 1297 1708 1326 Amaritudini-

926 1340 977 1367 bus
992 1340 1025 1367 ad
1043 1339 1123 1372 Elim,
1143 1339 1188 1366 ubi
1206 1343 1284 1367 erant
1299 1340 1410 1374 palmae;
1427 1339 1460 1366 de
1485 1339 1554 1366 Elim
1574 1341 1602 1368 in
1616 1341 1710 1368 deser-

928 1389 982 1412 tum
1001 1384 1077 1417 Scir;
1090 1393 1105 1412 e
1119 1385 1228 1412 deserto
1247 1384 1306 1411 Seir
1330 1384 1355 1411 in
1374 1384 1564 1419 Raphaca:de
1583 1385 1710 1421 Raphaca

928 1430 955 1456 in
969 1429 1053 1462 Elim;
1069 1429 1103 1456 de
1121 1428 1188 1456 Elim
1213 1429 1240 1456 in
1268 1427 1430 1463 Raphidim;
1448 1429 1482 1456 de
1507 1428 1651 1464 Raphidim
1679 1431 1708 1458 in

928 1475 1102 1503 solitudinem
1120 1474 1202 1507 Sina;
1217 1474 1250 1501 de
1266 1473 1413 1502 solitudine
1430 1474 1495 1501 Sina
1521 1475 1554 1501 ad
1579 1475 1710 1509 Sepulcra

928 1519 1156 1554 concupiscentiae
1167 1529 1174 1553 ;
1186 1520 1218 1547 de
1231 1519 1369 1554 Sepulcris
1380 1520 1606 1554 concupiscentim
1617 1522 1643 1547 in
1653 1521 1710 1549 Asi-

928 1565 1006 1598 rotb;
1024 1564 1170 1591 deAsiroth
1182 1565 1208 1591 in
1224 1564 1373 1591 Rathama:
1388 1565 1421 1592 de
1437 1564 1569 1592 Rathama
1585 1566 1610 1593 in
1627 1566 1709 1593 Rem-

929 1618 992 1637 mon
1018 1610 1140 1642 Phares;
1155 1609 1189 1636 de
1208 1610 1341 1637 Remmon
1366 1609 1469 1638 Phares
1484 1611 1511 1637 in
1527 1610 1662 1645 Lemona;
1677 1613 1711 1640 de

928 1655 1045 1682 Lemona
1071 1655 1099 1682 in
1120 1655 1240 1688 Dessan;
1263 1655 1297 1682 de
1327 1655 1429 1683 Dessan
1448 1656 1475 1683 in
1504 1655 1661 1690 Macellatb;
1677 1658 1711 1686 de

927 1701 1069 1728 Macellath
1097 1701 1123 1727 in
1153 1700 1273 1735 Saphar;
1295 1701 1328 1728 de
1357 1700 1462 1736 Saphar
1489 1701 1516 1729 in
1536 1702 1709 1736 Charadath;

928 1747 962 1774 de
983 1747 1137 1774 Charadath
1163 1746 1190 1772 in
1220 1746 1369 1780 Maceloth;
1386 1747 1419 1774 de
1444 1747 1576 1775 Maceloth
1604 1748 1631 1775 in
1659 1748 1711 1776 Ca-

928 1793 1022 1826 taath;
1053 1793 1087 1820 de
1115 1793 1229 1820 Cataath
1268 1793 1297 1820 in
1324 1793 1444 1826 Tarath;
1476 1795 1510 1822 de
1551 1794 1651 1822 Tarath
1683 1796 1712 1822 in

929 1837 1062 1871 Matteca;
1084 1838 1116 1865 de
1134 1837 1247 1864 Matleca
1270 1838 1297 1864 in
1317 1837 1457 1870 Selmona;
1474 1839 1508 1866 de.
1532 1838 1658 1867 Selmona
1683 1841 1712 1868 in

929 1882 1090 1915 Masurotli;
1109 1882 1142 1909 de
1159 1882 1299 1909 Masuroth
1322 1883 1350 1909 in
1368 1882 1483 1910 Banma:
1502 1883 1536 1911 de
1556 1884 1651 1912 Banaea
1678 1886 1712 1913 ad

929 1933 1049 1955 montem
1065 1927 1190 1963 Gadgad;
1207 1927 1240 1954 de
1262 1932 1355 1955 monte
1370 1927 1481 1964 Gadgad
1505 1929 1532 1957 in
1559 1930 1711 1965 Etabatba;

929 1974 962 2001 de
979 1973 1112 2001 Etabatha
1132 1974 1158 2000 in
1182 1973 1320 2008 Sebrona;
1336 1973 1369 2001 de
1386 1973 1507 2002 Sebrona
1522 1975 1551 2002 in
1564 1975 1713 2012 Gesionga-

929 2020 993 2054 ber;
1012 2021 1044 2047 de
1055 2020 1240 2056 Gesiongaber
1255 2021 1281 2048 in
1302 2021 1477 2049 solitudinem
1494 2021 1559 2056 Sin;
1583 2031 1597 2050 e
1617 2024 1713 2051 solitu-

929 2067 993 2094 dine
1011 2066 1059 2093 Sin
1086 2066 1115 2093 in
1143 2067 1318 2094 solitudinem
1334 2066 1453 2101 Pharan,
1468 2076 1528 2103 quas
1543 2073 1584 2096 est
1600 2069 1686 2097 Cades
1704 2079 1710 2097 :

929 2113 966 2140 ibi
984 2116 1091 2139 mortua
1122 2117 1164 2140 est
1196 2112 1288 2141 Maria.
1303 2113 1324 2140 Ε
1344 2113 1432 2141 Cades
1455 2114 1487 2141 ad
1512 2119 1629 2142 montem
1646 2115 1711 2148 Hor,

930 2166 1014 2193 prope
1029 2163 1129 2185 terram
1142 2158 1238 2191 Edom,
1252 2167 1306 2194 quo
1318 2167 1470 2186 conscenso
1482 2160 1573 2187 Aaron
1589 2169 1712 2189 summus

931 2204 1058 2232 sacerdos
1071 2205 1149 2239 jussu
1164 2204 1270 2232 Domini
1289 2210 1413 2233 mortuus
1427 2209 1480 2238 est,
1490 2214 1560 2233 anno
1576 2208 1713 2242 egressio-

95 2254 228 2280 ὰπέθανεν
244 2253 362 2288 Μαριὰμ.
374 2253 402 2279 ὲν
421 2253 515 2288 Κάδῃ·
537 2252 591 2278 ἀπὸ
606 2251 699 2286 Κάδης
716 2253 755 2283 εἰς
780 2252 829 2287 Ὢρ
850 2251 876 2278 τὲ

931 2250 974 2276 nis
1003 2250 1120 2276 ﬁliorum
1148 2249 1229 2277 Israel
1248 2250 1468 2285 quadragesimo,
1491 2258 1585 2278 mense
1604 2252 1711 2286 quinto.

96 2300 156 2334 ιρος
173 2299 285 2334 πλησίον
298 2299 349 2334 γῆς
368 2297 466 2333 Ἐδὼμ,
481 2297 542 2329 εἰςὸ
553 2297 655 2328 ἀναϐὰς
676 2296 779 2332 Ἀαρὼν
793 2297 806 2323 ὁ
818 2298 881 2332 ἀρχ-

99 2347 184 2380 ιερεὺς
207 2345 325 2372 ἀπέθανε
348 2344 393 2371 διὰ
415 2344 631 2380 προσταγμάτων
652 2343 754 2377 Κυρίου
782 2344 811 2370 ἐν
840 2343 880 2378 τῷ

98 2391 304 2426 τεσσαρακοστῷ
317 2390 372 2417 ἔτει
384 2391 434 2426 τῆς
456 2389 545 2422 ἐξόδου
557 2390 611 2417 τῶν
625 2389 689 2416 υἱῶν
713 2389 830 2425 Ἰσραὴλ,
851 2390 880 2416 ἐν

98 2437 135 2472 τῷ
149 2438 214 2473 μηνὶ
225 2437 263 2472 τῷ
278 2437 404 2472 πέμπτῳ,
420 2437 470 2472 μιᾷ
484 2436 531 2463 τοῦ
546 2436 639 2471 μηνὸς,
654 2435 722 2463 ἐτῶν
743 2439 811 2471 ρκγ⁸·
827 2435 880 2462 ἀπὸ

101 2482 208 2518 Ὧρτοῦ
228 2483 307 2518 ὅρους
328 2483 367 2513 εἰς
382 2481 527 2516 Σελμῶνα·
548 2481 595 2508 καὶ
614 2481 667 2507 ἀπὸ
682 2480 821 2516 Σελμῶνος
841 2481 881 2512 εἰς

98 2527 181 2555 Φεινώ
193 2537 200 2544 ·
213 2529 262 2555 καὶ
271 2528 325 2555 ἀπὸ
335 2527 420 2554 Φεινὼ
433 2528 475 2558 εἰς,
486 2526 585 2553 Σωϐώθ
601 2527 667 2562 (91)·
684 2527 730 2553 xal.
753 2527 806 2553 ἀπὸ
825 2527 881 2553 Σω-

99 2575 152 2602 ϐὼθ
161 2577 190 2603 ἐν
201 2575 260 2607 Fat,
274 2575 302 2601 ὲν
312 2574 352 2609 τῷ
361 2574 448 2609 πέραν
459 2573 566 2600 ἐπὶτῶν
578 2573 659 2609 ὁρίων
668 2573 758 2600 Μοάϐυ
771 2572 823 2599 ἀπὸ
833 2572 882 2599 Fat

99 2623 137 2654 εἰς
155 2621 314 2656 Δαιὸωνγάδ
325 2629 331 2635 ·
355 2621 408 2648 ἀπὸ
430 2619 588 2654 Δαιϐωνγὰδ
606 2621 645 2651 εἰς
661 2619 882 2654 Γελμωνδαιόλα-

99 2667 150 2704 θέμ
162 2668 218 2704 (92)
230 2677 236 2684 ·
259 2669 307 2695 καὶ
323 2669 376 2695 ἀπὸ
391 2668 652 2704 Γελμωνδαιὸλαθὲμ
672 2669 717 2696 ἐπὶ
732 2668 766 2695 τὰ
781 2667 830 2704 ὅρη
848 2667 882 2695 τὰ

144 2758 189 2792 85)
207 2758 246 2790 0',
259 2758 352 2794 Αιλίμ.

146 2794 189 2828 86)
205 2794 243 2826 o',
257 2793 312 2820 Σίν.

145 2829 189 2862 87)
207 2828 245 2859 0’,
261 2827 368 2859 Αῑλοῦς.

135 2864 191 2898 (88)
209 2864 247 2899 οἷς
271 2863 405 2899 Ἀσηριῦθ-

137 2899 192 2934 (89)
209 2898 249 2932 0’,
266 2897 388 2926 Δεὸώνά.
404 2897 516 2932 Ibidem,
529 2902 549 2925 θ’
568 2897 693 2932 Ῥεσσών,
707 2906 761 2934 pro
768 2897 880 2930 Δεσσὰν,

932 2295 1020 2329 prima
1035 2294 1137 2322 mensis
1151 2304 1157 2322 :
1170 2302 1233 2322 cum
1257 2295 1369 2322 vixisset
1386 2303 1473 2322 annos
1492 2300 1602 2322 centum
1617 2296 1712 2331 viginti

931 2344 998 2367 tres.
1018 2340 1055 2367 De
1074 2344 1165 2368 monte
1190 2340 1245 2368 llor
1261 2341 1292 2367 ad
1313 2340 1457 2373 Selmona;
1473 2340 1506 2368 de
1533 2340 1658 2369 Selmone
1685 2343 1714 2370 in

930 2384 1037 2420 Phino;
1054 2386 1087 2413 de
1112 2385 1200 2412 Pliino
1215 2387 1243 2414 in
1261 2386 1380 2420 Soboth;
1398 2387 1431 2414 de
1447 2387 1549 2414 Soboth
1568 2387 1594 2415 in
1615 2387 1670 2420 Gaz,
1685 2389 1712 2415 in

932 2431 1058 2458 ulloriori
1073 2431 1150 2466 105
1163 2436 1240 2466 parte
1257 2432 1290 2459 ad
1306 2432 1438 2460 terminos
1458 2430 1554 2465 Moab;
1570 2433 1603 2461 de
1619 2432 1664 2461 Gae
1685 2434 1712 2460 in

932 2477 1102 2512 Dmbongad;
1125 2485 1138 2504 a
1155 2477 1306 2512 Datbongad
1321 2476 1355 2503 ad
1366 2476 1650 2512 Gelmondeblathem;
1680 2479 1714 2506 de

932 2523 1202 2550 Gelmondeblathem
1228 2523 1262 2550 ad
1295 2527 1402 2550 montes
1423 2523 1533 2550 Abarim
1558 2531 1574 2551 e
1604 2525 1714 2559 regione
1749 2534 1753 2539 ’

931 2569 1007 2597 Abau
1018 2578 1026 2603 ;
1039 2569 1071 2596 de
1088 2568 1227 2596 montibus
1245 2569 1356 2596 Abarim
1375 2569 1410 2596 ad
1426 2569 1594 2598 occidentem
1622 2571 1712 2604 Moab.

934 2623 1018 2652 prope
1043 2615 1189 2642 Iordanem
1212 2615 1290 2650 juxta
1314 2615 1434 2649 Jericho,
1458 2616 1505 2644 ubi
1529 2619 1713 2645 castrametati

934 2667 1008 2690 sunt.
1024 2661 1179 2688 Mansiones
1191 2664 1256 2688 sunt
1270 2661 1451 2697 quadraginta
1465 2665 1531 2690 tres.

932 2762 966 2782 ex
977 2752 1092 2788 proclivi
1105 2751 1268 2788 mutatione.
1283 2752 1330 2779 τοῦ
1346 2758 1368 2782 '1
1385 2754 1410 2780 in
1424 2758 1450 2783 τ.

979 2787 1022 2825 90)
1040 2787 1078 2825 Q’,
1094 2788 1146 2825 ali
1158 2787 1290 2825 ςΕόρωνέι,
1310 2791 1485 2825 exrrepetl'to,
1502 2798 1528 2821 σ,
1544 2790 1678 2825 Σεσρωνά.

981 2821 1025 2859 91)
1044 2823 1082 2854 0‘,
1102 2821 1213 2860 ’(_16dgu.,_'
1221 2830 1255 2849 ex
1275 2821 1420 2858 repetito—6
1441 2821 1649 2860 praepositionis,
1664 2825 1713 2857 εἰς,

933 2855 1034 2888 factum
1047 2861 1098 2889 est,
1113 2855 1222 2884 Σωδώθ.

969 2894 1024 2928 (92)
1042 2892 1080 2925 0',
1096 2891 1258 2927 Δεῆλαθαῖμ.
