1915 3057
191 167 244 193 507

747 165 775 194 S.
797 165 1026 194 ATHANASlUS.
1046 182 1081 187 -—
1099 165 1212 194 DUBIA.

1757 163 1810 191 508

199 225 329 261 Ἀὀαρεὶμ
361 224 489 251 ἀπέναντι
515 224 597 250 Ἀὃαῦ
619 223 691 260 (93)”
711 225 765 251 ἀπὸ
801 225 886 262 ὀρέων
912 226 1045 262 ’Λόαρεὶμ
1069 227 1110 258 εἰς
1143 225 1247 262 δυσμὰς
1267 225 1373 257 Μωὰϐ,
1400 224 1475 260 παρὰ
1501 224 1547 251 τοῦ
1583 223 1715 261 Ἰορδάνου
1740 223 1812 250 κατὰ

199 273 312 308 Ἱεριχὼ,
333 272 379 299 καὶ
398 271 580 308 παρενέϐαλον
601 272 676 308 παρὰ
701 273 844 308 Ἰορδάνην.
868 274 899 300 Οί
921 274 970 309 μὲν
990 273 1104 309 σταθμοὶ
1115 277 1170 309 μγ’.

229 320 278 347 Hic
293 328 356 347 vero
373 320 482 347 tandem
501 324 578 348 trans
591 319 738 348 Iordanem
759 321 828 348 fusis
850 329 881 348 ac
895 321 972 348 devi-

1059 319 1122 348 Ὧδε
1137 322 1166 348 δὲ
1184 321 1328 358 τροπὼσας
1343 320 1390 347 καὶ
1409 320 1549 357 κρατήσας
1560 319 1656 350 ὲθνῶν,
1669 319 1698 345 ἐν
1713 318 1751 354 τῷ
1762 317 1812 344 πέ-

194 367 246 393 ctis
263 366 390 400 gentibus
403 365 519 401 Moyses,
538 373 569 392 ac
585 366 684 393 occisis
701 366 790 393 Sebon
805 374 868 402 rege
881 367 978 393 Amor-

196 414 342 445 rhznorum,
366 416 393 439 et
414 412 453 448 0g
480 420 543 448 rege
569 413 668 445 Basan,
692 413 739 448 qui
764 421 797 440 ex
823 413 978 448 gigantibus

196 462 265 489 erat,
288 465 335 484 eas
357 457 484 492 regiones
511 457 667 490 ltubenitis.
685 456 790 485 Gaditis
813 462 840 485 et
860 458 978 485 dimidiae

195 503 279 530 tribui
296 503 420 531 Manasse
434 503 493 530 dari
508 503 632 537 jubetur,
649 503 813 538 disponique
827 507 857 530 ut
877 503 978 530 Levitis

197 549 245 576 ﬁlii
263 549 344 576 lsrael
360 549 394 576 de
407 549 590 583 possessionis
611 557 667 577 suae
681 550 802 578 sortibus
823 550 922 577 darent
939 550 979 577 ci-

195 595 295 622 vitates
323 595 356 622 ad
383 593 577 627 habitandum,
604 598 630 621 et
653 594 796 621 civitatum
825 594 977 622 suburbia:

197 640 295 668 deinde
316 644 343 668 et
366 640 492 668 civitates
514 639 623 675 refugii,
641 644 696 668 tres
722 644 799 668 trans
821 639 978 672 Jordanem,

196 688 225 712 et
239 689 293 712 tres
313 685 341 711 in
365 688 437 712 terra
460 684 602 716 Chanaan,
617 692 678 719 quae
698 685 731 711 ad
755 685 806 712 hoc
821 685 914 720 positae
936 692 981 712 es-

198 734 270 763 sent,
289 734 320 758 ut
337 730 371 757 ad
384 738 431 758 eas
448 732 562 766 fugeret,
578 731 601 758 si
614 731 750 765 quispiam
765 730 903 757 hominem
915 738 981 757 con-

198 782 241 804 tra
256 778 339 804 animi
354 778 397 806 sui
413 779 576 806 sententiam
590 778 748 810 occidisset,
763 785 796 804 ne
808 776 982 812 prmcipitan-

197 828 239 850 ter
258 824 293 850 ab
315 824 400 851 occisi
423 828 538 859 cognato
558 824 744 858 deprehensus
767 823 981 856 interimerctur,

199 868 286 896 donec
297 869 402 904 judicio
418 877 511 897 coram
538 869 682 905 Syuagoga
705 869 764 897 sisti
780 873 882 904 posset.
898 868 981 896 Iube-

197 919 244 942 tur
260 915 313 942 hoc
327 916 397 943 libro
411 916 528 951 populus
541 915 664 943 ﬁmbrias
683 916 711 942 in
726 915 817 950 palliis
833 915 933 948 facere,
955 919 983 942 et

198 961 314 989 ﬁmbriis
327 961 472 989 adnectere
484 962 568 989 vittas
581 961 784 997 hyacinthinas,
801 965 831 988 ut
848 962 902 989 illis
917 969 982 989 con-

1029 377 1080 404 ραν
1100 368 1148 394 τοῦ
1175 368 1305 403 Ἰορδάνου
1326 367 1459 401 Μωῡσῆς,
1483 366 1529 392 καὶ
1555 365 1742 401 ἀναιρεθέντος
1765 364 1812 391 τοῦ

1028 413 1105 449 Σηὼν
1122 413 1254 448 βασιλέως
1269 413 1322 439 τῶν
1344 412 1525 447 Ἀμορραίων,
1545 412 1591 438 καὶ
1611 411 1656 438 τοῦ
1671 412 1720 445 Ὢγ
1735 411 1814 446 βασι-

1028 457 1096 488 λέως
1109 457 1158 492 τῆς
1172 457 1272 489 Βασάν,
1287 457 1316 488 ὃς
1335 454 1369 492 ἦν
1384 458 1416 483 ὲκ
1436 456 1490 482 τῶν
1513 457 1658 490 γιγάντων,
1675 456 1814 483 κελεύεται

1028 502 1162 529 διαδοῦναι
1179 502 1228 533 τὰς
1251 501 1341 536 χώρας
1358 501 1396 536 τῷ
1418 501 1540 536 Ῥουϐὶμ,
1561 502 1606 527 καὶ
1622 500 1661 536 τῷ
1684 501 1746 533 Γὰδ,
1770 501 1817 527 καὶ

1029 547 1067 582 τῷ
1083 548 1175 583 ἡμίσει
1193 547 1279 582 φυλῆς
1298 547 1442 582 Μανασσῆ,
1465 547 1511 573 καὶ
1529 547 1654 579 συντάξαι
1671 549 1727 578 τοῖς
1749 548 1817 578 υίοίς

1035 592 1143 627 Ἰσραὴλ
1161 592 1252 618 δοῦναι
1271 594 1327 624 τοῖς
1342 592 1470 623 Δευῖταις
1495 591 1547 618 ἀπὸ
1565 592 1619 618 τῶν
1633 591 1741 627 κλήρων
1765 591 1818 626 τῆς

1029 637 1220 672 κατασχέσεως
1237 637 1325 664 αὐτῶν
1348 638 1440 669 πόλεις
1460 638 1597 664 κατοικεῖν
1625 637 1672 663 καὶ
1695 637 1728 663 τὰ
1747 646 1819 672 προ-

1030 684 1126 711 άστεια
1135 684 1189 710 τῶν
1201 684 1305 711 πόλεων
1314 692 1322 699 ι
1332 685 1378 710 καὶ
1392 684 1472 710 πάλιν
1481 683 1572 710 δοῦναι
1580 683 1671 714 πόλεις
1684 683 1821 717 φυγαδευ-

1029 731 1142 766 τηρίων,
1159 732 1232 766 τρεῖς
1253 731 1302 766 μὲν
1323 730 1408 766 πέραν
1428 730 1474 757 τοῦ
1498 730 1640 766 Ἰορδάνου,
1652 731 1726 765 τρεῖς
1741 729 1770 755 δὲ
1790 730 1821 756 ὲν

1031 778 1065 812 γῇ
1081 776 1201 808 Χαναὰν,
1212 777 1259 803 καὶ
1274 774 1342 803 εἶναι
1353 777 1454 808 ταύτας
1465 776 1512 803 ἐπὶ
1526 776 1563 812 τῷ
1580 777 1747 810 καταφυγεῖν
1759 776 1822 801 ἐκεῖ

1029 822 1075 848 τὸν
1097 822 1231 854 ἀκουσίως
1256 823 1433 857 φονεύσαντα,
1458 823 1505 849 καὶ
1528 822 1565 858 μὴ
1580 821 1723 858 προπετῶς
1740 822 1822 848 ἀναι-

1033 868 1137 904 ρεῖσθαι
1151 869 1203 896 ὑπὸ
1214 869 1261 895 τοῦ
1278 869 1424 904 συγγενοῦς
1440 869 1487 895 τοῦ
1503 868 1686 902 φονευθέντος,
1700 868 1751 899 ἕως
1768 869 1821 903 στῇ

1031 912 1122 939 ἔναντι
1137 913 1186 948 τῆς
1203 914 1364 948 συναγωγῆς
1381 915 1421 945 είς
1436 913 1535 949 κρίσιν.
1558 913 1602 940 Ἔν
1618 913 1704 948 τούτῳ
1721 913 1760 948 τῷ
1777 912 1822 948 βι-

1032 958 1099 994 ϐλίῳ
1112 958 1250 985 κελεύεται
1267 960 1281 985 ὁ
1291 959 1355 990 λαὸς
1370 959 1480 993 ποιῆσαι
1491 959 1632 994 κράσπεδα
1646 960 1674 985 ὲν
1691 960 1745 990 τοῖς
1757 959 1823 994 ίμα-

198 1007 301 1042 spectis
311 1008 500 1035 mandatorum
515 1007 563 1035 Dei
579 1016 613 1035 ne
625 1008 863 1035 obliviscerentur.
876 1007 925 1034 llic
940 1015 983 1034 ac-

1035 1004 1099 1035 τίοις
1116 1003 1230 1035 ἑαυτῶν,
1249 1004 1296 1030 καλ
1314 1004 1360 1030 ἐπὶ
1383 1004 1438 1030 τῶν
1457 1004 1618 1040 κρασπέδων
1639 1004 1752 1039 κλῶσμα
1769 1005 1822 1030 ὑα-

197 1053 304 1088 cipiunt
323 1058 350 1082 et
365 1054 426 1081 ﬁlia:
441 1053 559 1089 Salpaad
580 1057 682 1081 sortem
697 1053 785 1088 patris
808 1053 862 1085 sui,
881 1057 907 1080 et
922 1053 983 1080 illa-

198 1107 260 1126 rum
275 1100 419 1127 occasione
431 1100 590 1127 mandatum
607 1099 714 1126 Domini
731 1099 822 1132 datur,
839 1103 866 1126 et
880 1099 923 1126 lex
934 1106 984 1134 po-

198 1146 285 1177 nitur,
302 1154 355 1180 qua
367 1153 416 1180 pro
430 1145 560 1181 legitimis
571 1146 757 1173 decernuntur
767 1152 829 1172 cum
841 1145 984 1172 consobri-

197 1192 242 1219 nis
256 1192 323 1219 inita
334 1192 472 1227 conjugia.
487 1191 594 1227 Moyses
604 1199 668 1219 vero
680 1197 780 1219 terram
792 1191 983 1226 promissionis

198 1237 267 1264 vidit
286 1237 319 1265 de
340 1241 432 1264 monte
446 1236 568 1269 Abarim,
586 1236 638 1263 hoc
660 1241 703 1263 est
717 1236 794 1263 Abau
808 1245 814 1262 :
827 1235 984 1270 audivitque

199 1290 216 1310 a
233 1282 298 1314 Deo.
315 1283 388 1318 quod
404 1283 478 1309 illam
498 1282 673 1317 ingressurus
691 1289 744 1309 non
765 1285 849 1314 esset,
873 1285 984 1317 propter

199 1328 437 1356 exacerbationem
455 1327 488 1354 ad
506 1335 604 1363 aquam
629 1327 855 1355 contradictionis
872 1327 983 1354 factam.

199 1375 324 1403 Mortuus
341 1379 384 1402 est
401 1378 492 1401 autem
508 1374 598 1401 Aaron
611 1380 746 1400 annorum
763 1378 871 1400 centum
886 1373 984 1408 viginti

200 1421 294 1452 trium,
317 1427 390 1446 anno
419 1423 480 1454 post
501 1419 602 1446 exitum
624 1419 735 1454 Egypti
762 1418 983 1454 quadragesimo,

199 1469 294 1490 mense
308 1462 413 1497 quinto.
431 1461 482 1494 Qui
503 1467 592 1488 autem
608 1462 642 1488 ad
658 1461 855 1496 explorandam
882 1466 982 1489 terram

199 1508 278 1537 missi
295 1511 369 1540 sunt,
385 1507 501 1542 quisque
520 1507 554 1534 de
568 1514 617 1534 sua
633 1507 717 1540 tribu,
732 1507 810 1542 juxta
826 1507 984 1535 mandatum

200 1552 308 1580 Domini
330 1553 466 1588 desumpti
488 1556 552 1580 sunt
564 1561 572 1580 :
584 1552 682 1580 borum
698 1553 809 1580 nomina
829 1557 894 1581 sunt
908 1554 960 1581 ista
974 1563 982 1582 :

200 1598 239 1626 De
254 1599 325 1626 tribu
341 1598 448 1631 Ruben,
465 1598 593 1625 Salamiel
610 1598 681 1626 ﬁlius
701 1598 842 1631 Zacchur;
860 1599 894 1626 de
910 1599 983 1626 tribu

202 1645 325 1677 Simeon,
342 1645 444 1680 Sapbat
467 1645 538 1672 ﬁlius
556 1644 634 1679 Suri;
649 1645 682 1673 de
702 1646 775 1672 tribu
786 1645 866 1678 Juda,
882 1646 984 1674 Cbaleb

201 1692 274 1719 ﬁlius
287 1675 426 1726 Jephone;
438 1690 471 1718 de
485 1690 559 1717 tribu
570 1675 692 1723 Isac'har,
707 1691 773 1718 llaal
785 1675 982 1727 ﬁlius-Joseph;
997 1675 1019 1704 ϐ

201 1737 236 1765 dc
261 1737 335 1764 tribu
359 1735 500 1771 Ephraim,
522 1735 627 1764 Nauses
650 1736 721 1764 ﬁlius
743 1736 833 1771 Nave;
858 1738 892 1764 de
911 1738 984 1764 tribu

201 1783 358 1817 Benjamin,
375 1781 484 1809 Phaltin
502 1782 574 1809 ﬁlius
588 1781 702 1817 Raphu;
718 1783 752 1810 de
766 1783 838 1810 tribu
852 1783 984 1816 Zabulon,

202 1829 299 1857 Gudiel
320 1829 392 1856 ﬁlius
414 1828 501 1861 Sudi;
519 1829 553 1855 de
575 1828 647 1855 tribu
663 1827 777 1863 Ioseph.
795 1829 912 1856 ﬁliorum
929 1829 986 1856 Ma-

202 1883 310 1906 nasses,
329 1873 416 1901 Gaddi
440 1874 512 1901 ﬁlius
533 1873 629 1908 Sussi;
648 1873 681 1901 de
703 1875 780 1901 tribu
799 1874 867 1906 Dan,
892 1875 985 1903 Amies

202 1921 274 1948 ﬁlius
288 1918 396 1952 Gamae;
412 1919 446 1946 de
460 1919 533 1946 tribu
551 1920 631 1951 Aser,
648 1918 749 1946 Sathur
765 1919 838 1947 ﬁlius
852 1920 984 1954 Michael;

201 1966 236 1993 de
259 1965 332 1992 tribu
355 1963 539 1999 Nephthalim,
555 1963 626 1990 Nabi
655 1963 728 1991 ﬁlius
754 1963 840 1997 Nabi;
860 1963 893 1991 de
911 1964 984 1992 tribu

201 2011 269 2044 Gad,
285 2010 465 2038 Gaddidudiel
489 2010 561 2038 ﬁlius
587 2009 685 2038 Macbi.
702 2009 793 2038 Locus
816 2018 892 2041 vero,
914 2010 986 2038 unde

201 2057 279 2085 missi
293 2061 367 2088 sunt,
379 2062 420 2084 est
431 2055 540 2083 Pharan
556 2060 583 2084 et
593 2056 681 2084 Cades
695 2057 792 2084 Barne.
806 2056 884 2084 Tunc
895 2055 986 2084 Nause

201 2104 286 2131 ﬁlium
302 2102 376 2130 Nave
390 2101 496 2137 Moyses
511 2101 606 2129 Jesum
625 2103 787 2130 nominavit.
808 2102 926 2138 Tempus
937 2110 986 2130 au-

200 2153 267 2179 tem,
285 2156 339 2183 quo
360 2149 438 2176 missi
461 2151 536 2180 sunt,
563 2152 622 2176 erat
636 2149 709 2176 veris
734 2148 865 2180 medium,
884 2148 911 2175 in
932 2156 986 2183 quo

199 2195 256 2230 jam
270 2194 426 2230 praematuri
442 2194 513 2221 botri
529 2198 623 2228 erant;
641 2199 669 2222 et
684 2195 753 2228 dies,
768 2195 869 2230 quibus
886 2199 986 2223 terram

201 2241 389 2275 explorarunt,
406 2240 517 2268 fuerunt
530 2239 720 2275 quadraginta.

201 2288 231 2315 ὲν
250 2285 271 2322 ᾧ
295 2288 441 2324 πρόδρομοι
466 2288 602 2325 σταφυλῆς
626 2289 709 2315 εἰσινο
737 2289 751 2316 ὸ
772 2289 800 2316 δὲ
829 2289 932 2326 χρόνος,
959 2289 988 2317 ὃν

202 2335 322 2371 γέγονεν.

400 2380 477 2408 Liber
497 2381 530 2414 V,
548 2383 789 2410 ueuteronomium.

239 2427 267 2455 9.
287 2427 320 2454 Et
341 2435 415 2455 nunc
431 2428 532 2455 librum
549 2428 656 2463 Moyses
680 2428 861 2464 conscripsit,
887 2432 914 2456 et
927 2437 987 2464 qua:

203 2473 233 2502 in
253 2473 299 2500 illo
317 2477 382 2501 sunt
397 2473 505 2501 locutus
524 2477 575 2501 est.
602 2473 721 2501 Vocatur
745 2478 836 2502 autem
858 2475 911 2502 boc
937 2483 988 2502 no-

204 2519 289 2550 mine,
312 2519 386 2553 quod
402 2523 463 2554 post
477 2523 616 2554 acceptam
639 2519 666 2546 in
688 2519 788 2547 tabulis
805 2519 936 2555 scriptam
949 2521 988 2548 le-

204 2573 277 2601 gem,
297 2565 381 2592 veluti
402 2565 550 2593 secundam
570 2565 667 2600 legem,
689 2565 772 2593 hosce
790 2566 852 2593 libri
871 2574 989 2601 prasen-

204 2611 241 2638 tis
266 2619 417 2644 sermones,
438 2619 473 2638 ex
499 2616 635 2646 praecepto
649 2611 756 2639 Domini
777 2612 881 2648 Moyses
894 2612 988 2640 lsraeli

205 2655 313 2684 locutus
325 2658 370 2684 sit.
385 2657 452 2684 Nam
468 2660 645 2692 posteaquam
661 2657 768 2693 Moyses
781 2666 841 2693 qua:
856 2659 907 2686 hoc
919 2659 988 2686 libro

206 2701 381 2729 continuentur
396 2703 504 2730 locutus
521 2707 604 2734 esset,
625 2703 659 2729 ad
676 2703 748 2731 hunc
766 2704 875 2731 modum
890 2705 918 2731 in
936 2705 988 2732 isto

206 2744 418 2776 Deuteronomio
426 2755 458 2775 ea
469 2749 625 2784 conscripta
641 2753 704 2777 sunt
714 2759 721 2778 :
733 2758 742 2775 ι
756 2749 819 2779 Haec
831 2755 895 2779 sunt
905 2751 988 2778 verba

241 2813 296 2877 $533)
314 2813 351 2845 0',
366 2815 472 2859 ΝαϐαὑἸ

254 2849 297 2875 J4)
317 2852 353 2877 0'.
369 2851 472 2877 Σαμουτ

317 2852 353 2881 0',
369 2851 504 2884 Σαμουὴλ.

243 2885 298 2920 (95)
315 2885 353 2919 οι,
370 2886 455 2923 Αὺσή.
477 2886 537 2914 Mox
551 2887 587 2923 ο,
603 2887 693 2915 eam.

1033 1049 1160 1081 κίνθινον,
1173 1050 1216 1076 ἵνα
1233 1049 1378 1084 βλέποντες
1391 1049 1460 1075 αὐτὰ
1476 1050 1512 1085 μὴ
1525 1048 1755 1077 ἐπιλανθάνωνται
1765 1049 1820 1076 τῶν

1033 1095 1146 1122 ἐντολῶν
1157 1094 1203 1121 τοῦ
1218 1095 1295 1121 Θεοῦ.
1312 1093 1376 1121 ’Ὧδε
1395 1095 1560 1130 λαμϐάνουσι
1577 1096 1676 1130 κλῆρον
1690 1096 1718 1122 αἱ
1736 1095 1821 1130 θυγα-

1032 1142 1111 1176 τέρες
1125 1141 1262 1172 Σαλπαὰδ,
1282 1141 1330 1167 τὸν
1343 1140 1390 1167 τοῦ
1405 1141 1507 1175 πατρὸς
1525 1141 1627 1168 ἑαυτῶν
1639 1150 1645 1156 ·
1661 1141 1707 1168 καὶ
1723 1142 1755 1167 ἐκ
1771 1142 1821 1176 τῆς

1033 1187 1196 1221 προφάσεως
1210 1186 1299 1213 αὐτῶν
1313 1187 1416 1220 γίνεται
1429 1186 1593 1222 πρόσταγμα
1605 1187 1708 1223 Κυρίου
1721 1187 1767 1213 καὶ
1782 1187 1823 1213 νό-

1035 1242 1094 1269 μος,
1111 1233 1226 1268 νόμιμον
1245 1231 1315 1259 εἶναι
1336 1233 1424 1268 γάμον
1444 1234 1494 1269 τὴν
1513 1234 1581 1269 πρὸς
1596 1233 1722 1268 ἀνεψιοὺς
1739 1231 1822 1265 συζυ-

1033 1280 1104 1314 γίαν.
1120 1280 1174 1306 Καὶ
1186 1280 1304 1316 Μωῦσῆς
1315 1276 1365 1306 ὦδε
1377 1278 1445 1307 εἶδεν
1462 1280 1515 1307 ἀπὸ
1526 1279 1572 1306 τοῦ
1587 1279 1665 1314 ὅρους
1677 1279 1724 1306 τοῦ
1743 1279 1823 1306 Ἀθνι-

1033 1326 1107 1361 ρεὶμ,
1118 1326 1255 1352 τουτέστιν
1277 1325 1371 1358 Ἀὃαῦ,
1386 1327 1435 1362 τὴν
1447 1327 1498 1361 γῆν
1511 1326 1560 1361 τῆς
1575 1326 1755 1360 ἐπαγγελίας·
1775 1327 1824 1353 καὶ

1033 1372 1165 1407 ῆκουσεν’
1184 1373 1223 1398 Οὐ
1245 1372 1282 1407 μὴ
1305 1372 1428 1408 εἰσέλθῃς
1445 1373 1503 1398 ἐκεῖ
1525 1372 1568 1398 διὰ
1582 1372 1628 1399 τὸν
1649 1372 1823 1408 παροξυσμὸν

1032 1417 1078 1443 τὸν
1092 1418 1121 1443 ἐν
1133 1417 1172 1452 τῷ
1188 1418 1263 1445 ὕδατι
1276 1418 1326 1453 τῆς
1347 1418 1509 1451 ἀντιλογίας.
1524 1417 1654 1445 Ἀπέθανε
1671 1417 1697 1444 δὲ
1716 1417 1824 1453 Ἀαρὼν

1033 1463 1102 1489 ἑτῶν
1116 1466 1176 1499 ρκγ¹
1191 1463 1230 1499 τῷ
1241 1464 1451 1500 τεσσαρακοστῷ
1459 1463 1514 1490 ἔτει
1525 1463 1576 1498 τῆς
1586 1463 1674 1497 ἐξόδου
1684 1484 1691 1496 ,
1706 1463 1745 1499 τῷ
1758 1464 1824 1499 μηνὶ

1032 1508 1071 1544 τῷ
1085 1509 1213 1545 πέμπτῳ.
1233 1511 1265 1536 Οἱ
1277 1510 1304 1537 δὲ
1317 1509 1514 1542 ἀποσταλέντες
1528 1510 1748 1545 κατασκέψασθαι
1773 1510 1824 1546 τὴν

1032 1554 1102 1589 γῆν.
1119 1555 1151 1581 ἐκ
1177 1555 1227 1590 μὲν
1249 1555 1458 1590 προστάγματος
1473 1555 1575 1590 Κυρίου
1595 1555 1732 1590 ἀπεστάλη
1753 1555 1824 1590 ἀνὴρ

1033 1599 1148 1632 ἕκαστος
1172 1600 1243 1627 κατὰ
1271 1601 1374 1636 φυλήν·
1400 1600 1436 1626 τὰ
1457 1600 1486 1626 δὲ
1507 1601 1627 1636 ὀνόματα
1650 1600 1740 1627 αὐτῶν
1766 1602 1825 1627 ἐστι

1034 1645 1136 1672 ταῦτα·
1154 1645 1204 1680 τῆς
1225 1647 1312 1681 φυλῆς
1333 1647 1380 1674 τοῦ
1401 1646 1513 1682 Ῥουόὶμ
1536 1646 1676 1682 Σαλαμιὴλ
1693 1647 1749 1681 (94)
1766 1647 1824 1678 υἱὸς

1035 1691 1177 1726 Ζακχούρ·
1195 1692 1244 1727 τῆς
1267 1693 1353 1727 φυλῆς
1376 1693 1488 1728 Συμεὼν
1513 1692 1605 1727 Σαφὰτ
1629 1693 1686 1724 υἱὸς
1711 1693 1822 1728 Σουρεί·

1034 1737 1084 1772 τῆς
1103 1737 1189 1772 φυλῆς
1213 1737 1297 1764 Ἰούδα
1320 1739 1409 1765 Χαλὲὸ
1438 1739 1495 1771 υίὸς
1524 1738 1642 1773 Ἰεφονῆ-
1669 1738 1720 1772 τῆς
1738 1738 1825 1772 φυλῆς

1041 1782 1151 1817 Ἶσαχὰρ
1184 1783 1270 1810 ἰλαάλ
1287 1784 1342 1816 υίὸς
1369 1785 1488 1820 Ἰωσήφ·
1512 1784 1563 1820 τῆς
1590 1783 1675 1819 φυλῆς
1705 1783 1826 1818 Ἐφραῖμ

1035 1827 1148 1862 Ναυσῆς
1165 1828 1220 1863 (95)
1238 1829 1295 1860 υἱὸς
1314 1830 1392 1865 Ναυῆ
1405 1839 1412 1845 ·
1435 1831 1483 1866 τῆς
1506 1830 1591 1865 φυλῆς
1606 1828 1733 1864 Βενιαμὶν
1754 1828 1826 1855 Φαπλ-

1035 1875 1092 1900 τεὶν
1108 1874 1165 1906 υίὸς
1186 1875 1285 1910 Ῥαφοῦ
1295 1884 1302 1891 ·
1313 1877 1363 1911 τῆς
1379 1876 1464 1912 φυλῆς
1477 1875 1619 1903 Ζαϐουλὼν
1635 1875 1747 1910 Γουδιὴλ
1763 1874 1823 1906 υἱὸς

1036 1919 1113 1946 Σουδί
1126 1928 1133 1934 ·
1149 1920 1198 1955 τῆς
1213 1921 1298 1957 φυλῆς
1319 1921 1427 1957 Ἰωσὴφ,
1441 1922 1494 1949 τῶν
1511 1922 1576 1949 υίῶν
1593 1921 1826 1956 Μανασσῆ,Γαόδὶ

1039 1966 1095 1997 υἱὸς
1111 1966 1224 1993 Σουσσί·
1240 1969 1289 2002 τῆς
1305 1967 1389 2003 φυλῆς
1404 1968 1456 1994 Δὰν
1472 1969 1568 2004 Ἀμίης
1581 1968 1701 2003 (96)υἰὸς
1715 1967 1824 2002 Papa!-

1038 2011 1088 2045 τῆς
1104 2011 1190 2046 φυλῆς
1213 2013 1294 2048 ’Λσὴρ
1320 2013 1425 2049 Σαθοὺρ
1451 2013 1507 2045 υίὸς
1529 2013 1650 2049 Μιχαήλ⁶
1672 2013 1722 2048 τῆς
1739 2013 1827 2048 φυλῆς

1038 2057 1196 2093 Νεφθαλείμ
1221 2058 1294 2084 Ναόὶ
1320 2059 1376 2090 υἱὸς
1398 2059 1468 2085 Ναϐί
1496 2059 1566 2095 (97)·
1584 2059 1633 2094 τῆς
1659 2059 1745 2094 φυλῆς
1773 2058 1827 2084 Γὰδ

1039 2102 1225 2140 Γαδδιδουδιὴλ
1241 2104 1298 2136 υίὸς
1315 2105 1397 2140 Μαχί.
1419 2106 1447 2132 '0
1459 2105 1487 2131 δὲ
1497 2105 1587 2136 τόπος,
1600 2105 1645 2140 ἀφ’
1663 2102 1692 2131 οὗ
1706 2105 1829 2131 ἀπεστά-

1040 2149 1127 2185 λησάν
1149 2151 1207 2177 ἐστι
1226 2151 1318 2186 Φαρὰν
1339 2151 1385 2178 καὶ
1409 2151 1502 2187 Κάδης
1523 2152 1624 2188 Βάρνη.
1645 2152 1710 2178 Τότε
1723 2151 1827 2177 ἐπωνό-

1042 2204 1110 2231 μασε
1125 2197 1246 2232 Μωῡσῆς
1264 2197 1309 2224 τὸν
1324 2197 1419 2233 Ναυσῆ
1435 2197 1480 2224 τὸν
1494 2198 1550 2224 υίὺν
1564 2197 1643 2232 Ναυῆ
1664 2197 1777 2232 Ἰησοῖιν.
1797 2197 1827 2223 Ὀ

1039 2242 1067 2268 δὲ
1080 2242 1185 2279 καιρὸς,
1198 2243 1226 2269 ἐν
1249 2240 1271 2276 ᾧ
1284 2243 1471 2279 ὲπέμφθησαν,
1487 2243 1517 2270 τὸ
1531 2243 1611 2279 μέσον
1629 2243 1675 2270 τοῦ
1688 2243 1768 2277 ἔαρος
1782 2240 1826 2277 ῆν,

1002 2290 1132 2327 ἐποίησαν
1164 2290 1412 2324 κατασκοποῦντες,
1430 2292 1458 2318 ὲν
1489 2291 1691 2326 τεσσαράκοντα
1709 2289 1829 2325 ἡμέραις

1215 2381 1336 2408 Βιϐλίον
1356 2384 1388 2413 ε’,
1410 2381 1647 2416 Δευτερονόμιον.

1074 2429 1101 2456 9.
1121 2428 1177 2455 Καὶ
1187 2427 1266 2454 τοῦτο
1281 2427 1382 2462 βιϐλίον
1393 2428 1511 2462 Μωῦσῆς
1522 2428 1635 2463 ἐλάλησε
1650 2427 1696 2455 καὶ
1712 2428 1827 2464 ἔγραψε.

1040 2474 1172 2502 Καλεῖται
1186 2474 1214 2500 δὲ
1233 2473 1328 2506 οὕτως,
1346 2474 1438 2509 ἐπειδὴ
1463 2474 1531 2509 μετὰ
1548 2474 1582 2500 τὰ
1602 2476 1784 2510 γεγραμμένα
1799 2476 1829 2501 ἐν

1039 2521 1101 2552 ταῖς
1122 2519 1214 2552 πλαξὶ,
1229 2519 1353 2555 δεύτερον
1369 2520 1464 2555 ὥσπερ
1485 2521 1565 2555 νόμον
1581 2521 1643 2552 τοὺς
1660 2520 1755 2554 λόγους
1780 2521 1827 2547 τοῦ

1042 2567 1144 2602 βιϐλίου
1172 2566 1267 2593 τούτου
1296 2566 1408 2602 ὲλάλησε
1441 2567 1560 2602 Μωῦσῆς
1588 2567 1627 2602 τῷ
1661 2566 1767 2601 Ἰσραὴλ
1796 2568 1828 2593 ἐκ

1042 2613 1252 2649 προστάγματος
1266 2613 1379 2648 Κυρίου.
1388 2613 1465 2640 Μετὰ
1479 2613 1532 2647 γὰρ
1541 2613 1570 2639 τὸ
1583 2613 1696 2648 λαλῆσαι
1708 2613 1828 2647 Μωῡςῆν

1040 2660 1075 2687 τὰ
1094 2660 1122 2686 ὲν
1139 2659 1178 2692 τῷ
1193 2659 1286 2695 βιϐλίῳ
1309 2659 1407 2693 τούτῳ,
1422 2658 1576 2694 γέγραπται
1598 2659 1684 2691 οὕτως
1703 2660 1732 2685 ἐν
1753 2658 1829 2694 αὐτῴ

1040 2705 1128 2741 τούτῳ
1140 2704 1179 2740 τῷ
1196 2705 1413 2740 Δευτερονομίῳ·
1435 2713 1445 2730 ι
1465 2702 1543 2731 Οὗτοι
1563 2705 1588 2731 oi
1616 2705 1690 2739 λόγοι
1705 2706 1754 2740 τῆς
1772 2705 1828 2731 δια-

1042 2750 1138 2787 θήκης,
1157 2751 1208 2777 ὅσα
1232 2750 1382 2776 ἐνετείλατο
1402 2749 1504 2785 Κύριος
1526 2751 1629 2786 Μωῦσῇ
1653 2750 1750 2786 στῆσαι
1772 2751 1829 2783 τοῖς

1077 2817 1134 2875 $23?
1147 2818 1185 2875 εἶ’
1201 2818 1316 2875 Etsi“;

1077 2853 1133 2890 (97)
1147 2855 1185 2888 0',
1201 2853 1288 2882 Σασίί
1300 2853 1349 2890 τῆς
1362 2853 1448 2890 φυλῆς
1461 2853 1515 2882 Γὰδ
1527 2854 1646 2890 Γονδιήλ.
