1915 3057
102 155 161 183 509

637 147 807 177 8YNOPS|S
824 147 1028 175 SCRlPTUih’E
1050 145 1185 174 SAfZiH‘].

1677 137 1729 164 310

103 213 173 243 υἱοῖς
193 209 302 246 ’Ἰσραὴλ
314 211 342 236 ὲν
363 209 398 243 γῇ
416 206 514 238 Μωὰὸ,
539 205 607 241 πλὴν
629 205 679 240 τῆς
703 204 844 240 διαθήκης,
859 200 892 238 ἦς

945 201 1066 233 hederis,
1094 208 1154 235 qua:
1171 198 1302 225 Dominus
1329 195 1415 231 Moysi
1432 193 1559 230 prarcepit
1579 198 1731 227 proponere

101 258 207 285 διέθετο
229 257 320 287 αὐτοῖς
343 256 372 281 ἐν
395 253 506 289 Χωρήὸ.
528 262 538 278 ι
558 252 606 278 Διὰ
629 251 707 278 τοῦτο
725 251 780 286 γὰρ
799 251 826 276 αἱ
844 249 892 284 μὲν

103 305 208 335 πλάκες
221 304 249 329 ὲν
265 300 365 336 Χωρὴϐ
382 301 513 335 εἴρηνται,
531 298 578 325 καὶ
600 298 629 323 ὲν
647 297 720 332 μέσῳ
736 296 787 331 τῆς
808 295 892 322 κιϐω-

101 351 153 378 τοῦ
172 349 302 384 ἐτέθησαν
313 356 320 362 ·
344 347 374 373 τὸ
392 347 419 372 δὲ
435 345 536 381 βιϐλίον
551 343 629 370 τοῦτο
646 342 795 370 ἐνετείλατο
811 342 892 368 Μωῡ-

103 396 156 432 σῆς
174 397 231 427 τοῖς
247 393 349 430 ἱερεῦσι
367 394 422 424 τοῖς
440 392 546 427 αἴρουσι
562 391 611 425 τὴν
625 389 741 416 κιϐωτὸν
761 387 844 414 θεῖναι
861 388 893 414 ὲκ

101 441 227 474 πλαγίων
243 439 292 474 τῆς
305 436 422 464 κιϐωτοῦ
440 438 479 468 εἰς
495 435 643 472 μαρτύριον
654 442 660 449 ·
678 434 746 469 ὅπερ
761 433 807 460 καὶ
822 431 892 459 κατὰ

101 485 175 512 ἑπτὰ
192 485 241 520 ἐτη
257 482 407 510 ἐνετείλατο
422 480 690 516 ἀναγινώσκεσθαιὲν
703 480 736 514 τῇ
746 478 892 514 ὴμέρᾳτῆς

101 532 238 565 ἀφέσεως,
264 530 308 555 ὅτε
327 529 374 555 καὶ
395 529 412 563 ἡ
435 526 597 562 Σκηνοποιία
611 525 727 560 ἐγένετο.
744 523 817 559 Αὕτη
843 523 892 559 μὲν

101 576 201 612 πρώτη
214 575 290 602 αἰτία
306 575 354 610 τῆς
370 573 516 609 ὀνομασίας
532 572 579 598 τοῦ
603 571 718 607 βιϐλίου·
732 569 846 605 δευτέρα
864 569 892 595 δὲ

102 622 186 649 πάλιν
207 621 300 657 ἑτέρα,
316 619 410 654 ἐπειδὴ
438 620 466 645 ὲν
483 617 557 653 αὐτῷ
580 617 709 652 δευτεροῖ,
735 616 782 642 καὶ
802 615 892 641 διεσά-

103 675 175 702 φησε
193 667 281 693 πάντα
295 665 330 692 τὰ.
345 664 531 700 προειρημένα
547 663 574 690 ἐν
587 671 617 689 τε
631 664 664 697 τῇ
686 661 782 696 Ἐξόδῳ
795 661 842 687 καὶ
854 659 892 695 τῷ

101 712 250 748 Λευῖτικῷ,
268 712 315 738 καὶ
329 713 384 742 τοῖς
404 709 552 745 Ἀριθμοῖς,
569 709 671 744 νόμιμά.
683 717 712 734 τε
725 707 771 734 καὶ
782 706 893 733 δικαιώ-

103 767 180 794 ματα
209 758 256 784 καὶ
278 756 492 792 προστάγματα·
518 755 564 782 καὶ
589 754 791 790 ὑπομιμνήσκει
813 753 893 779 πάλιν

101 804 148 830 τὸν
162 803 238 835 λαὸν,
252 803 296 829 ἶνα
307 801 410 836 φυλάξῃ
427 800 504 827 αὑτά.
523 801 577 827 Καὶ
588 799 807 835 ὲπαναλαμϐόινει
821 798 848 825 δὲ
863 799 892 824 ὲν

100 849 177 884 αὐτῷ
194 850 243 884 τήν
253 857 283 874 τε
294 848 347 874 -ἀπ”
358 847 494 881 Αἰγύπτου
509 845 606 878 ἔξοδον,
620 846 667 872 καὶ
683 846 772 876 πασας
784 845 832 876 τὰς
850 853 893 879 γε-

99 897 255 932 γενημένας
269 895 360 926 αὐτοῖς
381 894 550 929 εὐεργεσίας,
566 893 613 920 καὶ
630 892 663 918 τὰ
676 893 785 927 σημεῖα,
802 891 890 917 καὶτὰ

99 943 221 977 τέρατα·
241 941 284 967 ἴνα
308 940 344 975 μὴ
369 939 549 966 ἐπιλάθωνται
570 937 616 964 τοῦ
638 938 798 973 ποιήσαντος
821 935 891 962 αὐτὰ

99 987 182 1014 Θεοῦ.
207 985 307 1022 Ὁρίζει
321 986 350 1012 δὲ
364 986 392 1012 ὲν
407 984 481 1020 αὺτῴ
497 984 561 1020 περί
575 992 605 1010 τε
624 983 674 1018 τῆς
697 983 820 1016 εὐλογίας
836 983 892 1014 τοῖς

100 1033 271 1068 φυλάσσουσι
292 1031 337 1058 τὸν
360 1031 452 1066 νόμον,
469 1030 515 1056 καὶ
529 1030 578 1064 τῆς
594 1029 715 1063 κατάρας
732 1029 788 1058 τοῖς
804 1035 892 1062 παρα-

100 1080 241 1107 ϐαίνουσιν
251 1087 258 1094 ·
277 1079 321 1105 ἵνα
334 1078 350 1112 ή
374 1077 421 1112 μὲν
435 1076 544 1110 εὖλογία
559 1075 671 1110 λέγηται
686 1075 714 1100 ὲν
728 1073 766 1109 τῷ
783 1073 839 1109 ὄρει
853 1073 891 1108 τῷ

98 1121 229 1160 Γαριζεὶν
239 1124 281 1151 διὰ
294 1124 394 1150 τούτων
403 1131 409 1137 ·
421 1123 464 1149 διὰ
479 1120 600 1157 Συμεὼν,
613 1119 688 1152 Λευῒ,
707 1120 804 1152 Ἰούδα,
825 1120 892 1146 Ἰσα-

100 1171 169 1206 χὰρ,
197 1170 303 1206 Ἰωσὴφ,
323 1170 369 1195 καὶ
382 1168 509 1203 Βενιαμίν
519 1175 525 1181 ·
542 1169 559 1203 ἡ
575 1167 602 1194 δὲ
615 1167 722 1202 κατάρα
741 1167 769 1193 ὲν
781 1165 820 1201 τῷ
833 1166 892 1201 ὄρει

101 1216 207 1243 Γᾶιδὰλ
230 1216 283 1242 ἀπὸ
306 1214 428 1249 Ῥουὸὶμ,
451 1213 514 1246 Γὰδ,
538 1213 632 1248 Ἀσὴρ,
655 1211 806 1243 Ζαϐουλὼν,
828 1211 891 1243 Δὰν,

100 1263 152 1288 καὶ
162 1261 330 1296 Νεφθαλείμ.
347 1259 420 1296 Πρός
437 1260 589 1295 ὑπόμνησιν
604 1258 633 1285 δὲ
648 1258 695 1284 καὶ
708 1257 756 1292 τὴν
774 1257 817 1283 διὰ.
830 1265 893 1283 παν-

99 1309 150 1340 τὺς
170 1307 296 1342 μελέτην,
314 1305 431 1342 ἔγραψεν
448 1307 482 1332 ὲκ
497 1305 705 1341 προστάγματος
724 1303 825 1338 Κυρίου
844 1302 893 1337 τὴν

102 1354 228 1391 μεγάλην
248 1353 341 1389 ᾨδήν-
360 1353 415 1384 ἴνα,
436 1351 537 1386 ταύτην
558 1349 723 1385 ἐκμαθόντες
742 1348 785 1375 ἀεί
799 1356 829 1374 τε
847 1356 894 1382 με·

99 1400 235 1431 λετῶντες
251 1399 346 1434 αὐτὴν,
365 1398 401 1433 μὴ
418 1397 598 1424 ἐπιλάθωνται
613 1394 660 1422 τοῦ
678 1393 755 1421 Θεοῦ.
775 1393 894 1429 Εὐλογη-

100 1455 155 1478 σας
179 1454 209 1472 τε
234 1446 351 1480 ἑκάστην
375 1443 462 1478 φυλὴν
485 1443 531 1469 καὶ
547 1441 655 1477 γράψας
678 1440 726 1476 τὴν
759 1439 892 1474 εὐλογίαν,

99 1492 152 1519 καὶ
174 1491 277 1523 ἐπιθεὶς
297 1490 346 1522 τὰς
367 1491 460 1526 χεῖρας
474 1488 556 1515 αὑτοῦ
581 1487 627 1514 ἐπὶ
646 1486 692 1513 τὸν
719 1484 821 1521 Ἰησοῦν
845 1484 892 1511 τοῦ

100 1539 194 1573 Ναυῆ,
211 1538 251 1570 είς
265 1537 296 1564 τὸ
310 1536 437 1569 δέξασθαι
456 1535 536 1561 αὑτὸν
551 1533 619 1561 κατὰ
637 1533 800 1568 πρόσταγμα
813 1529 891 1562 Θεοῦ,

100 1585 188 1620 ἀνέϐη
214 1584 306 1610 λοιπὸν
333 1584 372 1614 είς
393 1582 423 1609 τὺ
445 1580 507 1617 ὅρος
530 1580 560 1607 τὸ
590 1579 733 1615 Ἀϐαρεὶμ,
755 1577 893 1604 τουτέστιν

106 1631 207 1663 ’Δϐειῦ,
231 1630 278 1657 καὶ
300 1628 474 1663 ἐτελεύτησεν
498 1627 555 1653 ἐκεῖ
579 1625 623 1652 διὰ
648 1625 768 1660 ῥήματος
792 1622 894 1657 Κυρίου

101 1677 174 1704 ὲτῶν
203 1675 240 1711 ρκ’
246 1696 253 1707 ,
273 1675 310 1711 μὴ
334 1673 552 1710 ἀμαυρωθέντων
573 1671 654 1698 αὐτοῦ
670 1670 724 1696 τῶν
738 1668 894 1704 ὀφθαλμῶν,

100 1722 118 1757 ἦ
134 1720 184 1748 τοῦ
202 1719 347 1756 προσώπου
361 1718 442 1746 auro-3
457 1717 605 1754 φθαρέντος
615 1724 623 1732 ’
640 1716 686 1743 καὶ
699 1715 749 1741 οὐκ
764 1712 834 1740 οἶδεν
851 1713 896 1739 οὺ-

101 1767 162 1798 δείς
173 1766 222 1802 τὴν
237 1765 324 1801 ταφὴν
337 1764 420 1792 αὐτοῦ
438 1764 490 1796 ἓως
502 1764 551 1798 τῆς
567 1762 673 1798 ἡμέρας
687 1760 798 1796 ταύτης.

229 1864 351 1891 Βιϐλίον
371 1862 407 1896 ς’,
433 1861 554 1896 Ἰησοῦς
572 1863 588 1889 ό
607 1861 659 1889 τοῦ
679 1860 775 1894 Ναυῆ.

141 1909 186 1937 10.
208 1909 248 1936 Τὰ
267 1909 294 1936 δὲ
322 1909 444 1937 ἐντεῦθεν
466 1908 555 1944 βιϐλία
575 1907 655 1943 μέχρι
671 1906 717 1933 τοῦ
735 1905 847 1941 Ἔσδρα,
865 1905 899 1932 οὐ.

101 1958 199 1985 πάντα
212 1957 324 1984 ἐκείνων
343 1956 396 1982 εἰσὶ
411 1954 578 1990 συγγραφαὶ,
593 1950 632 1980 ὦν
649 1953 696 1979 καὶ
712 1951 760 1984 τὰς
783 1952 898 1987 ἐπιγρα-

102 2004 161 2038 φὰς
176 2002 300 2037 φέρουσι,
315 2001 363 2027 καὶ
382 1999 446 2035 περὶ
467 1996 505 2026 ὧν
522 1997 745 2033 διαλαμϐάνουσι.
767 1996 852 2030 Λόγος
868 1995 896 2022 δὲ

103 2049 230 2085 φέρεται,
244 2046 319 2082 παρὰ
330 2045 384 2073 τῶν
395 2045 465 2072 κατὰ
479 2045 540 2076 τοὺς
561 2044 692 2075 ἑκάστους
706 2042 818 2078 καιροὺς
831 2050 897 2077 προ-

103 2094 201 2131 φητῶν
217 2092 420 2128 συγγεγράφθαι
443 2091 523 2118 αὐτὰ.
541 2091 609 2126 Περὶ
630 2089 694 2124 γοῦν
715 2088 768 2116 τῶν
785 2089 898 2124 ἐπιγρα-

105 2139 165 2174 φῶν
175 2137 265 2165 αὐτῶν
280 2137 349 2168 τέως
363 2135 533 2171 διαληπτέον.
546 2135 582 2161 Τὸ
595 2134 680 2170 παρὸν
694 2134 783 2160 τοίνυν
797 2133 898 2167 βιϐλίον

106 2184 307 2220 ἐπιγέγραπται
336 2182 438 2217 Ἰησοῦς
466 2182 480 2208 ό
499 2180 547 2207 τοῦ
575 2180 670 2215 Ναυῆ·
698 2179 790 2214 ἐπειδὴ
817 2178 897 2210 αὐτὸς

943 247 1007 274 ﬁliis
1023 246 1106 274 Israel
1124 246 1152 272 in
1171 249 1244 271 terra
1260 242 1350 271 Moab.
1370 245 1468 276 praeter
1490 239 1579 266 foedus
1595 237 1666 272 quod
1681 244 1730 271 pe-

943 292 1010 328 pigit
1027 299 1088 319 cum
1104 291 1143 318 eis
1157 290 1183 316 in
1198 288 1299 316 lioreb.
1318 297 1326 313 ›
1338 286 1510 321 Quapropter
1520 289 1545 311 et
1560 283 1659 310 tabulae
1669 282 1730 317 qui-

942 337 1004 364 dem
1017 337 1043 363 in
1060 335 1149 363 llorcb
1162 334 1292 365 recitatae,
1311 336 1338 359 ct
1355 332 1382 358 in
1400 330 1490 357 medio
1504 336 1573 355 arcae
1591 328 1730 355 collocatas

942 386 1028 409 sunt:
1049 382 1123 408 hunc
1143 387 1207 408 vero
1233 380 1333 406 librum
1348 376 1536 405 sacerdotibus
1548 375 1664 409 Moyses,
1688 380 1730 399 ar-

942 435 1002 456 cam
1025 426 1211 463 portantibus,
1234 424 1268 451 ad
1285 424 1371 450 latera
1401 429 1472 449 arcte
1488 421 1516 448 in
1541 418 1728 447 testimonium

941 481 1044 509 ponere
1053 472 1145 508 jussit,
1158 475 1185 499 et
1200 471 1316 505 septimo
1328 476 1436 504 quoque
1450 475 1521 494 anno
1532 466 1559 494 in
1573 467 1616 494 die
1629 465 1727 492 remis-

941 519 1039 551 sionis,
1053 517 1163 553 quando
1180 521 1206 544 et
1218 516 1319 543 festum
1335 513 1588 541 Tabernaculorum
1600 511 1725 538 celebra-

941 565 1031 596 batur,
1049 564 1101 599 legi
1124 562 1262 598 praecepit.
1279 560 1341 587 Haec
1358 559 1446 594 prima
1462 557 1570 593 quidem
1590 560 1632 584 est
1647 556 1726 587 ratio,

942 613 977 640 ob
1002 619 1086 648 quam
1108 611 1154 638 hic
1179 610 1246 636 libcr
1273 606 1514 636 Deuteronomium
1539 608 1652 631 vocatus
1674 607 1726 630 est.

942 658 1033 686 Altera
1041 665 1106 686 vero
1115 661 1168 688 est,
1179 655 1252 690 quod
1261 656 1286 682 in
1298 655 1368 688 ipso,
1380 650 1512 688 quidquid
1525 655 1587 677 ante
1598 650 1678 685 106
1686 649 1729 676 di-

942 707 1014 731 ctum
1031 703 1128 735 fuerat,
1145 702 1202 729 sive
1221 701 1248 727 in
1273 699 1377 731 Exodo,
1396 698 1454 725 sive
1472 697 1499 723 in
1515 696 1648 726 Levitico,
1670 694 1728 722 sive

942 748 970 775 in
984 748 1124 780 Numeris;
1137 747 1229 774 omnia
1247 746 1378 781 legitima,
1395 743 1605 779 justiﬁcationes
1620 745 1646 769 et
1660 749 1729 776 pra:-

942 799 1030 829 cepta,
1053 794 1190 829 repetitet
1215 792 1346 823 declarat,
1363 795 1390 818 et
1411 790 1542 825 populum
1564 789 1662 815 iterum
1681 787 1730 814 ad-

942 843 1045 870 monet,
1063 844 1091 866 ut
1111 846 1143 866 ea
1163 837 1309 865 custodiat.
1330 835 1456 863 Resumit
1473 835 1554 861 etiam
1570 833 1652 860 isthic
1671 833 1729 859 exi-

942 891 998 913 tum
1016 885 1108 920 populi
1124 892 1156 912 ex
1169 883 1297 919 .‘Egypto,
1315 887 1341 910 et
1354 885 1454 909 cuncta
1472 881 1528 908 illis
1547 879 1667 914 praestita
1682 878 1729 905 be-

942 930 1050 962 neﬁcia,
1073 930 1150 964 signa
1171 936 1279 963 quoque
1292 931 1320 954 et
1336 929 1473 961 portenta,
1489 932 1523 951 ne
1539 923 1596 956 Dei,
1619 923 1665 958 qui
1683 922 1728 948 illa

941 979 1107 1011 patraverat,
1121 973 1359 1001 obliviscerentur.
1375 969 1501 997 Decernit
1516 968 1599 995 etiam
1609 966 1730 999 benedi-

941 1022 1059 1050 ctionem
1086 1021 1130 1052 iis,
1147 1020 1194 1054 qui
1211 1019 1298 1054 legem
1319 1016 1490 1047 custodiunt,
1509 1014 1728 1042 maledictionem

941 1075 1006 1095 vero
1023 1067 1068 1098 iis,
1084 1065 1132 1101 qui
1148 1065 1221 1092 illam
1240 1062 1493 1097 transgrediuntur,
1516 1064 1543 1087 et
1561 1060 1729 1087 benedictio-

942 1119 1004 1139 nem
1022 1111 1049 1137 in
1064 1113 1156 1137 monte
1183 1108 1292 1135 Garizin
1308 1105 1473 1141 promulgari
1494 1105 1606 1132 mandat
1623 1113 1669 1140 per
1685 1105 1726 1132 Si-

942 1163 1033 1186 meon,
1058 1153 1132 1186 Levi,
1149 1153 1229 1186 Juda,
1251 1152 1374 1184 lsachar,
1394 1150 1494 1186 Joseph
1520 1153 1547 1177 et
1564 1149 1726 1184 Benjamin:

942 1200 1161 1228 maledictionem
1179 1206 1244 1226 vero
1266 1198 1295 1225 in
1319 1201 1410 1226 monte
1425 1196 1525 1228 Gmbal,
1548 1203 1597 1230 per
1615 1195 1722 1229 Ruben,

942 1246 1010 1278 Gad,
1028 1246 1106 1278 Aser,
1133 1245 1265 1276 Zabulou,
1282 1243 1341 1271 Dan
1370 1247 1396 1270 et
1418 1242 1601 1278 Nephthalim.
1619 1241 1660 1268 Ad
1685 1249 1728 1269 re—

943 1292 1128 1320 cordationcm
1140 1299 1203 1318 vero
1216 1295 1243 1318 et
1257 1290 1349 1326 jugem
1365 1289 1578 1321 meditationem,
1594 1289 1728 1323 prolixam

943 1339 1030 1367 Odam
1047 1346 1081 1366 ex
1094 1338 1175 1373 jussu
1196 1336 1304 1364 Domini
1320 1335 1497 1370 conscripsit,
1519 1339 1549 1362 ut
1573 1335 1645 1362 illam
1664 1342 1728 1370 pcr-

944 1384 1082 1412 discentcs
1098 1373 1133 1410 ac:
1149 1390 1256 1418 semper
1273 1381 1448 1413 meditantes,
1465 1389 1500 1409 ne
1521 1381 1568 1408 Dei
1583 1381 1729 1408 oblivisce-

944 1434 1049 1458 rentur.
1069 1429 1217 1464 Postquam
1232 1436 1296 1456 vero
1310 1427 1427 1463 singulis
1441 1427 1567 1455 tribubus
1578 1426 1727 1461 benedixit,

944 1476 1217 1510 benedictionemque
1232 1475 1340 1502 illarum
1355 1474 1454 1502 litteris
1468 1474 1616 1507 mandavit,
1629 1482 1660 1500 ac
1670 1481 1728 1501 ma-

944 1530 996 1550 nus
1021 1529 1086 1550 suas
1113 1529 1196 1556 super
1214 1520 1306 1548 Iesum
1330 1521 1415 1553 Nave,
1445 1523 1475 1547 ut
1501 1520 1553 1547 sibi
1578 1519 1729 1547 secundum

944 1568 1103 1596 mandatum
1134 1567 1180 1595 Dei
1213 1566 1386 1600 succederet,
1414 1566 1523 1600 posuit;
1549 1565 1577 1592 in
1608 1569 1730 1592 montem

944 1614 1068 1645 Abarim,
1094 1613 1142 1647 qui
1158 1615 1201 1640 est
1225 1612 1314 1643 Abau,
1343 1611 1503 1638 conscendit
1518 1620 1523 1638 :
1538 1611 1631 1645 ibique
1652 1610 1730 1644 juxta

944 1660 1058 1688 verbum
1076 1659 1183 1686 Doruini
1203 1662 1327 1685 mortuus
1344 1662 1396 1690 est,
1410 1665 1544 1685 annorum
1559 1661 1669 1684 centum
1687 1656 1731 1683 vi-

945 1705 1023 1740 ginti,
1041 1712 1104 1732 cum
1131 1704 1248 1731 necdum
1270 1704 1343 1731 oculi
1371 1703 1460 1738 ipsius
1476 1703 1652 1738 caligassent,
1679 1709 1731 1729 nec

946 1751 1032 1779 facies
1045 1751 1105 1786 ejus
1124 1751 1271 1786 quidquam
1289 1751 1359 1778 tabis
1381 1750 1524 1778 sensisset.
1541 1749 1627 1776 Nemo
1640 1753 1731 1777 autem

946 1797 1100 1832 sepulcrum
1114 1797 1188 1824 illius
1204 1797 1279 1824 novit
1293 1797 1320 1824 in
1334 1796 1497 1824 hodiernum
1511 1804 1598 1830 usque
1611 1795 1692 1823 diem.

1116 1853 1194 1881 Liber
1213 1853 1262 1886 VI,
1276 1853 1356 1881 Iesus
1371 1854 1445 1888 ﬁlius
1460 1853 1545 1881 Nave.

981 1901 1025 1928 10.
1045 1900 1097 1934 Qui
1111 1901 1239 1935 deinceps
1252 1900 1286 1928 ad
1299 1900 1413 1927 Esdram
1430 1908 1518 1935 usque
1530 1903 1684 1936 sequuntur
1700 1901 1733 1928 li-

946 1946 999 1978 bri,
1016 1954 1072 1974 non
1094 1954 1209 1982 prorsus
1229 1947 1263 1974 ab
1285 1946 1341 1974 illis
1355 1950 1419 1974 sunt
1433 1947 1593 1982 conscripti,
1615 1955 1733 1982 quorum

947 1993 1140 2028 inscriptiones
1156 1992 1316 2028 praeferunt,
1333 1996 1360 2020 et
1374 1992 1408 2020 de
1423 1993 1524 2028 quibus
1539 1996 1668 2020 tractant.
1682 1992 1734 2019 Fe-

947 2043 1047 2066 runtur
1064 2044 1154 2066 autem
1171 2047 1186 2066 a
1204 2039 1355 2074 prophetis,
1374 2039 1420 2074 qui
1435 2039 1550 2073 singulis
1565 2039 1733 2074 temporibus

947 2085 1085 2117 vixerunt,
1101 2092 1161 2113 esse
1184 2085 1290 2120 scripti.
1313 2085 1509 2113 Dissereudum
1529 2085 1622 2120 itaque
1637 2088 1679 2112 est
1699 2084 1734 2112 de

948 2130 1056 2158 illorum
1080 2130 1317 2166 inscriptionibus.
1342 2130 1467 2158 Praesens
1487 2130 1557 2157 liber
1574 2129 1735 2163 inscriptio--

947 2184 1010 2204 nem
1022 2176 1103 2204 habet
1117 2176 1196 2204 Jesus
1215 2176 1288 2204 Nave
1302 2186 1309 2203 :
1326 2180 1469 2212 propterea
1484 2175 1557 2210 quod
1578 2175 1636 2210 ipse
1652 2174 1733 2202 Jesus

113 2229 216 2265 Ἰησοῦς
239 2230 253 2256 ὁ
274 2228 320 2255 τοῦ
338 2228 427 2262 Ναυῆ,
451 2226 639 2262 διαδεξάμενος
655 2225 784 2260 Μωῦσῆν,
800 2226 894 2261 ἐστρα-

949 2222 1020 2250 Nave
1036 2222 1136 2257 Moysis
1152 2230 1306 2255 successor,
1332 2223 1480 2258 populique
1504 2221 1558 2248 dux
1576 2220 1637 2252 fuit,
1653 2221 1733 2255 cujus

107 2277 210 2311 τήγησε
217 2274 264 2301 τοῦ
281 2274 357 2306 λαοῦ,
370 2274 417 2300 καὶ
424 2273 474 2308 τὴν
485 2273 543 2299 κατ’
558 2272 636 2299 αὑτὸν
655 2272 774 2307 ἱστορίαν
788 2272 834 2298 καὶ
846 2271 895 2303 τὰς

109 2321 221 2357 πράξεις
235 2320 315 2347 αὐτοῦ
333 2319 462 2355 περιέχει.
478 2319 555 2345 Ἔστι
570 2318 597 2344 δὲ
607 2319 635 2344 ὲν
644 2317 729 2352 τούτῳ
738 2317 776 2352 τῷ
792 2317 896 2352 βιϐλίῳ,

109 2367 165 2399 πῶς
181 2365 229 2393 τοῦ
250 2366 381 2402 Ἰορδάνου
411 2363 533 2398 ποταμοῦ
560 2364 590 2390 τὸ
610 2363 658 2399 μὲν
674 2363 774 2390 ἄνωθεν
794 2363 827 2389 ὲκ
847 2363 896 2398 τῆς

109 2413 199 2448 πηγῆς
215 2412 279 2445 ἔστη
290 2411 386 2447 ῥεῦμα,
394 2411 425 2437 τὸ
437 2410 465 2436 δὲ
474 2409 579 2445 φθάσαν
597 2409 757 2444 ὲξεκενώθη,
768 2409 813 2435 καὶ
822 2407 897 2444 ξηρῷ

109 2458 147 2494 τῷ
159 2458 219 2484 ποδὶ
233 2457 359 2492 διέϐησαν
373 2456 453 2482 αὐτόν
465 2464 471 2470 ·
483 2456 530 2482 καὶ
543 2455 583 2481 ὅτι
599 2456 627 2481 ὲν
642 2454 789 2488 Γαλγάλοις
819 2463 897 2489 περι-

109 2504 190 2539 έτεμε
203 2504 266 2534 τοὺς
281 2503 310 2529 ὲν
331 2504 365 2538 τῇ
375 2502 470 2538 ἐρήμῳ
488 2501 665 2536 γεννηθέντας
680 2501 782 2532 πάντας
799 2501 827 2526 ὲν
849 2509 898 2527 πε-

108 2550 212 2585 τρίναις
223 2548 384 2584 μαχαίραις,
400 2548 446 2574 καὶ
469 2547 582 2574 ἐκάλεσε
603 2546 647 2572 τὸν
670 2546 752 2572 τόπον
773 2545 896 2580 Γαλγάλ-

109 2597 155 2624 aut
169 2597 221 2628 ὃτι,
236 2595 403 2631 περάσαντος
416 2593 463 2620 τοῦ
478 2592 555 2625 λαοῦ,
570 2593 617 2619 καὶ
630 2592 762 2626 φαγόντος
780 2593 833 2619 ἀπὸ
843 2593 898 2620 τῶν

110 2641 226 2677 καρπῶν
239 2640 289 2675 τῆς
305 2640 366 2675 γῆς,
384 2639 493 2672 ἐξέλιπε
507 2638 598 2665 λοιπὸν
614 2638 645 2664 τὸ
664 2638 765 2673 μάννα·
784 2638 832 2664 καὶ
849 2638 898 2673 τῆς

113 2687 161 2722 μὲν
189 2686 319 2723 Ἱεριχοῦς
345 2685 485 2720 αὐτόματα
507 2684 542 2711 τὰ
563 2685 639 2719 τείχη
657 2684 846 2719 πέπτωκεν-ὴ
870 2684 898 2710 δὲ

116 2731 201 2758 Ῥαὰὸ
212 2733 228 2766 ἡ
245 2730 331 2765 πόρνη
344 2729 444 2765 ἐσώθη,
459 2728 599 2764 φυλάξασα
613 2728 676 2760 τοὺς
693 2729 880 2761 κατασκόπους
890 2737 897 2744 ·

113 2777 159 2804 καὶ
175 2778 216 2803 ὅτι
232 2777 246 2803 ό
262 2776 336 2811 ἥλιος
350 2776 379 2802 ὲν
391 2774 430 2810 τῷ
447 2776 667 2810 μεσουρανήματι
688 2774 735 2806 ὢν,
750 2774 898 2809 εὐξαμένου

120 2822 205 2858 Ἰησοῦ
221 2821 268 2848 τοῦ
288 2819 347 2847 υἱοῦ
367 2819 413 2847 τοῦ
430 2820 518 2854 Ναυῆ,
536 2819 599 2855 ἔστη
617 2818 688 2846 κατὰ
703 2819 814 2846 Γαϐαὼν
829 2819 896 2855 ἠμέν

116 2876 163 2903 ρας
179 2866 326 2902 ὁλοκλήρου
348 2865 494 2901 διάστημα,
514 2866 565 2897 ἕως
583 2864 757 2901 τροπώσηται
771 2866 834 2898 τοὺς
853 2866 898 2901 ἑχ-

948 2268 999 2296 hoc
1013 2268 1083 2295 libro
1094 2268 1208 2295 historia
1226 2272 1252 2295 et
1264 2276 1307 2295 res
1322 2273 1403 2303 gesta:
1415 2267 1600 2294 continentur.
1615 2266 1733 2293 Enarra-

947 2319 992 2341 tur
1013 2314 1058 2341 hic
1077 2314 1215 2349 quomodo
1242 2313 1353 2341 Jordnni
1381 2314 1455 2341 ﬂuvii
1479 2321 1542 2349 pars
1562 2313 1684 2348 superior
1699 2320 1735 2341 ex.

947 2364 1024 2394 parte
1036 2360 1120 2388 fontis
1135 2359 1258 2387 deﬂuens
1274 2359 1385 2387 immota
1401 2360 1518 2391 steterit,
1538 2359 1652 2386 inferior
1669 2366 1734 2386 vero

947 2406 1096 2435 decurrens
1125 2410 1256 2434 evacuata
1286 2407 1341 2439 sit,
1367 2410 1394 2433 et
1420 2405 1536 2440 populus
1565 2406 1638 2432 sicco
1665 2403 1734 2439 pede

945 2453 1104 2486 transierit;
1116 2451 1289 2487 etquomodo
1304 2452 1332 2478 in
1348 2450 1470 2486 Galgalis
1483 2457 1577 2477 omnes
1591 2449 1618 2476 in
1637 2449 1734 2476 solitu-

947 2499 1010 2527 dine
1030 2502 1109 2526 natos
1130 2498 1227 2525 cultris
1246 2497 1336 2525 saxeis
1349 2495 1566 2528 circumciderit,
1590 2495 1734 2530 locumque

947 2545 1025 2572 illum
1035 2543 1130 2579 Galgal
1144 2545 1299 2578 vocaverit;
1314 2543 1387 2579 quod
1407 2550 1469 2570 cum
1485 2542 1603 2578 primum
1619 2542 1734 2577 populus

947 2590 1065 2619 Iordane
1081 2591 1244 2618 transmisso
1257 2590 1290 2618 de
1305 2595 1386 2617 terra;
1400 2589 1473 2616 illius
1486 2588 1610 2623 frugibus
1621 2588 1733 2620 edisset,

947 2643 1049 2663 manna
1065 2635 1196 2671 deinceps
1210 2636 1341 2668 desierit;
1357 2635 1429 2670 quod
1444 2635 1520 2662 urbis
1537 2633 1647 2661 Jericho
1665 2641 1735 2661 ma:-

947 2683 993 2711 nia
1008 2683 1079 2710 ultro
1092 2681 1263 2714 corruerint;
1279 2681 1357 2708 Raab
1372 2680 1503 2708 meretrix
1519 2683 1631 2714 propter
1642 2679 1735 2714 hospi-

948 2730 987 2757 tio
1011 2732 1155 2763 susceptos
1180 2732 1207 2755 et
1232 2728 1383 2754 occultatos
1408 2726 1599 2760 exploratores
1624 2729 1735 2753 servata

949 2776 1002 2806 sit;
1023 2775 1063 2802 sol
1083 2775 1110 2801 in
1134 2773 1224 2800 medio
1248 2774 1310 2800 caeli
1336 2773 1454 2800 decursu
1467 2771 1545 2806 juxta
1565 2770 1733 2802 Gabaonem,

949 2825 1045 2848 orante
1057 2819 1124 2848 Jesu
1150 2819 1235 2852 Nave,
1252 2819 1352 2854 integri
1375 2818 1428 2846 diei
1460 2818 1560 2853 spatio,
1577 2817 1664 2844 donec
1690 2817 1735 2844 ille

950 2867 1043 2895 hostes
1059 2865 1216 2902 devicisset,
1242 2866 1357 2894 steterit.
1378 2865 1525 2900 Postquam
1548 2871 1612 2891 vero
1634 2863 1735 2890 Amor.-
