  <div class='ocr_page' id='page_1' title='image "/cluster/home/n/w/nwhite01/storage/ocr_20150623/28/njp.32101007506148/168.png"; bbox 0 0 1915 3057; ppageno 0'>
   <div class='ocr_carea' id='block_1_1' title="bbox 123 129 173 156">
    <p class='ocr_par' dir='ltr' id='par_1_1' title="bbox 123 129 173 156">
     <span class='ocr_line' id='line_1_1' title="bbox 123 129 173 156; baseline -0.04 0"><span class='ocrx_word' id='word_1_1' title='bbox 123 129 173 156; x_wconf 69' lang='grc' dir='ltr'><strong>3ἰ¹οἲ</strong></span> 
     </span>
    </p>
   </div>
   <div class='ocr_carea' id='block_1_2' title="bbox 675 135 1222 170">
    <p class='ocr_par' dir='ltr' id='par_1_2' title="bbox 675 135 1222 170">
     <span class='ocr_line' id='line_1_2' title="bbox 675 135 1222 170; baseline 0.004 -7"><span class='ocrx_word' id='word_1_2' title='bbox 675 135 838 164; x_wconf 72' lang='lat' dir='ltr'><strong>SYNOPSIS</strong></span> <span class='ocrx_word' id='word_1_3' title='bbox 857 136 1063 165; x_wconf 69' lang='lat' dir='ltr'><strong>SCRIPTUR/E</strong></span> <span class='ocrx_word' id='word_1_4' title='bbox 1080 137 1222 170; x_wconf 62' lang='lat' dir='ltr'><strong>$ACRE.</strong></span> 
     </span>
    </p>
   </div>
   <div class='ocr_carea' id='block_1_3' title="bbox 1693 137 1747 166">
    <p class='ocr_par' dir='ltr' id='par_1_3' title="bbox 1693 137 1747 166">
     <span class='ocr_line' id='line_1_3' title="bbox 1693 137 1747 166; baseline 0 0"><span class='ocrx_word' id='word_1_5' title='bbox 1693 137 1747 166; x_wconf 72' lang='lat' dir='ltr'><strong>5M</strong></span> 
     </span>
    </p>
   </div>
   <div class='ocr_carea' id='block_1_4' title="bbox 122 187 908 232">
    <p class='ocr_par' dir='ltr' id='par_1_4' title="bbox 122 187 908 231">
     <span class='ocr_line' id='line_1_4' title="bbox 122 187 908 231; baseline 0.013 -18"><span class='ocrx_word' id='word_1_6' title='bbox 122 187 167 223; x_wconf 70' lang='grc' dir='ltr'><strong>ἔτη</strong></span> <span class='ocrx_word' id='word_1_7' title='bbox 186 191 235 223; x_wconf 81' lang='grc' dir='ltr'><strong>ιη’·</strong></span> <span class='ocrx_word' id='word_1_8' title='bbox 257 189 304 215; x_wconf 74' lang='grc' dir='ltr'><strong>καὶ</strong></span> <span class='ocrx_word' id='word_1_9' title='bbox 322 189 402 222; x_wconf 74' lang='grc' dir='ltr'>αὐτὸς</span> <span class='ocrx_word' id='word_1_10' title='bbox 426 190 515 227; x_wconf 77' lang='grc' dir='ltr'><strong>ἔκρινε</strong></span> <span class='ocrx_word' id='word_1_11' title='bbox 534 193 580 219; x_wconf 75' lang='grc' dir='ltr'>τὸν</span> <span class='ocrx_word' id='word_1_12' title='bbox 603 194 709 230; x_wconf 80' lang='grc' dir='ltr'><strong>Ἰσραὴλ</strong></span> <span class='ocrx_word' id='word_1_13' title='bbox 725 195 772 230; x_wconf 77' lang='grc' dir='ltr'><strong>ἔτη</strong></span> <span class='ocrx_word' id='word_1_14' title='bbox 786 199 825 222; x_wconf 78' lang='grc' dir='ltr'><strong>π¹ο</strong></span> <span class='ocrx_word' id='word_1_15' title='bbox 841 196 908 231; x_wconf 79' lang='grc' dir='ltr'>μετὰ</span> 
     </span>
    </p>
   </div>
   <div class='ocr_carea' id='block_1_5' title="bbox 961 187 1744 232">
    <p class='ocr_par' dir='ltr' id='par_1_5' title="bbox 961 195 1744 232">
     <span class='ocr_line' id='line_1_5' title="bbox 961 195 1744 232; baseline 0.001 -9"><span class='ocrx_word' id='word_1_16' title='bbox 961 205 1047 226; x_wconf 89' lang='lat' dir='ltr'><strong>annos</strong></span> <span class='ocrx_word' id='word_1_17' title='bbox 1074 197 1222 231; x_wconf 74' lang='lat' dir='ltr'><strong>octoginta.</strong></span> <span class='ocrx_word' id='word_1_18' title='bbox 1249 196 1345 224; x_wconf 84' lang='lat' dir='ltr'><strong>Postea</strong></span> <span class='ocrx_word' id='word_1_19' title='bbox 1373 195 1507 232; x_wconf 84' lang='lat' dir='ltr'><strong>Tamegar</strong></span> <span class='ocrx_word' id='word_1_20' title='bbox 1534 195 1607 224; x_wconf 94' lang='lat' dir='ltr'><strong>ﬁlius</strong></span> <span class='ocrx_word' id='word_1_21' title='bbox 1623 195 1744 230; x_wconf 82' lang='lat' dir='ltr'><strong>Dinach.</strong></span> 
     </span>
    </p>
   </div>
   <div class='ocr_carea' id='block_1_6' title="bbox 119 234 910 274">
    <p class='ocr_par' dir='ltr' id='par_1_6' title="bbox 119 234 910 274">
     <span class='ocr_line' id='line_1_6' title="bbox 119 234 910 274; baseline 0.005 -10"><span class='ocrx_word' id='word_1_22' title='bbox 119 234 215 261; x_wconf 72' lang='grc' dir='ltr'>τοῦτον</span> <span class='ocrx_word' id='word_1_23' title='bbox 238 235 371 272; x_wconf 81' lang='grc' dir='ltr'>Ταμεγὰρ</span> <span class='ocrx_word' id='word_1_24' title='bbox 397 237 452 271; x_wconf 68' lang='lat' dir='ltr'><strong>L5),</strong></span> <span class='ocrx_word' id='word_1_25' title='bbox 474 239 533 270; x_wconf 80' lang='grc' dir='ltr'><strong>υἱὸς</strong></span> <span class='ocrx_word' id='word_1_26' title='bbox 555 240 652 274; x_wconf 78' lang='grc' dir='ltr'><strong>Δινάχ·</strong></span> <span class='ocrx_word' id='word_1_27' title='bbox 670 237 748 272; x_wconf 74' lang='grc' dir='ltr'>οὗτος</span> <span class='ocrx_word' id='word_1_28' title='bbox 777 241 910 274; x_wconf 74' lang='grc' dir='ltr'><strong>ἐπάταξεν</strong></span> 
     </span>
    </p>
   </div>
   <div class='ocr_carea' id='block_1_7' title="bbox 119 280 910 324">
    <p class='ocr_par' dir='ltr' id='par_1_7' title="bbox 119 280 910 324">
     <span class='ocr_line' id='line_1_7' title="bbox 119 280 910 324; baseline 0.01 -18"><span class='ocrx_word' id='word_1_29' title='bbox 119 280 276 313; x_wconf 76' lang='grc' dir='ltr'><strong>ἑξακοσίους</strong></span> <span class='ocrx_word' id='word_1_30' title='bbox 298 282 352 309; x_wconf 86' lang='grc' dir='ltr'><strong>τῶν</strong></span> <span class='ocrx_word' id='word_1_31' title='bbox 380 284 536 319; x_wconf 77' lang='grc' dir='ltr'><strong>ἀλλοφύλων</strong></span> <span class='ocrx_word' id='word_1_32' title='bbox 559 286 587 311; x_wconf 85' lang='grc' dir='ltr'><strong>ὲν</strong></span> <span class='ocrx_word' id='word_1_33' title='bbox 609 286 647 322; x_wconf 74' lang='grc' dir='ltr'><strong>ἰῷ</strong></span> <span class='ocrx_word' id='word_1_34' title='bbox 669 287 830 324; x_wconf 57' lang='grc' dir='ltr'><strong>ἀῳτρόπώι</strong></span> <span class='ocrx_word' id='word_1_35' title='bbox 855 288 910 315; x_wconf 82' lang='grc' dir='ltr'><strong>τῶν</strong></span> 
     </span>
    </p>
   </div>
   <div class='ocr_carea' id='block_1_8' title="bbox 120 326 910 366">
    <p class='ocr_par' dir='ltr' id='par_1_8' title="bbox 120 326 910 366">
     <span class='ocr_line' id='line_1_8' title="bbox 120 326 910 366; baseline 0.009 -13"><span class='ocrx_word' id='word_1_36' title='bbox 120 326 190 362; x_wconf 82' lang='grc' dir='ltr'>βοῶν</span> <span class='ocrx_word' id='word_1_37' title='bbox 199 336 206 343; x_wconf 88' lang='grc'><strong>·</strong></span> <span class='ocrx_word' id='word_1_38' title='bbox 225 328 272 354; x_wconf 78' lang='grc' dir='ltr'><strong>καὶ</strong></span> <span class='ocrx_word' id='word_1_39' title='bbox 286 329 366 361; x_wconf 82' lang='grc' dir='ltr'>αὐτὸς</span> <span class='ocrx_word' id='word_1_40' title='bbox 383 330 473 366; x_wconf 78' lang='grc' dir='ltr'><strong>ἔκρινε</strong></span> <span class='ocrx_word' id='word_1_41' title='bbox 485 331 530 358; x_wconf 83' lang='grc' dir='ltr'>τὸν</span> <span class='ocrx_word' id='word_1_42' title='bbox 546 331 609 359; x_wconf 82' lang='grc' dir='ltr'>λαὸν</span> <span class='ocrx_word' id='word_1_43' title='bbox 627 332 685 364; x_wconf 73' lang='grc' dir='ltr'>ἔτος</span> <span class='ocrx_word' id='word_1_44' title='bbox 699 332 734 359; x_wconf 85' lang='grc' dir='ltr'><strong>α’.</strong></span> <span class='ocrx_word' id='word_1_45' title='bbox 748 334 815 360; x_wconf 75' lang='grc' dir='ltr'>Μετ’</span> <span class='ocrx_word' id='word_1_46' title='bbox 829 334 910 360; x_wconf 77' lang='grc' dir='ltr'>αὑτὸν</span> 
     </span>
    </p>
   </div>
   <div class='ocr_carea' id='block_1_9' title="bbox 118 373 909 415">
    <p class='ocr_par' dir='ltr' id='par_1_9' title="bbox 118 373 909 415">
     <span class='ocr_line' id='line_1_9' title="bbox 118 373 909 415; baseline 0.009 -16"><span class='ocrx_word' id='word_1_47' title='bbox 118 373 234 410; x_wconf 73' lang='grc' dir='ltr'>Βαρὰχ,</span> <span class='ocrx_word' id='word_1_48' title='bbox 257 375 314 407; x_wconf 79' lang='grc' dir='ltr'><strong>υἱὸς</strong></span> <span class='ocrx_word' id='word_1_49' title='bbox 339 376 444 412; x_wconf 78' lang='grc' dir='ltr'><strong>’Λϐινέχ</strong></span> <span class='ocrx_word' id='word_1_50' title='bbox 459 377 509 413; x_wconf 86' lang='grc'><strong>(6).</strong></span> <span class='ocrx_word' id='word_1_51' title='bbox 532 376 615 410; x_wconf 74' lang='grc' dir='ltr'>Οὗτος</span> <span class='ocrx_word' id='word_1_52' title='bbox 637 379 804 415; x_wconf 77' lang='grc' dir='ltr'><strong>ἐπολέμησεν</strong></span> <span class='ocrx_word' id='word_1_53' title='bbox 828 380 909 406; x_wconf 77' lang='grc' dir='ltr'>Ἰαϐὶν</span> 
     </span>
    </p>
   </div>
   <div class='ocr_carea' id='block_1_10' title="bbox 117 420 909 461">
    <p class='ocr_par' dir='ltr' id='par_1_10' title="bbox 117 420 909 461">
     <span class='ocr_line' id='line_1_10' title="bbox 117 420 909 461; baseline 0.008 -15"><span class='ocrx_word' id='word_1_54' title='bbox 117 420 167 447; x_wconf 78' lang='grc' dir='ltr'><strong>καὶ</strong></span> <span class='ocrx_word' id='word_1_55' title='bbox 189 420 236 446; x_wconf 81' lang='grc' dir='ltr'>τὸν</span> <span class='ocrx_word' id='word_1_56' title='bbox 255 421 372 456; x_wconf 79' lang='grc' dir='ltr'>Σισάρα,</span> <span class='ocrx_word' id='word_1_57' title='bbox 392 422 539 457; x_wconf 69' lang='grc' dir='ltr'>ολίψαντας</span> <span class='ocrx_word' id='word_1_58' title='bbox 553 424 598 450; x_wconf 79' lang='grc' dir='ltr'><strong>τὸν</strong></span> <span class='ocrx_word' id='word_1_59' title='bbox 621 425 727 461; x_wconf 82' lang='grc' dir='ltr'>Ἰσραὴλ</span> <span class='ocrx_word' id='word_1_60' title='bbox 746 425 793 460; x_wconf 76' lang='grc' dir='ltr'><strong>ἔτη</strong></span> <span class='ocrx_word' id='word_1_61' title='bbox 807 429 841 451; x_wconf 87' lang='grc' dir='ltr'><strong>κ’.</strong></span> <span class='ocrx_word' id='word_1_62' title='bbox 858 425 909 452; x_wconf 83' lang='grc' dir='ltr'><strong>Τὸν</strong></span> 
     </span>
    </p>
   </div>
   <div class='ocr_carea' id='block_1_11' title="bbox 119 464 908 507">
    <p class='ocr_par' dir='ltr' id='par_1_11' title="bbox 119 464 908 507">
     <span class='ocr_line' id='line_1_11' title="bbox 119 464 908 507; baseline 0.008 -16"><span class='ocrx_word' id='word_1_63' title='bbox 119 467 170 501; x_wconf 81' lang='grc' dir='ltr'>μὲν</span> <span class='ocrx_word' id='word_1_64' title='bbox 188 464 234 493; x_wconf 76' lang='grc' dir='ltr'><strong>οὖν</strong></span> <span class='ocrx_word' id='word_1_65' title='bbox 253 467 357 503; x_wconf 84' lang='grc' dir='ltr'>Σισάρα</span> <span class='ocrx_word' id='word_1_66' title='bbox 376 469 534 496; x_wconf 83' lang='grc' dir='ltr'>ἀπέκτεινεν</span> <span class='ocrx_word' id='word_1_67' title='bbox 553 469 641 505; x_wconf 80' lang='grc' dir='ltr'>Ἰαὴλ,</span> <span class='ocrx_word' id='word_1_68' title='bbox 662 471 729 506; x_wconf 83' lang='grc' dir='ltr'>γυνὴ</span> <span class='ocrx_word' id='word_1_69' title='bbox 749 470 841 507; x_wconf 82' lang='grc' dir='ltr'>Χαθὲρ</span> <span class='ocrx_word' id='word_1_70' title='bbox 861 470 908 497; x_wconf 79' lang='grc' dir='ltr'>τοῦ</span> 
     </span>
    </p>
   </div>
   <div class='ocr_carea' id='block_1_12' title="bbox 117 511 909 552">
    <p class='ocr_par' dir='ltr' id='par_1_12' title="bbox 117 511 909 552">
     <span class='ocr_line' id='line_1_12' title="bbox 117 511 909 552; baseline 0.005 -13"><span class='ocrx_word' id='word_1_71' title='bbox 117 511 232 539; x_wconf 80' lang='grc' dir='ltr'>Κιναιου</span> <span class='ocrx_word' id='word_1_72' title='bbox 253 513 282 538; x_wconf 85' lang='grc' dir='ltr'><strong>ὲν</strong></span> <span class='ocrx_word' id='word_1_73' title='bbox 305 513 451 549; x_wconf 78' lang='grc' dir='ltr'><strong>πασσάλῳ’</strong></span> <span class='ocrx_word' id='word_1_74' title='bbox 469 515 550 546; x_wconf 76' lang='grc' dir='ltr'>αὐτὸς</span> <span class='ocrx_word' id='word_1_75' title='bbox 569 515 597 541; x_wconf 77' lang='grc' dir='ltr'>δὲ</span> <span class='ocrx_word' id='word_1_76' title='bbox 611 515 716 551; x_wconf 85' lang='grc' dir='ltr'><strong>ἔκρινεν</strong></span> <span class='ocrx_word' id='word_1_77' title='bbox 736 516 781 542; x_wconf 82' lang='grc' dir='ltr'><strong>τὸν</strong></span> <span class='ocrx_word' id='word_1_78' title='bbox 802 516 909 552; x_wconf 75' lang='grc' dir='ltr'>Ἰσραὴλ</span> 
     </span>
    </p>
   </div>
   <div class='ocr_carea' id='block_1_13' title="bbox 117 558 906 598">
    <p class='ocr_par' dir='ltr' id='par_1_13' title="bbox 117 558 906 598">
     <span class='ocr_line' id='line_1_13' title="bbox 117 558 906 598; baseline 0.006 -14"><span class='ocrx_word' id='word_1_79' title='bbox 117 558 167 594; x_wconf 81' lang='grc' dir='ltr'><strong>ἔτη</strong></span> <span class='ocrx_word' id='word_1_80' title='bbox 186 558 221 594; x_wconf 83' lang='grc' dir='ltr'><strong>μ’.</strong></span> <span class='ocrx_word' id='word_1_81' title='bbox 242 560 310 586; x_wconf 80' lang='grc' dir='ltr'>Μετ’</span> <span class='ocrx_word' id='word_1_82' title='bbox 331 561 411 587; x_wconf 84' lang='grc' dir='ltr'>αὑτὸν</span> <span class='ocrx_word' id='word_1_83' title='bbox 430 561 548 587; x_wconf 85' lang='grc' dir='ltr'><strong>Γεδεών·</strong></span> <span class='ocrx_word' id='word_1_84' title='bbox 568 562 648 594; x_wconf 83' lang='grc' dir='ltr'>αὐτός</span> <span class='ocrx_word' id='word_1_85' title='bbox 665 564 738 589; x_wconf 77' lang='grc' dir='ltr'>ἐστιν</span> <span class='ocrx_word' id='word_1_86' title='bbox 760 563 906 598; x_wconf 74' lang='grc' dir='ltr'><strong>Ἱεροϐαὰλ.</strong></span> 
     </span>
    </p>
   </div>
   <div class='ocr_carea' id='block_1_14' title="bbox 117 601 908 645">
    <p class='ocr_par' dir='ltr' id='par_1_14' title="bbox 117 601 908 645">
     <span class='ocr_line' id='line_1_14' title="bbox 117 601 908 645; baseline 0.006 -14"><span class='ocrx_word' id='word_1_87' title='bbox 117 601 205 637; x_wconf 64' lang='grc' dir='ltr'><strong>Ᾱύίῶς</strong></span> <span class='ocrx_word' id='word_1_88' title='bbox 225 606 342 639; x_wconf 77' lang='grc' dir='ltr'>ἐπάταξε</span> <span class='ocrx_word' id='word_1_89' title='bbox 363 607 486 639; x_wconf 80' lang='grc' dir='ltr'>Μαδιὰν,</span> <span class='ocrx_word' id='word_1_90' title='bbox 503 609 551 634; x_wconf 73' lang='grc' dir='ltr'><strong>καὶ</strong></span> <span class='ocrx_word' id='word_1_91' title='bbox 569 609 614 634; x_wconf 82' lang='grc' dir='ltr'>τὸν</span> <span class='ocrx_word' id='word_1_92' title='bbox 634 609 731 645; x_wconf 81' lang='grc' dir='ltr'><strong>Ὠρὴ6,</strong></span> <span class='ocrx_word' id='word_1_93' title='bbox 753 610 800 636; x_wconf 74' lang='lat' dir='ltr'><strong>mi.</strong></span> <span class='ocrx_word' id='word_1_94' title='bbox 817 609 908 642; x_wconf 78' lang='grc' dir='ltr'><strong>Ζεὸεὲ,</strong></span> 
     </span>
    </p>
   </div>
   <div class='ocr_carea' id='block_1_15' title="bbox 117 652 909 692">
    <p class='ocr_par' dir='ltr' id='par_1_15' title="bbox 117 652 909 692">
     <span class='ocr_line' id='line_1_15' title="bbox 117 652 909 692; baseline 0.006 -14"><span class='ocrx_word' id='word_1_95' title='bbox 117 652 166 678; x_wconf 76' lang='grc' dir='ltr'>καὶ</span> <span class='ocrx_word' id='word_1_96' title='bbox 181 653 310 688; x_wconf 83' lang='grc' dir='ltr'>Σαλμανὰ</span> <span class='ocrx_word' id='word_1_97' title='bbox 322 654 385 686; x_wconf 77' lang='grc' dir='ltr'>τοὺς</span> <span class='ocrx_word' id='word_1_98' title='bbox 410 654 545 690; x_wconf 80' lang='grc' dir='ltr'>ἄρχοντας</span> <span class='ocrx_word' id='word_1_99' title='bbox 565 655 672 688; x_wconf 82' lang='grc' dir='ltr'>αὐτῶν,</span> <span class='ocrx_word' id='word_1_100' title='bbox 689 655 735 682; x_wconf 82' lang='grc' dir='ltr'><strong>τὸν</strong></span> <span class='ocrx_word' id='word_1_101' title='bbox 752 665 781 682; x_wconf 86' lang='grc' dir='ltr'><strong>τε</strong></span> <span class='ocrx_word' id='word_1_102' title='bbox 806 656 909 692; x_wconf 80' lang='grc' dir='ltr'>πύργον</span> 
     </span>
    </p>
   </div>
   <div class='ocr_carea' id='block_1_16' title="bbox 117 698 910 737">
    <p class='ocr_par' dir='ltr' id='par_1_16' title="bbox 117 698 910 737">
     <span class='ocr_line' id='line_1_16' title="bbox 117 698 910 737; baseline 0.008 -14"><span class='ocrx_word' id='word_1_103' title='bbox 117 698 239 734; x_wconf 71' lang='grc' dir='ltr'>Φανουὴλ</span> <span class='ocrx_word' id='word_1_104' title='bbox 255 699 432 736; x_wconf 76' lang='grc' dir='ltr'>κατέστρεψε,</span> <span class='ocrx_word' id='word_1_105' title='bbox 453 701 501 727; x_wconf 62' lang='grc' dir='ltr'><strong>καὶ⁹</strong></span> <span class='ocrx_word' id='word_1_106' title='bbox 514 701 577 733; x_wconf 82' lang='grc' dir='ltr'>τοὺς</span> <span class='ocrx_word' id='word_1_107' title='bbox 599 701 731 737; x_wconf 76' lang='grc' dir='ltr'>ἄρχοντας</span> <span class='ocrx_word' id='word_1_108' title='bbox 746 702 836 729; x_wconf 81' lang='grc' dir='ltr'>αὐτῶν</span> <span class='ocrx_word' id='word_1_109' title='bbox 848 703 910 737; x_wconf 75' lang='grc' dir='ltr'>ἠλό-</span> 
     </span>
    </p>
   </div>
   <div class='ocr_carea' id='block_1_17' title="bbox 115 745 907 783">
    <p class='ocr_par' dir='ltr' id='par_1_17' title="bbox 115 745 907 783">
     <span class='ocr_line' id='line_1_17' title="bbox 115 745 907 783; baseline 0.006 -14"><span class='ocrx_word' id='word_1_110' title='bbox 115 751 184 778; x_wconf 81' lang='grc' dir='ltr'>ησεν</span> <span class='ocrx_word' id='word_1_111' title='bbox 200 745 229 770; x_wconf 82' lang='grc' dir='ltr'><strong>ὲν</strong></span> <span class='ocrx_word' id='word_1_112' title='bbox 243 746 302 776; x_wconf 86' lang='grc' dir='ltr'>ταῖς</span> <span class='ocrx_word' id='word_1_113' title='bbox 315 745 456 777; x_wconf 78' lang='grc' dir='ltr'><strong>ἀκάνθαις,</strong></span> <span class='ocrx_word' id='word_1_114' title='bbox 469 745 614 780; x_wconf 79' lang='grc' dir='ltr'>θλίψαντας</span> <span class='ocrx_word' id='word_1_115' title='bbox 627 746 672 773; x_wconf 81' lang='grc' dir='ltr'><strong>τὸν</strong></span> <span class='ocrx_word' id='word_1_116' title='bbox 695 747 802 783; x_wconf 81' lang='grc' dir='ltr'>Ἰσραὴλ</span> <span class='ocrx_word' id='word_1_117' title='bbox 816 747 863 783; x_wconf 81' lang='grc' dir='ltr'><strong>ἔτη</strong></span> <span class='ocrx_word' id='word_1_118' title='bbox 875 747 907 779; x_wconf 77' lang='grc' dir='ltr'><strong>ζ’.</strong></span> 
     </span>
    </p>
   </div>
   <div class='ocr_carea' id='block_1_18' title="bbox 116 788 910 827">
    <p class='ocr_par' dir='ltr' id='par_1_18' title="bbox 116 788 910 827">
     <span class='ocr_line' id='line_1_18' title="bbox 116 788 910 827; baseline 0.008 -13"><span class='ocrx_word' id='word_1_119' title='bbox 116 788 205 821; x_wconf 77' lang='grc' dir='ltr'>Αὐτὸς</span> <span class='ocrx_word' id='word_1_120' title='bbox 227 789 256 816; x_wconf 79' lang='grc' dir='ltr'><strong>δὲ</strong></span> <span class='ocrx_word' id='word_1_121' title='bbox 278 789 368 824; x_wconf 74' lang='grc' dir='ltr'>ἔκρινε</span> <span class='ocrx_word' id='word_1_122' title='bbox 390 791 436 817; x_wconf 84' lang='grc' dir='ltr'>τὸν</span> <span class='ocrx_word' id='word_1_123' title='bbox 459 791 565 827; x_wconf 83' lang='grc' dir='ltr'><strong>Ἰσραὴλ</strong></span> <span class='ocrx_word' id='word_1_124' title='bbox 584 791 631 827; x_wconf 74' lang='grc' dir='ltr'><strong>ἐτη</strong></span> <span class='ocrx_word' id='word_1_125' title='bbox 658 796 694 827; x_wconf 86' lang='grc' dir='ltr'><strong>μ’.</strong></span> <span class='ocrx_word' id='word_1_126' title='bbox 715 793 791 819; x_wconf 86' lang='grc' dir='ltr'>Μετὰ</span> <span class='ocrx_word' id='word_1_127' title='bbox 814 793 910 820; x_wconf 82' lang='grc' dir='ltr'>τοῦτον</span> 
     </span>
    </p>
   </div>
   <div class='ocr_carea' id='block_1_19' title="bbox 124 833 909 872">
    <p class='ocr_par' dir='ltr' id='par_1_19' title="bbox 124 833 909 872">
     <span class='ocr_line' id='line_1_19' title="bbox 124 833 909 872; baseline 0.009 -14"><span class='ocrx_word' id='word_1_128' title='bbox 124 833 278 869; x_wconf 74' lang='grc' dir='ltr'><strong>Ἀϐιμελὲχ,</strong></span> <span class='ocrx_word' id='word_1_129' title='bbox 294 835 350 867; x_wconf 77' lang='grc' dir='ltr'><strong>υἱὸς</strong></span> <span class='ocrx_word' id='word_1_130' title='bbox 364 836 464 862; x_wconf 88' lang='grc' dir='ltr'>Γεδεὼν</span> <span class='ocrx_word' id='word_1_131' title='bbox 475 837 506 862; x_wconf 80' lang='grc' dir='ltr'><strong>ἐκ</strong></span> <span class='ocrx_word' id='word_1_132' title='bbox 518 837 672 872; x_wconf 58' lang='grc' dir='ltr'>παλλακῆς</span> <span class='ocrx_word' id='word_1_133' title='bbox 682 835 758 869; x_wconf 70' lang='grc' dir='ltr'>οὗτος</span> <span class='ocrx_word' id='word_1_134' title='bbox 766 838 909 868; x_wconf 76' lang='grc' dir='ltr'>ἀπέκτεινε</span> 
     </span>
    </p>
   </div>
   <div class='ocr_carea' id='block_1_20' title="bbox 961 242 1747 277">
    <p class='ocr_par' dir='ltr' id='par_1_20' title="bbox 961 242 1747 277">
     <span class='ocr_line' id='line_1_20' title="bbox 961 242 1747 277; baseline 0.001 -8"><span class='ocrx_word' id='word_1_135' title='bbox 961 243 1007 277; x_wconf 92' lang='lat' dir='ltr'><strong>qui</strong></span> <span class='ocrx_word' id='word_1_136' title='bbox 1021 247 1163 270; x_wconf 70' lang='lat' dir='ltr'><strong>sexcentos</strong></span> <span class='ocrx_word' id='word_1_137' title='bbox 1177 242 1210 269; x_wconf 88' lang='lat' dir='ltr'><strong>de</strong></span> <span class='ocrx_word' id='word_1_138' title='bbox 1223 242 1387 270; x_wconf 81' lang='lat' dir='ltr'><strong>Philistliiim</strong></span> <span class='ocrx_word' id='word_1_139' title='bbox 1404 249 1513 269; x_wconf 86' lang='lat' dir='ltr'><strong>vomere</strong></span> <span class='ocrx_word' id='word_1_140' title='bbox 1528 242 1680 276; x_wconf 74' lang='lat' dir='ltr'><strong>percussit,</strong></span> <span class='ocrx_word' id='word_1_141' title='bbox 1697 251 1747 270; x_wconf 88' lang='lat' dir='ltr'><strong>an-</strong></span> 
     </span>
    </p>
   </div>
   <div class='ocr_carea' id='block_1_21' title="bbox 961 287 1747 323">
    <p class='ocr_par' dir='ltr' id='par_1_21' title="bbox 961 287 1747 323">
     <span class='ocr_line' id='line_1_21' title="bbox 961 287 1747 323; baseline 0.001 -8"><span class='ocrx_word' id='word_1_142' title='bbox 961 297 1080 323; x_wconf 90' lang='lat' dir='ltr'><strong>numque</strong></span> <span class='ocrx_word' id='word_1_143' title='bbox 1097 297 1196 320; x_wconf 88' lang='lat' dir='ltr'><strong>unum,</strong></span> <span class='ocrx_word' id='word_1_144' title='bbox 1219 288 1348 323; x_wconf 85' lang='lat' dir='ltr'><strong>populum</strong></span> <span class='ocrx_word' id='word_1_145' title='bbox 1376 288 1521 322; x_wconf 83' lang='lat' dir='ltr'><strong>judicavit.</strong></span> <span class='ocrx_word' id='word_1_146' title='bbox 1549 287 1627 315; x_wconf 89' lang='lat' dir='ltr'><strong>Hunc</strong></span> <span class='ocrx_word' id='word_1_147' title='bbox 1641 289 1747 323; x_wconf 79' lang='lat' dir='ltr'><strong>excepit</strong></span> 
     </span>
    </p>
   </div>
   <div class='ocr_carea' id='block_1_22' title="bbox 960 333 1747 368">
    <p class='ocr_par' dir='ltr' id='par_1_22' title="bbox 960 333 1747 368">
     <span class='ocr_line' id='line_1_22' title="bbox 960 333 1747 368; baseline 0 -7"><span class='ocrx_word' id='word_1_148' title='bbox 960 334 1065 361; x_wconf 82' lang='lat' dir='ltr'><strong>Baracb</strong></span> <span class='ocrx_word' id='word_1_149' title='bbox 1081 334 1152 361; x_wconf 88' lang='lat' dir='ltr'><strong>ﬁlius</strong></span> <span class='ocrx_word' id='word_1_150' title='bbox 1163 333 1292 360; x_wconf 83' lang='lat' dir='ltr'><strong>Abineem</strong></span> <span class='ocrx_word' id='word_1_151' title='bbox 1307 343 1314 361; x_wconf 86' lang='lat'>:</span> <span class='ocrx_word' id='word_1_152' title='bbox 1329 333 1374 360; x_wconf 91' lang='lat' dir='ltr'><strong>hic</strong></span> <span class='ocrx_word' id='word_1_153' title='bbox 1390 334 1555 368; x_wconf 77' lang='lat' dir='ltr'><strong>expugnavit</strong></span> <span class='ocrx_word' id='word_1_154' title='bbox 1568 333 1648 361; x_wconf 84' lang='lat' dir='ltr'><strong>Jabin</strong></span> <span class='ocrx_word' id='word_1_155' title='bbox 1660 338 1687 362; x_wconf 88' lang='lat' dir='ltr'><strong>et</strong></span> <span class='ocrx_word' id='word_1_156' title='bbox 1703 334 1747 361; x_wconf 90' lang='lat' dir='ltr'><strong>Si-</strong></span> 
     </span>
    </p>
   </div>
   <div class='ocr_carea' id='block_1_23' title="bbox 960 379 1748 415">
    <p class='ocr_par' dir='ltr' id='par_1_23' title="bbox 960 379 1748 415">
     <span class='ocr_line' id='line_1_23' title="bbox 960 379 1748 415; baseline -0.001 -8"><span class='ocrx_word' id='word_1_157' title='bbox 960 388 1061 412; x_wconf 83' lang='lat' dir='ltr'><strong>saram.</strong></span> <span class='ocrx_word' id='word_1_158' title='bbox 1078 380 1125 415; x_wconf 93' lang='lat' dir='ltr'><strong>qui</strong></span> <span class='ocrx_word' id='word_1_159' title='bbox 1143 379 1270 407; x_wconf 88' lang='lat' dir='ltr'><strong>lsraelem</strong></span> <span class='ocrx_word' id='word_1_160' title='bbox 1284 387 1372 406; x_wconf 86' lang='lat' dir='ltr'><strong>annos</strong></span> <span class='ocrx_word' id='word_1_161' title='bbox 1386 380 1482 414; x_wconf 84' lang='lat' dir='ltr'><strong>viginti</strong></span> <span class='ocrx_word' id='word_1_162' title='bbox 1495 379 1659 408; x_wconf 76' lang='lat' dir='ltr'><strong>afﬂixerunt.</strong></span> <span class='ocrx_word' id='word_1_163' title='bbox 1678 380 1748 407; x_wconf 89' lang='lat' dir='ltr'><strong>Sisa-</strong></span> 
     </span>
    </p>
   </div>
   <div class='ocr_carea' id='block_1_24' title="bbox 960 425 1758 458">
    <p class='ocr_par' dir='ltr' id='par_1_24' title="bbox 960 425 1758 458">
     <span class='ocr_line' id='line_1_24' title="bbox 960 425 1758 458; baseline 0 -5"><span class='ocrx_word' id='word_1_164' title='bbox 960 434 1017 453; x_wconf 90' lang='lat' dir='ltr'><strong>ram</strong></span> <span class='ocrx_word' id='word_1_165' title='bbox 1041 429 1132 453; x_wconf 81' lang='lat' dir='ltr'><strong>autem</strong></span> <span class='ocrx_word' id='word_1_166' title='bbox 1155 425 1224 458; x_wconf 84' lang='lat' dir='ltr'><strong>Jael,</strong></span> <span class='ocrx_word' id='word_1_167' title='bbox 1240 433 1310 452; x_wconf 80' lang='lat' dir='ltr'><strong>uxor</strong></span> <span class='ocrx_word' id='word_1_168' title='bbox 1325 425 1424 453; x_wconf 87' lang='lat' dir='ltr'><strong>Cather</strong></span> <span class='ocrx_word' id='word_1_169' title='bbox 1441 425 1525 453; x_wconf 63' lang='grc' dir='ltr'><strong>(Ἠπιιεί</strong></span> <span class='ocrx_word' id='word_1_170' title='bbox 1541 426 1619 452; x_wconf 88' lang='lat' dir='ltr'><strong>clavo</strong></span> <span class='ocrx_word' id='word_1_171' title='bbox 1634 425 1758 453; x_wconf 78' lang='lat' dir='ltr'><strong>occidit.’</strong></span> 
     </span>
    </p>
   </div>
   <div class='ocr_carea' id='block_1_25' title="bbox 959 470 1747 507">
    <p class='ocr_par' dir='ltr' id='par_1_25' title="bbox 959 470 1747 507">
     <span class='ocr_line' id='line_1_25' title="bbox 959 470 1747 507; baseline 0.001 -10"><span class='ocrx_word' id='word_1_172' title='bbox 959 470 1096 498; x_wconf 87' lang='lat' dir='ltr'><strong>Judicavit</strong></span> <span class='ocrx_word' id='word_1_173' title='bbox 1110 472 1161 499; x_wconf 92' lang='lat' dir='ltr'><strong>iste</strong></span> <span class='ocrx_word' id='word_1_174' title='bbox 1170 471 1295 499; x_wconf 86' lang='lat' dir='ltr'><strong>lsraelem</strong></span> <span class='ocrx_word' id='word_1_175' title='bbox 1306 478 1392 498; x_wconf 87' lang='lat' dir='ltr'><strong>annos</strong></span> <span class='ocrx_word' id='word_1_176' title='bbox 1401 471 1591 507; x_wconf 74' lang='lat' dir='ltr'><strong>quadraginta.</strong></span> <span class='ocrx_word' id='word_1_177' title='bbox 1601 471 1665 499; x_wconf 86' lang='lat' dir='ltr'><strong>Post</strong></span> <span class='ocrx_word' id='word_1_178' title='bbox 1675 472 1747 499; x_wconf 89' lang='lat' dir='ltr'><strong>hunc</strong></span> 
     </span>
    </p>
   </div>
   <div class='ocr_carea' id='block_1_26' title="bbox 961 515 1748 552">
    <p class='ocr_par' dir='ltr' id='par_1_26' title="bbox 961 515 1748 552">
     <span class='ocr_line' id='line_1_26' title="bbox 961 515 1748 552; baseline -0.001 -8"><span class='ocrx_word' id='word_1_179' title='bbox 961 515 1081 549; x_wconf 87' lang='lat' dir='ltr'><strong>Gedeon,</strong></span> <span class='ocrx_word' id='word_1_180' title='bbox 1092 517 1138 552; x_wconf 92' lang='lat' dir='ltr'><strong>qui</strong></span> <span class='ocrx_word' id='word_1_181' title='bbox 1151 521 1178 544; x_wconf 90' lang='lat' dir='ltr'><strong>et</strong></span> <span class='ocrx_word' id='word_1_182' title='bbox 1187 516 1312 544; x_wconf 86' lang='lat' dir='ltr'><strong>Jerobaal</strong></span> <span class='ocrx_word' id='word_1_183' title='bbox 1325 516 1416 544; x_wconf 88' lang='lat' dir='ltr'><strong>dictus</strong></span> <span class='ocrx_word' id='word_1_184' title='bbox 1424 521 1475 544; x_wconf 87' lang='lat' dir='ltr'><strong>est.</strong></span> <span class='ocrx_word' id='word_1_185' title='bbox 1485 516 1624 545; x_wconf 77' lang='lat' dir='ltr'><strong>Percussit</strong></span> <span class='ocrx_word' id='word_1_186' title='bbox 1632 518 1683 545; x_wconf 86' lang='lat' dir='ltr'><strong>istc</strong></span> <span class='ocrx_word' id='word_1_187' title='bbox 1692 517 1748 544; x_wconf 79' lang='lat' dir='ltr'><strong>Ma-</strong></span> 
     </span>
    </p>
   </div>
   <div class='ocr_carea' id='block_1_27' title="bbox 959 562 1746 598">
    <p class='ocr_par' dir='ltr' id='par_1_27' title="bbox 959 562 1746 598">
     <span class='ocr_line' id='line_1_27' title="bbox 959 562 1746 598; baseline 0 -8"><span class='ocrx_word' id='word_1_188' title='bbox 959 563 1034 595; x_wconf 85' lang='lat' dir='ltr'><strong>dian,</strong></span> <span class='ocrx_word' id='word_1_189' title='bbox 1052 567 1079 590; x_wconf 86' lang='lat' dir='ltr'><strong>et</strong></span> <span class='ocrx_word' id='word_1_190' title='bbox 1088 562 1170 594; x_wconf 85' lang='lat' dir='ltr'><strong>Oreb,</strong></span> <span class='ocrx_word' id='word_1_191' title='bbox 1180 568 1207 590; x_wconf 92' lang='lat' dir='ltr'><strong>et</strong></span> <span class='ocrx_word' id='word_1_192' title='bbox 1219 562 1273 590; x_wconf 82' lang='lat' dir='ltr'><strong>Zeb</strong></span> <span class='ocrx_word' id='word_1_193' title='bbox 1287 569 1315 590; x_wconf 84' lang='lat' dir='ltr'><strong>et</strong></span> <span class='ocrx_word' id='word_1_194' title='bbox 1328 562 1424 595; x_wconf 87' lang='lat' dir='ltr'><strong>Zebee,</strong></span> <span class='ocrx_word' id='word_1_195' title='bbox 1439 567 1466 590; x_wconf 84' lang='lat' dir='ltr'><strong>et</strong></span> <span class='ocrx_word' id='word_1_196' title='bbox 1482 562 1608 591; x_wconf 86' lang='lat' dir='ltr'><strong>Salmana</strong></span> <span class='ocrx_word' id='word_1_197' title='bbox 1624 564 1746 598; x_wconf 88' lang='lat' dir='ltr'><strong>ipsorum</strong></span> 
     </span>
    </p>
   </div>
   <div class='ocr_carea' id='block_1_28' title="bbox 960 607 1747 644">
    <p class='ocr_par' dir='ltr' id='par_1_28' title="bbox 960 607 1747 644">
     <span class='ocr_line' id='line_1_28' title="bbox 960 607 1747 644; baseline 0.003 -10"><span class='ocrx_word' id='word_1_198' title='bbox 960 608 1097 643; x_wconf 81' lang='lat' dir='ltr'><strong>principes</strong></span> <span class='ocrx_word' id='word_1_199' title='bbox 1107 615 1138 635; x_wconf 87' lang='lat' dir='ltr'><strong>ac</strong></span> <span class='ocrx_word' id='word_1_200' title='bbox 1155 608 1251 634; x_wconf 90' lang='lat' dir='ltr'><strong>turrim</strong></span> <span class='ocrx_word' id='word_1_201' title='bbox 1266 607 1387 635; x_wconf 85' lang='lat' dir='ltr'><strong>Phanuel</strong></span> <span class='ocrx_word' id='word_1_202' title='bbox 1401 608 1546 640; x_wconf 85' lang='lat' dir='ltr'><strong>subvertit,</strong></span> <span class='ocrx_word' id='word_1_203' title='bbox 1556 609 1747 644; x_wconf 81' lang='lat' dir='ltr'><strong>principesque</strong></span> 
     </span>
    </p>
   </div>
   <div class='ocr_carea' id='block_1_29' title="bbox 960 653 1746 689">
    <p class='ocr_par' dir='ltr' id='par_1_29' title="bbox 960 653 1746 689">
     <span class='ocr_line' id='line_1_29' title="bbox 960 653 1746 689; baseline 0.003 -9"><span class='ocrx_word' id='word_1_204' title='bbox 960 653 1068 680; x_wconf 89' lang='lat' dir='ltr'><strong>illorum</strong></span> <span class='ocrx_word' id='word_1_205' title='bbox 1085 661 1146 680; x_wconf 91' lang='lat' dir='ltr'><strong>cum</strong></span> <span class='ocrx_word' id='word_1_206' title='bbox 1164 653 1252 688; x_wconf 90' lang='lat' dir='ltr'><strong>spinis</strong></span> <span class='ocrx_word' id='word_1_207' title='bbox 1265 654 1403 680; x_wconf 84' lang='lat' dir='ltr'><strong>trituravit</strong></span> <span class='ocrx_word' id='word_1_208' title='bbox 1422 661 1454 681; x_wconf 88' lang='lat' dir='ltr'><strong>ac</strong></span> <span class='ocrx_word' id='word_1_209' title='bbox 1469 654 1594 681; x_wconf 81' lang='lat' dir='ltr'><strong>contrivit</strong></span> <span class='ocrx_word' id='word_1_210' title='bbox 1615 662 1629 680; x_wconf 89' lang='lat' dir='ltr'><strong>a</strong></span> <span class='ocrx_word' id='word_1_211' title='bbox 1645 655 1746 689; x_wconf 84' lang='lat' dir='ltr'><strong>quibus</strong></span> 
     </span>
    </p>
   </div>
   <div class='ocr_carea' id='block_1_30' title="bbox 960 698 1746 734">
    <p class='ocr_par' dir='ltr' id='par_1_30' title="bbox 960 698 1746 734">
     <span class='ocr_line' id='line_1_30' title="bbox 960 698 1746 734; baseline 0 -8"><span class='ocrx_word' id='word_1_212' title='bbox 960 699 1074 727; x_wconf 82' lang='lat' dir='ltr'><strong>amictus</strong></span> <span class='ocrx_word' id='word_1_213' title='bbox 1089 699 1177 726; x_wconf 85' lang='lat' dir='ltr'><strong>fuerat</strong></span> <span class='ocrx_word' id='word_1_214' title='bbox 1188 699 1270 727; x_wconf 86' lang='lat' dir='ltr'><strong>Israel</strong></span> <span class='ocrx_word' id='word_1_215' title='bbox 1284 707 1371 727; x_wconf 86' lang='lat' dir='ltr'><strong>annos</strong></span> <span class='ocrx_word' id='word_1_216' title='bbox 1386 704 1500 734; x_wconf 85' lang='lat' dir='ltr'><strong>septem.</strong></span> <span class='ocrx_word' id='word_1_217' title='bbox 1510 698 1646 727; x_wconf 80' lang='lat' dir='ltr'><strong>Judicavit</strong></span> <span class='ocrx_word' id='word_1_218' title='bbox 1657 705 1746 727; x_wconf 87' lang='lat' dir='ltr'><strong>autem</strong></span> 
     </span>
    </p>
   </div>
   <div class='ocr_carea' id='block_1_31' title="bbox 960 744 1747 780">
    <p class='ocr_par' dir='ltr' id='par_1_31' title="bbox 960 744 1747 780">
     <span class='ocr_line' id='line_1_31' title="bbox 960 744 1747 780; baseline 0 -8"><span class='ocrx_word' id='word_1_219' title='bbox 960 746 1019 780; x_wconf 82' lang='lat' dir='ltr'><strong>ipse</strong></span> <span class='ocrx_word' id='word_1_220' title='bbox 1035 744 1161 772; x_wconf 87' lang='lat' dir='ltr'><strong>lsraelem</strong></span> <span class='ocrx_word' id='word_1_221' title='bbox 1176 753 1264 773; x_wconf 88' lang='lat' dir='ltr'><strong>annos</strong></span> <span class='ocrx_word' id='word_1_222' title='bbox 1278 745 1467 780; x_wconf 75' lang='lat' dir='ltr'><strong>quadraginta.</strong></span> <span class='ocrx_word' id='word_1_223' title='bbox 1496 745 1562 773; x_wconf 89' lang='lat' dir='ltr'><strong>Post</strong></span> <span class='ocrx_word' id='word_1_224' title='bbox 1588 746 1664 773; x_wconf 88' lang='lat' dir='ltr'><strong>illum</strong></span> <span class='ocrx_word' id='word_1_225' title='bbox 1685 746 1747 772; x_wconf 84' lang='lat' dir='ltr'><strong>Abi-</strong></span> 
     </span>
    </p>
   </div>
   <div class='ocr_carea' id='block_1_32' title="bbox 960 791 1747 827">
    <p class='ocr_par' dir='ltr' id='par_1_32' title="bbox 960 791 1747 827">
     <span class='ocr_line' id='line_1_32' title="bbox 960 791 1747 827; baseline 0.001 -9"><span class='ocrx_word' id='word_1_226' title='bbox 960 791 1074 823; x_wconf 86' lang='lat' dir='ltr'><strong>melech,</strong></span> <span class='ocrx_word' id='word_1_227' title='bbox 1090 791 1162 819; x_wconf 87' lang='lat' dir='ltr'><strong>ﬁlius</strong></span> <span class='ocrx_word' id='word_1_228' title='bbox 1175 791 1308 819; x_wconf 85' lang='lat' dir='ltr'><strong>Gedeonis</strong></span> <span class='ocrx_word' id='word_1_229' title='bbox 1332 799 1366 819; x_wconf 86' lang='lat' dir='ltr'><strong>ex</strong></span> <span class='ocrx_word' id='word_1_230' title='bbox 1385 791 1554 823; x_wconf 80' lang='lat' dir='ltr'><strong>concubina,</strong></span> <span class='ocrx_word' id='word_1_231' title='bbox 1579 792 1624 827; x_wconf 90' lang='lat' dir='ltr'><strong>qui</strong></span> <span class='ocrx_word' id='word_1_232' title='bbox 1648 791 1747 819; x_wconf 82' lang='lat' dir='ltr'><strong>fratres</strong></span> 
     </span>
    </p>
   </div>
   <div class='ocr_carea' id='block_1_33' title="bbox 960 837 1747 874">
    <p class='ocr_par' dir='ltr' id='par_1_33' title="bbox 960 837 1747 874">
     <span class='ocr_line' id='line_1_33' title="bbox 960 837 1747 874; baseline -0.001 -9"><span class='ocrx_word' id='word_1_233' title='bbox 960 845 1025 865; x_wconf 86' lang='lat' dir='ltr'><strong>suos</strong></span> <span class='ocrx_word' id='word_1_234' title='bbox 1041 846 1074 865; x_wconf 85' lang='lat' dir='ltr'><strong>ex</strong></span> <span class='ocrx_word' id='word_1_235' title='bbox 1090 837 1183 865; x_wconf 87' lang='lat' dir='ltr'><strong>liberis</strong></span> <span class='ocrx_word' id='word_1_236' title='bbox 1197 841 1275 864; x_wconf 87' lang='lat' dir='ltr'><strong>natos</strong></span> <span class='ocrx_word' id='word_1_237' title='bbox 1285 858 1292 870; x_wconf 87' lang='lat'><strong>,</strong></span> <span class='ocrx_word' id='word_1_238' title='bbox 1302 839 1473 874; x_wconf 74' lang='lat' dir='ltr'><strong>septuaginta</strong></span> <span class='ocrx_word' id='word_1_239' title='bbox 1488 838 1571 869; x_wconf 90' lang='lat' dir='ltr'><strong>viros,</strong></span> <span class='ocrx_word' id='word_1_240' title='bbox 1585 845 1667 872; x_wconf 87' lang='lat' dir='ltr'><strong>super</strong></span> <span class='ocrx_word' id='word_1_241' title='bbox 1681 837 1747 872; x_wconf 88' lang='lat' dir='ltr'><strong>lapi-</strong></span> 
     </span>
    </p>
   </div>
   <div class='ocr_carea' id='block_1_34' title="bbox 116 877 908 920">
    <p class='ocr_par' dir='ltr' id='par_1_34' title="bbox 116 880 908 920">
     <span class='ocr_line' id='line_1_34' title="bbox 116 880 908 920; baseline 0.006 -14"><span class='ocrx_word' id='word_1_242' title='bbox 116 880 183 912; x_wconf 75' lang='grc' dir='ltr'>τοὺς</span> <span class='ocrx_word' id='word_1_243' title='bbox 199 881 329 916; x_wconf 78' lang='grc' dir='ltr'><strong>ἀδελφοὺς</strong></span> <span class='ocrx_word' id='word_1_244' title='bbox 350 882 446 909; x_wconf 79' lang='grc' dir='ltr'>ἑαυτοῦ</span> <span class='ocrx_word' id='word_1_245' title='bbox 460 884 542 915; x_wconf 73' lang='grc' dir='ltr'>,τοὺς</span> <span class='ocrx_word' id='word_1_246' title='bbox 564 884 596 909; x_wconf 81' lang='grc' dir='ltr'>ἐκ</span> <span class='ocrx_word' id='word_1_247' title='bbox 624 884 679 910; x_wconf 82' lang='grc' dir='ltr'>τῶν</span> <span class='ocrx_word' id='word_1_248' title='bbox 700 884 865 920; x_wconf 81' lang='grc' dir='ltr'>ἐλευθέρων,</span> <span class='ocrx_word' id='word_1_249' title='bbox 888 888 908 911; x_wconf 88' lang='lat' dir='ltr'><strong>o’</strong></span> 
     </span>
    </p>
   </div>
   <div class='ocr_carea' id='block_1_35' title="bbox 961 877 1747 920">
    <p class='ocr_par' dir='ltr' id='par_1_35' title="bbox 961 879 1747 915">
     <span class='ocr_line' id='line_1_35' title="bbox 961 879 1747 915; baseline 0.001 -9"><span class='ocrx_word' id='word_1_250' title='bbox 961 880 1022 907; x_wconf 89' lang='lat' dir='ltr'><strong>dem</strong></span> <span class='ocrx_word' id='word_1_251' title='bbox 1030 887 1114 907; x_wconf 89' lang='lat' dir='ltr'><strong>unum</strong></span> <span class='ocrx_word' id='word_1_252' title='bbox 1123 880 1232 907; x_wconf 88' lang='lat' dir='ltr'><strong>occidit.</strong></span> <span class='ocrx_word' id='word_1_253' title='bbox 1244 879 1317 915; x_wconf 83' lang='lat' dir='ltr'><strong>Fuga</strong></span> <span class='ocrx_word' id='word_1_254' title='bbox 1327 884 1417 907; x_wconf 86' lang='lat' dir='ltr'><strong>autem</strong></span> <span class='ocrx_word' id='word_1_255' title='bbox 1427 889 1499 908; x_wconf 87' lang='lat' dir='ltr'><strong>unus</strong></span> <span class='ocrx_word' id='word_1_256' title='bbox 1506 888 1538 908; x_wconf 81' lang='lat' dir='ltr'><strong>ex</strong></span> <span class='ocrx_word' id='word_1_257' title='bbox 1547 881 1612 912; x_wconf 84' lang='lat' dir='ltr'><strong>illis,</strong></span> <span class='ocrx_word' id='word_1_258' title='bbox 1622 880 1747 907; x_wconf 82' lang='lat' dir='ltr'><strong>Joatliam</strong></span> 
     </span>
    </p>
   </div>
   <div class='ocr_carea' id='block_1_36' title="bbox 115 926 910 964">
    <p class='ocr_par' dir='ltr' id='par_1_36' title="bbox 115 926 910 964">
     <span class='ocr_line' id='line_1_36' title="bbox 115 926 910 964; baseline 0.005 -11"><span class='ocrx_word' id='word_1_259' title='bbox 115 926 217 962; x_wconf 78' lang='grc' dir='ltr'>ἄνδρας</span> <span class='ocrx_word' id='word_1_260' title='bbox 233 927 279 953; x_wconf 74' lang='grc' dir='ltr'>ἐπὶ</span> <span class='ocrx_word' id='word_1_261' title='bbox 295 927 368 954; x_wconf 79' lang='grc' dir='ltr'>λίθον</span> <span class='ocrx_word' id='word_1_262' title='bbox 386 928 444 955; x_wconf 70' lang='grc' dir='ltr'><strong>ἕνα.</strong></span> <span class='ocrx_word' id='word_1_263' title='bbox 462 929 566 964; x_wconf 77' lang='grc' dir='ltr'>Ἐφυγε</span> <span class='ocrx_word' id='word_1_264' title='bbox 582 929 611 955; x_wconf 77' lang='grc' dir='ltr'><strong>δὲ</strong></span> <span class='ocrx_word' id='word_1_265' title='bbox 628 926 668 961; x_wconf 75' lang='grc' dir='ltr'><strong>εἷς</strong></span> <span class='ocrx_word' id='word_1_266' title='bbox 695 929 723 963; x_wconf 79' lang='grc' dir='ltr'><strong>ἐξ</strong></span> <span class='ocrx_word' id='word_1_267' title='bbox 745 930 835 957; x_wconf 83' lang='grc' dir='ltr'>αὐτῶν</span> <span class='ocrx_word' id='word_1_268' title='bbox 854 931 910 957; x_wconf 83' lang='grc' dir='ltr'><strong>Ὶω-</strong></span> 
     </span>
    </p>
   </div>
   <div class='ocr_carea' id='block_1_37' title="bbox 115 972 908 1012">
    <p class='ocr_par' dir='ltr' id='par_1_37' title="bbox 115 972 908 1012">
     <span class='ocr_line' id='line_1_37' title="bbox 115 972 908 1012; baseline 0.005 -14"><span class='ocrx_word' id='word_1_269' title='bbox 115 972 203 1008; x_wconf 74' lang='grc' dir='ltr'>άϐαμ.</span> <span class='ocrx_word' id='word_1_270' title='bbox 224 973 303 1001; x_wconf 80' lang='grc' dir='ltr'>Ἀλλὰ</span> <span class='ocrx_word' id='word_1_271' title='bbox 324 974 371 1001; x_wconf 72' lang='grc' dir='ltr'>καὶ</span> <span class='ocrx_word' id='word_1_272' title='bbox 391 975 533 1010; x_wconf 78' lang='grc' dir='ltr'><strong>Ἀϐιμελὲχ</strong></span> <span class='ocrx_word' id='word_1_273' title='bbox 558 976 652 1010; x_wconf 75' lang='grc' dir='ltr'>γέγονε</span> <span class='ocrx_word' id='word_1_274' title='bbox 679 976 746 1012; x_wconf 77' lang='grc' dir='ltr'>μετὰ</span> <span class='ocrx_word' id='word_1_275' title='bbox 764 977 818 1004; x_wconf 84' lang='grc' dir='ltr'>τῶν</span> <span class='ocrx_word' id='word_1_276' title='bbox 835 977 908 1012; x_wconf 85' lang='grc' dir='ltr'><strong>αὑτῷ</strong></span> 
     </span>
    </p>
   </div>
   <div class='ocr_carea' id='block_1_38' title="bbox 115 1018 909 1057">
    <p class='ocr_par' dir='ltr' id='par_1_38' title="bbox 115 1018 909 1057">
     <span class='ocr_line' id='line_1_38' title="bbox 115 1018 909 1057; baseline 0.008 -13"><span class='ocrx_word' id='word_1_277' title='bbox 115 1018 298 1046; x_wconf 65' lang='grc' dir='ltr'>ωνελῦόντων</span> <span class='ocrx_word' id='word_1_278' title='bbox 313 1020 351 1052; x_wconf 82' lang='grc' dir='ltr'><strong>ὡς</strong></span> <span class='ocrx_word' id='word_1_279' title='bbox 374 1020 429 1057; x_wconf 81' lang='grc' dir='ltr'>πῦρ</span> <span class='ocrx_word' id='word_1_280' title='bbox 453 1022 506 1048; x_wconf 64' lang='grc' dir='ltr'><strong>ἀπο</strong></span> <span class='ocrx_word' id='word_1_281' title='bbox 526 1022 644 1056; x_wconf 57' lang='grc' dir='ltr'>ῥάμνον</span> <span class='ocrx_word' id='word_1_282' title='bbox 664 1022 777 1054; x_wconf 77' lang='grc' dir='ltr'>πολλούς</span> <span class='ocrx_word' id='word_1_283' title='bbox 794 1032 824 1050; x_wconf 89' lang='grc' dir='ltr'><strong>τε</strong></span> <span class='ocrx_word' id='word_1_284' title='bbox 841 1024 909 1050; x_wconf 81' lang='grc' dir='ltr'><strong>ἁπο-</strong></span> 
     </span>
    </p>
   </div>
   <div class='ocr_carea' id='block_1_39' title="bbox 114 1065 909 1104">
    <p class='ocr_par' dir='ltr' id='par_1_39' title="bbox 114 1065 909 1104">
     <span class='ocr_line' id='line_1_39' title="bbox 114 1065 909 1104; baseline 0.008 -14"><span class='ocrx_word' id='word_1_285' title='bbox 114 1065 235 1097; x_wconf 77' lang='grc' dir='ltr'>κτείνας,</span> <span class='ocrx_word' id='word_1_286' title='bbox 254 1066 372 1093; x_wconf 80' lang='grc' dir='ltr'>ἀπέθανε</span> <span class='ocrx_word' id='word_1_287' title='bbox 397 1068 444 1094; x_wconf 83' lang='grc' dir='ltr'>καὶ</span> <span class='ocrx_word' id='word_1_288' title='bbox 464 1068 544 1099; x_wconf 77' lang='grc' dir='ltr'>αὐτὸς</span> <span class='ocrx_word' id='word_1_289' title='bbox 568 1068 685 1104; x_wconf 71' lang='grc' dir='ltr'>ριψάσης</span> <span class='ocrx_word' id='word_1_290' title='bbox 708 1070 837 1103; x_wconf 74' lang='grc' dir='ltr'>γυναικὸς</span> <span class='ocrx_word' id='word_1_291' title='bbox 855 1070 909 1096; x_wconf 79' lang='grc' dir='ltr'><strong>ἀπὸ</strong></span> 
     </span>
    </p>
   </div>
   <div class='ocr_carea' id='block_1_40' title="bbox 112 1110 908 1148">
    <p class='ocr_par' dir='ltr' id='par_1_40' title="bbox 112 1110 908 1148">
     <span class='ocr_line' id='line_1_40' title="bbox 112 1110 908 1148; baseline 0.005 -12"><span class='ocrx_word' id='word_1_292' title='bbox 112 1110 163 1136; x_wconf 74' lang='grc' dir='ltr'><strong>τοῦ</strong></span> <span class='ocrx_word' id='word_1_293' title='bbox 185 1110 289 1145; x_wconf 75' lang='grc' dir='ltr'>τείχους</span> <span class='ocrx_word' id='word_1_294' title='bbox 314 1112 357 1137; x_wconf 77' lang='grc' dir='ltr'><strong>ἐπ’</strong></span> <span class='ocrx_word' id='word_1_295' title='bbox 374 1112 454 1138; x_wconf 67' lang='grc' dir='ltr'>αὑτὸν</span> <span class='ocrx_word' id='word_1_296' title='bbox 471 1112 581 1147; x_wconf 76' lang='grc' dir='ltr'>κλάσμα</span> <span class='ocrx_word' id='word_1_297' title='bbox 598 1113 692 1148; x_wconf 82' lang='grc' dir='ltr'>μύλου.</span> <span class='ocrx_word' id='word_1_298' title='bbox 711 1114 765 1140; x_wconf 73' lang='grc' dir='ltr'>Καὶ</span> <span class='ocrx_word' id='word_1_299' title='bbox 784 1114 864 1145; x_wconf 79' lang='grc' dir='ltr'>αὐτὸς</span> <span class='ocrx_word' id='word_1_300' title='bbox 879 1114 908 1140; x_wconf 76' lang='grc' dir='ltr'><strong>δὲ</strong></span> 
     </span>
    </p>
   </div>
   <div class='ocr_carea' id='block_1_41' title="bbox 111 1150 909 1190">
    <p class='ocr_par' dir='ltr' id='par_1_41' title="bbox 111 1150 909 1190">
     <span class='ocr_line' id='line_1_41' title="bbox 111 1150 909 1190; baseline 0.008 -12"><span class='ocrx_word' id='word_1_301' title='bbox 111 1150 198 1188; x_wconf 78' lang='grc' dir='ltr'>ἧρξεν</span> <span class='ocrx_word' id='word_1_302' title='bbox 213 1154 259 1189; x_wconf 76' lang='grc' dir='ltr'><strong>ἔτη</strong></span> <span class='ocrx_word' id='word_1_303' title='bbox 283 1155 355 1190; x_wconf 71' lang='grc' dir='ltr'>τρία.</span> <span class='ocrx_word' id='word_1_304' title='bbox 374 1156 442 1182; x_wconf 80' lang='grc' dir='ltr'>Μετ’</span> <span class='ocrx_word' id='word_1_305' title='bbox 461 1156 541 1183; x_wconf 74' lang='grc' dir='ltr'>αὑτὸν</span> <span class='ocrx_word' id='word_1_306' title='bbox 563 1157 641 1183; x_wconf 82' lang='grc' dir='ltr'>Θωλὰ</span> <span class='ocrx_word' id='word_1_307' title='bbox 661 1157 719 1189; x_wconf 82' lang='grc' dir='ltr'>υἱὸς</span> <span class='ocrx_word' id='word_1_308' title='bbox 743 1158 831 1190; x_wconf 81' lang='grc' dir='ltr'>Φούα,</span> <span class='ocrx_word' id='word_1_309' title='bbox 852 1158 909 1190; x_wconf 79' lang='grc' dir='ltr'><strong>υἱὸς</strong></span> 
     </span>
    </p>
   </div>
   <div class='ocr_carea' id='block_1_42' title="bbox 114 1199 906 1238">
    <p class='ocr_par' dir='ltr' id='par_1_42' title="bbox 114 1199 906 1238">
     <span class='ocr_line' id='line_1_42' title="bbox 114 1199 906 1238; baseline 0.008 -14"><span class='ocrx_word' id='word_1_310' title='bbox 114 1199 305 1233; x_wconf 58' lang='grc' dir='ltr'><strong>πατρώἐλφου</strong></span> <span class='ocrx_word' id='word_1_311' title='bbox 334 1200 486 1236; x_wconf 72' lang='grc' dir='ltr'><strong>Ἀϐιμελέχ.</strong></span> <span class='ocrx_word' id='word_1_312' title='bbox 502 1202 555 1227; x_wconf 77' lang='grc' dir='ltr'><strong>Καὶ</strong></span> <span class='ocrx_word' id='word_1_313' title='bbox 583 1201 664 1234; x_wconf 74' lang='grc' dir='ltr'>αὐτὸς</span> <span class='ocrx_word' id='word_1_314' title='bbox 688 1200 770 1238; x_wconf 79' lang='grc' dir='ltr'>ἦρξεν</span> <span class='ocrx_word' id='word_1_315' title='bbox 792 1202 839 1238; x_wconf 77' lang='grc' dir='ltr'><strong>ἔτη</strong></span> <span class='ocrx_word' id='word_1_316' title='bbox 854 1207 906 1237; x_wconf 75' lang='grc' dir='ltr'><strong>κγ’.</strong></span> 
     </span>
    </p>
   </div>
   <div class='ocr_carea' id='block_1_43' title="bbox 114 1243 908 1284">
    <p class='ocr_par' dir='ltr' id='par_1_43' title="bbox 114 1243 908 1284">
     <span class='ocr_line' id='line_1_43' title="bbox 114 1243 908 1284; baseline 0.008 -14"><span class='ocrx_word' id='word_1_317' title='bbox 114 1243 182 1270; x_wconf 82' lang='grc' dir='ltr'>Μετ’</span> <span class='ocrx_word' id='word_1_318' title='bbox 200 1245 280 1271; x_wconf 70' lang='grc' dir='ltr'>αὑτὸν</span> <span class='ocrx_word' id='word_1_319' title='bbox 303 1246 384 1281; x_wconf 78' lang='grc' dir='ltr'>Ἰαεὶρ</span> <span class='ocrx_word' id='word_1_320' title='bbox 397 1247 411 1272; x_wconf 88' lang='grc' dir='ltr'><strong>ό</strong></span> <span class='ocrx_word' id='word_1_321' title='bbox 428 1247 595 1283; x_wconf 76' lang='grc' dir='ltr'><strong>Γαλααδίτης</strong></span> <span class='ocrx_word' id='word_1_322' title='bbox 609 1248 655 1284; x_wconf 85' lang='grc' dir='ltr'><strong>ἔτη</strong></span> <span class='ocrx_word' id='word_1_323' title='bbox 679 1249 730 1275; x_wconf 76' lang='grc' dir='ltr'><strong>κδ’.</strong></span> <span class='ocrx_word' id='word_1_324' title='bbox 745 1250 811 1276; x_wconf 81' lang='grc' dir='ltr'>Μετ’</span> <span class='ocrx_word' id='word_1_325' title='bbox 827 1251 908 1276; x_wconf 78' lang='grc' dir='ltr'>αὑτὸν</span> 
     </span>
    </p>
   </div>
   <div class='ocr_carea' id='block_1_44' title="bbox 119 1291 908 1331">
    <p class='ocr_par' dir='ltr' id='par_1_44' title="bbox 119 1291 908 1331">
     <span class='ocr_line' id='line_1_44' title="bbox 119 1291 908 1331; baseline 0.008 -14"><span class='ocrx_word' id='word_1_326' title='bbox 119 1291 228 1325; x_wconf 61' lang='grc' dir='ltr'>ἰείξοάε</span> <span class='ocrx_word' id='word_1_327' title='bbox 245 1294 258 1319; x_wconf 82' lang='grc' dir='ltr'><strong>ὁ</strong></span> <span class='ocrx_word' id='word_1_328' title='bbox 276 1293 443 1328; x_wconf 74' lang='grc' dir='ltr'><strong>Γαλααδίτης</strong></span> <span class='ocrx_word' id='word_1_329' title='bbox 456 1302 462 1308; x_wconf 93' lang='grc'><strong>·</strong></span> <span class='ocrx_word' id='word_1_330' title='bbox 480 1291 557 1326; x_wconf 77' lang='grc' dir='ltr'>οὗτος</span> <span class='ocrx_word' id='word_1_331' title='bbox 577 1295 720 1322; x_wconf 83' lang='grc' dir='ltr'>ἀπέκτεινε</span> <span class='ocrx_word' id='word_1_332' title='bbox 740 1296 803 1328; x_wconf 73' lang='grc' dir='ltr'>τοὺς</span> <span class='ocrx_word' id='word_1_333' title='bbox 823 1297 908 1331; x_wconf 81' lang='grc' dir='ltr'><strong>Ἀμα-</strong></span> 
     </span>
    </p>
   </div>
   <div class='ocr_carea' id='block_1_45' title="bbox 112 1338 908 1379">
    <p class='ocr_par' dir='ltr' id='par_1_45' title="bbox 112 1338 908 1379">
     <span class='ocr_line' id='line_1_45' title="bbox 112 1338 908 1379; baseline 0.009 -16"><span class='ocrx_word' id='word_1_334' title='bbox 112 1338 192 1369; x_wconf 82' lang='grc' dir='ltr'>νίτας</span> <span class='ocrx_word' id='word_1_335' title='bbox 214 1341 261 1365; x_wconf 78' lang='grc' dir='ltr'>καὶ</span> <span class='ocrx_word' id='word_1_336' title='bbox 282 1339 346 1370; x_wconf 82' lang='grc' dir='ltr'>τοὺς</span> <span class='ocrx_word' id='word_1_337' title='bbox 362 1339 540 1375; x_wconf 73' lang='grc' dir='ltr'><strong>Φυλιστιεὶμ,</strong></span> <span class='ocrx_word' id='word_1_338' title='bbox 562 1340 708 1376; x_wconf 76' lang='grc' dir='ltr'>θλίψαντας</span> <span class='ocrx_word' id='word_1_339' title='bbox 725 1342 769 1368; x_wconf 77' lang='grc' dir='ltr'>τὸν</span> <span class='ocrx_word' id='word_1_340' title='bbox 800 1343 908 1379; x_wconf 80' lang='grc' dir='ltr'><strong>Ἰσραὴλ</strong></span> 
     </span>
    </p>
   </div>
   <div class='ocr_carea' id='block_1_46' title="bbox 113 1383 908 1423">
    <p class='ocr_par' dir='ltr' id='par_1_46' title="bbox 113 1383 908 1423">
     <span class='ocr_line' id='line_1_46' title="bbox 113 1383 908 1423; baseline 0.009 -14"><span class='ocrx_word' id='word_1_341' title='bbox 113 1383 162 1419; x_wconf 77' lang='grc' dir='ltr'><strong>ἔτη</strong></span> <span class='ocrx_word' id='word_1_342' title='bbox 181 1384 226 1419; x_wconf 77' lang='grc' dir='ltr'><strong>ιη’.</strong></span> <span class='ocrx_word' id='word_1_343' title='bbox 244 1385 399 1421; x_wconf 76' lang='grc' dir='ltr'>Εὑξάμενος</span> <span class='ocrx_word' id='word_1_344' title='bbox 412 1386 440 1412; x_wconf 77' lang='grc' dir='ltr'><strong>δὲ</strong></span> <span class='ocrx_word' id='word_1_345' title='bbox 458 1387 486 1413; x_wconf 79' lang='grc' dir='ltr'><strong>ὲν</strong></span> <span class='ocrx_word' id='word_1_346' title='bbox 501 1387 540 1422; x_wconf 82' lang='grc' dir='ltr'>τῷ</span> <span class='ocrx_word' id='word_1_347' title='bbox 556 1387 667 1423; x_wconf 75' lang='grc' dir='ltr'>πολέμῳ</span> <span class='ocrx_word' id='word_1_348' title='bbox 679 1389 726 1414; x_wconf 73' lang='grc' dir='ltr'>τδν</span> <span class='ocrx_word' id='word_1_349' title='bbox 748 1390 908 1416; x_wconf 75' lang='grc' dir='ltr'><strong>ἀπαντῶντα</strong></span> 
     </span>
    </p>
   </div>
   <div class='ocr_carea' id='block_1_47' title="bbox 116 1431 909 1468">
    <p class='ocr_par' dir='ltr' id='par_1_47' title="bbox 116 1431 909 1468">
     <span class='ocr_line' id='line_1_47' title="bbox 116 1431 909 1468; baseline 0.008 -12"><span class='ocrx_word' id='word_1_350' title='bbox 116 1431 224 1465; x_wconf 79' lang='grc' dir='ltr'>πρῶτον</span> <span class='ocrx_word' id='word_1_351' title='bbox 242 1431 311 1466; x_wconf 75' lang='grc' dir='ltr'>μετὰ</span> <span class='ocrx_word' id='word_1_352' title='bbox 327 1431 375 1466; x_wconf 83' lang='grc' dir='ltr'><strong>τὴν</strong></span> <span class='ocrx_word' id='word_1_353' title='bbox 387 1432 465 1467; x_wconf 84' lang='grc' dir='ltr'>νίκην</span> <span class='ocrx_word' id='word_1_354' title='bbox 481 1433 626 1468; x_wconf 74' lang='grc' dir='ltr'>ἀναφέρειν</span> <span class='ocrx_word' id='word_1_355' title='bbox 644 1435 683 1466; x_wconf 79' lang='grc' dir='ltr'>εἰς</span> <span class='ocrx_word' id='word_1_356' title='bbox 702 1434 806 1467; x_wconf 73' lang='grc' dir='ltr'>ουσίαν,</span> <span class='ocrx_word' id='word_1_357' title='bbox 823 1436 909 1462; x_wconf 75' lang='grc' dir='ltr'>ἀτταν-</span> 
     </span>
    </p>
   </div>
   <div class='ocr_carea' id='block_1_48' title="bbox 116 1477 908 1517">
    <p class='ocr_par' dir='ltr' id='par_1_48' title="bbox 116 1477 908 1517">
     <span class='ocr_line' id='line_1_48' title="bbox 116 1477 908 1517; baseline 0.008 -15"><span class='ocrx_word' id='word_1_358' title='bbox 116 1477 242 1511; x_wconf 76' lang='grc' dir='ltr'>τήσασαν</span> <span class='ocrx_word' id='word_1_359' title='bbox 259 1478 308 1513; x_wconf 81' lang='grc' dir='ltr'>τὴν</span> <span class='ocrx_word' id='word_1_360' title='bbox 325 1478 474 1515; x_wconf 76' lang='grc' dir='ltr'>θυγατέρα,</span> <span class='ocrx_word' id='word_1_361' title='bbox 490 1480 605 1515; x_wconf 71' lang='grc' dir='ltr'>ἠξίωσεν</span> <span class='ocrx_word' id='word_1_362' title='bbox 620 1482 750 1517; x_wconf 84' lang='grc' dir='ltr'>πρότερον</span> <span class='ocrx_word' id='word_1_363' title='bbox 765 1490 908 1517; x_wconf 79' lang='grc' dir='ltr'><strong>συγχωρη-</strong></span> 
     </span>
    </p>
   </div>
   <div class='ocr_carea' id='block_1_49' title="bbox 116 1522 908 1564">
    <p class='ocr_par' dir='ltr' id='par_1_49' title="bbox 116 1522 908 1564">
     <span class='ocr_line' id='line_1_49' title="bbox 116 1522 908 1564; baseline 0.009 -16"><span class='ocrx_word' id='word_1_364' title='bbox 116 1522 195 1557; x_wconf 82' lang='grc' dir='ltr'>θῆναι</span> <span class='ocrx_word' id='word_1_365' title='bbox 208 1524 276 1559; x_wconf 83' lang='grc' dir='ltr'>αὐτῇ</span> <span class='ocrx_word' id='word_1_366' title='bbox 293 1524 404 1559; x_wconf 83' lang='grc' dir='ltr'>δίμηνον</span> <span class='ocrx_word' id='word_1_367' title='bbox 418 1525 534 1552; x_wconf 76' lang='grc' dir='ltr'><strong>κλαῦσαι</strong></span> <span class='ocrx_word' id='word_1_368' title='bbox 548 1526 581 1553; x_wconf 79' lang='grc' dir='ltr'>τὰ</span> <span class='ocrx_word' id='word_1_369' title='bbox 599 1527 732 1563; x_wconf 77' lang='grc' dir='ltr'><strong>παρθένια</strong></span> <span class='ocrx_word' id='word_1_370' title='bbox 747 1528 830 1564; x_wconf 79' lang='grc' dir='ltr'>αὐτῆς</span> <span class='ocrx_word' id='word_1_371' title='bbox 842 1538 848 1543; x_wconf 89' lang='grc'>·</span> <span class='ocrx_word' id='word_1_372' title='bbox 861 1528 908 1555; x_wconf 75' lang='grc' dir='ltr'><strong>οὖ-</strong></span> 
     </span>
    </p>
   </div>
   <div class='ocr_carea' id='block_1_50' title="bbox 115 1568 908 1610">
    <p class='ocr_par' dir='ltr' id='par_1_50' title="bbox 115 1568 908 1610">
     <span class='ocr_line' id='line_1_50' title="bbox 115 1568 908 1610; baseline 0.011 -17"><span class='ocrx_word' id='word_1_373' title='bbox 115 1576 169 1600; x_wconf 80' lang='grc' dir='ltr'>τως</span> <span class='ocrx_word' id='word_1_374' title='bbox 187 1568 271 1604; x_wconf 75' lang='grc' dir='ltr'>αὐτὴν</span> <span class='ocrx_word' id='word_1_375' title='bbox 288 1570 439 1604; x_wconf 76' lang='grc' dir='ltr'>ἀνενεγκὼν</span> <span class='ocrx_word' id='word_1_376' title='bbox 453 1572 466 1597; x_wconf 79' lang='grc' dir='ltr'>ὁ</span> <span class='ocrx_word' id='word_1_377' title='bbox 480 1573 572 1608; x_wconf 80' lang='grc' dir='ltr'>πατὴρ</span> <span class='ocrx_word' id='word_1_378' title='bbox 588 1574 629 1605; x_wconf 78' lang='lat' dir='ltr'><strong>el;</strong></span> <span class='ocrx_word' id='word_1_379' title='bbox 641 1573 744 1605; x_wconf 79' lang='grc' dir='ltr'><strong>Θυσίαν,</strong></span> <span class='ocrx_word' id='word_1_380' title='bbox 762 1574 851 1610; x_wconf 69' lang='grc' dir='ltr'>ἔκρινε</span> <span class='ocrx_word' id='word_1_381' title='bbox 863 1576 908 1602; x_wconf 73' lang='grc' dir='ltr'><strong>τὸν</strong></span> 
     </span>
    </p>
   </div>
   <div class='ocr_carea' id='block_1_51' title="bbox 115 1614 907 1657">
    <p class='ocr_par' dir='ltr' id='par_1_51' title="bbox 115 1614 907 1657">
     <span class='ocr_line' id='line_1_51' title="bbox 115 1614 907 1657; baseline 0.009 -17"><span class='ocrx_word' id='word_1_382' title='bbox 115 1614 180 1640; x_wconf 72' lang='grc' dir='ltr'>λαὸν</span> <span class='ocrx_word' id='word_1_383' title='bbox 193 1615 239 1650; x_wconf 76' lang='grc' dir='ltr'><strong>ἐτη</strong></span> <span class='ocrx_word' id='word_1_384' title='bbox 255 1616 293 1647; x_wconf 74' lang='grc' dir='ltr'><strong>ἕξ.</strong></span> <span class='ocrx_word' id='word_1_385' title='bbox 308 1617 374 1642; x_wconf 76' lang='grc' dir='ltr'>Μετ’</span> <span class='ocrx_word' id='word_1_386' title='bbox 393 1617 473 1643; x_wconf 74' lang='grc' dir='ltr'>αὑτὸν</span> <span class='ocrx_word' id='word_1_387' title='bbox 492 1618 620 1646; x_wconf 72' lang='grc' dir='ltr'><strong>’Λὸαισὰν</strong></span> <span class='ocrx_word' id='word_1_388' title='bbox 642 1620 696 1646; x_wconf 76' lang='grc' dir='ltr'><strong>ἀπὸ</strong></span> <span class='ocrx_word' id='word_1_389' title='bbox 716 1620 840 1657; x_wconf 75' lang='grc' dir='ltr'><strong>Βηθλεὲμ</strong></span> <span class='ocrx_word' id='word_1_390' title='bbox 861 1621 907 1657; x_wconf 80' lang='grc' dir='ltr'><strong>ἔτη</strong></span> 
     </span>
    </p>
   </div>
   <div class='ocr_carea' id='block_1_52' title="bbox 117 1661 908 1701">
    <p class='ocr_par' dir='ltr' id='par_1_52' title="bbox 117 1661 908 1701">
     <span class='ocr_line' id='line_1_52' title="bbox 117 1661 908 1701; baseline 0.008 -14"><span class='ocrx_word' id='word_1_391' title='bbox 117 1661 197 1688; x_wconf 74' lang='grc' dir='ltr'>ἑπτά.</span> <span class='ocrx_word' id='word_1_392' title='bbox 216 1662 283 1688; x_wconf 76' lang='grc' dir='ltr'>Μετ’</span> <span class='ocrx_word' id='word_1_393' title='bbox 296 1662 376 1688; x_wconf 70' lang='grc' dir='ltr'>αὑτὸν</span> <span class='ocrx_word' id='word_1_394' title='bbox 392 1662 508 1690; x_wconf 81' lang='grc' dir='ltr'><strong>’Δϊλὼνὸ</strong></span> <span class='ocrx_word' id='word_1_395' title='bbox 521 1664 725 1701; x_wconf 77' lang='grc' dir='ltr'><strong>Ζαϐουλωνίτης</strong></span> <span class='ocrx_word' id='word_1_396' title='bbox 737 1665 783 1701; x_wconf 79' lang='grc' dir='ltr'><strong>ἔτη</strong></span> <span class='ocrx_word' id='word_1_397' title='bbox 801 1669 826 1693; x_wconf 82' lang='grc' dir='ltr'><strong>ι’.</strong></span> <span class='ocrx_word' id='word_1_398' title='bbox 842 1667 908 1693; x_wconf 80' lang='grc' dir='ltr'>Μετ’</span> 
     </span>
    </p>
   </div>
   <div class='ocr_carea' id='block_1_53' title="bbox 116 1707 908 1747">
    <p class='ocr_par' dir='ltr' id='par_1_53' title="bbox 116 1707 908 1747">
     <span class='ocr_line' id='line_1_53' title="bbox 116 1707 908 1747; baseline 0.008 -13"><span class='ocrx_word' id='word_1_399' title='bbox 116 1707 198 1734; x_wconf 72' lang='grc' dir='ltr'>αὐτὸν</span> <span class='ocrx_word' id='word_1_400' title='bbox 210 1708 321 1735; x_wconf 78' lang='grc' dir='ltr'>Λαϐδὼν</span> <span class='ocrx_word' id='word_1_401' title='bbox 333 1709 382 1744; x_wconf 88' lang='lat'><strong>(7),</strong></span> <span class='ocrx_word' id='word_1_402' title='bbox 399 1711 412 1737; x_wconf 83' lang='grc' dir='ltr'><strong>ό</strong></span> <span class='ocrx_word' id='word_1_403' title='bbox 426 1710 620 1746; x_wconf 76' lang='grc' dir='ltr'>Φαραθωνίτης</span> <span class='ocrx_word' id='word_1_404' title='bbox 634 1711 680 1747; x_wconf 79' lang='grc' dir='ltr'>ἔτη</span> <span class='ocrx_word' id='word_1_405' title='bbox 698 1715 733 1747; x_wconf 84' lang='grc' dir='ltr'><strong>η’.</strong></span> <span class='ocrx_word' id='word_1_406' title='bbox 748 1713 814 1739; x_wconf 85' lang='grc' dir='ltr'>Μετ’</span> <span class='ocrx_word' id='word_1_407' title='bbox 828 1713 908 1740; x_wconf 76' lang='grc' dir='ltr'>αὐτὸν</span> 
     </span>
    </p>
   </div>
   <div class='ocr_carea' id='block_1_54' title="bbox 117 1752 909 1794">
    <p class='ocr_par' dir='ltr' id='par_1_54' title="bbox 117 1752 909 1794">
     <span class='ocr_line' id='line_1_54' title="bbox 117 1752 909 1794; baseline 0.006 -14"><span class='ocrx_word' id='word_1_408' title='bbox 117 1754 236 1789; x_wconf 58' lang='grc' dir='ltr'>Σαμψὼν</span> <span class='ocrx_word' id='word_1_409' title='bbox 261 1755 314 1782; x_wconf 83' lang='grc' dir='ltr'><strong>ἀπὸ</strong></span> <span class='ocrx_word' id='word_1_410' title='bbox 341 1756 393 1782; x_wconf 85' lang='grc' dir='ltr'><strong>Δάν</strong></span> <span class='ocrx_word' id='word_1_411' title='bbox 407 1764 414 1770; x_wconf 86' lang='grc'>·</span> <span class='ocrx_word' id='word_1_412' title='bbox 438 1753 515 1788; x_wconf 71' lang='grc' dir='ltr'>οὗτος</span> <span class='ocrx_word' id='word_1_413' title='bbox 534 1756 651 1789; x_wconf 73' lang='grc' dir='ltr'>ἐπάταξε</span> <span class='ocrx_word' id='word_1_414' title='bbox 674 1752 736 1789; x_wconf 77' lang='grc' dir='ltr'>τοὺς</span> <span class='ocrx_word' id='word_1_415' title='bbox 751 1758 909 1794; x_wconf 77' lang='grc' dir='ltr'>Φυλιστιεὶμ</span> 
     </span>
    </p>
   </div>
   <div class='ocr_carea' id='block_1_55' title="bbox 117 1801 908 1838">
    <p class='ocr_par' dir='ltr' id='par_1_55' title="bbox 117 1801 908 1838">
     <span class='ocr_line' id='line_1_55' title="bbox 117 1801 908 1838; baseline 0.003 -10"><span class='ocrx_word' id='word_1_416' title='bbox 117 1801 146 1828; x_wconf 80' lang='grc' dir='ltr'>ὲν</span> <span class='ocrx_word' id='word_1_417' title='bbox 161 1801 264 1834; x_wconf 78' lang='grc' dir='ltr'><strong>σιαγόνι</strong></span> <span class='ocrx_word' id='word_1_418' title='bbox 279 1801 349 1834; x_wconf 78' lang='grc' dir='ltr'>ὖνου,</span> <span class='ocrx_word' id='word_1_419' title='bbox 368 1803 415 1828; x_wconf 75' lang='grc' dir='ltr'><strong>καὶ</strong></span> <span class='ocrx_word' id='word_1_420' title='bbox 441 1801 535 1829; x_wconf 77' lang='grc' dir='ltr'>ἄλλοτε</span> <span class='ocrx_word' id='word_1_421' title='bbox 563 1803 664 1838; x_wconf 72' lang='grc' dir='ltr'>ῥάϐδῳ,</span> <span class='ocrx_word' id='word_1_422' title='bbox 686 1803 733 1829; x_wconf 79' lang='grc' dir='ltr'><strong>καὶ</strong></span> <span class='ocrx_word' id='word_1_423' title='bbox 746 1801 824 1834; x_wconf 75' lang='grc' dir='ltr'>αὖθις</span> <span class='ocrx_word' id='word_1_424' title='bbox 836 1803 908 1830; x_wconf 84' lang='grc' dir='ltr'><strong>ἀλώ-</strong></span> 
     </span>
    </p>
   </div>
   <div class='ocr_carea' id='block_1_56' title="bbox 117 1846 908 1884">
    <p class='ocr_par' dir='ltr' id='par_1_56' title="bbox 117 1846 908 1884">
     <span class='ocr_line' id='line_1_56' title="bbox 117 1846 908 1884; baseline 0.003 -10"><span class='ocrx_word' id='word_1_425' title='bbox 117 1846 189 1880; x_wconf 80' lang='grc' dir='ltr'>πεξι,</span> <span class='ocrx_word' id='word_1_426' title='bbox 203 1848 248 1874; x_wconf 76' lang='grc' dir='ltr'><strong>καὶ</strong></span> <span class='ocrx_word' id='word_1_427' title='bbox 265 1847 377 1883; x_wconf 77' lang='grc' dir='ltr'>ὕστερον</span> <span class='ocrx_word' id='word_1_428' title='bbox 394 1848 574 1884; x_wconf 72' lang='grc' dir='ltr'><strong>συμπτώματι</strong></span> <span class='ocrx_word' id='word_1_429' title='bbox 589 1849 636 1875; x_wconf 85' lang='grc' dir='ltr'><strong>τοῦ</strong></span> <span class='ocrx_word' id='word_1_430' title='bbox 657 1849 743 1882; x_wconf 81' lang='grc' dir='ltr'><strong>οἴκου,</strong></span> <span class='ocrx_word' id='word_1_431' title='bbox 763 1849 908 1884; x_wconf 72' lang='grc' dir='ltr'><strong>θλίψαντας</strong></span> 
     </span>
    </p>
   </div>
   <div class='ocr_carea' id='block_1_57' title="bbox 117 1893 909 1931">
    <p class='ocr_par' dir='ltr' id='par_1_57' title="bbox 117 1893 909 1931">
     <span class='ocr_line' id='line_1_57' title="bbox 117 1893 909 1931; baseline 0.004 -13"><span class='ocrx_word' id='word_1_432' title='bbox 117 1893 163 1919; x_wconf 82' lang='grc' dir='ltr'>τὸν</span> <span class='ocrx_word' id='word_1_433' title='bbox 184 1893 292 1929; x_wconf 76' lang='grc' dir='ltr'>Ἰσραὴλ</span> <span class='ocrx_word' id='word_1_434' title='bbox 317 1893 364 1930; x_wconf 78' lang='grc' dir='ltr'><strong>ἐτη</strong></span> <span class='ocrx_word' id='word_1_435' title='bbox 384 1897 418 1929; x_wconf 90' lang='grc' dir='ltr'><strong>μ’.</strong></span> <span class='ocrx_word' id='word_1_436' title='bbox 440 1895 495 1921; x_wconf 68' lang='grc' dir='ltr'><strong>Καὶ</strong></span> <span class='ocrx_word' id='word_1_437' title='bbox 518 1894 598 1926; x_wconf 74' lang='grc' dir='ltr'>αὐτὸς</span> <span class='ocrx_word' id='word_1_438' title='bbox 619 1895 709 1930; x_wconf 76' lang='grc' dir='ltr'>ἔκρινε</span> <span class='ocrx_word' id='word_1_439' title='bbox 729 1894 775 1921; x_wconf 73' lang='grc' dir='ltr'>τὸν</span> <span class='ocrx_word' id='word_1_440' title='bbox 802 1895 909 1931; x_wconf 82' lang='grc' dir='ltr'>Ἰσραὴλ</span> 
     </span>
    </p>
   </div>
   <div class='ocr_carea' id='block_1_58' title="bbox 117 1937 908 1976">
    <p class='ocr_par' dir='ltr' id='par_1_58' title="bbox 117 1937 908 1976">
     <span class='ocr_line' id='line_1_58' title="bbox 117 1937 908 1976; baseline 0.004 -12"><span class='ocrx_word' id='word_1_441' title='bbox 117 1938 166 1973; x_wconf 80' lang='grc' dir='ltr'><strong>ἐτη</strong></span> <span class='ocrx_word' id='word_1_442' title='bbox 181 1942 216 1965; x_wconf 80' lang='grc' dir='ltr'><strong>κ’.</strong></span> <span class='ocrx_word' id='word_1_443' title='bbox 240 1938 388 1966; x_wconf 80' lang='grc' dir='ltr'>Ποσοῦνται</span> <span class='ocrx_word' id='word_1_444' title='bbox 408 1937 453 1966; x_wconf 85' lang='grc' dir='ltr'>οὖν</span> <span class='ocrx_word' id='word_1_445' title='bbox 470 1941 495 1967; x_wconf 86' lang='grc' dir='ltr'><strong>οἱ</strong></span> <span class='ocrx_word' id='word_1_446' title='bbox 516 1940 615 1972; x_wconf 78' lang='grc' dir='ltr'>πάντες</span> <span class='ocrx_word' id='word_1_447' title='bbox 633 1940 725 1976; x_wconf 74' lang='grc' dir='ltr'>κριταὶ</span> <span class='ocrx_word' id='word_1_448' title='bbox 745 1941 784 1972; x_wconf 83' lang='grc' dir='ltr'><strong>εἰς</strong></span> <span class='ocrx_word' id='word_1_449' title='bbox 806 1944 856 1976; x_wconf 83' lang='grc' dir='ltr'><strong>ιγ’·</strong></span> <span class='ocrx_word' id='word_1_450' title='bbox 874 1940 908 1968; x_wconf 84' lang='grc' dir='ltr'>τὰ</span> 
     </span>
    </p>
   </div>
   <div class='ocr_carea' id='block_1_59' title="bbox 116 1984 393 2020">
    <p class='ocr_par' dir='ltr' id='par_1_59' title="bbox 116 1984 393 2020">
     <span class='ocr_line' id='line_1_59' title="bbox 116 1984 393 2020; baseline 0.007 -10"><span class='ocrx_word' id='word_1_451' title='bbox 116 1984 146 2011; x_wconf 70' lang='grc' dir='ltr'><strong>δὲ</strong></span> <span class='ocrx_word' id='word_1_452' title='bbox 162 1984 210 2020; x_wconf 79' lang='grc' dir='ltr'><strong>ἐτη</strong></span> <span class='ocrx_word' id='word_1_453' title='bbox 227 1984 316 2011; x_wconf 77' lang='grc' dir='ltr'>αὐτῶν</span> <span class='ocrx_word' id='word_1_454' title='bbox 330 1988 393 2012; x_wconf 86' lang='grc' dir='ltr'>υια¹.</span> 
     </span>
    </p>
   </div>
   <div class='ocr_carea' id='block_1_60' title="bbox 371 2084 663 2118">
    <p class='ocr_par' dir='ltr' id='par_1_60' title="bbox 371 2084 663 2118">
     <span class='ocr_line' id='line_1_60' title="bbox 371 2084 663 2118; baseline 0.003 -7"><span class='ocrx_word' id='word_1_455' title='bbox 371 2084 492 2112; x_wconf 65' lang='lat'><strong>816.1101-</strong></span> <span class='ocrx_word' id='word_1_456' title='bbox 511 2088 548 2118; x_wconf 79' lang='grc' dir='ltr'><strong>η’,</strong></span> <span class='ocrx_word' id='word_1_457' title='bbox 572 2085 663 2112; x_wconf 81' lang='grc' dir='ltr'><strong>Ῥούθ.</strong></span> 
     </span>
    </p>
   </div>
   <div class='ocr_carea' id='block_1_61' title="bbox 155 2129 908 2167">
    <p class='ocr_par' dir='ltr' id='par_1_61' title="bbox 155 2129 908 2167">
     <span class='ocr_line' id='line_1_61' title="bbox 155 2129 908 2167; baseline 0.001 -11"><span class='ocrx_word' id='word_1_458' title='bbox 155 2130 198 2157; x_wconf 68' lang='grc'><strong>12.</strong></span> <span class='ocrx_word' id='word_1_459' title='bbox 217 2129 295 2156; x_wconf 76' lang='grc' dir='ltr'>Οὕτω</span> <span class='ocrx_word' id='word_1_460' title='bbox 313 2130 422 2164; x_wconf 78' lang='grc' dir='ltr'>λέγεται</span> <span class='ocrx_word' id='word_1_461' title='bbox 441 2131 471 2157; x_wconf 85' lang='grc' dir='ltr'><strong>τὸ</strong></span> <span class='ocrx_word' id='word_1_462' title='bbox 485 2130 698 2166; x_wconf 75' lang='grc' dir='ltr'><strong>βιϐλίον,ὲπειδὴ</strong></span> <span class='ocrx_word' id='word_1_463' title='bbox 716 2131 762 2157; x_wconf 70' lang='grc' dir='ltr'><strong>καὶ</strong></span> <span class='ocrx_word' id='word_1_464' title='bbox 778 2131 827 2166; x_wconf 80' lang='grc' dir='ltr'>τὴν</span> <span class='ocrx_word' id='word_1_465' title='bbox 844 2132 908 2167; x_wconf 77' lang='grc' dir='ltr'>περὶ</span> 
     </span>
    </p>
   </div>
   <div class='ocr_carea' id='block_1_62' title="bbox 118 2175 907 2212">
    <p class='ocr_par' dir='ltr' id='par_1_62' title="bbox 118 2175 907 2212">
     <span class='ocr_line' id='line_1_62' title="bbox 118 2175 907 2212; baseline 0.001 -10"><span class='ocrx_word' id='word_1_466' title='bbox 118 2175 168 2211; x_wconf 72' lang='grc' dir='ltr'><strong>τῆς</strong></span> <span class='ocrx_word' id='word_1_467' title='bbox 183 2175 260 2202; x_wconf 79' lang='grc' dir='ltr'><strong>Ῥοὺο</strong></span> <span class='ocrx_word' id='word_1_468' title='bbox 279 2176 398 2211; x_wconf 77' lang='grc' dir='ltr'><strong>ἱστορίαν</strong></span> <span class='ocrx_word' id='word_1_469' title='bbox 415 2176 498 2211; x_wconf 73' lang='grc' dir='ltr'>μόνην</span> <span class='ocrx_word' id='word_1_470' title='bbox 522 2177 652 2212; x_wconf 70' lang='grc' dir='ltr'>περιέχει.</span> <span class='ocrx_word' id='word_1_471' title='bbox 672 2177 748 2203; x_wconf 86' lang='grc' dir='ltr'>Ἔστι</span> <span class='ocrx_word' id='word_1_472' title='bbox 763 2177 791 2203; x_wconf 81' lang='grc' dir='ltr'><strong>δὲ</strong></span> <span class='ocrx_word' id='word_1_473' title='bbox 808 2176 877 2211; x_wconf 73' lang='grc' dir='ltr'>αὕτη</span> <span class='ocrx_word' id='word_1_474' title='bbox 891 2177 907 2212; x_wconf 85' lang='grc' dir='ltr'>ἡ</span> 
     </span>
    </p>
   </div>
   <div class='ocr_carea' id='block_1_63' title="bbox 958 927 1747 963">
    <p class='ocr_par' dir='ltr' id='par_1_63' title="bbox 958 927 1747 963">
     <span class='ocr_line' id='line_1_63' title="bbox 958 927 1747 963; baseline 0.001 -9"><span class='ocrx_word' id='word_1_475' title='bbox 958 928 1068 962; x_wconf 83' lang='lat' dir='ltr'><strong>elapsus</strong></span> <span class='ocrx_word' id='word_1_476' title='bbox 1084 933 1134 955; x_wconf 86' lang='lat' dir='ltr'><strong>est.</strong></span> <span class='ocrx_word' id='word_1_477' title='bbox 1148 927 1208 962; x_wconf 88' lang='lat' dir='ltr'><strong>Ipse</strong></span> <span class='ocrx_word' id='word_1_478' title='bbox 1223 936 1287 954; x_wconf 82' lang='lat' dir='ltr'><strong>veru</strong></span> <span class='ocrx_word' id='word_1_479' title='bbox 1314 927 1487 960; x_wconf 86' lang='lat' dir='ltr'><strong>Abimclech,</strong></span> <span class='ocrx_word' id='word_1_480' title='bbox 1509 928 1590 955; x_wconf 89' lang='lat' dir='ltr'><strong>etiam</strong></span> <span class='ocrx_word' id='word_1_481' title='bbox 1610 928 1665 956; x_wconf 88' lang='lat' dir='ltr'><strong>illis</strong></span> <span class='ocrx_word' id='word_1_482' title='bbox 1676 948 1682 960; x_wconf 86' lang='lat'><strong>,</strong></span> <span class='ocrx_word' id='word_1_483' title='bbox 1699 928 1747 963; x_wconf 92' lang='lat' dir='ltr'><strong>qui</strong></span> 
     </span>
    </p>
   </div>
   <div class='ocr_carea' id='block_1_64' title="bbox 959 973 1748 1009">
    <p class='ocr_par' dir='ltr' id='par_1_64' title="bbox 959 973 1748 1009">
     <span class='ocr_line' id='line_1_64' title="bbox 959 973 1748 1009; baseline 0 -8"><span class='ocrx_word' id='word_1_484' title='bbox 959 982 1020 1001; x_wconf 89' lang='lat' dir='ltr'><strong>cum</strong></span> <span class='ocrx_word' id='word_1_485' title='bbox 1038 974 1096 1009; x_wconf 84' lang='lat' dir='ltr'><strong>ipso</strong></span> <span class='ocrx_word' id='word_1_486' title='bbox 1112 974 1336 1008; x_wconf 86' lang='lat' dir='ltr'><strong>conspiraverant</strong></span> <span class='ocrx_word' id='word_1_487' title='bbox 1349 993 1357 1006; x_wconf 86' lang='grc'><strong>,</strong></span> <span class='ocrx_word' id='word_1_488' title='bbox 1376 973 1464 1001; x_wconf 79' lang='lat' dir='ltr'><strong>factus</strong></span> <span class='ocrx_word' id='word_1_489' title='bbox 1478 979 1519 1001; x_wconf 89' lang='lat' dir='ltr'><strong>est</strong></span> <span class='ocrx_word' id='word_1_490' title='bbox 1534 974 1619 1001; x_wconf 86' lang='lat' dir='ltr'><strong>instar</strong></span> <span class='ocrx_word' id='word_1_491' title='bbox 1638 974 1707 1009; x_wconf 80' lang='lat' dir='ltr'><strong>ignis</strong></span> <span class='ocrx_word' id='word_1_492' title='bbox 1731 982 1748 1001; x_wconf 86' lang='lat' dir='ltr'><strong>e</strong></span> 
     </span>
    </p>
   </div>
   <div class='ocr_carea' id='block_1_65' title="bbox 959 1018 1748 1054">
    <p class='ocr_par' dir='ltr' id='par_1_65' title="bbox 959 1018 1748 1054">
     <span class='ocr_line' id='line_1_65' title="bbox 959 1018 1748 1054; baseline -0.001 -8"><span class='ocrx_word' id='word_1_493' title='bbox 959 1019 1082 1046; x_wconf 90' lang='lat' dir='ltr'><strong>rhamno.</strong></span> <span class='ocrx_word' id='word_1_494' title='bbox 1114 1018 1269 1054; x_wconf 84' lang='lat' dir='ltr'><strong>Postquam,</strong></span> <span class='ocrx_word' id='word_1_495' title='bbox 1291 1023 1382 1045; x_wconf 90' lang='lat' dir='ltr'><strong>autem</strong></span> <span class='ocrx_word' id='word_1_496' title='bbox 1409 1019 1510 1045; x_wconf 88' lang='lat' dir='ltr'><strong>multos</strong></span> <span class='ocrx_word' id='word_1_497' title='bbox 1538 1018 1654 1048; x_wconf 83' lang='lat' dir='ltr'><strong>occidit.</strong></span> <span class='ocrx_word' id='word_1_498' title='bbox 1673 1026 1748 1045; x_wconf 85' lang='lat' dir='ltr'><strong>inor-</strong></span> 
     </span>
    </p>
   </div>
   <div class='ocr_carea' id='block_1_66' title="bbox 958 1064 1748 1100">
    <p class='ocr_par' dir='ltr' id='par_1_66' title="bbox 958 1064 1748 1100">
     <span class='ocr_line' id='line_1_66' title="bbox 958 1064 1748 1100; baseline 0 -9"><span class='ocrx_word' id='word_1_499' title='bbox 958 1068 1022 1092; x_wconf 92' lang='lat' dir='ltr'><strong>tuus</strong></span> <span class='ocrx_word' id='word_1_500' title='bbox 1036 1069 1078 1092; x_wconf 85' lang='lat' dir='ltr'><strong>est</strong></span> <span class='ocrx_word' id='word_1_501' title='bbox 1095 1067 1121 1091; x_wconf 88' lang='lat' dir='ltr'><strong>ct</strong></span> <span class='ocrx_word' id='word_1_502' title='bbox 1136 1065 1204 1099; x_wconf 87' lang='lat' dir='ltr'><strong>ipse,</strong></span> <span class='ocrx_word' id='word_1_503' title='bbox 1222 1064 1300 1091; x_wconf 64' lang='lat' dir='ltr'><strong>molae</strong></span> <span class='ocrx_word' id='word_1_504' title='bbox 1317 1064 1450 1100; x_wconf 81' lang='lat' dir='ltr'><strong>fragmine</strong></span> <span class='ocrx_word' id='word_1_505' title='bbox 1471 1066 1505 1092; x_wconf 89' lang='lat' dir='ltr'><strong>de</strong></span> <span class='ocrx_word' id='word_1_506' title='bbox 1529 1073 1607 1092; x_wconf 89' lang='lat' dir='ltr'><strong>muro</strong></span> <span class='ocrx_word' id='word_1_507' title='bbox 1623 1072 1670 1099; x_wconf 87' lang='lat' dir='ltr'><strong>per</strong></span> <span class='ocrx_word' id='word_1_508' title='bbox 1687 1073 1748 1091; x_wconf 91' lang='lat' dir='ltr'><strong>mu-</strong></span> 
     </span>
    </p>
   </div>
   <div class='ocr_carea' id='block_1_67' title="bbox 958 1111 1748 1145">
    <p class='ocr_par' dir='ltr' id='par_1_67' title="bbox 958 1111 1748 1145">
     <span class='ocr_line' id='line_1_67' title="bbox 958 1111 1748 1145; baseline -0.001 -7"><span class='ocrx_word' id='word_1_509' title='bbox 958 1111 1051 1138; x_wconf 83' lang='lat' dir='ltr'><strong>lierem</strong></span> <span class='ocrx_word' id='word_1_510' title='bbox 1079 1111 1199 1138; x_wconf 89' lang='lat' dir='ltr'><strong>demisso</strong></span> <span class='ocrx_word' id='word_1_511' title='bbox 1224 1114 1395 1144; x_wconf 86' lang='lat' dir='ltr'><strong>prostratus,</strong></span> <span class='ocrx_word' id='word_1_512' title='bbox 1430 1111 1630 1145; x_wconf 83' lang='lat' dir='ltr'><strong>imperiumque</strong></span> <span class='ocrx_word' id='word_1_513' title='bbox 1659 1111 1748 1138; x_wconf 91' lang='lat' dir='ltr'><strong>tenuit</strong></span> 
     </span>
    </p>
   </div>
   <div class='ocr_carea' id='block_1_68' title="bbox 958 1155 1747 1190">
    <p class='ocr_par' dir='ltr' id='par_1_68' title="bbox 958 1155 1747 1190">
     <span class='ocr_line' id='line_1_68' title="bbox 958 1155 1747 1190; baseline -0.001 -7"><span class='ocrx_word' id='word_1_514' title='bbox 958 1164 1045 1183; x_wconf 91' lang='lat' dir='ltr'><strong>annos</strong></span> <span class='ocrx_word' id='word_1_515' title='bbox 1068 1159 1134 1183; x_wconf 88' lang='lat' dir='ltr'><strong>tres.</strong></span> <span class='ocrx_word' id='word_1_516' title='bbox 1153 1155 1254 1182; x_wconf 84' lang='lat' dir='ltr'><strong>Deinde</strong></span> <span class='ocrx_word' id='word_1_517' title='bbox 1274 1155 1359 1182; x_wconf 87' lang='lat' dir='ltr'><strong>Thola</strong></span> <span class='ocrx_word' id='word_1_518' title='bbox 1377 1155 1449 1183; x_wconf 91' lang='lat' dir='ltr'><strong>ﬁlius</strong></span> <span class='ocrx_word' id='word_1_519' title='bbox 1466 1155 1551 1187; x_wconf 83' lang='lat' dir='ltr'><strong>Pliua,</strong></span> <span class='ocrx_word' id='word_1_520' title='bbox 1568 1156 1657 1190; x_wconf 84' lang='lat' dir='ltr'><strong>patrui</strong></span> <span class='ocrx_word' id='word_1_521' title='bbox 1682 1156 1747 1182; x_wconf 88' lang='lat' dir='ltr'><strong>Abi-</strong></span> 
     </span>
    </p>
   </div>
   <div class='ocr_carea' id='block_1_69' title="bbox 958 1200 1748 1237">
    <p class='ocr_par' dir='ltr' id='par_1_69' title="bbox 958 1200 1748 1237">
     <span class='ocr_line' id='line_1_69' title="bbox 958 1200 1748 1237; baseline 0 -9"><span class='ocrx_word' id='word_1_522' title='bbox 958 1202 1074 1233; x_wconf 85' lang='lat' dir='ltr'><strong>melcch,</strong></span> <span class='ocrx_word' id='word_1_523' title='bbox 1089 1202 1135 1237; x_wconf 91' lang='lat' dir='ltr'><strong>qui</strong></span> <span class='ocrx_word' id='word_1_524' title='bbox 1152 1202 1293 1237; x_wconf 88' lang='lat' dir='ltr'><strong>imperavit</strong></span> <span class='ocrx_word' id='word_1_525' title='bbox 1309 1209 1396 1229; x_wconf 89' lang='lat' dir='ltr'><strong>annos</strong></span> <span class='ocrx_word' id='word_1_526' title='bbox 1414 1201 1458 1229; x_wconf 77' lang='grc'><strong>25.</strong></span> <span class='ocrx_word' id='word_1_527' title='bbox 1475 1200 1552 1228; x_wconf 84' lang='lat' dir='ltr'><strong>Hunc</strong></span> <span class='ocrx_word' id='word_1_528' title='bbox 1568 1201 1673 1236; x_wconf 83' lang='lat' dir='ltr'><strong>excepti</strong></span> <span class='ocrx_word' id='word_1_529' title='bbox 1689 1200 1748 1228; x_wconf 84' lang='lat' dir='ltr'><strong>Jair</strong></span> 
     </span>
    </p>
   </div>
   <div class='ocr_carea' id='block_1_70' title="bbox 959 1246 1747 1283">
    <p class='ocr_par' dir='ltr' id='par_1_70' title="bbox 959 1246 1747 1283">
     <span class='ocr_line' id='line_1_70' title="bbox 959 1246 1747 1283; baseline -0.001 -8"><span class='ocrx_word' id='word_1_530' title='bbox 959 1248 1121 1281; x_wconf 84' lang='lat' dir='ltr'><strong>Galaadites,</strong></span> <span class='ocrx_word' id='word_1_531' title='bbox 1134 1248 1181 1283; x_wconf 92' lang='lat' dir='ltr'><strong>qui</strong></span> <span class='ocrx_word' id='word_1_532' title='bbox 1195 1248 1327 1282; x_wconf 77' lang='lat' dir='ltr'><strong>judicavit</strong></span> <span class='ocrx_word' id='word_1_533' title='bbox 1350 1255 1437 1274; x_wconf 88' lang='lat' dir='ltr'><strong>annos</strong></span> <span class='ocrx_word' id='word_1_534' title='bbox 1460 1247 1504 1275; x_wconf 71' lang='lat'><strong>22.</strong></span> <span class='ocrx_word' id='word_1_535' title='bbox 1529 1247 1627 1274; x_wconf 83' lang='lat' dir='ltr'><strong>Postea</strong></span> <span class='ocrx_word' id='word_1_536' title='bbox 1652 1246 1747 1282; x_wconf 87' lang='lat' dir='ltr'><strong>Jephte</strong></span> 
     </span>
    </p>
   </div>
   <div class='ocr_carea' id='block_1_71' title="bbox 958 1294 1745 1329">
    <p class='ocr_par' dir='ltr' id='par_1_71' title="bbox 958 1294 1745 1329">
     <span class='ocr_line' id='line_1_71' title="bbox 958 1294 1745 1329; baseline 0 -8"><span class='ocrx_word' id='word_1_537' title='bbox 958 1294 1122 1322; x_wconf 87' lang='lat' dir='ltr'><strong>Galaadites.</strong></span> <span class='ocrx_word' id='word_1_538' title='bbox 1137 1294 1510 1329; x_wconf 79' lang='lat' dir='ltr'><strong>lslepercussitAmmonitas</strong></span> <span class='ocrx_word' id='word_1_539' title='bbox 1530 1299 1557 1322; x_wconf 91' lang='lat' dir='ltr'><strong>et</strong></span> <span class='ocrx_word' id='word_1_540' title='bbox 1580 1294 1745 1327; x_wconf 70' lang='lat' dir='ltr'><strong>Philisttcos,</strong></span> 
     </span>
    </p>
   </div>
   <div class='ocr_carea' id='block_1_72' title="bbox 958 1340 1746 1376">
    <p class='ocr_par' dir='ltr' id='par_1_72' title="bbox 958 1340 1746 1376">
     <span class='ocr_line' id='line_1_72' title="bbox 958 1340 1746 1376; baseline 0 -9"><span class='ocrx_word' id='word_1_541' title='bbox 958 1341 1003 1376; x_wconf 93' lang='lat' dir='ltr'><strong>qui</strong></span> <span class='ocrx_word' id='word_1_542' title='bbox 1018 1340 1144 1369; x_wconf 85' lang='lat' dir='ltr'><strong>lsraelcrr.</strong></span> <span class='ocrx_word' id='word_1_543' title='bbox 1160 1341 1311 1368; x_wconf 83' lang='lat' dir='ltr'><strong>aﬁlixerant</strong></span> <span class='ocrx_word' id='word_1_544' title='bbox 1327 1349 1414 1368; x_wconf 87' lang='lat' dir='ltr'><strong>annos</strong></span> <span class='ocrx_word' id='word_1_545' title='bbox 1428 1341 1521 1368; x_wconf 78' lang='lat' dir='ltr'><strong>decem</strong></span> <span class='ocrx_word' id='word_1_546' title='bbox 1542 1344 1567 1368; x_wconf 89' lang='lat' dir='ltr'><strong>et</strong></span> <span class='ocrx_word' id='word_1_547' title='bbox 1587 1345 1659 1368; x_wconf 90' lang='lat' dir='ltr'><strong>octo.</strong></span> <span class='ocrx_word' id='word_1_548' title='bbox 1678 1341 1746 1368; x_wconf 86' lang='lat' dir='ltr'><strong>Cum</strong></span> 
     </span>
    </p>
   </div>
   <div class='ocr_carea' id='block_1_73' title="bbox 959 1385 1748 1418">
    <p class='ocr_par' dir='ltr' id='par_1_73' title="bbox 959 1385 1748 1418">
     <span class='ocr_line' id='line_1_73' title="bbox 959 1385 1748 1418; baseline 0 -6"><span class='ocrx_word' id='word_1_549' title='bbox 959 1390 1047 1412; x_wconf 88' lang='lat' dir='ltr'><strong>autem</strong></span> <span class='ocrx_word' id='word_1_550' title='bbox 1068 1386 1095 1413; x_wconf 92' lang='lat' dir='ltr'><strong>in</strong></span> <span class='ocrx_word' id='word_1_551' title='bbox 1111 1386 1182 1413; x_wconf 88' lang='lat' dir='ltr'><strong>bello</strong></span> <span class='ocrx_word' id='word_1_552' title='bbox 1196 1391 1287 1412; x_wconf 88' lang='lat' dir='ltr'><strong>votum</strong></span> <span class='ocrx_word' id='word_1_553' title='bbox 1304 1385 1424 1418; x_wconf 81' lang='lat' dir='ltr'><strong>fecisset,</strong></span> <span class='ocrx_word' id='word_1_554' title='bbox 1442 1386 1597 1412; x_wconf 89' lang='lat' dir='ltr'><strong>oblaturum</strong></span> <span class='ocrx_word' id='word_1_555' title='bbox 1615 1393 1644 1412; x_wconf 87' lang='lat' dir='ltr'><strong>se</strong></span> <span class='ocrx_word' id='word_1_556' title='bbox 1662 1385 1688 1412; x_wconf 90' lang='lat' dir='ltr'><strong>in</strong></span> <span class='ocrx_word' id='word_1_557' title='bbox 1703 1393 1748 1412; x_wconf 75' lang='lat' dir='ltr'><strong>sa-</strong></span> 
     </span>
    </p>
   </div>
   <div class='ocr_carea' id='block_1_74' title="bbox 959 1431 1746 1467">
    <p class='ocr_par' dir='ltr' id='par_1_74' title="bbox 959 1431 1746 1467">
     <span class='ocr_line' id='line_1_74' title="bbox 959 1431 1746 1467; baseline -0.001 -9"><span class='ocrx_word' id='word_1_558' title='bbox 959 1432 1102 1464; x_wconf 86' lang='lat' dir='ltr'><strong>criﬁcium,</strong></span> <span class='ocrx_word' id='word_1_559' title='bbox 1118 1431 1250 1467; x_wconf 89' lang='lat' dir='ltr'><strong>quidquid</strong></span> <span class='ocrx_word' id='word_1_560' title='bbox 1275 1436 1337 1467; x_wconf 89' lang='lat' dir='ltr'><strong>post</strong></span> <span class='ocrx_word' id='word_1_561' title='bbox 1356 1432 1497 1459; x_wconf 84' lang='lat' dir='ltr'><strong>victoriam</strong></span> <span class='ocrx_word' id='word_1_562' title='bbox 1514 1431 1623 1459; x_wconf 87' lang='lat' dir='ltr'><strong>domum</strong></span> <span class='ocrx_word' id='word_1_563' title='bbox 1653 1438 1746 1458; x_wconf 86' lang='lat' dir='ltr'><strong>rever-</strong></span> 
     </span>
    </p>
   </div>
   <div class='ocr_carea' id='block_1_75' title="bbox 960 1477 1747 1512">
    <p class='ocr_par' dir='ltr' id='par_1_75' title="bbox 960 1477 1747 1512">
     <span class='ocr_line' id='line_1_75' title="bbox 960 1477 1747 1512; baseline -0.001 -8"><span class='ocrx_word' id='word_1_564' title='bbox 960 1478 1024 1505; x_wconf 91' lang='lat' dir='ltr'><strong>tenti</strong></span> <span class='ocrx_word' id='word_1_565' title='bbox 1041 1478 1157 1512; x_wconf 90' lang='lat' dir='ltr'><strong>primum</strong></span> <span class='ocrx_word' id='word_1_566' title='bbox 1173 1481 1346 1509; x_wconf 86' lang='lat' dir='ltr'><strong>occurreret,</strong></span> <span class='ocrx_word' id='word_1_567' title='bbox 1374 1477 1456 1504; x_wconf 84' lang='lat' dir='ltr'><strong>ﬁliam</strong></span> <span class='ocrx_word' id='word_1_568' title='bbox 1479 1477 1507 1504; x_wconf 92' lang='lat' dir='ltr'><strong>in</strong></span> <span class='ocrx_word' id='word_1_569' title='bbox 1522 1485 1666 1505; x_wconf 89' lang='lat' dir='ltr'><strong>occursum</strong></span> <span class='ocrx_word' id='word_1_570' title='bbox 1684 1485 1747 1511; x_wconf 83' lang='lat' dir='ltr'><strong>pro-</strong></span> 
     </span>
    </p>
   </div>
   <div class='ocr_carea' id='block_1_76' title="bbox 959 1523 1746 1559">
    <p class='ocr_par' dir='ltr' id='par_1_76' title="bbox 959 1523 1746 1559">
     <span class='ocr_line' id='line_1_76' title="bbox 959 1523 1746 1559; baseline -0.001 -9"><span class='ocrx_word' id='word_1_571' title='bbox 959 1531 1091 1559; x_wconf 80' lang='lat' dir='ltr'><strong>gressam,</strong></span> <span class='ocrx_word' id='word_1_572' title='bbox 1108 1524 1252 1558; x_wconf 75' lang='lat' dir='ltr'><strong>impetrato</strong></span> <span class='ocrx_word' id='word_1_573' title='bbox 1269 1524 1385 1558; x_wconf 90' lang='lat' dir='ltr'><strong>primum</strong></span> <span class='ocrx_word' id='word_1_574' title='bbox 1399 1523 1432 1550; x_wconf 83' lang='lat' dir='ltr'><strong>ad</strong></span> <span class='ocrx_word' id='word_1_575' title='bbox 1448 1523 1591 1558; x_wconf 82' lang='lat' dir='ltr'><strong>lugendam</strong></span> <span class='ocrx_word' id='word_1_576' title='bbox 1604 1523 1746 1558; x_wconf 80' lang='lat' dir='ltr'><strong>virginita—</strong></span> 
     </span>
    </p>
   </div>
   <div class='ocr_carea' id='block_1_77' title="bbox 959 1567 1746 1604">
    <p class='ocr_par' dir='ltr' id='par_1_77' title="bbox 959 1567 1746 1604">
     <span class='ocr_line' id='line_1_77' title="bbox 959 1567 1746 1604; baseline -0.001 -8"><span class='ocrx_word' id='word_1_577' title='bbox 959 1574 1013 1597; x_wconf 90' lang='lat' dir='ltr'><strong>tem</strong></span> <span class='ocrx_word' id='word_1_578' title='bbox 1026 1569 1149 1597; x_wconf 85' lang='lat' dir='ltr'><strong>bimestri</strong></span> <span class='ocrx_word' id='word_1_579' title='bbox 1162 1569 1259 1604; x_wconf 88' lang='lat' dir='ltr'><strong>spatio,</strong></span> <span class='ocrx_word' id='word_1_580' title='bbox 1273 1569 1467 1596; x_wconf 88' lang='lat' dir='ltr'><strong>immolandam</strong></span> <span class='ocrx_word' id='word_1_581' title='bbox 1481 1569 1589 1596; x_wconf 87' lang='lat' dir='ltr'><strong>obtulit.</strong></span> <span class='ocrx_word' id='word_1_582' title='bbox 1609 1567 1746 1596; x_wconf 82' lang='lat' dir='ltr'><strong>Judicavit</strong></span> 
     </span>
    </p>
   </div>
   <div class='ocr_carea' id='block_1_78' title="bbox 960 1615 1746 1650">
    <p class='ocr_par' dir='ltr' id='par_1_78' title="bbox 960 1615 1746 1650">
     <span class='ocr_line' id='line_1_78' title="bbox 960 1615 1746 1650; baseline 0 -7"><span class='ocrx_word' id='word_1_583' title='bbox 960 1619 1049 1643; x_wconf 89' lang='lat' dir='ltr'><strong>autem</strong></span> <span class='ocrx_word' id='word_1_584' title='bbox 1079 1616 1209 1650; x_wconf 88' lang='lat' dir='ltr'><strong>populum</strong></span> <span class='ocrx_word' id='word_1_585' title='bbox 1231 1623 1317 1643; x_wconf 80' lang='lat' dir='ltr'><strong>annos</strong></span> <span class='ocrx_word' id='word_1_586' title='bbox 1339 1623 1397 1644; x_wconf 82' lang='lat' dir='ltr'><strong>sex.</strong></span> <span class='ocrx_word' id='word_1_587' title='bbox 1428 1615 1526 1643; x_wconf 84' lang='lat' dir='ltr'><strong>Postea</strong></span> <span class='ocrx_word' id='word_1_588' title='bbox 1553 1615 1667 1643; x_wconf 63' lang='lat' dir='ltr'><strong>Abatsan</strong></span> <span class='ocrx_word' id='word_1_589' title='bbox 1694 1615 1746 1643; x_wconf 63' lang='lat' dir='ltr'><strong>lle--</strong></span> 
     </span>
    </p>
   </div>
   <div class='ocr_carea' id='block_1_79' title="bbox 959 1661 1745 1697">
    <p class='ocr_par' dir='ltr' id='par_1_79' title="bbox 959 1661 1745 1697">
     <span class='ocr_line' id='line_1_79' title="bbox 959 1661 1745 1697; baseline -0.001 -8"><span class='ocrx_word' id='word_1_590' title='bbox 959 1662 1115 1694; x_wconf 81' lang='lat' dir='ltr'><strong>thlcemita,</strong></span> <span class='ocrx_word' id='word_1_591' title='bbox 1136 1662 1268 1696; x_wconf 83' lang='lat' dir='ltr'><strong>judicavit</strong></span> <span class='ocrx_word' id='word_1_592' title='bbox 1288 1669 1376 1689; x_wconf 86' lang='lat' dir='ltr'><strong>annos</strong></span> <span class='ocrx_word' id='word_1_593' title='bbox 1404 1665 1517 1697; x_wconf 77' lang='lat' dir='ltr'><strong>septem.</strong></span> <span class='ocrx_word' id='word_1_594' title='bbox 1547 1661 1647 1688; x_wconf 84' lang='lat' dir='ltr'><strong>Deinde</strong></span> <span class='ocrx_word' id='word_1_595' title='bbox 1665 1661 1745 1688; x_wconf 87' lang='lat' dir='ltr'><strong>Ailon</strong></span> 
     </span>
    </p>
   </div>
   <div class='ocr_carea' id='block_1_80' title="bbox 959 1706 1747 1734">
    <p class='ocr_par' dir='ltr' id='par_1_80' title="bbox 959 1706 1747 1734">
     <span class='ocr_line' id='line_1_80' title="bbox 959 1706 1747 1734; baseline -0.003 0"><span class='ocrx_word' id='word_1_596' title='bbox 959 1707 1133 1734; x_wconf 87' lang='lat' dir='ltr'><strong>Zabulonites</strong></span> <span class='ocrx_word' id='word_1_597' title='bbox 1147 1714 1233 1734; x_wconf 89' lang='lat' dir='ltr'><strong>annos</strong></span> <span class='ocrx_word' id='word_1_598' title='bbox 1247 1706 1350 1734; x_wconf 87' lang='lat' dir='ltr'><strong>decem.</strong></span> <span class='ocrx_word' id='word_1_599' title='bbox 1364 1706 1429 1734; x_wconf 84' lang='lat' dir='ltr'><strong>Post</strong></span> <span class='ocrx_word' id='word_1_600' title='bbox 1451 1707 1526 1733; x_wconf 92' lang='lat' dir='ltr'><strong>illum</strong></span> <span class='ocrx_word' id='word_1_601' title='bbox 1542 1706 1652 1733; x_wconf 86' lang='lat' dir='ltr'><strong>Labdon</strong></span> <span class='ocrx_word' id='word_1_602' title='bbox 1676 1706 1747 1733; x_wconf 84' lang='lat' dir='ltr'><strong>Pha-</strong></span> 
     </span>
    </p>
   </div>
   <div class='ocr_carea' id='block_1_81' title="bbox 959 1752 1746 1787">
    <p class='ocr_par' dir='ltr' id='par_1_81' title="bbox 959 1752 1746 1787">
     <span class='ocr_line' id='line_1_81' title="bbox 959 1752 1746 1787; baseline 0 -7"><span class='ocrx_word' id='word_1_603' title='bbox 959 1753 1110 1781; x_wconf 87' lang='lat' dir='ltr'><strong>rathonites</strong></span> <span class='ocrx_word' id='word_1_604' title='bbox 1128 1753 1207 1787; x_wconf 77' lang='lat'><strong>108</strong></span> <span class='ocrx_word' id='word_1_605' title='bbox 1231 1760 1317 1780; x_wconf 85' lang='lat' dir='ltr'><strong>annos</strong></span> <span class='ocrx_word' id='word_1_606' title='bbox 1341 1757 1413 1780; x_wconf 82' lang='lat' dir='ltr'><strong>Octo.</strong></span> <span class='ocrx_word' id='word_1_607' title='bbox 1436 1752 1536 1780; x_wconf 86' lang='lat' dir='ltr'><strong>Postea</strong></span> <span class='ocrx_word' id='word_1_608' title='bbox 1565 1752 1691 1785; x_wconf 82' lang='lat' dir='ltr'><strong>Samson,</strong></span> <span class='ocrx_word' id='word_1_609' title='bbox 1711 1752 1746 1780; x_wconf 84' lang='lat' dir='ltr'><strong>de</strong></span> 
     </span>
    </p>
   </div>
   <div class='ocr_carea' id='block_1_82' title="bbox 959 1799 1746 1834">
    <p class='ocr_par' dir='ltr' id='par_1_82' title="bbox 959 1799 1746 1834">
     <span class='ocr_line' id='line_1_82' title="bbox 959 1799 1746 1834; baseline 0 -8"><span class='ocrx_word' id='word_1_610' title='bbox 959 1800 1043 1834; x_wconf 84' lang='lat' dir='ltr'><strong>stirpe</strong></span> <span class='ocrx_word' id='word_1_611' title='bbox 1069 1799 1136 1826; x_wconf 90' lang='lat' dir='ltr'><strong>Dan.</strong></span> <span class='ocrx_word' id='word_1_612' title='bbox 1166 1799 1215 1825; x_wconf 86' lang='lat' dir='ltr'><strong>llic</strong></span> <span class='ocrx_word' id='word_1_613' title='bbox 1241 1799 1267 1825; x_wconf 93' lang='lat' dir='ltr'><strong>in</strong></span> <span class='ocrx_word' id='word_1_614' title='bbox 1286 1799 1441 1826; x_wconf 83' lang='lat' dir='ltr'><strong>mandibula</strong></span> <span class='ocrx_word' id='word_1_615' title='bbox 1458 1799 1538 1830; x_wconf 86' lang='lat' dir='ltr'><strong>asini,</strong></span> <span class='ocrx_word' id='word_1_616' title='bbox 1554 1799 1690 1826; x_wconf 88' lang='lat' dir='ltr'><strong>interdum</strong></span> <span class='ocrx_word' id='word_1_617' title='bbox 1719 1804 1746 1826; x_wconf 78' lang='lat' dir='ltr'><strong>et</strong></span> 
     </span>
    </p>
   </div>
   <div class='ocr_carea' id='block_1_83' title="bbox 959 1844 1746 1880">
    <p class='ocr_par' dir='ltr' id='par_1_83' title="bbox 959 1844 1746 1880">
     <span class='ocr_line' id='line_1_83' title="bbox 959 1844 1746 1880; baseline -0.001 -8"><span class='ocrx_word' id='word_1_618' title='bbox 959 1845 1046 1880; x_wconf 78' lang='lat' dir='ltr'><strong>virga,</strong></span> <span class='ocrx_word' id='word_1_619' title='bbox 1056 1844 1203 1879; x_wconf 88' lang='lat' dir='ltr'><strong>aliquando</strong></span> <span class='ocrx_word' id='word_1_620' title='bbox 1216 1844 1299 1871; x_wconf 88' lang='lat' dir='ltr'><strong>etiam</strong></span> <span class='ocrx_word' id='word_1_621' title='bbox 1313 1844 1444 1872; x_wconf 88' lang='lat' dir='ltr'><strong>immissis</strong></span> <span class='ocrx_word' id='word_1_622' title='bbox 1455 1844 1593 1879; x_wconf 75' lang='lat' dir='ltr'><strong>vulpibus,</strong></span> <span class='ocrx_word' id='word_1_623' title='bbox 1606 1849 1633 1872; x_wconf 84' lang='lat' dir='ltr'><strong>et</strong></span> <span class='ocrx_word' id='word_1_624' title='bbox 1653 1845 1746 1872; x_wconf 84' lang='lat' dir='ltr'><strong>novis-</strong></span> 
     </span>
    </p>
   </div>
   <div class='ocr_carea' id='block_1_84' title="bbox 959 1890 1746 1926">
    <p class='ocr_par' dir='ltr' id='par_1_84' title="bbox 959 1890 1746 1926">
     <span class='ocr_line' id='line_1_84' title="bbox 959 1890 1746 1926; baseline -0.001 -8"><span class='ocrx_word' id='word_1_625' title='bbox 959 1891 1028 1918; x_wconf 88' lang='lat' dir='ltr'><strong>sime</strong></span> <span class='ocrx_word' id='word_1_626' title='bbox 1055 1898 1103 1926; x_wconf 89' lang='lat' dir='ltr'><strong>per</strong></span> <span class='ocrx_word' id='word_1_627' title='bbox 1124 1891 1230 1917; x_wconf 86' lang='lat' dir='ltr'><strong>ruinam</strong></span> <span class='ocrx_word' id='word_1_628' title='bbox 1246 1890 1353 1921; x_wconf 81' lang='lat' dir='ltr'><strong>domus,</strong></span> <span class='ocrx_word' id='word_1_629' title='bbox 1371 1890 1522 1918; x_wconf 76' lang='lat' dir='ltr'><strong>Philistaaos</strong></span> <span class='ocrx_word' id='word_1_630' title='bbox 1546 1891 1698 1926; x_wconf 81' lang='lat' dir='ltr'><strong>percussit,</strong></span> <span class='ocrx_word' id='word_1_631' title='bbox 1730 1898 1746 1917; x_wconf 89' lang='lat' dir='ltr'><strong>a</strong></span> 
     </span>
    </p>
   </div>
   <div class='ocr_carea' id='block_1_85' title="bbox 959 1936 1746 1971">
    <p class='ocr_par' dir='ltr' id='par_1_85' title="bbox 959 1936 1746 1971">
     <span class='ocr_line' id='line_1_85' title="bbox 959 1936 1746 1971; baseline 0 -9"><span class='ocrx_word' id='word_1_632' title='bbox 959 1937 1058 1971; x_wconf 88' lang='lat' dir='ltr'><strong>quibus</strong></span> <span class='ocrx_word' id='word_1_633' title='bbox 1071 1936 1153 1963; x_wconf 79' lang='lat' dir='ltr'><strong>Israel</strong></span> <span class='ocrx_word' id='word_1_634' title='bbox 1174 1937 1289 1964; x_wconf 78' lang='lat' dir='ltr'><strong>alﬂictus</strong></span> <span class='ocrx_word' id='word_1_635' title='bbox 1317 1936 1405 1964; x_wconf 81' lang='lat' dir='ltr'><strong>fuerat</strong></span> <span class='ocrx_word' id='word_1_636' title='bbox 1433 1944 1519 1964; x_wconf 87' lang='lat' dir='ltr'><strong>annos</strong></span> <span class='ocrx_word' id='word_1_637' title='bbox 1535 1938 1580 1963; x_wconf 72' lang='grc'><strong>40.</strong></span> <span class='ocrx_word' id='word_1_638' title='bbox 1608 1936 1746 1964; x_wconf 79' lang='lat' dir='ltr'><strong>Judicavit</strong></span> 
     </span>
    </p>
   </div>
   <div class='ocr_carea' id='block_1_86' title="bbox 960 1981 1746 2018">
    <p class='ocr_par' dir='ltr' id='par_1_86' title="bbox 960 1981 1746 2018">
     <span class='ocr_line' id='line_1_86' title="bbox 960 1981 1746 2018; baseline -0.001 -8"><span class='ocrx_word' id='word_1_639' title='bbox 960 1988 1049 2010; x_wconf 90' lang='lat' dir='ltr'><strong>autem</strong></span> <span class='ocrx_word' id='word_1_640' title='bbox 1075 1981 1200 2010; x_wconf 86' lang='lat' dir='ltr'><strong>lsraelem</strong></span> <span class='ocrx_word' id='word_1_641' title='bbox 1226 1990 1312 2010; x_wconf 88' lang='lat' dir='ltr'><strong>annos</strong></span> <span class='ocrx_word' id='word_1_642' title='bbox 1325 1983 1370 2010; x_wconf 71' lang='grc'><strong>20.</strong></span> <span class='ocrx_word' id='word_1_643' title='bbox 1388 1982 1508 2010; x_wconf 85' lang='lat' dir='ltr'><strong>Fuerunt</strong></span> <span class='ocrx_word' id='word_1_644' title='bbox 1523 1987 1613 2018; x_wconf 85' lang='lat' dir='ltr'><strong>Itaque</strong></span> <span class='ocrx_word' id='word_1_645' title='bbox 1638 1983 1746 2017; x_wconf 85' lang='lat' dir='ltr'><strong>judiccs</strong></span> 
     </span>
    </p>
   </div>
   <div class='ocr_carea' id='block_1_87' title="bbox 959 2027 1743 2061">
    <p class='ocr_par' dir='ltr' id='par_1_87' title="bbox 959 2027 1743 2061">
     <span class='ocr_line' id='line_1_87' title="bbox 959 2027 1743 2061; baseline 0.003 -7"><span class='ocrx_word' id='word_1_646' title='bbox 959 2027 1067 2056; x_wconf 87' lang='lat' dir='ltr'><strong>lsraelis</strong></span> <span class='ocrx_word' id='word_1_647' title='bbox 1081 2036 1194 2055; x_wconf 87' lang='lat' dir='ltr'><strong>numero</strong></span> <span class='ocrx_word' id='word_1_648' title='bbox 1210 2029 1257 2061; x_wconf 78' lang='grc'>15,</span> <span class='ocrx_word' id='word_1_649' title='bbox 1275 2029 1338 2055; x_wconf 85' lang='lat' dir='ltr'><strong>anni</strong></span> <span class='ocrx_word' id='word_1_650' title='bbox 1355 2036 1420 2056; x_wconf 89' lang='lat' dir='ltr'><strong>vero</strong></span> <span class='ocrx_word' id='word_1_651' title='bbox 1434 2029 1541 2056; x_wconf 91' lang='lat' dir='ltr'><strong>illorum</strong></span> <span class='ocrx_word' id='word_1_652' title='bbox 1558 2028 1669 2056; x_wconf 69' lang='lat' dir='ltr'><strong>fuerunt</strong></span> <span class='ocrx_word' id='word_1_653' title='bbox 1681 2029 1743 2057; x_wconf 66' lang='lat' dir='ltr'><strong>4H.</strong></span> 
     </span>
    </p>
   </div>
   <div class='ocr_carea' id='block_1_88' title="bbox 1204 2085 1498 2119">
    <p class='ocr_par' dir='ltr' id='par_1_88' title="bbox 1204 2085 1498 2119">
     <span class='ocr_line' id='line_1_88' title="bbox 1204 2085 1498 2119; baseline 0.003 -7"><span class='ocrx_word' id='word_1_654' title='bbox 1204 2085 1282 2113; x_wconf 80' lang='lat' dir='ltr'><strong>Liber</strong></span> <span class='ocrx_word' id='word_1_655' title='bbox 1308 2086 1378 2113; x_wconf 78' lang='lat' dir='ltr'><strong>VIII</strong></span> <span class='ocrx_word' id='word_1_656' title='bbox 1391 2108 1398 2119; x_wconf 87' lang='lat'><strong>,</strong></span> <span class='ocrx_word' id='word_1_657' title='bbox 1418 2087 1498 2114; x_wconf 84' lang='lat' dir='ltr'><strong>Rulli.</strong></span> 
     </span>
    </p>
   </div>
   <div class='ocr_carea' id='block_1_89' title="bbox 995 2131 1745 2167">
    <p class='ocr_par' dir='ltr' id='par_1_89' title="bbox 995 2131 1745 2167">
     <span class='ocr_line' id='line_1_89' title="bbox 995 2131 1745 2167; baseline 0 -9"><span class='ocrx_word' id='word_1_658' title='bbox 995 2131 1039 2159; x_wconf 71' lang='grc'><strong>12.</strong></span> <span class='ocrx_word' id='word_1_659' title='bbox 1056 2131 1096 2158; x_wconf 84' lang='lat' dir='ltr'><strong>Ita</strong></span> <span class='ocrx_word' id='word_1_660' title='bbox 1107 2134 1220 2158; x_wconf 87' lang='lat' dir='ltr'><strong>vocatur</strong></span> <span class='ocrx_word' id='word_1_661' title='bbox 1247 2132 1290 2158; x_wconf 90' lang='lat' dir='ltr'><strong>hic</strong></span> <span class='ocrx_word' id='word_1_662' title='bbox 1316 2132 1402 2164; x_wconf 91' lang='lat' dir='ltr'><strong>liber,</strong></span> <span class='ocrx_word' id='word_1_663' title='bbox 1425 2133 1496 2167; x_wconf 82' lang='lat' dir='ltr'><strong>quod</strong></span> <span class='ocrx_word' id='word_1_664' title='bbox 1514 2132 1654 2158; x_wconf 84' lang='lat' dir='ltr'><strong>historiam</strong></span> <span class='ocrx_word' id='word_1_665' title='bbox 1672 2131 1745 2159; x_wconf 75' lang='lat' dir='ltr'><strong>Ruth</strong></span> 
     </span>
    </p>
   </div>
   <div class='ocr_carea' id='block_1_90' title="bbox 959 2172 1745 2212">
    <p class='ocr_par' dir='ltr' id='par_1_90' title="bbox 959 2172 1745 2212">
     <span class='ocr_line' id='line_1_90' title="bbox 959 2172 1745 2212; baseline 0 -9"><span class='ocrx_word' id='word_1_666' title='bbox 959 2172 1063 2203; x_wconf 67' lang='lat' dir='ltr'><strong>tantum</strong></span> <span class='ocrx_word' id='word_1_667' title='bbox 1081 2178 1286 2212; x_wconf 86' lang='lat' dir='ltr'><strong>complectatur.</strong></span> <span class='ocrx_word' id='word_1_668' title='bbox 1304 2177 1352 2205; x_wconf 82' lang='lat' dir='ltr'><strong>Est</strong></span> <span class='ocrx_word' id='word_1_669' title='bbox 1370 2181 1459 2204; x_wconf 86' lang='lat' dir='ltr'><strong>autem</strong></span> <span class='ocrx_word' id='word_1_670' title='bbox 1475 2177 1546 2204; x_wconf 80' lang='lat' dir='ltr'><strong>Ruth</strong></span> <span class='ocrx_word' id='word_1_671' title='bbox 1561 2185 1659 2210; x_wconf 73' lang='lat' dir='ltr'><strong>genere</strong></span> <span class='ocrx_word' id='word_1_672' title='bbox 1672 2176 1745 2203; x_wconf 60' lang='lat' dir='ltr'><strong>Mea-</strong></span> 
     </span>
    </p>
   </div>
   <div class='ocr_carea' id='block_1_91' title="bbox 125 2220 908 2259">
    <p class='ocr_par' dir='ltr' id='par_1_91' title="bbox 125 2221 908 2259">
     <span class='ocr_line' id='line_1_91' title="bbox 125 2221 908 2259; baseline 0 -10"><span class='ocrx_word' id='word_1_673' title='bbox 125 2222 203 2249; x_wconf 76' lang='grc' dir='ltr'><strong>Ῥοὺο</strong></span> <span class='ocrx_word' id='word_1_674' title='bbox 229 2221 260 2248; x_wconf 80' lang='grc' dir='ltr'><strong>τὸ</strong></span> <span class='ocrx_word' id='word_1_675' title='bbox 285 2221 333 2256; x_wconf 77' lang='grc' dir='ltr'>μὲν</span> <span class='ocrx_word' id='word_1_676' title='bbox 358 2221 436 2255; x_wconf 78' lang='grc' dir='ltr'><strong>γένος</strong></span> <span class='ocrx_word' id='word_1_677' title='bbox 458 2223 597 2254; x_wconf 74' lang='grc' dir='ltr'>Μωαϐῖτις</span> <span class='ocrx_word' id='word_1_678' title='bbox 611 2243 618 2254; x_wconf 90' lang='grc'><strong>,</strong></span> <span class='ocrx_word' id='word_1_679' title='bbox 636 2223 683 2249; x_wconf 73' lang='grc' dir='ltr'><strong>καὶ</strong></span> <span class='ocrx_word' id='word_1_680' title='bbox 701 2224 729 2249; x_wconf 83' lang='grc' dir='ltr'>ὲν</span> <span class='ocrx_word' id='word_1_681' title='bbox 750 2222 908 2259; x_wconf 75' lang='grc' dir='ltr'>σωφροσύνῃ</span> 
     </span>
    </p>
   </div>
   <div class='ocr_carea' id='block_1_92' title="bbox 961 2220 1747 2259">
    <p class='ocr_par' dir='ltr' id='par_1_92' title="bbox 962 2222 1747 2257">
     <span class='ocr_line' id='line_1_92' title="bbox 962 2222 1747 2257; baseline 0 -8"><span class='ocrx_word' id='word_1_682' title='bbox 962 2222 1036 2256; x_wconf 88' lang='lat' dir='ltr'><strong>bitis,</strong></span> <span class='ocrx_word' id='word_1_683' title='bbox 1054 2223 1180 2250; x_wconf 88' lang='lat' dir='ltr'><strong>castitate</strong></span> <span class='ocrx_word' id='word_1_684' title='bbox 1196 2231 1259 2250; x_wconf 91' lang='lat' dir='ltr'><strong>vero</strong></span> <span class='ocrx_word' id='word_1_685' title='bbox 1282 2223 1366 2250; x_wconf 78' lang='lat' dir='ltr'><strong>clara.</strong></span> <span class='ocrx_word' id='word_1_686' title='bbox 1385 2222 1487 2250; x_wconf 80' lang='lat' dir='ltr'><strong>Relicta</strong></span> <span class='ocrx_word' id='word_1_687' title='bbox 1510 2223 1672 2257; x_wconf 79' lang='lat' dir='ltr'><strong>cognatione</strong></span> <span class='ocrx_word' id='word_1_688' title='bbox 1697 2230 1747 2257; x_wconf 88' lang='lat' dir='ltr'><strong>pa-</strong></span> 
     </span>
    </p>
   </div>
   <div class='ocr_carea' id='block_1_93' title="bbox 120 2265 906 2302">
    <p class='ocr_par' dir='ltr' id='par_1_93' title="bbox 120 2265 906 2302">
     <span class='ocr_line' id='line_1_93' title="bbox 120 2265 906 2302; baseline 0 -10"><span class='ocrx_word' id='word_1_689' title='bbox 120 2266 302 2302; x_wconf 63' lang='grc' dir='ltr'><strong>διαπρέψασα.</strong></span> <span class='ocrx_word' id='word_1_690' title='bbox 324 2265 526 2302; x_wconf 78' lang='grc' dir='ltr'>Ἀποταξαμένη</span> <span class='ocrx_word' id='word_1_691' title='bbox 543 2267 571 2292; x_wconf 81' lang='grc' dir='ltr'><strong>δὲ</strong></span> <span class='ocrx_word' id='word_1_692' title='bbox 592 2268 624 2302; x_wconf 84' lang='grc' dir='ltr'>τῇ</span> <span class='ocrx_word' id='word_1_693' title='bbox 650 2267 793 2302; x_wconf 70' lang='grc' dir='ltr'>συγγενείᾳ</span> <span class='ocrx_word' id='word_1_694' title='bbox 812 2267 858 2293; x_wconf 70' lang='grc' dir='ltr'><strong>καὶ</strong></span> <span class='ocrx_word' id='word_1_695' title='bbox 874 2268 906 2302; x_wconf 86' lang='grc' dir='ltr'>τῇ</span> 
     </span>
    </p>
   </div>
   <div class='ocr_carea' id='block_1_94' title="bbox 121 2311 908 2347">
    <p class='ocr_par' dir='ltr' id='par_1_94' title="bbox 121 2311 908 2347">
     <span class='ocr_line' id='line_1_94' title="bbox 121 2311 908 2347; baseline -0.001 -8"><span class='ocrx_word' id='word_1_696' title='bbox 121 2313 239 2347; x_wconf 78' lang='grc' dir='ltr'>πατρικῇ</span> <span class='ocrx_word' id='word_1_697' title='bbox 253 2312 454 2347; x_wconf 73' lang='grc' dir='ltr'><strong>δεισιδαιμονίᾳ,</strong></span> <span class='ocrx_word' id='word_1_698' title='bbox 471 2311 616 2347; x_wconf 74' lang='grc' dir='ltr'>μετέϐαλεν</span> <span class='ocrx_word' id='word_1_699' title='bbox 631 2313 670 2343; x_wconf 80' lang='grc' dir='ltr'><strong>εἰς</strong></span> <span class='ocrx_word' id='word_1_700' title='bbox 685 2311 851 2342; x_wconf 75' lang='grc' dir='ltr'><strong>θεοσέϐειαν,</strong></span> <span class='ocrx_word' id='word_1_701' title='bbox 861 2312 908 2338; x_wconf 76' lang='grc' dir='ltr'><strong>καὶ</strong></span> 
     </span>
    </p>
   </div>
   <div class='ocr_carea' id='block_1_95' title="bbox 122 2357 908 2394">
    <p class='ocr_par' dir='ltr' id='par_1_95' title="bbox 122 2357 908 2394">
     <span class='ocr_line' id='line_1_95' title="bbox 122 2357 908 2394; baseline 0 -10"><span class='ocrx_word' id='word_1_702' title='bbox 122 2357 252 2393; x_wconf 82' lang='grc' dir='ltr'>μετῆλθεν</span> <span class='ocrx_word' id='word_1_703' title='bbox 268 2357 348 2389; x_wconf 78' lang='grc' dir='ltr'>εὐθὺς</span> <span class='ocrx_word' id='word_1_704' title='bbox 366 2359 405 2389; x_wconf 78' lang='grc' dir='ltr'><strong>εἰς</strong></span> <span class='ocrx_word' id='word_1_705' title='bbox 429 2358 552 2393; x_wconf 76' lang='grc' dir='ltr'>Βηθλεὲμ</span> <span class='ocrx_word' id='word_1_706' title='bbox 576 2358 626 2394; x_wconf 80' lang='grc' dir='ltr'><strong>τῆς</strong></span> <span class='ocrx_word' id='word_1_707' title='bbox 648 2358 792 2390; x_wconf 78' lang='grc' dir='ltr'><strong>Ἰουδαίας,</strong></span> <span class='ocrx_word' id='word_1_708' title='bbox 808 2359 866 2384; x_wconf 80' lang='grc' dir='ltr'>ἐκεῖ</span> <span class='ocrx_word' id='word_1_709' title='bbox 878 2366 908 2383; x_wconf 86' lang='grc' dir='ltr'><strong>τε</strong></span> 
     </span>
    </p>
   </div>
   <div class='ocr_carea' id='block_1_96' title="bbox 122 2404 908 2440">
    <p class='ocr_par' dir='ltr' id='par_1_96' title="bbox 122 2404 908 2440">
     <span class='ocr_line' id='line_1_96' title="bbox 122 2404 908 2440; baseline 0.001 -10"><span class='ocrx_word' id='word_1_710' title='bbox 122 2404 235 2439; x_wconf 76' lang='grc' dir='ltr'><strong>ἐζεύχθη</strong></span> <span class='ocrx_word' id='word_1_711' title='bbox 254 2404 293 2439; x_wconf 83' lang='grc' dir='ltr'>τῷ</span> <span class='ocrx_word' id='word_1_712' title='bbox 314 2404 381 2436; x_wconf 61' lang='lat' dir='ltr'><strong>Bob;</strong></span> <span class='ocrx_word' id='word_1_713' title='bbox 406 2405 438 2430; x_wconf 81' lang='grc' dir='ltr'>ὲκ</span> <span class='ocrx_word' id='word_1_714' title='bbox 458 2404 546 2438; x_wconf 75' lang='grc' dir='ltr'>φυλῆς</span> <span class='ocrx_word' id='word_1_715' title='bbox 576 2404 661 2431; x_wconf 78' lang='grc' dir='ltr'>Ἰούδα</span> <span class='ocrx_word' id='word_1_716' title='bbox 673 2405 844 2440; x_wconf 76' lang='grc' dir='ltr'><strong>τυγχάνοντι,</strong></span> <span class='ocrx_word' id='word_1_717' title='bbox 861 2405 908 2431; x_wconf 69' lang='grc' dir='ltr'>καὶ</span> 
     </span>
    </p>
   </div>
   <div class='ocr_carea' id='block_1_97' title="bbox 121 2447 909 2485">
    <p class='ocr_par' dir='ltr' id='par_1_97' title="bbox 121 2447 909 2485">
     <span class='ocr_line' id='line_1_97' title="bbox 121 2447 909 2485; baseline 0 -10"><span class='ocrx_word' id='word_1_718' title='bbox 121 2449 212 2475; x_wconf 78' lang='grc' dir='ltr'>λοιπὸν</span> <span class='ocrx_word' id='word_1_719' title='bbox 234 2448 263 2481; x_wconf 77' lang='grc' dir='ltr'><strong>ἐξ</strong></span> <span class='ocrx_word' id='word_1_720' title='bbox 278 2449 362 2485; x_wconf 80' lang='grc' dir='ltr'>αὐτῆς</span> <span class='ocrx_word' id='word_1_721' title='bbox 386 2449 584 2483; x_wconf 80' lang='grc' dir='ltr'>γενεαλογεῖται</span> <span class='ocrx_word' id='word_1_722' title='bbox 598 2450 611 2475; x_wconf 84' lang='grc' dir='ltr'>ὁ</span> <span class='ocrx_word' id='word_1_723' title='bbox 627 2449 708 2475; x_wconf 75' lang='grc' dir='ltr'>Δαῦὶδ</span> <span class='ocrx_word' id='word_1_724' title='bbox 737 2449 822 2475; x_wconf 75' lang='grc' dir='ltr'>οὕτω·</span> <span class='ocrx_word' id='word_1_725' title='bbox 842 2447 909 2480; x_wconf 60' lang='lat' dir='ltr'><strong>Bob;</strong></span> 
     </span>
    </p>
   </div>
   <div class='ocr_carea' id='block_1_98' title="bbox 121 2494 907 2530">
    <p class='ocr_par' dir='ltr' id='par_1_98' title="bbox 121 2494 907 2530">
     <span class='ocr_line' id='line_1_98' title="bbox 121 2494 907 2530; baseline -0.001 -9"><span class='ocrx_word' id='word_1_726' title='bbox 121 2495 152 2521; x_wconf 69' lang='grc' dir='ltr'><strong>ἇκ</strong></span> <span class='ocrx_word' id='word_1_727' title='bbox 165 2496 214 2530; x_wconf 82' lang='grc' dir='ltr'>τῆς</span> <span class='ocrx_word' id='word_1_728' title='bbox 234 2495 310 2521; x_wconf 74' lang='grc' dir='ltr'><strong>Ῥοὺθ</strong></span> <span class='ocrx_word' id='word_1_729' title='bbox 323 2495 404 2530; x_wconf 83' lang='grc' dir='ltr'>γεννᾷ</span> <span class='ocrx_word' id='word_1_730' title='bbox 418 2495 462 2521; x_wconf 72' lang='grc' dir='ltr'><strong>τὸν</strong></span> <span class='ocrx_word' id='word_1_731' title='bbox 483 2495 562 2530; x_wconf 78' lang='grc' dir='ltr'><strong>Ὠϐήδ</strong></span> <span class='ocrx_word' id='word_1_732' title='bbox 575 2504 582 2510; x_wconf 86' lang='grc'><strong>·</strong></span> <span class='ocrx_word' id='word_1_733' title='bbox 603 2495 682 2530; x_wconf 77' lang='grc' dir='ltr'><strong>Ὠὂὴδ</strong></span> <span class='ocrx_word' id='word_1_734' title='bbox 696 2495 724 2522; x_wconf 79' lang='grc' dir='ltr'><strong>δὲ</strong></span> <span class='ocrx_word' id='word_1_735' title='bbox 738 2495 783 2521; x_wconf 87' lang='grc' dir='ltr'>τὺν</span> <span class='ocrx_word' id='word_1_736' title='bbox 800 2494 907 2527; x_wconf 83' lang='grc' dir='ltr'><strong>Ἰεσσαί,</strong></span> 
     </span>
    </p>
   </div>
   <div class='ocr_carea' id='block_1_99' title="bbox 127 2540 433 2568">
    <p class='ocr_par' dir='ltr' id='par_1_99' title="bbox 127 2540 433 2568">
     <span class='ocr_line' id='line_1_99' title="bbox 127 2540 433 2568; baseline -0.007 0"><span class='ocrx_word' id='word_1_737' title='bbox 127 2542 226 2568; x_wconf 75' lang='grc' dir='ltr'>Ἰεσσαὶ</span> <span class='ocrx_word' id='word_1_738' title='bbox 239 2541 267 2567; x_wconf 83' lang='grc' dir='ltr'><strong>δὲ</strong></span> <span class='ocrx_word' id='word_1_739' title='bbox 282 2541 327 2567; x_wconf 76' lang='grc' dir='ltr'><strong>τὸν</strong></span> <span class='ocrx_word' id='word_1_740' title='bbox 343 2540 433 2567; x_wconf 80' lang='grc' dir='ltr'><strong>Δαϐίδ.</strong></span> 
     </span>
    </p>
   </div>
   <div class='ocr_carea' id='block_1_100' title="bbox 181 2585 847 2620">
    <p class='ocr_par' dir='ltr' id='par_1_100' title="bbox 181 2585 847 2620">
     <span class='ocr_line' id='line_1_100' title="bbox 181 2585 847 2620; baseline -0.002 -7"><span class='ocrx_word' id='word_1_741' title='bbox 181 2587 302 2614; x_wconf 77' lang='grc' dir='ltr'><strong>Βιϐλὶον</strong></span> <span class='ocrx_word' id='word_1_742' title='bbox 315 2588 349 2619; x_wconf 72' lang='grc' dir='ltr'><strong>θ’,</strong></span> <span class='ocrx_word' id='word_1_743' title='bbox 368 2585 521 2614; x_wconf 75' lang='grc' dir='ltr'>Βασιλεῖαι</span> <span class='ocrx_word' id='word_1_744' title='bbox 537 2585 636 2620; x_wconf 79' lang='grc' dir='ltr'>πρώτη</span> <span class='ocrx_word' id='word_1_745' title='bbox 649 2585 699 2612; x_wconf 73' lang='grc' dir='ltr'><strong>καὶ</strong></span> <span class='ocrx_word' id='word_1_746' title='bbox 715 2585 847 2619; x_wconf 80' lang='grc' dir='ltr'>δευτέρα.</span> 
     </span>
    </p>
   </div>
   <div class='ocr_carea' id='block_1_101' title="bbox 157 2632 907 2669">
    <p class='ocr_par' dir='ltr' id='par_1_101' title="bbox 157 2632 907 2669">
     <span class='ocr_line' id='line_1_101' title="bbox 157 2632 907 2669; baseline -0.004 -8"><span class='ocrx_word' id='word_1_747' title='bbox 157 2635 201 2661; x_wconf 76' lang='grc'><strong>15.</strong></span> <span class='ocrx_word' id='word_1_748' title='bbox 227 2633 363 2660; x_wconf 83' lang='grc' dir='ltr'>Βασιλεῖαι</span> <span class='ocrx_word' id='word_1_749' title='bbox 387 2633 547 2669; x_wconf 80' lang='grc' dir='ltr'>ὀνομάζεται</span> <span class='ocrx_word' id='word_1_750' title='bbox 568 2633 603 2660; x_wconf 77' lang='grc' dir='ltr'>τὰ</span> <span class='ocrx_word' id='word_1_751' title='bbox 626 2633 731 2668; x_wconf 76' lang='grc' dir='ltr'>βιὸλὶα,</span> <span class='ocrx_word' id='word_1_752' title='bbox 745 2633 836 2668; x_wconf 75' lang='grc' dir='ltr'>ἐπειδὴ</span> <span class='ocrx_word' id='word_1_753' title='bbox 860 2632 907 2659; x_wconf 77' lang='grc' dir='ltr'><strong>καὶ</strong></span> 
     </span>
    </p>
   </div>
   <div class='ocr_carea' id='block_1_102' title="bbox 122 2679 908 2716">
    <p class='ocr_par' dir='ltr' id='par_1_102' title="bbox 122 2679 908 2716">
     <span class='ocr_line' id='line_1_102' title="bbox 122 2679 908 2716; baseline -0.003 -10"><span class='ocrx_word' id='word_1_754' title='bbox 122 2680 172 2712; x_wconf 80' lang='grc' dir='ltr'><strong>τὰς</strong></span> <span class='ocrx_word' id='word_1_755' title='bbox 181 2680 292 2716; x_wconf 79' lang='grc' dir='ltr'>πράξεις</span> <span class='ocrx_word' id='word_1_756' title='bbox 302 2680 354 2707; x_wconf 82' lang='grc' dir='ltr'><strong>τῶν</strong></span> <span class='ocrx_word' id='word_1_757' title='bbox 367 2679 519 2716; x_wconf 79' lang='grc' dir='ltr'>γενομένων</span> <span class='ocrx_word' id='word_1_758' title='bbox 534 2679 666 2714; x_wconf 75' lang='grc' dir='ltr'><strong>βασιλέων</strong></span> <span class='ocrx_word' id='word_1_759' title='bbox 680 2679 708 2706; x_wconf 78' lang='grc' dir='ltr'>ἕν</span> <span class='ocrx_word' id='word_1_760' title='bbox 724 2687 753 2705; x_wconf 86' lang='grc' dir='ltr'><strong>τε</strong></span> <span class='ocrx_word' id='word_1_761' title='bbox 769 2679 808 2714; x_wconf 80' lang='grc' dir='ltr'>τῷ</span> <span class='ocrx_word' id='word_1_762' title='bbox 823 2679 908 2705; x_wconf 77' lang='grc' dir='ltr'><strong>Ἰούδα</strong></span> 
     </span>
    </p>
   </div>
   <div class='ocr_carea' id='block_1_103' title="bbox 123 2724 909 2761">
    <p class='ocr_par' dir='ltr' id='par_1_103' title="bbox 123 2724 909 2761">
     <span class='ocr_line' id='line_1_103' title="bbox 123 2724 909 2761; baseline -0.003 -9"><span class='ocrx_word' id='word_1_763' title='bbox 123 2727 170 2753; x_wconf 76' lang='grc' dir='ltr'>καὶ</span> <span class='ocrx_word' id='word_1_764' title='bbox 185 2725 224 2761; x_wconf 78' lang='grc' dir='ltr'>τῷ</span> <span class='ocrx_word' id='word_1_765' title='bbox 249 2725 368 2761; x_wconf 82' lang='grc' dir='ltr'>Ἰσραὴλ,</span> <span class='ocrx_word' id='word_1_766' title='bbox 385 2725 476 2752; x_wconf 80' lang='grc' dir='ltr'>καὶτὰ</span> <span class='ocrx_word' id='word_1_767' title='bbox 489 2725 536 2761; x_wconf 82' lang='grc' dir='ltr'><strong>ἔτη</strong></span> <span class='ocrx_word' id='word_1_768' title='bbox 552 2725 641 2752; x_wconf 71' lang='grc' dir='ltr'>αὐτῶν</span> <span class='ocrx_word' id='word_1_769' title='bbox 657 2725 788 2761; x_wconf 77' lang='grc' dir='ltr'>περιέχει.</span> <span class='ocrx_word' id='word_1_770' title='bbox 806 2724 909 2759; x_wconf 79' lang='grc' dir='ltr'><strong>Διείλη-</strong></span> 
     </span>
    </p>
   </div>
   <div class='ocr_carea' id='block_1_104' title="bbox 161 2793 906 2836">
    <p class='ocr_par' dir='ltr' id='par_1_104' title="bbox 161 2793 906 2836">
     <span class='ocr_line' id='line_1_104' title="bbox 161 2793 906 2836; baseline 0.001 -15"><span class='ocrx_word' id='word_1_771' title='bbox 216 2794 254 2827; x_wconf 90' lang='lat'><strong>0&#39;,</strong></span> <span class='ocrx_word' id='word_1_772' title='bbox 268 2794 414 2836; x_wconf 41' lang='lat' dir='ltr'><strong>.za&#39;ipeydp.</strong></span> <span class='ocrx_word' id='word_1_773' title='bbox 440 2793 499 2821; x_wconf 84' lang='lat' dir='ltr'><strong>Non</strong></span> <span class='ocrx_word' id='word_1_774' title='bbox 514 2794 614 2830; x_wconf 76' lang='lat' dir='ltr'><strong>legitur</strong></span> <span class='ocrx_word' id='word_1_775' title='bbox 627 2795 660 2836; x_wconf 46' lang='lat' dir='ltr'><strong>in.</strong></span> <span class='ocrx_word' id='word_1_776' title='bbox 675 2795 817 2836; x_wconf 73' lang='lat' dir='ltr'><strong>_Scr_iptura</strong></span> <span class='ocrx_word' id='word_1_777' title='bbox 835 2794 906 2830; x_wconf 89' lang='lat' dir='ltr'><strong>quod</strong></span> 
     </span>
    </p>
   </div>
   <div class='ocr_carea' id='block_1_105' title="bbox 125 2830 812 2866">
    <p class='ocr_par' dir='ltr' id='par_1_105' title="bbox 125 2830 812 2866">
     <span class='ocr_line' id='line_1_105' title="bbox 125 2830 812 2866; baseline -0.003 -8"><span class='ocrx_word' id='word_1_778' title='bbox 125 2830 287 2866; x_wconf 67' lang='lat' dir='ltr'><strong>iudicavi-rit</strong></span> <span class='ocrx_word' id='word_1_779' title='bbox 304 2830 429 2866; x_wconf 64' lang='lat' dir='ltr'><strong>Israelem</strong></span> <span class='ocrx_word' id='word_1_780' title='bbox 446 2837 517 2858; x_wconf 90' lang='lat' dir='ltr'><strong>anno</strong></span> <span class='ocrx_word' id='word_1_781' title='bbox 533 2838 599 2863; x_wconf 89' lang='lat' dir='ltr'><strong>uno,</strong></span> <span class='ocrx_word' id='word_1_782' title='bbox 616 2835 643 2857; x_wconf 89' lang='lat' dir='ltr'><strong>ut</strong></span> <span class='ocrx_word' id='word_1_783' title='bbox 656 2830 699 2857; x_wconf 91' lang='lat' dir='ltr'><strong>hic</strong></span> <span class='ocrx_word' id='word_1_784' title='bbox 717 2830 812 2858; x_wconf 79' lang='lat' dir='ltr'><strong>fertur.</strong></span> 
     </span>
    </p>
   </div>
   <div class='ocr_carea' id='block_1_106' title="bbox 164 2865 407 2901">
    <p class='ocr_par' dir='ltr' id='par_1_106' title="bbox 164 2865 407 2901">
     <span class='ocr_line' id='line_1_106' title="bbox 164 2865 407 2901; baseline -0.004 -8"><span class='ocrx_word' id='word_1_785' title='bbox 164 2866 201 2901; x_wconf 84' lang='grc'><strong>(6)</strong></span> <span class='ocrx_word' id='word_1_786' title='bbox 216 2865 252 2897; x_wconf 90' lang='lat'><strong>0&#39;,</strong></span> <span class='ocrx_word' id='word_1_787' title='bbox 274 2865 407 2901; x_wconf 78' lang='grc' dir='ltr'><strong>Ἀϐινεέμ.</strong></span> 
     </span>
    </p>
   </div>
   <div class='ocr_carea' id='block_1_107' title="bbox 960 2267 1745 2304">
    <p class='ocr_par' dir='ltr' id='par_1_107' title="bbox 960 2267 1745 2304">
     <span class='ocr_line' id='line_1_107' title="bbox 960 2267 1745 2304; baseline -0.001 -9"><span class='ocrx_word' id='word_1_788' title='bbox 960 2272 1092 2304; x_wconf 86' lang='lat' dir='ltr'><strong>ternaque</strong></span> <span class='ocrx_word' id='word_1_789' title='bbox 1109 2269 1315 2303; x_wconf 86' lang='lat' dir='ltr'><strong>superstitione,</strong></span> <span class='ocrx_word' id='word_1_790' title='bbox 1329 2268 1362 2295; x_wconf 90' lang='lat' dir='ltr'><strong>ad</strong></span> <span class='ocrx_word' id='word_1_791' title='bbox 1384 2277 1477 2295; x_wconf 88' lang='lat' dir='ltr'><strong>verum</strong></span> <span class='ocrx_word' id='word_1_792' title='bbox 1495 2267 1541 2295; x_wconf 86' lang='lat' dir='ltr'><strong>Dei</strong></span> <span class='ocrx_word' id='word_1_793' title='bbox 1558 2269 1661 2294; x_wconf 89' lang='lat' dir='ltr'><strong>cultum</strong></span> <span class='ocrx_word' id='word_1_794' title='bbox 1676 2276 1745 2295; x_wconf 86' lang='lat' dir='ltr'><strong>con-</strong></span> 
     </span>
    </p>
   </div>
   <div class='ocr_carea' id='block_1_108' title="bbox 959 2313 1745 2345">
    <p class='ocr_par' dir='ltr' id='par_1_108' title="bbox 959 2313 1745 2345">
     <span class='ocr_line' id='line_1_108' title="bbox 959 2313 1745 2345; baseline 0 -6"><span class='ocrx_word' id='word_1_795' title='bbox 959 2321 1053 2345; x_wconf 80' lang='lat' dir='ltr'><strong>Versa,</strong></span> <span class='ocrx_word' id='word_1_796' title='bbox 1080 2313 1233 2341; x_wconf 80' lang='lat' dir='ltr'><strong>Betlilehem</strong></span> <span class='ocrx_word' id='word_1_797' title='bbox 1256 2313 1356 2340; x_wconf 67' lang='lat' dir='ltr'><strong>Judasae</strong></span> <span class='ocrx_word' id='word_1_798' title='bbox 1382 2321 1443 2340; x_wconf 89' lang='lat' dir='ltr'><strong>cum</strong></span> <span class='ocrx_word' id='word_1_799' title='bbox 1469 2321 1549 2341; x_wconf 82' lang='lat' dir='ltr'><strong>socru</strong></span> <span class='ocrx_word' id='word_1_800' title='bbox 1580 2321 1629 2340; x_wconf 88' lang='lat' dir='ltr'><strong>sua</strong></span> <span class='ocrx_word' id='word_1_801' title='bbox 1655 2314 1745 2340; x_wconf 85' lang='lat' dir='ltr'><strong>subito</strong></span> 
     </span>
    </p>
   </div>
   <div class='ocr_carea' id='block_1_109' title="bbox 958 2359 1745 2391">
    <p class='ocr_par' dir='ltr' id='par_1_109' title="bbox 958 2359 1745 2391">
     <span class='ocr_line' id='line_1_109' title="bbox 958 2359 1745 2391; baseline -0.001 -5"><span class='ocrx_word' id='word_1_802' title='bbox 958 2359 1104 2391; x_wconf 81' lang='lat' dir='ltr'><strong>concessit.</strong></span> <span class='ocrx_word' id='word_1_803' title='bbox 1123 2359 1168 2386; x_wconf 92' lang='lat' dir='ltr'><strong>ubi</strong></span> <span class='ocrx_word' id='word_1_804' title='bbox 1184 2363 1211 2386; x_wconf 88' lang='lat' dir='ltr'><strong>et</strong></span> <span class='ocrx_word' id='word_1_805' title='bbox 1228 2359 1299 2386; x_wconf 86' lang='lat' dir='ltr'><strong>Bouz</strong></span> <span class='ocrx_word' id='word_1_806' title='bbox 1316 2368 1348 2386; x_wconf 79' lang='lat' dir='ltr'><strong>ex</strong></span> <span class='ocrx_word' id='word_1_807' title='bbox 1364 2361 1435 2386; x_wconf 83' lang='lat' dir='ltr'><strong>tribu</strong></span> <span class='ocrx_word' id='word_1_808' title='bbox 1451 2359 1521 2386; x_wconf 83' lang='lat' dir='ltr'><strong>Juda</strong></span> <span class='ocrx_word' id='word_1_809' title='bbox 1534 2379 1541 2390; x_wconf 89' lang='lat'><strong>,</strong></span> <span class='ocrx_word' id='word_1_810' title='bbox 1571 2360 1745 2386; x_wconf 87' lang='lat' dir='ltr'><strong>matrimonio</strong></span> 
     </span>
    </p>
   </div>
   <div class='ocr_carea' id='block_1_110' title="bbox 959 2403 1743 2439">
    <p class='ocr_par' dir='ltr' id='par_1_110' title="bbox 959 2403 1743 2439">
     <span class='ocr_line' id='line_1_110' title="bbox 959 2403 1743 2439; baseline 0 -9"><span class='ocrx_word' id='word_1_811' title='bbox 959 2403 1104 2438; x_wconf 85' lang='lat' dir='ltr'><strong>conjuncta</strong></span> <span class='ocrx_word' id='word_1_812' title='bbox 1118 2409 1167 2436; x_wconf 86' lang='lat' dir='ltr'><strong>est,</strong></span> <span class='ocrx_word' id='word_1_813' title='bbox 1181 2412 1212 2431; x_wconf 82' lang='lat' dir='ltr'><strong>ex</strong></span> <span class='ocrx_word' id='word_1_814' title='bbox 1232 2413 1285 2439; x_wconf 86' lang='lat' dir='ltr'><strong>qua</strong></span> <span class='ocrx_word' id='word_1_815' title='bbox 1313 2408 1406 2439; x_wconf 87' lang='lat' dir='ltr'><strong>postea</strong></span> <span class='ocrx_word' id='word_1_816' title='bbox 1423 2404 1507 2431; x_wconf 84' lang='lat' dir='ltr'><strong>David</strong></span> <span class='ocrx_word' id='word_1_817' title='bbox 1530 2404 1605 2439; x_wconf 74' lang='lat' dir='ltr'><strong>origo</strong></span> <span class='ocrx_word' id='word_1_818' title='bbox 1621 2405 1660 2432; x_wconf 88' lang='lat' dir='ltr'><strong>sic</strong></span> <span class='ocrx_word' id='word_1_819' title='bbox 1676 2412 1743 2431; x_wconf 91' lang='lat' dir='ltr'><strong>con-</strong></span> 
     </span>
    </p>
   </div>
   <div class='ocr_carea' id='block_1_111' title="bbox 958 2449 1745 2485">
    <p class='ocr_par' dir='ltr' id='par_1_111' title="bbox 958 2449 1745 2485">
     <span class='ocr_line' id='line_1_111' title="bbox 958 2449 1745 2485; baseline 0.005 -11"><span class='ocrx_word' id='word_1_820' title='bbox 958 2449 1080 2476; x_wconf 80' lang='lat' dir='ltr'><strong>texitur:</strong></span> <span class='ocrx_word' id='word_1_821' title='bbox 1099 2449 1170 2476; x_wconf 81' lang='lat' dir='ltr'><strong>Booz</strong></span> <span class='ocrx_word' id='word_1_822' title='bbox 1191 2458 1225 2477; x_wconf 78' lang='lat' dir='ltr'><strong>ex</strong></span> <span class='ocrx_word' id='word_1_823' title='bbox 1242 2449 1314 2476; x_wconf 84' lang='lat' dir='ltr'><strong>Ruth</strong></span> <span class='ocrx_word' id='word_1_824' title='bbox 1339 2450 1433 2485; x_wconf 75' lang='lat' dir='ltr'><strong>genuit</strong></span> <span class='ocrx_word' id='word_1_825' title='bbox 1457 2451 1540 2476; x_wconf 81' lang='lat' dir='ltr'><strong>ﬁlium</strong></span> <span class='ocrx_word' id='word_1_826' title='bbox 1557 2450 1630 2478; x_wconf 88' lang='lat' dir='ltr'><strong>Obed</strong></span> <span class='ocrx_word' id='word_1_827' title='bbox 1645 2459 1652 2478; x_wconf 88' lang='lat'><strong>:</strong></span> <span class='ocrx_word' id='word_1_828' title='bbox 1670 2450 1745 2478; x_wconf 79' lang='lat' dir='ltr'><strong>Obcd</strong></span> 
     </span>
    </p>
   </div>
   <div class='ocr_carea' id='block_1_112' title="bbox 957 2495 1495 2530">
    <p class='ocr_par' dir='ltr' id='par_1_112' title="bbox 957 2495 1495 2530">
     <span class='ocr_line' id='line_1_112' title="bbox 957 2495 1495 2530; baseline 0 -8"><span class='ocrx_word' id='word_1_829' title='bbox 957 2502 1022 2522; x_wconf 82' lang='lat' dir='ltr'><strong>vero</strong></span> <span class='ocrx_word' id='word_1_830' title='bbox 1037 2495 1131 2530; x_wconf 79' lang='lat' dir='ltr'><strong>genuit</strong></span> <span class='ocrx_word' id='word_1_831' title='bbox 1146 2495 1222 2523; x_wconf 83' lang='lat' dir='ltr'><strong>Jesse</strong></span> <span class='ocrx_word' id='word_1_832' title='bbox 1237 2505 1243 2523; x_wconf 92' lang='lat'>:</span> <span class='ocrx_word' id='word_1_833' title='bbox 1265 2495 1341 2524; x_wconf 83' lang='lat' dir='ltr'><strong>Jesse</strong></span> <span class='ocrx_word' id='word_1_834' title='bbox 1355 2496 1495 2524; x_wconf 85' lang='lat' dir='ltr'><strong>Davidein.</strong></span> 
     </span>
    </p>
   </div>
   <div class='ocr_carea' id='block_1_113' title="bbox 1027 2596 1669 2633">
    <p class='ocr_par' dir='ltr' id='par_1_113' title="bbox 1027 2596 1669 2633">
     <span class='ocr_line' id='line_1_113' title="bbox 1027 2596 1669 2633; baseline 0.003 -10"><span class='ocrx_word' id='word_1_835' title='bbox 1027 2596 1107 2624; x_wconf 81' lang='lat' dir='ltr'><strong>Liber</strong></span> <span class='ocrx_word' id='word_1_836' title='bbox 1126 2597 1184 2628; x_wconf 76' lang='lat' dir='ltr'><strong>IX.</strong></span> <span class='ocrx_word' id='word_1_837' title='bbox 1203 2597 1349 2633; x_wconf 84' lang='lat' dir='ltr'><strong>Regnorum</strong></span> <span class='ocrx_word' id='word_1_838' title='bbox 1371 2598 1471 2632; x_wconf 75' lang='lat' dir='ltr'><strong>primus</strong></span> <span class='ocrx_word' id='word_1_839' title='bbox 1489 2602 1514 2624; x_wconf 82' lang='lat' dir='ltr'><strong>et</strong></span> <span class='ocrx_word' id='word_1_840' title='bbox 1534 2599 1669 2626; x_wconf 76' lang='lat' dir='ltr'><strong>secundus.</strong></span> 
     </span>
    </p>
   </div>
   <div class='ocr_carea' id='block_1_114' title="bbox 999 2642 1743 2679">
    <p class='ocr_par' dir='ltr' id='par_1_114' title="bbox 999 2642 1743 2679">
     <span class='ocr_line' id='line_1_114' title="bbox 999 2642 1743 2679; baseline 0 -8"><span class='ocrx_word' id='word_1_841' title='bbox 999 2644 1042 2671; x_wconf 79' lang='grc'><strong>15.</strong></span> <span class='ocrx_word' id='word_1_842' title='bbox 1063 2642 1216 2678; x_wconf 81' lang='lat' dir='ltr'><strong>Regnorum</strong></span> <span class='ocrx_word' id='word_1_843' title='bbox 1232 2643 1408 2670; x_wconf 86' lang='lat' dir='ltr'><strong>nominantur</strong></span> <span class='ocrx_word' id='word_1_844' title='bbox 1422 2644 1447 2670; x_wconf 94' lang='lat' dir='ltr'><strong>hi</strong></span> <span class='ocrx_word' id='word_1_845' title='bbox 1469 2644 1540 2675; x_wconf 85' lang='lat' dir='ltr'><strong>libri,</strong></span> <span class='ocrx_word' id='word_1_846' title='bbox 1554 2643 1615 2678; x_wconf 85' lang='lat' dir='ltr'><strong>quia</strong></span> <span class='ocrx_word' id='word_1_847' title='bbox 1639 2644 1743 2679; x_wconf 61' lang='lat' dir='ltr'><strong>ltegum</strong></span> 
     </span>
    </p>
   </div>
   <div class='ocr_carea' id='block_1_115' title="bbox 958 2690 1742 2720">
    <p class='ocr_par' dir='ltr' id='par_1_115' title="bbox 958 2690 1742 2720">
     <span class='ocr_line' id='line_1_115' title="bbox 958 2690 1742 2720; baseline -0.005 0"><span class='ocrx_word' id='word_1_848' title='bbox 958 2701 1018 2720; x_wconf 89' lang='lat' dir='ltr'><strong>cum</strong></span> <span class='ocrx_word' id='word_1_849' title='bbox 1028 2692 1094 2719; x_wconf 83' lang='lat' dir='ltr'><strong>Juda</strong></span> <span class='ocrx_word' id='word_1_850' title='bbox 1112 2695 1168 2717; x_wconf 88' lang='lat' dir='ltr'><strong>tum</strong></span> <span class='ocrx_word' id='word_1_851' title='bbox 1181 2691 1262 2718; x_wconf 84' lang='lat' dir='ltr'><strong>lsrael</strong></span> <span class='ocrx_word' id='word_1_852' title='bbox 1276 2691 1345 2718; x_wconf 80' lang='lat' dir='ltr'><strong>facta</strong></span> <span class='ocrx_word' id='word_1_853' title='bbox 1357 2695 1383 2717; x_wconf 89' lang='lat' dir='ltr'><strong>ct</strong></span> <span class='ocrx_word' id='word_1_854' title='bbox 1393 2698 1480 2717; x_wconf 84' lang='lat' dir='ltr'><strong>annos</strong></span> <span class='ocrx_word' id='word_1_855' title='bbox 1490 2690 1639 2717; x_wconf 82' lang='lat' dir='ltr'><strong>continent.</strong></span> <span class='ocrx_word' id='word_1_856' title='bbox 1656 2690 1742 2716; x_wconf 69' lang='lat' dir='ltr'><strong>Enae—</strong></span> 
     </span>
    </p>
   </div>
   <div class='ocr_carea' id='block_1_116' title="bbox 957 2735 1741 2771">
    <p class='ocr_par' dir='ltr' id='par_1_116' title="bbox 957 2735 1741 2771">
     <span class='ocr_line' id='line_1_116' title="bbox 957 2735 1741 2771; baseline -0.003 -6"><span class='ocrx_word' id='word_1_857' title='bbox 957 2742 1053 2765; x_wconf 88' lang='lat' dir='ltr'><strong>rantur</strong></span> <span class='ocrx_word' id='word_1_858' title='bbox 1067 2741 1156 2763; x_wconf 89' lang='lat' dir='ltr'><strong>autem</strong></span> <span class='ocrx_word' id='word_1_859' title='bbox 1171 2736 1260 2771; x_wconf 88' lang='lat' dir='ltr'><strong>primo</strong></span> <span class='ocrx_word' id='word_1_860' title='bbox 1275 2736 1344 2763; x_wconf 89' lang='lat' dir='ltr'><strong>libro</strong></span> <span class='ocrx_word' id='word_1_861' title='bbox 1364 2736 1416 2763; x_wconf 84' lang='lat' dir='ltr'><strong>ista</strong></span> <span class='ocrx_word' id='word_1_862' title='bbox 1431 2735 1520 2762; x_wconf 55' lang='lat' dir='ltr'><strong>:hlors</strong></span> <span class='ocrx_word' id='word_1_863' title='bbox 1536 2735 1573 2760; x_wconf 85' lang='lat' dir='ltr'><strong>Eli</strong></span> <span class='ocrx_word' id='word_1_864' title='bbox 1590 2736 1741 2763; x_wconf 86' lang='lat' dir='ltr'><strong>sacerdotis</strong></span> 
     </span>
    </p>
   </div>
   <div class='ocr_carea' id='block_1_117' title="bbox 994 2792 1739 2828">
    <p class='ocr_par' dir='ltr' id='par_1_117' title="bbox 994 2792 1739 2828">
     <span class='ocr_line' id='line_1_117' title="bbox 994 2792 1739 2828; baseline -0.003 -8"><span class='ocrx_word' id='word_1_865' title='bbox 994 2794 1030 2828; x_wconf 88' lang='grc'><strong>(7)</strong></span> <span class='ocrx_word' id='word_1_866' title='bbox 1046 2793 1084 2825; x_wconf 89' lang='lat'><strong>0&#39;,</strong></span> <span class='ocrx_word' id='word_1_867' title='bbox 1105 2792 1216 2823; x_wconf 78' lang='grc' dir='ltr'><strong>Ἀϐδὼν,</strong></span> <span class='ocrx_word' id='word_1_868' title='bbox 1234 2792 1281 2819; x_wconf 81' lang='lat' dir='ltr'><strong>sed</strong></span> <span class='ocrx_word' id='word_1_869' title='bbox 1303 2800 1364 2819; x_wconf 84' lang='lat' dir='ltr'><strong>cum</strong></span> <span class='ocrx_word' id='word_1_870' title='bbox 1386 2793 1455 2819; x_wconf 88' lang='lat' dir='ltr'><strong>hanc</strong></span> <span class='ocrx_word' id='word_1_871' title='bbox 1474 2799 1567 2818; x_wconf 69' lang='lat' dir='ltr'><strong>uicem</strong></span> <span class='ocrx_word' id='word_1_872' title='bbox 1593 2792 1739 2826; x_wconf 61' lang='lat' dir='ltr'><strong>praecedat,</strong></span> 
     </span>
    </p>
   </div>
   <div class='ocr_carea' id='block_1_118' title="bbox 959 2828 1742 2890">
    <p class='ocr_par' dir='ltr' id='par_1_118' title="bbox 959 2828 1742 2890">
     <span class='ocr_line' id='line_1_118' title="bbox 959 2828 1742 2890; baseline -0.001 -35"><span class='ocrx_word' id='word_1_873' title='bbox 959 2829 1082 2890; x_wconf 50' lang='lat' dir='ltr'><strong>Xcggﬁl,</strong></span> <span class='ocrx_word' id='word_1_874' title='bbox 1103 2836 1135 2856; x_wconf 80' lang='lat' dir='ltr'><strong>ex</strong></span> <span class='ocrx_word' id='word_1_875' title='bbox 1162 2828 1276 2862; x_wconf 76' lang='lat' dir='ltr'><strong>repetita</strong></span> <span class='ocrx_word' id='word_1_876' title='bbox 1299 2832 1435 2863; x_wconf 80' lang='lat' dir='ltr'><strong>postrema</strong></span> <span class='ocrx_word' id='word_1_877' title='bbox 1461 2828 1549 2856; x_wconf 88' lang='lat' dir='ltr'><strong>littera</strong></span> <span class='ocrx_word' id='word_1_878' title='bbox 1577 2828 1676 2855; x_wconf 81' lang='lat' dir='ltr'><strong>factum</strong></span> <span class='ocrx_word' id='word_1_879' title='bbox 1697 2832 1742 2855; x_wconf 86' lang='lat' dir='ltr'><strong>est</strong></span> 
     </span>
     <span class='ocr_line' id='line_1_119' title="bbox 982 2872 1076 2890; baseline 0 0"><span class='ocrx_word' id='word_1_880' title='bbox 982 2874 998 2890; x_wconf 88' lang='grc' dir='ltr'>α</span> <span class='ocrx_word' id='word_1_881' title='bbox 1017 2872 1076 2890; x_wconf 84' lang='grc' dir='ltr'>οων.</span> 
     </span>
    </p>
   </div>
   <div class='ocr_carea' id='block_1_119' title="bbox 982 2872 1076 2891">
    <p class='ocr_par' dir='ltr' id='par_1_119' title="bbox 982 2872 1076 2891">
     <span class='ocr_line' id='line_1_120' title="bbox 982 2872 1076 2891; baseline -0.011 0"><span class='ocrx_word' id='word_1_882' title='bbox 982 2872 1076 2891; x_wconf 79' lang='grc' dir='ltr'>αυοων.</span> 
     </span>
    </p>
   </div>
  </div>
