1915 3057
768 145 799 175 ε.
821 143 1052 172 ATHANASIUS.
1072 158 1105 164 --
1124 143 1237 172 DUBlA.

1783 143 1835 171 516

201 216 234 237 ac
249 208 365 235 ﬁliorum
383 207 480 242 ipsius.
495 205 579 233 Ortus
594 205 739 239 Samuelis,
753 210 781 233 et
797 206 932 241 quomodo
945 213 989 240 p0-

1043 213 1105 231 πται
1114 206 1142 231 δὲ
1155 206 1183 231 ὲν
1198 205 1246 240 μὲν
1260 206 1292 240 τῇ
1306 204 1401 240 πρώτῃ
1418 205 1499 240 βίϐλῳ
1509 204 1562 231 τῶν
1571 203 1722 232 Βασιλειῶν
1730 205 1818 232 ταῦτα
1827 214 1834 221 ·

201 255 293 290 pulus,
308 254 440 281 hactenus
466 260 481 279 a
507 252 561 280 Deo
588 252 775 287 gubernatus,
799 252 845 286 qui
873 252 988 286 singulis

202 300 370 334 temporibus
403 299 576 326 liberatorem
602 298 669 332 ipsis
693 298 872 327 excitaverat.
898 304 987 331 regem

202 345 254 372 sibi
270 344 420 372 secundum
433 351 537 370 morem
555 343 675 377 gentium
693 342 802 377 petierit
818 350 833 368 a
851 341 986 371 Samuule,

201 393 247 427 qui
264 392 370 418 Saulem
393 391 447 418 illis
463 391 495 417 de
516 390 588 417 tribu
611 389 752 424 Benjamin
769 389 883 420 dederit,
901 393 927 415 et
954 396 988 415 cx

201 438 248 465 illo
261 437 389 472 deinceps
406 441 432 464 ot
447 437 474 463 in
486 436 569 463 lsrael
585 443 662 470 reges
681 443 744 462 esse
759 435 900 470 caeperint.
915 434 989 461 Con-

202 485 304 512 tinetur
319 485 400 511 etiam
424 484 476 510 hoc
492 483 639 515 volumine,
655 481 801 516 quomodo,
815 481 858 507 ubi
876 480 988 507 manda-

200 534 259 557 tum
278 529 325 556 Dei
344 534 532 564 transgressus
562 532 635 555 esset
664 527 748 560 Saul,
776 527 894 554 ablatum
921 527 988 554 sita

201 576 287 611 stirpe
302 576 389 610 ipsius
404 583 529 610 regnum,
542 579 568 601 et
584 574 668 600 David
690 573 716 600 in
732 574 818 608 ipsius
830 574 919 600 locum
935 581 985 600 un-

201 624 261 648 ctus
275 621 411 655 sit,atque
426 620 453 647 in
470 620 550 654 hujus
560 619 672 654 stirpem
689 620 850 646 translatum
863 626 986 653 regnum,

200 666 333 694 Praeterea
356 671 603 693 commemoratur:
621 667 693 700 quod
713 673 760 700 per
781 665 908 692 Davidem
938 664 988 692 Go-

202 713 268 740 liath
286 713 470 740 minutissima
486 712 594 740 occisus
619 712 656 739 sit
682 712 774 747 lapillo
793 721 799 737 :
824 711 888 738 Saul
906 719 985 743 vero.

201 763 344 793 postquam
362 759 542 793 tripudiantes
564 758 691 785 mulieres
710 756 794 784 David
807 756 901 784 decem
926 757 988 784 mih

203 805 284 836 lia,et
295 804 347 831 sibi
363 803 436 830 mille
449 803 589 835 dcierant,
606 803 705 830 invidia
721 802 841 837 percitus
856 802 986 831 Davidem

202 854 361 884 persecutus
376 853 428 881 est,
444 848 528 876 David
542 854 630 876 tamen
651 852 787 881 servatus,
803 851 831 875 ct
844 846 908 874 Saul
927 851 988 873 tan-

201 897 262 924 dem
277 896 347 923 bello
361 899 493 926 arctatus,
508 895 641 922 consultis
665 894 845 929 pythonissis,
860 895 989 921 interem-
1003 885 1024 912 Β

202 946 265 978 ptus
281 942 451 970 occubuerit.
469 941 502 968 Et
516 941 567 968 hac
578 948 607 968 re
621 941 782 968 terminatur
806 940 912 975 primus
934 939 989 967 Re-

203 996 316 1024 gnorum
330 989 408 1017 liber.

237 1079 282 1106 Η.
303 1079 330 1106 lu
347 1078 466 1106 secundo
482 1082 572 1106 autem
595 1078 684 1110 libro,
712 1076 788 1104 Sauli
803 1077 888 1104 David
904 1077 932 1105 in
946 1085 990 1105 re-

202 1132 285 1160 gnum
312 1125 444 1152 succedit.
472 1124 686 1159 Memphiboseth
705 1127 795 1151 autem
811 1123 883 1150 filius
900 1122 990 1151 Saulis

203 1171 281 1198 initio
291 1178 406 1206 regnare
417 1178 479 1198 cum
491 1171 581 1202 vellet,
590 1170 788 1198 contendebat:
803 1169 911 1197 tandem
927 1177 990 1197 vero

203 1217 338 1244 universa:
353 1217 441 1245 tribus
463 1216 558 1244 Davidi
571 1217 733 1252 junguntur.
765 1217 884 1244 Cunctos
898 1217 991 1245 hostes

203 1263 274 1290 bello
289 1266 398 1297 superat
419 1262 522 1296 David,
550 1262 683 1291 Bersabee
704 1270 818 1290 uxorem
842 1262 915 1290 Uria),
940 1263 991 1290 sibi

203 1308 298 1336 sumit.
314 1308 457 1336 Abesalom
470 1313 573 1344 patrem
589 1317 669 1336 suum
685 1308 815 1336 Davidem
830 1303 991 1344 persecutus

203 1359 265 1383 est:
283 1355 364 1391 paulo
380 1359 443 1390 post
454 1355 482 1382 in
495 1355 567 1382 bello
583 1355 720 1383 occiditur
734 1355 890 1383 Abesalom.
907 1355 992 1382 David

203 1405 347 1428 numerato
364 1401 465 1436 populo
480 1401 548 1428 iram
566 1402 593 1428 in
605 1409 634 1429 se
647 1401 768 1428 divinam
779 1405 921 1436 provocat.
932 1409 992 1436 qua:

203 1451 298 1482 postea
311 1447 418 1482 placato
434 1446 488 1473 Deo
502 1450 603 1474 cessat.
621 1446 652 1473 Et
671 1447 715 1473 hic
732 1446 871 1474 secundus
886 1446 993 1482 Regno-

203 1499 264 1518 rum
278 1492 356 1524 liber,
372 1491 450 1519 senio
470 1491 595 1518 confecto
609 1490 711 1518 Davide
722 1510 730 1522 ,
758 1490 861 1518 finitur.
892 1490 993 1517 Habuit

203 1541 294 1565 autem
309 1538 360 1564 sub
373 1545 403 1565 se
425 1536 509 1564 David
531 1537 664 1572 quosdam
678 1537 749 1564 viros
769 1536 864 1571 fortes,
877 1545 991 1572 magnos

204 1591 237 1611 ac
253 1584 363 1613 multos,
377 1591 494 1619 quorum
509 1583 629 1610 minores
654 1584 827 1611 centuriones
839 1604 846 1615 ,
873 1584 991 1619 majores

203 1636 268 1657 vero
294 1629 460 1656 chiliarchas
477 1629 630 1656 constituit.
655 1628 795 1656 Habentur
810 1629 992 1664 quorumdam

204 1676 324 1710 ipsorum
339 1675 450 1702 nomina
467 1679 493 1702 et
508 1683 551 1702 res
563 1679 655 1710 gestas.
680 1675 810 1703 Sebochae
826 1676 990 1708 Astotheus,

204 1721 250 1755 qui
265 1721 336 1755 Seph
351 1720 435 1747 (illum
450 1719 542 1754 Rapha
554 1727 587 1747 ex
599 1720 756 1754 gigantibus
768 1720 825 1747 nati
839 1721 988 1755 percussit.

205 1767 332 1794 Eleanam
356 1766 429 1794 ﬁlius
445 1766 551 1801 Ari‘orgi
568 1765 775 1800 Bethleemites;
800 1766 844 1793 hic
858 1767 992 1800 percussit

204 1812 313 1839 Golith
329 1811 480 1843 Chetzeum,
495 1811 575 1846 cujus
589 1811 675 1839 hastas
688 1812 792 1846 lignum
813 1811 900 1839 instar
914 1812 992 1839 licia-

204 1859 268 1886 torii
280 1859 429 1886 terentium
438 1864 495 1886 erat
508 1869 514 1886 :
530 1859 581 1886 fuit
589 1864 680 1886 autem
689 1863 717 1886 et
732 1859 790 1893 ipse
802 1858 874 1886 ﬁlius
887 1858 991 1894 Rapina.

204 1903 340 1932 Jonathan
356 1905 428 1932 ﬁlius
445 1904 549 1932 Semesi
566 1905 658 1933 fratris
675 1904 777 1938 David;
791 1905 842 1932 iste
857 1905 994 1940 percussit

204 1951 293 1978 virum
308 1951 453 1986 quemdam
469 1951 502 1977 de
517 1950 669 1983 Ramedon,
686 1951 733 1986 qui
746 1950 840 1979 lsracli
855 1951 995 1978 convicia-

206 2001 251 2024 lus
266 1997 366 2029 fuerat,
380 2000 408 2023 et
425 2003 506 2023 senos
522 1996 622 2030 digitos
639 1996 667 2023 in
692 1996 820 2023 manibus
835 2003 866 2023 ac
882 1997 994 2024 totidem

206 2041 322 2068 habebat
337 2041 363 2067 in
381 2041 505 2075 pedibus,
522 2044 549 2068 et
568 2041 627 2076 ipse
643 2041 714 2068 filius
732 2041 836 2076 Rapba,
853 2050 886 2069 ex
901 2041 995 2076 gigan-

205 2088 279 2115 tibus
292 2087 359 2114 nati.
371 2086 478 2114 Adinon
492 2087 643 2120 Asonaaus;
660 2087 703 2114 hic
716 2087 845 2114 frameam
859 2094 936 2114 suam
950 2087 996 2114 ad-

205 2141 302 2162 versus
315 2133 488 2168 octingentos
509 2133 610 2160 milites
634 2133 715 2160 simul
732 2137 912 2168 congregatos
928 2132 995 2160 edu-

205 2180 264 2213 xit;
283 2178 437 2207 Jessazbada
452 2199 459 2210 ,
486 2179 559 2206 filius
582 2178 754 2212 Acbamane;
783 2183 809 2206 et
835 2179 887 2206 iste
901 2187 994 2206 ensem

1041 251 1154 282 θάνατος
1170 251 1218 285 μὲν
1240 252 1312 277 Ἠλεὶ
1334 252 1380 277 τοῦ
1400 251 1494 287 ἱερέως
1511 252 1557 278 καὶ
1579 250 1632 277 τῶν
1646 251 1713 277 υἱῶν
1726 252 1809 278 αὑτοῦ
1821 259 1830 268 ο

1041 296 1147 330 γένεσις
1156 297 1184 323 δὲ
1196 297 1242 323 τοῦ
1259 297 1384 332 Σαμουὴλ
1394 306 1400 312 ·
1415 297 1474 328 πῶς
1487 306 1517 323 τε
1533 298 1546 323 ὁ
1562 297 1635 328 λαὸς,
1651 297 1680 322 τὸ
1695 297 1830 332 πρότερον

1041 342 1189 377 ἀρχόμενος
1205 342 1257 369 ὑπὸ
1267 343 1312 369 τοῦ
1325 343 1402 373 Θεοῦ,
1411 343 1562 378 ἐγείροντος
1579 342 1669 373 αὐτοῖς
1684 342 1756 368 κατά
1770 351 1830 369 και-

1042 388 1087 424 ρὸν
1103 388 1148 414 τὸν
1162 388 1268 424 βοηθὸν,
1284 389 1357 423 ὅμως
1372 389 1456 424 ᾔτησε
1472 389 1546 423 παρὰ
1563 389 1610 415 τοῦ
1627 389 1764 424 Σαμουὴλ,
1783 397 1830 416 κα-

1040 434 1075 460 τὰ
1092 434 1122 460 τὸ
1146 434 1204 466 ἕοος
1220 435 1272 461 τῶν
1294 435 1394 466 ἐθνῶν,
1417 434 1527 469 βασιλέα
1538 454 1546 465 ,
1560 434 1606 460 καὶ
1623 434 1722 460 ἔδωκεν
1739 434 1831 466 αὐτοῖς

1040 480 1085 506 τὸν
1099 480 1194 511 Σαοὺλ,
1209 481 1240 506 ὲκ
1254 480 1340 515 φυλῆς
1358 481 1486 516 Βενιαμίν
1496 489 1503 496 ·
1523 481 1570 507 καὶ
1584 481 1679 514 γέγονε
1691 480 1786 507 λοιπὸν
1803 481 1831 512 ἐξ

1041 526 1144 552 ἐκείνου
1161 526 1206 552 καὶ
1222 527 1249 552 ὲν
1265 526 1304 561 τῷ
1323 526 1428 561 Ἰσραὴλ
1445 527 1515 562 ἀρχὴ
1538 526 1684 561 βασιλείας.
1701 527 1831 562 Περιέχε-

1039 579 1084 597 ται
1098 571 1126 597 δὲ
1144 571 1274 604 ἐνταῦθα,
1291 572 1349 604 πῶς
1362 574 1376 599 ὸ
1393 573 1442 608 μὲν
1457 572 1541 599 Σαοὺλ
1560 572 1666 608 παρέϐη
1683 573 1734 608 τὴν
1760 574 1832 600 ἐντο-

1039 615 1088 651 λὴν
1102 616 1149 642 τοῦ
1169 617 1247 649 Θεοῦ,
1261 618 1306 644 καὶ
1318 617 1442 654 ἀφῃρέθη
1465 618 1519 644 ἀπὸ
1539 618 1585 644 τοῦ
1603 618 1699 651 γένους
1715 618 1798 644 αὑτοῦ
1814 619 1830 653 ἡ

1041 662 1178 698 βασιλείαο
1192 664 1206 689 ὁ
1223 663 1251 689 δὲ
1267 663 1348 690 Δαϐὶδ
1375 665 1432 690 ἀντ’
1449 663 1530 690 αὑτοῦ
1549 663 1676 698 ὲχρίσϐη,
1700 665 1750 690 καὶ
1769 673 1832 699 μετ-

1039 708 1140 744 ηνέχθη
1155 710 1194 740 είς
1216 710 1246 735 τὸ
1262 709 1338 743 γένος
1360 709 1440 736 αὑτοῦ
1455 711 1471 745 ἡ
1489 709 1618 744 βασιλεία.
1642 710 1698 736 Καὶ
1720 710 1766 736 τὸν
1784 710 1832 744 μὲν

1040 754 1135 780 Γολιὰο
1152 754 1254 780 ἀνεῖλεν
1275 756 1288 781 ὁ
1305 755 1386 781 Δαὸὶδ
1408 755 1520 791 λιθαρίῳ
1547 756 1704 791 μικροτάτῳ
1716 764 1723 770 ·
1740 755 1831 791 ἐπειδὴ

1039 799 1067 825 δὲ
1084 800 1111 825 αἱ
1126 800 1285 835 χορεύουσαι
1297 820 1303 831 ,
1325 801 1373 832 τὰς
1397 801 1528 836 μυριάδας
1547 801 1665 827 δέδωκαν
1685 801 1724 836 τῷ
1741 800 1831 831 Δαϐὶδ,

1039 846 1088 878 τὰς
1102 846 1129 872 δὲ
1146 845 1266 881 χιλιάδας
1280 846 1318 881 τῷ
1338 847 1433 878 Σαοὺλ,
1448 846 1580 881 φθονήσας
1595 847 1609 872 ὁ
1627 846 1726 877 Σαοὺλ,
1740 846 1833 872 ἐδίωκε

1038 892 1083 919 τὸν
1099 892 1180 919 Δαϐίδ
1191 901 1197 908 ·
1216 893 1263 919 καὶ
1276 893 1289 918 6
1306 893 1353 928 μὲν
1369 892 1451 919 Δαὸὶδ
1470 892 1595 928 διεσώθη,
1613 893 1626 918 ὁ
1641 893 1670 918 δὲ
1688 892 1776 919 Σαοὺλ
1787 901 1834 918 πο-

1038 937 1204 973 λεμούμενος
1221 937 1349 973 ἐζήτησεν
1371 937 1613 973 ἐγγαστριμύθους,
1633 938 1681 964 καὶ
1694 939 1728 973 τῇ
1752 937 1834 965 ἐπαύ-

1040 992 1096 1020 ριον
1112 983 1263 1018 ἀναιρεθεὶς
1279 983 1406 1010 ἀπέθανε.
1421 984 1476 1009 Καὶ
1483 984 1511 1010 ὲν
1522 983 1608 1018 τούτῳ
1624 983 1833 1019 συμπληροῦται

1039 1029 1055 1064 ή
1074 1028 1167 1064 πρώτη
1185 1028 1275 1063 βίϐλος
1287 1029 1341 1054 τῶν
1359 1028 1515 1056 Βασιλειῶν.

1076 1075 1120 1101 Η.
1143 1075 1187 1101 Ἐν
1208 1075 1236 1101 δὲ
1255 1075 1287 1109 τῇ
1304 1074 1418 1110 δευτέρᾳ
1433 1074 1514 1100 πάλιν
1529 1074 1611 1101 Δαϐὶδ
1633 1075 1772 1108 διεδέξατο
1787 1074 1834 1109 τὴν

1042 1121 1189 1156 βασιλείαψ
1205 1121 1260 1147 Καὶ
1275 1120 1335 1146 κατ’
1352 1120 1438 1156 ἀρχὰς
1454 1121 1502 1155 μὲν
1522 1122 1536 1147 6
1552 1121 1608 1152 υἱὸς
1622 1121 1712 1148 Σαοὺλ
1726 1122 1834 1156 Μεμφιο

1041 1165 1121 1192 ϐοσὲο
1140 1165 1178 1200 (8)
1195 1165 1355 1200 ἐφιλονείκει
1366 1185 1373 1197 ,
1392 1164 1476 1192 θέλων
1494 1166 1645 1200 βασιλεύειν
1656 1175 1663 1181 ·
1682 1165 1833 1201 ὕστερονδὲ

1041 1211 1142 1242 πάντες
1159 1210 1361 1246 προσετέθησαν
1376 1210 1415 1246 τῷ
1435 1211 1525 1237 Δαϐίδ.
1542 1212 1652 1242 Πάντας
1665 1211 1693 1238 δὲ
1709 1212 1772 1242 τοὺς
1788 1218 1834 1236 πο-

1041 1255 1140 1291 λέμους
1157 1257 1330 1291 περιεγένετο
1345 1257 1437 1284 Δαϐίδ.
1455 1257 1509 1292 Τὴν
1527 1257 1575 1292 μὲν
1597 1257 1648 1283 τοῦ
1669 1257 1767 1293 Οὐρίου
1788 1264 1835 1290 γυι-

1041 1304 1122 1330 ναῖκα
1138 1303 1187 1337 τὴν
1202 1303 1343 1338 Βηρσαὸεὲ
1360 1303 1454 1330 ἔλαϐεν
1468 1312 1475 1318 ·
1489 1305 1503 1329 ὁ
1519 1303 1547 1329 δὲ
1570 1303 1629 1335 υἱὸς
1654 1304 1738 1330 αὑτοῦ
1760 1302 1832 1329 Ἀϐε-

1043 1348 1139 1384 σαλὼμ
1159 1348 1266 1381 ἐδίωξεν
1290 1349 1380 1381 αὐτὸν,
1397 1349 1443 1375 καὶ
1463 1349 1520 1384 μετ’
1547 1350 1577 1375 οὐ
1597 1349 1666 1375 πολὺ
1690 1349 1832 1379 συστάντος

1043 1393 1173 1428 πολέμου,
1187 1393 1306 1429 ἀνῃρέθη
1323 1394 1337 1420 ὁ
1361 1393 1530 1429 Ἀϐεσαλώμ.
1546 1392 1614 1421 Εἶτα
1635 1395 1681 1421 τὸν
1698 1394 1762 1420 λαὸν
1775 1394 1832 1428 ἀρι-

1043 1438 1168 1474 θμήσας,
1184 1439 1329 1474 κεκίνηκεν
1351 1439 1435 1474 ὀργὴν
1460 1439 1535 1465 Θείαν
1549 1439 1609 1465 καθ’
1624 1439 1732 1466 ἑαυτοῦ.
1755 1437 1832 1465 Ἀλλὰ

1045 1485 1113 1521 μετὰ
1131 1485 1228 1519 ταῦτα,
1247 1485 1467 1522 παρακληθέντος
1481 1486 1527 1512 τοῦ
1544 1485 1625 1518 Θεοῦ,
1639 1487 1656 1521 ὴ
1671 1486 1739 1522 ὀργὴ
1750 1484 1831 1512 ἐπαύ-

1045 1531 1089 1568 θη.
1101 1532 1156 1558 Καὶ
1170 1533 1210 1563 είς
1224 1531 1304 1558 τοῦτο
1316 1532 1392 1567 λήγει
1407 1532 1454 1558 καὶ
1468 1532 1498 1558 τὸ
1519 1532 1646 1568 δεύτερον
1666 1532 1765 1568 βιϐλίον
1781 1530 1832 1557 τῶν

1043 1577 1199 1610 Βασιλειῶν,
1221 1578 1393 1614 γηράσαντος
1406 1577 1454 1604 τοῦ
1469 1577 1560 1604 Δαϐίδ.
1579 1578 1716 1609 Δυνατοὺς
1738 1577 1765 1603 δὲ
1787 1576 1830 1610 ὑφ’

1042 1624 1137 1651 ἑαυτὸν
1165 1623 1244 1659 ἔσχεν
1268 1625 1282 1651 ὁ
1304 1624 1386 1651 Δαόὶδ
1397 1644 1405 1657 ,
1424 1624 1557 1660 μεγάλους
1576 1624 1627 1658 μὲν
1648 1624 1696 1650 καὶ
1712 1623 1829 1654 πολλοὺς,

1042 1668 1111 1695 ὥστε
1125 1668 1170 1695 τὸν
1189 1670 1237 1704 μὲν
1255 1669 1414 1705 μικρότερον
1435 1669 1522 1696 αὐτῶν
1539 1669 1609 1705 πρὸς
1624 1669 1720 1696 ἑκατὸν
1734 1668 1828 1699 ποιεῖν,

1042 1715 1088 1742 τὸν
1106 1715 1135 1742 δὲ
1158 1715 1243 1750 μέγαν
1261 1715 1350 1741 αὐτῶν
1373 1715 1442 1750 πρὸς
1462 1714 1575 1750 χιλίους.
1602 1716 1681 1741 Ἔστι
1705 1715 1732 1741 δέ
1754 1721 1829 1740 τινων

1043 1760 1133 1787 αὐτῶν
1147 1761 1182 1787 τὰ
1197 1760 1316 1795 ὀνόματα
1333 1760 1379 1786 καὶ
1401 1761 1418 1795 ἠ
1443 1759 1551 1795 πρᾶξις·
1566 1760 1681 1795 Σεϐοχαὶ
1701 1760 1714 1785 ὁ
1734 1759 1829 1785 ’Λατω-

1044 1806 1070 1833 θί
1085 1806 1123 1842 (9)
1135 1815 1142 1823 '
1158 1802 1235 1838 οὗτος
1247 1805 1382 1838 ὲπὰταξεν
1397 1806 1441 1832 τὸν
1458 1806 1519 1840 Σὲρ,
1533 1806 1577 1832 τὸν
1592 1806 1642 1833 τοῦ
1664 1806 1764 1840 Ῥαφᾶ,
1785 1802 1828 1829 τοῦ

1043 1852 1176 1887 ἀπογόνου
1197 1851 1250 1878 τῶν
1268 1852 1413 1886 γιγάντων.
1435 1852 1579 1883 Ἐλεανᾶν,
1595 1852 1656 1883 υἱὸς
1679 1849 1803 1887 Ἀριωργὶ
1816 1849 1830 1874 ὁ

1043 1898 1228 1934 Βηθλεεμίτης
1240 1907 1246 1913 ·
1262 1895 1339 1930 οὗτος
1353 1897 1471 1930 ἐπάταξε
1487 1897 1507 1924 Γ
1508 1897 1582 1924 ολιάθ
1598 1899 1645 1924 τὸν
1663 1898 1786 1927 Χεταίον,
1801 1890 1829 1920 οὗ

1043 1943 1077 1980 ἦν
1089 1944 1119 1971 τὸ
1132 1943 1208 1977 ξύλον
1223 1943 1268 1970 τοῦ
1283 1944 1405 1980 δόρατος,
1426 1943 1464 1975 ὡς
1479 1943 1568 1969 ἀντίον
1587 1943 1762 1977 ὺφαινόντων.
1778 1938 1828 1966 Ἦν

1043 1992 1072 2019 δὲ
1086 1993 1133 2019 καὶ
1149 1989 1224 2023 οὗτος
1241 1992 1297 2022 υίὸς
1313 1991 1359 2017 τοῦ
1378 1991 1476 2024 Ῥαφᾶ.
1497 1989 1626 2016 Ἰωνάοαν
1638 1989 1694 2021 υίὸς
1709 1986 1826 2022 Σεμεσεὶ,

1043 2038 1158 2073 ἀδελφοῦ
1176 2038 1257 2064 Δαειδ
1269 2047 1275 2053 ·
1291 2034 1368 2069 οὗτος
1383 2036 1517 2068 ἐπάταξεν
1532 2037 1701 2063 ὀνειδίσαντα
1721 2033 1760 2069 τῷ
1781 2033 1827 2059 Ὶσ-

1045 2084 1114 2120 ραὴλ
1139 2084 1224 2119 ἄνδρα
1239 2085 1271 2110 ἐκ
1291 2083 1439 2118 Ῥαμεδῶν,
1462 2082 1557 2117 ἔχοντα
1573 2083 1602 2110 ἐν
1618 2083 1677 2112 ταῖς
1694 2079 1768 2116 χερσὶ
1783 2077 1826 2104 καὶ

1043 2132 1100 2162 τοῖς
1114 2131 1192 2158 ποσὶν
1204 2130 1255 2156 ἀνὰ
1270 2129 1418 2161 δακτύλους
1432 2129 1472 2161 ἒξ,
1485 2129 1542 2155 υἱὸν
1553 2128 1618 2155 ὄντα
1632 2129 1679 2155 καὶ
1693 2126 1770 2154 αὐτὸν
1783 2122 1826 2149 τοῦ

1051 2175 1149 2210 Ῥαφᾱ,
1160 2175 1206 2201 τοῦ
1224 2175 1357 2208 ἀπογόνου
1369 2174 1423 2201 τῶν
1435 2175 1582 2209 γιγάντων.
1601 2174 1708 2200 ’Λδίνων
1720 2173 1734 2198 ὁ
1751 2171 1827 2196 Ἀσω-

170 2262 174 2267 l
207 2234 286 2254 suum
310 2229 405 2252 contra
437 2228 573 2252 trecentos
594 2225 752 2252 vulneratos
784 2233 838 2252 ιιηο
871 2229 991 2261 tempore

1046 2222 1119 2252 ναῖος
1131 2229 1137 2236 ’
1155 2217 1232 2251 οὗτος
1247 2221 1348 2246 ἐσπᾶτο
1364 2221 1413 2256 τὴν
1431 2220 1568 2256 ῥομφαίαν
1585 2219 1667 2246 αὑτοῦ
1688 2219 1732 2244 ἐπὶ
1754 2216 1827 2242 ὀκτα-

207 2273 314 2305 οίίιιιίι;
332 2272 459 2299 Eleanam
478 2272 549 2299 ﬁlius
564 2271 648 2304 Sose;
668 2271 712 2298 hic
738 2279 800 2298 cum
819 2275 912 2299 essent
926 2279 993 2299 con-

208 2318 308 2353 gregati
327 2317 502 2349 Pbilistbiim,
519 2318 594 2345 solus
616 2317 644 2344 in
666 2325 712 2344 eos
735 2317 825 2348 irruit,
839 2322 920 2352 atque
935 2323 993 2344 tan-

207 2368 264 2391 tam
281 2364 391 2391 illorum
403 2368 521 2399 stragem
538 2363 678 2397 edidit,_ut
693 2364 785 2390 manui
808 2364 893 2398 ipsius
915 2365 994 2390 hasta

209 2412 433 2446 agglutinaretur,
443 2415 469 2438 et
485 2411 601 2446 populus
613 2414 674 2445 post
688 2410 774 2445 ipsius
790 2414 894 2445 tergum
910 2418 995 2437 caesos

212 2457 292 2492 109
305 2457 448 2491 spoliabat.
473 2456 546 2483 Mara
568 2457 639 2484 [ilius
661 2456 715 2483 Asa
742 2455 922 2488 Sarucbzeus;
946 2457 995 2484 iste

210 2503 378 2530 irruentibus
399 2503 544 2530 Philistaeis
570 2510 602 2529 ac
622 2506 725 2537 partem
740 2502 798 2537 agri
817 2502 890 2529 lente
914 2502 996 2529 refer-

209 2553 266 2575 tam
283 2548 441 2583 depopulari
458 2549 621 2580 volentibus,
638 2548 758 2582 fugiente
775 2548 890 2582 populo,
921 2548 997 2575 solus

212 2594 361 2627 obstitit,et
371 2593 523 2622 Philistzeos
537 2599 709 2629 persecutus,
730 2595 787 2629 agri
797 2599 898 2630 partem
906 2603 998 2622 serva-

211 2641 261 2667 vit.
279 2640 390 2667 Eleazar
413 2640 484 2668 filius
505 2640 743 2673 Dodctharchoni;
771 2640 820 2667 iste
837 2660 844 2671 ,
875 2644 998 2675 tempore

211 2685 310 2712 messis
327 2685 493 2716 hordeaceae,
515 2693 577 2712 cum
593 2686 774 2720 irrumperent
788 2685 952 2717 Philisthaci,
972 2690 998 2713 et

213 2730 330 2766 populus
347 2731 461 2767 fugeret,
478 2731 553 2759 solus
572 2731 688 2764 restitit,
707 2735 734 2759 et
755 2731 928 2759 Pbilistbzcos
943 2739 1000 2767 per-

251 2830 288 2863 (8)
305 2829 332 2865 in
347 2830 385 2863 0',
401 2831 511 2865 legitur,
533 2831 656 2859 Ἰεϐοσθὲ.

250 2866 288 2903 (9)
305 2864 367 2893 Haec
380 2864 489 2894 nomina
501 2868 615 2894 multum
629 2867 736 2896 variant
752 2866 779 2895 in
796 2866 817 2894 ll
832 2866 899 2904 Reg.
922 2875 999 2902 xxtu,

1046 2267 1152 2298 κοσίους
1167 2266 1335 2301 στρατιώτας
1350 2266 1475 2299 εἰσάπαξ.
1495 2265 1663 2292 Ἰεσσαιϐαδὰ
1677 2264 1733 2294 υἱὸς
1754 2262 1826 2294 Ἀχα-

1046 2313 1130 2348 μανῆ·
1152 2312 1199 2338 καὶ
1224 2309 1300 2343 οὗτος
1326 2312 1427 2338 ἐσπᾶτο
1450 2312 1498 2347 τὴν
1525 2311 1660 2347 ῥομφαίαν
1681 2307 1759 2336 αὑτοῦ
1784 2303 1825 2331 ἐπὶ

1044 2358 1216 2394 τριακοσίους
1227 2358 1397 2394 τραυματίας
1415 2359 1443 2384 ὲν
1458 2358 1546 2393 καιρῷ
1565 2357 1614 2384 ἑνί.
1636 2354 1759 2382 Ἐλεανᾶν
1774 2351 1825 2380 υἱὸς

1045 2403 1139 2438 Σωσῆ·
1159 2400 1246 2435 οὗτος,
1271 2403 1456 2438 συναχθέντων
1479 2403 1533 2429 τῶν
1556 2401 1726 2435 ἀλλοφύλων,
1752 2396 1825 2432 μόνος

1045 2449 1128 2484 ἥλατο
1141 2449 1183 2475 ἐπ’
1200 2449 1316 2480 αὐτοὺς,
1335 2449 1382 2474 καὶ¹
1397 2449 1494 2480 αὐτοὺς
1511 2449 1559 2483 μὲν
1585 2447 1693 2481 ἀνῄρει,
1717 2443 1783 2469 ὥστε
1799 2438 1826 2463 *3

1046 2495 1109 2530 δόρυ
1132 2494 1290 2529 ἐμπαγῆναι
1314 2495 1347 2529 τῇ
1365 2494 1436 2529 χειρὶ
1459 2493 1561 2519 αὐτοῦ’
1577 2493 1590 2518 ό
1609 2492 1637 2518 δὲ
1661 2489 1722 2519 λαὸς
1745 2484 1825 2530 δπίίξω

1047 2526 1128 2566 αὑτοῦ
1145 2526 1285 2566 ἐσκύλευε.
1302 2526 1385 2575 Misi
1401 2526 1458 2570 υἱὸς
1479 2540 1554 2569 Ἀσᾶ,
1570 2539 1584 2564 ό
1595 2534 1756 2571 Σαρουχαῖος
1764 2539 1771 2545 ’
1786 2526 1826 2554 οἶδ·

1047 2595 1092 2618 τος
1111 2586 1277 2613 ἐπελθόντων
1298 2585 1350 2612 τῶν
1363 2585 1529 2620 ἀλλοφύλων,
1548 2584 1594 2611 καὶ
1608 2579 1770 2617 βουλομένων
1781 2575 1826 2608 ἀρ’

1048 2633 1134 2659 πᾶσαι
1155 2632 1204 2667 τὴν
1231 2632 1327 2668 μερίδα
1340 2632 1386 2658 τοῦ
1408 2631 1493 2666 ἀγροῦ
1506 2651 1513 2663 ,
1527 2630 1617 2665 πλήρη
1633 2626 1712 2653 οὖσαν
1733 2627 1824 2671 saw-tif,

1048 2679 1094 2706 τοῦ
1111 2688 1140 2705 τε
1154 2665 1217 2705 λαοῦ
1231 2665 1373 2713 φυγόντος,
1392 2665 1470 2714 μόνος
1488 2679 1551 2712 ἔστη
1564 2684 1570 2690 ·
1587 2675 1634 2702 καὶ
1647 2673 1706 2702 τοὺς
1724 2669 1769 2704 μὲν
1777 2665 1826 2714 fi)"

1048 2725 1179 2760 λοφύλους
1193 2725 1297 2757 ἐδίωξε,
1314 2725 1358 2752 τὸν
1375 2724 1403 2750 δὲ
1420 2724 1516 2760 μερίδα
1533 2721 1580 2749 τοῦ
1597 2718 1679 2754 ἀγροῦ
1691 2711 1823 2750 ἐφύλαξενο

1053 2835 1080 2859 ct
1095 2830 1123 2858 in
1137 2829 1148 2857 ι
1169 2828 1286 2864 Paralip.
1302 2834 1386 2855 xxvii.
