1915 3057
170 153 224 184 319
736 157 765 185 S.
788 157 947 187 ATUANAS

998 161 1021 188 5.
1043 176 1079 181 --
1095 161 1209 189 DUBIA.
1738 162 1792 190 590

170 216 266 246 tiosos,
281 219 307 243 et
318 219 440 242 aromata
454 214 569 242 inﬁnita.
585 214 652 244 Post
665 220 780 244 mortem
798 216 947 246 Salomonis

1004 220 1077 247 λίθον
1090 221 1190 256 τίμιον.
1204 221 1251 248 καὶ
1268 222 1409 257 ἡδύσματα
1425 222 1561 258 ἀμύθητα.
1578 221 1655 248 Μετὰ
1667 221 1694 247 δὲ
1711 221 1794 250 θάνα.

170 261 199 289 in
216 269 329 296 regnum
356 261 479 288 succedit
499 259 620 288 Roboam
642 261 713 289 ﬁlius
734 262 795 296 ejus
811 272 818 290 :
835 263 887 290 sub
901 271 955 298 quo

168 308 286 334 scissum
298 311 339 334 est
352 314 476 342 regnum,
495 307 532 334 ita
545 312 574 334 ut
588 307 683 335 decem
698 309 786 336 tribus
802 308 955 337 Samariam

170 353 364 383 abscesserint,
384 353 445 380 dua:
458 361 524 380 vero
538 354 649 388 reliqua:
667 355 695 381 in
710 353 861 383 Jerusalem
879 363 956 383 man-

169 399 273 432 serint;
288 398 358 425 Juda
382 399 510 427 videlicet
535 405 561 428 et
585 400 738 435 Benjamin.
758 401 956 436 Compleetitur

169 444 261 479 itaque
277 444 374 471 tertius
397 444 442 471 hic
456 445 525 472 liber
551 452 596 472 res
611 449 703 480 gestas
715 449 742 473 et
757 454 845 474 annos
860 454 954 481 regum

169 490 304 518 istarum:
325 490 492 522 Salomonis,
516 491 563 526 qui
586 491 669 518 simul
688 492 810 519 omnium
834 493 954 520 tribuum

168 543 216 562 rex
232 540 300 562 erat.
316 534 467 569 Postquam
481 540 571 562 autem
588 535 705 563 divisum
721 541 763 563 est
781 544 906 571 regnum,
924 541 955 564 ut

168 580 299 614 diximus,
316 581 343 608 in
364 581 458 609 Judaza
481 581 598 609 duarum
622 583 744 609 tribuum
771 583 953 618 principatum

168 632 312 662 gesserunt
331 627 464 658 Roboam,
481 628 561 660 Abia,
578 628 634 655 Asa
652 632 678 655 et
688 627 822 663 Josapbat
837 639 842 655 :
860 630 953 657 decem

168 681 233 700 vero
249 674 415 708 reliquarum
434 674 461 700 in
478 673 612 706 Samaria,
628 673 785 707 Jeroboam,
804 675 884 710 110
898 675 953 702 Na-

167 718 244 749 batlt.
260 718 358 750 Baasa,
374 718 452 750 Elan,
476 719 592 747 Zatnbre
606 724 633 747 et
657 720 778 748 Acliaab.
803 721 914 749 Tractat
927 725 954 749 et

167 764 202 791 dc
218 765 367 799 prophetis,
396 765 524 792 videlicet
551 766 612 793 istis
629 775 635 793 ε
653 766 686 793 de
709 766 826 799 Nathan,
845 766 902 794 Gad
927 771 955 794 et

168 810 254 836 Aclria
269 810 401 841 Selonita.
423 818 530 838 necnon
541 811 576 838 de
594 819 627 838 eo
637 812 685 847 qui
699 816 794 840 contra
809 813 894 840 altare
905 813 955 841 Sa-

168 858 262 884 maria:
274 858 420 890 clamavit;
433 858 467 885 de
479 858 536 885 Elia
547 863 574 885 et
590 859 683 885 Elisco
692 878 700 890 ,
718 863 745 886 et
755 867 798 891 eo,
813 859 859 894 qui
873 860 953 895 (regi)

1004 275 1049 293 τον
1058 267 1226 302 Σαλομῶνος.
1234 267 1367 300 διεδέξατο
1375 269 1390 295 ὁ
1398 268 1455 300 υἱὸς
1466 268 1547 295 αὑτοῦ
1562 267 1678 303 Ῥοϐοὰμ
1684 268 1732 304 τὴν
1741 269 1791 303 βα-

1005 312 1121 339 σιλείαν·
1133 313 1180 339 καὶ
1193 313 1236 340 ἐπ’
1246 313 1328 340 αὐτοῦ
1339 313 1450 349 ἐσχίσθη
1462 314 1478 349 ἡ
1492 313 1561 348 ἀρχή
1572 321 1579 328 ⁸
1595 312 1642 339 καὶ
1661 313 1726 340 δέκα
1741 314 1792 349 μὲν

1005 357 1086 392 φυλαὶ
1102 358 1223 394 ἀπῆλθον
1233 359 1273 390 εἰς
1287 358 1440 393 Σαμάρειαν
1453 366 1460 373 ⁶
1474 357 1520 384 δύο
1533 357 1561 383 δὲ
1573 357 1682 392 ἔμειναν
1697 358 1726 384 ἐν
1741 359 1791 384 ἰε-

1005 403 1156 439 ρουσαλὴμ,
1179 405 1196 439 ἡ
1213 404 1299 431 Ἰούδα
1326 404 1404 440 καὶὴ
1434 404 1571 438 Βενιαμίν.
1595 403 1670 430 Εἰσὶν
1691 401 1736 430 οὖν
1756 404 1793 430 τὰ

1004 450 1220 485 ἐμπεριεχόμενα
1237 450 1323 486 τούτῳ
1347 450 1386 486 τῷ
1401 450 1484 486 τρίτῳ
1502 449 1595 485 βιϐλίῳ
1611 450 1722 485 πράξεις
1744 451 1793 477 καὶ

1005 494 1050 531 ἔτη
1083 495 1212 530 βασιλέων
1238 496 1359 523 τούτων’
1387 495 1545 532 Σαλομῶνος
1569 495 1698 531 βασιλέως
1723 496 1793 522 πάν-

1003 549 1057 568 των
1071 542 1147 577 ὁμοῦ.
1167 543 1243 570 Μετὰ
1262 543 1289 569 δὲ
1303 542 1351 578 τὴν
1371 542 1502 578 διαίρεσιν
1517 542 1567 577 τῆς
1593 541 1737 577 βασιλείας,
1753 543 1793 574 ὡς

1004 587 1121 624 είρηται,
1147 587 1201 614 τῶν
1220 589 1269 624 μὲν
1282 589 1310 615 ἐν
1337 589 1450 624 Ἰουδαίᾳ
1465 588 1598 623 βασιλέων
1609 587 1662 614 τῶν
1677 587 1723 614 δύο
1738 597 1792 623 φυ-

1004 632 1067 664 λῶν,
1094 633 1221 669 Ῥοϐοὰμ,
1249 634 1348 666 Ἀϐιοῦ,
1370 635 1444 666 Ἀσᾶ,
1464 634 1512 660 καὶ
1531 633 1680 669 Ἰωσαφάθ·
1694 633 1747 661 τῶν
1764 634 1794 661 δὲ

1004 679 1034 704 ὲν
1049 679 1190 715 Σαμαρείᾳ
1210 679 1340 714 βασιλέων
1353 680 1407 706 τῶν
1423 680 1488 706 δέκα
1505 679 1606 714 φυλῶν,
1639 680 1793 715 Ὶεροϐοᾶμ,

1004 724 1109 756 Ναϐἁθ,
1137 725 1242 756 Βαασᾶ,
1263 725 1354 757 Ἠλὰν,
1383 726 1507 762 Ζαμϐρῆ,
1524 726 1570 752 καὶ
1592 726 1702 761 Ἀχαάϐ.
1734 727 1795 753 Καὶ

1005 771 1069 806 περὶ
1081 771 1227 806 προφητῶν
1240 771 1268 798 δὲ
1291 772 1467 806 διαλαμϐάνει
1491 771 1608 799 τούτων·
1625 771 1727 803 Ναϐὰν,
1743 773 1795 798 καὶ

1004 815 1068 847 Γὰδ,
1083 816 1130 842 καὶ
1146 817 1222 851 Ἀχιᾶ
1241 816 1287 843 τοῦ
1302 817 1462 852 Σηλωνίτου,
1489 817 1537 844 καὶ
1555 817 1602 846 τοῦ
1628 818 1795 844 ἐπικαλεσα-

1007 861 1086 896 μένου
1096 862 1141 888 ἐπὶ
1155 862 1185 888 τὸ
1200 862 1392 898 θυσιαστήριον
1407 863 1458 898 τῆς
1474 864 1631 900 Σαμαρείας
1643 872 1650 878 ·
1667 863 1712 890 καὶ
1727 864 1795 899 περὶ

167 904 278 930 Achaab
295 904 467 939 propltetavit
487 903 520 931 de
545 904 601 931 ﬁlio
616 904 699 936 Ader,
715 909 741 932 et
756 905 830 933 illius
842 913 947 940 percus-

1012 906 1100 934 Ἡλίου
1117 908 1164 934 καὶ
1186 908 1346 940 Ἐλισσαίου,
1366 909 1413 936 καὶ
1435 908 1481 935 τοῦ
1499 909 1733 945 προφητεύσαντος
1751 910 1795 945 τῷ

167 956 239 980 sere,
253 949 298 984 qui
312 954 339 976 et
355 949 466 976 Acltaab
479 950 673 984 reprehendit;
691 949 765 985 quod
776 950 824 977 ﬁlii
840 951 955 986 prophe-

166 998 255 1022 tarum
270 1003 393 1023 seorsum
406 995 489 1022 vitam
504 995 646 1023 ducerent.
663 996 784 1024 liabetur
794 997 876 1024 etiam
901 997 953 1023 hoc

166 1041 246 1073 libro,
264 1043 402 1077 quomodo
421 1043 624 1078 prophetaverit
638 1043 722 1076 Elias,
735 1047 763 1070 et
780 1051 834 1070 non
853 1043 953 1078 pluerit

165 1095 214 1122 per
228 1093 283 1115 tres
307 1096 406 1120 annos,
431 1093 458 1115 et
478 1090 553 1115 corvi
590 1093 702 1124 propter
718 1089 830 1116 verbum
843 1089 952 1116 Domini

164 1141 244 1161 tuane
257 1142 350 1168 panes,
371 1135 477 1169 vesperi
498 1142 596 1162 carnes
623 1136 675 1170 ipsi
699 1135 858 1162 detulerint.
878 1135 951 1162 Επε-

163 1180 200 1207 cit
215 1180 296 1207 etiam
311 1181 338 1207 in
355 1179 488 1216 Sarephta
505 1180 624 1208 Sidonia:
641 1189 689 1216 per
704 1181 816 1208 verbum
832 1181 949 1211 Domini,

165 1225 302 1260 utltydria
325 1226 419 1253 farina:
445 1227 534 1254 vidua:
564 1235 618 1254 non
641 1227 780 1259 defecerit,
797 1232 824 1254 et
847 1228 950 1254 oleario

162 1271 275 1298 vaseulo
294 1271 361 1298 nihil
385 1273 542 1299 decesserit.
561 1272 698 1300 Praeterea
725 1277 752 1300 et
780 1273 864 1299 lilium
890 1274 950 1307 ejus

163 1323 303 1345 mortuum
320 1318 425 1345 orando
441 1319 504 1345 vitae
520 1319 651 1349 restituit.
667 1323 694 1346 et
716 1318 864 1353 prophetas
886 1318 949 1345 Baal

161 1364 250 1391 occidi
264 1365 381 1397 curavit,
394 1372 510 1399 quorum
530 1372 662 1391 numerus
682 1368 740 1392 erat
756 1364 949 1399 quadringenti

161 1410 370 1446 quinquaginta.
394 1409 539 1437 Iordanem
576 1418 684 1445 quoque
715 1410 813 1437 melote
836 1417 949 1444 percus-

162 1456 208 1487 sit,
234 1457 360 1490 nndaque
378 1456 450 1483 illius
469 1457 597 1491 utrinquu
613 1457 711 1487 divisa.
731 1456 814 1491 pedes
837 1456 948 1483 ﬂttvium

161 1502 296 1529 transivit.
310 1501 484 1530 Terminatur
497 1507 586 1529 autem
602 1503 701 1530 tertius
713 1503 757 1529 hic
778 1503 846 1530 liber
859 1507 949 1530 morte

161 1547 272 1574 Acbaab
289 1548 361 1583 regis
374 1547 468 1580 Israel,
485 1553 511 1575 et
526 1553 612 1575 morte
629 1548 760 1583 .losapltat
781 1549 853 1583 regis
867 1547 946 1580 Juda,

160 1593 290 1621 desinens
305 1594 332 1620 in
351 1594 515 1630 principium
531 1594 606 1629 regni
624 1593 750 1621 Oclmzia:
767 1593 813 1621 ﬁlii
825 1593 946 1626 Acliaab,

159 1640 230 1667 etin
250 1640 416 1676 principium
443 1641 520 1676 regni
540 1640 633 1668 Joram
655 1641 702 1668 ﬁlii
722 1640 855 1676 Josaphat
875 1641 947 1676 regis

159 1684 239 1713 Juda.

399 1829 473 1857 Liber
488 1829 541 1863 IV,
557 1830 714 1866 Regnorum.

198 1873 241 1902 16.
261 1874 290 1901 In
306 1878 404 1909 quarto
415 1875 485 1902 libro
495 1881 651 1908 enarratur,
668 1876 804 1911 quomodo
829 1876 884 1904 duo
895 1877 947 1905 du-

159 1927 205 1947 ces
223 1919 451 1955 quinquagenarii
467 1920 539 1955 regis
554 1920 680 1948 Ochozite
699 1922 761 1956 igne
776 1923 885 1950 cmlitus
897 1931 946 1958 per

159 1965 271 1992 verbum
287 1965 350 1992 Eli-ae
366 1966 505 2000 prophetae
516 1967 684 2002 consumpti,
698 1972 725 1994 et
742 1968 816 1996 Elias
834 1968 943 1996 tandem

159 2011 282 2038 sublatus
299 2010 345 2041 sit,
373 2010 541 2046 spiritusque
563 2011 629 2040 Elia:
656 2012 746 2040 Eliseo
768 2015 942 2049 requieverit,

159 2055 195 2082 ita
204 2059 233 2082 ut
244 2059 336 2082 essent
346 2055 370 2081 ei
382 2055 501 2090 duplicia
514 2056 542 2082 in
553 2057 661 2091 spiritu.
676 2057 819 2091 Quomodo
838 2059 944 2088 Eliseus

159 2100 336 2130 Sunamitidis
345 2102 427 2129 ﬁlium
440 2108 575 2130 mortuum
589 2105 725 2138 precando
735 2105 904 2137 excitaverit,
917 2109 943 2133 et

157 2146 283 2174 Neaeman
304 2147 401 2184 Syrum
421 2156 436 2175 a
451 2149 526 2184 lepra
548 2150 732 2182 mundaverit,
747 2151 857 2178 vascula
874 2159 943 2178 uxo-

157 2193 196 2220 ris
211 2194 349 2229 proplietae
371 2195 473 2221 mortui
498 2195 526 2222 in
547 2195 631 2223 verbo
659 2195 764 2223 Domini
780 2197 842 2224 oleo
856 2197 942 2232 reple-

1010 952 1111 987 Ἀχαὰϐ
1125 953 1188 988 περὶ
1203 953 1251 980 τοῦ
1263 953 1320 980 υἱοῦ
1337 954 1424 990 Ἀδὲρ,
1440 955 1488 981 καὶ
1501 954 1548 980 τοῦ
1562 954 1729 986 πατάξαντος
1744 955 1796 981 αὐ-

1001 997 1057 1030 τὸν,
1077 998 1124 1024 καὶ
1140 997 1297 1032 ἐλέγξαντος
1326 999 1371 1026 τὸν
1389 1000 1507 1035 Ἀχαάϐ’
1535 1000 1583 1026 καὶ
1596 1001 1635 1026 ὅτι
1652 998 1720 1036 ἦσαν
1736 1002 1795 1027 υἱοὶ

1001 1042 1055 1069 τῶν
1073 1043 1219 1078 προφητῶν
1237 1043 1295 1070 καθ’
1308 1044 1420 1075 ἑαυτοὺς
1440 1044 1654 1080 ἀναχωροῦντες.
1667 1045 1743 1072 Ἔστι
1760 1045 1794 1071 δὲ

1001 1088 1030 1115 ὲν
1043 1087 1130 1123 τούτῳ
1144 1088 1182 1124 τῷ
1206 1089 1311 1124 βιϐλίῳ,
1338 1090 1396 1121 πῶς
1408 1090 1502 1121 Ἠλίας
1524 1091 1719 1126 προεφήτευσε,
1742 1090 1794 1117 καὶ

1000 1133 1050 1159 οὐκ
1063 1133 1171 1169 ἔϐρεξεν
1188 1134 1234 1160 ἐπὶ
1249 1133 1296 1168 ἔτη
1311 1134 1384 1169 τρία,
1401 1134 1447 1160 καὶ
1463 1135 1503 1160 ὅτι
1521 1135 1544 1160 οἱ
1562 1135 1676 1170 κόρακες
1691 1135 1793 1170 ἔφερον

1000 1178 1076 1213 αὐτῷ
1088 1179 1131 1205 διὰ
1151 1180 1261 1214 ῥήματα
1278 1180 1381 1214 Κυρίου
1396 1181 1501 1215 πρωῖας
1518 1181 1566 1215 μὲν
1577 1181 1684 1216 ἄρτους,
1698 1180 1793 1216 δείλης

1000 1224 1027 1250 δὲ
1043 1225 1120 1260 κρέα.
1139 1226 1188 1251 Ἕν
1204 1233 1233 1251 τε
1250 1226 1282 1260 τῇ
1302 1225 1428 1260 Σαρεφθᾰ
1444 1226 1493 1261 τῆς
1507 1226 1635 1257 Σιδωνίας
1655 1225 1792 1260 πεποίηκε

999 1268 1044 1295 διὰ
1053 1270 1162 1304 ῥήματα
1178 1270 1279 1305 Κυρίου
1293 1271 1330 1306 μὴ
1344 1271 1466 1305 ἐκλεῐψαι
1476 1270 1526 1305 τῆς
1536 1272 1621 1306 χήρας
1635 1271 1683 1305 τὴν
1695 1271 1792 1306 ὑδρίαν

999 1315 1047 1342 τοῦ
1064 1316 1190 1352 ἀλεύρου,
1205 1317 1250 1343 καὶ
1266 1317 1311 1343 τὸν
1325 1317 1473 1352 καμψάκην
1490 1317 1536 1343 τοῦ
1553 1317 1642 1343 ἐλαίου
1658 1317 1694 1352 μὴ
1709 1317 1791 1342 ἐλατ-

999 1361 1154 1396 τονηθῆναι.
1170 1363 1224 1389 Καὶ
1237 1362 1282 1388 τὸν
1298 1363 1418 1397 μὲνβυὶὸν
1433 1363 1518 1398 αὐτῆς
1532 1363 1698 1390 ἀποθανόντα
1710 1364 1790 1399 ἤγει-

1000 1415 1047 1443 ρεν
1065 1407 1226 1442 εὐξάμενος·
1243 1408 1304 1439 τοὺς
1317 1408 1344 1434 δὲ
1365 1409 1506 1444 προφήτας
1520 1409 1565 1435 τοῦ
1575 1409 1646 1436 Βάαλ
1661 1409 1790 1444 ἐποίησεν

998 1453 1183 1489 ἀναιρεθῆναι,
1197 1454 1275 1485 ὂντας
1295 1454 1338 1479 τὸν
1349 1454 1464 1490 ἀριθμὸν
1481 1458 1528 1482 υν’.
1551 1455 1605 1481 Καὶ
1621 1456 1654 1490 τῇ
1676 1455 1787 1492 μηλωτῇ

998 1499 1027 1526 δὲ
1043 1500 1161 1532 ἐπάταξε
1177 1501 1222 1527 τὸν
1240 1502 1384 1538 Ἰορδάνην,
1397 1503 1443 1529 καὶ
1459 1502 1568 1538 διῃρέθη
1587 1502 1649 1529 ἔνθα
1663 1503 1710 1529 καὶ
1724 1503 1789 1530 ἔνθα

998 1545 1028 1572 τὸ
1040 1546 1121 1582 ὕδωρ,
1136 1547 1182 1573 καὶ
1196 1547 1271 1582 διέϐη
1284 1547 1322 1583 τῷ
1338 1548 1398 1574 ποδὶ
1418 1548 1462 1575 τὸν
1478 1548 1609 1584 ποταμόν.
1622 1549 1707 1584 Λήγει
1723 1548 1750 1575 δὲ
1768 1550 1785 1584 ἡ

1000 1591 1090 1626 βίϐλος
1103 1593 1171 1628 αὑτὴ
1191 1594 1230 1625 είς
1258 1594 1303 1620 τὸν
1329 1594 1444 1622 θάνατον
1464 1595 1511 1621 τοῦ
1529 1594 1630 1630 ’Λχαάϐ
1655 1595 1788 1630 βασιλέως

1005 1637 1123 1674 Ἰσραὴλ,
1150 1639 1196 1665 καὶ
1225 1640 1264 1671 εἰς
1281 1640 1326 1666 τὸν
1353 1640 1466 1667 θάνατον
1487 1641 1620 1676 Ἰωσαφὰτ
1654 1641 1786 1676 βασιλέως

1004 1683 1099 1714 Ἰούδα,
1125 1685 1171 1710 καὶ
1185 1685 1225 1716 εἰς
1248 1685 1298 1721 τὴν
1322 1686 1408 1721 ἀρχὴν
1429 1686 1565 1721 βασιλείας
1584 1686 1702 1721 Ὀχοζίου
1725 1686 1784 1712 υἱοῦ

1003 1729 1115 1765 Ἀχαὰϐ,
1133 1731 1180 1758 καὶ
1205 1732 1244 1764 είς
1269 1732 1319 1768 τὴν
1336 1732 1422 1769 ἀρχὴν
1445 1732 1546 1768 Ἰωρὰμ
1567 1732 1626 1759 υἱοῦ
1651 1732 1785 1767 Ἰωσαφὰτ

997 1774 1129 1810 βασιλέως
1149 1776 1243 1803 Ἰούδα.

1207 1833 1316 1866 Βίϐλος
1332 1833 1367 1865 δ’,
1392 1833 1568 1861 Βασιλειῶν.

1031 1877 1075 1904 16.
1096 1878 1140 1905 Ἐν
1155 1878 1183 1905 δὲ
1198 1880 1230 1914 τῇ
1245 1879 1361 1915 τετάρτῃ
1377 1879 1460 1914 βίϐλῳ
1475 1880 1543 1911 ἐστὶ,
1558 1879 1615 1911 πῶς
1626 1880 1650 1906 ot
1662 1879 1709 1906 δύο
1721 1888 1786 1906 πεν-

994 1924 1173 1960 τηκόνταρχοι
1189 1925 1235 1951 τοῦ
1257 1925 1375 1961 Ὀχοζίου
1396 1926 1462 1961 πυρὶ
1481 1925 1656 1960 ἀνηλώθησαν
1671 1926 1714 1952 διὰ
1735 1927 1785 1961 ῥή-

997 1979 1069 2004 ματα
1085 1970 1175 1996 Ἡλίου
1190 1970 1236 1997 τοῦ
1252 1972 1402 2007 προφήτου,
1413 1971 1459 1997 καὶ
1471 1971 1511 1997 ὅτι
1525 1970 1661 2006 ἀνελήφθη
1679 1970 1782 2003 Ἠλίας,

995 2016 1042 2042 καὶ
1058 2016 1263 2043 ὲπανεπαύσατο
1278 2016 1325 2043 ἐπὶ
1353 2017 1485 2043 Ἐλισσαιὲ
1503 2016 1533 2043 τὸ
1553 2016 1659 2052 πνεῦμα
1679 2016 1781 2048 Ὴλίου,

994 2062 1042 2087 καὶ
1067 2062 1176 2096 γέγονεν
1197 2062 1272 2096 αὐτῷ
1295 2062 1376 2089 διπλᾶ
1396 2064 1424 2088 ὲν
1445 2062 1596 2098 πνεύματι·
1623 2063 1669 2089 καὶ
1689 2062 1747 2094 πῶς
1768 2063 1782 2089 ὁ

999 2105 1150 2138 Ἦλισσαῖος
1171 2106 1216 2133 τὸν
1237 2106 1285 2141 μὲν
1307 2106 1364 2132 υἱὸν
1385 2107 1434 2140 τῆς
1462 2107 1652 2142 Σουναμίτιδος
1675 2107 1781 2134 ἀποθα-

993 2151 1072 2178 νόντα
1086 2152 1194 2187 ῆγειρεν
1211 2152 1366 2187 εὐξάμενος,
1383 2152 1428 2178 τὸν
1441 2152 1469 2178 δὲ
1493 2152 1615 2188 Νεαιμὰν
1636 2152 1681 2179 τὸν
1696 2153 1782 2188 Σύρον

993 2197 1155 2233 ἐκαθάρισεν
1172 2197 1227 2224 ἀπὸ
1249 2198 1298 2232 τῆς
1318 2197 1432 2234 λέπρας,
1453 2198 1502 2233 τῆς
1523 2207 1553 2224 τε
1578 2198 1705 2232 γυναικὸς
1732 2199 1780 2225 τοῦ

156 2241 246 2268 verit:
262 2241 324 2267 item
336 2241 410 2276 quod
429 2249 512 2277 super
527 2250 591 2269 ossa
617 2243 704 2277 ipsius
726 2244 826 2270 mortui
846 2244 942 2278 cujus-

998 2244 1133 2278 προφήτου
1150 2244 1313 2279 τὲεπλήρωκε
1329 2244 1363 2270 τὰ
1377 2245 1474 2278 ἀγγεῖα
1489 2244 1577 2270 ἐλαίου
1593 2245 1621 2270 ἐν
1640 2244 1710 2280 λόγῳ
1722 2246 1780 2271 Κυ-

155 2285 218 2314 dam
235 2287 351 2314 accincti
369 2287 490 2315 hominis
506 2287 622 2315 cadaver
638 2289 805 2323 conjectum,
819 2297 881 2315 mox
900 2294 940 2316 at-

155 2340 208 2367 que
225 2333 363 2368 prophetae
377 2341 440 2360 ossa
453 2334 592 2369 tetigerat,
612 2335 743 2361 revixerit
757 2343 764 2361 :
781 2335 852 2369 quod
877 2343 939 2361 cum

155 2377 254 2405 melote
284 2377 348 2405 Elite
377 2377 522 2405 Jordanem
545 2380 722 2414 percusserit,
751 2380 940 2415 dircmptaque

153 2423 205 2450 hac
215 2427 296 2458 atque
313 2425 374 2451 illac
387 2425 470 2456 unda,
481 2425 596 2460 pedibus
611 2429 637 2453 et
657 2426 714 2461 ipse
726 2426 837 2454 ﬂuvium
848 2431 938 2454 trans-

154 2469 244 2496 iverit.
269 2470 433 2498 Continetur
447 2471 529 2498 etiam
557 2472 612 2500 isto
637 2473 786 2505 volumine,
802 2473 940 2508 quomodo

154 2514 329 2542 Senacherim
350 2520 376 2543 et
394 2516 535 2552 Bapsakes
553 2522 614 2553 post
631 2519 732 2546 multas
755 2519 939 2554 blaspltomias

153 2561 286 2596 proﬂigati
305 2566 379 2595 sunt,
397 2563 486 2598 deque
503 2564 625 2591 exercitr:
651 2565 772 2600 ipsorum
791 2573 843 2592 una
859 2570 939 2593 nocte

151 2607 244 2635 occisa
269 2613 333 2635 sunt
362 2615 471 2637 centum
498 2611 638 2646 octoginta
663 2612 785 2646 quinque
814 2612 937 2639 virorum

152 2653 237 2680 millia
255 2663 262 2682 τ
278 2659 304 2681 et
321 2656 458 2689 quomodo
470 2655 561 2685 Josias
578 2666 625 2685 rex
644 2658 772 2686 universa
788 2659 938 2686 simulacra

153 2699 305 2730 sustulerit,
323 2699 400 2727 lucos
421 2701 580 2732 succiderit,
595 2708 620 2728 et
643 2701 758 2735 Pascha,
774 2704 846 2730 sicut
869 2704 939 2730 scri-

150 2746 226 2775 ptum
238 2749 288 2777 est,
306 2745 358 2772 rite
372 2748 532 2774 servaverit.
558 2747 646 2775 Habet
668 2748 713 2775 hic
739 2749 807 2776 liber
830 2748 936 2784 Regum

149 2796 258 2823 unoque
276 2796 352 2825 gesta
367 2796 394 2820 et
420 2800 507 2820 annos
529 2802 634 2824 eorum,
662 2794 709 2829 qui
733 2795 760 2822 in
786 2795 879 2822 Judzea
894 2803 945 2826 re-.

149 2840 279 2870 guarunt,
290 2835 381 2864 Joram
408 2836 543 2869 Ochoziae,
555 2838 630 2870 Joas,
643 2840 769 2871 Amasuc,
788 2839 867 2870 Osiaz.
878 2839 938 2867 Joa-

143 2881 233 2915 .tltam,
251 2881 351 2916 Achaz,
363 2881 495 2916 Ezecliim,
514 2882 647 2916 ManaSse,
661 2884 754 2917 Amos,
767 2883 857 2917 Josiw,
874 2883 936 2912 Joa-

993 2288 1061 2324 ρίου,
1083 2289 1129 2314 καὶ
1152 2288 1198 2314 ἐπὶ
1223 2287 1257 2314 τὰ
1272 2289 1338 2315 ὀστᾶ
1355 2289 1383 2315 δὲ
1401 2288 1483 2315 αὐτοῦ
1508 2288 1576 2324 μετὰ
1602 2288 1714 2315 θάνατον
1731 2290 1778 2324 ἐρ-

992 2335 1056 2370 ρίφη
1072 2335 1168 2370 νεκρὸς
1194 2334 1354 2370 μονόζωνος,
1380 2335 1427 2361 καὶ
1441 2334 1479 2366 ὡς
1497 2334 1585 2369 ἥψατο
1606 2334 1659 2361 τῶν
1676 2335 1781 2363 ὀστέων

990 2381 1037 2407 τοῦ
1055 2382 1205 2416 προφήτου,
1221 2380 1351 2415 ἀνέζησε·
1366 2380 1412 2406 καὶ
1426 2382 1458 2416 τῇ
1479 2380 1588 2416 μηλωτῇ
1609 2381 1698 2407 Ἡλίου
1709 2381 1779 2408 ἐπά-

990 2426 1054 2458 ταξε
1068 2426 1112 2452 τὸν
1133 2426 1277 2462 Ἰορδάνην,
1301 2426 1347 2453 καὶ
1372 2425 1481 2462 διῃρέθη
1499 2426 1574 2452 ἐνθεν
1596 2427 1641 2452 καὶ
1657 2425 1732 2453 ἔνθεν
1747 2427 1780 2453 τὸ

991 2471 1073 2508 ὕδωρ,
1085 2473 1131 2499 καὶ
1145 2472 1219 2508 διέϐη
1232 2472 1300 2508 πεζῇ
1316 2472 1362 2499 καὶ
1373 2472 1545 2503 αὐτός.”Εστι
1556 2472 1584 2498 δὲ
1601 2474 1629 2499 ὲν
1641 2472 1728 2508 τούτῳ
1739 2473 1780 2508 τῷ

991 2516 1085 2552 βιϐλίῳ
1096 2517 1142 2544 καὶ
1155 2517 1214 2549 πῶς
1227 2517 1241 2543 ὸ
1251 2517 1300 2552 μὲν
1312 2517 1482 2553 Σεναχηρεὶμ
1493 2517 1540 2544 καὶ
1550 2517 1698 2553 Ῥαψάκης,
1713 2518 1779 2544 πολ-

989 2561 1023 2589 λὰ
1040 2562 1294 2598 βλασφημήσαντες,
1308 2563 1474 2598 ἐδιώχθησαν
1487 2562 1534 2589 καὶ
1542 2563 1657 2598 χιλιάδες
1673 2563 1779 2599 ἀνδρῶν

989 2608 1078 2635 αὐτῶν
1091 2612 1148 2644 ρπε¹
1164 2609 1192 2635 ὲν
1206 2609 1254 2644 μιᾷ
1269 2609 1356 2636 νυκτὶ.
1370 2609 1398 2636 Ὀ
1411 2609 1438 2635 δὲ
1453 2609 1579 2644 βασιλεὺς
1596 2610 1700 2641 Ἰωσίας
1710 2609 1779 2636 καθ-

989 2655 1042 2681 εῖλε
1058 2655 1144 2681 πάντα
1165 2655 1200 2682 τὰ
1218 2655 1326 2687 εἴδωλα,
1340 2656 1387 2682 καὶ
1398 2655 1432 2682 τὰ
1444 2656 1512 2692 ἄλση
1530 2657 1652 2691 ἐξέκοψε,
1665 2655 1711 2682 καὶ
1728 2664 1778 2682 πε-

989 2699 1086 2734 ποίηκε
1106 2700 1136 2726 τὸ
1155 2701 1259 2736 Πάσχα,
1271 2699 1309 2732 ὡς
1327 2701 1480 2736 γέγραπται
1493 2702 1625 2737 νομίμως.
1653 2699 1777 2737 Περιέχει

988 2747 1016 2774 δὲ
1034 2749 1049 2782 ἠ
1068 2747 1157 2781 βίϐλος
1172 2748 1218 2774 καὶ
1235 2747 1347 2783 πράξεις
1363 2747 1494 2782 βασιλέων
1512 2748 1559 2774 καὶ
1575 2747 1621 2783 ἔτη
1632 2756 1638 2762 ·
1654 2747 1708 2773 τῶν
1725 2746 1776 2782 μὲν

988 2794 1017 2819 ὲν
1049 2793 1162 2828 Ἰουδαίᾳ
1189 2794 1298 2828 Ἰωρὰμ,
1333 2794 1381 2820 καὶ
1404 2793 1522 2828 Ὀχοσίου
1559 2795 1605 2821 καὶ
1629 2793 1702 2825 Ίωᾶς
1728 2793 1776 2819 καὶ

995 2837 1137 2872 ’Λμεσσία,
1155 2838 1202 2864 καὶ
1223 2837 1320 2870 Ὀςίου,
1343 2838 1390 2864 καὶ
1411 2837 1533 2870 Ἰωάθαν,
1549 2838 1596 2864 καὶ
1612 2836 1703 2874 ’Λχὰζ,
1726 2837 1776 2863 καὶ

995 2883 1125 2916 Ἐζεκίου,
1141 2885 1186 2910 καὶ
1205 2883 1349 2918 Μανασσῆ,
1365 2883 1411 2910 καὶ
1429 2882 1529 2918 Ἀμὼς,
1546 2884 1591 2910 καὶ¹
1616 2883 1716 2914 Ἰωσία,
1727 2883 1775 2910 καὶ
