1915 3057
53 148 59 153 ,
106 121 155 151 5‘21

635 129 803 157 SYNOPSIS
821 131 1029 160 δεηιρτυιιίε
1047 133 1187 164 ΞΑΕΒεῈ.

1681 144 1734 173 322

111 181 234 216 Ἰωάχαζ,
243 183 291 209 καὶ
304 183 454 220 Ἐλιακςὶμ,
464 185 512 212 καὶ
526 186 664 222 ’ῐωακεὶμ,
680 189 728 214 καὶ
739 188 880 216 Ματθανὰν

947 191 1025 224 chaz,
1042 191 1168 226 Eliakim,
1184 193 1290 222 Joakim
1316 200 1343 223 et
1359 194 1529 231 Matthanan,
1544 198 1589 233 qui
1605 203 1632 226 et
1650 199 1734 228 Sede-

103 225 148 251 τοῦ
165 227 213 252 καὶ
230 227 357 255 Σεδεκία’
374 229 428 255 τῶν
442 230 470 256 δὲ
488 232 516 256 ἐν
529 230 671 268 Σαμαρείᾳ
685 232 817 268 Ὀχοζίου,
849 235 896 261 καὶ

109 271 220 307 Ἰωρὰμ,
241 274 288 299 καὶ
309 274 369 307 Ὶοῦ,
391 276 436 302 καὶ
459 277 584 312 Ἰωάχαζ,
603 279 651 304 καὶ
673 279 761 311 Ἰωᾶς,
785 281 832 306 καὶ
849 280 897 307 ’ἰε-

102 317 217 352 ροῦοὰμ,
237 319 283 345 καὶ
300 321 446 356 Ζαχαρίου,
463 322 510 348 καὶ
536 323 666 359 Σελλοὺμ,
691 325 738 350 καὶ
763 326 895 361 Μαναὴμ,

103 364 149 390 ut
165 365 385 397 Φακεσσίου,καὶ
402 368 499 400 Φακὲς,
515 370 561 395 καὶ
578 370 672 405 Ὠσηέ·
689 372 736 397 καὶ
749 373 811 407 περὶ
828 381 896 408 προ-

100 410 204 446 φητῶν,
219 411 305 442 Ἠλία,
327 413 374 439 καὶ
389 413 521 440 Ἐλισσαιὲ
532 435 539 446 ,
555 416 601 442 καὶ
620 416 741 447 Ἡσαΐου,
754 419 801 444 καὶ
813 419 894 454 Ἱερε-

100 458 175 489 μίου,
193 456 239 481 καὶ
262 457 301 482 ὃτι
318 458 334 492 ἡ
355 457 404 492 μὲν
422 458 546 493 βασιλεία
570 461 727 497 Σαμαρείας
757 463 895 491 πέπαυται

96 500 146 526 ἐπὶ
163 501 254 536 Ὀσηὲ,
273 502 324 537 υίῷ
336 503 403 529 Ἠλᾶ
416 504 453 539 τῷ
471 505 517 531 καὶ
529 506 660 540 σφάξαντι
675 508 719 534 τὸν
739 509 826 535 Φακεὲ
838 510 895 537 υἱὸν

103 547 246 582 Ῥομελίου
257 557 263 564 ·
281 550 297 584 ἡ
315 549 343 576 δὲ
359 550 409 585 τῆς
424 551 601 588 Ἰερουσαλὴμ
618 553 739 588 βασιλεία
757 556 894 584 πέπαυται

95 593 146 619 ἐπὶ
165 594 286 630 Σεδεκίᾳ.
306 596 360 622 Καὶ
382 596 463 628 αὐτὸς
484 597 539 633 γὰρ
554 599 664 636 ἀπήχθη
680 602 719 632 είς
735 602 893 635 Βαϐυλῶνα,

95 637 145 664 καὶ
159 638 365 674 ἀφαιρεθέντων
379 641 461 667 αὐτοῦ
479 642 533 669 τῶν
548 643 705 680 ὀφθαλμῶν,
722 647 763 678 εἰς
782 647 893 682 μύλωνα

95 684 198 720 ἐϐλήθη
209 685 256 720 ἐτη
270 690 326 718 κζ’.
338 687 416 714 Μετὰ
432 689 529 722 ταῦτα,
539 689 645 725 ὕψωσεν
657 692 738 719 αὑτὸν
752 693 797 720 τὸν
817 694 894 721 Ὶωα-

95 729 165 764 κεὶμ
181 729 308 764 βασιλεὺς
321 731 487 766 Βαϐυλῶνος,
504 735 550 761 καὶ
563 735 645 762 ἔδωκε
662 737 735 772 αὐτῴ
742 737 787 764 τὸν
800 738 894 774 θρόνον

95 775 190 802 ἐπάνω
201 776 255 803 τῶν
271 778 330 803 ἐκεῖ
345 777 488 812 βασιλέων,
501 781 548 807 καὶ
563 782 692 817 συνήσθιε
707 784 753 810 καὶ
767 785 893 812 συνέπινε

97 822 160 856 μετ’
185 822 267 849 αὑτοῦ
295 823 347 855 ἕως
363 825 469 861 ἡμέρας
498 827 570 862 ζωῆς
585 828 678 855 αὑτοῦ.
696 830 752 856 Καὶ
771 831 817 857 ἐπὶ
831 831 893 857 τού-

91 875 152 898 τοις
165 867 242 902 λήγει
262 868 292 895 τὸ
312 869 424 904 βιϐλίον,
452 873 718 907 αἰχμαλωτισθέντας
743 875 791 902 τοῦ
812 876 888 910 λαοῦ,
906 865 928 892 Β

95 913 146 939 καὶ
164 914 213 949 τῆς
229 915 332 948 πόλεως
347 916 438 952 πάσης
460 918 586 955 ἁλούσης.

130 970 188 1006 (ll)
218 972 360 1014 Ἐπιτομὴ
369 974 517 1014 ίιράξεων-
534 975 594 1014 τῷν
616 977 773 1009 ,ϐασιλέων
797 979 854 1014 τῆς

303 1008 452 1042 Ἰουδαίας
471 1011 520 1037 καὶ
538 1012 675 1045 Ἰσραήλ.

129 1050 172 1076 17.
189 1051 320 1087 ’.ἀρχῆθεν
332 1051 477 1081 οὖν’πάλιν
492 1056 662 1092 ἀιαληπτέον
672 1058 716 1085 τὸν
733 1058 821 1093 λόγον,
840 1061 888 1087 καὶ

88 1096 154 1122 κατ’
167 1097 298 1133 ἐπιτομὴν
305 1099 430 1126 ἐκθετέον
440 1101 494 1127 τῶν
503 1102 612 1129 πάντων
628 1103 769 1138 βασιλέων,
777 1106 824 1133 καὶ
834 1106 887 1133 τῶν

97 1141 245 1175 Ἰουδαίων,
269 1145 316 1171 καὶ
330 1145 384 1172 τῶν
400 1146 450 1182 τῆς
467 1147 635 1184 Σαμαρείας,
659 1150 693 1177 τὰ
707 1151 825 1186 ὀνόματα
839 1153 887 1180 καὶ

87 1188 142 1220 τὰς
156 1189 279 1224 πράξεις,
291 1191 338 1217 καὶ
351 1190 384 1217 τὰ
395 1193 443 1227 τῆς
468 1194 584 1220 ἑκάστου
601 1195 740 1230 βασιλείας
756 1197 814 1233 ἔτη·
839 1199 886 1225 καὶ

88 1233 200 1270 πρῶτον
215 1236 279 1271 περὶ
290 1236 344 1263 τῶν
363 1237 494 1272 βασιλέων
517 1240 703 1276 Ἰερουσαλήμ.
724 1243 802 1269 Μετὰ
816 1243 844 1270 δὲ
855 1244 886 1271 τὺ

87 1281 240 1307 ἀπολέσθαι
258 1282 303 1309 τὸν
321 1283 416 1316 Σαοὺλ,
434 1285 643 1319 βασιλεύσαντος
668 1287 714 1324 ἕτη
748 1292 784 1324 μ’,
803 1290 886 1317 Δαϐὶδ

88 1326 229 1362 βασιλεύει
245 1329 291 1355 ἐπὶ
305 1329 394 1357 πάντα
408 1331 453 1358 τὸν
483 1332 600 1368 Ἰσραὴλ,
624 1334 672 1360 καὶ
686 1334 767 1366 αὐτὸς
782 1335 828 1371 ἔτη
848 1340 884 1371 μ’·

86 1371 177 1404 οὕτως
189 1373 217 1398 ἐν
234 1373 282 1407 μὲν
307 1374 420 1410 Χεϐρῶν
441 1376 488 1411 ἔτη
516 1376 548 1409 ζ’,
571 1378 599 1404 ἐν
617 1378 645 1404 δὲ
675 1380 756 1406 παντὶ
777 1380 885 1417 Ἰσραὴλ

87 1418 136 1444 καὶ
161 1418 246 1444 Ἰούδα
258 1419 305 1455 ἐτη
322 1419 372 1454 λγ’·
395 1422 442 1448 καὶ
468 1422 581 1457 ἐποίησε
601 1423 631 1450 τὸ
652 1424 728 1456 εὐθὲς
749 1426 778 1452 ἐν
794 1426 885 1463 τελείᾳ

86 1463 198 1498 καρδίᾳ.
208 1463 268 1490 Ἐπὶ
278 1465 373 1491 τούτου
387 1463 457 1501 ἦσαν
475 1469 611 1503 προφῆται
627 1469 765 1505 Σαμουὴλ,
779 1471 883 1505 Ναθὰν,

86 1508 151 1535 Γὰδ.
168 1509 299 1545 Σαλομῶν
326 1512 340 1537 ό
368 1512 427 1544 υίὸς
441 1514 524 1540 Δαϐὶδ
540 1514 714 1542 ἐϐασίλευσεν
730 1517 776 1543 ἐπὶ
796 1518 885 1544 πάντα

85 1554 133 1580 τὸν
150 1554 215 1581 λαὸν
232 1556 279 1592 ἔτη
299 1556 324 1591 μ’
338 1557 385 1584 καὶ
398 1558 490 1590 αὐτός·
506 1560 553 1586 καὶ
569 1561 682 1596 ἐποίησε
698 1562 729 1588 τὺ
755 1565 882 1599 πονηρόν.

84 1600 143 1627 Καὶ
156 1601 202 1627 ἐπὶ
215 1602 297 1628 αὑτοῦ
313 1600 383 1638 ἦσαν
413 1604 550 1640 προφῆται
573 1606 667 1633 Ναϐὰν
688 1607 734 1634 καὶ
748 1608 809 1635 Γάδ.
829 1609 885 1635 Ῥο-

84 1645 161 1680 δοὰμ
172 1647 186 1672 ὁ
209 1646 267 1678 υἱὸς
293 1647 375 1674 αὑτοῦ
393 1649 569 1676 ἐϐασίλευσεν
586 1650 632 1686 ἔτη
653 1650 694 1683 ιζ’·
711 1653 758 1679 καὶ
773 1653 885 1688 ἐποίησε

83 1691 118 1718 τὸ
129 1693 259 1728 πονηρόν.
285 1693 346 1720 Ἐπὶ
369 1694 464 1722 τούτου
495 1696 607 1732 ἐσχίσθη
637 1698 653 1732 ἡ
681 1697 813 1732 βασιλεία,
838 1701 885 1726 καὶ

84 1737 198 1770 ἔμειναν
215 1739 274 1773 μετ’
291 1739 373 1766 αὑτοῦ
393 1741 442 1776 μὲν
469 1742 498 1768 ὲν
517 1742 693 1779 Ἰερουσαλὴμ
718 1744 801 1778 φυλαὶ
826 1745 883 1778 δύο,

83 1784 103 1818 ή
124 1782 208 1809 Ἰούδα
223 1784 300 1819 καὶὴ
326 1785 466 1821 Βενιαμίν·
492 1788 520 1813 ἐν
537 1787 565 1813 δὲ
579 1789 612 1823 τῇ
632 1789 776 1825 Σαμαρείᾳ.
803 1791 885 1825 φυλαὶ

81 1828 163 1854 δέκα.
188 1829 249 1855 Ἐπὶ
261 1829 357 1856 τούτου
381 1828 451 1866 ἦσαν
462 1831 601 1867 προφῆται
628 1833 719 1868 Ἀχιὰς
742 1835 884 1870 ὀΣηλωνί-

83 1882 147 1909 της,
161 1874 208 1900 καὶ
219 1874 350 1909 Σαμαίας,
368 1876 414 1902 καὶ
438 1877 529 1904 Ἀδδώ.
554 1878 643 1904 Ἀὄιοῦ
661 1879 719 1911 υίὸς
739 1880 823 1907 αὐτοῦ
837 1880 884 1916 ἔτη

82 1920 159 1955 τρία.
179 1921 234 1946 Καὶ
246 1921 295 1948 οὐκ
315 1919 348 1957 ἦν
365 1923 381 1957 ὴ
399 1923 498 1958 καρδία
522 1923 603 1950 αὑτοῦ
626 1924 726 1957 τελεία,
742 1926 780 1958 ὡς
790 1927 883 1959 Δαὸὶδ,

83 1965 154 1992 ἀλλὰ
166 1966 301 2002 ἐπορεύθη
317 1968 345 1993 ἐν
357 1969 416 1999 ταῖς
434 1969 583 2004 ἁμαρτίαις
604 1970 652 1997 τοῦ
672 1971 776 2007 πατρὸς
790 1972 883 1999 αὑτοῦ.

83 2011 140 2038 Καὶ
150 2012 198 2038 ἐπὶ
219 2012 314 2039 τούτου
332 2011 367 2048 ἦν
386 2013 469 2040 Ἀὂδὼ
483 2015 497 2040 ὁ
529 2016 683 2052 προφήτης.
717 2016 801 2044 Ἀσσᾶ
825 2017 884 2049 υἱὸς

83 2058 166 2085 αὑτοῦ
192 2057 240 2094 ἔτη
260 2062 313 2094 pa."
330 2060 377 2086 καὶ
393 2059 506 2096 ἐποίησε
517 2061 547 2087 τὸ
561 2061 650 2093 εὐθές·
669 2061 728 2088 ἀλλ’
745 2062 786 2089 ἔτι
800 2060 834 2098 ἦν
848 2063 884 2090 τὰ

84 2104 184 2140 ὑψηλά.
203 2105 264 2132 Ἐπὶ
278 2105 373 2133 τούτου
397 2104 469 2142 ἦσαν
495 2107 634 2142 προφῆται
671 2107 800 2143 Ἀζαρίας
827 2109 883 2141 υίὸς

91 2151 178 2186 Ὠδὴδ,
207 2151 254 2177 καὶ
285 2151 401 2187 Ἂναμῆ.
422 2153 556 2188 Ἰωσαφὰτ
574 2153 631 2185 υἱὸς
651 2153 733 2180 αὐτοῦ
756 2153 804 2189 ἔτη
831 2157 880 2181 κε’·

946 237 1006 266 kias
1021 238 1171 266 dicebatur.
1189 240 1289 267 Eorum
1306 249 1380 274 vero,
1395 243 1441 277 qui
1455 243 1481 270 in
1498 243 1637 272 Samaria:
1650 245 1736 275 Ocho-

947 284 1005 315 ziaa,
1022 283 1126 316 Jorani,
1146 285 1227 317 Jehu,
1244 286 1374 320 Joachaz,
1396 288 1473 321 Joas,
1498 289 1657 323 Jeroboam,
1683 292 1735 320 Za-

946 331 1057 363 chariae,
1069 332 1182 364 Sellum,
1195 333 1329 366 Manaen),
1340 333 1505 364 Phakcssize.
1518 336 1636 370 Phakes,
1646 338 1733 367 Osee:

946 381 974 403 et
995 377 1030 404 de
1053 378 1205 412 prophetis.
1223 379 1293 413 Elia,
1326 380 1431 414 Eliseo,
1457 382 1526 410 Isaia
1555 387 1582 411 et
1604 384 1732 413 Jeremia.

946 420 1080 449 Praeterea
1093 424 1231 457 quomodo
1255 433 1369 460 regnum
1397 426 1529 456 Samaria:
1544 429 1665 462 desierit,
1683 432 1734 460 sub

945 466 1015 494 Osco
1027 468 1082 495 lilio
1095 468 1172 500 Heia.
1189 471 1235 504 qui
1249 469 1355 498 Phakce
1374 471 1458 499 [illiilli
1476 473 1606 502 Romelia:
1620 477 1732 509 occidit,

945 520 1059 548 regnum
1076 522 1141 541 vero
1154 514 1414 547 Jerosolymitanum
1430 519 1480 546 sub
1505 520 1619 548 Sedckia
1641 530 1733 551 cessa-

945 559 994 586 vit.
1008 559 1074 585 Nam
1092 563 1119 586 et
1133 560 1192 595 ipse
1207 561 1233 588 in
1249 560 1418 597 Babylonem
1429 564 1575 597 abductus,
1589 570 1615 593 et
1625 566 1734 596 eﬂ‘ossis

944 605 1032 633 oculis
1048 606 1076 633 in
1095 607 1244 641 pistrinum
1258 616 1347 636 annos
1360 609 1455 645 viginti
1479 618 1525 638 sex
1542 611 1664 646 abjectus
1680 619 1732 641 est.

944 650 1042 678 Postea
1057 660 1123 679 vero
1140 661 1187 680 rex
1207 654 1356 690 Babylonis
1369 663 1460 691 regem
1472 655 1577 684 Joakim
1591 660 1731 692 exaltavit,

945 697 1129 733 tln'onumque
1152 699 1227 727 illius
1258 708 1340 735 supra
1369 706 1484 730 cunctos
1501 703 1548 737 qui
1580 704 1636 732 illic
1652 709 1732 733 erant

943 751 1023 777 reges
1034 744 1132 771 extulit
1145 749 1172 772 et
1185 753 1248 772 cum
1264 754 1298 774 eo
1315 747 1371 774 edit
1387 751 1414 774 et
1436 748 1506 776 bibit
1526 750 1653 779 omnibus
1671 752 1730 779 die-

944 788 996 816 bus
1012 790 1074 817 vita:
1085 789 1183 825 ipsius.
1197 791 1226 818 In
1238 792 1335 828 hisque
1349 793 1450 821 desinit
1465 795 1535 823 liber
1551 796 1611 828 iste,
1629 797 1656 824 in
1673 806 1731 825 ser-

943 834 1059 862 vitutem
1076 835 1196 863 abducto
1210 836 1266 872 jam
1279 838 1391 872 populo,
1403 841 1430 866 et
1441 842 1498 866 tota
1514 840 1582 868 urbe
1597 845 1685 875 capta.

1030 974 1150 1010 Epitomc
1165 981 1298 1011 gestorum
1312 985 1401 1012 regum
1412 977 1492 1006 Iuda:
1504 984 1528 1006 et
1545 978 1643 1007 Ismel.

975 1053 1019 1080 l7.
1030 1052 1071 1080 Ab
1080 1053 1160 1081 initio
1169 1052 1314 1089 repetenda
1324 1055 1403 1084 nobis
1411 1057 1468 1084 haec
1476 1061 1550 1089 sunt,
1558 1062 1584 1085 et
1591 1066 1639 1093 per
1646 1060 1731 1095 epito-

938 1107 1000 1126 men
1010 1101 1172 1135 exponenda
1184 1102 1306 1128 omnium
1321 1110 1414 1137 regum
1424 1111 1485 1131 cum
1494 1104 1602 1137 Judzeaa,
1611 1113 1672 1133 cum
1684 1106 1731 1134 Sa-

938 1147 1031 1172 maria:
1040 1147 1160 1180 nomina,
1171 1155 1213 1174 res
1222 1152 1304 1183 gesta:
1311 1152 1338 1175 et
1347 1149 1367 1182 1
1375 1149 1395 1183 ι
1402 1149 1503 1184 lregni
1513 1151 1645 1186 cujusque
1654 1153 1729 1182 anni.

937 1191 970 1218 Et
980 1193 1096 1227 primum
1106 1193 1139 1221 de
1149 1194 1257 1229 regibus
1265 1193 1427 1222 Jerusalem.
1437 1195 1503 1223 Post
1512 1197 1652 1225 interitum
1664 1198 1730 1226 Sau-

937 1237 970 1265 lis
983 1238 1028 1272 qui
1039 1246 1125 1266 annos
1136 1241 1497 1276 regnaveratquadraginta,
1514 1244 1636 1277 regnavit
1645 1244 1729 1272 David

937 1292 1019 1319 super
1028 1285 1183 1313 universum
1194 1286 1331 1318 lsraelem,
1339 1291 1366 1314 ct
1374 1288 1431 1322 ipse
1443 1295 1529 1316 annos
1537 1290 1728 1326 quadraginta;

936 1330 963 1356 in
975 1330 1110 1363 Chebron,
1123 1336 1225 1366 septem
1241 1332 1338 1360 deinde
1350 1341 1432 1368 super
1440 1342 1547 1362 omnem
1564 1335 1690 1363 lsraelem
1702 1341 1729 1364 et

935 1375 1032 1403 .ludam
1045 1377 1154 1412 triginta
1169 1381 1234 1409 tres,
1251 1382 1278 1405 et
1292 1378 1354 1406 fecit
1370 1380 1442 1414 quod
1454 1385 1557 1407 rectum
1567 1387 1635 1413 erat,
1646 1383 1729 1410 corde

938 1422 1076 1456 perfecto;
1090 1423 1141 1449 sub
1152 1422 1203 1449 hoc
1217 1427 1294 1450 erant
1307 1424 1444 1458 prophetae
1459 1435 1464 1452 :
1478 1425 1598 1458 Samuel,
1610 1427 1727 1461 Nathan,

940 1467 1009 1495 Gud.
1026 1468 1156 1495 Salomon
1179 1469 1251 1496 lilius
1270 1469 1365 1501 David,
1388 1474 1415 1497 et
1434 1471 1492 1505 ipse
1512 1480 1594 1507 super
1617 1482 1727 1502 onmem

937 1514 1070 1548 populum
1085 1514 1209 1550 regnavit
1226 1522 1313 1542 annos
1324 1516 1515 1551 quadraginta,
1532 1523 1557 1545 et
1575 1517 1639 1545 fecit
1653 1521 1727 1553 quod

937 1561 1039 1587 malum
1055 1564 1124 1588 erat.
1149 1560 1206 1588 Sub
1229 1561 1283 1588 isto
1299 1566 1378 1588 erant
1398 1563 1547 1598 prophetc,
1568 1563 1675 1592 Nathan
1700 1569 1727 1593 et

936 1603 1004 1632 Gad.
1022 1604 1142 1632 Rohoam
1163 1606 1235 1633 ﬁlius
1251 1605 1406 1635 Salomonis
1430 1610 1552 1644 regnavit
1577 1618 1664 1639 annos
1682 1619 1727 1640 se-

936 1651 1111 1685 ptemdecim,
1126 1655 1153 1679 et
1167 1651 1231 1678 fecit
1246 1653 1320 1687 quod
1333 1653 1434 1681 malum
1447 1659 1522 1688 erat;
1532 1656 1582 1683 sub
1593 1656 1643 1683 hoc
1657 1658 1726 1685 scis-

937 1704 996 1723 sum
1011 1700 1053 1723 est
1071 1704 1195 1732 regnum,
1209 1703 1236 1725 et
1252 1703 1414 1726 manserunt
1425 1707 1486 1727 cum
1501 1701 1561 1736 ipso
1576 1702 1604 1729 in
1617 1702 1728 1731 Jerusa-

936 1741 988 1768 lem
1000 1742 1088 1770 tribus
1101 1743 1171 1775 dum,
1186 1742 1255 1770 Juda
1267 1747 1293 1771 et
1305 1744 1465 1780 Benjamin;
1479 1746 1507 1773 in
1521 1747 1644 1776 Samaria
1659 1757 1725 1778 vero

937 1787 1048 1822 reliqua;
1072 1788 1176 1816 decem.
1203 1788 1291 1824 Hujus
1321 1795 1443 1826 tempore
1475 1797 1554 1820 erant
1586 1796 1725 1830 prophetae

935 1832 1036 1860 Achias
1053 1831 1198 1865 Selonites,
1217 1837 1244 1861 et
1262 1834 1392 1869 Samaeas,
1406 1840 1433 1864 et
1446 1837 1535 1865 Addo.
1549 1838 1634 1867 Abias
1651 1840 1724 1868 illius

936 1878 996 1912 ejus
1012 1879 1136 1913 regnavit
1151 1887 1239 1908 annos
1253 1884 1320 1909 tres.
1340 1881 1396 1910 Cor
1409 1882 1491 1917 hujus
1507 1892 1563 1912 non
1586 1890 1645 1912 erat
1662 1895 1724 1922 per-

935 1923 1047 1956 fectura,
1063 1925 1135 1952 sicut
1157 1925 1279 1959 Davidis,
1299 1927 1347 1955 sed
1375 1929 1525 1957 ambulavit
1550 1931 1577 1958 in
1602 1933 1723 1967 peccatis

935 1970 1021 2005 patris
1035 1971 1092 2003 sui;
1105 1971 1156 1998 sub
1171 1971 1222 1999 hoc
1234 1973 1304 2000 vixit
1316 1974 1393 2001 Addo
1413 1976 1555 2011 propheta.
1567 1977 1637 2006 Assa
1650 1979 1723 2008 ﬁlius

934 2014 994 2049 ejus
1009 2016 1131 2049 regnavit
1153 2023 1240 2044 annos
1256 2018 1436 2054 quadraginta
1457 2024 1484 2047 et
1500 2029 1594 2054 unum,
1610 2027 1637 2050 et
1660 2023 1723 2052 fecit

934 2061 1006 2095 quod
1019 2066 1124 2089 rectum
1134 2066 1203 2096 erat,
1212 2068 1398 2092 verumtamen
1411 2066 1501 2094 adhuc
1511 2072 1588 2095 erant
1598 2070 1721 2105 excelsa;

935 2106 988 2134 sub
1013 2107 1065 2134 isto
1091 2108 1230 2143 propheta:
1244 2113 1323 2136 erant
1350 2111 1464 2139 Azarias
1487 2113 1560 2140 ﬁlius
1585 2113 1671 2146 Oded,
1694 2119 1722 2142 et

933 2151 1042 2181 Anami.
1058 2151 1190 2188 Josaphat
1208 2153 1280 2182 ﬁlius
1297 2155 1357 2189 ejus
1382 2158 1505 2192 regnavit
1522 2166 1609 2186 annos
1624 2159 1721 2194 viginti

84 2197 131 2223 καὶ
149 2197 262 2232 ἐποίησε
278 2197 309 2223 τὸ
324 2197 412 2229 εὑθές·
440 2198 508 2225 ἀλλὰ
528 2198 562 2225 τὰ
591 2197 680 2233 ὑψηλὰ
693 2199 733 2224 ἔτι
762 2199 879 2235 ὑπῆρχε.

937 2199 1064 2234 quinque,
1082 2203 1108 2227 et
1121 2200 1186 2227 fecit
1202 2201 1275 2235 quod
1290 2205 1395 2230 rectum
1415 2207 1485 2236 erat,
1499 2207 1618 2232 attamen
1630 2205 1720 2233 adhuc

86 2242 139 2269 Καὶ
157 2243 227 2278 μετὰ
239 2243 324 2270 ταῦτα
342 2244 445 2279 μέμψιν
459 2245 537 2280 ἔσχεν
554 2245 680 2280 ἀνομίας,
696 2246 736 2272 ὅτι
756 2245 878 2280 ὲφιλίασε

84 2286 123 2322 τῷ
146 2287 255 2324 Ὀχοζίᾳ.
277 2288 382 2324 βασιλεῖ
403 2290 521 2325 Ἰσραὴλ,
536 2290 582 2317 καὶ
609 2290 787 2327 ἐκοινώνησεν
804 2291 878 2327 αὺτῷ

86 2334 124 2365 εἰς
137 2334 238 2361 πλοίων
253 2335 457 2371 πραγματείαν.
481 2337 542 2363 Ἐπὶ
555 2337 651 2364 τούτου
676 2336 746 2374 ἦσαν
770 2339 878 2374 προφῆ-

84 2386 128 2405 ται
159 2379 262 2412 Ἠλίας,
293 2380 446 2413 Ἐ).ισσαιὲ,
466 2381 606 2416 Μιχαίας,
641 2382 687 2409 καὶ
719 2382 768 2409 Ἰοῦ
791 2385 806 2410 ὁ
829 2384 876 2410 τοῦ

91 2423 205 2459 ’Δναμῆ,
220 2425 266 2451 καὶ
288 2424 380 2461 Ὀζιὴλ
393 2427 408 2452 ὁ
430 2426 476 2452 τοῦ
495 2427 641 2464 Ζαχαρίου,
668 2427 716 2455 καὶ
733 2428 840 2455 Ἐλιαδᾶ
863 2430 877 2456 ὁ

83 2469 129 2496 τοῦ
147 2470 220 2497 Ὠδιᾶ
231 2471 285 2498 ἀπὸ
294 2472 432 2508 Μαρίσης.
467 2473 568 2509 Ἰωρὰμ
597 2474 653 2505 υἱὸς
676 2474 759 2500 αὑτοῦ
777 2473 824 2510 ἔτη
838 2478 874 2510 η’·

82 2518 129 2543 καὶ
143 2517 256 2553 ἐποίησε
273 2517 303 2544 τὸ
317 2519 444 2554 πονηρόν.
459 2517 523 2554 Εἶχε
537 2520 591 2555 γὰρ
605 2521 722 2553 γυναῖκα
740 2520 876 2557 θυγατέρα

89 2562 201 2598 Ἀχαάᾶ
219 2564 275 2590 Καὶ
287 2564 333 2590 ἐπὶ
342 2565 436 2591 τούτου
453 2563 522 2600 ἦσαν
546 2565 636 2597 Ἠλίας
647 2566 694 2593 καὶ
713 2566 873 2599 Ἐλισσαῖος.

88 2607 211 2643 Ὀχοζίας
222 2609 279 2640 υἱὸς
290 2609 372 2636 αὑτοῦ
382 2609 446 2648 ἔτος
458 2615 492 2637 α’·
517 2612 564 2637 καὶ
580 2612 693 2648 ἐποίησε
705 2612 735 2639 τὸ
745 2613 872 2648 πονηρόν.

80 2654 146 2680 Μετ’
164 2655 246 2682 αὐτὸν
266 2656 376 2682 Γοθολία
390 2657 406 2692 ἡ
421 2647 510 2694 μῆτηρ
526 2658 608 2684 αὐτοῦ
631 2658 678 2694 ἐτη
698 2659 778 2685 ἑπτά.
798 2647 872 2691 ’ίωᾶς

81 2701 138 2731 υἱὸς
161 2701 281 2736 Ὀχοζίου
296 2701 342 2737 ἔτη
367 2706 403 2737 μ’.
431 2701 513 2735 Οὗτος
524 2705 651 2738 ἐφόνευσε
666 2706 814 2741 Ζαχαρίαν,
826 2705 873 2732 καὶ

81 2745 191 2780 ἐποίησε
204 2746 234 2772 τὸ
252 2747 329 2778 εὺθὲς
340 2747 390 2778 ἕως
408 2748 497 2774 Ἰωδαὲ
512 2750 525 2775 ὁ
540 2750 647 2781 συνετὸς
671 2750 729 2784 ἔζη,
749 2751 795 2777 καὶ
806 2750 874 2784 ἐτρώ-

81 2798 152 2817 τισεν
167 2792 261 2818 αὐτόν.
275 2792 373 2820 Τοῦτον
404 2793 566 2821 ἀπέκτειναν
580 2795 605 2820 οἱ
625 2795 712 2821 δοῦλοι
738 2796 820 2822 αὑτοῦ
843 2797 871 2822 ἑν

932 2249 1011 2272 erant
1026 2245 1145 2273 excelsa.
1160 2244 1258 2273 Postea
1274 2246 1432 2282 objurgatus
1455 2256 1488 2276 eo
1515 2250 1626 2278 nomine
1655 2251 1718 2286 fuit,

931 2290 1005 2326 quod
1028 2291 1176 2318 amicitiam
1189 2291 1320 2326 junxerat
1332 2301 1394 2320 cum
1409 2293 1527 2322 Ochozia
1540 2304 1603 2331 rege
1624 2296 1717 2332 lsrael,

930 2339 958 2363 et
970 2336 999 2363 in
1013 2338 1123 2363 nautica
1140 2337 1323 2372 negotiatione
1339 2340 1431 2368 socius
1447 2340 1486 2367 illi
1507 2341 1605 2370 fuerat.
1630 2341 1717 2378 Hujus

931 2385 1053 2417 tempore
1073 2386 1152 2410 erant
1173 2383 1314 2418 prophetae
1336 2384 1421 2418 Elias,
1448 2385 1553 2420 Elissae,
1578 2387 1715 2424 Michaas,

929 2426 984 2454 Hiu
1010 2427 1082 2455 ﬁlius
1098 2428 1205 2460 Anami,
1221 2429 1294 2457 Oziel
1312 2429 1384 2458 [ilius
1402 2430 1552 2465 Zachariw,
1572 2436 1599 2460 et
1622 2433 1717 2462 Eliada

928 2471 1002 2500 Odia:
1013 2473 1046 2501 de
1060 2473 1169 2502 Marisa.
1183 2474 1276 2502 Joram
1292 2475 1365 2503 illius
1380 2476 1510 2512 Josaphat
1522 2479 1646 2513 regnavit
1665 2487 1716 2506 an-

927 2527 978 2548 nos
997 2524 1070 2553 octo,
1088 2526 1116 2548 et
1137 2522 1202 2549 fecit
1221 2523 1294 2558 quod
1309 2524 1410 2551 malum
1430 2528 1498 2552 erat.
1517 2524 1619 2554 Hlbuit
1642 2528 1715 2555 enim

927 2574 1040 2594 uxorem
1063 2567 1147 2594 ﬁliam
1167 2568 1280 2596 Achaab
1294 2578 1300 2597 :
1315 2569 1398 2604 hujus
1419 2578 1477 2598 avo
1498 2577 1557 2599 erat
1576 2573 1716 2608 prophetas

926 2612 1001 2641 Elias
1017 2617 1044 2640 ct
1065 2613 1182 2642 Eliseus.
1202 2614 1336 2644 Ochozias
1352 2616 1425 2644 tilius
1444 2617 1503 2652 ejus
1519 2619 1642 2653 regnavit
1665 2627 1715 2646 an-

926 2667 993 2687 num
1008 2667 1103 2692 unum,
1121 2664 1148 2687 et
1173 2660 1238 2688 fecit
1253 2662 1327 2696 quod
1346 2663 1448 2690 malum
1464 2668 1532 2691 erat.
1555 2663 1618 2693 Post
1640 2666 1714 2694 hunc

926 2706 1051 2740 regnavit
1068 2712 1157 2734 mater
1172 2707 1257 2742 ipsius
1273 2707 1398 2736 Gotholia
1417 2717 1504 2738 annos
1520 2717 1633 2746 septem.
1647 2711 1714 2741 Joas

927 2751 999 2779 ﬁlius
1014 2751 1140 2780 Ochozize
1157 2754 1280 2787 regnavit
1294 2762 1381 2782 annos
1398 2755 1588 2791 quadraginta.
1601 2756 1654 2785 Iste
1669 2766 1714 2785 oc:

925 2797 992 2824 cidit
1003 2797 1175 2832 Zachariam,
1187 2803 1214 2826 et
1224 2799 1310 2828 donec
1322 2799 1396 2828 Joda:
1409 2801 1450 2828 vir
1466 2802 1585 2837 prudens
1597 2803 1713 2837 viveret,

116 2868 172 2904 (ll)
188 2857 436 2905 Titulus‘adjectus
451 2871 502 2899 fuit
516 2872 549 2900 ab
564 2872 716 2901 editoribus
729 2872 942 2902 Parisiensibus.
