1915 3057
185 134 239 163 325

766 131 795 159 S.
816 127 1051 158 ATHANASIUS.
1069 141 1103 148 —
1117 125 1222 154 DUBIA

1762 117 1822 145 52L

187 201 203 220 ι
224 200 278 228 quo
292 192 497 223 instituebatur,
515 190 580 218 fecit
595 189 667 225 quod
681 192 785 216 rectum
807 191 876 215 erat.
894 186 973 213 Hunc

1032 184 1090 218 il'xtp
1110 180 1236 209 Μαελώθ.
1270 179 1331 206 Ἐπὶ
1351 178 1447 205 τούτου
1474 175 1658 212 ὲπροφήτευεν
1687 173 1824 210 ’Δζαριας

187 238 385 266 interfecerunt
408 238 494 272 ipsius
511 237 584 264 servi
601 237 627 262 in
645 235 725 262 domo
740 234 873 266 Maeloth;
889 232 973 267 hujus

187 291 309 320 tempore
331 283 503 320 prophetavit
518 283 629 310 Azarias
648 283 719 309 Illius
743 281 827 308 Jodze.
849 279 972 307 Amesias

188 332 261 359 ﬁlius
279 331 339 366 ejus
363 330 487 365 regnavit
502 337 589 357 annos
604 329 699 363 viginti
723 335 831 358 novem,
857 331 884 352 ct
910 325 973 352 fecit

188 378 265 404 initio
293 376 367 411 regni
391 376 462 410 quod
486 380 591 402 rectum
608 379 677 406 erat.
701 374 748 401 sed
768 382 821 400 non
837 374 907 400 sicut
922 371 973 398 Da-

187 423 232 449 vid
247 431 254 448 :
269 429 331 448 nam
352 421 440 448 adhuc
455 421 572 455 populus
589 420 748 446 immolabat
764 419 791 445 in
807 418 934 449 excelsis,
947 422 974 444 et

188 469 266 496 lucos
281 475 334 495 non
354 467 455 494 excidit
468 477 474 493 :
487 467 539 493 sub
554 467 604 493 hoc
621 466 817 500 prophetarum.
833 464 973 499 propheta:

189 515 312 550 quidam,
327 521 443 548 quorum
460 517 550 539 tamen
578 513 688 539 nomina
710 512 811 546 scripta
827 519 881 537 non
897 514 972 538 sunt.

187 559 334 594 Postquam
345 566 409 585 vero
420 565 467 585 eos
478 559 523 592 qui
536 558 562 584 in
579 557 640 584 Scir
656 557 814 584 habitabant
823 556 969 591 percussit,

188 607 216 634 in
227 606 381 640 superbiam
391 605 478 632 elatus
488 607 539 635 est,
550 604 620 630 idola
631 603 811 629 habitantium
820 603 846 629 in
859 601 919 629 Seir
928 609 974 628 co-

189 652 249 683 luit,
259 652 320 679 etin
329 659 426 678 manus
432 650 549 678 hostium
558 649 685 680 traditus,
695 656 841 684 percussus
849 651 900 676 est.
910 649 975 674 Aza-
990 667 993 669 .

189 697 255 728 rias,
264 697 309 731 qui
317 696 438 727 etOzias,
449 703 535 722 annos
543 695 740 729 quinquaginta
748 694 802 720 duo
810 703 816 727 ;
824 698 850 721 et
857 693 974 728 primum

192 741 264 776 quod
273 745 379 768 rectum
388 744 446 767 erat
460 739 534 771 fecit,
548 739 620 766 sicut
630 743 656 765 et
668 743 743 773 paler
758 738 854 772 ipsius,
867 737 975 764 excelsa

190 790 281 814 tamen
290 795 343 813 non
353 786 474 813 abstulit.
483 785 552 812 Cum
563 789 652 811 autem
665 791 794 818 prospere
805 789 860 809 rem
871 785 974 816 ageret,

191 835 280 860 elatus
293 837 334 860 est
350 833 452 863 animo,
468 831 608 865 voluitque
620 838 668 864 per
683 829 804 864 seipsum
821 828 929 856 adolere
945 828 973 854 in

1026 227 1185 265 [Ζαχαρίας]
1210 225 1268 257 υἱὸς
1290 224 1391 251 Ὶωδαέ.
1426 223 1555 258 Ἀμεσίας
1579 221 1637 252 υἱὸς
1666 219 1748 246 αὑτοῦ
1767 219 1821 255 ἐτη

1024 264 1074 300 κθ’·
1092 272 1139 298 καὶ
1155 271 1282 305 ἐποίησεν
1315 269 1343 294 ἐν
1368 269 1439 303 ἀρχῇ
1460 267 1490 293 τὸ
1511 265 1598 297 εὺθὲς,
1627 265 1684 292 ἀλλ’
1711 265 1760 299 οὐχ
1778 264 1822 296 ὡς

1024 318 1114 345 Δαείδ·
1129 317 1169 344 ἑτι
1182 316 1236 352 γὰρ
1250 317 1264 342 ὁ
1278 315 1340 346 λαὸς
1360 313 1499 344 έθυσίαςεν
1514 313 1542 338 ἐν
1559 313 1614 342 τοῖς
1634 310 1756 345 ὑψηλοῖς,
1769 309 1822 335 καὶ

1023 364 1057 391 τὰ
1074 364 1141 399 ἄλση
1154 363 1204 389 οὐκ
1218 362 1310 397 ἐξῆρε.
1337 359 1391 386 Καὶ
1419 359 1464 384 ἐπὶ
1485 357 1580 384 τούτου
1607 357 1821 391 ἐπροφήτευσαν

1024 411 1172 446 προφῆται·
1188 408 1245 435 ἀλλ’
1258 408 1308 434 οὐκ
1332 406 1492 442 ἐγράφησαν
1513 404 1547 430 τὰ
1568 403 1688 438 ὀνόματα
1714 401 1819 428 αὐτῶν.

1023 457 1100 484 Μετὰ
1134 455 1219 482 ταῦτα
1254 454 1357 489 μέντοι,
1387 451 1526 486 Ἀμεσίας,
1549 449 1674 482 πατάξας
1703 448 1768 479 τοὺς
1788 448 1821 474 ἐν

1024 502 1242 540 Σηεὶρ,ὲπήρθη,
1251 501 1297 527 xui.
1308 500 1452 534 ἐλάτρευσε
1462 499 1517 528 τοῖς
1526 496 1644 528 εἰδώλοις
1657 495 1711 522 τῶν
1722 495 1820 530 Σηεὶρ,

1024 551 1070 577 xui.
1099 548 1240 583 ὲπατὰχθη
1264 545 1427 582 παραδοθεὶς
1453 544 1509 574 τοῖς
1539 542 1655 577 ἐχθροῖς.
1677 540 1820 575 Ἀζαρίας,

1024 596 1104 627 αὑτός
1136 596 1209 621 ἐστιν
1231 593 1332 625 Ὀζίας,
1349 591 1396 626 ἔτη
1422 590 1471 625 νβ”
1495 589 1542 616 xui
1561 588 1672 620 ἐποίησε
1684 587 1753 613 κατὰ
1766 586 1822 622 τὴν

1024 642 1110 678 ἀρχὴν
1126 641 1156 668 τὺ
1167 641 1254 671 εὺθὲς,
1265 639 1302 670 ὡς
1319 639 1333 664 ὁ
1355 636 1451 672 Πατὴρ
1474 635 1567 662 αὑτοῦ·
1592 633 1660 668 πλὴν
1677 633 1710 659 τὰ
1726 631 1822 667 ὑψηλὰ

1024 690 1074 716 οὐκ
1086 687 1190 723 ἐξῆρεν.
1217 685 1400 719 Εὑοδούμενος
1427 683 1455 709 δὲ
1478 680 1595 717 ἐπήρθη,
1622 681 1669 706 xui
1685 679 1822 713 ἠθέλησεν

1024 734 1112 769 ἑαυτῷ
1128 732 1257 768 Θυμιάσαι
1269 732 1297 757 ἐν
1309 731 1349 766 τῷ
1363 729 1430 764 ναῷ,
1442 730 1510 763 ὅπερ
1526 728 1615 762 μόνοις
1626 727 1682 757 τοῖς
1698 725 1821 760 ἱερεῦσιν

1024 781 1122 814 ἔξεστι.
1135 779 1180 806 Διὸ
1190 779 1237 805 xui.
1249 776 1401 813 ὲλεπρώθη.
1415 774 1543 805 ἀκούσας’
1570 782 1579 798 ‹
1600 772 1638 798 Οὐ
1655 771 1706 801 σοὶ,
1729 770 1819 802 Ὀζία,

1025 827 1155 862 Θυμιάσαι
1179 825 1219 860 τῷ
1242 823 1346 859 Κυρίῳ,
1375 821 1443 848 ἀλλὰ
1466 821 1523 851 τοῖς
1552 817 1655 854 ἱερεῦσι
1674 818 1730 847 τοῖς
1748 816 1821 847 υἱοῖς

189 880 302 914 templo,
318 878 391 914 quod
402 878 468 906 solis
482 863 671 904 sacerdotibus
682 863 791 902 licebat.
804 875 975 909 Quapropter

1032 872 1147 909 ‘Auptbv,
1171 872 1228 902 τοῖς
1252 868 1440 905 ἡγιασμένοις.
1457 875 1466 892 ι
1502 865 1564 891 Ἐπὶ
1584 863 1678 890 τούτου
1695 863 1821 897 προεφή-

190 929 218 953 et
235 925 310 960 lepra
326 931 472 960 percussus
487 927 538 955 est,
558 925 703 957 postquam
720 921 841 948 audisset
858 929 865 947 :
887 929 896 945 ‹
915 919 975 946 Νοη

190 975 267 998 tuum
281 975 336 1003 est,
355 970 431 1004 Ozia,
447 969 558 997 adolere
580 968 706 999 Domino,
729 967 776 994 sed
801 966 975 994 sacerdotum

191 1017 309 1045 ﬁliorum
322 1017 412 1044 Aaron
425 1037 432 1048 ,
448 1016 494 1051 qui
513 1014 674 1043 sanctiﬁcati
695 1017 759 1041 sunt
773 1013 815 1040 ⁸⁶;
834 1023 844 1039 ι
860 1013 910 1040 sub
925 1012 977 1039 hoc

191 1063 364 1099 prophetavit
382 1063 484 1095 Isaias.
504 1061 621 1089 Joathau
639 1060 711 1087 ﬁlius
724 1059 784 1094 ejus
798 1066 884 1086 annos
899 1057 977 1085 sede-

191 1110 256 1142 cim,
274 1113 300 1136 et
326 1108 390 1136 fecit
415 1107 489 1143 quod
515 1112 618 1135 rectum
645 1109 721 1137 erat,
748 1103 975 1139 quemadmodum

191 1159 269 1190 pater
284 1155 355 1189 ejus,
370 1159 556 1182 verumtamen
573 1153 679 1180 excelsa
696 1159 749 1178 non
764 1155 806 1178 est
820 1150 976 1181 demolitus,

191 1205 219 1229 et
237 1201 288 1229 sub
300 1201 354 1228 hoc
369 1204 428 1228 erat
453 1200 550 1227 Isaias.
569 1198 659 1226 Acha;
675 1197 746 1225 ﬁlius
770 1197 831 1231 ejus
853 1195 977 1231 regnavit

194 1255 281 1274 annos
296 1247 461 1278 sedecim,et
476 1245 540 1272 fecit
551 1245 624 1280 quod
637 1244 738 1271 malum
754 1248 828 1276 erat;
844 1243 871 1270 in
881 1242 978 1270 diebus

193 1293 253 1327 ejus
266 1296 344 1320 erant
358 1292 496 1327 prophetae
516 1292 602 1318 Isaias
616 1294 642 1318 et
656 1290 740 1318 Oded.
759 1289 890 1316 Ezechias
907 1288 978 1316 ﬁlius

193 1339 254 1373 ejus
271 1345 358 1365 annos
387 1337 484 1371 viginti
511 1343 618 1367 novem,
637 1340 663 1362 et
694 1335 759 1362 fecit
781 1334 853 1369 quod
874 1338 977 1361 rectum

194 1387 266 1415 erat,
288 1383 360 1410 sicut
385 1381 470 1408 David
497 1381 632 1416 perfecte;
660 1380 710 1407 iste
734 1379 846 1407 abstulit
866 1386 979 1413 serpen-

194 1434 248 1458 tem
279 1436 397 1462 teneum,
421 1435 501 1463 quem
520 1427 700 1462 suspenderat
715 1424 841 1460 Moyses;
861 1425 912 1452 sub
925 1424 978 1451 hoc

193 1483 302 1511 quoque
317 1479 376 1502 erat
405 1474 503 1502 Isaias.
528 1473 583 1500 Isto
603 1477 734 1507 regnante
757 1470 933 1498 Senacherim
952 1473 979 1497 et

194 1520 335 1556 Rapsakes
363 1520 468 1555 Assyrii
497 1519 642 1546 Dominum
667 1517 901 1552 blasphemarunt,
932 1516 979 1551 qui

194 1567 304 1602 quidem
318 1570 410 1601 postea
425 1566 549 1600 percussi
565 1568 640 1595 sunt,
659 1569 714 1591 tum
730 1568 821 1590 autem
835 1570 889 1590 una
900 1566 980 1590 nocte

195 1613 260 1640 caesi
286 1615 350 1639 sunt
365 1611 399 1638 ab
415 1611 510 1645 angelo
529 1609 656 1642 185,000.
682 1608 814 1635 Ezechias
828 1615 893 1635 vero
917 1615 980 1634 cum

195 1661 350 1693 aegrotaret,
370 1661 396 1684 et
407 1657 462 1691 jam
478 1656 629 1682 moriturus
649 1658 733 1687 esset,
753 1654 787 1680 ad
809 1653 980 1689 prorogatio-

195 1711 258 1732 nem
279 1704 341 1731 vitae
356 1710 442 1730 annos
458 1702 492 1729 15
513 1701 626 1735 accepit.
656 1700 796 1727 Manasses
825 1699 896 1726 ﬁlius
915 1698 983 1726 Ezen

196 1750 274 1781 cllize,
293 1757 379 1776 annos
391 1748 435 1780 55,
452 1752 477 1775 et
493 1747 594 1774 malum
611 1746 686 1774 fecit.
703 1745 768 1778 Quae
781 1753 898 1780 namque
915 1744 982 1772 Eze-

197 1795 360 1829 chiaspaler
369 1794 429 1829 ejus
445 1792 591 1820 demolitus
605 1792 705 1824 fuerat,
716 1792 774 1826 ipse
786 1791 906 1818 restituit
918 1799 925 1823 ;
943 1790 983 1817 al-

196 1845 239 1868 ter
253 1840 396 1867 Jeroboam
414 1839 502 1866 Iactus
516 1837 602 1869 Judae,
620 1838 656 1864 ita
670 1841 699 1864 ut
714 1837 795 1871 hujus
811 1844 895 1864 causa
910 1836 982 1864 idem

197 1883 328 1923 acciderit
342 1883 503 1915 Jerusalem,
529 1882 601 1917 quod
620 1882 699 1916 112
721 1881 860 1909 Samariae.
879 1881 917 1908 De
936 1881 983 1908 illo

197 1937 316 1964 namque
329 1929 430 1956 dictum
444 1932 486 1956 est
500 1937 506 1954 :
522 1938 531 1953 ι
547 1928 597 1961 Qui
610 1936 725 1963 peccare
739 1927 908 1955 fecitJudam
920 1927 954 1954 ⁸⁷.
971 1936 980 1952 ι

198 1975 290 2008 Quare
303 1979 329 2003 et
343 1976 370 2002 in
385 1975 550 2010 Babylonem
564 1975 689 2009 captivus
714 1974 849 2001 adductus
870 1977 922 2001 est.
952 1972 982 2000 In

198 2022 356 2057 captivitate
371 2025 461 2048 tamen
477 2021 655 2052 constitutus,
678 2023 708 2047 ut
727 2019 753 2046 in
768 2018 983 2054 Paralipomenis

198 2067 331 2101 scriptum
347 2070 398 2098 est,
411 2065 599 2101 pcenitcntiam
615 2066 687 2100 egit:
706 2072 766 2100 quae
781 2072 864 2092 causa
886 2064 938 2091 fuit
954 2068 985 2090 ut

199 2114 276 2141 illum
292 2112 363 2140 Deus
381 2113 409 2139 in
425 2111 576 2139 Jerusalem
592 2110 740 2142 reduxerit,
755 2109 802 2136 ubi
827 2113 853 2136 et
870 2116 984 2144 regnum

199 2158 381 2194 recuperavit.
406 2157 554 2192 Postquam
576 2164 641 2184 vero
657 2155 846 2191 paenitentiam
870 2155 982 2189 egisset,

1026 928 1120 946 τευσεν
1154 918 1277 948 Ἡσαΐας.
1301 914 1420 948 Ὶωάθαμ
1447 912 1504 943 υἱὸς
1533 909 1615 938 αὑτοῦ
1634 909 1680 943 ἐτη
1696 911 1742 940 ις’·
1771 907 1821 933 καὶ

1027 965 1138 1001 ἐποίησε
1147 965 1178 991 τὺ
1191 963 1279 995 εὺθὲς,
1296 962 1333 993 ὡς
1346 962 1360 987 ὁ
1375 960 1467 994 πατὴρ
1484 957 1576 985 αὑτοῦ·
1594 955 1662 991 πλὴν
1677 955 1712 981 τὰ
1727 953 1821 988 ὑψηλὰ

1026 999 1179 1046 οὺκὲξῆρε.
1196 1009 1253 1036 Καὶ
1267 1008 1313 1034 ἐπὶ
1332 1006 1427 1033 τούτου
1451 1002 1485 1040 ἦν
1505 1003 1628 1033 Ἡσαΐας.
1653 1000 1745 1036 Ἀχὰζ,
1760 999 1821 1030 υἱὸς

1027 1059 1119 1091 αὑτοῦ,
1137 1058 1184 1093 ἐτη
1211 1056 1259 1089 ις’·
1284 1056 1332 1082 xui.
1347 1054 1460 1088 ἐποίησε
1486 1053 1516 1078 τὸ
1544 1050 1673 1085 πονηρόν.
1701 1048 1756 1075 Καὶ
1772 1048 1821 1074 ἐπὶ

1027 1105 1122 1132 τούτου
1149 1102 1184 1138 ἦν
1206 1102 1320 1133 Ἡσαΐας
1347 1099 1394 1127 xul.
1421 1098 1496 1134 Ὠδὴδ
1517 1097 1664 1132 προφῆται.
1693 1092 1821 1125 Ἐζεκίας

1027 1151 1084 1182 υἱὸς
1099 1137 1180 1177 αὑτοῦ
1198 1148 1246 1183 ἔτη
1262 1147 1313 1174 κθ’·
1329 1147 1375 1173 xui.
1399 1145 1512 1179 ἐποίησε
1537 1142 1567 1168 τὺ
1583 1140 1670 1172 εὺθὲς,
1683 1140 1720 1170 ὡς
1736 1137 1821 1165 Δα6ὶδ

1027 1196 1146 1227 τελείως.
1170 1191 1253 1225 Οὗτος
1282 1191 1390 1219 καθεῖλε
1417 1191 1461 1217 τὸν
1490 1189 1551 1224 ὄφιν
1575 1187 1620 1214 τὸν
1645 1185 1771 1222 χαλκοῦν,
1789 1183 1821 1210 ὃν

1028 1242 1166 1278 ἐκρέμασε
1179 1239 1309 1275 Μωῡσῆς.
1326 1238 1382 1265 Kul.
1397 1236 1443 1263 ἐπὶ
1459 1236 1552 1262 τούτου
1565 1232 1601 1269 ἦν
1613 1232 1735 1263 Ἡσαΐας.
1757 1230 1822 1256 Ἐπὶ

1027 1276 1121 1315 τοῦτόυ
1146 1285 1316 1322 Σεναχηρεὶμ
1343 1284 1390 1311 xui.
1421 1282 1576 1316 Ῥαψάκης,
1606 1280 1631 1305 οἱ
1665 1276 1817 1311 Ἀσσύριοι,

1030 1332 1261 1369 βλασφημοῦντες,
1284 1329 1478 1365 ὲπατάχθησαν
1491 1328 1539 1362 μὲν
1550 1325 1627 1352 αὐτοὶ
1640 1323 1709 1360 μετὰ
1719 1322 1819 1369 ταῦτα,

1028 1367 1057 1405 έν
1074 1367 1166 1414 μιᾷ-δὲ
1196 1378 1273 1405 νυκτὶ
1305 1376 1422 1412 χιλιάδες
1449 1376 1519 1410 ρπε¹.
1543 1371 1673 1404 Ἐξελθὼν
1705 1367 1823 1403 ἄγγελος

1029 1426 1127 1452 ἀνεῖλε.
1153 1424 1279 1460 Νοσήσας
1309 1423 1338 1449 δὲ
1378 1421 1513 1453 Ἐζεκίας,
1540 1419 1587 1445 xui.
1621 1417 1724 1452 μέλλων
1753 1415 1823 1441 ἁπο-

1029 1471 1165 1507 θνήσκειν,
1179 1469 1258 1496 ἔλαϐε
1275 1467 1435 1503 προσθήκην
1459 1465 1506 1500 ἐτη
1533 1467 1573 1490 ιε’.
1600 1463 1750 1507 Μανασσῆς
1764 1461 1823 1493 υἱὸς

1030 1505 1111 1543 αὑτοῦ
1126 1515 1173 1550 ἔτη
1187 1517 1233 1540 vs"
1246 1513 1292 1539 xui.
1305 1512 1416 1546 ἐποίησε
1424 1510 1453 1537 τὺ
1469 1509 1594 1545 πονηρόν.
1614 1505 1664 1534 Οἴα
1682 1508 1735 1543 γὰρ
1752 1515 1822 1533 κατ-

1032 1561 1150 1595 έσκαψεν
1185 1558 1318 1590 Ἐζεκίας,
1345 1557 1431 1583 ταῦτα
1448 1553 1525 1586 οὗτος
1557 1554 1695 1588 ἀνήγειρε·
1713 1552 1760 1578 xui.
1776 1551 1823 1585 γέ-

1030 1616 1109 1642 γονεν
1121 1606 1200 1637 ἄλλος
1221 1603 1363 1640 Ἰεροϐοὰμ
1380 1602 1420 1637 τῷ
1439 1600 1534 1631 Ἰούδα,
1550 1599 1620 1625 ὥστε
1632 1598 1679 1624 xui.
1694 1597 1728 1623 δι’
1740 1596 1824 1624 αὑτὸν

1031 1641 1126 1681 τταθεῖν
1139 1653 1188 1687 τὴν
1204 1649 1392 1686 Ἰερουσαλὴμ,
1407 1648 1444 1679 ὡς
1454 1647 1504 1682 τὴν
1518 1645 1685 1680 Σαμάρειαν.
1700 1642 1754 1669 Kui
1767 1641 1823 1678 γὰρ

1031 1701 1074 1727 ἐπ’
1089 1699 1171 1727 αὐτοῦ
1189 1697 1296 1733 ἐλέχθη·
1314 1706 1324 1722 ι
1347 1697 1395 1727 Ὃς
1412 1694 1549 1729 ἐξήμαρτε
1573 1692 1618 1719 τὸν
1636 1690 1762 1717 ’1ούδαν·›
1781 1689 1823 1716 διὸ

1032 1747 1078 1774 καί
1094 1745 1265 1780 αἰχμάλωτος
1281 1741 1390 1778 ἀπήχθη
1409 1742 1448 1773 εἰς
1474 1738 1632 1766 Βαϐυλῶνα.
1653 1736 1720 1763 Ἀλλ’
1733 1737 1760 1762 ὲν
1787 1736 1821 1771 τῇ

1032 1791 1216 1828 αἰχμαλωσίᾳ,
1232 1791 1269 1821 ὡς
1280 1790 1308 1816 ἐν
1321 1789 1383 1819 ταῖς
1404 1784 1641 1822 Παραλιπομέναις
1657 1782 1821 1817 γέγραπται,

1034 1826 1237 1875 μετανοήσαντα
1250 1835 1332 1862 αὑτὸν
1346 1832 1512 1868 ἐπέστρεψεν
1526 1832 1540 1857 ὁ
1560 1829 1625 1860 Θεὸς
1641 1829 1680 1859 εἱς
1703 1827 1752 1862 τὴν
1773 1826 1823 1852 Ἱε-

1033 1873 1183 1921 ρουσαλὴμ,
1199 1882 1247 1909 xui.
1258 1881 1339 1908 πάλιν
1365 1877 1527 1916 ἀντελάϐετο
1543 1876 1590 1911 τῆς
1609 1873 1757 1909 βασιλείας·
1775 1879 1823 1921 ps:

1033 1917 1134 1957 τανοῶν
1144 1917 1181 1955 Ἴτε
1195 1929 1242 1956 xui.
1254 1927 1386 1954 διδάσκων
1401 1925 1447 1952 τὸν
1469 1923 1532 1950 λαὸν
1560 1920 1693 1948 δουλεύειν
1709 1918 1747 1953 τῷ
1762 1917 1823 1953 Θεῷ

1034 1975 1219 2010 ἐτελεύτησεν.
1243 1974 1300 2000 Οὐκ
1322 1972 1409 2006 ἐτάφη
1425 1971 1453 1998 δὲ
1466 1970 1495 1996 ὲν
1519 1967 1594 1994 πόλει
1607 1966 1696 1993 Δαϐίδ·
1720 1964 1776 1991 ἀλλ’
1793 1964 1822 1990 ὲν

1033 2020 1072 2055 τῷ
1082 2009 1162 2055 κήπῳ
1177 2018 1269 2050 αὑτοῦ,
1300 2018 1329 2044 ὲν
1345 2017 1425 2052 κήπῳ
1443 2015 1517 2047 Ὀζᾶ.
1539 2011 1629 2048 Ἀμὼς
1641 2012 1655 2038 ὁ
1667 2010 1723 2041 υἱὸς
1740 2009 1822 2036 αὑτοῦ

1033 2065 1207 2092 ὲΰασίλευσεν
1231 2063 1277 2098 ἔτη
1306 2062 1338 2097 β’·
1355 2061 1402 2088 καὶ
1430 2060 1543 2095 ἐποίησε
1563 2058 1592 2084 τὸ
1617 2055 1743 2093 πονηρὸν,
1759 2055 1795 2087 ὡς
1808 2057 1823 2082 ὁ

1018 2111 1124 2147 ,πατὴρ
1140 2109 1222 2136 αὑτοῦ
1238 2107 1396 2142 Μανασσῆς·
1413 2107 1460 2133 xui.
1475 2106 1577 2131 ἀνεῖλον
1598 2102 1677 2130 αὑτὸν
1691 2102 1715 2127 οι
1729 2100 1823 2132 παῖδες

1034 2158 1127 2188 αὑτοῦ,
1137 2156 1182 2182 xui
1193 2155 1278 2189 ἐτάφη
1295 2155 1323 2180 ὲν
1340 2153 1379 2189 τῷ
1406 2154 1486 2188 κήπῳ
1504 2151 1579 2183 Ὀζᾶ,
1599 2149 1662 2176 ἔνθα
1678 2149 1723 2175 xui
1737 2148 1750 2174 ὁ
1768 2156 1822 2174 πα.-

199 2210 226 2234 et
253 2192 393 2240 populum,
417 2208 447 2230 ut
468 2203 524 2231 Deo
546 2203 672 2235 serviret,
697 2202 848 2233 docuisset,
874 2201 979 2228 tandem

1037 2203 1088 2238 τὴρ
1104 2201 1197 2228 αὐτοῦ.
1214 2200 1319 2231 Ἰωσίας
1333 2199 1390 2229 uio;
1403 2196 1485 2224 αὑτοῦ
1502 2196 1550 2231 ἔτη
1559 2196 1610 2222 λα’.
1623 2194 1721 2221 Τοῦτον
1735 2193 1750 2218 ὁ
1759 2192 1824 2224 λαὸς

200 2255 326 2278 mortuus
341 2254 393 2277 est.
408 2248 439 2276 lu
450 2249 560 2277 civitate
572 2253 662 2276 tamen
673 2247 758 2275 David
773 2255 829 2274 non
840 2250 881 2274 est
895 2247 986 2281 sepul-

200 2301 256 2328 tus,
272 2297 319 2325 sed
336 2296 364 2323 in
380 2296 462 2322 horto
482 2303 542 2327 suo,
560 2295 588 2321 in
609 2295 689 2321 horto
704 2293 788 2321 Hoza.
809 2293 894 2320 Amos
913 2292 985 2319 lilius

200 2342 261 2377 ejus
271 2342 395 2376 regnavit
406 2348 493 2368 annos
506 2340 586 2372 duos,
598 2343 625 2367 et
641 2340 704 2367 fecit
716 2339 789 2374 quod
803 2338 903 2365 malum
915 2341 984 2369 erat,

201 2388 272 2416 sicut
287 2392 365 2422 pater
375 2387 435 2421 ejus
448 2387 587 2414 Manasses
601 2389 629 2414 et
645 2385 805 2413 occiderunt
819 2384 893 2411 illum
908 2384 985 2418 pueri

201 2433 299 2468 ipsius,
318 2433 494 2468 sepultusque
511 2435 552 2459 est
570 2431 597 2458 in
617 2431 697 2458 horto
720 2429 806 2461 Hoza,
827 2429 855 2455 in
872 2436 926 2463 quo
941 2435 986 2455 se-

201 2480 293 2515 pultus
310 2483 389 2507 estet
404 2484 480 2514 pater
493 2478 590 2513 ipsius.
612 2476 702 2505 Josias
722 2476 794 2503 ﬁlius
814 2476 874 2510 ejus
889 2482 986 2510 regna-

201 2526 240 2552 vit
256 2533 342 2553 annos
357 2525 401 2552 5|.
417 2524 497 2552 Hunc
523 2523 640 2558 populus
661 2530 752 2557 regem
783 2521 895 2552 creavit.
923 2528 986 2547 cum

203 2577 290 2596 annos
304 2573 367 2596 octo
381 2572 461 2595 natus
484 2572 568 2599 esset,
584 2571 611 2595 et
627 2566 691 2594 fecit
706 2566 778 2601 quod
793 2569 898 2592 rectum
914 2568 984 2596 erat,

203 2614 405 2649 ambulavitque
420 2614 447 2640 in
461 2613 534 2640 omni
549 2613 591 2639 via
608 2611 703 2644 David,
722 2619 773 2639 nec
791 2610 936 2638 declinavit
952 2609 986 2636 ad

203 2661 353 2693 dexteram,
370 2659 412 2687 vel
428 2659 462 2685 ad
477 2658 627 2686 sinistram.
644 2657 749 2685 Etenim
764 2657 841 2685 lucos
856 2655 984 2687 succidit,

203 2710 230 2734 et
251 2707 342 2733 omnia
365 2705 512 2732 simulacra
531 2704 652 2736 sustulit,
671 2711 733 2731 cum
758 2710 891 2730 annorum
914 2705 987 2729 esset

204 2753 340 2786 sedecim;
359 2752 442 2788 legem
461 2758 526 2779 vero
551 2750 598 2778 Dei
616 2749 751 2785 quaesivit,
771 2753 797 2777 et
811 2756 872 2777 cum
894 2747 987 2783 negle-

235 2853 262 2870 ⁸⁵
281 2851 303 2880 ll
317 2852 406 2881 Paral.
419 2860 500 2886 uvr,
519 2852 561 2880 IS.
600 2851 622 2869 ⁸⁷
641 2851 664 2878 ιι
691 2850 778 2878 Paral.
795 2857 878 2878 xxxix
893 2869 900 2877 .
917 2849 944 2876 9.

1037 2249 1131 2283 ἤγειρε
1149 2245 1271 2281 βασιλέα,
1284 2244 1352 2271 ἐτῶν
1373 2244 1437 2270 ὅντα
1452 2242 1533 2269 ὸκτώ’
1552 2241 1599 2268 xui.
1611 2240 1721 2274 ἐποίησε
1734 2239 1765 2264 τὸ
1778 2239 1823 2264 εὑ-

1037 2294 1082 2325 θὲς
1096 2294 1124 2319 ἐν
1141 2293 1214 2328 πάσῃ
1228 2291 1278 2327 ὁδῷ
1293 2291 1384 2322 Δαὸὶδ,
1402 2292 1449 2316 καὶ
1463 2290 1512 2316 οὐκ
1539 2288 1644 2322 ἀπέστη
1661 2285 1745 2320 δεξιᾷ,
1762 2284 1822 2311 οὐδὲ

1037 2340 1176 2375 ἀριστερᾷ.
1192 2339 1247 2365 Καὶ
1264 2337 1317 2373 γὰρ
1329 2337 1376 2363 καὶ
1400 2336 1433 2362 τὰ
1450 2335 1518 2370 ἄλση
1538 2333 1661 2367 ἐξέκοψε,
1675 2332 1722 2358 καὶ
1736 2331 1770 2357 τὰ
1786 2331 1824 2356 εἵ-

1036 2385 1107 2412 δωλα
1119 2385 1208 2411 πάντα
1221 2383 1339 2415 καθεῖλε,
1362 2382 1504 2417 γενόμενος
1517 2379 1584 2406 ἐτῶν
1602 2381 1648 2411 ις’⁸
1663 2378 1708 2404 τόν
1724 2385 1753 2403 τε
1779 2376 1823 2402 νό-

1039 2439 1088 2466 μον
1098 2430 1226 2466 ζητήσας,
1244 2430 1292 2456 xui.
1310 2428 1397 2464 εὑρὼν
1422 2426 1602 2462 ἀμεληθέντα,
1618 2421 1823 2458 ἀναγνωσθῆναι

1037 2479 1180 2514 πεποίηκε.
1194 2478 1249 2504 Καὶ
1262 2477 1292 2503 τὺ
1306 2476 1401 2511 Πάσχα
1415 2473 1540 2510 ἐκήρυξε,
1551 2472 1597 2499 xui.
1611 2471 1737 2506 ἐποίησεν
1746 2468 1822 2500 αὐτὸ,

1037 2524 1074 2556 ὠς
1090 2524 1252 2559 γέγραπται.
1270 2522 1370 2548 Τοῦτον
1383 2521 1412 2548 δὲ
1428 2520 1515 2548 ἀνεῖλε
1544 2518 1642 2554 Φαραὼ
1666 2515 1763 2550 Νεχαὼ
1777 2514 1823 2541 ἐπὶ

1037 2569 1083 2596 τοῦ
1111 2569 1266 2605 Εὐφράτου,
1299 2567 1523 2602 φιλονεικήσαντα
1548 2564 1616 2600 πρὸς
1638 2562 1727 2589 αὐτόν,
1762 2560 1824 2586 Ἐπὶ

1037 2614 1130 2641 τούτου
1151 2614 1283 2650 Ἱερεμίας
1295 2613 1343 2640 καὶ
1357 2611 1486 2646 Σοφονίας
1499 2609 1569 2645 ἦσαν
1579 2610 1604 2636 οἱ
1621 2607 1768 2644 προφῆται,
1777 2606 1823 2632 καὶ

1044 2660 1145 2694 me“;
1163 2659 1308 2696 προφῆτις,
1325 2657 1393 2692 γυνὴ
1420 2657 1514 2691 Σελλῆ.
1536 2655 1650 2690 Ἰωάχαζ
1671 2653 1728 2685 υἱὸς
1741 2651 1822 2679 αὑτοῦ

1039 2708 1126 2741 μῆνας
1137 2707 1221 2742 τρεῖς·
1238 2705 1284 2732 καὶ
1299 2704 1410 2740 ἐποίησε
1427 2704 1457 2730 τὸ
1486 2702 1613 2737 πονηρὴν,
1635 2701 1681 2728 καὶ
1694 2699 1824 2735 μετέστη-

1039 2759 1084 2778 σεν
1096 2750 1175 2778 αὑτὸν
1192 2749 1291 2785 Φαραὼ
1315 2748 1423 2784 Νεχαώ.
1438 2748 1493 2775 Καὶ
1518 2748 1564 2774 ἐπὶ
1583 2745 1678 2774 τούτου
1692 2742 1726 2780 ἦν
1744 2744 1824 2779 Ἱερε-
