1915 3057
96 127 151 155 535

634 129 801 158 SYNOPSIS
821 129 1032 160 SCRIPTURAC
1054 130 1190 159 SACRE.

1686 129 1738 157 526

97 191 174 224 μίας.
195 187 337 224 Ἐλιακεὶμ
354 189 448 225 ἔτερος
468 189 526 221 υἱδς
545 189 658 222 Ἰωσίου,
676 190 706 222 ὃς
722 191 769 218 καὶ
782 199 886 226 μετωνο

949 196 1021 219 ctam
1035 193 1196 226 invenisset,
1211 191 1264 227 legi
1276 190 1394 223 curavit,
1407 198 1439 218 ac
1452 189 1558 218 Pascha
1573 190 1737 226 praedicavit

97 233 190 269 μάσθη
213 233 353 269 Ὶωακεὶμ,
369 234 416 268 ἐτη
444 234 547 261 ια’-καὶ
563 235 676 271 ἐποίησε
706 236 738 262 τὸ
765 236 892 271 πονηρόν.

101 280 260 315 Ἰωακεὶμὸ
285 280 331 306 καὶ
353 280 478 314 Ἰεχονίας
503 281 560 312 υίὸς
588 280 670 307 αὐτοῦ
687 280 774 316 μῆνας
797 285 831 315 γ’·
847 283 895 308 καὶ

95 326 210 358 ἐποίησε
228 326 258 352 τὸ
273 325 400 361 πονηρὸν,
417 327 463 352 καὶ
475 326 587 361 ἀπήχθη
602 328 641 358 εἰς
649 327 807 354 Βαϐυλῶνα.
818 328 894 354 Μαν-

96 371 182 398 Οανὰν
199 372 257 404 υἱὸς
270 372 363 398 αὐτοῦ.
393 373 494 399 Τοῦτον
509 373 754 409 Ναϐουχοδονόσωρ
781 373 893 408 ἐποίησε

97 418 223 453 βασιλέα,
233 419 279 445 καὶ
297 419 474 454 μετωνόμασε
497 420 578 446 αὑτὸν
595 421 731 448 Σεδεκίαν.
757 421 811 448 Καὶ
829 421 892 447 ἐϐα-

97 464 222 490 σίλευσεν
235 464 281 500 ἔτη
297 467 343 492 ια’·
358 466 404 492 καὶ
419 465 530 501 ἐποίησε
558 467 588 493 τὸ
608 467 735 502 πονηρόν.
763 467 817 494 Καὶ
845 468 892 493 ἐπὶ

95 510 194 537 τούτου
210 509 244 546 ἦν
265 512 409 547 Ἱερεμίας.
432 513 504 544 Ἕως
538 513 636 539 τούτου
657 514 673 548 ἡ
698 513 819 547 βασιλεία
848 512 895 540 τοῦ

102 557 191 584 Ἰούδα
208 558 329 593 ἐκράτει,
359 559 406 585 καὶ
430 559 574 595 κατελύθη,
591 559 685 595 ὥσπερ
710 560 822 595 καὶτῆς
845 560 896 586 Σα-

98 604 227 638 μαρείας’
257 604 304 630 καὶ
327 604 382 640 γὰρ
403 606 450 631 καὶ
473 605 489 640 ἡ
519 605 595 637 πόλις
622 606 703 637 ἑάλω,
727 606 772 632 καὶ
795 606 895 637 πάντες

95 649 261 684 ὰπήχϐησαν
291 650 458 686 αίχμάλωτοι
488 651 528 683 εἰς
552 651 701 679 Βαϐυλῶνα
739 651 807 687 μετὰ
840 651 894 678 τῶν

98 703 216 722 σκευων.

945 238 1157 273 celebravitque,
1187 238 1260 266 sicut
1291 237 1425 272 scriptum
1450 241 1502 264 est.
1538 236 1615 264 llunc
1638 237 1739 266 occidit

944 283 1050 311 Pharao
1062 284 1172 311 Nechao
1187 284 1220 310 ad
1236 283 1416 318 Euphratem,
1430 290 1491 310 cum
1507 283 1649 310 contentio
1663 283 1739 310 inter

943 338 991 358 eos
1007 335 1066 357 orta
1089 333 1173 357 esset.
1193 329 1281 364 llujus
1311 333 1435 364 tempore
1457 328 1567 355 fuerunt
1598 329 1738 363 prophetae

943 375 1085 405 .leremias.
1097 375 1252 410 Sophonias
1263 378 1289 402 et
1301 373 1367 400 Olda
1380 373 1562 408 prophetissa,
1571 381 1642 400 uxor
1654 372 1736 400 Selle.

942 421 1043 449 Joakaz
1068 422 1140 448 ﬁlius
1167 421 1227 455 ejus
1253 421 1377 455 regnavit
1400 428 1509 447 menses
1526 424 1592 451 tres,
1621 424 1648 447 et
1673 419 1738 446 fecit

944 468 1017 502 quod
1034 467 1135 494 malum
1154 469 1224 498 erat,
1248 466 1443 500 transtulitque
1463 466 1538 492 illum
1559 465 1666 492 Pharao
1685 464 1738 492 Ne—

946 514 1016 540 chao
1037 522 1042 539 :
1062 513 1113 539 sub
1128 513 1179 540 hoc
1195 519 1303 546 quoque
1319 511 1386 538 vixit
1400 511 1544 538 Jeremias.
1560 510 1674 537 Eliakim
1697 511 1737 537 al-

946 565 987 587 ter
1001 559 1073 586 ﬁlius
1088 559 1179 591 Josize,
1192 559 1237 593 qui
1250 562 1277 586 et
1290 557 1395 585 Ieakim
1409 562 1513 585 mutato
1521 558 1632 584 nomine
1646 557 1737 584 dictus

945 608 996 633 est,
1010 603 1134 638 regnavit
1146 611 1233 636 annos
1253 602 1299 634 11,
1316 606 1343 629 et
1367 602 1432 629 fecit
1456 601 1528 636 quod
1545 602 1644 629 malum
1665 607 1734 629 erat.

944 648 1063 678 Joakim.
1080 648 1126 682 qui
1144 653 1171 675 et
1188 647 1336 675 Jechonias
1355 647 1426 674 ﬁlius
1443 647 1515 682 ejus,
1531 647 1653 682 regnavit
1664 654 1737 673 men-

946 703 990 723 ses
1007 698 1077 726 tres,
1104 697 1131 721 et
1158 693 1223 721 fecit
1250 693 1324 729 quod
1353 693 1454 720 malum
1475 696 1544 725 erat,
1572 692 1737 719 translatus-

96 751 152 778 que
172 744 253 771 estin
268 743 443 780 Babylonem.
458 745 625 779 Manthanan
658 745 730 774 ﬁlius
745 745 817 780 ejus.
845 744 925 772 Hunc
949 741 1205 769 Nabuchodonosor
1230 740 1374 768 constituit
1403 747 1504 775 regem,
1540 738 1736 773 Sedekiamque

97 793 205 817 mutato
219 790 331 818 nomine
346 793 454 818 vocarit
466 801 473 824 ;
486 792 613 827 regnavit
625 800 712 820 annos
727 792 771 824 11,
784 796 811 819 et
826 791 891 819 iecit
910 789 982 825 quod
998 788 1098 814 malum
1116 790 1183 814 erat.
1217 786 1274 813 Sub
1292 786 1346 813 isto
1363 793 1473 820 quoque
1496 788 1557 812 erat
1591 783 1734 811 Jeremias.

97 837 158 865 lluc
176 846 264 872 usque
277 838 387 866 duravit
412 847 532 876 _regnum
556 840 636 873 .Iuda,
660 846 778 875 tuncque
814 839 975 867 subversum
991 839 1044 868 est,
1069 835 1141 862 sicut
1162 838 1189 861 et
1212 841 1327 869 regnum
1362 833 1513 865 Samarire;
1531 831 1598 859 urbs
1615 838 1735 866 namque

97 883 267 916 (Jerusalem
277 884 287 919 )
298 890 374 919 capta
386 889 413 912 et
428 886 548 913 universi
561 886 587 912 in
598 885 762 921 Babylonem
775 884 888 919 captivi,
907 889 970 910 cum
986 881 1071 913 vasis,
1085 879 1195 906 abducti
1211 882 1285 906 sunt.

140 930 224 965 ’0μοῦ
236 931 260 956 οἱ
277 932 418 965 γεγονότες
439 931 557 966 βασιλεῖς
584 932 761 968 Ἰερουσαλὴμ
773 931 827 958 ἀπὸ
842 930 886 957 τοῦ

978 927 1064 962 Reges
1083 927 1176 960 itaque
1189 926 1217 952 in
1235 924 1386 952 Jerusalem
1398 931 1413 950 a
1425 922 1526 950 Davide
1543 929 1630 958 usque
1641 921 1674 949 ad
1688 929 1736 949 ca-

95 976 182 1002 Aa€16
196 977 241 1002 καὶ
259 976 339 1012 μέχρι
355 977 404 1011 τῆς
418 977 458 1008 είς
479 976 626 1004 Βαϐυλῶνα
648 977 836 1012 αἰχμαλωσίας
853 976 892 1002 sl-

95 1030 160 1048 κοσι
177 1022 222 1048 καὶ
236 1019 286 1054 εἷς,
302 1023 366 1049 ἄνευ
380 1022 501 1058 δηλονότι
517 1024 566 1058 τῆς
580 1023 717 1055 Γοϐολίας,
733 1022 891 1058 βασιλευσά-

96 1075 150 1102 σης
163 1069 208 1095 καὶ
224 1068 320 1103 αὐτῆς,
336 1068 373 1101 ὡς
389 1069 508 1105 εἴρηται,
527 1069 596 1105 μετὰ
619 1069 746 1105 τελευτὴν
770 1069 817 1096 τοῦ
832 1068 890 1096 υὶοῦ

94 1115 184 1150 αὐτῆς
203 1115 320 1150 Ὀχοζίου
334 1115 381 1152 ἔτη
394 1116 473 1143 ἑπτά.

345 1161 489 1194 Βασιλεῖς
515 1161 645 1196 Ἰσραήλ.

136 1208 179 1235 18.
202 1208 282 1243 Ἑξῆς
297 1208 325 1235 δὲ
339 1209 435 1244 ῥητέον
447 1208 568 1244 καὶπερὶ
582 1209 636 1235 τῶν
651 1209 679 1235 ἐν
694 1207 835 1244 Σαμαρείᾳ
846 1215 892 1242 γε-

96 1254 218 1290 νομένων
246 1254 378 1289 βασιλέων
403 1253 450 1280 τοῦ
486 1254 604 1290 Ἰσραήλ·
630 1253 688 1286 πῶς
714 1262 744 1280 τε
768 1254 892 1280 ἐκαλεῖτο

95 1299 211 1332 ἕκαστος
221 1300 333 1333 τούτων,
347 1301 393 1327 καὶ
409 1301 480 1327 πόσα
495 1300 669 1327 ἐϐασίλευσεν
682 1300 740 1336 ἐτη,
757 1300 803 1326 καὶ
818 1300 893 1331 ὅπως

95 1346 224 1374 ἐϐίωσεν.

132 1393 246 1428 Πρῶτος
266 1392 409 1428 Ἰεροΰοὰμ
425 1392 482 1424 υίὸς
498 1391 594 1419 Ναὸὰθ
611 1391 784 1419 ἐϐασίλευσεν
800 1392 830 1418 ἐν
840 1391 893 1418 Σα-

96 1437 214 1473 μαρείᾳ,
238 1438 395 1474 σχισθείσης
431 1439 480 1473 τῆς
507 1437 660 1472 βασιλείας,
695 1437 816 1464 ἀνελθὼν
844 1438 891 1464 ἀπ’

93 1482 245 1516 Αἰγύπτου.
273 1483 328 1510 Καὶ
356 1483 468 1518 ἐποίησε
491 1483 521 1510 τὸ
537 1483 656 1519 πονηρὸν
679 1483 718 1515 ὡς
733 1475 820 1514 οὐδεὶς
834 1483 893 1509 ’ἐτε-

98 1537 154 1564 ρος.
168 1529 336 1564 Φοόούμενος
347 1529 401 1565 γὰρ
417 1529 454 1565 μὴ
469 1529 618 1564 καταλυθῇ,
631 1529 742 1564 ἐποίησε
762 1528 892 1563 δαμάλεις

94 1575 199 1610 χρυσᾶς
210 1575 266 1606 δύο,
280 1575 326 1601 καὶ
339 1575 462 1610 ὴπάτησε
490 1575 535 1601 τὸν
552 1575 614 1601 λαὸν
626 1574 722 1609 λέγων·
738 1584 746 1600 ι
764 1572 844 1601 Οὗτοι
867 1575 891 1601 οι

941 973 1094 1009 ptivitatem
1110 970 1303 1006 Babylonicam
1316 970 1429 997 fuerunt
1443 968 1539 1004 viginti
1552 976 1623 995 unus
1639 975 1646 993 z
1664 975 1734 1002 pra;-

941 1024 982 1045 ter
1002 1017 1168 1048 Gotholiam,
1185 1023 1246 1051 quae
1263 1019 1290 1043 et
1306 1016 1366 1050 ipsa
1384 1016 1456 1042 sicut
1475 1014 1578 1040 dictum
1601 1017 1655 1046 est,
1670 1016 1735 1049 post

941 1063 1065 1092 Ochosize
1078 1062 1125 1090 lilii
1138 1066 1256 1090 mortem
1274 1065 1380 1096 septem
1392 1067 1480 1088 annos
1492 1059 1626 1095 regnavit.

1239 1161 1319 1197 Reges
1337 1161 1436 1188 Israel.

979 1209 1024 1238 18.
1038 1209 1243 1244 Consequenter
1254 1212 1281 1236 et
1299 1208 1332 1235 de
1347 1207 1458 1242 regibus
1471 1206 1567 1238 lsrael,
1583 1205 1628 1241 qui
1641 1205 1668 1232 in
1682 1204 1733 1232 Sa-

941 1258 1027 1286 maria
1036 1260 1196 1291 regnarunt,
1207 1254 1351 1282 dicendum
1360 1257 1402 1281 est
1416 1263 1422 1281 :
1435 1261 1542 1288 nempe.
1552 1261 1606 1288 quo
1617 1253 1735 1288 quisque

941 1308 1056 1333 vocatus
1072 1303 1109 1331 sit
1123 1303 1244 1337 nomine,
1258 1305 1325 1337 quot
1342 1308 1429 1328 annos
1444 1300 1608 1336 regnaverit,
1626 1304 1653 1327 et
1665 1307 1734 1335 quo-

942 1351 1024 1378 modo
1039 1349 1148 1377 viXerit.

976 1396 1121 1424 Jeroboarn
1134 1396 1205 1423 ﬁlius
1215 1395 1333 1427 Nabath,
1345 1401 1407 1422 cum
1419 1393 1545 1421 rediisse!
1556 1401 1589 1420 ex
1603 1393 1732 1429 Egypto,

942 1444 1031 1471 diviso
1058 1450 1142 1478 regno
1154 1442 1261 1477 primus
1278 1441 1402 1476 regnavit
1425 1441 1453 1467 in
1471 1440 1605 1467 Samaria.
1622 1439 1661 1466 ita
1684 1447 1734 1466 au-

943 1493 996 1517 tem
1012 1489 1084 1524 quod
1099 1488 1199 1514 malum
1218 1491 1278 1514 erat
1297 1487 1370 1519 fecit,
1390 1491 1419 1513 ut
1435 1486 1532 1514 similis
1549 1486 1586 1512 illi
1603 1493 1657 1512 non
1673 1485 1734 1513 fue-

942 1537 989 1564 rit.
1017 1535 1126 1562 Veritus
1145 1533 1217 1560 enim
1238 1541 1270 1561 ne
1299 1541 1412 1568 regnum
1435 1533 1496 1568 ejus
1516 1532 1731 1564 dissolveretur;

943 1582 1013 1610 duos
1029 1581 1127 1608 aureos
1142 1580 1241 1606 vitulos
1260 1579 1333 1611 fecit,
1352 1583 1379 1606 et
1395 1578 1524 1614 populum
1543 1577 1662 1609 seduxit,
1689 1577 1733 1604 di-

94 1620 152 1647 θεοί
167 1622 236 1647 εἰσιν
251 1622 275 1647 οἱ
289 1620 471 1654 ἀναγαγόντες
483 1621 555 1656 ἡμᾶς
569 1620 599 1652 ἐξ
609 1619 773 1654 Αἰγύπτου.»
789 1619 886 1646 Ἐπλά-

941 1635 1002 1654 cens
1021 1636 1027 1654 :
1047 1635 1056 1651 ί
1080 1625 1112 1653 lli
1135 1629 1199 1652 sunt
1219 1624 1256 1651 dii
1273 1624 1319 1659 qui
1341 1624 1494 1651 eduxerunt
1517 1630 1568 1650 nos
1588 1630 1620 1649 ex
1646 1621 1732 1658 Egy—

95 1675 162 1693 σατο
178 1667 207 1693 δέ
219 1667 266 1692 καὶ
281 1667 370 1702 ἱερέας
385 1667 491 1698 αὐταῖς,
505 1667 553 1693 καὶ
563 1666 649 1698 οὕτως
659 1666 740 1697 αὐτὸς
751 1665 887 1700 ἐξήμαρτε

92 1713 140 1739 τὸν
167 1708 283 1748 Ἰσραήλ.
301 1712 380 1747 Δί)τῷ
395 1712 450 1748 γὰρ
467 1712 567 1743 πάντες
583 1713 607 1738 οἱ
632 1712 691 1747 μετ’
714 1712 793 1739 αὐτὸν
820 1721 887 1738 κατ-

93 1758 294 1793 ηκολούθησαν.
317 1759 490 1785 Ἐϐασίλευσε
503 1759 530 1785 δὲ
545 1759 591 1793 ἔτη
605 1758 654 1787 κδ’.
677 1759 738 1785 Ἐπὶ
748 1758 841 1785 τοῦτον
852 1757 886 1794 ἦν

93 1806 237 1841 προψήτης
256 1806 331 1840 Ἀχιᾶ
345 1807 359 1832 ὁ
371 1805 534 1841 Σηλωνίτης,
565 1806 611 1833 καὶ
627 1807 642 1833 ὁ
654 1806 886 1842 ἐπικαλεσάμενος

93 1853 141 1879 ἐπὶ
152 1853 182 1878 τὸ
195 1853 386 1888 Θυσιαστήριον
403 1853 462 1879 κατ’
475 1852 568 1880 αὑτοῦ.

127 1896 225 1923 Ναεὰϐ
238 1898 294 1928 υἱὸς
319 1897 399 1923 αὑτοῦ
415 1897 462 1933 ἔτη
479 1898 511 1932 β’·
525 1898 572 1924 καὶ
588 1897 698 1933 ἐποίησε
713 1897 744 1924 τὸ
758 1898 884 1934 πονηρόν.

92 1943 150 1970 Καὶ
164 1943 213 1968 οὐκ
224 1942 263 1968 ἐτι
279 1942 324 1968 τοῦ
335 1943 430 1976 γένους
445 1943 528 1969 αὑτοῦ
546 1943 713 1970 ἐϐασίλευσε.
727 1944 820 1970 Βαασᾶ
840 1944 887 1971 ἄλ-

91 1987 140 2014 λου
158 1988 251 2021 γένους
269 1987 317 2023 ἐτη
340 1988 387 2014 κδ’·
404 1988 450 2014 καὶ
472 1988 584 2023 ἐποίησε
611 1989 641 2015 τὸ
664 1989 790 2024 πονηρόν.
821 1989 886 2014 Ἠλὰ

92 2034 150 2065 υἱὸς
167 2033 249 2059 αὑτοῦ
263 2033 309 2069 ἔτη
380 2034 428 2061 καὶ
437 2034 548 2068 ἐποίησε
567 2034 598 2060 τὸ
625 2034 752 2070 πονηρόν.
769 2034 823 2061 Ka‘t
836 2034 886 2061 οὐκ

92 2079 133 2106 ἑτι
148 2079 196 2105 τοῦ
210 2079 305 2113 γένους
321 2079 403 2106 αὑτοῦ
426 2079 592 2106 ἐϐασίλευσε.
625 2080 740 2116 Ζαμὸρῆ
754 2080 808 2115 (19.)
827 2080 885 2106 ἐτέ-

95 2133 142 2160 ρου
158 2125 253 2160 γένους
264 2125 312 2160 ἔτη
329 2125 373 2161 ιβ’·
390 2126 437 2152 καὶ
454 2126 565 2161 ἐποίησε
580 2126 610 2152 τὺ
637 2127 763 2163 πονηρόν.
783 2126 885 2162 ’Λχαάὃ

94 2171 151 2201 υίὸς
168 2170 251 2197 αὑτοῦ
266 2171 312 2207 ἔτη
344 2171 395 2206 κβ’·
418 2171 465 2198 καὶ
490 2171 602 2206 ἐποίησε
617 2171 647 2198 τὸ
671 2171 787 2207 πονηρὸν
804 2172 884 2199 πλέον

94 2217 147 2243 τῶν
161 2216 258 2244 ἄλλων.
279 2217 341 2243 Ἐπὶ
363 2217 459 2244 τούτου
479 2218 617 2254 προφῆται
640 2216 710 2254 ἦσαν
733 2218 825 2250 Ἠλίας
838 2218 884 2244 καὶ

100 2263 261 2294 Ἐλισσαῖος,
294 2263 340 2290 καὶ
370 2263 498 2298 Μιχαίας,
525 2264 572 2291 καὶ
589 2265 603 2290 ὁ
628 2263 820 2300 προφητεύσας
844 2263 884 2299 τῷ

939 1678 986 1709 plo
1001 1673 1036 1700 ⁸⁸.
1055 1682 1064 1698 ι
1080 1671 1200 1698 Instituit
1214 1671 1296 1697 etiam
1314 1669 1382 1704 ipsis
1403 1670 1572 1701 sacerdotes,
1593 1673 1674 1704 atque
1692 1669 1732 1696 ita

938 1726 1052 1754 peccare
1069 1718 1134 1745 fecit
1150 1717 1288 1744 lsraelem.
1310 1716 1401 1751 Ipsum
1418 1715 1492 1743 enim
1517 1722 1613 1742 omnes
1634 1719 1730 1750 postea

937 1772 1016 1799 reges
1034 1763 1131 1790 imitati
1152 1767 1233 1795 sunt;
1249 1763 1372 1797 regnavit
1388 1765 1480 1789 autem
1506 1767 1592 1788 annos
1615 1761 1661 1794 24,
1677 1761 1730 1788 sub

937 1810 989 1837 hoc
1004 1814 1063 1837 erat
1080 1809 1211 1844 propheta
1237 1807 1322 1835 Achia
1350 1806 1471 1834 Selonita
1484 1826 1492 1840 ,
1519 1810 1547 1834 et
1571 1806 1618 1841 qui
1633 1809 1730 1834 contra

937 1856 1024 1891 ipsum
1037 1863 1120 1890 super
1135 1855 1221 1882 altare
1233 1854 1402 1881 vociferatus
1419 1857 1472 1881 est.

971 1902 1075 1929 Nabath
1095 1901 1167 1928 ﬁlius
1181 1901 1242 1935 ejus
1262 1902 1385 1935 regnavit
1404 1907 1492 1927 annos
1513 1899 1595 1932 duos,
1613 1903 1640 1926 et
1663 1898 1730 1927 fecit

936 1947 1009 1982 quod
1024 1947 1125 1973 malum
1143 1949 1212 1972 erat.
1229 1944 1285 1972 Nec
1308 1945 1424 1979 amplius
1449 1948 1510 1979 post
1529 1944 1604 1970 illum
1624 1944 1658 1971 de
1680 1951 1729 1978 ge-

936 2001 1001 2021 nere
1014 1993 1099 2028 ipsius
1113 1992 1259 2026 quisquam
1271 1990 1405 2026 regnavit.
1418 1989 1505 2017 Baasa
1522 1989 1555 2017 de
1566 1989 1619 2017 alia
1632 1989 1728 2024 stirpe,

936 2039 1059 2074 regnavit
1072 2044 1161 2064 annos
1179 2036 1228 2068 24,
1242 2040 1269 2063 et
1290 2035 1354 2063 fecit
1368 2034 1441 2070 quod
1461 2035 1564 2062 malum
1586 2038 1655 2062 erat.
1679 2033 1728 2061 Eia

937 2085 1008 2112 ﬁlius
1022 2084 1082 2119 ejus
1097 2091 1184 2110 annos
1201 2083 1228 2114 2,
1247 2087 1274 2110 et
1290 2081 1355 2109 fecit
1378 2082 1450 2117 quod
1470 2081 1573 2108 malum
1594 2085 1663 2113 erat,
1676 2088 1728 2108 nec

935 2131 969 2158 de
993 2131 1052 2165 ejus
1069 2130 1153 2164 stirpe
1176 2132 1271 2164 postea
1291 2127 1591 2167 quisquam.reguavit.
1610 2126 1728 2154 Zamhre

936 2177 1048 2204 alterius
1065 2175 1172 2211 generis
1194 2174 1320 2209 regnavit
1342 2181 1429 2200 annos
1453 2173 1498 2205 12,
1515 2177 1542 2200 et
1568 2171 1633 2199 fecit
1653 2172 1726 2206 quod

935 2221 1035 2248 malum
1057 2224 1125 2247 erat.
1144 2219 1256 2246 Achaab
1271 2218 1343 2245 ﬁlius
1357 2218 1417 2252 ejus
1433 2216 1562 2252 regnavit
1576 2224 1663 2244 annos
1678 2216 1725 2250 22,

935 2269 972 2296 et,
988 2265 1132 2300 plusquam
1152 2263 1254 2294 caeleri,
1278 2263 1343 2290 fecit
1359 2261 1432 2298 quod
1459 2262 1560 2288 malum
1581 2265 1658 2288 erat:
1673 2261 1726 2288 sub

100 2309 201 2343 ’Δχαὰΰ
216 2309 281 2344 περὶ
295 2310 343 2344 τῆς
368 2309 467 2344 Συρίας
480 2309 526 2336 καὶ
541 2309 587 2336 τοῦ
612 2310 670 2336 υἱοῦ
691 2309 778 2346 Ὰδὲρ,
794 2310 842 2336 καί
868 2311 882 2337 ὁ

941 2318 987 2337 ioc
1012 2310 1152 2345 propheta:
1176 2313 1256 2337 erant
1280 2308 1363 2340 Elias,
1396 2308 1519 2338 Eliseus,
1540 2306 1677 2338 Michaeas,
1697 2310 1726 2334 et

94 2354 216 2388 πατάξας
231 2355 312 2380 αὑτὸν
335 2354 482 2390 τραύματι,
508 2355 555 2381 καὶ
580 2354 691 2388 ἐλέγξας
704 2355 749 2382 τὸν
773 2355 885 2390 ’Ᾱχαὰ6,

93 2400 140 2426 καὶ
153 2400 246 2426 πολλοὶ
260 2399 321 2427 καθ’
332 2401 445 2432 ἑαυτοὺς
461 2401 514 2426 υίοὶ
527 2400 580 2427 τῶν
596 2400 750 2436 προφητῶν.
764 2401 887 2436 Ὀχοζίας

94 2446 150 2477 υἱὸς
163 2445 247 2472 αὑτοῦ
263 2446 311 2480 ἐτη
324 2446 356 2480 β’·
375 2447 422 2472 καὶ
439 2445 549 2482 ἐποίησε
574 2446 605 2473 τὸ
627 2446 753 2482 πονηρόν.
771 2446 826 2473 Καὶ
839 2447 886 2473 ἐπὶ

91 2492 187 2518 τούτου
203 2489 273 2526 ἦσαν
292 2491 382 2523 Ἠλίας
397 2492 443 2518 καὶ
461 2492 619 2524 Ἐλισσαῖος,
636 2492 723 2518 Αὐτοῦ
743 2493 796 2527 γὰρ
821 2493 885 2525 τοὺς

91 2538 343 2573 πεντηκονταρχους
360 2538 494 2571 ἐπάταξεν
506 2539 534 2564 ἐν
546 2538 612 2573 πυρὶ
630 2538 721 2568 Ἠλίας
732 2539 761 2564 ἐν
783 2538 884 2573 ῥήματι

92 2584 204 2619 Κυρίου.
226 2584 356 2619 Ἰωαρὰμ,
370 2584 426 2616 υἱὸς
453 2584 545 2620 ἕτερος
580 2583 693 2619 Ἀχαὰ6,
709 2583 756 2619 ἐτη
773 2584 815 2619 ιβ’·
837 2584 883 2610 καὶ

91 2629 203 2664 ἐποίησε
216 2629 247 2656 τὸ
264 2630 391 2666 πονηρόν.
415 2630 471 2656 Καὶ
489 2630 539 2657 οὐκ
554 2629 594 2656 ἔτι
617 2629 664 2656 τοῦ
679 2630 774 2664 γένους
799 2629 882 2656 αὐτοῦ

91 2675 261 2703 ἐϐασίλευσε.
279 2676 334 2703 Καὶ
348 2677 362 2703 ὁ
383 2677 433 2712 μὲν
451 2676 543 2708 Ἠλίας
558 2676 604 2703 ἐπὶ
619 2675 713 2703 τούτου
731 2675 880 2711 ἀνελήφθη*

129 2754 152 2770 ⁸⁸
173 2753 204 2780 111
222 2753 290 2790 Reg.
307 2763 365 2788 xu,
383 2753 428 2783 28.

937 2357 983 2392 qui
998 2357 1055 2391 regi
1070 2355 1186 2383 Achaab.
1201 2355 1234 2382 de
1253 2354 1332 2390 Syria
1359 2359 1386 2382 et
1404 2354 1459 2381 ﬁlio
1481 2354 1554 2381 Ader
1577 2353 1726 2389 propheta-

935 2403 985 2435 vit,
1011 2403 1058 2438 qui
1086 2402 1198 2437 proprio
1213 2402 1294 2436 jussu
1322 2407 1471 2435 percussus
1494 2406 1527 2426 ac
1553 2400 1722 2431 vulneratus,

935 2455 1024 2481 regem
1043 2447 1153 2474 Achaab
1173 2446 1322 2482 redarguit.
1337 2445 1370 2472 Et
1387 2449 1517 2480 prmterea
1536 2452 1660 2472 seorsum
1675 2443 1724 2470 ha~

936 2494 1056 2520 bitantes
1086 2492 1166 2520 multi
1195 2492 1388 2527 prophetarum
1418 2490 1476 2517 lllii.
1496 2489 1573 2524 113
1589 2489 1723 2517 Ochozias

936 2539 1009 2566 ﬁlius
1033 2538 1104 2573 ejus,
1134 2540 1258 2573 regnavit
1290 2543 1376 2563 annos
1404 2535 1483 2567 duos,
1511 2539 1538 2562 et
1560 2534 1624 2562 fecit
1648 2534 1722 2569 quod

935 2586 1036 2612 malum
1051 2588 1119 2612 erat.
1139 2583 1227 2619 Hujus
1249 2590 1358 2619 quoque
1371 2586 1493 2617 tempore
1511 2585 1590 2609 erant
1605 2580 1678 2608 Elias
1694 2585 1722 2608 et

933 2630 1041 2658 Eliseus
1057 2639 1063 2657 :
1080 2629 1329 2664 quinquagenarios
1355 2629 1426 2655 enim
1448 2628 1519 2655 alius
1532 2628 1593 2662 igne
1607 2635 1722 2662 percus-

934 2675 970 2705 sit
981 2675 1053 2703 Elias
1066 2675 1095 2702 in
1106 2676 1189 2703 verbo
1197 2675 1315 2704 Domini.
1325 2674 1426 2708 .loram,
1439 2674 1507 2702 alter
1515 2674 1587 2702 ﬁlius
1597 2673 1720 2706 Achaab,

128 2818 184 2857 (t2)
201 2819 230 2857 l_n
247 2819 323 2852 libro
341 2818 373 2847 lll
390 2820 453 2856 Reg.
480 2820 580 2849 dicitur
606 2819 716 2848 Zamhri
732 2827 873 2857 _rcgnasse
890 2822 992 2855 septem
1009 2821 1113 2846 tantum
1127 2816 1195 2851 dies,
1207 2820 1234 2845 et
1245 2820 1306 2853 post
1321 2824 1382 2846 eum
1395 2816 1470 2844 Amai
1492 2819 1569 2852 pater
1597 2813 1720 2843 Achaah-

96 2854 240 2882 duodecim
257 2862 353 2882 annos.
