1915 3057
178 135 230 164 527

760 133 789 161 S.
805 132 1031 160 ATIIANASiUS
1062 149 1097 154 —
1121 132 1233 160 DUDlA.

1759 133 1820 160 323

178 191 303 226 regnavit
316 198 403 218 annos
417 188 572 220 duodecim,
584 192 611 216 et
623 187 685 215 fecit
694 188 766 222 quod
780 187 880 215 malum
896 191 966 214 erat.

1028 189 1032 213 i
1048 188 1076 215 δὲ
1100 188 1250 218 Ἐλισσαῖος
1263 186 1396 222 διέμεινεν
1415 186 1468 218 ἕως
1485 186 1636 223 ’Ῐεροῦοὰμ,
1648 187 1707 214 υἱοῦ
1724 188 1818 220 ’Ῐωᾶς,

178 237 244 264 Post
262 237 336 264 hunc
359 243 440 263 nemo
459 235 576 270 amplius
594 234 627 262 de
645 234 696 262 bac
717 234 802 269 stirpe
819 233 942 268 regnavit
957 242 963 260 :

178 283 231 310 sub
256 284 308 310 isto
325 285 483 316 assumptus
502 286 544 308 est
561 281 645 308 Elias.
662 280 768 307 Eliseus
781 287 847 307 vero
866 279 967 314 perdu-

179 330 249 357 ravit
263 337 350 364 usque
365 329 397 355 ad
415 328 559 356 Jeroboam
575 328 659 355 ﬁlium
680 328 745 355 Joas
765 335 856 362 regem
870 327 966 355 Israel.

178 376 265 402 Erant
279 379 370 402 autem
393 374 445 401 sub
463 374 523 401 istis
539 374 619 400 ctiam
639 373 685 400 ﬁlii
707 373 912 408 prophetarum.
928 371 971 399 Je-

179 423 215 449 hu
231 422 264 449 de
280 421 331 448 alia
359 421 443 455 stirpe
466 420 540 447 ﬁlius
557 419 703 452 Namesse,
732 419 856 453 regnavit
882 425 969 445 annos

177 469 274 504 viginti
289 473 360 495 octo.
378 467 427 494 llic
442 475 528 502 genus
542 466 653 493 Achaab
670 466 793 499 sustulit,
809 470 836 492 et
849 465 967 500 prophe-

179 519 220 542 tas
234 515 296 540 Baal
309 522 356 549 per
371 513 486 541 insidias
496 512 608 553 occiditl
626 516 800 547 statuamque
817 512 890 539 illius
903 519 968 539 con-

178 560 262 586 trivit.
280 559 386 586 Etcum
402 560 430 586 in
447 558 652 596 l1isce_feeisset
674 558 746 592 quod
772 562 875 584 rectum
898 560 966 588 erat,

178 606 388 642 promissionem
403 604 508 639 accepit
520 604 592 639 quod
608 604 694 639 ipsius
719 603 765 630 ﬁlii
785 603 819 629 ad
841 606 966 638 quartam

1019 233 1150 268 βασιλέως
1169 232 1288 267 Ἰσραήλ.
1304 232 1393 259 Ἦσαν
1405 232 1434 258 δὲ
1448 232 1493 258 ἐπὶ
1512 232 1616 264 τούτοις
1626 233 1673 259 καὶ
1689 233 1743 260 υἱοὶ
1757 234 1820 260 τῶν

1019 279 1177 314 προφητῶν.
1213 278 1262 304 ’ῐοῦ
1287 278 1380 313 ἐτέρου
1409 278 1516 312 γένους,
1531 279 1589 310 υίὸς
1602 279 1747 314 Ναμεσσῆ,
1763 279 1818 314 ἐτη

1019 324 1071 360 κη’.
1087 322 1170 355 Οὗτος
1186 324 1275 350 ἀνεῖλε
1290 324 1320 350 τὸ
1332 323 1410 358 γένος
1431 324 1543 358 Ἀχαὲιό,
1565 324 1613 351 καὶ
1627 326 1689 356 τοὺς
1706 327 1819 360 προφή-

1020 378 1069 400 τας
1084 368 1130 395 τοῦ
1147 369 1220 395 Βάαλ
1236 369 1264 394 ὲν
1277 368 1446 404 πτερνισμῷ,
1457 369 1504 394 καὶ
1520 369 1569 404 τὴν
1602 370 1702 405 στήλην
1729 371 1818 397 αὐτοῦ

1022 415 1174 450 συνέτριψε.
1206 415 1262 441 Καὶ
1287 415 1316 441 ὲν
1342 414 1430 449 τούτῳ
1444 415 1560 450 ποιήσας
1582 415 1611 441 τὸ
1632 415 1818 450 εὺθὲς,ἕα-χεν

1021 461 1197 495 ἐπαγγελίαν,
1217 461 1269 493 ὅτι,
1286 461 1346 486 Υἱοὶ
1369 460 1494 496 τέταρτοι
1521 460 1677 487 καθίσονταί
1699 470 1739 488 σοι
1766 463 1818 488 ἐπὶ

1021 506 1115 542 θρόνου
1150 507 1266 542 Ἰσραήλ.
1294 507 1368 542 Πλὴν
1387 507 1437 532 οὐκ
1454 507 1585 540 ἐφύλαξεν
1599 508 1626 533 ἐν
1641 507 1689 544 ὅλῃ
1715 508 1818 544 καρδίᾳ

1020 553 1064 580 τὸν
1079 553 1170 587 νόμοψ
1187 553 1237 578 οὐκ
1253 552 1357 588 ἀπέστη
1377 553 1430 589 γὰρ
1440 553 1495 580 τῶν
1507 554 1649 588 ἁμαρτιῶν
1670 554 1819 590 Ίεροὸοὰμ

1021 599 1065 626 διὰ
1081 598 1129 630 τὰς
1143 597 1284 632 δαμάλεις.

179 639 266 686 usque
280 651 481 686 generationem
507 649 611 676 sessuri
636 652 729 676 essent
749 656 831 683 super
862 652 990 675 thronum
1010 645 1103 672 lsrael.
1132 643 1328 670 Verumtamen
1351 643 1438 678 legem
1463 642 1570 671 Domini
1604 651 1659 671 non
1694 639 1819 673 servavi‘

179 704 237 728 toto
255 701 336 728 corde
349 709 355 726 :
369 706 456 733 neque
476 699 548 726 enim
563 706 578 724 a
595 698 714 732 peccatis
727 697 871 724 Jeroboam
886 695 1028 727 abstinuit,
1045 694 1118 720 circa
1131 693 1232 719 vitulos
1249 692 1321 718 illos.

215 748 332 776 Juacliaz
353 747 424 774 ﬁlius
434 746 504 781 ejus,
521 745 644 780 regnarit
659 753 747 772 annos
773 746 826 778 i7;
852 744 968 779 fecitque

178 795 252 830 quod
268 794 369 820 malum
383 797 452 820 erat.
468 791 532 819 Joas
549 792 621 819 ﬁlius
646 792 707 826 ejus
733 791 856 826 regnavit
880 799 967 818 annos

1063 739 1169 775 ’Ῑοάχαζ
1185 739 1242 770 υἱὸς
1261 739 1343 766 αὑτοῦ
1368 739 1414 775 ἔτη
1433 738 1475 771 ιζ’·
1493 739 1539 766 καὶ
1553 739 1664 774 ἐποίησε
1679 739 1709 765 τὸ
1729 747 1817 775 πονη-

1023 787 1077 822 ρόν.
1097 786 1172 818 ἸιυΞίς
1188 786 1244 817 υἱὸς
1261 785 1343 812 αὑτοῦ
1359 785 1406 820 ἐτη
1418 788 1466 817 ις’·
1493 785 1541 812 καὶ
1555 786 1667 820 ἐποίησε
1684 785 1714 812 τὸ
1730 794 1817 821 πονη-

179 840 309 870 seilecim.
323 844 349 866 et
363 839 427 866 fecit
442 838 515 874 quod
531 837 631 864 malum
648 843 716 864 erat.
740 836 893 864 Jerusalem
919 845 967 863 ex-

1028 833 1075 860 )όν.
1095 833 1150 859 Καὶ
1163 832 1290 867 ἐπολέμει
1316 832 1366 867 τὴν
1396 832 1582 867 Ἰερουσαλὴμ,
1612 834 1658 858 καὶ
1689 832 1768 860 ἐλαὸε
1783 833 1817 859 τὸ

180 886 320 921 pugnavit,
337 892 433 911 aurum
448 888 475 910 et
490 891 556 910 vasa
574 882 698 910 abstulit.
723 881 868 909 Jeroboam
897 882 968 908 ﬁlius

179 932 239 966 ejus
255 931 377 965 regnavit
393 937 479 956 annos
504 929 549 960 41,
562 933 588 956 et
604 928 667 956 fecit
683 928 755 963 quod
776 928 877 954 malum
898 931 967 954 erat.

181 977 327 1006 Zacharias
339 976 410 1002 ﬁlius
425 974 568 1002 Jeroboam
592 974 713 1009 regnavit
737 981 846 1000 menses
860 981 907 1000 sex
919 993 926 1004 .
942 976 970 1000 et

179 1026 308 1058 operatus
320 1026 361 1049 est
379 1021 491 1048 malum.
510 1020 648 1047 Hactenus
663 1028 748 1055 genus
762 1019 831 1047 Jehu
844 1019 871 1046 in
887 1027 970 1054 quar-

180 1073 234 1096 tam
247 1067 449 1103 generationem
463 1066 581 1094 duravit.
606 1064 708 1092 Sellum
730 1073 763 1092 ex
778 1065 830 1092 alia
842 1065 970 1100 progenie

180 1115 252 1142 ﬁlius
266 1113 353 1145 Jabis,
373 1113 495 1147 regnavit
511 1112 569 1139 dies
597 1111 708 1146 triginta
722 1131 729 1143 ,
754 1115 782 1138 et
810 1110 873 1138 fecit
897 1111 969 1145 quod

179 1159 281 1186 malum
298 1163 368 1184 erat.
381 1157 505 1184 Manaem
521 1165 554 1184 ex
578 1155 631 1183 alio
650 1163 748 1191 genere
766 1155 839 1183 ﬁlius
856 1155 949 1183 Gadde
961 1176 968 1188 ,

179 1205 303 1240 regnavit
319 1212 406 1231 annos
420 1203 465 1235 20,
481 1207 507 1230 et
526 1202 590 1230 fecit
605 1203 677 1237 quod
695 1203 794 1229 malum
816 1207 885 1229 erat.
899 1201 971 1228 Plia-

180 1250 267 1281 kcias,
291 1250 362 1277 ﬁlius
378 1249 501 1276 Manaem
515 1268 521 1279 .
540 1248 665 1283 regnavit
681 1255 768 1275 annos
783 1247 831 1279 10,
853 1251 880 1274 et
908 1246 972 1274 fecit

180 1296 253 1330 quod
280 1299 339 1322 crat
366 1295 478 1321 malum.
514 1294 602 1329 Hujus
625 1298 748 1328 tempore
771 1294 971 1329 prophetarum

179 1340 265 1368 Isaias
278 1344 304 1367 et
319 1340 397 1368 Osee.
417 1339 535 1372 Pliakee,
551 1340 585 1367 de
597 1340 649 1366 alia
667 1340 764 1374 stirpe,
779 1339 851 1366 titius
873 1338 972 1366 Rome~

180 1385 233 1417 liae,
246 1386 367 1420 regnavit
378 1393 465 1412 annos
476 1385 528 1419 20;
543 1385 588 1412 hic
603 1385 704 1412 occidit
720 1384 876 1416 Pliakeiam,
892 1389 918 1412 et
933 1385 972 1411 t'c-

181 1431 218 1458 cit
231 1432 302 1466 quod
315 1432 415 1458 malum
432 1435 500 1459 erat.
518 1431 574 1459 Sub
591 1431 643 1458 hoc
659 1439 767 1466 quoque
793 1435 871 1458 erant
888 1429 971 1457 Isaias

180 1481 207 1504 et
222 1478 291 1505 Osee
316 1478 465 1513 prophetas.
492 1476 561 1505 Osee
583 1477 693 1504 aliunde
719 1481 801 1504 natus
819 1476 890 1504 ﬁlius
909 1476 971 1506 Eia.

1019 879 1129 914 χρυσίον
1143 878 1189 904 καὶ
1206 878 1240 904 τὰ
1257 877 1352 912 σκεύη.
1373 877 1512 914 Ὶεροϐοὰμ
1528 877 1585 909 υἱὸς
1597 877 1679 904 αὐτοῦ
1691 877 1737 913 ἔτη
1756 882 1813 913 μα’·

1019 925 1067 951 καὶ
1081 923 1192 958 ὲποίησε
1207 923 1238 949 τὸ
1250 923 1376 958 πονηρόν.
1407 923 1544 958 Ζαχαρίας
1558 923 1615 954 υἱὸς
1630 923 1712 950 αὑτοῦ
1726 924 1815 959 μῆνας

1019 970 1058 1002 ἓξ,
1070 970 1116 996 καὶ
1134 969 1245 1004 ἐποίησε
1262 969 1293 995 τὸ
1319 969 1446 1004 πονηρόν.
1463 966 1535 1000 Ἕως
1560 969 1654 996 τούτου
1678 970 1708 996 τὺ
1735 970 1816 1004 γένος

1026 1016 1075 1043 Ἰοῦ
1091 1016 1233 1050 γεγόνασιν
1245 1016 1297 1042 υἱοὶ
1323 1015 1459 1051 τέταρτοι.
1478 1015 1599 1050 Σελλοὺμ
1610 1016 1704 1050 ἑτέρου
1718 1016 1815 1050 γένους

1020 1062 1077 1093 υἱὸς
1103 1061 1186 1092 Ἰαϐὶς
1210 1062 1318 1097 ἡμέρας
1349 1061 1382 1087 λ’·
1405 1061 1453 1087 καὶ
1485 1061 1597 1096 ἐποίησε
1617 1061 1648 1088 τὸ
1683 1062 1813 1097 πονηρόν.

1019 1108 1141 1142 Μαναὴμ
1158 1107 1236 1133 ἄλλου
1250 1107 1344 1140 γένους
1356 1107 1413 1138 υἱὸς
1421 1107 1518 1142 Γαδδὴ,
1530 1106 1576 1143 ἐτη
1594 1111 1626 1133 κ’·
1642 1108 1689 1134 καὶ
1702 1108 1815 1143 ἐποίησε

1020 1153 1050 1179 τὸ
1069 1154 1194 1189 πονηρόν.
1209 1153 1324 1185 Φακείας
1347 1154 1403 1185 υἱὸς
1429 1153 1520 1186 αὐτοῦ,
1538 1154 1583 1189 ἔτη
1599 1157 1624 1180 ι’·
1641 1155 1687 1180 καὶ
1701 1155 1815 1190 ἐποίησε

1020 1199 1050 1225 τὸ
1066 1200 1192 1235 πονηρόν.
1212 1200 1272 1226 Ἐπὶ
1298 1200 1392 1226 τούτου
1413 1200 1525 1232 Ἡσαΐας
1558 1201 1606 1227 καὶ
1638 1201 1717 1235 Ὠσηὲ
1744 1199 1815 1236 ἦσαν

1022 1245 1248 1281 προφητεύοντες.
1262 1245 1349 1271 (tua:
1364 1245 1444 1272 ἄλλου
1461 1246 1565 1280 γένους,
1585 1246 1642 1278 υἱὸς
1660 1246 1812 1281 Ῥομελίου,

1022 1291 1068 1326 ἔτη
1085 1294 1119 1317 κ’.
1136 1287 1221 1322 Οὗτος
1245 1291 1346 1325 ἔσφαξε
1369 1291 1414 1317 τὸν
1436 1291 1564 1323 Φακείαν,
1586 1292 1632 1318 καὶ
1657 1291 1768 1326 ἐποίησε
1782 1291 1815 1317 τὸ

1022 1337 1149 1372 πονηρὸν,
1162 1337 1208 1363 καὶ
1232 1337 1279 1363 ἐπὶ
1305 1337 1400 1364 τούτου
1425 1335 1495 1372 ἦσαν
1521 1338 1633 1369 Ἡσαΐας
1659 1337 1706 1364 καὶ
1735 1337 1816 1372 Ὠσηὲ

1022 1383 1046 1409 οἱ
1065 1384 1212 1418 προφῆται.
1234 1383 1312 1418 Ὠσηὲ
1326 1384 1420 1419 ἐτέρου
1432 1383 1537 1418 γένους,
1552 1384 1610 1416 υἱὸς
1631 1384 1707 1416 Ἠλεί,
1720 1383 1766 1418 ἐτη
1780 1383 1814 1410 θ’.

1023 1426 1107 1462 Οὗτος
1120 1430 1220 1464 ἔσφαξε
1235 1430 1281 1456 τὸν
1307 1430 1403 1461 Φακεὲ,
1432 1429 1478 1456 καὶ
1494 1429 1604 1465 ἐποίησε
1625 1429 1657 1456 τὸ
1686 1429 1815 1465 πονηρὸν,

1024 1476 1092 1512 πλὴν
1109 1476 1157 1511 οὺχ
1169 1476 1206 1507 ὡς
1222 1477 1246 1502 οἱ
1263 1476 1316 1511 πρὸ
1331 1475 1424 1502 αὐτοῦ.

180 1526 304 1560 regnavit
322 1533 410 1553 annos
427 1526 452 1552 9.
469 1524 523 1561 iste
538 1525 640 1552 occidit
658 1533 749 1560 regem
761 1524 880 1557 Phakee,
907 1529 934 1551 et
970 1523 1033 1551 fecit
1062 1524 1135 1558 quod
1168 1524 1269 1550 malum
1296 1527 1369 1554 erat,
1397 1526 1584 1550 verumtamen
1603 1530 1657 1550 non
1682 1521 1753 1549 sicut
1767 1529 1814 1557 qui

181 1575 243 1598 ante
266 1571 354 1605 ipsum
369 1576 531 1606 regnarunt.

216 1615 245 1642 In
263 1616 316 1643 isto
332 1616 400 1643 Osee
415 1616 520 1643 ﬁnitum
543 1619 585 1644 est
600 1623 713 1651 regnum
732 1614 873 1642 Samarize.
890 1614 967 1641 Tunc
981 1618 1002 1646 C

180 1662 252 1688 enim
268 1662 387 1688 cessavit
413 1670 445 1689 ac
472 1662 553 1696 periit
567 1661 707 1692 Samaria,
737 1669 819 1695 quam
843 1661 972 1696 deinceps

180 1707 286 1742 Assyrii
303 1707 502 1739 inbabitarunt,
521 1716 553 1735 ex
577 1707 677 1742 quibus
696 1707 749 1734 orti
772 1711 837 1734 sunt
853 1707 973 1736 lmretici

182 1752 334 1786 Samaritm,
346 1753 393 1788 qui
412 1757 439 1780 et
457 1752 601 1780 Sadducazi
617 1756 758 1780 vocantur.

215 1841 335 1869 Colleeta
354 1841 445 1876 itaque
459 1849 554 1869 eorum
569 1844 703 1876 tempora,
726 1842 772 1876 qui
796 1841 973 1877 Jerosolymis

181 1894 198 1913 a
222 1886 322 1912 Davide
345 1893 433 1920 usque
451 1885 485 1912 ad
503 1885 646 1913 Sedekiam
663 1890 865 1920 regnaverunt,
886 1893 973 1914 annos

181 1933 353 1960 constituunt
376 1932 601 1967 quadringentos.
621 1931 708 1967 Reges
722 1932 844 1960 universi
860 1932 973 1960 fuerunt

181 1979 276 2014 viginti
296 1986 376 2009 unus,
393 1979 502 2013 dempta
518 1977 643 2006 Gotliolia
658 1999 665 2011 ,
691 1983 718 2006 et
737 1979 828 2006 cuncti
850 1979 973 2013 ejusdem

182 2025 277 2059 stirpis
291 2024 402 2051 Davidis
416 2024 553 2056 videlicet,
575 2029 606 2051 ut
620 2025 653 2051 ab
671 2025 751 2051 initio
768 2024 802 2051 ad
820 2024 900 2052 ﬁnem
924 2032 972 2052 us-

183 2075 236 2105 que
250 2069 322 2097 ﬁlius
347 2076 362 2095 a
384 2072 461 2104 patre
488 2077 602 2104 regnum
627 2070 801 2097 baereditario
813 2070 875 2104 jure
894 2077 973 2098 acce-

183 2117 261 2152 perit.
278 2115 317 2142 Ex
337 2116 379 2143 liis
405 2119 495 2142 autem
513 2124 608 2143 novem
626 2117 700 2152 quod
721 2121 846 2149 rectum,
870 2116 972 2143 duode-

182 2162 236 2188 cim
250 2169 314 2188 vero
331 2160 405 2196 quod
419 2161 521 2188 malum
537 2165 613 2195 erat,
641 2162 747 2197 operati
770 2167 848 2194 sunt,
863 2161 972 2197 dempta

182 2206 318 2235 Gotholia.

218 2252 320 2280 Eorum
335 2260 400 2280 vero
423 2256 562 2288 tempora,
593 2254 639 2288 qui
669 2253 697 2280 in
721 2253 846 2281 Samaria
863 2261 878 2280 a
894 2253 972 2281 Jero-

183 2298 262 2325 boam
280 2307 366 2334 usque
383 2299 416 2326 ad
433 2298 502 2326 Osee
516 2305 676 2335 regnarunt,
694 2301 758 2327 anni
776 2305 840 2328 sunt
860 2301 971 2328 ducenti

184 2347 324 2381 sexaginta
338 2354 345 2372 :
361 2353 438 2380 rcges
450 2350 540 2373 autem
564 2347 684 2374 universi
700 2347 792 2374 decem
809 2351 836 2374 et
856 2351 918 2374 octo
936 2355 970 2374 ex

185 2391 300 2418 diversis
317 2391 459 2426 stirpibus.
475 2391 578 2419 Horum
589 2397 651 2420 octo
663 2401 775 2428 regnum
788 2393 948 2421 invaserunt
962 2402 969 2420 :

184 2444 280 2464 omnes
293 2444 358 2464 vero
374 2437 446 2472 quod
464 2437 566 2464 malum
584 2441 642 2465 erat
658 2438 790 2471 fecerunt,
805 2439 883 2473 juxta
906 2446 971 2474 pec-

184 2487 273 2510 catum
287 2483 442 2511 Jeroboam.

323 2529 402 2557 Liber
417 2527 701 2565 XI,'Paralipamenan
716 2530 729 2556 1
743 2534 766 2557 et
777 2529 791 2557 I
795 2530 819 2557 1.

218 2575 262 2602 £9.
272 2575 329 2603 Hoc
346 2576 456 2604 nomine
465 2576 652 2604 vocanturisti
669 2576 742 2607 libri,
752 2576 825 2611 quod
841 2577 925 2604 multa
940 2577 968 2604 in

183 2618 259 2646 libris
269 2619 425 2654 Regnorum
440 2622 622 2656 praetermissa
637 2622 665 2648 in
680 2621 749 2656 ipsis
763 2623 966 2650 contineantur.
979 2642 982 2647 .

183 2663 303 2692 llabetur
333 2669 423 2694 autem
451 2667 481 2694 in
499 2667 589 2702 primo
607 2667 678 2694 libro
707 2667 828 2694 onmium
847 2668 967 2695 tribuum

184 2712 338 2746 genealogia
352 2712 387 2739 ab
400 2712 486 2740 Adam
500 2721 588 2748 usque
604 2714 638 2740 ad
652 2721 729 2749 rcges
748 2714 898 2741 secundum
915 2715 965 2740 tri—

184 2754 246 2786 bus,
257 2761 282 2782 et
300 2757 425 2791 populos,
449 2762 475 2785 et
490 2757 619 2791 familias,
634 2763 661 2786 et
678 2759 783 2789 domos.
802 2759 830 2788 In
846 2760 967 2789 secundo

185 2804 249 2824 vero
266 2805 439 2835 exponuntur
454 2807 530 2838 gesta
544 2811 649 2838 regum.

1054 1613 1126 1644 Ἕως
1145 1613 1240 1639 τούτου
1253 1612 1299 1639 τοῦ
1327 1612 1405 1647 Ὠσηὲ
1429 1611 1560 1646 κατέληξε
1584 1611 1630 1637 καὶ
1653 1613 1670 1646 ἡ
1693 1612 1815 1647 βασιλεία

1024 1658 1190 1694 Σαμαρείας.
1207 1659 1320 1685 Ἔκτοτε
1331 1658 1386 1693 γὰρ
1403 1658 1548 1689 πέπαυται,
1570 1658 1615 1684 καὶ
1629 1658 1752 1686 ἀπώλετο
1763 1660 1815 1687 Σα-

1025 1705 1136 1739 μαρεία,
1154 1704 1199 1730 καὶ
1212 1703 1304 1729 λοιπὸν
1326 1703 1462 1738 Ἀσσύριοι
1476 1702 1639 1738 κατῴκησαν
1654 1703 1682 1730 ἐν
1694 1705 1773 1740 αὐτῇ,
1785 1705 1814 1738 ἐξ

1023 1747 1060 1776 ὧν
1076 1751 1101 1776 οἱ
1133 1749 1264 1785 αἱρετικοὶ
1288 1749 1454 1784 Σαμαρεῖται
1486 1748 1631 1783 γεγόνασι,
1653 1749 1815 1785 καλούμενοι

1023 1796 1070 1822 καὶ
1083 1795 1256 1821 Σαδδουκαῖοι
1274 1793 1305 1830 [ι.
1317 1793 1468 1829 ΧουθαῖοιῙ.

1060 1841 1225 1875 Συνάγονται
1252 1838 1298 1867 οὗν
1319 1840 1344 1866 οἱ
1368 1839 1460 1875 χρόνοι
1483 1839 1539 1866 τῶν
1567 1839 1615 1875 μὲν
1637 1840 1815 1877 Ἰερουσαλὴμ

1024 1887 1241 1922 βασιλευσάντων
1255 1886 1308 1913 ἀπὸ
1330 1885 1378 1912 τοῦ
1403 1886 1487 1912 Δαϐὶδ
1511 1886 1558 1913 καὶ
1580 1886 1661 1922 μέχρι
1676 1887 1722 1913 τοῦ
1737 1887 1815 1914 Σεδε-

1023 1933 1080 1965 κία,
1100 1934 1147 1960 καὶ
1171 1932 1271 1965 αὑτοῦ,
1300 1932 1335 1959 τὰ
1352 1932 1441 1959 πάντα
1466 1932 1512 1968 ἐτη
1534 1935 1568 1964 u’,
1593 1932 1713 1967 βασιλεῖς
1737 1941 1766 1959 τε
1789 1933 1814 1960 οἱ

1023 1978 1122 2010 πάντες
1145 1981 1184 2004 κα¹
1198 1978 1259 2012 δίχα
1274 1977 1324 2013 τῆς
1344 1977 1482 2008 Γοθολίας,
1508 1977 1555 2003 καὶ
1579 1977 1674 2011 γένους
1696 1978 1813 2010 ἅπαντες

1023 2023 1141 2054 ἐνὸςτοῦ
1171 2022 1264 2054 Δαϐὶδ,
1290 2024 1355 2054 παῖς
1372 2021 1446 2058 παρὰ
1468 2023 1571 2057 πατρὸς
1594 2022 1665 2048 κατὰ
1677 2022 1811 2059 διαδοχὴν,

1022 2069 1051 2101 ἐξ
1066 2069 1154 2104 ἀρχῆς
1176 2068 1239 2103 ἄχρι
1256 2068 1348 2100 τέλους
1374 2068 1425 2103 τὴν
1450 2067 1588 2102 βασιλείαν
1621 2068 1810 2104 κληρούμενοι.

1029 2114 1076 2140 Ἐκ
1095 2114 1197 2140 τούτων
1215 2114 1244 2140 δὲ
1267 2114 1346 2141 πάλιν
1366 2115 1390 2140 οι
1415 2113 1463 2150 μὲν
1487 2114 1649 2149 ποιήσαντες
1680 2114 1710 2140 τὸ
1735 2114 1813 2146 suos;

1022 2159 1092 2185 εἰσὶν
1106 2159 1137 2191 ϐ’,
1157 2159 1221 2185 οἰδὲ
1236 2160 1398 2195 ποιήσαντες
1420 2159 1450 2185 τὸ
1469 2158 1586 2194 πονηρὸν
1601 2158 1633 2194 ιβ’
1654 2158 1738 2194 χωρὶς
1763 2158 1813 2194 τῆς

1023 2205 1157 2236 Γοϐολίας.

1058 2250 1119 2276 Τῶν
1144 2250 1173 2276 δὲ
1195 2251 1223 2277 ὲν
1247 2250 1390 2286 Σαμαρείᾳ
1419 2250 1500 2277 πάλιν
1529 2250 1743 2286 βασιλευσάντων
1760 2249 1812 2276 ἀπὸ

988 2291 1009 2318 ι)
1029 2296 1168 2332 Ἱεροῆοὰμ.
1185 2297 1231 2323 καὶ
1257 2297 1336 2332 μέχρι
1357 2297 1435 2332 Ὠσηὲ
1463 2296 1496 2323 τὰ
1516 2297 1604 2322 πάντα
1631 2296 1678 2331 ἐτη
1696 2295 1743 2328 σε’·
1767 2297 1813 2322 καὶ

1024 2342 1142 2376 βασιλεῖς
1161 2342 1210 2377 μὲν
1237 2344 1261 2368 οἰ
1279 2344 1378 2374 πάντες
1392 2346 1435 2378 ιη’,
1454 2344 1485 2369 ὲκ
1505 2342 1640 2378 διαφόρων
1663 2342 1692 2368 δὲ
1714 2342 1810 2376 γενῶν.

1024 2388 1078 2414 Καὶ
1103 2389 1205 2415 τούτων
1230 2388 1302 2415 ὀκτὼ
1329 2390 1374 2416 ἐπὶ
1401 2389 1431 2415 τὸ
1466 2389 1560 2424 ἄρχειν
1597 2388 1810 2424 ἀναϐεϐηκότες-

1023 2434 1070 2460 xui
1081 2434 1179 2466 πάντες
1193 2434 1323 2470 ἐποίησαν
1335 2435 1366 2461 τὸ
1383 2435 1510 2470 πονηρὸν,
1525 2435 1595 2462 κατὰ
1613 2435 1662 2471 τὴν
1676 2435 1812 2470 ἁμαρτίαν

1029 2479 1177 2516 Ἱεροῦοὲιμ.

1107 2527 1229 2555 Βιϐλίον
1243 2531 1290 2559 ια’,
1310 2528 1552 2563 Παραλιπόμεναι
1577 2526 1602 2554 α’
1617 2528 1666 2554 καὶ
1681 2527 1721 2559 β’.

1055 2574 1099 2602 19.
1116 2574 1194 2600 Οὕτω
1208 2574 1330 2600 καλεῖται
1343 2574 1378 2600 τὰ
1393 2574 1481 2608 βιϐλία
1498 2574 1594 2606 ταῦτα,
1615 2574 1708 2609 ἐπειδὴ
1724 2582 1811 2609 παρα-

1018 2619 1160 2654 λειφθέντα
1172 2619 1256 2646 πολλὰ
1269 2620 1298 2645 ὲν
1312 2622 1371 2651 ταῖς
1379 2620 1531 2651 Βασιλείαις
1543 2620 1698 2655 περιέχεται
1710 2621 1738 2646 ὲν
1752 2619 1811 2646 τού-

1017 2674 1085 2696 τοις.
1100 2666 1177 2692 Ἔστι
1196 2664 1224 2691 δὲ
1239 2666 1268 2691 ὲν
1281 2665 1330 2700 μὲν
1354 2664 1392 2700 τῷ
1422 2665 1521 2701 πρώτῳ
1536 2665 1630 2700 βιϐλίῳ
1653 2665 1810 2699 γενεαλογία

1019 2711 1115 2738 πασῶν
1136 2710 1190 2737 τῶν
1215 2711 1305 2746 φυλῶν
1337 2711 1391 2737 ἀπὺ
1413 2711 1498 2747 ’Λδὰμ
1528 2711 1579 2742 ἕως
1607 2711 1661 2737 τῶν
1680 2711 1810 2746 βασιλέων

1021 2758 1091 2784 κατὰ
1103 2757 1197 2791 φυλὰς,
1225 2758 1272 2783 καὶ
1297 2758 1368 2784 κατὰ
1397 2758 1509 2793 δήμους,
1527 2758 1574 2785 καὶ
1598 2757 1669 2784 κατὰ
1682 2756 1808 2792 πατριὰς,

1020 2804 1067 2830 καὶ
1088 2805 1148 2829 κατ’
1164 2801 1248 2830 οἷκον·
1276 2803 1305 2828 ἐν
1335 2803 1363 2829 δὲ
1386 2803 1426 2839 τῷ
1441 2803 1558 2839 δευτέρῳ
1584 2803 1817 2838 διαλαμεάνονται,

1021 2848 1132 2884 πράξεις
1143 2847 1196 2876 τῶν
1213 2848 1352 2884 βασιλέων.
