1915 3057
83 145 132 173 329

631 145 796 174 SYNOPSIS
817 146 1027 175 SCRIPTURA‘I
1043 147 1178 177 SACRIE.

1648 148 1701 176 550

115 203 227 241 Εἴρηται
257 203 307 239 μὲν
329 202 376 232 οὖν
400 205 430 232 ὲν
444 206 500 236 τοῖς
525 205 689 241 ἔμπροσθεν,
707 206 748 233 ὅτι
762 208 786 233 oi
805 215 860 241 συγ-

955 207 1042 243 Supra
1054 207 1166 243 quidem
1180 207 1282 235 dictum
1297 211 1350 240 est,
1363 208 1437 242 quod
1458 208 1504 243 qui
1522 214 1615 243 regum
1630 206 1701 234 facta

81 250 249 286 γραψάμενοι
264 249 315 282 τάς
333 258 362 276 τε
386 250 498 286 πράξεις
527 250 574 277 καὶ
596 251 658 282 τοὺς
682 251 794 287 χρόνους
810 251 866 277 τῶν

80 295 210 331 βασιλέων
225 295 292 322 statu
303 296 327 322 οἱ
340 295 410 322 κατὰ
423 297 534 331 καιροὺς
547 296 622 328 ὅντες
635 296 784 332 προφῆται·
796 296 867 332 ὑπὲρ

77 342 106 368 δὲ
122 342 170 369 τοῦ
186 342 348 376 γιγνώσκειν
363 343 391 368 ὲν
407 342 484 378 μέρει
502 342 611 376 αὐτοὺς,
637 342 867 378 ὲσημειωσάμεθα

77 387 164 415 ταῦτα
179 388 211 414 ὲκ
237 388 292 415 τῶν
320 388 563 424 Παραλιπομένων·
580 388 614 416 τὰ
636 389 700 425 περὶ
720 389 766 415 τοῦ
785 389 866 416 Δαϐὶδ

76 434 182 469 ἔγραψε
194 433 328 469 Σαμουὴλ,
344 434 390 461 καὶ
407 434 509 467 Ναϐὰν,
529 435 576 461 καὶ
601 434 662 466 Γὰδ,
677 435 702 461 ot
717 437 865 470 προφῆται·

75 480 112 506 τὰ
129 480 192 515 περὶ
208 479 390 515 Σολομῶντος,
402 480 496 507 Ναϐὰν
512 481 558 507 καὶ
579 481 664 516 ’Δχιιὶ,
681 482 704 508 οἱ
718 482 866 517 ’προφῆται⁸

76 525 112 552 τὰ
130 525 349 562 περὶῚεροϐοὰμ,
367 526 489 561 Σαμαίας
501 526 547 552 καὶ
570 526 661 558 Ἀδδὼ,
673 527 698 553 οἱ
715 527 864 561 προφῆται·

75 572 111 599 τὰ
128 572 193 606 περὶ
211 571 298 603 Ἀϐιᾶ,
321 571 402 598 Ἀδδὼ
415 574 430 599 ὁ
446 573 598 608 προφήτης*
620 573 655 600 τὰ
671 573 734 608 περὶ
756 573 822 599 ’Δσᾶ
838 574 867 599 ἐν

75 618 116 654 τῷ
124 618 218 653 βιϐλίῳ
227 619 328 653 Λόγων
338 618 404 653 περὶ
414 619 472 645 τῶν
483 619 636 646 Βασιλέων
643 619 749 646 Ἰούδα·
758 619 792 646 τὰ
803 628 836 646 πε
841 619 867 654 pi.

81 665 227 699 Ἰωσαφὰτ,
249 665 316 701 Ἰηοῦ
330 666 344 692 ὁ
358 666 509 701 προφήτης,
527 666 541 692 ὁ
556 665 603 692 τοῦ
623 667 737 703 Ἀναμῆ,
753 667 783 699 ὃς
801 675 866 694 κατ-

76 711 182 747 έγραψε
196 711 297 746 βιϐλίον
313 712 416 746 Λόγων
431 711 585 738 Βασιλέων
610 712 717 739 Ἰούδα·
743 713 779 740 τὰ
802 714 866 750 περὶ

81 758 160 789 Ἰωᾶς
173 758 219 784 ἐπὶ
233 757 282 793 τὴν
292 757 399 793 γραφὴν
412 757 465 784 τῶν
477 757 635 785 Βασιλειῶν·
648 758 683 785 τὰ
702 760 766 796 περὶ
784 760 865 796 Ἀμε-

76 803 122 829 σία
141 803 188 829 ἐπὶ
203 802 303 837 βιϐλίον
317 802 451 830 Βασιλέων
466 803 550 830 Ἰούδα
561 804 606 830 καὶ
620 803 736 840 Ἰσραήλ·
751 804 785 831 τὰ
802 805 866 840 περὶ

80 849 183 882 ὐζίου,
202 849 315 881 Ἰεσσίας
336 851 351 876 ὁ
379 850 530 886 προφήτης
548 850 582 877 τὰ
598 851 662 886 περὶ
685 850 803 886 Ἰωάθαμ
819 852 865 879 ἐπὶ

918 255 945 279 et
960 256 1081 287 tempora
1107 252 1341 287 conscripserunt,
1359 252 1497 287 prophetae
1513 252 1634 284 fuerint,
1656 253 1703 287 qui

917 297 1032 333 singulis
1052 297 1220 333 temporibus
1234 298 1371 325 vixerunt.
1397 296 1432 324 Ut
1446 302 1537 324 autem
1561 297 1703 332 speciatim

917 344 981 378 quid
995 344 1110 379 quisque
1125 344 1275 379 scripserit,
1291 347 1486 379 cognoscatur,
1505 350 1540 371 ex
1564 342 1703 378 Paralipo-

917 391 1006 418 menis
1020 391 1071 418 ista
1088 390 1279 418 annotavimus
1292 399 1298 418 :
1318 389 1430 417 Davidis
1442 388 1573 416 historias
1584 388 1703 424 scripse-

917 442 981 466 runt
998 437 1118 470 Samuel,
1133 437 1240 464 Nathan
1253 441 1280 464 et
1295 436 1353 464 Gad
1367 436 1506 472 propheta:
1516 444 1523 469 ;
1535 435 1701 467 Salomonis,

916 483 1024 511 Nathan
1038 488 1066 511 et
1088 483 1172 510 Achia
1189 482 1326 518 propheta:
1339 491 1346 515 ;
1359 480 1501 509 Jeroboam
1513 500 1521 513 ,
1545 479 1664 507 Samteas
1675 483 1702 506 et

916 531 994 558 Addo
1012 530 1167 565 prophetae;
1182 529 1267 561 Abite,
1286 527 1366 564 ξι,ιάΙ
1381 527 1458 554 Addo
1472 526 1614 562 propheta.
1641 524 1703 553 Asaa

917 577 988 605 facta
1002 577 1136 604 habentur
1158 577 1186 604 in
1199 576 1267 603 libro
1282 575 1437 603 Sermanum
1451 574 1483 602 de
1502 573 1604 609 regibus
1617 571 1700 599 Juda.

916 622 1056 658 Josaphat,
1073 621 1140 649 Jehu
1155 622 1297 657 propheta,
1313 621 1385 648 ﬁlius
1401 620 1515 653 Aname,
1528 619 1576 655 qui
1603 618 1702 646 librum

917 668 1072 697 Sermanum
1087 669 1118 696 de
1135 668 1238 704 regibus
1251 666 1324 694 Iuda
1349 667 1468 701 scripsit.
1485 665 1551 699 Qum
1564 664 1628 692 Joas
1641 670 1702 700 ges-

917 715 961 747 sit,
969 715 1054 742 relata
1069 719 1133 742 sunt
1149 715 1177 741 in
1189 714 1352 749 scripturam
1367 712 1521 747 Regnorum
1532 710 1702 746 ;'qua:Ama-

917 761 984 791 sias.
1001 760 1027 787 in
1043 760 1113 787 libro
1129 763 1192 788 sunt
1204 767 1298 794 regum
1309 758 1378 786 Juda
1388 762 1415 785 et
1424 757 1526 790 Israel;
1541 763 1602 791 quae
1609 754 1700 788 Ozias,

915 805 1026 840 scripsit
1040 804 1125 832 Isaias
1142 804 1293 840 propheta;
1310 811 1371 839 quae
1393 802 1528 832 Joatham,
1546 803 1610 828 sunt
1624 801 1651 827 in
1667 799 1702 825 li-

917 851 968 878 bro
979 849 1083 886 Regum
1099 854 1125 878 et
1136 849 1205 877 Iuda
1220 855 1247 877 et
1269 849 1371 882 Israel;
1393 855 1454 883 qua:
1471 847 1574 878 Achaz,
1587 847 1614 873 in
1630 845 1702 872 libro

74 895 179 930 βιϐλίον
188 895 242 922 τῶν
252 896 387 923 Βασιλέων
395 897 478 924 Ἰούδα
486 897 532 924 καὶ
539 897 655 933 Ἰσραήλ·
664 897 699 924 τὰ
707 898 770 934 περὶ
786 898 860 934 Ἀχὰζ

918 897 1052 924 habentur
1068 896 1172 932 Regum
1186 895 1256 923 Juda
1269 899 1296 923 et
1308 895 1409 927 Israel;
1424 901 1485 930 qua!
1498 893 1611 921 Ezekias
1625 891 1701 923 fecit,

72 943 122 969 ἐπὶ
141 942 241 978 βιϐλίον
252 942 387 970 Βασιλέων
395 943 478 970 Ἰούδα
490 944 535 970 καὶ
543 943 702 979 Ἰσραήλ’τὰ
713 945 777 980 περὶ
790 945 865 977 Ἐζε-

73 989 149 1022 ιιίου,
169 990 282 1021 Ἡσαΐας
299 990 356 1022 υἱὸς
379 989 468 1024 Ἀμὼς
483 990 498 1016 ὁ
514 991 665 1026 προφήτης·
682 990 716 1017 τὰ
733 991 796 1026 περὶ
809 992 866 1018 Μα-

70 1035 164 1070 νασσῆ
177 1035 223 1061 ἐπὶ
238 1036 334 1067 Λόγον
351 1034 411 1061 τῶν
423 1035 567 1070 ὀρώντωνυ
577 1035 612 1062 τὰ
628 1037 692 1071 περὶ
699 1036 800 1063 Ἰωσίου
819 1037 865 1064 ἐπὶ

71 1077 179 1113 βιϐλίον
192 1079 336 1106 Βασιλέων”
349 1079 443 1106 Ἰούδα*
470 1080 504 1106 τὰ
533 1081 597 1116 περ)⁸
619 1081 746 1117 Ἰωακεὶμ
760 1082 807 1108 ἐπὶ
823 1082 864 1117 βι-

71 1123 151 1151 ϐλίον
167 1125 303 1152 Βασιλέων
325 1125 407 1153 Ἰούδα
416 1126 463 1153 καὶ
481 1126 597 1162 Ἰσραήλ.
792 1123 795 1126 ⁴

229 1181 350 1209 Βιϐλίαν
361 1182 409 1214 ιβ’,
427 1182 558 1216 Ἔσδρας
570 1186 594 1210 α’
611 1182 706 1215 καίβκ

107 1226 156 1254 20.
171 1225 262 1253 Ταῦτα
285 1226 320 1253 τὰ
345 1226 391 1253 δύο
402 1227 491 1263 βιϐλία
506 1229 569 1263 παρ’
584 1228 666 1255 αὑτοῦ
684 1229 788 1257 ἐκείνου
802 1239 865 1258 συν-

70 1272 246 1308 εγρὰφησαν,
277 1269 308 1299 οὗ
337 1272 384 1300 καὶ
408 1273 458 1310 τὴν
494 1274 649 1310 ἐπιγραφὴν
677 1275 862 1312 ἐπιφέρονται.

71 1314 161 1350 Οὗτος
175 1318 230 1354 γὰρ
248 1318 373 1354 Ἔσδρας,
383 1328 384 1331 η
396 1319 485 1352 ἱερεὺς
495 1319 532 1346 ὢν
547 1321 593 1346 καὶ
602 1321 791 1357 ἀναγνώστης,
815 1322 861 1355 ἐξ·

71 1364 184 1399 ηγεϊται
194 1362 241 1399 τὴν
252 1363 380 1390 ἐπάνοδον
388 1364 442 1391 τῶν
457 1365 522 1391 υἱῶν
529 1364 647 1401 Ἰσραὴλ,
663 1367 713 1402 τὴν
727 1367 781 1394 ἀπὸ
797 1368 864 1404 Περ-

71 1410 147 1442 σίδος
158 1411 199 1442 είς
208 1410 257 1446 τὴν
275 1410 450 1446 Ἰερουσαλὴμ
468 1412 628 1448 γενομένην.
646 1413 702 1440 Καὶ
716 1413 744 1440 ὲν
763 1413 812 1449 μὲν
824 1414 864 1450 τῷ

70 1454 177 1491 πρώτῳ
212 1455 306 1491 βιϐλίῳ
333 1456 518 1491 διαλαμϐάνει,
541 1457 615 1489 ὅπως
637 1458 734 1493 γέγονε
759 1459 794 1486 τὰ
814 1459 864 1494 τῆς

69 1502 206 1528 ἐπανόδου
223 1502 252 1528 ἐν
265 1502 338 1538 χειρὶ
359 1502 447 1538 Ἰησοῦ
464 1502 511 1530 τοῦ
535 1503 667 1536 Ἰωσεδὲκ,
685 1505 733 1532 καὶ
750 1505 862 1542 Ἕσδρα,

69 1549 122 1575 καὶ
133 1548 295 1584 Ζοροϐάϐελ,
323 1549 370 1576 καὶ
395 1549 501 1586 Νεεμία
517 1550 644 1586 εὐνούχου
670 1552 807 1579 Ἰουδαίου.
829 1553 864 1579 Ἦ

68 1596 102 1624 δὲ
116 1595 251 1631 πρόφασις
273 1596 321 1631 τῆς
336 1596 464 1623 ἐπανόδου
487 1596 566 1632 αὕτη·
598 1598 679 1633 Τρεῖς
701 1598 864 1634 στρατιῶται

68 1642 258 1678 φυλάσσοντες
286 1642 331 1668 τὸν
355 1642 474 1677 βασιλέα,
492 1640 529 1670 ὧν
550 1642 590 1675 εἷς
610 1641 644 1680 ἦν
659 1643 673 1670 ὁ
701 1645 862 1680 Ζοροϐάϐελ,

68 1689 172 1725 ῆρισαν
187 1688 216 1714 ὲν
229 1687 411 1723 προϐλήματι,
424 1689 547 1725 τεθείσης
575 1689 740 1724 ἐπαγγελίας
754 1691 863 1726 αἰτῆσαι

67 1735 120 1762 τὸν
140 1734 269 1766 νικῶντα,
283 1734 352 1770 ὅπερ
367 1735 400 1762 ἂν
422 1735 538 1772 ἐθελήσῃ
554 1735 630 1772 παρὰ
641 1736 689 1763 τοῦ
719 1736 861 1771 βασιλέως,

67 1781 127 1808 Τοῦ
144 1781 234 1808 τοίνυν
247 1781 307 1813 ἑνὸς
332 1781 454 1813 εἰπόντος
470 1783 548 1817 νικᾷν
576 1782 623 1808 τὸν
652 1779 731 1814 οἶνον,
757 1782 804 1808 τοῦ
835 1783 863 1809 δὲ

68 1828 168 1863 ἑτέρου
188 1827 330 1863 εἰρηκότος
345 1828 422 1863 νικᾷν
447 1827 492 1854 τὸν
517 1827 640 1863 βασιλέα,
669 1830 682 1855 ὁ
711 1829 862 1866 Ζοροϐάϐελ

67 1873 221 1900 διετείνατο
237 1873 315 1908 νικᾷν
326 1873 376 1904 τὰς
391 1874 530 1907 γυναῖκας,
548 1873 594 1899 καὶ
613 1873 682 1908 ὑπὲρ
711 1874 797 1900 πάντα
812 1874 862 1909 τὴν

69 1920 216 1956 ἀλήθειαν.
234 1920 289 1946 Καὶ
300 1919 392 1955 ἐπειδὴ
417 1919 504 1946 ταῦτα
521 1919 640 1955 εἰρηκὼς
665 1920 801 1955 νενίκηκε,
815 1921 862 1947 καὶ

66 1967 190 2002 ἤκουσεν
206 1965 367 2001 αἰτήσασθαι
392 1965 406 1991 ὃ
421 1965 553 2000 βούλεται,
573 1965 688 2000 ἠξίωσεν
702 1966 781 1997 αὐτὸς
794 1967 861 2001 ἀφε-

69 2012 154 2047 θῆναι
170 2012 221 2047 τὴν
240 2011 436 2047 αἰχμαλωσίαν,
454 2012 500 2037 καὶ
514 2011 724 2047 οἰκοδομηθῆναι
743 2012 790 2047 τὴν
813 2013 876 2044 Ἰεςι

71 2058 226 2094 ρουσαλήμ.
244 2058 299 2084 Καὶ
322 2057 433 2092 γέγονεν
452 2058 490 2089 ὡς
516 2057 626 2092 ἠξίωσε·
656 2058 703 2084 καὶ
730 2057 861 2094 ὰφείθηή

71 2104 256 2140 αἰχμαλωσία.
275 2103 341 2130 Τότε
367 2103 421 2139 γὰρ
443 2103 588 2139 ἐπληρώθη
612 2104 658 2130 καὶ
683 2103 716 2131 τὰ
733 2104 862 2140 ἐξήκοντα

72 2151 119 2186 ἔτη
129 2150 180 2185 τῆς
193 2150 287 2185 ὀργῆς.
299 2150 359 2176 Εἰσὶ
373 2149 401 2176 δὲ
417 2151 441 2176 οἱ
469 2149 617 2181 ἀναϐάντες
634 2150 688 2176 ἀπὸ
701 2150 750 2185 τῆς
761 2151 861 2185 αίχμα-

71 2195 172 2228 λωσίας
185 2196 240 2222 ἀπὸ
259 2195 342 2222 Ἰούδα
352 2196 398 2222 καὶ
415 2196 554 2231 Βενιαμὶν,
572 2196 618 2222 καὶ
632 2196 655 2221 οἱ
668 2195 777 2222 Λευῖται
795 2195 862 2222 πάν-

877 1574 898 1603 C

917 943 1028 978 scripsit
1042 942 1125 971 Isaias
1139 942 1271 977 propheta
1289 941 1362 968 filius
1375 942 1475 973 Amos;
1489 946 1550 975 qua;
1564 938 1701 970 Manassc,

916 987 1001 1015 relata
1018 991 1083 1015 sunt
1107 988 1136 1014 in
1160 994 1306 1014 sermonem
1322 985 1487 1017 videntium;
1513 992 1574 1020 qua
1597 983 1700 1014 Josias,

916 1033 943 1060 in
959 1034 1029 1061 libro
1043 1037 1108 1062 sunt
1131 1033 1235 1068 Regum
1249 1032 1339 1066 Juda;
1356 1039 1417 1067 quae
1435 1030 1559 1063 .loakim,
1586 1030 1615 1057 in
1631 1030 1701 1057 libro

915 1081 1050 1109 habentur
1060 1080 1164 1117 Regum
1175 1080 1245 1108 Juda
1261 1085 1288 1109 et
1305 1079 1398 1108 Israel.

978 1184 1056 1212 Liber
1070 1183 1145 1218 XII,
1173 1183 1383 1219 Esdnefprimus
1404 1187 1428 1210 et
1448 1181 1576 1209 secundus
1592 1181 1658 1216 (13).

948 1231 994 1259 20.
1015 1230 1049 1257 Hi
1061 1229 1116 1257 duo
1130 1230 1192 1257 libri
1207 1229 1242 1256 ab
1261 1236 1294 1257 eo
1310 1229 1458 1264 conscripti
1482 1231 1556 1260 sunt,
1574 1227 1653 1262 cujus
1673 1229 1702 1254 et

915 1276 1121 1311 inscriptionem
1141 1274 1299 1311 praeferunt.
1319 1274 1422 1302 Esdras
1438 1273 1512 1302 enim
1530 1273 1581 1301 iste
1606 1279 1701 1300 sacer-

914 1324 964 1351 dos
975 1326 1001 1351 et
1015 1323 1101 1350 lector
1114 1329 1176 1349 cum
1187 1326 1270 1354 esset,
1286 1321 1404 1348 reditum
1431 1320 1551 1348 ﬁliorum
1571 1319 1653 1348 Israel
1667 1327 1700 1347 ex

914 1369 1025 1398 Perside
1049 1369 1083 1396 ad
1108 1367 1278 1400 Jerusalem,
1305 1367 1452 1395 enarravit.
1480 1366 1509 1394 In
1527 1367 1616 1402 primo
1631 1365 1700 1393 libro

913 1416 1006 1450 tradit,
1019 1415 1155 1451 quomodo
1170 1422 1236 1442 cura
1257 1414 1360 1442 reditus
1386 1413 1468 1441 fuerit
1484 1414 1512 1440 in
1537 1421 1619 1440 manu
1635 1411 1700 1441 Iesu

915 1463 961 1490 filii
975 1461 1100 1494 Iosedee,
1116 1465 1143 1489 et
1162 1460 1270 1493 Esdraa.
1286 1464 1313 1488 et
1340 1460 1489 1487 Zorobabel
1501 1480 1509 1492 ,
1536 1464 1563 1487 et
1583 1459 1702 1487 Necmiaa

913 1509 1030 1537 eunuchi
1042 1507 1139 1536 Judmi.
1155 1507 1269 1535 Occasio
1282 1514 1346 1535 vero
1364 1506 1540 1534 reditushaec
1555 1505 1621 1533 fuit:
1634 1505 1702 1534 Tros

914 1557 1015 1584 milites
1027 1562 1118 1591 regem
1135 1553 1320 1582 custodientes
1332 1573 1339 1586 ,
1360 1560 1475 1587 quorum
1490 1560 1562 1580 unus
1576 1556 1634 1580 erat
1646 1552 1700 1579 Zo-

915 1600 1036 1632 robabel.
1050 1599 1124 1627 circa
1135 1599 1311 1634 qumstionem
1323 1598 1469 1633 quamdam
1486 1597 1700 1630 contendebant,

913 1645 986 1672 facta
1002 1645 1200 1680 promissione,
1219 1649 1247 1671 ut
1262 1643 1309 1679 qui
1334 1643 1477 1675 vinceret,
1501 1650 1515 1669 a
1533 1650 1596 1678 rege
1620 1643 1700 1678 quid-

913 1692 979 1728 quid
992 1692 1072 1720 vellet
1096 1694 1209 1726 peteret.
1237 1690 1304 1718 Cum
1331 1690 1437 1726 primus
1460 1682 1578 1717 dixisset‘
1601 1689 1700 1717 fortius

913 1745 975 1766 esse
988 1738 1092 1770 vinum,
1109 1737 1177 1764 alter
1201 1736 1341 1764 fortiorem
1356 1743 1418 1764 esse
1431 1743 1532 1771 regem,
1549 1735 1701 1764 Zorobabcl

913 1785 1052 1812 contendit
1067 1783 1193 1812 fortiores
1211 1791 1272 1811 esse
1291 1782 1430 1814 mulieres,
1446 1782 1641 1817 veritatemque
1654 1790 1698 1810 su.

913 1838 962 1866 per
974 1831 1064 1858 omnia
1077 1831 1219 1858 excellere.
1240 1828 1302 1856 Ilaec
1319 1828 1383 1864 quia
1405 1828 1514 1856 locutus
1529 1827 1679 1856 Zorobabel
1690 1848 1699 1861 ,

912 1876 1000 1903 victor
1013 1876 1098 1903 evasit
1113 1885 1120 1903 ς
1137 1883 1198 1902 cum
1213 1875 1308 1910 jussus
1323 1877 1396 1902 esset
1410 1877 1502 1909 petere
1518 1873 1591 1909 quod
1606 1874 1698 1907 vellet,

912 1922 999 1957 petiit,
1012 1926 1041 1949 ut
1058 1922 1200 1956 captivitas
1223 1920 1382 1953 solveretur,
1398 1924 1424 1948 et
1441 1920 1591 1948 Jerusalem
1615 1920 1701 1948 aediﬁ-

913 1971 1030 1994 caretur.
1059 1966 1147 2001 Atque
1161 1967 1198 1994 ita
1211 1970 1241 1993 ut
1257 1966 1333 2001 petiit
1343 1986 1352 2000 ,
1377 1965 1478 1992 factum
1493 1969 1536 1993 est
1549 1975 1555 1992 :
1571 1965 1700 1993 dimissa-

912 2020 966 2047 que
986 2017 1027 2040 est
1043 2011 1197 2047 captivitas.
1213 2011 1290 2039 Tunc
1308 2012 1380 2039 enim
1406 2012 1537 2046 temporis
1559 2011 1700 2047 adimpleti

912 2061 990 2086 erant
1005 2058 1142 2092 sexaginta
1158 2059 1205 2085 ine
1213 2058 1287 2085 anni.
1304 2057 1356 2091 Qui
1373 2064 1438 2084 vero
1455 2056 1669 2093 Hierosolymam
1684 2065 1700 2085 e

912 2103 1068 2138 captivitate
1083 2103 1266 2131 ascenderunt
1280 2103 1314 2131 de
1328 2103 1454 2130 tribubus
1468 2102 1537 2130 Juda
1555 2107 1582 2130 et
1601 2103 1699 2138 Benja-

912 2148 978 2180 min,
991 2155 1053 2174 cum
1067 2147 1168 2175 Levitis
1183 2169 1190 2180 ,
1217 2148 1244 2175 in
1262 2148 1419 2175 universum
1447 2154 1562 2174 numero
1587 2146 1700 2175 fuerunt

911 2193 1091 2228 quadraginta
1107 2193 1161 2221 duo
1173 2193 1257 2221 millia
1272 2193 1385 2221 trecenti
1400 2197 1427 2221 et
1443 2193 1594 2228 sexaginta.
1621 2192 1699 2222 Servi

72 2251 116 2274 τες
132 2241 201 2278 ὁμοῦ
217 2242 262 2268 τὸν
278 2241 393 2278 ἀριθμὸν
409 2241 538 2277 μυριάδες
565 2241 697 2276 τέσσαρες
717 2242 764 2268 καὶ
777 2241 860 2277 δισχί-

914 2247 976 2266 vero
992 2239 1102 2266 illorum
1127 2243 1154 2267 et
1171 2240 1285 2272 ancillae,
1298 2244 1401 2275 septem
1414 2241 1499 2268 millia
1518 2240 1632 2268 trecenti
1647 2240 1698 2267 tri-

73 2287 124 2315 λιοι
136 2289 182 2315 καὶ
212 2287 360 2324 τριακόσιοι
379 2288 426 2315 καὶ
443 2287 583 2323 ἐξήκοντα·
613 2287 705 2319 παῖδες
721 2287 749 2314 δὲ
765 2287 856 2315 αὐτῶν

74 2335 120 2361 καὶ
135 2334 286 2365 παιδίσκαι,
302 2333 379 2366 ζτλδ·
407 2335 431 2360 οἱ
449 2334 556 2370 ᾄδοντες
575 2337 644 2369 aps"
660 2333 777 2370 κάμηλοι
795 2334 858 2360 uls"

74 2380 126 2407 ϐνοι
143 2381 218 2416 ςψκα
233 2381 288 2408 Καὶ
299 2381 324 2407 οἱ
342 2380 391 2416 μὲν
404 2380 605 2416 οἰκοδομοῦντες
619 2378 688 2416 ἦσαν
698 2381 859 2414 Ζοροϐάϐελ,

75 2427 120 2453 καὶ
135 2426 238 2462 Ἰησοῦς
251 2427 265 2453 ὁ
281 2426 325 2453 τοῦ
341 2426 472 2459 Ἰωσεδὲκ,
483 2427 721 2462 καὶΝεεμίας-ὁδὲ
731 2427 858 2463 Ἔσδρας,

73 2472 175 2508 εὐφυὴς
191 2471 229 2499 ὢν
245 2473 273 2498 ἐν
289 2471 328 2508 τῷ
341 2471 425 2508 νόμῳ,
441 2472 521 2503 αὐτὸς
545 2471 709 2507 προεκόμισε
721 2472 766 2499 τὸν
779 2473 859 2508 νόμον

73 2519 118 2545 καὶ
133 2519 250 2553 ἀνέγνω,
267 2518 314 2546 καὶ
329 2518 476 2546 διετύπωσε
493 2519 580 2545 πάντα
596 2518 629 2545 τὰ
646 2518 715 2545 κατὰ
734 2519 763 2544 τὸ
776 2518 856 2554 ἱερὸν,

72 2565 119 2591 καὶ
134 2564 199 2596 τοὺς
215 2564 329 2597 Λευίτας
355 2564 436 2596 αὐτὸς
466 2564 564 2597 ἔδειξεν
588 2564 620 2590 ὲκ
643 2563 689 2590 τοῦ
705 2563 797 2598 νόμου,
811 2565 857 2591 καὶ

70 2611 199 2647 ἐποίησεν
220 2611 383 2647 ἐκϐληθῆναι
411 2611 460 2642 τὰς
488 2611 639 2645 ἀλλογενεῖς
656 2612 788 2645 γυναῖκας
804 2610 858 2637 ἀπὸ

70 2657 124 2683 τῶν
151 2656 287 2684 λαϐόντων
307 2656 391 2688 αὑτὰς
418 2657 447 2683 ὲν
471 2656 558 2692 καιρῷ
585 2656 635 2691 τῆς
659 2656 857 2692 αἰχμαλωσίας.

77 2702 218 2735 Ἐξέϐαλον
247 2703 300 2740 γὰρ
336 2703 434 2736 πάντες
467 2703 513 2730 καὶ
545 2702 780 2738 ἐκαθαρίσθησαν,
810 2702 857 2728 καὶ

70 2749 202 2783 ἐποίησαν
213 2750 244 2776 τὸ
255 2750 351 2785 Πάσχα
361 2750 492 2785 νομίμως,
507 2749 545 2781 ὡς
562 2748 725 2784 γέγραπται,
743 2748 790 2775 καὶ
807 2747 857 2783 τὴν

69 2795 206 2829 νηστείαν.

907 2286 981 2321 ginta
989 2290 1115 2321 quatuor.
1125 2287 1256 2314 Cantores
1265 2287 1373 2315 ducenti
1381 2287 1558 2323 quadraginta
1567 2287 1696 2324 quinque.

909 2332 1012 2360 Cameli
1038 2332 1230 2368 quadringenti
1258 2333 1370 2368 triginta
1396 2334 1527 2370 quinque.
1546 2335 1625 2362 Asini
1650 2343 1700 2364 sex

909 2379 995 2406 millia
1006 2380 1168 2415 septingenti
1180 2379 1287 2415 viginti.
1308 2379 1498 2409 lEdiﬂcatores
1514 2384 1605 2408 autem
1620 2384 1700 2409 erant

910 2423 1061 2453 Zorobabel
1075 2429 1102 2453 et
1113 2425 1193 2453 Jesus
1213 2426 1284 2453 illius
1298 2425 1413 2454 Joscdec
1437 2429 1464 2454 et
1491 2425 1625 2454 Neemias.
1648 2426 1699 2454 Es-

909 2471 974 2499 dras
990 2480 1063 2504 vero,
1076 2480 1138 2499 eum
1157 2477 1231 2500 esset
1247 2472 1342 2500 dexter
1359 2473 1386 2499 in
1403 2471 1558 2507 cognitione
1572 2471 1699 2508 legis,le-

909 2525 969 2552 gem
984 2518 1097 2552 protulit
1112 2522 1194 2554 atque
1219 2519 1302 2554 legit,
1330 2519 1525 2554 constituitque
1542 2524 1640 2547 cuncta
1664 2520 1696 2547 ad

909 2564 1040 2599 templum
1066 2565 1248 2599 pertinentia,
1267 2570 1294 2593 et
1321 2565 1429 2594 Levitas
1443 2574 1553 2602 quoque
1580 2566 1639 2603 ipse
1664 2575 1699 2596 ex

909 2610 968 2645 lege
979 2610 1147 2646 designabat.
1163 2610 1296 2639 Praeterea
1309 2616 1336 2640 et
1352 2613 1520 2648 alienigenas
1531 2621 1630 2642 uxores
1646 2614 1698 2642 ab-

907 2656 954 2690 jici
979 2657 1085 2684 curavit
1104 2657 1138 2684 ab
1153 2657 1222 2690 illis,
1251 2658 1297 2693 qui
1319 2666 1366 2686 eas
1393 2663 1516 2694 tempore
1533 2660 1700 2695 captivitatis

911 2701 1055 2729 duxerant.
1070 2702 1235 2737 Abjecerunt
1249 2704 1321 2731 enim
1341 2704 1403 2733 illas
1420 2712 1525 2739 omnes,
1538 2710 1565 2734 et
1575 2706 1699 2734 mundati

912 2753 984 2780 stmt,
1001 2752 1028 2775 et
1044 2747 1160 2782 Pascha,
1177 2750 1249 2778 sicut
1266 2751 1399 2786 scriptum
1424 2755 1466 2780 est
1477 2772 1485 2785 ,
1513 2756 1541 2780 et
1566 2751 1699 2787 jejunium

911 2793 1029 2828 legitime
1045 2800 1231 2825 servaverunt.

93 2852 165 2893 .(I5)
183 2854 235 2888 Qui
248 2853 353 2889 primus
364 2852 454 2881 Esdrae
469 2854 512 2881 hic
523 2853 635 2886 dicitur,
646 2859 688 2881 est
700 2854 727 2882 in
739 2853 854 2890 Vulgata
874 2856 982 2889 tertius,
1004 2862 1030 2885 et
1047 2857 1080 2884 ad
1093 2857 1195 2885 calcem
1204 2856 1355 2885 Bibliorum
1376 2858 1484 2892 positus
1511 2864 1588 2884 extra
1616 2863 1699 2885 cano—

72 2895 167 2921 I’IICOS._
239 2914 242 2917 .

272 2935 407 2966 Parant.
428 2934 487 2967 Gn.
502 2936 653 2968 Χλνιιι.

1529 2937 1562 2966 11
