1915 3057
204 110 251 137 551

240 167 366 194 Secundo
394 168 483 193 autem
495 164 564 192 libro
579 164 673 192 eadem
701 164 811 199 quidem
837 164 871 193 de
899 165 986 193 reditu
1002 167 1025 196 Α

204 213 340 249 Babylone
366 212 420 244 ait,
449 216 545 246 praeter
573 211 750 246 problemata.
777 210 857 238 Plura
875 220 939 239 vero
955 212 989 239 de

203 259 313 287 Noemia
329 258 453 286 eunucho
465 257 594 292 exponit,
616 257 752 292 quomodo
774 262 800 284 et
821 257 880 292 ipse
896 258 987 292 templi

202 305 406 333 aediﬁcationem
420 303 554 339 petiverit.
573 302 605 329 Et
617 303 752 338 quomodo
764 302 866 331 Esdras
879 304 987 338 quidem

202 351 312 379 lectoris
337 350 493 385 fungeretur
507 347 604 381 ofﬁcio,
619 347 699 376 Jcsus
715 357 779 376 vero
796 354 822 376 et
839 348 948 376 Bauer-as
961 354 989 377 et

201 397 285 423 Abias
300 395 428 430 populum
445 393 595 421 erudirent.
622 392 700 426 Quod
717 393 817 421 Esdras
845 394 987 421 scientiam

202 441 308 468 Domini
324 440 437 476 legendo
452 439 624 475 explicuerit,
641 440 768 474 populus,
781 447 830 474 per
844 440 986 467 lectionem

201 488 285 519 illius,
297 494 357 522 quae
372 486 494 513 facienda
507 489 584 514 erant
597 485 770 517 intellexerit,
784 490 811 512 et
826 485 929 513 Pascha
940 494 986 513 ce-

200 533 357 561 lebraverit.
381 531 532 562 Servarunt
548 532 631 559 etiam
659 531 794 566 jejunium
820 540 914 560 mense
942 540 986 559 sc-

200 581 296 616 ptimo,
313 583 340 607 et
357 578 456 606 festum
471 577 734 608 Tabernaculorum,
763 577 834 604 sicut
855 577 985 612 scriptum

200 629 252 654 est.
272 635 281 651 ι
300 624 359 653 Non
376 623 508 656 fecerant,
524 622 622 658 inquit,
636 623 670 650 ad
684 623 757 650 hunc
775 623 885 650 modum
901 631 916 650 a
929 623 986 650 dic~

199 672 252 700 bus
265 670 329 699 Jesu
338 670 386 698 ﬁlii
398 669 482 697 Nave.
500 679 509 695 ›
521 669 623 697 Esdras
639 677 704 697 vero
721 677 783 696 cum
799 669 910 696 vidisset
925 677 986 696 mu-

199 718 280 746 lieres
291 717 400 744 Azotias
417 716 537 744 Hebreis
548 716 674 751 conjugio
698 715 828 750 junctas:
845 715 940 750 lugens
955 722 986 742 ac

197 764 322 799 plorans,
337 762 436 796 eﬁ‘ecit,
447 766 478 789 ut
492 769 587 790 omnes
600 761 789 796 promitterent
800 768 829 788 se
840 761 925 796 legem
939 759 985 787 Dei

199 814 368 841 servaturos,
383 813 411 837 et
426 809 506 844 ejecit
521 808 647 836 mulieres
665 807 737 837 illas.
753 811 881 842 tanquam
898 807 984 841 illegi-

796 106 825 134 S.
845 105 1077 133 ATHANASIUS.
1097 121 1131 125 —
1151 105 1265 134 DUBIA.

1775 105 1830 132 532

1081 164 1124 190 Ἐν
1138 164 1168 190 δὲ
1181 163 1219 199 τῷ
1233 163 1350 200 δευτέρῳ
1365 163 1436 199 λόγῳ
1451 162 1485 190 τὰ
1500 163 1569 190 αὐτὰ
1590 163 1638 199 μὲν
1655 163 1735 191 πάλιν
1754 163 1830 199 λέγει

1042 212 1104 247 περὶ
1115 211 1164 246 τῆς
1173 211 1312 243 ἐπανόδου,
1322 210 1405 246 χωρὶς
1417 209 1471 236 τῶν
1482 210 1689 246 προϐλημάτωψ
1699 210 1732 236 τὰ
1743 209 1830 238 πλείω

1041 257 1069 283 δὲ
1086 257 1223 292 ἐξηγεῖται
1234 257 1298 292 περὶ
1318 256 1436 291 Νεεμίου
1460 255 1506 282 τοῦ
1522 256 1658 292 εὐνούχου,
1670 257 1710 283 ὅτι
1723 257 1770 283 xui
1782 257 1831 284 αὖ·

1040 303 1085 334 τὸς
1101 303 1200 338 ἠξίωσε
1216 303 1279 338 περὶ
1293 302 1340 337 τῆς
1355 301 1497 337 οἰκοδομῆς
1519 301 1566 328 τοῦ
1581 302 1663 338 ἱεροῦ,
1681 302 1727 329 xui
1750 302 1791 328 ὅτι
1812 303 1830 329 ὁ

1042 350 1090 385 μὲν
1103 349 1218 384 Ἔσδρας
1240 349 1420 382 ἀνεγίνωσκεν
1439 356 1446 364 ·
1467 347 1570 383 Ἰησοῦς
1600 348 1628 374 δὲ
1643 348 1689 374 καὶ
1710 343 1828 380 Βαναίᾶς

1040 396 1086 422 xui
1104 395 1195 427 ’Δῦίας
1222 393 1292 429 ἦσαν
1320 394 1500 426 συνετίζοντες
1516 393 1561 420 τὸν
1588 393 1660 420 λαόν.
1679 393 1732 419 Kui
1751 395 1765 420 ὸ
1778 394 1829 429 μὲν

1042 443 1158 478 Ἔσδρας
1170 441 1362 475 ἀναγινώσκων
1374 440 1522 467 διέστελλεν
1535 441 1674 476 ἐπιστήμῃ
1686 439 1796 474 Κυρίου·
1812 441 1828 466 ὁ

1039 489 1067 515 δὲ
1083 488 1146 520 λαὸς
1175 488 1290 523 συνῆκεν
1315 487 1344 512 ἐν
1363 488 1396 521 τῇ
1416 485 1577 520 ἀναγνώσει,
1593 486 1639 511 xui
1666 485 1777 520 ἐποίησε
1795 485 1829 512 τὸ

1039 535 1145 570 Πάσχα.
1162 534 1217 560 Kui
1232 533 1270 568 τῷ
1285 533 1389 568 ἑϐδόμῳ
1405 533 1469 568 μηνὶ
1484 532 1614 567 ἐποίησαν
1631 531 1679 566 τὴν
1689 531 1826 566 νηστείαν,

1039 580 1085 607 xui
1099 580 1147 615 τὴν
1165 578 1364 614 Σκηνοπηγίαν,
1381 578 1417 610 ὡς
1431 578 1593 613 γέγραπται·
1614 577 1716 608 ("OT-qs
1733 577 1827 613 φησιν,

1041 636 1050 652 ι
1066 627 1116 652 οὐκ
1131 625 1261 660 ἐποίησαν
1272 625 1357 656 οὕτως
1374 625 1427 650 ἀπὸ
1452 623 1506 649 τῶν
1524 622 1634 659 ἡμερῶν
1663 622 1750 658 Ἰησοῦ
1768 617 1827 649 υἱοῦ

1038 671 1144 706 Ναυῆ.»
1165 670 1281 706 Ἔσδρας
1293 670 1331 701 δὲ,
1349 669 1479 705 ἑωρακὼς
1496 669 1668 704 ἑπιμιγείσας
1695 669 1828 702 γυναῖκας

1045 716 1187 748 ’Δσωτίους
1200 718 1255 748 τοῖς
1287 715 1432 752 Ἑϐραίοις,
1451 715 1589 750 πενθήσας
1615 715 1661 741 καὶ
1694 714 1826 748 κλαύσας,

1038 763 1149 798 ἐποίησε
1167 762 1270 793 πάντας
1287 761 1501 796 ἐπαγγείλασθαι
1526 761 1670 796 φυλάττειν
1686 760 1731 787 τὸν
1744 761 1827 796 νόμον

1037 809 1084 836 τοῦ
1094 809 1171 835 Θεοῦ·
1188 808 1236 835 καὶ
1250 808 1360 840 ἐξέϐαλε
1376 808 1425 840 τὰς
1449 809 1579 842 γυναῖκας
1603 807 1640 839 ὡς
1668 806 1826 842 παράνομον

199 855 267 883 timo
280 855 406 891 conjugio
425 855 552 890 junctas,
577 857 604 882 et
620 853 752 888 ‘jurarunt
767 853 885 880 universi
902 861 931 880 se
948 853 981 880 le-

1034 855 1132 890 γάμον”
1147 854 1193 881 καὶ
1207 853 1317 889 ὤμοσαν
1340 853 1439 884 πάντες
1465 852 1580 888 φυλάξαι
1598 853 1643 879 τὸν
1661 852 1751 888 νόμον.
1771 853 1826 879 Καὶ

198 909 259 938 gem
287 905 453 929 servaturos.
471 900 559 936 Atque
575 900 613 927 ita
639 898 803 927 sanctiﬁcati
817 903 846 926 et
861 898 985 926 mundati

198 947 341 975 exhilarati
355 943 429 979 sunt,
446 950 474 974 et
486 946 554 974 abiit
568 945 684 981 quisque
701 945 729 972 in
756 945 867 972 domum
895 951 982 972 suam.

197 993 330 1021 Narratur
357 998 448 1021 autem
466 996 493 1020 et
507 993 559 1020 hoc
579 991 614 1020 de
632 990 730 1023 Esdra,
743 990 816 1026 quod
843 998 906 1017 cum
922 991 984 1018 libri

196 1047 246 1075 per
268 1038 403 1066 incuriam
429 1038 520 1073 populi
553 1044 585 1064 ac
610 1037 769 1064 diuturnam
799 1035 983 1070 capthitatem

197 1085 353 1121 periissent,
368 1085 426 1120 ipse
443 1084 515 1116 illos,
532 1091 595 1111 cum
609 1083 652 1110 vir
667 1086 739 1110 esset
757 1081 865 1109 honesti
877 1081 983 1109 studio-

197 1138 257 1164 sus,
269 1130 432 1162 industrius,
447 1133 474 1157 et
487 1129 583 1161 lector,
596 1127 667 1163 apud
682 1135 712 1155 se
724 1135 818 1155 omnes
829 1126 985 1154 custodive-

197 1177 244 1210 rit,
255 1177 333 1212 115
349 1180 376 1204 et
394 1175 503 1203 tandem
518 1174 676 1210 protulerit,
692 1174 874 1208 omnibusque
899 1172 984 1201 tradi-

197 1223 277 1256 derit,
293 1227 374 1258 atque
392 1223 428 1250 ita
442 1221 530 1249 Biblia
545 1220 703 1249 servaverit.

343 1290 422 1318 Liber
438 1289 526 1323 XIII,
542 1289 706 1317 Psalterium
719 1288 839 1316 Doridis.

235 1346 284 1374 21.
298 1345 420 1374 Tametsi
441 1346 486 1373 hic
507 1345 679 1373 Psalmorum
701 1345 770 1373 liber
792 1345 879 1373 solius
900 1346 983 1373 habet

198 1391 314 1420 Davidis
337 1392 552 1427 inscriptionem,
577 1393 724 1419 multorum
747 1397 838 1419 tamen
864 1392 981 1419 aliorum

197 1445 311 1478 quoque
335 1437 363 1465 in
379 1437 426 1464 illo
449 1440 514 1465 sunt
541 1437 658 1472 psalmi;
679 1437 785 1465 scilicet
806 1437 910 1472 Asaph,
925 1437 980 1465 ldi-

197 1484 285 1515 fhum,
301 1483 420 1510 ﬁliorum
440 1483 520 1516 Core,
543 1484 645 1519 Aggaei,
665 1482 812 1515 Zacharia,
828 1487 855 1510 et
871 1482 979 1510 [Emam

196 1529 336 1557 lsraelitaa.
354 1529 424 1557 Sunt
440 1530 522 1557 etiam
541 1530 675 1562 nonnulli,
695 1531 742 1565 qui
759 1538 814 1557 una
838 1529 872 1556 ab
888 1529 979 1556 omni-
994 1527 1015 1556 C-

196 1575 247 1603 bus
261 1580 325 1603 sunt
334 1575 410 1608 dicti,
423 1580 558 1611 quotquot
570 1577 693 1604 videlicet
703 1577 833 1604 «Alleluia
845 1586 854 1602 »
867 1577 977 1604 habent.

196 1622 291 1658 Itaque
314 1622 416 1650 Esdras
429 1631 525 1651 omnes
543 1624 626 1651 hosce
643 1624 763 1659 psalmos
780 1632 794 1650 a
808 1624 980 1659 quibuscun-

196 1675 250 1702 que
264 1668 362 1696 'dictos
386 1676 440 1696 uno
458 1670 616 1704 complexus
638 1674 680 1697 est
703 1670 782 1702 libro,
801 1671 847 1705 qui
870 1670 979 1705 quidem

196 1713 275 1748 quasi
287 1721 446 1742 communes
463 1715 518 1742 sint
536 1715 633 1750 psalmi
649 1723 742 1743 omnes
765 1724 833 1750 quos
847 1717 978 1749 continet,

195 1757 368 1786 Psalmorum
390 1759 459 1787 liber
476 1765 608 1794 vocatur;
620 1760 671 1787 soli
687 1768 750 1788 vero
766 1760 860 1787 Davidi
882 1761 981 1788 inscri-

194 1805 280 1836 bitur,
295 1805 358 1839 quia
375 1805 420 1832 ille
433 1805 538 1839 primus
549 1806 675 1840 spiritum
691 1807 823 1841 psallendi
839 1814 853 1833 a
866 1806 921 1835 Deo
935 1815 981 1835 ac-

195 1849 279 1884 cepit,
299 1850 458 1885 primusque
471 1851 591 1885 psalmos
608 1852 762 1886 composuit
773 1856 799 1879 et
814 1853 935 1887 scripsit,
952 1857 979 1881 et

195 1895 338 1930 praedictos
350 1896 505 1930 psalmistas
520 1896 578 1931 ipse
590 1905 624 1924 ex
639 1897 827 1925 sacerdotibus
839 1899 934 1933 selegit
947 1906 979 1926 ac

194 1942 322 1974 instituit,
347 1943 547 1978 stationemque
573 1944 696 1971 locorum
717 1945 782 1977 illis,
805 1948 832 1972 et
855 1945 978 1972 ordinem

194 1987 327 2020 melodiae,
353 1996 385 2016 ac
409 1993 516 2024 tempus
541 1990 674 2025 psallendi
703 1991 867 2018 matutinum
884 1996 911 2019 et
933 1999 979 2019 vev

194 2033 345 2070 spei-linum
375 2035 588 2063 determinavit:
604 2041 631 2064 et
654 2037 691 2064 ita
713 2038 851 2065 ordinavit
878 2043 907 2066 ut
931 2039 977 2065 alii

193 2085 297 2116 aperto,
324 2080 370 2108 alii
393 2081 488 2108 clauso
511 2082 627 2117 templo",
649 2083 694 2110 alii
718 2090 733 2110 a
751 2083 864 2117 dextris,
888 2085 935 2111 alii
963 2092 978 2111 a

193 2127 314 2155 sinistris
331 2131 453 2156 starent:
470 2131 550 2163 atque
564 2129 601 2155 ita
614 2129 725 2164 quidam
750 2129 803 2157 Deo
818 2131 977 2165 psallerent,

193 2173 355 2209 laudemque
378 2181 409 2201 ac
432 2174 563 2209 hymnum
593 2182 659 2202 voce
692 2179 838 2208 canerent;
868 2176 977 2210 quidam

192 2226 258 2247 vero
269 2218 470 2247 confessionem
493 2227 525 2247 ac
541 2220 648 2248 laudem
672 2221 822 2257 pulsarent,
836 2222 874 2248 illi
898 2222 926 2249 in
938 2223 978 2250 ci-
992 2213 1016 2240 Ῑ)

193 2264 282 2300 nyris,
306 2264 430 2297 citharis,
459 2265 546 2293 nablis
571 2273 603 2292 ac
628 2266 771 2301 cymbalis,
791 2267 835 2294 isti
857 2268 931 2295 tubis
948 2268 977 2296 in

191 2310 338 2338 exaltando
349 2315 538 2346 personarent.
553 2311 714 2340 Sacerdotes
728 2313 809 2348 igitur
822 2314 869 2348 qui
885 2322 976 2342 arcam

192 2354 241 2383 Dei
259 2356 309 2384 sub
325 2355 425 2384 Davide
444 2358 600 2392 portabant,
621 2362 700 2385 erant
724 2367 838 2388 numero
863 2361 937 2388 mille
950 2365 977 2389 et

193 2401 268 2429 duo:
284 2409 389 2438 nempe,
405 2410 437 2430 ex
458 2402 522 2430 ﬁliis
536 2403 633 2438 Caath,
652 2404 726 2432 Uriel
739 2406 865 2442 princeps
886 2411 912 2434 et
926 2407 978 2434 fra-

193 2449 250 2474 tres
266 2447 326 2481 ejus
344 2452 453 2476 centum
474 2454 502 2476 et
524 2449 634 2484 decem;
655 2459 689 2477 ex
710 2451 774 2480 ﬁliis
799 2452 906 2485 Mei-ari,
924 2453 978 2480 Ase

191 2493 320 2529 princeps
335 2499 361 2522 et
380 2494 479 2523 fratres
496 2496 556 2531 ejus
571 2497 642 2531 250;
656 2505 689 2525 ex
704 2497 766 2526 ﬁliis
781 2497 902 2532 Gedeon,
917 2499 977 2527 Joel

191 2541 320 2575 princeps
329 2545 357 2568 et
369 2541 467 2570 fratres
477 2543 538 2578 ejus
550 2543 617 2576 l50;
629 2551 662 2571 ex
677 2544 740 2572 ﬁliis
759 2545 909 2581 Elisaphat,
926 2546 978 2573 Sa—

191 2595 274 2615 maeas
301 2588 427 2625 princeps
449 2594 476 2618 et
497 2591 596 2619 fratres
615 2592 675 2627 ejus
690 2591 760 2626 200;
776 2602 808 2621 ex
829 2594 893 2622 ﬁliis
905 2594 975 2623 Che-

191 2632 271 2667 bron,
296 2634 368 2662 Euer
387 2636 515 2672 princeps
541 2642 568 2664 et
593 2637 691 2666 fratres
715 2639 775 2674 ejus
791 2639 840 2673 80;
861 2648 893 2668 ex
912 2640 987 2668 ﬁliis‘

191 2678 276 2713 Eziel,
301 2681 463 2709 Aminadam
490 2683 616 2718 princeps
645 2687 672 2712 et
699 2684 798 2714 fratres
828 2686 889 2720 ejus
913 2686 974 2714 “2.

191 2723 290 2752 Psaltaz
301 2734 366 2754 vero
383 2727 476 2754 selecti
491 2735 525 2755 ex
535 2727 602 2763 ipsis
619 2733 708 2761 erant,
727 2730 762 2758 de
776 2732 877 2766 quibus
892 2739 975 2767 supra

191 2771 296 2798 dictum
320 2779 374 2800 est.
395 2772 426 2800 lli
450 2773 483 2800 ad
507 2775 579 2802 hunc
602 2776 711 2803 modum
743 2777 859 2805 instituti
873 2785 948 2806 erant
968 2789 973 2806 :

192 2818 282 2853 Asnph
295 2822 321 2845 et
335 2818 446 2845 Alliam
460 2819 506 2846 lilii
517 2821 587 2848 Core
602 2822 734 2857 cymbalis
749 2825 832 2852 aeneis
844 2832 975 2859 persona-

189 2868 267 2898 bant,
287 2869 315 2891 ut
335 2865 370 2892 ab
391 2865 518 2895 omnibus
536 2867 714 2903 audirentur;
739 2869 888 2898 Zacharias
909 2879 973 2900 vero

1034 901 1120 933 οὕτως
1132 900 1307 935 ἁγιασθέντες
1324 900 1371 926 xui
1383 899 1605 935 καθαρισθέντες,
1619 898 1825 934 ηὑφράνθησαν,

1034 948 1082 974 xui
1100 947 1219 982 ἀπῆλθεν
1235 946 1350 978 ἕκαστος
1373 946 1413 978 εἱς
1426 946 1469 972 τὸν
1482 944 1555 972 οἷκον
1572 945 1679 972 ἑαυτοῦ.
1698 945 1826 980 Ἰστορεί-

1034 1001 1078 1019 ται
1089 992 1116 1018 δὲ
1129 992 1174 1019 καὶ
1192 991 1271 1017 τοῦτο
1301 990 1365 1026 περὶ
1382 990 1429 1016 τοῦ
1455 990 1567 1026 Ἔσδρα,
1581 991 1632 1022 ὃτι1
1649 989 1826 1024 ἀπολομένων

1033 1038 1087 1064 τῶν
1101 1038 1210 1072 βιϐλίων
1227 1037 1256 1069 ἐξ
1269 1036 1398 1072 ἀμελείας
1412 1037 1466 1063 τῶν
1493 1037 1575 1069 λαῶν,
1587 1036 1633 1063 καὶ
1649 1036 1693 1062 διὰ
1711 1037 1760 1072 τὴν
1774 1044 1825 1062 πο-

1033 1083 1172 1119 λυχρόνιον
1183 1083 1380 1118 αἰχμαλωσίαν,
1398 1082 1478 1114 αὐτὸς
1491 1083 1617 1117 Ἔσδρας,
1633 1082 1775 1116 φιλόκαλος
1787 1081 1826 1108 ὢν

1033 1130 1079 1156 καὶ
1093 1129 1205 1165 εὐφυὴς,
1227 1128 1273 1155 xui
1297 1127 1485 1164 ἀναγνώστης,
1508 1127 1625 1162 ἐφύλαξε
1654 1128 1742 1154 πάντα
1762 1128 1824 1155 καθ’

1033 1175 1139 1207 ἑαυτὸν,
1154 1175 1201 1202 xui
1217 1175 1308 1201 λοιπὸν
1326 1175 1491 1211 προήνεγκε,
1510 1175 1556 1201 καὶ
1584 1175 1666 1201 πᾶσιν
1680 1174 1823 1207 ἐκδέδωκε.

1033 1222 1081 1248 xui
1091 1218 1176 1253 οὕτως
1188 1220 1349 1253 διασώζεται
1363 1221 1398 1248 τά
1410 1221 1508 1257 βιϐλία.

1184 1268 1305 1294 Βιϐλίον
1322 1271 1368 1303 ιγ’,
1389 1268 1558 1302 Ψαλτήριον
1573 1268 1672 1296 Δαϐίὸ.

1067 1313 1112 1340 21.
1129 1314 1160 1340 El
1181 1314 1228 1340 xui
1238 1313 1289 1340 toi}
1305 1314 1387 1340 Δαεῖὶδ
1409 1313 1565 1349 ἐπιγραφὴν
1578 1314 1634 1349 ἔχει
1650 1313 1731 1349 μόνου
1745 1314 1826 1341 τοῦτο

1034 1359 1065 1386 τὸ
1081 1359 1181 1394 βιϐλίον
1200 1359 1254 1386 τῶν
1269 1359 1402 1395 Ψαλμῶν,
1415 1359 1484 1386 ἀλλὰ
1503 1360 1606 1387 πολλῶν
1621 1361 1667 1387 xui
1680 1361 1767 1387 ἄλλων
1784 1362 1825 1387 εί-

1035 1406 1078 1433 σὶν
1090 1407 1118 1432 ὲν
1132 1405 1219 1441 τούτῳ
1230 1405 1342 1441 ψαλμοὶ,
1356 1406 1403 1432 τοῦ
1418 1415 1447 1432 τε
1467 1407 1551 1441 Ἀσᾶιςρ
1567 1407 1699 1442 δηλονότι,
1709 1408 1757 1434 καὶ
1769 1407 1825 1434 τῶν

1041 1452 1166 1487 Ἱδιθοὺμ,
1180 1451 1227 1478 καὶ
1241 1452 1295 1478 τῶν
1316 1451 1380 1478 υἱῶν
1397 1451 1481 1487 Κορὲ,
1501 1451 1548 1478 xui
1567 1452 1702 1486 Ἀγγαίου,
1719 1453 1765 1479 xui
1776 1453 1826 1478 Zu-

1032 1497 1137 1534 χαρίου,
1150 1498 1196 1524 xui
1216 1497 1305 1532 Αἰμὰν
1316 1496 1363 1523 τοῦ
1385 1497 1559 1533 Ἰσραηλίτου.
1576 1498 1637 1524 Εἱσὶ
1653 1498 1680 1524 δὲ
1702 1498 1748 1524 καὶ
1765 1507 1824 1525 κοι-

1032 1544 1085 1576 νῶς
1102 1544 1177 1580 παρά
1191 1544 1298 1570 πάντων
1314 1543 1382 1579 ὁμοῦ
1397 1544 1536 1579 εἰρημένοι
1549 1544 1635 1576 τινὲς,
1651 1545 1706 1570 ὅσοι
1721 1544 1824 1581 δηλαδὴ

1030 1590 1121 1626 ἔχουσι
1133 1590 1162 1617 τὸ
1181 1600 1190 1616 ι
1208 1589 1372 1625 Ἀλληλούία.
1388 1599 1397 1615 ›
1411 1590 1440 1616 '0
1449 1589 1512 1624 γοῦν
1524 1590 1650 1626 Ἔσδρας,
1660 1591 1824 1624 συναγαγὼν

1029 1637 1140 1669 τούτους
1160 1637 1264 1668 πάντας
1284 1637 1347 1668 τοὺς
1362 1637 1426 1671 παρ’
1443 1637 1558 1663 ἑκάστου
1574 1637 1734 1672 εἰρημένους
1753 1636 1824 1670 ψαλ-

1032 1683 1108 1718 μοὺς,
1124 1683 1164 1714 είς
1186 1683 1249 1717 μίαν
1268 1682 1398 1716 συνέθηκε
1417 1682 1522 1716 βίϐλον·
1538 1682 1585 1708 xui
1605 1681 1642 1713 ὡς
1657 1682 1705 1716 μὲν
1723 1682 1823 1709 κοινῶν

1029 1728 1112 1756 ὅντων
1126 1729 1233 1755 πάντων
1245 1728 1298 1756 τῶν
1311 1729 1339 1755 ὲν
1353 1729 1421 1764 αὐτῇ
1439 1729 1650 1764 περιεχομένων,
1667 1728 1757 1764 βίϐλος
1771 1737 1823 1756 κα-

1028 1775 1113 1802 λεῖται
1130 1774 1271 1810 Ψαλμῶν·
1298 1774 1481 1810 ἐπιγράφεται
1506 1774 1534 1801 δὲ
1557 1774 1636 1810 μόνον
1655 1774 1701 1801 τὸν
1725 1774 1822 1807 Δαόὶδ,

1029 1821 1121 1856 ἐπειδὴ
1140 1821 1220 1853 αὐτὸς
1234 1820 1339 1856 πρῶτος
1360 1820 1450 1847 λαϐὼν
1468 1820 1498 1847 τὸ
1513 1820 1621 1856 πνεῦμα
1639 1820 1684 1847 τοῦ
1702 1820 1816 1857 ψάλλειν

1029 1867 1105 1903 παρὰ
1115 1867 1161 1894 τοῦ
1174 1867 1251 1899 Θεοῦ,
1267 1866 1376 1902 πρῶτός
1388 1875 1418 1893 τε
1432 1867 1565 1902 συνέθηκε
1577 1867 1624 1894 xui
1638 1867 1740 1902 ἔγραψε
1755 1870 1824 1901 ψαλ-

1031 1914 1096 1948 μούς
1106 1922 1112 1928 ⁸
1134 1913 1196 1945 τούς
1213 1922 1242 1940 τε
1263 1913 1458 1949 προλεχϐἐντας
1474 1912 1581 1945 λοιποὺς
1593 1913 1757 1948 ψαλτῳδοὺς,
1771 1913 1822 1940 αὐ-

1030 1959 1076 1990 τὸς
1091 1959 1145 1986 ἀπὸ
1157 1959 1210 1985 τῶν
1226 1959 1320 1995 ἱερέων
1334 1958 1513 1994 ἐκλεξάμενος
1528 1959 1688 1990 διετύπωσε,
1706 1959 1754 1985 xui
1769 1960 1822 1995 τήν

1028 2013 1058 2030 τε
1072 2005 1164 2031 στάσιν
1178 2005 1268 2036 αὐτοῖς
1277 2005 1331 2031 τῶν
1345 2005 1445 2036 τόπων,
1460 2005 1506 2031 xui
1519 2005 1568 2040 τὴν
1582 2005 1656 2037 τάξιν
1670 2005 1719 2040 τῆς
1733 2005 1822 2040 μελῳ-

1028 2050 1097 2082 δίας,
1114 2051 1160 2077 καὶ
1176 2051 1221 2077 τὸν
1237 2050 1332 2086 καιρὸν
1349 2051 1396 2077 τὸν
1411 2051 1538 2086 πρωῖνὺν,
1559 2052 1605 2077 καὶ
1619 2051 1662 2077 τὸν
1674 2051 1822 2087 ἑσπερινὲν

1029 2094 1110 2130 ῶρισε
1130 2096 1176 2122 xui
1196 2095 1332 2127 διέταξεν·
1345 2095 1416 2122 ὥστε
1431 2097 1493 2127 τοὺς
1508 2096 1558 2131 μὲν
1576 2097 1752 2132 ἁνοιγομένο)
1771 2097 1821 2124 τοῦ

1030 2140 1114 2175 ἱεροῦ,
1127 2141 1189 2172 τοὺς
1209 2140 1236 2166 δὲ
1253 2141 1421 2176 κλειομένου,
1440 2143 1487 2168 xui
1507 2143 1568 2173 τοὺς
1587 2143 1636 2177 μὲν
1658 2144 1689 2169 ἐκ
1711 2143 1820 2175 δεξιῶν,

1029 2187 1092 2218 τοὺς
1112 2187 1140 2213 δὲ
1157 2187 1186 2219 ἐξ
1200 2188 1351 2223 ἀριστερῶν
1368 2188 1488 2214 ἱστάναι’
1505 2189 1553 2215 καὶ
1575 2189 1671 2221 οὓτως,
1688 2190 1751 2220 τοὺς
1763 2189 1820 2225 ’μὲν

1030 2232 1151 2267 ψάλλειν,
1165 2232 1212 2259 xu".
1226 2233 1321 2265 αἰνεῖν,
1338 2234 1385 2260 xui
1400 2234 1485 2269 ᾅδειν,
1503 2235 1549 2260 xui
1565 2235 1658 2269 ὑμνεῖν
1674 2234 1718 2261 τὸν
1734 2235 1800 2262 Θεόν
1811 2245 1818 2250 ·

1029 2278 1092 2310 τοὺς
1106 2277 1133 2304 δὲ
1147 2278 1307 2314 ἀνακρούειν
1321 2279 1513 2314 ἐξομολόγησιν
1528 2280 1575 2306 xui
1588 2277 1660 2306 αἶνον
1671 2287 1680 2295 ⁸
1694 2281 1741 2306 xui
1755 2281 1821 2313 τοὺς

1031 2325 1080 2360 μὲν
1094 2325 1312 2359 ἀποφθέγγεσθαι
1335 2326 1363 2352 ὲν
1383 2325 1505 2362 κινύραις
1525 2326 1570 2353 xui
1584 2326 1704 2360 νάΰλαις,
1721 2326 1769 2354 xui
1790 2328 1822 2354 ὲν

1030 2370 1192 2406 κυμϐάλοις·
1208 2371 1271 2402 τοὺς
1287 2371 1314 2398 δὲ
1333 2372 1373 2403 εἰς
1391 2372 1421 2398 τὺ
1441 2372 1547 2406 ὑψῶσαι
1564 2373 1593 2398 ἐν
1614 2372 1767 2406 σάλπιγξιν.
1786 2375 1821 2400 υἱ

1032 2416 1081 2452 μὲν
1100 2414 1146 2443 οὖν
1167 2417 1259 2452 ἱερεῖς,
1273 2417 1297 2443 οἱ
1315 2417 1495 2453 ἀναφέροντες
1517 2418 1565 2453 τὴν
1580 2418 1694 2444 κιϐωτὸν
1708 2419 1755 2444 ἐπὶ
1771 2419 1821 2445 τοῦ

1031 2462 1122 2493 Δαϐὶδ,
1136 2459 1204 2497 ἦσαν
1223 2463 1304 2498 χίλιοι
1321 2463 1368 2489 xui
1388 2462 1444 2494 δύο,
1465 2462 1566 2495 οὕτως·
1585 2463 1650 2490 υἱῶν
1670 2463 1748 2490 Καὰο
1765 2465 1821 2490 Οὑ-

1032 2508 1093 2544 ριὴλ
1106 2509 1119 2534 ὁ
1135 2509 1225 2544 ἅρχων
1240 2509 1286 2535 xui
1302 2509 1327 2535 οἱ
1347 2509 1453 2543 ἀδελφοὶ
1474 2510 1564 2540 αὑτοῦ,
1579 2509 1626 2545 ρι’·
1645 2509 1709 2535 υἱῶν
1725 2511 1822 2545 Μερα-

1033 2555 1075 2589 ρεῖ
1094 2554 1154 2580 Ἀσὲ
1170 2555 1184 2580 ὁ
1204 2555 1294 2590 ἄρχων
1315 2554 1362 2581 xui
1379 2555 1403 2580 οἰ
1426 2554 1534 2590 ἀδελφοὶ
1557 2555 1650 2586 αὐτοῦ,
1673 2559 1726 2581 σν¹·
1752 2556 1821 2583 υἱῶν

1029 2599 1131 2626 Γεδεὼν
1150 2600 1225 2635 ἰωὴλ
1235 2601 1249 2626 ὁ
1260 2599 1349 2636 ἄρχων
1364 2601 1409 2627 xui
1425 2601 1450 2627 οἱ
1465 2601 1572 2635 ἀδελφοὶ
1587 2601 1679 2631 αὐτοῦ,
1693 2600 1747 2636 ρν’·
1763 2602 1821 2628 τῶν

1030 2644 1096 2670 υἱῶν
1114 2644 1258 2678 Ἐλισάφατ
1273 2645 1396 2680 Σαμαίας
1411 2647 1425 2672 ὁ
1439 2646 1530 2682 ἄρχων
1545 2646 1592 2673 xui
1605 2647 1629 2672 οἱ
1648 2646 1756 2680 ἀδελφοὶ
1770 2647 1822 2673 αὑ-

1028 2690 1087 2724 τοῦ,
1097 2693 1120 2716 σ¹
1129 2699 1135 2705 ·
1149 2690 1203 2717 τῶν
1217 2691 1281 2717 υἱῶν
1295 2691 1407 2728 Χεϐρὼν
1417 2692 1497 2728 Ἐνὴρ
1513 2693 1526 2718 ὁ
1541 2693 1631 2728 ἅρχων
1647 2693 1694 2719 xui
1707 2693 1730 2718 oi
1742 2692 1821 2719 ἁδελ-

1029 2736 1075 2770 φοὶ
1093 2735 1176 2762 αὑτοῦ
1191 2739 1233 2762 π’·
1249 2735 1303 2763 τῶν
1319 2736 1386 2763 υἱῶν
1404 2737 1504 2772 Ἐζιὴλ,
1526 2737 1678 2773 Ἀμιναδὰμ
1694 2739 1708 2763 ὁ
1726 2738 1820 2773 ἅρχων

1029 2782 1076 2808 xui
1095 2782 1119 2808 οἱ
1135 2781 1243 2816 ἀδελφοὶ
1259 2782 1352 2815 αὐτοῦ,
1369 2782 1420 2818 ριβ⁷
1430 2792 1436 2798 ·
1452 2784 1475 2809 οἱ
1488 2783 1518 2810 δὲ
1533 2783 1664 2818 ψαλτῳδοὶ
1679 2783 1707 2816 ἐξ
1729 2783 1820 2810 αὐτῶν

1028 2825 1098 2862 ἦσαν
1121 2827 1293 2863 ὲκλεχθέντες
1314 2829 1338 2854 οἱ
1361 2830 1567 2864 προειρημένοι,
1592 2830 1638 2855 xui
1654 2827 1723 2864 ἦσαν
1745 2828 1820 2855 οὕτω

1028 2874 1216 2906 τυπωθέντες·
1235 2875 1248 2901 ὁ
1271 2875 1319 2910 μὲν
1339 2874 1424 2909 ’Δσὰφ
1445 2875 1490 2902 xui
1515 2875 1604 2911 Αξθὰμ
1621 2876 1673 2902 υἱοὶ
1694 2875 1766 2909 Κορὲ
1790 2877 1820 2902 ὲν
