1915 3057
119 175 174 204 557

679 174 850 204 SYNOPSIS
865 175 1076 204 SCRIPTURE
1096 174 1231 203 SACRE.

1694 175 1747 206 558

123 236 170 269 ρξ’,
193 236 248 267 ρςκ
271 231 316 267 ραν
337 230 400 266 ριαὲ
420 229 479 265 ριβἰ
501 233 564 266 eo”.
587 230 644 266 ριδ⁹ν
669 234 736 267 (λς’,
758 231 820 267 ριξ⁷›
846 235 906 268 ριηἰ

963 233 990 266 5,
1008 233 1034 266 6,
1056 233 1083 266 8,
1099 233 1186 266 9,10,
1208 231 1312 266 11,12,
1333 232 1377 264 15,
1397 231 1438 265 17,
1462 232 1563 267 18,19,
1579 232 1625 267 20,
1639 233 1684 266 21,
1699 233 1746 267 22,

122 278 187 314 em
207 277 270 314 ρλε⁷ν
289 279 360 312 ρμεκ
377 279 454 311 pas.
472 275 545 312 ρμξἰ
566 279 640 312 ρμη’ς
664 277 736 312 ρμθι,
758 281 805 314 ρν’.
835 287 843 304 ι
865 277 910 314 Τῷ

120 324 213 356 Δασιδ,
229 333 238 349 ι
250 322 354 354 ἁπλῶς,
367 322 474 356 λβ’,λδ’,
489 322 536 354 λε’,
550 324 608 356 ιιςθ,
619 322 670 359 ρβ’,
686 327 738 359 ργδ,
756 324 826 360 ρλς·’,
842 324 909 360 ρλξ,

122 370 200 396 Ὅσοι
211 367 239 394 δὲ
256 367 331 403 παρὰ
349 366 396 393 τοῦ
415 366 498 393 Δαϐὶδ
514 367 559 394 καὶ
574 367 628 394 τῶν
638 367 724 394 ἄλλων
733 369 841 396 πάντων
852 369 910 396 ἑλέ-

117 415 235 452 χθησαν,
249 414 297 441 καὶ
313 413 430 449 ἔχουσιν,
448 423 457 439 ι
471 413 518 445 Εἰς
534 413 564 440 τὸ
579 414 665 446 τέλος,
679 415 767 441 »εἰσὶν
780 411 862 442 uiator
879 415 910 448 δ’,

120 464 153 495 ε’,
165 464 202 493 ς’.
215 459 250 495 η’,
268 459 307 491 011-
317 463 342 491 ι’,
360 462 406 491 ‘1‘!
421 459 466 494 ‘3'}
477 459 521 494 ιγ’,
533 459 576 493 ιζ’)
588 463 632 496 ιη’,
650 460 691 492 ιϐ’,
703 464 738 492 κ’,
753 465 807 494 xu”
816 461 869 498 κβ,
878 462 910 496 λνν

117 507 166 538 λε’,
181 507 232 542 λη’,
246 506 295 538 λθ’,
312 509 348 541 μ’,
365 509 420 541 μα’,
441 508 496 541 μγ’,
517 507 568 542 μδ’,
589 511 640 542 με’,
662 511 721 543 pg’,
739 511 794 543 μη’,
812 512 844 541 ν’,
859 513 910 542 ναν,

116 554 170 589 νβ’,
186 557 237 588 vf,
257 553 304 586 νδ’,
323 556 371 586 νε¹,
385 556 439 586 νς’,
455 552 503 585 νίζ’,
524 557 575 588 νη’,
594 553 642 587 v0',
664 554 694 587 ξ’,
719 554 770 587 ξα’,
793 555 842 589 ET’,
865 555 910 589 ξδ’,

117 601 166 633 ξε’,
183 600 237 633 Eg’,
254 599 304 632 ξζέ,
320 598 370 634 ξη’,
387 599 435 631 ξδ’,
451 599 613 633 οδ’,οε’,ος·¹,
625 600 672 632 οϐ’,
682 605 718 633 π’,
731 605 786 636 πγ’,
796 602 848 635 τπδ’,
858 605 909 638 ρη¹,

119 647 191 682 ρλη’,
205 646 271 682 ρλϐ’.
284 645 338 672 Τοῦ
352 645 434 672 Δαϐὶδ
450 646 529 681 μόνου
545 646 609 673 ἰδίου
623 647 715 680 αὑτοῦ,
728 651 776 680 κε’,
785 652 840 682 κς’,
859 649 910 682 κζ’,

117 693 173 726 λς’,
187 693 235 719 καὶ
252 695 318 728 ρνα¹.
333 691 412 719 Μετὰ
428 693 456 719 δὲ
473 692 523 728 τὴν
543 693 673 728 διαίρεσιν
697 695 787 722 πᾶσαν
798 695 909 731 ταύτην,

118 740 270 774 ἀναγκαῖον
289 739 383 765 λοιπὸν
399 738 445 765 καὶ
458 738 508 770 τὰς
521 739 677 775 ἐπιγραφὰς
690 740 789 773 ιδικῶς,
802 741 850 773 τὰς
865 741 911 768 ὲπί

117 794 200 812 τινων
223 784 338 820 ψαλμῶν
363 784 504 820 κειμένας,
528 784 636 812 εἰδέναι.
655 786 682 812 Ὀ
695 786 743 821 μὲν
761 789 795 819 α’,
812 787 858 813 καὶ
877 787 910 822 β’,

117 830 301 865 ἀνεπίγραφοί
327 830 412 856 εἰσιν·
437 830 451 855 ὁ
472 830 500 856 δὲ
522 830 635 866 τρίτος,
666 841 675 857 ι
697 831 793 859 Ὁπότε
816 833 911 860 ἀπεδί-

115 877 236 913 δρασκεν
253 877 307 903 ἀπὸ
325 877 470 912 προσώπου
489 877 648 913 Ἀὁεσαλὼμ
667 878 714 904 τοῦ
729 879 788 905 υἱοῦ
802 879 885 906 αὑτοῦ
902 888 909 896 σ

115 925 130 950 6
144 922 224 958 ρμβ’,
243 924 306 950 Ὅτε
324 923 339 949 6
359 922 417 954 υἱὸς
435 922 516 949 αὑτὸν
531 923 694 950 καταδιώκει
708 933 714 939 ·
737 925 751 950 6
766 928 803 956 ε’,
825 925 912 959 ’Υπὲρ

114 970 168 1006 τῆς
181 969 401 1006 κληρονομούσης
414 977 421 984 ⁸
435 971 449 996 6
463 972 500 1002 ς’,
515 968 561 995 καὶ
575 973 619 1002 ια’,
640 969 725 1005 ’Υπὲρ
737 969 786 1005 τῆς
801 969 908 1006 ὀγδόης·

114 1016 131 1043 6
146 1016 180 1048 ξ’,
195 1015 278 1051 ’Υπὲρ
294 1016 350 1042 τῶν
364 1015 450 1050 λόγων
464 1015 548 1042 Χουσὶ
561 1015 620 1042 υἱοῦ
637 1015 742 1050 Ἰεμενῆ
755 1024 761 1030 ·
778 1016 801 1042 οἱ
817 1019 853 1051 η’,
873 1019 909 1048 π’,

115 1062 175 1097 σῖγ’,
183 1063 268 1098 ’Υπὲρ
283 1061 338 1089 τῶν
347 1061 449 1098 ,ληνῶν-
467 1063 482 1089 6
500 1061 533 1093 0',
562 1061 647 1097 ’Υπὲρ
659 1061 713 1088 τῶν
726 1061 849 1097 κρυφίων
863 1062 909 1089 τοῦ

115 1109 187 1136 υἱοῦ·
203 1109 218 1135 6
234 1112 283 1143 με’,
299 1108 384 1144 ’Υπὲρ
397 1107 450 1135 τῶν
466 1108 597 1144 κρυφίων·
608 1109 622 1135 6
635 1106 675 1139 ιε’,
690 1108 738 1140 Εἰς
757 1107 909 1144 στηλογρα-

115 1155 193 1190 φίαν·
206 1155 231 1181 οἱ
241 1158 288 1187 ις’,
299 1158 350 1185 πέ,
359 1155 511 1190 Προσευχή·
525 1155 539 1181 6
549 1153 591 1187 ιζ’,
604 1154 668 1181 Ὅτε
680 1154 814 1190 ἐρρύσατο
830 1154 910 1181 αὑτὸν

115 1201 220 1235 Κύριος
232 1201 264 1227 ἐκ
280 1201 369 1236 χειρὸς
389 1201 496 1228 πάντων
516 1200 571 1227 τῶν
589 1199 694 1236 ἐχθρῶν
705 1199 789 1227 αὑτοῦ
799 1209 806 1215 θ
820 1200 842 1234 ὸξ
855 1203 907 1234 κα’,

121 1247 211 1282 ’Υπὲρ
234 1247 282 1282 τῆς
312 1246 481 1282 ἀντιλήψεως
503 1247 553 1282 τῆς
576 1247 708 1282 ἑωθινῆς·
733 1247 747 1274 6
772 1250 825 1281 κγ’,
853 1247 910 1281 Τῆς

117 1293 184 1327 μιᾶς
198 1292 344 1319 Σαϐϐάτων
357 1301 364 1308 ·
384 1293 398 1319 6
422 1296 479 1326 κς’,
502 1292 558 1328 Πρὸ
576 1292 624 1319 τοῦ
641 1293 783 1328 χρισθῆναι
799 1301 806 1309 ι
824 1294 839 1320 6
854 1292 907 1326 κη’,

122 1338 240 1371 Ἐξοδίου
252 1339 354 1374 σκηνῆς
363 1346 370 1353 ο
384 1340 398 1365 6
416 1339 467 1372 κθ¹,
481 1338 542 1364 ιΤοῦ
555 1338 732 1374 ὲγκαινισμοῦ
752 1339 800 1366 τοῦ
822 1338 906 1366 οἴκου·

113 1386 129 1411 6
140 1384 174 1416 λ’,
195 1384 364 1417 Ἐκστάσεως
376 1393 383 1400 ·
400 1385 414 1411 6
426 1385 476 1417 λα’,
486 1385 632 1416 Συνέσεως·
648 1385 662 1411 6
677 1383 726 1419 ληί,
748 1384 843 1411 Ὁπότε
858 1385 907 1419 ήλ-

113 1430 211 1457 λοίωσε
224 1431 255 1458 τὸ
268 1431 412 1467 πρόσωπον
427 1431 509 1458 αὐτοῦ
525 1431 644 1458 ἐναντίον
661 1431 821 1467 ’Λὸιμὲλεχ·
836 1431 906 1464 ὁλε’,

113 1477 162 1512 Τῷ
178 1477 262 1512 δούλῳ
277 1478 380 1513 Κυρίου
401 1477 441 1512 τῷ
457 1478 539 1504 Δαϐίδ
551 1486 558 1493 ·
582 1479 596 1504 6
619 1477 667 1510 λς’,
687 1477 734 1509 El;
757 1477 907 1513 ἀνάμνησιν

113 1523 181 1558 περὶ
201 1523 341 1550 Σαϐϐάτου
351 1532 358 1538 ·
376 1525 390 1551 6
411 1523 450 1559 μδ
460 1545 467 1557 ,
487 1523 573 1560 ’Υπὲρ
584 1523 638 1550 τῶν
652 1522 906 1559 ἁλλοιωθησομένων

111 1570 171 1600 τοῖς
184 1569 250 1600 υἱοῖς
268 1569 339 1604 Κορὲ
353 1569 393 1601 εἰς
406 1569 512 1596 σύνεσιν
520 1569 581 1605 ᾨδὴ
595 1569 666 1605 ὑπὲρ
679 1569 726 1596 τοῦ
745 1568 887 1604 ἀγαπητοῦ
897 1576 905 1584 ο
920 1585 941 1613 C

111 1616 128 1642 6
144 1615 195 1650 ξη’,
214 1615 299 1651 ’Υπὲρ
314 1615 368 1641 τῶν
380 1615 637 1650 ἀλλοιωθησομένων
648 1623 655 1630 ·
664 1616 679 1642 6
690 1613 737 1647 οϐ’,
758 1614 842 1650 ’Υπὲρ
853 1614 907 1642 τῶν

112 1661 372 1697 ἀλλοιωθησομένων
387 1660 534 1697 μαρτύριον
552 1661 621 1697 ὑπὲρ
636 1661 683 1687 τοῦ
703 1659 848 1696 ’Δσσυρίου
861 1669 868 1676 ·
891 1660 906 1686 6

111 1708 202 1740 v’,‘Ev
217 1707 255 1742 τῷ
275 1707 361 1734 ἐλθεῖν
383 1708 451 1743 πρὸς
473 1707 554 1733 αὑτὸν
579 1706 673 1734 Ναϐὰν
688 1706 734 1733 τὸν
751 1707 905 1742 προφήτην,

112 1753 197 1789 ἡνίκα
214 1753 321 1789 εἰσῆλθε
336 1753 404 1788 πρὸς
419 1752 571 1788 Βερσαϐεέ·
588 1753 602 1779 6
616 1756 665 1786 να’,
691 1753 736 1779 Ἐν
756 1753 795 1788 τῷ
819 1752 907 1779 ἐλθεῖν

111 1798 195 1834 Δωὴκ
208 1799 254 1826 τὸν
280 1799 439 1833 Ἰδουμαῖον,
455 1799 502 1825 καὶ
517 1799 677 1833 ἀναγγεῖλαι
693 1798 733 1835 τῷ
748 1798 845 1830 Σαοὺλ,
859 1799 906 1825 καὶ

111 1847 203 1873 εἰπεῖν
219 1845 304 1880 αὐτῷ,
326 1843 411 1872 Ἶιλθε
426 1845 509 1872 Δαὸὶδ
529 1846 568 1876 εἰς
585 1845 630 1872 τὸν
647 1843 722 1872 οἷκον
743 1845 903 1880 Ἀὁιμελέχ-

110 1894 127 1919 6
138 1892 189 1927 νβ’,
205 1892 290 1927 ’Υπὲρ
305 1891 410 1918 Μαελέθ
421 1900 430 1908 ·
445 1892 459 1917 ὁ
473 1895 524 1926 vf,
544 1892 588 1918 Ἐν
605 1892 644 1927 τῷ
666 1891 752 1918 ἐλθεῖν
774 1892 838 1923 τοὺς
860 1893 905 1918 Ζι-

111 1937 210 1971 φαιους
226 1937 273 1963 καὶ
296 1937 383 1963 εἰπεῖν
406 1937 444 1972 τῷ
468 1937 572 1970 Σαοὺλ,
594 1937 630 1963 Οὐ
653 1937 734 1964 Δαόὶδ
752 1937 905 1972 κέκρυπται

112 1981 179 2016 παρ’
204 1981 290 2016 ήμῖν;
307 1980 321 2006 6
337 1984 382 2013 vs’,
403 1980 499 2007 Ὁπότε
514 1981 669 2017 ἐκράτησαν
685 1981 765 2008 αὑτὸν
784 1983 808 2008 οι
829 1981 906 2008 ἁλλό-

113 2025 192 2060 φυλοι
205 2027 234 2052 ὲν
249 2025 316 2052 Γέθ·
331 2025 346 2050 ὀ
362 2030 414 2059 νς’,
431 2027 523 2062 Ἐντῷ
535 2027 615 2054 αὑτὸν
627 2028 836 2064 ἀποδιδράσκειν
851 2028 906 2055 ἀπὸ

112 2073 262 2109 προσώπου
287 2075 372 2102 Σαοὺλ
392 2076 432 2107 εἰς
456 2076 487 2103 τὸ
511 2076 642 2112 σπήλαιον
658 2085 666 2092 ·
691 2077 705 2104 6
728 2076 779 2111 νη’,
810 2076 904 2103 Ὁπότε

112 2120 258 2146 ἀπέστειλε
284 2121 371 2146 Σαοὺλ
391 2121 437 2147 καὶ
458 2121 573 2156 ἐφύλαξε
586 2122 632 2149 τὸν
656 2120 729 2149 οἷκον
745 2122 840 2155 αὑτοῦ,
855 2122 904 2150 τοῦ

113 2166 269 2193 θανατῶσαι
282 2167 363 2193 αὐτόν
375 2175 381 2181 ’
398 2168 412 2194 6
424 2167 473 2200 νθ’,
495 2168 591 2194 Ὁπότε
613 2168 757 2205 ἐνεπύρισε
778 2169 828 2204 τὴν
849 2169 905 2195 Με-

115 2213 282 2247 σοποταμίαν
309 2213 409 2248 Συρίας
425 2234 431 2244 ,
459 2215 507 2240 καὶ
529 2214 578 2250 τὴν
602 2214 702 2250 Συρίαν
727 2214 830 2247 Σωόὰλ,
857 2214 904 2241 καὶ

962 279 1007 312 50,
1020 279 1064 312 55,
1083 279 1128 312 58,
1147 279 1192 310 59,
1208 279 1253 311 40,
1269 278 1315 310 11,
1332 277 1376 311 15,
1389 278 1435 309 14,
1458 277 1502 312 45,
1518 277 1564 311 16,
1581 278 1626 311 ι8,
1641 279 1686 312 50,
1701 279 1746 314 51,

962 325 1007 357 52,
1024 326 1068 357 55,
1082 325 1126 357 51,
1140 325 1184 356 55,
1204 324 1249 356 56,
1269 324 1313 355 57.
1329 325 1373 356 58,
1394 324 1439 358 59,
1451 323 1496 357 60,
1519 324 1564 359 61,
1579 324 1622 358 65,
1639 325 1684 358 61,
1701 326 1746 360 65,

964 372 1008 403 66,
1024 372 1071 404 67,
1088 371 1133 404 68,
1147 371 1191 404 69,
1203 371 1246 403 71,
1256 370 1300 403 75,
1316 370 1360 402 76,
1373 371 1416 403 79,
1432 371 1476 404 80,
1491 371 1536 403 83,
1552 371 1596 403 81,
1613 371 1748 405 108,158,

966 417 1027 445 159.
1044 417 1095 450 Qui
1111 417 1221 445 Davidis
1237 422 1342 444 tantum
1358 421 1421 445 sunt
1435 417 1550 452 proprii,
1561 417 1590 445 lii
1605 422 1684 445 sunt:
1701 418 1747 450 25,

963 464 1009 498 26,
1028 464 1073 496 27,
1089 464 1124 491 56
1138 467 1165 491 et
1185 464 1245 491 151.
1265 463 1330 491 Post
1355 464 1511 491 universam
1537 463 1607 491 hanc
1634 464 1748 491 divisio-

962 518 1035 541 nem.
1055 511 1184 546 deinceps
1207 510 1394 538 necessarium
1425 514 1467 537 est
1496 511 1642 545 separatim
1667 511 1748 538 etiam

962 557 1146 593 quorumdam
1161 557 1328 592 psalmorum
1354 557 1547 592 inscriptiones
1571 565 1746 593 cognoscere.

963 603 1073 631 Primus
1093 603 1204 638 quidem
1227 606 1254 630 et
1273 601 1412 631 secundus
1435 602 1614 638 inscriptione
1636 608 1747 638 carent;

965 651 1063 678 tertius
1078 658 1144 678 vero
1162 650 1311 685 inscriptus
1325 653 1367 676 est
1383 657 1390 676 :
1411 658 1420 674 ι
1439 648 1576 681 Quandoa
1593 648 1662 677 facie
1679 650 1750 678 Abe—

963 697 1050 723 salom
1079 696 1128 723 lilii
1149 696 1192 724 sui
1212 695 1337 731 aufugit;
1360 695 1427 728 142,
1441 694 1556 728 Quando
1573 694 1643 722 [ilius
1659 694 1748 730 ipsum

962 746 1124 778 persecutus
1139 745 1198 775 est;
1215 742 1242 776 5,
1251 741 1305 768 Pro
1321 749 1352 768 ea
1364 748 1424 776 qua:
1438 740 1621 768 hereditatem
1633 741 1747 776 accipit;

963 790 979 817 6
993 794 1020 817 et
1034 790 1077 823 11,
1092 789 1145 816 Pro
1161 792 1272 822 octava;
1283 788 1308 820 7,
1318 787 1406 823 Super
1417 787 1590 815 sermonibus
1602 787 1687 816 Chusi
1701 788 1749 815 ﬁlii

962 836 1083 869 Jemeni;
1100 835 1127 867 8,
1139 834 1173 862 80
1191 837 1218 861 et
1234 834 1279 865 85,
1295 833 1348 860 Pro
1359 832 1558 866 torcularibus;
1577 832 1604 864 9,
1615 831 1669 860 Pro
1684 833 1747 860 abs-

962 881 1080 909 conditis
1104 879 1229 914 lilii;45,
1249 879 1302 906 Pro
1327 878 1514 911 absconditis;
1544 878 1586 910 15,
1621 877 1651 905 In
1675 878 1748 905 tituli

963 926 1171 961 inscriptionem
1182 934 1189 959 ;
1200 924 1234 952 16
1244 928 1271 953 et
1282 924 1327 957 85,
1337 923 1448 957 Oratio;
1463 923 1506 955 17,
1520 923 1635 956 Quando
1648 923 1750 958 eripuit

961 983 1023 1003 eum
1043 974 1176 1002 Dominus
1195 981 1211 1000 e
1227 981 1310 1000 manu
1325 971 1448 1000 omnium
1464 971 1637 998 inimicorum
1651 971 1747 1006 ipsius;

961 1020 1007 1052 21,
1025 1018 1078 1046 Pro
1091 1018 1267 1053 susceptione
1283 1016 1437 1050 matutina;
1450 1015 1496 1048 25,
1512 1015 1603 1042 Prima
1614 1014 1748 1042 Sabbato-

960 1074 1040 1100 rum;
1056 1065 1102 1098 26,
1124 1065 1277 1100 Antequam
1296 1067 1460 1098 angeretur;
1476 1061 1524 1094 28,
1543 1061 1639 1088 Exitus
1654 1061 1747 1088 taber-

960 1112 1068 1145 naculi;
1083 1111 1129 1145 29,
1142 1110 1171 1138 1η
1186 1109 1360 1138 dedicatione
1371 1108 1469 1135 domus
1479 1116 1486 1140 ;
1495 1106 1540 1139 50.
1551 1105 1746 1139 Exstasis;31,

960 1157 1137 1190 Intellectus;
1152 1156 1197 1188 55,
1211 1154 1328 1189 Quando
1339 1153 1454 1181 mutavit
1473 1152 1571 1180 faciem
1593 1159 1672 1179 suam
1685 1155 1748 1179 ante

959 1204 1118 1232 Abimelecb
1132 1213 1140 1237 ;
1159 1203 1204 1235 55,
1218 1202 1303 1230 Servo
1327 1200 1436 1228 Domini
1460 1199 1575 1232 Davidi;
1592 1199 1636 1232 57,
1649 1198 1690 1226 Ad
1705 1206 1748 1225 re.

960 1251 1185 1278 memorationem
1196 1248 1250 1276 diei
1263 1247 1374 1275 Sabbati
1386 1255 1394 1280 ;
1409 1246 1455 1278 44,
1464 1247 1518 1273 Pro
1530 1245 1744 1278 commutandis,

959 1295 994 1322 ad
1011 1295 1182 1323 intellectum
1200 1292 1264 1320 [iliis
1283 1291 1352 1319 Core
1368 1290 1513 1319 Canticum
1535 1298 1618 1326 super
1629 1289 1746 1323 dilecto;

959 1341 1003 1373 68.
1015 1340 1067 1368 Pro
1075 1338 1294 1371 commutandis;
1305 1338 1347 1369 79,
1356 1337 1409 1365 Pro
1419 1336 1619 1364 commutandis
1628 1336 1749 1363 testimo-

959 1387 1036 1414 nium
1052 1393 1134 1420 super
1146 1384 1260 1419 Assyrio
1271 1392 1281 1417 ί
1292 1383 1338 1415 50,
1354 1382 1422 1410 Cum
1435 1382 1556 1409 venisset
1570 1381 1604 1408 ad
1620 1389 1682 1409 eum
1694 1379 1748 1408 Na-

959 1433 1023 1460 than
1036 1431 1181 1467 propheta,
1193 1433 1341 1465 postquam
1351 1432 1426 1456 esset
1441 1428 1475 1455 ad
1490 1427 1624 1455 Bersabee
1641 1427 1747 1463 ingres~

958 1486 1021 1512 sus;
1039 1477 1084 1509 51,
1101 1477 1169 1504 Cum
1187 1476 1309 1503 venisset
1320 1473 1392 1502 Doec
1414 1473 1549 1501 ldumaeus
1565 1473 1599 1500 ad
1615 1473 1724 1501 Saulem
1737 1493 1745 1505 ,

957 1523 1167 1557 nuntiassetque
1190 1521 1229 1548 1111
1245 1528 1276 1548 ac
1295 1519 1430 1547 dixisset:
1444 1518 1524 1546 Venit
1545 1517 1630 1546 David
1646 1518 1746 1546 addo-

958 1576 1032 1596 mum
1047 1566 1220 1601 Abimelech;
1239 1566 1283 1598 52,
1307 1565 1394 1600 Super
1409 1564 1543 1598 Maeleth;
1557 1565 1601 1597 55,
1617 1565 1685 1592 Cum
1701 1573 1748 1592 ve-

959 1616 1066 1643 nissent
1081 1614 1114 1641 ad
1129 1612 1238 1641 Saulem
1254 1612 1368 1648 Zipbrei,
1382 1612 1477 1647 illique
1491 1611 1634 1643 dixissent,
1648 1611 1747 1640 Annon

957 1666 1000 1690 est
1013 1660 1192 1688 absconditus
1212 1659 1285 1695 apud
1307 1666 1359 1686 nos
1379 1658 1483 1686 David?
1496 1658 1542 1690 55,
1558 1657 1625 1684 Cum
1643 1657 1748 1685 tenuis-

958 1712 1019 1736 sent
1032 1715 1094 1736 eum
1116 1706 1249 1734 Philistaei
1272 1706 1300 1734 in
1316 1705 1404 1738 Geth;
1420 1705 1466 1738 56,
1483 1704 1551 1732 Cum
1570 1709 1634 1732 ante
1649 1704 1746 1732 faciem

959 1753 1051 1782 Saulis
1076 1754 1104 1780 in
1119 1753 1280 1788 speluncam
1305 1751 1439 1787 fugisset;
1458 1751 1503 1784 58,
1531 1751 1598 1778 Cum
1624 1751 1746 1778 misisset

957 1799 1034 1832 Saul,
1051 1799 1099 1834 qui
1113 1799 1225 1826 domum
1241 1797 1302 1833 ejus
1315 1797 1506 1829 observarent,
1523 1800 1554 1824 ut
1565 1803 1626 1824 eum
1638 1796 1746 1824 occide-

957 1849 1014 1878 ret;
1028 1844 1073 1877 59,
1089 1843 1158 1871 Cum
1178 1843 1351 1872 incendisset
1365 1841 1589 1877 Mesopotamiam
1608 1840 1703 1877 Syriae,
1719 1844 1747 1868 et

957 1890 1065 1926 Syriam
1093 1889 1186 1923 Sobal,
1209 1893 1237 1918 et
1266 1896 1395 1917 reversus
1420 1887 1489 1915 Joab
1510 1887 1692 1922 percussisset
1717 1886 1746 1914 in

956 1938 1027 1965 valle
1039 1937 1196 1965 Salinarum
1207 1936 1352 1964 duodecim
1365 1935 1468 1969 millia;
1482 1933 1528 1966 62,
1548 1933 1616 1961 Cum
1634 1937 1707 1961 esset
1717 1933 1746 1960 in

956 1983 1105 2012 solitudine
1133 1982 1274 2016 Idumaeas;
1298 1982 1344 2016 65,
1367 1980 1610 2014 Resurrectionis;
1635 1979 1679 2012 69,
1704 1978 1745 2005 Ad

956 2030 1225 2061 rememorationem,
1250 2027 1323 2064 quod
1349 2035 1393 2055 me
1418 2027 1568 2055 servaverit
1594 2025 1744 2058 Dominus;

957 2077 1001 2108 70,
1024 2075 1155 2103 Filiorum
1180 2075 1257 2108 Adin,
1284 2074 1408 2109 priorum
1440 2073 1629 2107 captivorum;
1655 2071 1699 2103 71,
1714 2069 1744 2097 In

957 2122 1149 2155 Salmnonem;
1167 2121 1211 2155 75,
1225 2121 1255 2148 In
1271 2121 1435 2157 Assyrium;
1454 2119 1499 2151 87,
1511 2118 1599 2153 Super
1615 2116 1742 2147 Maeletb,

955 2168 990 2195 ad
1008 2167 1228 2203 respondendum
1240 2175 1248 2198 ;
1261 2167 1306 2198 91,
1317 2166 1369 2194 Pro
1382 2166 1427 2193 die
1445 2164 1574 2198 Sabbati;
1589 2162 1634 2196 25,
1652 2162 1744 2189 Prima

957 2213 1160 2247 Sabbatorum;
1177 2213 1222 2245 92,
1243 2213 1273 2240 In
1290 2212 1361 2240 diem
1374 2215 1438 2240 ante
1453 2210 1615 2242 Sabbatum,
1633 2206 1743 2243 quando

114 2257 285 2294 ἀπέστρεψεν
306 2258 394 2290 ’1ωὰ6,
413 2260 460 2286 καὶ
481 2259 598 2292 ἐπάταξε
616 2260 645 2286 ὲν
659 2261 692 2296 τῇ
712 2260 833 2296 φάραγγι
847 2259 902 2287 τῶν

959 2259 1075 2287 nabitata
1092 2263 1134 2287 est
1151 2264 1240 2292 terra;
1260 2258 1305 2290 95,
1322 2257 1352 2285 1n
1365 2261 1462 2293 quarta
1483 2255 1609 2288 Sabbati;
1621 2253 1666 2286 95,
1675 2252 1743 2280 Cum

120 2303 204 2330 Ἀλῶν
230 2303 262 2338 ιβ’
279 2303 416 2339 χιλιάδας·
433 2305 448 2331 6
464 2305 512 2340 ξβ⁷,
534 2306 578 2333 Ἐν
593 2305 632 2341 τῷ
645 2303 714 2333 εἶναι
730 2306 811 2333 αὐτὸν
827 2306 857 2332 ὲν
868 2308 901 2342 τῇ

114 2347 211 2384 ἐρήμῳ
225 2348 275 2384 τῆς
301 2349 468 2385 Ἰδουμαίας·
485 2351 500 2376 ὁ
522 2350 567 2383 ξε’,
591 2351 797 2383 Ἀναστάσεως·
819 2352 833 2377 6
853 2350 902 2385 ἔθ’,

114 2393 162 2426 Et;
177 2394 339 2431 ἀνάμνησιν,
359 2397 400 2428 εἰς
413 2396 443 2423 1:6
459 2396 545 2423 σῶσαί
570 2405 603 2432 με
619 2397 736 2433 Κύριονι
763 2398 777 2424 6
794 2397 826 2429 0’,
843 2398 903 2424 Τῶν

114 2439 180 2467 υἱῶν
209 2441 295 2476 Ἀδὰμ
319 2440 329 2477 [
350 2442 503 2479 Ἰωναδὰδ]
526 2442 580 2470 τῶν
599 2443 715 2480 πρώτων
737 2443 904 2479 αἰχμαλωτι-

113 2486 232 2513 σθέντων
245 2495 252 2502 ·
269 2489 284 2514 6
300 2491 349 2519 01',
363 2489 410 2521 Et;
421 2490 566 2525 Σολομῶνα
579 2499 586 2506 ·
600 2491 614 2517 6
626 2494 671 2523 os',
690 2490 761 2526 Πρὸς
777 2491 822 2518 τὸν
842 2491 902 2517 Ἀσ-

113 2531 227 2566 σύριονι
251 2533 265 2559 6
288 2533 342 2566 πζ’,
364 2534 450 2570 Ὑπὲρ
469 2535 577 2562 Μαελὲο
594 2535 641 2562 τοῦ
667 2535 866 2572 ἁποκριθῆναι’
888 2537 902 2564 6

112 2579 167 2611 ltﬂ'.
191 2578 239 2610 Eis
253 2579 302 2615 τὴν
317 2581 422 2617 ἡμέραν
434 2581 482 2608 τοῦ
493 2581 632 2608 Σαϐϐάτου
645 2591 651 2596 ·
667 2583 682 2609 6
698 2585 750 2616 κγ’,
769 2582 824 2618 Τῆς
839 2584 903 2618 μιᾶς

109 2624 167 2650 τῶν
183 2625 345 2653 Σαϐϐάτων·
361 2628 375 2654 6
394 2628 447 2662 ιβ’,
465 2628 512 2660 Εἰς
523 2627 572 2664 τὴν
588 2628 695 2664 ἡμέραν
717 2628 763 2655 τοῦ
780 2629 900 2664 προσαδ-

955 2307 1053 2334 domus
1063 2305 1246 2333 aediﬁcaretur
1259 2308 1322 2340 post
1335 2303 1540 2339 captivitatem;
1555 2301 1599 2334 96.
1622 2300 1755 2334 Quandov

955 2351 1107 2379 constituta
1137 2354 1180 2379 est
1201 2350 1262 2386 ejus
1279 2354 1370 2383 terra;
1385 2349 1431 2382 99,
1452 2348 1494 2376 Ad
1520 2347 1741 2379 confessionem;

958 2398 1018 2428 101.
1037 2398 1165 2426 Precatio
1183 2397 1297 2434 pauperi
1318 2404 1381 2425 eum
1402 2396 1431 2423 in
1459 2394 1593 2430 angustiis
1607 2399 1689 2424 esset.
1716 2398 1743 2421 et

954 2444 1107 2472 orationem
1128 2451 1206 2472 suam
1227 2447 1292 2472 ante
1318 2443 1463 2471 Dominum
1492 2440 1658 2473 eﬂ‘underet;
1679 2439 1740 2472 141,

956 2490 1082 2518 Precatio
1098 2498 1161 2518 cum
1182 2495 1258 2519 esset
1276 2491 1305 2518 in
1331 2489 1478 2525 spelunca;
1492 2488 1553 2518 115,
1571 2486 1672 2514 Contra
1687 2484 1743 2513 Go-

957 2536 1043 2570 liath;
1062 2537 1108 2565 151
1121 2558 1129 2569 ,
1148 2536 1330 2564 Psalmushic
1346 2534 1522 2571 peculiariter
1537 2533 1643 2564 Davidi,
1654 2535 1682 2560 et
1694 2539 1742 2560 ex-

955 2587 998 2611 tra
1014 2591 1157 2610 numerum
1181 2584 1358 2619 reliquorum,
1373 2581 1482 2617 quando
1503 2579 1634 2616 singulari
1650 2582 1740 2606 certa-

956 2629 1029 2656 mine
1045 2636 1108 2655 cum
1121 2628 1229 2656 Golith
1242 2635 1408 2663 congressus
1421 2630 1472 2655 est.
1492 2635 1501 2652 )

112 2669 206 2701 σάτον,
233 2671 277 2698 ὅτε
292 2673 458 2708 κατῴκισται
474 2674 490 2708 ὴ
507 2674 542 2709 γῆ
555 2681 561 2688 ·
590 2675 643 2707 ἥγ’,
662 2673 775 2709 Τετρὰδι
792 2674 957 2700 Σαὸῦάτων·
979 2674 993 2699 6
1010 2675 1061 2707 1.,e’,
1079 2674 1143 2701 Ὅτε
1173 2671 1246 2706 οἶκος
1281 2673 1444 2708 ᾠκοδομεῖτο
1472 2671 1541 2708 πρὸς
1572 2671 1620 2706 τὴν
1642 2671 1741 2704 αἰχμα-

110 2715 212 2743 λωσίαν
223 2726 229 2732 ·
247 2717 261 2743 6
276 2720 332 2751 ις’,
351 2720 414 2745 Ὅτε
434 2720 451 2755 ἡ
473 2720 508 2755 γῆ
522 2719 603 2747 αὐτοῦ
617 2720 780 2747 καθίστατο·
801 2721 814 2747 6
840 2720 891 2753 Lf)’,
911 2720 984 2756 Πρὸς
1000 2720 1190 2757 ἐξομολόγησιν
1204 2731 1210 2737 ·
1228 2722 1242 2748 6
1252 2723 1304 2756 ρα’,
1320 2719 1460 2756 Προσευχὴ
1491 2718 1529 2754 τῷ
1552 2716 1652 2753 πτωχῷ
1677 2717 1740 2744 ὅταν

111 2762 260 2799 ἀκηδιάσῃ.
273 2764 320 2791 καὶ
334 2764 447 2792 ἐνώπιον
465 2766 566 2802 Κυρίου
582 2767 664 2803 ἐκχέῃ
678 2766 727 2802 τὴν
744 2767 835 2803 δέησιν
855 2767 955 2794 αὐτοῦ’
975 2768 988 2794 6
1008 2768 1081 2803 ρμα’,
1101 2767 1144 2793 Ἐν
1162 2766 1200 2802 τῷ
1227 2764 1296 2794 εἶναι
1311 2766 1391 2793 αὑτὸν
1417 2766 1446 2792 ὲν
1470 2764 1508 2800 τῷ
1521 2762 1644 2799 σπηλαίῳ
1658 2770 1741 2798 προσο-

112 2808 179 2842 ευχή
191 2817 198 2823 ⁹
229 2809 244 2834 ὁ
262 2812 335 2844 ρμγ’,
350 2811 421 2846 Πρὸς
434 2811 479 2838 τὸν
494 2812 513 2838 Γ
515 2812 589 2839 ολιάο
599 2821 606 2827 -
623 2813 637 2838 6
650 2815 717 2848 ρνα¹,
737 2813 903 2849 Ἰδιόγραφος
922 2811 999 2846 οὗτος
1017 2815 1032 2841 6
1049 2813 1154 2849 ψαλμδς
1173 2813 1219 2840 τοῦ
1233 2813 1325 2844 Δαϐιδ,
1338 2812 1385 2840 καὶ
1399 2811 1497 2844 ἔξωθεν
1528 2810 1575 2838 τοῦ
1602 2808 1718 2846 ἀριθμοῦ
1730 2827 1737 2840 ,

112 2852 158 2879 ὅτε
174 2854 365 2891 ἀμονομάχησι
379 2857 424 2883 τὸν
440 2857 545 2885 Γολιάϐ.
563 2867 572 2884 ι

157 2910 339 2947 ’Δναληπτέον
358 2912 406 2939 καὶ
426 2914 488 2948 περὶ
499 2914 544 2941 τοῦ
556 2914 748 2952 διαψάλματος,
765 2917 793 2942 ὲν
812 2915 899 2947 ποίοις

989 2914 1025 2942 Dc
1041 2913 1220 2949 diapsalmate
1235 2921 1343 2950 quoque
1365 2914 1535 2943 tractandum
1555 2916 1607 2946 est,
1629 2913 1656 2940 in
1674 2921 1738 2948 quin
