  <div class='ocr_page' id='page_1' title='image "/cluster/home/n/w/nwhite01/storage/ocr_20150623/28/njp.32101007506148/181.png"; bbox 0 0 1915 3057; ppageno 0'>
   <div class='ocr_carea' id='block_1_1' title="bbox 208 178 260 206">
    <p class='ocr_par' dir='ltr' id='par_1_1' title="bbox 208 178 260 206">
     <span class='ocr_line' id='line_1_1' title="bbox 208 178 260 206; baseline 0.019 -1"><span class='ocrx_word' id='word_1_1' title='bbox 208 178 260 206; x_wconf 74' lang='grc'><strong>559</strong></span> 
     </span>
    </p>
   </div>
   <div class='ocr_carea' id='block_1_2' title="bbox 785 179 1239 209">
    <p class='ocr_par' dir='ltr' id='par_1_2' title="bbox 785 179 1239 209">
     <span class='ocr_line' id='line_1_2' title="bbox 785 179 1239 209; baseline 0.004 -3"><span class='ocrx_word' id='word_1_2' title='bbox 785 179 813 206; x_wconf 88' lang='lat' dir='ltr'><strong>S.</strong></span> <span class='ocrx_word' id='word_1_3' title='bbox 832 179 1108 209; x_wconf 82' lang='lat' dir='ltr'><strong>ATHANASIUS.—</strong></span> <span class='ocrx_word' id='word_1_4' title='bbox 1128 180 1239 208; x_wconf 77' lang='lat' dir='ltr'><strong>DUBlA.</strong></span> 
     </span>
    </p>
   </div>
   <div class='ocr_carea' id='block_1_3' title="bbox 1768 183 1823 211">
    <p class='ocr_par' dir='ltr' id='par_1_3' title="bbox 1768 183 1823 211">
     <span class='ocr_line' id='line_1_3' title="bbox 1768 183 1823 211; baseline 0 0"><span class='ocrx_word' id='word_1_5' title='bbox 1768 183 1823 211; x_wconf 56' lang='lat'><strong>5&amp;0</strong></span> 
     </span>
    </p>
   </div>
   <div class='ocr_carea' id='block_1_4' title="bbox 208 237 989 277">
    <p class='ocr_par' dir='ltr' id='par_1_4' title="bbox 208 237 985 274">
     <span class='ocr_line' id='line_1_4' title="bbox 208 237 985 274; baseline 0.005 -11"><span class='ocrx_word' id='word_1_6' title='bbox 208 238 260 264; x_wconf 91' lang='lat' dir='ltr'><strong>bus</strong></span> <span class='ocrx_word' id='word_1_7' title='bbox 267 237 378 272; x_wconf 82' lang='lat' dir='ltr'><strong>psalmis</strong></span> <span class='ocrx_word' id='word_1_8' title='bbox 387 237 452 264; x_wconf 93' lang='lat' dir='ltr'><strong>illud</strong></span> <span class='ocrx_word' id='word_1_9' title='bbox 460 241 486 264; x_wconf 90' lang='lat' dir='ltr'><strong>et</strong></span> <span class='ocrx_word' id='word_1_10' title='bbox 492 238 599 272; x_wconf 82' lang='lat' dir='ltr'><strong>quoties</strong></span> <span class='ocrx_word' id='word_1_11' title='bbox 608 238 636 265; x_wconf 90' lang='lat' dir='ltr'><strong>in</strong></span> <span class='ocrx_word' id='word_1_12' title='bbox 646 245 810 274; x_wconf 89' lang='lat' dir='ltr'><strong>unoquoque</strong></span> <span class='ocrx_word' id='word_1_13' title='bbox 817 240 985 274; x_wconf 87' lang='lat' dir='ltr'><strong>inveniatur;</strong></span> 
     </span>
    </p>
   </div>
   <div class='ocr_carea' id='block_1_5' title="bbox 1042 237 1823 277">
    <p class='ocr_par' dir='ltr' id='par_1_5' title="bbox 1042 241 1823 277">
     <span class='ocr_line' id='line_1_5' title="bbox 1042 241 1823 277; baseline 0 -9"><span class='ocrx_word' id='word_1_14' title='bbox 1042 241 1085 268; x_wconf 72' lang='lat' dir='ltr'><strong>xui.</strong></span> <span class='ocrx_word' id='word_1_15' title='bbox 1098 241 1176 267; x_wconf 79' lang='grc' dir='ltr'>τοῦτο</span> <span class='ocrx_word' id='word_1_16' title='bbox 1188 241 1302 276; x_wconf 74' lang='grc' dir='ltr'>ψαλμοῖς</span> <span class='ocrx_word' id='word_1_17' title='bbox 1312 241 1530 276; x_wconf 77' lang='grc' dir='ltr'>εὑρίσκεται,καὶ</span> <span class='ocrx_word' id='word_1_18' title='bbox 1539 242 1653 273; x_wconf 84' lang='grc' dir='ltr'>ποσάκις</span> <span class='ocrx_word' id='word_1_19' title='bbox 1663 243 1691 268; x_wconf 78' lang='grc' dir='ltr'>ἑν</span> <span class='ocrx_word' id='word_1_20' title='bbox 1701 242 1823 277; x_wconf 69' lang='grc' dir='ltr'><strong>ἑκάστῳ,</strong></span> 
     </span>
    </p>
   </div>
   <div class='ocr_carea' id='block_1_6' title="bbox 209 284 989 321">
    <p class='ocr_par' dir='ltr' id='par_1_6' title="bbox 209 284 989 321">
     <span class='ocr_line' id='line_1_6' title="bbox 209 284 989 321; baseline 0.003 -10"><span class='ocrx_word' id='word_1_21' title='bbox 209 284 236 310; x_wconf 89' lang='lat' dir='ltr'><strong>iu</strong></span> <span class='ocrx_word' id='word_1_22' title='bbox 248 284 367 311; x_wconf 77' lang='lat' dir='ltr'><strong>seCundo</strong></span> <span class='ocrx_word' id='word_1_23' title='bbox 383 284 497 318; x_wconf 84' lang='lat' dir='ltr'><strong>psalmo,</strong></span> <span class='ocrx_word' id='word_1_24' title='bbox 513 284 614 318; x_wconf 84' lang='lat' dir='ltr'><strong>semel;</strong></span> <span class='ocrx_word' id='word_1_25' title='bbox 628 285 654 311; x_wconf 91' lang='lat' dir='ltr'><strong>in</strong></span> <span class='ocrx_word' id='word_1_26' title='bbox 664 285 755 317; x_wconf 85' lang='lat' dir='ltr'><strong>tertio,</strong></span> <span class='ocrx_word' id='word_1_27' title='bbox 769 285 828 318; x_wconf 86' lang='lat' dir='ltr'><strong>bis;</strong></span> <span class='ocrx_word' id='word_1_28' title='bbox 843 286 870 313; x_wconf 92' lang='lat' dir='ltr'><strong>in</strong></span> <span class='ocrx_word' id='word_1_29' title='bbox 881 291 989 321; x_wconf 85' lang='lat' dir='ltr'><strong>quarto,</strong></span> 
     </span>
    </p>
   </div>
   <div class='ocr_carea' id='block_1_7' title="bbox 208 330 991 367">
    <p class='ocr_par' dir='ltr' id='par_1_7' title="bbox 208 330 991 367">
     <span class='ocr_line' id='line_1_7' title="bbox 208 330 991 367; baseline 0.005 -11"><span class='ocrx_word' id='word_1_30' title='bbox 208 331 250 357; x_wconf 85' lang='lat' dir='ltr'><strong>bis</strong></span> <span class='ocrx_word' id='word_1_31' title='bbox 259 339 265 362; x_wconf 89' lang='lat'><strong>;</strong></span> <span class='ocrx_word' id='word_1_32' title='bbox 274 330 300 356; x_wconf 93' lang='lat' dir='ltr'><strong>in</strong></span> <span class='ocrx_word' id='word_1_33' title='bbox 310 330 434 365; x_wconf 89' lang='lat' dir='ltr'><strong>septimo,</strong></span> <span class='ocrx_word' id='word_1_34' title='bbox 446 330 545 364; x_wconf 87' lang='lat' dir='ltr'><strong>semel;</strong></span> <span class='ocrx_word' id='word_1_35' title='bbox 557 331 584 358; x_wconf 92' lang='lat' dir='ltr'><strong>in</strong></span> <span class='ocrx_word' id='word_1_36' title='bbox 593 332 819 364; x_wconf 85' lang='lat' dir='ltr'><strong>nono,canticum</strong></span> <span class='ocrx_word' id='word_1_37' title='bbox 829 332 991 367; x_wconf 85' lang='lat' dir='ltr'><strong>diapsalma-</strong></span> 
     </span>
    </p>
   </div>
   <div class='ocr_carea' id='block_1_8' title="bbox 208 376 989 412">
    <p class='ocr_par' dir='ltr' id='par_1_8' title="bbox 208 376 989 412">
     <span class='ocr_line' id='line_1_8' title="bbox 208 376 989 412; baseline 0.004 -10"><span class='ocrx_word' id='word_1_38' title='bbox 208 376 260 409; x_wconf 81' lang='lat' dir='ltr'><strong>tis;</strong></span> <span class='ocrx_word' id='word_1_39' title='bbox 272 376 352 408; x_wconf 67' lang='grc' dir='ltr'><strong>ὶυὲὅ,</strong></span> <span class='ocrx_word' id='word_1_40' title='bbox 364 377 446 404; x_wconf 85' lang='lat' dir='ltr'><strong>semel</strong></span> <span class='ocrx_word' id='word_1_41' title='bbox 457 385 464 409; x_wconf 89' lang='lat'><strong>;</strong></span> <span class='ocrx_word' id='word_1_42' title='bbox 474 377 501 403; x_wconf 92' lang='lat' dir='ltr'><strong>in</strong></span> <span class='ocrx_word' id='word_1_43' title='bbox 512 377 556 409; x_wconf 78' lang='grc'><strong>51,</strong></span> <span class='ocrx_word' id='word_1_44' title='bbox 567 377 609 405; x_wconf 85' lang='lat' dir='ltr'><strong>bis</strong></span> <span class='ocrx_word' id='word_1_45' title='bbox 619 386 626 410; x_wconf 86' lang='lat'><strong>;</strong></span> <span class='ocrx_word' id='word_1_46' title='bbox 637 377 663 404; x_wconf 89' lang='lat' dir='ltr'><strong>in</strong></span> <span class='ocrx_word' id='word_1_47' title='bbox 675 377 718 409; x_wconf 76' lang='grc'><strong>55,</strong></span> <span class='ocrx_word' id='word_1_48' title='bbox 729 378 813 405; x_wconf 88' lang='lat' dir='ltr'><strong>semel</strong></span> <span class='ocrx_word' id='word_1_49' title='bbox 823 387 830 411; x_wconf 87' lang='lat'><strong>;</strong></span> <span class='ocrx_word' id='word_1_50' title='bbox 839 378 866 405; x_wconf 90' lang='lat' dir='ltr'><strong>in</strong></span> <span class='ocrx_word' id='word_1_51' title='bbox 876 378 921 410; x_wconf 78' lang='lat'><strong>58,</strong></span> <span class='ocrx_word' id='word_1_52' title='bbox 930 379 989 412; x_wconf 89' lang='lat' dir='ltr'><strong>bis;</strong></span> 
     </span>
    </p>
   </div>
   <div class='ocr_carea' id='block_1_9' title="bbox 208 422 991 457">
    <p class='ocr_par' dir='ltr' id='par_1_9' title="bbox 208 422 991 457">
     <span class='ocr_line' id='line_1_9' title="bbox 208 422 991 457; baseline 0.004 -9"><span class='ocrx_word' id='word_1_53' title='bbox 208 422 236 448; x_wconf 89' lang='lat' dir='ltr'><strong>in</strong></span> <span class='ocrx_word' id='word_1_54' title='bbox 248 422 292 454; x_wconf 79' lang='grc'>45,</span> <span class='ocrx_word' id='word_1_55' title='bbox 307 422 404 454; x_wconf 86' lang='lat' dir='ltr'><strong>semel;</strong></span> <span class='ocrx_word' id='word_1_56' title='bbox 418 422 446 449; x_wconf 89' lang='lat' dir='ltr'><strong>in</strong></span> <span class='ocrx_word' id='word_1_57' title='bbox 471 422 517 454; x_wconf 72' lang='grc'><strong>45,</strong></span> <span class='ocrx_word' id='word_1_58' title='bbox 535 423 577 450; x_wconf 89' lang='lat' dir='ltr'><strong>bis</strong></span> <span class='ocrx_word' id='word_1_59' title='bbox 590 431 597 456; x_wconf 89' lang='lat'><strong>;</strong></span> <span class='ocrx_word' id='word_1_60' title='bbox 611 423 639 450; x_wconf 93' lang='lat' dir='ltr'><strong>in</strong></span> <span class='ocrx_word' id='word_1_61' title='bbox 655 423 702 455; x_wconf 69' lang='grc'><strong>46,</strong></span> <span class='ocrx_word' id='word_1_62' title='bbox 717 423 821 457; x_wconf 87' lang='lat' dir='ltr'><strong>semel;</strong></span> <span class='ocrx_word' id='word_1_63' title='bbox 842 424 869 451; x_wconf 93' lang='lat' dir='ltr'><strong>in</strong></span> <span class='ocrx_word' id='word_1_64' title='bbox 890 424 935 457; x_wconf 72' lang='grc'><strong>47,</strong></span> <span class='ocrx_word' id='word_1_65' title='bbox 949 432 991 451; x_wconf 87' lang='lat' dir='ltr'><strong>se-</strong></span> 
     </span>
    </p>
   </div>
   <div class='ocr_carea' id='block_1_10' title="bbox 207 468 989 504">
    <p class='ocr_par' dir='ltr' id='par_1_10' title="bbox 207 468 989 504">
     <span class='ocr_line' id='line_1_10' title="bbox 207 468 989 504; baseline 0.004 -9"><span class='ocrx_word' id='word_1_66' title='bbox 207 469 276 502; x_wconf 88' lang='lat' dir='ltr'><strong>mel;</strong></span> <span class='ocrx_word' id='word_1_67' title='bbox 293 470 320 496; x_wconf 93' lang='lat' dir='ltr'><strong>in</strong></span> <span class='ocrx_word' id='word_1_68' title='bbox 346 468 391 500; x_wconf 70' lang='lat'><strong>48,</strong></span> <span class='ocrx_word' id='word_1_69' title='bbox 416 469 477 503; x_wconf 85' lang='lat' dir='ltr'><strong>bis;</strong></span> <span class='ocrx_word' id='word_1_70' title='bbox 491 469 518 496; x_wconf 92' lang='lat' dir='ltr'><strong>in</strong></span> <span class='ocrx_word' id='word_1_71' title='bbox 534 469 579 502; x_wconf 82' lang='lat'><strong>51,</strong></span> <span class='ocrx_word' id='word_1_72' title='bbox 599 469 656 502; x_wconf 89' lang='lat' dir='ltr'><strong>bis;</strong></span> <span class='ocrx_word' id='word_1_73' title='bbox 672 469 698 496; x_wconf 94' lang='lat' dir='ltr'><strong>in</strong></span> <span class='ocrx_word' id='word_1_74' title='bbox 715 469 759 501; x_wconf 80' lang='lat'><strong>53,</strong></span> <span class='ocrx_word' id='word_1_75' title='bbox 779 471 880 504; x_wconf 83' lang='lat' dir='ltr'><strong>semel;</strong></span> <span class='ocrx_word' id='word_1_76' title='bbox 894 471 921 497; x_wconf 93' lang='lat' dir='ltr'><strong>in</strong></span> <span class='ocrx_word' id='word_1_77' title='bbox 945 471 989 503; x_wconf 68' lang='grc'><strong>54,</strong></span> 
     </span>
    </p>
   </div>
   <div class='ocr_carea' id='block_1_11' title="bbox 210 514 990 550">
    <p class='ocr_par' dir='ltr' id='par_1_11' title="bbox 210 514 990 550">
     <span class='ocr_line' id='line_1_11' title="bbox 210 514 990 550; baseline 0.001 -8"><span class='ocrx_word' id='word_1_78' title='bbox 210 515 249 542; x_wconf 88' lang='lat' dir='ltr'><strong>bis</strong></span> <span class='ocrx_word' id='word_1_79' title='bbox 264 523 271 548; x_wconf 91' lang='lat'><strong>;</strong></span> <span class='ocrx_word' id='word_1_80' title='bbox 285 514 313 541; x_wconf 89' lang='lat' dir='ltr'><strong>iu</strong></span> <span class='ocrx_word' id='word_1_81' title='bbox 329 515 374 545; x_wconf 85' lang='lat'><strong>56,</strong></span> <span class='ocrx_word' id='word_1_82' title='bbox 392 514 455 547; x_wconf 84' lang='lat' dir='ltr'><strong>bis;</strong></span> <span class='ocrx_word' id='word_1_83' title='bbox 471 516 499 542; x_wconf 91' lang='lat' dir='ltr'><strong>in</strong></span> <span class='ocrx_word' id='word_1_84' title='bbox 521 514 567 547; x_wconf 87' lang='lat'><strong>58,</strong></span> <span class='ocrx_word' id='word_1_85' title='bbox 583 515 643 547; x_wconf 88' lang='lat' dir='ltr'><strong>bis;</strong></span> <span class='ocrx_word' id='word_1_86' title='bbox 661 515 689 541; x_wconf 88' lang='lat' dir='ltr'><strong>in</strong></span> <span class='ocrx_word' id='word_1_87' title='bbox 715 514 760 546; x_wconf 79' lang='lat'><strong>59,</strong></span> <span class='ocrx_word' id='word_1_88' title='bbox 783 516 882 549; x_wconf 84' lang='lat' dir='ltr'><strong>semel;</strong></span> <span class='ocrx_word' id='word_1_89' title='bbox 902 515 930 542; x_wconf 91' lang='lat' dir='ltr'><strong>in</strong></span> <span class='ocrx_word' id='word_1_90' title='bbox 946 515 990 550; x_wconf 85' lang='lat'><strong>60,</strong></span> 
     </span>
    </p>
   </div>
   <div class='ocr_carea' id='block_1_12' title="bbox 207 558 991 594">
    <p class='ocr_par' dir='ltr' id='par_1_12' title="bbox 207 558 991 594">
     <span class='ocr_line' id='line_1_12' title="bbox 207 558 991 594; baseline 0.003 -8"><span class='ocrx_word' id='word_1_91' title='bbox 207 559 307 592; x_wconf 83' lang='lat' dir='ltr'><strong>semel;</strong></span> <span class='ocrx_word' id='word_1_92' title='bbox 323 559 351 586; x_wconf 88' lang='lat' dir='ltr'><strong>in</strong></span> <span class='ocrx_word' id='word_1_93' title='bbox 367 558 412 590; x_wconf 77' lang='grc'><strong>61,</strong></span> <span class='ocrx_word' id='word_1_94' title='bbox 427 559 488 592; x_wconf 88' lang='lat' dir='ltr'><strong>bis;</strong></span> <span class='ocrx_word' id='word_1_95' title='bbox 505 559 534 586; x_wconf 91' lang='lat' dir='ltr'><strong>in</strong></span> <span class='ocrx_word' id='word_1_96' title='bbox 556 559 600 589; x_wconf 80' lang='lat'><strong>65.</strong></span> <span class='ocrx_word' id='word_1_97' title='bbox 618 562 674 592; x_wconf 87' lang='lat' dir='ltr'><strong>ter;</strong></span> <span class='ocrx_word' id='word_1_98' title='bbox 698 559 725 586; x_wconf 92' lang='lat' dir='ltr'><strong>in</strong></span> <span class='ocrx_word' id='word_1_99' title='bbox 749 559 794 592; x_wconf 84' lang='lat'><strong>66,</strong></span> <span class='ocrx_word' id='word_1_100' title='bbox 811 559 870 593; x_wconf 90' lang='lat' dir='ltr'><strong>bis;</strong></span> <span class='ocrx_word' id='word_1_101' title='bbox 894 561 923 588; x_wconf 89' lang='lat' dir='ltr'><strong>in</strong></span> <span class='ocrx_word' id='word_1_102' title='bbox 943 560 991 594; x_wconf 78' lang='grc'><strong>67,</strong></span> 
     </span>
    </p>
   </div>
   <div class='ocr_carea' id='block_1_13' title="bbox 209 604 990 639">
    <p class='ocr_par' dir='ltr' id='par_1_13' title="bbox 209 604 990 639">
     <span class='ocr_line' id='line_1_13' title="bbox 209 604 990 639; baseline 0.003 -8"><span class='ocrx_word' id='word_1_103' title='bbox 209 608 324 638; x_wconf 88' lang='lat' dir='ltr'><strong>quater;</strong></span> <span class='ocrx_word' id='word_1_104' title='bbox 338 605 366 631; x_wconf 92' lang='lat' dir='ltr'><strong>in</strong></span> <span class='ocrx_word' id='word_1_105' title='bbox 382 604 534 637; x_wconf 68' lang='lat' dir='ltr'><strong>74,5emel;</strong></span> <span class='ocrx_word' id='word_1_106' title='bbox 551 605 578 631; x_wconf 95' lang='lat' dir='ltr'><strong>in</strong></span> <span class='ocrx_word' id='word_1_107' title='bbox 597 604 641 636; x_wconf 80' lang='lat'><strong>75,</strong></span> <span class='ocrx_word' id='word_1_108' title='bbox 657 605 716 636; x_wconf 79' lang='lat' dir='ltr'><strong>bis;</strong></span> <span class='ocrx_word' id='word_1_109' title='bbox 732 605 759 631; x_wconf 93' lang='lat' dir='ltr'><strong>in</strong></span> <span class='ocrx_word' id='word_1_110' title='bbox 778 604 821 637; x_wconf 82' lang='grc'><strong>76,</strong></span> <span class='ocrx_word' id='word_1_111' title='bbox 834 609 891 638; x_wconf 85' lang='lat' dir='ltr'><strong>ter;</strong></span> <span class='ocrx_word' id='word_1_112' title='bbox 906 606 933 633; x_wconf 94' lang='lat' dir='ltr'><strong>in</strong></span> <span class='ocrx_word' id='word_1_113' title='bbox 945 606 990 639; x_wconf 89' lang='lat'><strong>80,</strong></span> 
     </span>
    </p>
   </div>
   <div class='ocr_carea' id='block_1_14' title="bbox 207 649 990 685">
    <p class='ocr_par' dir='ltr' id='par_1_14' title="bbox 207 649 990 685">
     <span class='ocr_line' id='line_1_14' title="bbox 207 649 990 685; baseline 0.001 -8"><span class='ocrx_word' id='word_1_114' title='bbox 207 651 308 683; x_wconf 86' lang='lat' dir='ltr'><strong>semel;</strong></span> <span class='ocrx_word' id='word_1_115' title='bbox 327 650 355 677; x_wconf 89' lang='lat' dir='ltr'><strong>in</strong></span> <span class='ocrx_word' id='word_1_116' title='bbox 371 649 414 681; x_wconf 78' lang='lat'><strong>81,</strong></span> <span class='ocrx_word' id='word_1_117' title='bbox 432 649 577 685; x_wconf 87' lang='lat' dir='ltr'><strong>semel;_in</strong></span> <span class='ocrx_word' id='word_1_118' title='bbox 590 649 634 681; x_wconf 73' lang='lat'><strong>82,</strong></span> <span class='ocrx_word' id='word_1_119' title='bbox 647 649 748 682; x_wconf 84' lang='lat' dir='ltr'><strong>semel;</strong></span> <span class='ocrx_word' id='word_1_120' title='bbox 774 650 802 677; x_wconf 91' lang='lat' dir='ltr'><strong>iu</strong></span> <span class='ocrx_word' id='word_1_121' title='bbox 827 650 872 682; x_wconf 76' lang='lat'><strong>83,</strong></span> <span class='ocrx_word' id='word_1_122' title='bbox 891 651 990 684; x_wconf 88' lang='lat' dir='ltr'><strong>semel;</strong></span> 
     </span>
    </p>
   </div>
   <div class='ocr_carea' id='block_1_15' title="bbox 206 695 988 731">
    <p class='ocr_par' dir='ltr' id='par_1_15' title="bbox 206 695 988 731">
     <span class='ocr_line' id='line_1_15' title="bbox 206 695 988 731; baseline 0 -7"><span class='ocrx_word' id='word_1_123' title='bbox 206 697 234 723; x_wconf 87' lang='lat' dir='ltr'><strong>in</strong></span> <span class='ocrx_word' id='word_1_124' title='bbox 245 696 289 729; x_wconf 76' lang='grc'>84,</span> <span class='ocrx_word' id='word_1_125' title='bbox 306 696 407 729; x_wconf 88' lang='lat' dir='ltr'><strong>semel;</strong></span> <span class='ocrx_word' id='word_1_126' title='bbox 425 696 453 723; x_wconf 92' lang='lat' dir='ltr'><strong>in</strong></span> <span class='ocrx_word' id='word_1_127' title='bbox 475 695 519 728; x_wconf 86' lang='lat'><strong>86,</strong></span> <span class='ocrx_word' id='word_1_128' title='bbox 534 696 594 729; x_wconf 90' lang='lat' dir='ltr'><strong>bis;</strong></span> <span class='ocrx_word' id='word_1_129' title='bbox 611 696 639 722; x_wconf 90' lang='lat' dir='ltr'><strong>in</strong></span> <span class='ocrx_word' id='word_1_130' title='bbox 657 696 701 728; x_wconf 89' lang='lat'><strong>88,</strong></span> <span class='ocrx_word' id='word_1_131' title='bbox 720 696 880 731; x_wconf 86' lang='lat' dir='ltr'><strong>quinquies;</strong></span> <span class='ocrx_word' id='word_1_132' title='bbox 899 697 927 724; x_wconf 92' lang='lat' dir='ltr'><strong>in</strong></span> <span class='ocrx_word' id='word_1_133' title='bbox 944 697 988 730; x_wconf 81' lang='grc'><strong>95,</strong></span> 
     </span>
    </p>
   </div>
   <div class='ocr_carea' id='block_1_16' title="bbox 207 742 988 777">
    <p class='ocr_par' dir='ltr' id='par_1_16' title="bbox 207 742 988 777">
     <span class='ocr_line' id='line_1_16' title="bbox 207 742 988 777; baseline 0 -7"><span class='ocrx_word' id='word_1_134' title='bbox 207 743 311 776; x_wconf 88' lang='lat' dir='ltr'><strong>semel;</strong></span> <span class='ocrx_word' id='word_1_135' title='bbox 328 742 355 769; x_wconf 91' lang='lat' dir='ltr'><strong>in</strong></span> <span class='ocrx_word' id='word_1_136' title='bbox 372 742 433 774; x_wconf 80' lang='grc'><strong>159,</strong></span> <span class='ocrx_word' id='word_1_137' title='bbox 446 746 503 775; x_wconf 84' lang='lat' dir='ltr'><strong>ter;</strong></span> <span class='ocrx_word' id='word_1_138' title='bbox 522 743 550 769; x_wconf 93' lang='lat' dir='ltr'><strong>in</strong></span> <span class='ocrx_word' id='word_1_139' title='bbox 567 742 630 772; x_wconf 71' lang='lat'><strong>“2.</strong></span> <span class='ocrx_word' id='word_1_140' title='bbox 653 742 733 777; x_wconf 80' lang='lat'><strong>118</strong></span> <span class='ocrx_word' id='word_1_141' title='bbox 756 743 849 770; x_wconf 87' lang='lat' dir='ltr'><strong>semel.</strong></span> <span class='ocrx_word' id='word_1_142' title='bbox 876 742 988 770; x_wconf 91' lang='lat' dir='ltr'><strong>Demum</strong></span> 
     </span>
    </p>
   </div>
   <div class='ocr_carea' id='block_1_17' title="bbox 206 788 989 824">
    <p class='ocr_par' dir='ltr' id='par_1_17' title="bbox 206 788 989 824">
     <span class='ocr_line' id='line_1_17' title="bbox 206 788 989 824; baseline 0.001 -9"><span class='ocrx_word' id='word_1_143' title='bbox 206 792 342 823; x_wconf 82' lang='lat' dir='ltr'><strong>quatquot</strong></span> <span class='ocrx_word' id='word_1_144' title='bbox 354 796 401 822; x_wconf 89' lang='lat' dir='ltr'><strong>per</strong></span> <span class='ocrx_word' id='word_1_145' title='bbox 416 797 425 814; x_wconf 78' lang='grc' dir='ltr'><strong>ι</strong></span> <span class='ocrx_word' id='word_1_146' title='bbox 443 788 561 815; x_wconf 78' lang='lat' dir='ltr'><strong>Alleluia</strong></span> <span class='ocrx_word' id='word_1_147' title='bbox 585 797 595 813; x_wconf 66' lang='grc' dir='ltr'><strong>ι</strong></span> <span class='ocrx_word' id='word_1_148' title='bbox 611 788 811 821; x_wconf 80' lang='lat' dir='ltr'><strong>inscribuntur,</strong></span> <span class='ocrx_word' id='word_1_149' title='bbox 821 792 848 815; x_wconf 88' lang='lat' dir='ltr'><strong>et</strong></span> <span class='ocrx_word' id='word_1_150' title='bbox 866 789 912 823; x_wconf 86' lang='lat' dir='ltr'><strong>qui</strong></span> <span class='ocrx_word' id='word_1_151' title='bbox 927 797 989 824; x_wconf 76' lang='lat' dir='ltr'><strong>gra-</strong></span> 
     </span>
    </p>
   </div>
   <div class='ocr_carea' id='block_1_18' title="bbox 206 833 737 868">
    <p class='ocr_par' dir='ltr' id='par_1_18' title="bbox 206 833 737 868">
     <span class='ocr_line' id='line_1_18' title="bbox 206 833 737 868; baseline 0 -8"><span class='ocrx_word' id='word_1_152' title='bbox 206 835 290 860; x_wconf 94' lang='lat' dir='ltr'><strong>duum</strong></span> <span class='ocrx_word' id='word_1_153' title='bbox 306 837 380 863; x_wconf 90' lang='lat' dir='ltr'><strong>sunt.</strong></span> <span class='ocrx_word' id='word_1_154' title='bbox 397 834 546 868; x_wconf 87' lang='lat' dir='ltr'><strong>diapsalma</strong></span> <span class='ocrx_word' id='word_1_155' title='bbox 557 841 612 861; x_wconf 91' lang='lat' dir='ltr'><strong>non</strong></span> <span class='ocrx_word' id='word_1_156' title='bbox 627 833 737 861; x_wconf 90' lang='lat' dir='ltr'><strong>habent.</strong></span> 
     </span>
    </p>
   </div>
   <div class='ocr_carea' id='block_1_19' title="bbox 1041 286 1824 322">
    <p class='ocr_par' dir='ltr' id='par_1_19' title="bbox 1041 286 1824 322">
     <span class='ocr_line' id='line_1_19' title="bbox 1041 286 1824 322; baseline 0.001 -10"><span class='ocrx_word' id='word_1_157' title='bbox 1041 287 1070 314; x_wconf 83' lang='grc' dir='ltr'>ὲν</span> <span class='ocrx_word' id='word_1_158' title='bbox 1081 286 1119 322; x_wconf 83' lang='grc' dir='ltr'>τῷ</span> <span class='ocrx_word' id='word_1_159' title='bbox 1133 286 1166 321; x_wconf 87' lang='grc' dir='ltr'><strong>β’,</strong></span> <span class='ocrx_word' id='word_1_160' title='bbox 1180 286 1253 318; x_wconf 74' lang='grc' dir='ltr'>ἅπαξ</span> <span class='ocrx_word' id='word_1_161' title='bbox 1266 286 1332 321; x_wconf 74' lang='grc' dir='ltr'>ἔχει’</span> <span class='ocrx_word' id='word_1_162' title='bbox 1349 288 1378 313; x_wconf 83' lang='grc' dir='ltr'>ἐν</span> <span class='ocrx_word' id='word_1_163' title='bbox 1392 286 1431 321; x_wconf 84' lang='grc' dir='ltr'><strong>τῷ</strong></span> <span class='ocrx_word' id='word_1_164' title='bbox 1443 290 1478 321; x_wconf 90' lang='grc' dir='ltr'>γ’,</span> <span class='ocrx_word' id='word_1_165' title='bbox 1496 287 1536 318; x_wconf 80' lang='grc' dir='ltr'><strong>δὶς</strong></span> <span class='ocrx_word' id='word_1_166' title='bbox 1548 287 1614 322; x_wconf 78' lang='grc' dir='ltr'>ἔχει·</span> <span class='ocrx_word' id='word_1_167' title='bbox 1627 288 1656 313; x_wconf 78' lang='grc' dir='ltr'>ὲν</span> <span class='ocrx_word' id='word_1_168' title='bbox 1670 287 1708 322; x_wconf 81' lang='grc' dir='ltr'><strong>τῷ</strong></span> <span class='ocrx_word' id='word_1_169' title='bbox 1729 287 1759 319; x_wconf 82' lang='grc' dir='ltr'>δ’,</span> <span class='ocrx_word' id='word_1_170' title='bbox 1779 287 1824 318; x_wconf 74' lang='grc' dir='ltr'><strong>δὶς</strong></span> 
     </span>
    </p>
   </div>
   <div class='ocr_carea' id='block_1_20' title="bbox 1041 331 1825 368">
    <p class='ocr_par' dir='ltr' id='par_1_20' title="bbox 1041 331 1825 368">
     <span class='ocr_line' id='line_1_20' title="bbox 1041 331 1825 368; baseline 0 -10"><span class='ocrx_word' id='word_1_171' title='bbox 1041 332 1109 367; x_wconf 73' lang='grc' dir='ltr'>ἔχει·</span> <span class='ocrx_word' id='word_1_172' title='bbox 1124 333 1153 358; x_wconf 86' lang='grc' dir='ltr'>ὲν</span> <span class='ocrx_word' id='word_1_173' title='bbox 1171 331 1210 367; x_wconf 83' lang='grc' dir='ltr'><strong>τῷ</strong></span> <span class='ocrx_word' id='word_1_174' title='bbox 1225 332 1257 364; x_wconf 83' lang='grc' dir='ltr'>ζ’,</span> <span class='ocrx_word' id='word_1_175' title='bbox 1275 331 1347 365; x_wconf 81' lang='grc' dir='ltr'>ἅπαξ</span> <span class='ocrx_word' id='word_1_176' title='bbox 1364 331 1429 367; x_wconf 76' lang='grc' dir='ltr'>ἔχει·</span> <span class='ocrx_word' id='word_1_177' title='bbox 1448 333 1476 359; x_wconf 87' lang='grc' dir='ltr'>ὲν</span> <span class='ocrx_word' id='word_1_178' title='bbox 1493 332 1531 367; x_wconf 81' lang='grc' dir='ltr'><strong>τῷ</strong></span> <span class='ocrx_word' id='word_1_179' title='bbox 1546 331 1578 364; x_wconf 83' lang='grc' dir='ltr'><strong>θ’,</strong></span> <span class='ocrx_word' id='word_1_180' title='bbox 1592 332 1647 368; x_wconf 84' lang='grc' dir='ltr'><strong>ᾠδὴ</strong></span> <span class='ocrx_word' id='word_1_181' title='bbox 1669 332 1825 367; x_wconf 76' lang='grc' dir='ltr'>διαψάλμα-</span> 
     </span>
    </p>
   </div>
   <div class='ocr_carea' id='block_1_21' title="bbox 1040 377 1825 413">
    <p class='ocr_par' dir='ltr' id='par_1_21' title="bbox 1040 377 1825 413">
     <span class='ocr_line' id='line_1_21' title="bbox 1040 377 1825 413; baseline 0 -9"><span class='ocrx_word' id='word_1_182' title='bbox 1040 387 1095 409; x_wconf 81' lang='grc' dir='ltr'><strong>τος·</strong></span> <span class='ocrx_word' id='word_1_183' title='bbox 1114 378 1143 404; x_wconf 81' lang='grc' dir='ltr'>ὲν</span> <span class='ocrx_word' id='word_1_184' title='bbox 1156 377 1194 412; x_wconf 82' lang='grc' dir='ltr'><strong>τῷ</strong></span> <span class='ocrx_word' id='word_1_185' title='bbox 1211 381 1263 412; x_wconf 88' lang='grc' dir='ltr'><strong>κγ’,</strong></span> <span class='ocrx_word' id='word_1_186' title='bbox 1280 377 1353 409; x_wconf 63' lang='lat' dir='ltr'><strong>am:</strong></span> <span class='ocrx_word' id='word_1_187' title='bbox 1375 378 1431 413; x_wconf 83' lang='grc' dir='ltr'>ἔχει</span> <span class='ocrx_word' id='word_1_188' title='bbox 1444 387 1450 393; x_wconf 90' lang='grc'><strong>·</strong></span> <span class='ocrx_word' id='word_1_189' title='bbox 1468 379 1496 404; x_wconf 82' lang='grc' dir='ltr'>ὲν</span> <span class='ocrx_word' id='word_1_190' title='bbox 1511 377 1550 413; x_wconf 83' lang='grc' dir='ltr'><strong>τῷ</strong></span> <span class='ocrx_word' id='word_1_191' title='bbox 1570 377 1620 411; x_wconf 92' lang='grc' dir='ltr'>λα’,</span> <span class='ocrx_word' id='word_1_192' title='bbox 1635 378 1676 409; x_wconf 71' lang='grc' dir='ltr'>δὶς</span> <span class='ocrx_word' id='word_1_193' title='bbox 1695 377 1768 412; x_wconf 75' lang='grc' dir='ltr'>ἔχει·</span> <span class='ocrx_word' id='word_1_194' title='bbox 1792 377 1825 404; x_wconf 72' lang='grc' dir='ltr'>ἐν</span> 
     </span>
    </p>
   </div>
   <div class='ocr_carea' id='block_1_22' title="bbox 1041 422 1823 458">
    <p class='ocr_par' dir='ltr' id='par_1_22' title="bbox 1041 422 1823 458">
     <span class='ocr_line' id='line_1_22' title="bbox 1041 422 1823 458; baseline 0 -9"><span class='ocrx_word' id='word_1_195' title='bbox 1041 423 1079 458; x_wconf 84' lang='grc' dir='ltr'>τῷ</span> <span class='ocrx_word' id='word_1_196' title='bbox 1098 423 1149 456; x_wconf 87' lang='grc' dir='ltr'>λγ’,</span> <span class='ocrx_word' id='word_1_197' title='bbox 1164 423 1236 456; x_wconf 74' lang='grc' dir='ltr'><strong>ἅπαξ</strong></span> <span class='ocrx_word' id='word_1_198' title='bbox 1252 423 1307 458; x_wconf 77' lang='grc' dir='ltr'>ἔχει</span> <span class='ocrx_word' id='word_1_199' title='bbox 1320 432 1328 439; x_wconf 88' lang='grc'>·</span> <span class='ocrx_word' id='word_1_200' title='bbox 1345 424 1374 450; x_wconf 86' lang='grc' dir='ltr'>ὲν</span> <span class='ocrx_word' id='word_1_201' title='bbox 1392 423 1432 458; x_wconf 82' lang='grc' dir='ltr'><strong>τῷ</strong></span> <span class='ocrx_word' id='word_1_202' title='bbox 1452 423 1503 458; x_wconf 87' lang='grc' dir='ltr'>λη’,</span> <span class='ocrx_word' id='word_1_203' title='bbox 1518 423 1559 454; x_wconf 75' lang='grc' dir='ltr'>δ⁴ις</span> <span class='ocrx_word' id='word_1_204' title='bbox 1578 423 1644 458; x_wconf 79' lang='grc' dir='ltr'>ἔχει’</span> <span class='ocrx_word' id='word_1_205' title='bbox 1660 423 1688 449; x_wconf 81' lang='grc' dir='ltr'>ὲν</span> <span class='ocrx_word' id='word_1_206' title='bbox 1702 422 1741 457; x_wconf 83' lang='grc' dir='ltr'><strong>τῷ</strong></span> <span class='ocrx_word' id='word_1_207' title='bbox 1763 426 1823 458; x_wconf 84' lang='grc' dir='ltr'>μγ’,</span> 
     </span>
    </p>
   </div>
   <div class='ocr_carea' id='block_1_23' title="bbox 1041 467 1824 503">
    <p class='ocr_par' dir='ltr' id='par_1_23' title="bbox 1041 467 1824 503">
     <span class='ocr_line' id='line_1_23' title="bbox 1041 467 1824 503; baseline 0 -9"><span class='ocrx_word' id='word_1_208' title='bbox 1041 467 1116 499; x_wconf 71' lang='grc' dir='ltr'><strong>ἅπαξ</strong></span> <span class='ocrx_word' id='word_1_209' title='bbox 1129 468 1203 502; x_wconf 83' lang='grc' dir='ltr'>ἔχει·</span> <span class='ocrx_word' id='word_1_210' title='bbox 1228 469 1256 494; x_wconf 83' lang='grc' dir='ltr'>ὲν</span> <span class='ocrx_word' id='word_1_211' title='bbox 1272 467 1311 503; x_wconf 79' lang='grc' dir='ltr'>τῷ</span> <span class='ocrx_word' id='word_1_212' title='bbox 1329 471 1380 503; x_wconf 84' lang='grc' dir='ltr'>με’,</span> <span class='ocrx_word' id='word_1_213' title='bbox 1400 468 1440 500; x_wconf 73' lang='grc' dir='ltr'><strong>δὶς</strong></span> <span class='ocrx_word' id='word_1_214' title='bbox 1459 468 1516 503; x_wconf 81' lang='grc' dir='ltr'>ἕχει</span> <span class='ocrx_word' id='word_1_215' title='bbox 1528 477 1535 483; x_wconf 93' lang='grc'><strong>·</strong></span> <span class='ocrx_word' id='word_1_216' title='bbox 1554 470 1583 494; x_wconf 82' lang='grc' dir='ltr'>ὲν</span> <span class='ocrx_word' id='word_1_217' title='bbox 1604 468 1642 503; x_wconf 85' lang='grc' dir='ltr'>τῷ</span> <span class='ocrx_word' id='word_1_218' title='bbox 1666 471 1725 503; x_wconf 85' lang='grc' dir='ltr'>μς’,</span> <span class='ocrx_word' id='word_1_219' title='bbox 1747 468 1824 500; x_wconf 74' lang='grc' dir='ltr'>ἅπαξ</span> 
     </span>
    </p>
   </div>
   <div class='ocr_carea' id='block_1_24' title="bbox 1042 513 1824 550">
    <p class='ocr_par' dir='ltr' id='par_1_24' title="bbox 1042 513 1824 550">
     <span class='ocr_line' id='line_1_24' title="bbox 1042 513 1824 550; baseline 0.001 -11"><span class='ocrx_word' id='word_1_220' title='bbox 1042 513 1107 548; x_wconf 79' lang='grc' dir='ltr'>ἔχει·</span> <span class='ocrx_word' id='word_1_221' title='bbox 1122 514 1151 540; x_wconf 84' lang='grc' dir='ltr'>ὲν</span> <span class='ocrx_word' id='word_1_222' title='bbox 1166 514 1204 549; x_wconf 83' lang='grc' dir='ltr'>τῷ</span> <span class='ocrx_word' id='word_1_223' title='bbox 1221 514 1274 549; x_wconf 57' lang='grc' dir='ltr'><strong>μς,</strong></span> <span class='ocrx_word' id='word_1_224' title='bbox 1293 513 1366 546; x_wconf 73' lang='grc' dir='ltr'>ἅπαξ</span> <span class='ocrx_word' id='word_1_225' title='bbox 1383 514 1455 550; x_wconf 75' lang='grc' dir='ltr'>ἔχει·</span> <span class='ocrx_word' id='word_1_226' title='bbox 1475 515 1504 541; x_wconf 84' lang='grc' dir='ltr'>ὲν</span> <span class='ocrx_word' id='word_1_227' title='bbox 1516 514 1554 550; x_wconf 83' lang='grc' dir='ltr'><strong>τῷ</strong></span> <span class='ocrx_word' id='word_1_228' title='bbox 1573 518 1628 550; x_wconf 90' lang='grc' dir='ltr'>μη’,</span> <span class='ocrx_word' id='word_1_229' title='bbox 1644 514 1684 546; x_wconf 74' lang='grc' dir='ltr'>δὶς</span> <span class='ocrx_word' id='word_1_230' title='bbox 1697 514 1752 550; x_wconf 76' lang='grc' dir='ltr'>ἔχει</span> <span class='ocrx_word' id='word_1_231' title='bbox 1766 522 1773 530; x_wconf 89' lang='grc'><strong>·</strong></span> <span class='ocrx_word' id='word_1_232' title='bbox 1793 515 1824 540; x_wconf 65' lang='grc' dir='ltr'>ἐν</span> 
     </span>
    </p>
   </div>
   <div class='ocr_carea' id='block_1_25' title="bbox 1041 559 1825 596">
    <p class='ocr_par' dir='ltr' id='par_1_25' title="bbox 1041 559 1825 596">
     <span class='ocr_line' id='line_1_25' title="bbox 1041 559 1825 596; baseline 0 -10"><span class='ocrx_word' id='word_1_233' title='bbox 1041 559 1080 596; x_wconf 79' lang='grc' dir='ltr'><strong>τῷ</strong></span> <span class='ocrx_word' id='word_1_234' title='bbox 1097 563 1146 592; x_wconf 74' lang='lat' dir='ltr'><strong>va’,</strong></span> <span class='ocrx_word' id='word_1_235' title='bbox 1166 560 1206 591; x_wconf 72' lang='grc' dir='ltr'><strong>δὶς</strong></span> <span class='ocrx_word' id='word_1_236' title='bbox 1218 559 1289 594; x_wconf 76' lang='grc' dir='ltr'>ἔχει·</span> <span class='ocrx_word' id='word_1_237' title='bbox 1312 561 1340 586; x_wconf 85' lang='grc' dir='ltr'>ὲν</span> <span class='ocrx_word' id='word_1_238' title='bbox 1359 559 1396 595; x_wconf 79' lang='grc' dir='ltr'><strong>τῷ</strong></span> <span class='ocrx_word' id='word_1_239' title='bbox 1419 563 1470 593; x_wconf 81' lang='grc' dir='ltr'>νγ’,</span> <span class='ocrx_word' id='word_1_240' title='bbox 1493 560 1566 593; x_wconf 80' lang='grc' dir='ltr'>ἆπαξ</span> <span class='ocrx_word' id='word_1_241' title='bbox 1584 560 1654 596; x_wconf 75' lang='grc' dir='ltr'>ἔχει·</span> <span class='ocrx_word' id='word_1_242' title='bbox 1671 561 1700 586; x_wconf 82' lang='grc' dir='ltr'>ὲν</span> <span class='ocrx_word' id='word_1_243' title='bbox 1719 559 1758 595; x_wconf 83' lang='grc' dir='ltr'><strong>τῷ</strong></span> <span class='ocrx_word' id='word_1_244' title='bbox 1772 560 1825 591; x_wconf 75' lang='grc' dir='ltr'>νϐ’,</span> 
     </span>
    </p>
   </div>
   <div class='ocr_carea' id='block_1_26' title="bbox 1042 604 1823 640">
    <p class='ocr_par' dir='ltr' id='par_1_26' title="bbox 1042 604 1823 640">
     <span class='ocr_line' id='line_1_26' title="bbox 1042 604 1823 640; baseline 0.001 -10"><span class='ocrx_word' id='word_1_245' title='bbox 1042 604 1083 635; x_wconf 76' lang='grc' dir='ltr'><strong>δὶς</strong></span> <span class='ocrx_word' id='word_1_246' title='bbox 1096 604 1162 638; x_wconf 78' lang='grc' dir='ltr'>ἔχει·</span> <span class='ocrx_word' id='word_1_247' title='bbox 1179 605 1206 630; x_wconf 80' lang='grc' dir='ltr'>ὲν</span> <span class='ocrx_word' id='word_1_248' title='bbox 1222 604 1260 639; x_wconf 84' lang='grc' dir='ltr'><strong>τῷ</strong></span> <span class='ocrx_word' id='word_1_249' title='bbox 1275 608 1327 637; x_wconf 77' lang='grc' dir='ltr'>νς’,</span> <span class='ocrx_word' id='word_1_250' title='bbox 1349 605 1390 636; x_wconf 78' lang='grc' dir='ltr'>δὶς</span> <span class='ocrx_word' id='word_1_251' title='bbox 1412 604 1480 640; x_wconf 81' lang='grc' dir='ltr'>ἔχει’</span> <span class='ocrx_word' id='word_1_252' title='bbox 1504 606 1533 631; x_wconf 80' lang='grc' dir='ltr'>ὲν</span> <span class='ocrx_word' id='word_1_253' title='bbox 1555 605 1594 639; x_wconf 83' lang='grc' dir='ltr'><strong>τῷ</strong></span> <span class='ocrx_word' id='word_1_254' title='bbox 1616 608 1666 640; x_wconf 64' lang='grc' dir='ltr'>νην,</span> <span class='ocrx_word' id='word_1_255' title='bbox 1686 605 1727 636; x_wconf 72' lang='grc' dir='ltr'><strong>δὶς</strong></span> <span class='ocrx_word' id='word_1_256' title='bbox 1744 605 1823 640; x_wconf 75' lang='grc' dir='ltr'>ἔχει·</span> 
     </span>
    </p>
   </div>
   <div class='ocr_carea' id='block_1_27' title="bbox 1043 649 1825 686">
    <p class='ocr_par' dir='ltr' id='par_1_27' title="bbox 1043 649 1825 686">
     <span class='ocr_line' id='line_1_27' title="bbox 1043 649 1825 686; baseline 0 -10"><span class='ocrx_word' id='word_1_257' title='bbox 1043 650 1072 676; x_wconf 77' lang='grc' dir='ltr'>ὲν</span> <span class='ocrx_word' id='word_1_258' title='bbox 1087 649 1126 685; x_wconf 80' lang='grc' dir='ltr'><strong>τῷ</strong></span> <span class='ocrx_word' id='word_1_259' title='bbox 1141 650 1188 681; x_wconf 72' lang='lat' dir='ltr'><strong>ve’,</strong></span> <span class='ocrx_word' id='word_1_260' title='bbox 1200 650 1273 682; x_wconf 74' lang='grc' dir='ltr'><strong>ἅπαξ</strong></span> <span class='ocrx_word' id='word_1_261' title='bbox 1285 650 1340 685; x_wconf 78' lang='grc' dir='ltr'>ἔχει</span> <span class='ocrx_word' id='word_1_262' title='bbox 1353 659 1359 665; x_wconf 78' lang='lat'>&#39;</span> <span class='ocrx_word' id='word_1_263' title='bbox 1377 651 1406 677; x_wconf 85' lang='grc' dir='ltr'>ὲν</span> <span class='ocrx_word' id='word_1_264' title='bbox 1416 650 1455 685; x_wconf 84' lang='grc' dir='ltr'>τῷ</span> <span class='ocrx_word' id='word_1_265' title='bbox 1466 650 1497 683; x_wconf 82' lang='grc' dir='ltr'><strong>ξ’,</strong></span> <span class='ocrx_word' id='word_1_266' title='bbox 1512 650 1584 682; x_wconf 78' lang='grc' dir='ltr'>ἅπαξ</span> <span class='ocrx_word' id='word_1_267' title='bbox 1595 650 1650 686; x_wconf 79' lang='grc' dir='ltr'>ἔχει</span> <span class='ocrx_word' id='word_1_268' title='bbox 1662 659 1668 665; x_wconf 94' lang='grc'><strong>·</strong></span> <span class='ocrx_word' id='word_1_269' title='bbox 1683 652 1711 677; x_wconf 82' lang='grc' dir='ltr'>ὲν</span> <span class='ocrx_word' id='word_1_270' title='bbox 1722 650 1760 686; x_wconf 82' lang='grc' dir='ltr'>τῷ</span> <span class='ocrx_word' id='word_1_271' title='bbox 1771 649 1825 683; x_wconf 81' lang='grc' dir='ltr'>ξα’,</span> 
     </span>
    </p>
   </div>
   <div class='ocr_carea' id='block_1_28' title="bbox 1043 696 1826 733">
    <p class='ocr_par' dir='ltr' id='par_1_28' title="bbox 1043 696 1826 733">
     <span class='ocr_line' id='line_1_28' title="bbox 1043 696 1826 733; baseline 0.001 -11"><span class='ocrx_word' id='word_1_272' title='bbox 1043 696 1084 727; x_wconf 77' lang='grc' dir='ltr'><strong>δὶς</strong></span> <span class='ocrx_word' id='word_1_273' title='bbox 1097 696 1164 731; x_wconf 78' lang='grc' dir='ltr'>ἔχει·</span> <span class='ocrx_word' id='word_1_274' title='bbox 1179 697 1207 722; x_wconf 83' lang='grc' dir='ltr'>ὲν</span> <span class='ocrx_word' id='word_1_275' title='bbox 1219 697 1257 732; x_wconf 73' lang='grc' dir='ltr'><strong>τῷ</strong></span> <span class='ocrx_word' id='word_1_276' title='bbox 1274 697 1319 729; x_wconf 84' lang='grc' dir='ltr'>ξε¹,</span> <span class='ocrx_word' id='word_1_277' title='bbox 1337 698 1396 732; x_wconf 79' lang='grc' dir='ltr'><strong>τρὶς</strong></span> <span class='ocrx_word' id='word_1_278' title='bbox 1408 697 1463 732; x_wconf 77' lang='grc' dir='ltr'>ἔχει</span> <span class='ocrx_word' id='word_1_279' title='bbox 1473 706 1480 713; x_wconf 93' lang='grc'><strong>·</strong></span> <span class='ocrx_word' id='word_1_280' title='bbox 1497 699 1526 724; x_wconf 83' lang='grc' dir='ltr'>ὲν</span> <span class='ocrx_word' id='word_1_281' title='bbox 1539 697 1578 733; x_wconf 82' lang='grc' dir='ltr'>τῷ</span> <span class='ocrx_word' id='word_1_282' title='bbox 1592 697 1644 730; x_wconf 59' lang='grc' dir='ltr'><strong>ξς,</strong></span> <span class='ocrx_word' id='word_1_283' title='bbox 1655 698 1694 729; x_wconf 79' lang='grc' dir='ltr'><strong>δὶς</strong></span> <span class='ocrx_word' id='word_1_284' title='bbox 1708 697 1763 732; x_wconf 76' lang='grc' dir='ltr'>ἔχει</span> <span class='ocrx_word' id='word_1_285' title='bbox 1773 706 1780 713; x_wconf 86' lang='grc'><strong>·</strong></span> <span class='ocrx_word' id='word_1_286' title='bbox 1794 698 1826 723; x_wconf 64' lang='grc' dir='ltr'>ἐν</span> 
     </span>
    </p>
   </div>
   <div class='ocr_carea' id='block_1_29' title="bbox 1042 742 1827 778">
    <p class='ocr_par' dir='ltr' id='par_1_29' title="bbox 1042 742 1827 778">
     <span class='ocr_line' id='line_1_29' title="bbox 1042 742 1827 778; baseline 0 -9"><span class='ocrx_word' id='word_1_287' title='bbox 1042 742 1082 776; x_wconf 83' lang='grc' dir='ltr'>τῷ</span> <span class='ocrx_word' id='word_1_288' title='bbox 1096 742 1143 775; x_wconf 76' lang='grc' dir='ltr'>ξςι,</span> <span class='ocrx_word' id='word_1_289' title='bbox 1161 744 1290 778; x_wconf 78' lang='grc' dir='ltr'>τετράκις</span> <span class='ocrx_word' id='word_1_290' title='bbox 1303 743 1358 778; x_wconf 80' lang='grc' dir='ltr'>ἔχει</span> <span class='ocrx_word' id='word_1_291' title='bbox 1371 752 1377 758; x_wconf 93' lang='grc'><strong>·</strong></span> <span class='ocrx_word' id='word_1_292' title='bbox 1391 744 1419 770; x_wconf 87' lang='grc' dir='ltr'>ὲν</span> <span class='ocrx_word' id='word_1_293' title='bbox 1438 743 1477 778; x_wconf 80' lang='grc' dir='ltr'><strong>τῷ</strong></span> <span class='ocrx_word' id='word_1_294' title='bbox 1494 743 1539 776; x_wconf 86' lang='grc' dir='ltr'>οδ’,</span> <span class='ocrx_word' id='word_1_295' title='bbox 1555 743 1627 777; x_wconf 76' lang='grc' dir='ltr'><strong>ἅπαξ</strong></span> <span class='ocrx_word' id='word_1_296' title='bbox 1643 743 1716 778; x_wconf 82' lang='grc' dir='ltr'>ἔχει·</span> <span class='ocrx_word' id='word_1_297' title='bbox 1734 744 1762 769; x_wconf 80' lang='grc' dir='ltr'>ὲν</span> <span class='ocrx_word' id='word_1_298' title='bbox 1784 744 1827 778; x_wconf 71' lang='grc' dir='ltr'><strong>τῷ</strong></span> 
     </span>
    </p>
   </div>
   <div class='ocr_carea' id='block_1_30' title="bbox 1041 785 1827 825">
    <p class='ocr_par' dir='ltr' id='par_1_30' title="bbox 1041 785 1827 825">
     <span class='ocr_line' id='line_1_30' title="bbox 1041 785 1827 825; baseline 0.001 -11"><span class='ocrx_word' id='word_1_299' title='bbox 1041 791 1086 820; x_wconf 88' lang='grc' dir='ltr'>οε’,</span> <span class='ocrx_word' id='word_1_300' title='bbox 1108 788 1148 819; x_wconf 71' lang='grc' dir='ltr'><strong>δὶς</strong></span> <span class='ocrx_word' id='word_1_301' title='bbox 1164 785 1236 823; x_wconf 81' lang='grc' dir='ltr'>ἔχει·</span> <span class='ocrx_word' id='word_1_302' title='bbox 1254 789 1282 815; x_wconf 81' lang='grc' dir='ltr'>ἐν</span> <span class='ocrx_word' id='word_1_303' title='bbox 1298 788 1336 824; x_wconf 82' lang='grc' dir='ltr'><strong>τῷ</strong></span> <span class='ocrx_word' id='word_1_304' title='bbox 1352 793 1404 822; x_wconf 83' lang='grc' dir='ltr'>ος’,</span> <span class='ocrx_word' id='word_1_305' title='bbox 1423 790 1483 824; x_wconf 75' lang='grc' dir='ltr'>τρὶς</span> <span class='ocrx_word' id='word_1_306' title='bbox 1503 789 1569 825; x_wconf 78' lang='grc' dir='ltr'>ἔχει·</span> <span class='ocrx_word' id='word_1_307' title='bbox 1588 790 1616 815; x_wconf 77' lang='grc' dir='ltr'>ἐν</span> <span class='ocrx_word' id='word_1_308' title='bbox 1638 789 1676 824; x_wconf 81' lang='grc' dir='ltr'><strong>τῷ</strong></span> <span class='ocrx_word' id='word_1_309' title='bbox 1695 792 1731 821; x_wconf 89' lang='grc' dir='ltr'>π’,</span> <span class='ocrx_word' id='word_1_310' title='bbox 1749 789 1827 821; x_wconf 72' lang='grc' dir='ltr'><strong>ἅπαξ</strong></span> 
     </span>
    </p>
   </div>
   <div class='ocr_carea' id='block_1_31' title="bbox 1042 834 1824 871">
    <p class='ocr_par' dir='ltr' id='par_1_31' title="bbox 1042 834 1824 871">
     <span class='ocr_line' id='line_1_31' title="bbox 1042 834 1824 871; baseline 0.001 -11"><span class='ocrx_word' id='word_1_311' title='bbox 1042 834 1097 869; x_wconf 74' lang='grc' dir='ltr'>ἔχει</span> <span class='ocrx_word' id='word_1_312' title='bbox 1109 843 1116 850; x_wconf 86' lang='grc'><strong>·</strong></span> <span class='ocrx_word' id='word_1_313' title='bbox 1133 835 1161 860; x_wconf 77' lang='grc' dir='ltr'>ἐν</span> <span class='ocrx_word' id='word_1_314' title='bbox 1175 834 1214 869; x_wconf 85' lang='grc' dir='ltr'><strong>τῷ</strong></span> <span class='ocrx_word' id='word_1_315' title='bbox 1230 838 1286 868; x_wconf 82' lang='grc' dir='ltr'>πα’,</span> <span class='ocrx_word' id='word_1_316' title='bbox 1305 834 1379 866; x_wconf 73' lang='grc' dir='ltr'><strong>ἅπαξ</strong></span> <span class='ocrx_word' id='word_1_317' title='bbox 1397 834 1468 870; x_wconf 79' lang='grc' dir='ltr'>ἔχει·</span> <span class='ocrx_word' id='word_1_318' title='bbox 1487 836 1515 861; x_wconf 84' lang='grc' dir='ltr'>ὲν</span> <span class='ocrx_word' id='word_1_319' title='bbox 1528 835 1571 871; x_wconf 66' lang='grc' dir='ltr'><strong>,τῷ</strong></span> <span class='ocrx_word' id='word_1_320' title='bbox 1586 835 1641 870; x_wconf 68' lang='grc' dir='ltr'>φιβ’,</span> <span class='ocrx_word' id='word_1_321' title='bbox 1658 835 1730 867; x_wconf 75' lang='grc' dir='ltr'>ἅπαξ</span> <span class='ocrx_word' id='word_1_322' title='bbox 1749 835 1824 870; x_wconf 78' lang='grc' dir='ltr'>ἔχει·</span> 
     </span>
    </p>
   </div>
   <div class='ocr_carea' id='block_1_32' title="bbox 207 879 1824 917">
    <p class='ocr_par' dir='ltr' id='par_1_32' title="bbox 207 879 1824 917">
     <span class='ocr_line' id='line_1_32' title="bbox 207 879 1824 917; baseline 0.002 -12"><span class='ocrx_word' id='word_1_323' title='bbox 207 881 235 905; x_wconf 77' lang='grc' dir='ltr'>ἐν</span> <span class='ocrx_word' id='word_1_324' title='bbox 249 879 288 914; x_wconf 82' lang='grc' dir='ltr'><strong>τῷ</strong></span> <span class='ocrx_word' id='word_1_325' title='bbox 302 883 356 914; x_wconf 62' lang='lat' dir='ltr'><strong>an”,</strong></span> <span class='ocrx_word' id='word_1_326' title='bbox 371 880 444 913; x_wconf 75' lang='grc' dir='ltr'>ἅπαξ</span> <span class='ocrx_word' id='word_1_327' title='bbox 459 880 532 915; x_wconf 79' lang='grc' dir='ltr'>ἔχει·</span> <span class='ocrx_word' id='word_1_328' title='bbox 553 881 582 907; x_wconf 77' lang='grc' dir='ltr'>ἐν</span> <span class='ocrx_word' id='word_1_329' title='bbox 601 879 640 915; x_wconf 84' lang='grc' dir='ltr'><strong>τῷ</strong></span> <span class='ocrx_word' id='word_1_330' title='bbox 653 879 704 912; x_wconf 88' lang='grc' dir='ltr'>πδ’,</span> <span class='ocrx_word' id='word_1_331' title='bbox 723 880 795 912; x_wconf 75' lang='grc' dir='ltr'><strong>ἅπαξ</strong></span> <span class='ocrx_word' id='word_1_332' title='bbox 815 880 886 916; x_wconf 78' lang='grc' dir='ltr'>ἔχει·</span> <span class='ocrx_word' id='word_1_333' title='bbox 906 881 936 907; x_wconf 84' lang='grc' dir='ltr'>ὲν</span> <span class='ocrx_word' id='word_1_334' title='bbox 949 880 988 916; x_wconf 81' lang='grc' dir='ltr'><strong>τῷ</strong></span> <span class='ocrx_word' id='word_1_335' title='bbox 1007 884 1066 913; x_wconf 70' lang='grc' dir='ltr'>σις’,</span> <span class='ocrx_word' id='word_1_336' title='bbox 1081 881 1121 912; x_wconf 66' lang='grc' dir='ltr'><strong>δὶς</strong></span> <span class='ocrx_word' id='word_1_337' title='bbox 1137 881 1194 916; x_wconf 78' lang='grc' dir='ltr'>ἕχει</span> <span class='ocrx_word' id='word_1_338' title='bbox 1207 889 1214 896; x_wconf 90' lang='grc'><strong>·</strong></span> <span class='ocrx_word' id='word_1_339' title='bbox 1227 881 1255 908; x_wconf 80' lang='grc' dir='ltr'>ὲν</span> <span class='ocrx_word' id='word_1_340' title='bbox 1269 881 1308 917; x_wconf 77' lang='grc' dir='ltr'><strong>τῷ</strong></span> <span class='ocrx_word' id='word_1_341' title='bbox 1332 885 1388 917; x_wconf 64' lang='grc' dir='ltr'>σπη’,</span> <span class='ocrx_word' id='word_1_342' title='bbox 1404 882 1532 913; x_wconf 83' lang='grc' dir='ltr'>πεντάκις</span> <span class='ocrx_word' id='word_1_343' title='bbox 1555 881 1610 917; x_wconf 78' lang='grc' dir='ltr'>ἔχει</span> <span class='ocrx_word' id='word_1_344' title='bbox 1627 891 1633 897; x_wconf 90' lang='grc'><strong>·</strong></span> <span class='ocrx_word' id='word_1_345' title='bbox 1654 883 1683 908; x_wconf 86' lang='grc' dir='ltr'>ὲν</span> <span class='ocrx_word' id='word_1_346' title='bbox 1713 881 1752 917; x_wconf 84' lang='grc' dir='ltr'><strong>τῷ</strong></span> <span class='ocrx_word' id='word_1_347' title='bbox 1768 884 1824 916; x_wconf 63' lang='grc' dir='ltr'><strong>ιιι-γ’,</strong></span> 
     </span>
    </p>
   </div>
   <div class='ocr_carea' id='block_1_33' title="bbox 207 925 1822 965">
    <p class='ocr_par' dir='ltr' id='par_1_33' title="bbox 207 925 1822 965">
     <span class='ocr_line' id='line_1_33' title="bbox 207 925 1822 965; baseline 0.001 -13"><span class='ocrx_word' id='word_1_348' title='bbox 207 925 280 957; x_wconf 77' lang='grc' dir='ltr'><strong>ἅπαξ</strong></span> <span class='ocrx_word' id='word_1_349' title='bbox 295 926 350 961; x_wconf 83' lang='grc' dir='ltr'>ἔχει</span> <span class='ocrx_word' id='word_1_350' title='bbox 361 935 369 941; x_wconf 89' lang='grc'><strong>·</strong></span> <span class='ocrx_word' id='word_1_351' title='bbox 387 926 417 952; x_wconf 83' lang='grc' dir='ltr'>ὲν</span> <span class='ocrx_word' id='word_1_352' title='bbox 430 926 468 961; x_wconf 87' lang='grc' dir='ltr'><strong>τῷ</strong></span> <span class='ocrx_word' id='word_1_353' title='bbox 486 925 552 961; x_wconf 78' lang='grc' dir='ltr'>ρλϐ’,</span> <span class='ocrx_word' id='word_1_354' title='bbox 565 925 624 959; x_wconf 77' lang='grc' dir='ltr'><strong>τρὶς</strong></span> <span class='ocrx_word' id='word_1_355' title='bbox 637 925 692 960; x_wconf 80' lang='grc' dir='ltr'>ἔχει</span> <span class='ocrx_word' id='word_1_356' title='bbox 702 933 709 940; x_wconf 90' lang='grc'>·</span> <span class='ocrx_word' id='word_1_357' title='bbox 724 926 752 952; x_wconf 74' lang='grc' dir='ltr'>ἐν</span> <span class='ocrx_word' id='word_1_358' title='bbox 766 925 804 961; x_wconf 81' lang='grc' dir='ltr'><strong>τῷ</strong></span> <span class='ocrx_word' id='word_1_359' title='bbox 819 925 891 962; x_wconf 83' lang='grc' dir='ltr'>ρμβ’,</span> <span class='ocrx_word' id='word_1_360' title='bbox 910 926 983 960; x_wconf 77' lang='grc' dir='ltr'><strong>ἅπαξ</strong></span> <span class='ocrx_word' id='word_1_361' title='bbox 999 926 1065 962; x_wconf 75' lang='grc' dir='ltr'>ἔχει.</span> <span class='ocrx_word' id='word_1_362' title='bbox 1076 927 1198 953; x_wconf 82' lang='grc' dir='ltr'><strong>Καθόλου</strong></span> <span class='ocrx_word' id='word_1_363' title='bbox 1209 927 1237 953; x_wconf 80' lang='grc' dir='ltr'>δὲ</span> <span class='ocrx_word' id='word_1_364' title='bbox 1250 928 1306 954; x_wconf 82' lang='grc' dir='ltr'>ὅσοι</span> <span class='ocrx_word' id='word_1_365' title='bbox 1322 927 1427 963; x_wconf 80' lang='grc' dir='ltr'>ἔχουσιν</span> <span class='ocrx_word' id='word_1_366' title='bbox 1444 928 1598 964; x_wconf 80' lang='grc' dir='ltr'>ἐπιγραφὴν</span> <span class='ocrx_word' id='word_1_367' title='bbox 1614 939 1622 954; x_wconf 80' lang='grc' dir='ltr'><strong>ι</strong></span> <span class='ocrx_word' id='word_1_368' title='bbox 1635 928 1800 965; x_wconf 78' lang='grc' dir='ltr'>Ἀλληλούῐα,</span> <span class='ocrx_word' id='word_1_369' title='bbox 1812 939 1822 954; x_wconf 80' lang='grc' dir='ltr'><strong>ι</strong></span> 
     </span>
    </p>
   </div>
   <div class='ocr_carea' id='block_1_34' title="bbox 206 971 793 1008">
    <p class='ocr_par' dir='ltr' id='par_1_34' title="bbox 206 971 793 1008">
     <span class='ocr_line' id='line_1_34' title="bbox 206 971 793 1008; baseline 0 -9"><span class='ocrx_word' id='word_1_370' title='bbox 206 972 253 999; x_wconf 77' lang='grc' dir='ltr'>καὶ</span> <span class='ocrx_word' id='word_1_371' title='bbox 263 973 289 998; x_wconf 83' lang='lat' dir='ltr'><strong>ot</strong></span> <span class='ocrx_word' id='word_1_372' title='bbox 304 971 466 1007; x_wconf 78' lang='grc' dir='ltr'>ἀναϐαθμοὶ,</span> <span class='ocrx_word' id='word_1_373' title='bbox 477 972 526 998; x_wconf 86' lang='grc' dir='ltr'>οὐκ</span> <span class='ocrx_word' id='word_1_374' title='bbox 541 972 632 1007; x_wconf 79' lang='grc' dir='ltr'>ἔχουσι</span> <span class='ocrx_word' id='word_1_375' title='bbox 644 972 793 1008; x_wconf 75' lang='grc' dir='ltr'>διάψαλμα.</span> 
     </span>
    </p>
   </div>
   <div class='ocr_carea' id='block_1_35' title="bbox 346 1017 848 1051">
    <p class='ocr_par' dir='ltr' id='par_1_35' title="bbox 346 1017 848 1051">
     <span class='ocr_line' id='line_1_35' title="bbox 346 1017 848 1051; baseline 0.004 -7"><span class='ocrx_word' id='word_1_376' title='bbox 346 1017 426 1044; x_wconf 78' lang='lat' dir='ltr'><strong>Liber</strong></span> <span class='ocrx_word' id='word_1_377' title='bbox 436 1017 516 1051; x_wconf 80' lang='lat' dir='ltr'><strong>XIV,</strong></span> <span class='ocrx_word' id='word_1_378' title='bbox 528 1018 671 1045; x_wconf 79' lang='lat' dir='ltr'><strong>Proverbia</strong></span> <span class='ocrx_word' id='word_1_379' title='bbox 687 1017 848 1046; x_wconf 75' lang='lat' dir='ltr'><strong>Salomonis.</strong></span> 
     </span>
    </p>
   </div>
   <div class='ocr_carea' id='block_1_36' title="bbox 239 1061 991 1098">
    <p class='ocr_par' dir='ltr' id='par_1_36' title="bbox 239 1061 991 1098">
     <span class='ocr_line' id='line_1_36' title="bbox 239 1061 991 1098; baseline 0.003 -8"><span class='ocrx_word' id='word_1_380' title='bbox 239 1062 284 1090; x_wconf 74' lang='lat'><strong>2‘2.</strong></span> <span class='ocrx_word' id='word_1_381' title='bbox 303 1061 434 1090; x_wconf 89' lang='lat' dir='ltr'><strong>Salomon</strong></span> <span class='ocrx_word' id='word_1_382' title='bbox 453 1063 526 1091; x_wconf 87' lang='lat' dir='ltr'><strong>ﬁlius</strong></span> <span class='ocrx_word' id='word_1_383' title='bbox 540 1063 660 1095; x_wconf 85' lang='lat' dir='ltr'><strong>Davidis,</strong></span> <span class='ocrx_word' id='word_1_384' title='bbox 679 1071 741 1090; x_wconf 91' lang='lat' dir='ltr'><strong>cum</strong></span> <span class='ocrx_word' id='word_1_385' title='bbox 764 1071 877 1098; x_wconf 76' lang='lat' dir='ltr'><strong>regnum</strong></span> <span class='ocrx_word' id='word_1_386' title='bbox 905 1064 991 1098; x_wconf 77' lang='lat' dir='ltr'><strong>patris</strong></span> 
     </span>
    </p>
   </div>
   <div class='ocr_carea' id='block_1_37' title="bbox 206 1109 992 1145">
    <p class='ocr_par' dir='ltr' id='par_1_37' title="bbox 206 1109 992 1145">
     <span class='ocr_line' id='line_1_37' title="bbox 206 1109 992 1145; baseline -0.001 -7"><span class='ocrx_word' id='word_1_387' title='bbox 206 1110 249 1138; x_wconf 85' lang='lat' dir='ltr'><strong>sui</strong></span> <span class='ocrx_word' id='word_1_388' title='bbox 255 1111 431 1145; x_wconf 80' lang='lat' dir='ltr'><strong>suscepisset,</strong></span> <span class='ocrx_word' id='word_1_389' title='bbox 441 1117 457 1136; x_wconf 91' lang='lat' dir='ltr'><strong>a</strong></span> <span class='ocrx_word' id='word_1_390' title='bbox 466 1109 521 1137; x_wconf 90' lang='lat' dir='ltr'><strong>Deo</strong></span> <span class='ocrx_word' id='word_1_391' title='bbox 535 1110 623 1145; x_wconf 87' lang='lat' dir='ltr'><strong>petiit,</strong></span> <span class='ocrx_word' id='word_1_392' title='bbox 639 1113 669 1136; x_wconf 89' lang='lat' dir='ltr'><strong>ut</strong></span> <span class='ocrx_word' id='word_1_393' title='bbox 682 1110 842 1145; x_wconf 78' lang='lat' dir='ltr'><strong>sapientiam</strong></span> <span class='ocrx_word' id='word_1_394' title='bbox 857 1110 992 1144; x_wconf 88' lang='lat' dir='ltr'><strong>acciperet</strong></span> 
     </span>
    </p>
   </div>
   <div class='ocr_carea' id='block_1_38' title="bbox 205 1155 992 1191">
    <p class='ocr_par' dir='ltr' id='par_1_38' title="bbox 205 1155 992 1191">
     <span class='ocr_line' id='line_1_38' title="bbox 205 1155 992 1191; baseline 0 -9"><span class='ocrx_word' id='word_1_395' title='bbox 205 1155 293 1191; x_wconf 73' lang='lat' dir='ltr'><strong>magis</strong></span> <span class='ocrx_word' id='word_1_396' title='bbox 319 1163 400 1190; x_wconf 86' lang='lat' dir='ltr'><strong>quam</strong></span> <span class='ocrx_word' id='word_1_397' title='bbox 429 1155 548 1189; x_wconf 72' lang='lat' dir='ltr'><strong>divitias,</strong></span> <span class='ocrx_word' id='word_1_398' title='bbox 565 1159 593 1183; x_wconf 92' lang='lat' dir='ltr'><strong>et</strong></span> <span class='ocrx_word' id='word_1_399' title='bbox 610 1156 730 1183; x_wconf 89' lang='lat' dir='ltr'><strong>hostium</strong></span> <span class='ocrx_word' id='word_1_400' title='bbox 754 1156 895 1183; x_wconf 81' lang='lat' dir='ltr'><strong>ultionem.</strong></span> <span class='ocrx_word' id='word_1_401' title='bbox 915 1155 992 1183; x_wconf 80' lang='lat' dir='ltr'><strong>lianc</strong></span> 
     </span>
    </p>
   </div>
   <div class='ocr_carea' id='block_1_39' title="bbox 205 1201 992 1236">
    <p class='ocr_par' dir='ltr' id='par_1_39' title="bbox 205 1201 992 1236">
     <span class='ocr_line' id='line_1_39' title="bbox 205 1201 992 1236; baseline 0.001 -8"><span class='ocrx_word' id='word_1_402' title='bbox 205 1209 269 1228; x_wconf 91' lang='lat' dir='ltr'><strong>cum</strong></span> <span class='ocrx_word' id='word_1_403' title='bbox 286 1201 446 1236; x_wconf 86' lang='lat' dir='ltr'><strong>accepisset,</strong></span> <span class='ocrx_word' id='word_1_404' title='bbox 461 1205 488 1229; x_wconf 85' lang='lat' dir='ltr'><strong>et</strong></span> <span class='ocrx_word' id='word_1_405' title='bbox 515 1209 570 1236; x_wconf 73' lang='lat' dir='ltr'><strong>pra:</strong></span> <span class='ocrx_word' id='word_1_406' title='bbox 595 1202 724 1229; x_wconf 91' lang='lat' dir='ltr'><strong>omnibus</strong></span> <span class='ocrx_word' id='word_1_407' title='bbox 751 1202 925 1234; x_wconf 78' lang='lat' dir='ltr'><strong>mortalibus,</strong></span> <span class='ocrx_word' id='word_1_408' title='bbox 945 1202 992 1236; x_wconf 86' lang='lat' dir='ltr'><strong>qui</strong></span> 
     </span>
    </p>
   </div>
   <div class='ocr_carea' id='block_1_40' title="bbox 206 1246 992 1282">
    <p class='ocr_par' dir='ltr' id='par_1_40' title="bbox 206 1246 992 1282">
     <span class='ocr_line' id='line_1_40' title="bbox 206 1246 992 1282; baseline 0 -9"><span class='ocrx_word' id='word_1_409' title='bbox 206 1249 313 1273; x_wconf 83' lang='lat' dir='ltr'><strong>anteet</strong></span> <span class='ocrx_word' id='word_1_410' title='bbox 331 1251 393 1281; x_wconf 85' lang='lat' dir='ltr'><strong>post</strong></span> <span class='ocrx_word' id='word_1_411' title='bbox 410 1247 499 1281; x_wconf 90' lang='lat' dir='ltr'><strong>ipsum</strong></span> <span class='ocrx_word' id='word_1_412' title='bbox 512 1246 632 1279; x_wconf 83' lang='lat' dir='ltr'><strong>fuerunt,</strong></span> <span class='ocrx_word' id='word_1_413' title='bbox 647 1247 758 1282; x_wconf 83' lang='lat' dir='ltr'><strong>sapiens</strong></span> <span class='ocrx_word' id='word_1_414' title='bbox 775 1250 847 1274; x_wconf 84' lang='lat' dir='ltr'><strong>esset</strong></span> <span class='ocrx_word' id='word_1_415' title='bbox 861 1256 868 1274; x_wconf 94' lang='lat'>:</span> <span class='ocrx_word' id='word_1_416' title='bbox 886 1254 918 1273; x_wconf 87' lang='lat' dir='ltr'><strong>ac</strong></span> <span class='ocrx_word' id='word_1_417' title='bbox 929 1254 992 1274; x_wconf 88' lang='lat' dir='ltr'><strong>cum</strong></span> 
     </span>
    </p>
   </div>
   <div class='ocr_carea' id='block_1_41' title="bbox 205 1293 990 1329">
    <p class='ocr_par' dir='ltr' id='par_1_41' title="bbox 205 1293 990 1329">
     <span class='ocr_line' id='line_1_41' title="bbox 205 1293 990 1329; baseline 0 -9"><span class='ocrx_word' id='word_1_418' title='bbox 205 1294 234 1320; x_wconf 91' lang='lat' dir='ltr'><strong>in</strong></span> <span class='ocrx_word' id='word_1_419' title='bbox 246 1293 374 1321; x_wconf 81' lang='lat' dir='ltr'><strong>omnibus</strong></span> <span class='ocrx_word' id='word_1_420' title='bbox 391 1293 471 1321; x_wconf 89' lang='lat' dir='ltr'><strong>dictis</strong></span> <span class='ocrx_word' id='word_1_421' title='bbox 493 1293 626 1329; x_wconf 77' lang='lat' dir='ltr'><strong>factisque</strong></span> <span class='ocrx_word' id='word_1_422' title='bbox 642 1293 700 1321; x_wconf 84' lang='lat' dir='ltr'><strong>suis</strong></span> <span class='ocrx_word' id='word_1_423' title='bbox 716 1293 890 1320; x_wconf 85' lang='lat' dir='ltr'><strong>admirationi</strong></span> <span class='ocrx_word' id='word_1_424' title='bbox 907 1296 990 1325; x_wconf 86' lang='lat' dir='ltr'><strong>esset,</strong></span> 
     </span>
    </p>
   </div>
   <div class='ocr_carea' id='block_1_42' title="bbox 205 1337 992 1374">
    <p class='ocr_par' dir='ltr' id='par_1_42' title="bbox 205 1337 992 1374">
     <span class='ocr_line' id='line_1_42' title="bbox 205 1337 992 1374; baseline -0.001 -9"><span class='ocrx_word' id='word_1_425' title='bbox 205 1338 260 1365; x_wconf 85' lang='lat' dir='ltr'><strong>tria</strong></span> <span class='ocrx_word' id='word_1_426' title='bbox 276 1339 361 1365; x_wconf 86' lang='lat' dir='ltr'><strong>millia</strong></span> <span class='ocrx_word' id='word_1_427' title='bbox 381 1339 584 1373; x_wconf 86' lang='lat' dir='ltr'><strong>parabolarum,</strong></span> <span class='ocrx_word' id='word_1_428' title='bbox 603 1344 629 1366; x_wconf 84' lang='lat' dir='ltr'><strong>et</strong></span> <span class='ocrx_word' id='word_1_429' title='bbox 641 1339 762 1374; x_wconf 88' lang='lat' dir='ltr'><strong>quinque</strong></span> <span class='ocrx_word' id='word_1_430' title='bbox 785 1338 870 1365; x_wconf 86' lang='lat' dir='ltr'><strong>millia</strong></span> <span class='ocrx_word' id='word_1_431' title='bbox 885 1337 992 1365; x_wconf 85' lang='lat' dir='ltr'><strong>cantica</strong></span> 
     </span>
    </p>
   </div>
   <div class='ocr_carea' id='block_1_43' title="bbox 205 1381 992 1419">
    <p class='ocr_par' dir='ltr' id='par_1_43' title="bbox 205 1381 992 1419">
     <span class='ocr_line' id='line_1_43' title="bbox 205 1381 992 1419; baseline -0.001 -9"><span class='ocrx_word' id='word_1_432' title='bbox 205 1383 367 1419; x_wconf 85' lang='lat' dir='ltr'><strong>prolocutus</strong></span> <span class='ocrx_word' id='word_1_433' title='bbox 378 1387 419 1411; x_wconf 89' lang='lat' dir='ltr'><strong>est</strong></span> <span class='ocrx_word' id='word_1_434' title='bbox 434 1393 440 1410; x_wconf 90' lang='lat'>:</span> <span class='ocrx_word' id='word_1_435' title='bbox 458 1383 663 1419; x_wconf 88' lang='lat' dir='ltr'><strong>disputavitque</strong></span> <span class='ocrx_word' id='word_1_436' title='bbox 683 1384 717 1411; x_wconf 91' lang='lat' dir='ltr'><strong>de</strong></span> <span class='ocrx_word' id='word_1_437' title='bbox 731 1383 869 1415; x_wconf 87' lang='lat' dir='ltr'><strong>omnibus,</strong></span> <span class='ocrx_word' id='word_1_438' title='bbox 886 1387 942 1409; x_wconf 88' lang='lat' dir='ltr'><strong>tam</strong></span> <span class='ocrx_word' id='word_1_439' title='bbox 958 1381 992 1409; x_wconf 88' lang='lat' dir='ltr'><strong>de</strong></span> 
     </span>
    </p>
   </div>
   <div class='ocr_carea' id='block_1_44' title="bbox 207 1429 992 1464">
    <p class='ocr_par' dir='ltr' id='par_1_44' title="bbox 207 1429 992 1464">
     <span class='ocr_line' id='line_1_44' title="bbox 207 1429 992 1464; baseline 0 -8"><span class='ocrx_word' id='word_1_440' title='bbox 207 1429 240 1457; x_wconf 85' lang='lat' dir='ltr'><strong>iis</strong></span> <span class='ocrx_word' id='word_1_441' title='bbox 252 1437 312 1464; x_wconf 70' lang='lat' dir='ltr'><strong>quae</strong></span> <span class='ocrx_word' id='word_1_442' title='bbox 324 1437 356 1456; x_wconf 82' lang='lat' dir='ltr'><strong>ex</strong></span> <span class='ocrx_word' id='word_1_443' title='bbox 373 1433 445 1457; x_wconf 86' lang='lat' dir='ltr'><strong>terra</strong></span> <span class='ocrx_word' id='word_1_444' title='bbox 461 1430 636 1464; x_wconf 87' lang='lat' dir='ltr'><strong>proveniunt,</strong></span> <span class='ocrx_word' id='word_1_445' title='bbox 653 1437 735 1464; x_wconf 87' lang='lat' dir='ltr'><strong>quam</strong></span> <span class='ocrx_word' id='word_1_446' title='bbox 752 1429 785 1456; x_wconf 86' lang='lat' dir='ltr'><strong>de</strong></span> <span class='ocrx_word' id='word_1_447' title='bbox 799 1429 888 1456; x_wconf 88' lang='lat' dir='ltr'><strong>omnis</strong></span> <span class='ocrx_word' id='word_1_448' title='bbox 909 1436 992 1464; x_wconf 76' lang='lat' dir='ltr'><strong>gene—</strong></span> 
     </span>
    </p>
   </div>
   <div class='ocr_carea' id='block_1_45' title="bbox 206 1475 991 1510">
    <p class='ocr_par' dir='ltr' id='par_1_45' title="bbox 206 1475 991 1510">
     <span class='ocr_line' id='line_1_45' title="bbox 206 1475 991 1510; baseline 0 -9"><span class='ocrx_word' id='word_1_449' title='bbox 206 1475 245 1502; x_wconf 91' lang='lat' dir='ltr'><strong>ris</strong></span> <span class='ocrx_word' id='word_1_450' title='bbox 260 1475 456 1503; x_wconf 82' lang='lat' dir='ltr'><strong>animantibus.</strong></span> <span class='ocrx_word' id='word_1_451' title='bbox 476 1475 594 1510; x_wconf 87' lang='lat' dir='ltr'><strong>Scripsit</strong></span> <span class='ocrx_word' id='word_1_452' title='bbox 608 1475 695 1503; x_wconf 89' lang='lat' dir='ltr'><strong>libros</strong></span> <span class='ocrx_word' id='word_1_453' title='bbox 718 1475 746 1502; x_wconf 92' lang='lat' dir='ltr'><strong>in</strong></span> <span class='ocrx_word' id='word_1_454' title='bbox 762 1482 896 1503; x_wconf 89' lang='lat' dir='ltr'><strong>canonem</strong></span> <span class='ocrx_word' id='word_1_455' title='bbox 916 1482 991 1502; x_wconf 88' lang='lat' dir='ltr'><strong>rece-</strong></span> 
     </span>
    </p>
   </div>
   <div class='ocr_carea' id='block_1_46' title="bbox 206 1521 989 1556">
    <p class='ocr_par' dir='ltr' id='par_1_46' title="bbox 206 1521 989 1556">
     <span class='ocr_line' id='line_1_46' title="bbox 206 1521 989 1556; baseline 0.001 -10"><span class='ocrx_word' id='word_1_456' title='bbox 206 1525 267 1555; x_wconf 83' lang='lat' dir='ltr'><strong>ptos</strong></span> <span class='ocrx_word' id='word_1_457' title='bbox 284 1525 339 1548; x_wconf 86' lang='lat' dir='ltr'><strong>tres</strong></span> <span class='ocrx_word' id='word_1_458' title='bbox 358 1531 364 1548; x_wconf 89' lang='lat'>:</span> <span class='ocrx_word' id='word_1_459' title='bbox 381 1521 454 1548; x_wconf 81' lang='lat' dir='ltr'><strong>hunc</strong></span> <span class='ocrx_word' id='word_1_460' title='bbox 479 1521 616 1554; x_wconf 89' lang='lat' dir='ltr'><strong>videlicet,</strong></span> <span class='ocrx_word' id='word_1_461' title='bbox 638 1521 684 1556; x_wconf 92' lang='lat' dir='ltr'><strong>qui</strong></span> <span class='ocrx_word' id='word_1_462' title='bbox 709 1521 855 1549; x_wconf 83' lang='lat' dir='ltr'><strong>Proverbia</strong></span> <span class='ocrx_word' id='word_1_463' title='bbox 878 1521 989 1553; x_wconf 89' lang='lat' dir='ltr'><strong>dicitur,</strong></span> 
     </span>
    </p>
   </div>
   <div class='ocr_carea' id='block_1_47' title="bbox 205 1566 990 1599">
    <p class='ocr_par' dir='ltr' id='par_1_47' title="bbox 205 1566 990 1599">
     <span class='ocr_line' id='line_1_47' title="bbox 205 1566 990 1599; baseline 0.001 -7"><span class='ocrx_word' id='word_1_464' title='bbox 205 1566 401 1599; x_wconf 82' lang='lat' dir='ltr'><strong>Ecclesiasten,</strong></span> <span class='ocrx_word' id='word_1_465' title='bbox 417 1570 444 1594; x_wconf 88' lang='lat' dir='ltr'><strong>et</strong></span> <span class='ocrx_word' id='word_1_466' title='bbox 468 1566 612 1594; x_wconf 84' lang='lat' dir='ltr'><strong>Canticum</strong></span> <span class='ocrx_word' id='word_1_467' title='bbox 643 1567 823 1599; x_wconf 86' lang='lat' dir='ltr'><strong>canticorum,</strong></span> <span class='ocrx_word' id='word_1_468' title='bbox 850 1570 877 1594; x_wconf 89' lang='lat' dir='ltr'><strong>et</strong></span> <span class='ocrx_word' id='word_1_469' title='bbox 907 1567 990 1594; x_wconf 83' lang='lat' dir='ltr'><strong>alium</strong></span> 
     </span>
    </p>
   </div>
   <div class='ocr_carea' id='block_1_48' title="bbox 206 1612 991 1647">
    <p class='ocr_par' dir='ltr' id='par_1_48' title="bbox 206 1612 991 1647">
     <span class='ocr_line' id='line_1_48' title="bbox 206 1612 991 1647; baseline 0 -8"><span class='ocrx_word' id='word_1_470' title='bbox 206 1616 306 1646; x_wconf 62' lang='lat' dir='ltr'><strong>praeter</strong></span> <span class='ocrx_word' id='word_1_471' title='bbox 320 1612 399 1646; x_wconf 84' lang='lat' dir='ltr'><strong>istos,</strong></span> <span class='ocrx_word' id='word_1_472' title='bbox 417 1612 445 1639; x_wconf 91' lang='lat' dir='ltr'><strong>in</strong></span> <span class='ocrx_word' id='word_1_473' title='bbox 461 1619 593 1639; x_wconf 85' lang='lat' dir='ltr'><strong>canouem</strong></span> <span class='ocrx_word' id='word_1_474' title='bbox 610 1620 665 1639; x_wconf 90' lang='lat' dir='ltr'><strong>non</strong></span> <span class='ocrx_word' id='word_1_475' title='bbox 678 1616 828 1647; x_wconf 91' lang='lat' dir='ltr'><strong>receptum,</strong></span> <span class='ocrx_word' id='word_1_476' title='bbox 843 1612 915 1639; x_wconf 84' lang='lat' dir='ltr'><strong>sicut</strong></span> <span class='ocrx_word' id='word_1_477' title='bbox 929 1617 991 1639; x_wconf 83' lang='lat' dir='ltr'><strong>ante</strong></span> 
     </span>
    </p>
   </div>
   <div class='ocr_carea' id='block_1_49' title="bbox 205 1656 991 1692">
    <p class='ocr_par' dir='ltr' id='par_1_49' title="bbox 205 1656 991 1692">
     <span class='ocr_line' id='line_1_49' title="bbox 205 1656 991 1692; baseline 0.001 -8"><span class='ocrx_word' id='word_1_478' title='bbox 205 1657 308 1685; x_wconf 89' lang='lat' dir='ltr'><strong>dictum</strong></span> <span class='ocrx_word' id='word_1_479' title='bbox 321 1661 373 1690; x_wconf 83' lang='lat' dir='ltr'><strong>est,</strong></span> <span class='ocrx_word' id='word_1_480' title='bbox 392 1657 439 1692; x_wconf 88' lang='lat' dir='ltr'><strong>qui</strong></span> <span class='ocrx_word' id='word_1_481' title='bbox 457 1657 597 1692; x_wconf 88' lang='lat' dir='ltr'><strong>Sapientia</strong></span> <span class='ocrx_word' id='word_1_482' title='bbox 618 1656 772 1685; x_wconf 87' lang='lat' dir='ltr'><strong>Salomonis</strong></span> <span class='ocrx_word' id='word_1_483' title='bbox 791 1658 902 1685; x_wconf 86' lang='lat' dir='ltr'><strong>dicitur.</strong></span> <span class='ocrx_word' id='word_1_484' title='bbox 917 1657 991 1685; x_wconf 83' lang='lat' dir='ltr'><strong>Prae-</strong></span> 
     </span>
    </p>
   </div>
   <div class='ocr_carea' id='block_1_50' title="bbox 204 1702 989 1738">
    <p class='ocr_par' dir='ltr' id='par_1_50' title="bbox 204 1702 989 1738">
     <span class='ocr_line' id='line_1_50' title="bbox 204 1702 989 1738; baseline 0.003 -9"><span class='ocrx_word' id='word_1_485' title='bbox 204 1707 310 1730; x_wconf 79' lang='lat' dir='ltr'><strong>sentem</strong></span> <span class='ocrx_word' id='word_1_486' title='bbox 326 1707 416 1730; x_wconf 89' lang='lat' dir='ltr'><strong>autem</strong></span> <span class='ocrx_word' id='word_1_487' title='bbox 447 1703 546 1730; x_wconf 91' lang='lat' dir='ltr'><strong>librum</strong></span> <span class='ocrx_word' id='word_1_488' title='bbox 573 1702 720 1731; x_wconf 84' lang='lat' dir='ltr'><strong>Proverbia</strong></span> <span class='ocrx_word' id='word_1_489' title='bbox 749 1703 898 1737; x_wconf 87' lang='lat' dir='ltr'><strong>inscripsit,</strong></span> <span class='ocrx_word' id='word_1_490' title='bbox 915 1703 989 1738; x_wconf 89' lang='lat' dir='ltr'><strong>quod</strong></span> 
     </span>
    </p>
   </div>
   <div class='ocr_carea' id='block_1_51' title="bbox 205 1748 987 1784">
    <p class='ocr_par' dir='ltr' id='par_1_51' title="bbox 205 1748 987 1784">
     <span class='ocr_line' id='line_1_51' title="bbox 205 1748 987 1784; baseline -0.001 -8"><span class='ocrx_word' id='word_1_491' title='bbox 205 1748 353 1776; x_wconf 80' lang='lat' dir='ltr'><strong>Proverbia</strong></span> <span class='ocrx_word' id='word_1_492' title='bbox 371 1749 427 1776; x_wconf 91' lang='lat' dir='ltr'><strong>sint</strong></span> <span class='ocrx_word' id='word_1_493' title='bbox 446 1749 526 1776; x_wconf 67' lang='lat' dir='ltr'><strong>verba</strong></span> <span class='ocrx_word' id='word_1_494' title='bbox 546 1749 724 1783; x_wconf 73' lang='lat' dir='ltr'><strong>sapientium,</strong></span> <span class='ocrx_word' id='word_1_495' title='bbox 740 1749 813 1776; x_wconf 80' lang='lat' dir='ltr'><strong>velut</strong></span> <span class='ocrx_word' id='word_1_496' title='bbox 833 1749 987 1784; x_wconf 63' lang='lat' dir='ltr'><strong>aenigmata,</strong></span> 
     </span>
    </p>
   </div>
   <div class='ocr_carea' id='block_1_52' title="bbox 206 1794 989 1830">
    <p class='ocr_par' dir='ltr' id='par_1_52' title="bbox 206 1794 989 1830">
     <span class='ocr_line' id='line_1_52' title="bbox 206 1794 989 1830; baseline 0.001 -9"><span class='ocrx_word' id='word_1_497' title='bbox 206 1803 266 1829; x_wconf 69' lang='lat' dir='ltr'><strong>qua</strong></span> <span class='ocrx_word' id='word_1_498' title='bbox 277 1795 385 1829; x_wconf 89' lang='lat' dir='ltr'><strong>quidem</strong></span> <span class='ocrx_word' id='word_1_499' title='bbox 402 1794 475 1821; x_wconf 89' lang='lat' dir='ltr'><strong>aliud</strong></span> <span class='ocrx_word' id='word_1_500' title='bbox 499 1803 532 1822; x_wconf 84' lang='lat' dir='ltr'><strong>ex</strong></span> <span class='ocrx_word' id='word_1_501' title='bbox 558 1803 586 1822; x_wconf 91' lang='lat' dir='ltr'><strong>se</strong></span> <span class='ocrx_word' id='word_1_502' title='bbox 608 1795 754 1827; x_wconf 75' lang='lat' dir='ltr'><strong>exhibent,</strong></span> <span class='ocrx_word' id='word_1_503' title='bbox 768 1795 843 1822; x_wconf 86' lang='lat' dir='ltr'><strong>aliud</strong></span> <span class='ocrx_word' id='word_1_504' title='bbox 860 1803 924 1823; x_wconf 90' lang='lat' dir='ltr'><strong>vero</strong></span> <span class='ocrx_word' id='word_1_505' title='bbox 940 1803 989 1830; x_wconf 90' lang='lat' dir='ltr'><strong>per</strong></span> 
     </span>
    </p>
   </div>
   <div class='ocr_carea' id='block_1_53' title="bbox 205 1840 987 1875">
    <p class='ocr_par' dir='ltr' id='par_1_53' title="bbox 205 1840 987 1875">
     <span class='ocr_line' id='line_1_53' title="bbox 205 1840 987 1875; baseline 0.001 -8"><span class='ocrx_word' id='word_1_506' title='bbox 205 1841 390 1875; x_wconf 85' lang='lat' dir='ltr'><strong>suspicionem</strong></span> <span class='ocrx_word' id='word_1_507' title='bbox 405 1840 537 1867; x_wconf 90' lang='lat' dir='ltr'><strong>indicant.</strong></span> <span class='ocrx_word' id='word_1_508' title='bbox 556 1840 657 1867; x_wconf 84' lang='lat' dir='ltr'><strong>Horum</strong></span> <span class='ocrx_word' id='word_1_509' title='bbox 675 1846 765 1868; x_wconf 88' lang='lat' dir='ltr'><strong>autem</strong></span> <span class='ocrx_word' id='word_1_510' title='bbox 788 1840 893 1875; x_wconf 82' lang='lat' dir='ltr'><strong>species</strong></span> <span class='ocrx_word' id='word_1_511' title='bbox 913 1844 987 1873; x_wconf 89' lang='lat' dir='ltr'><strong>sunt,</strong></span> 
     </span>
    </p>
   </div>
   <div class='ocr_carea' id='block_1_54' title="bbox 205 1885 989 1921">
    <p class='ocr_par' dir='ltr' id='par_1_54' title="bbox 205 1885 989 1921">
     <span class='ocr_line' id='line_1_54' title="bbox 205 1885 989 1921; baseline 0.003 -10"><span class='ocrx_word' id='word_1_512' title='bbox 205 1885 362 1913; x_wconf 82' lang='lat' dir='ltr'><strong>Proverbia.</strong></span> <span class='ocrx_word' id='word_1_513' title='bbox 375 1885 415 1912; x_wconf 84' lang='lat' dir='ltr'><strong>Ad</strong></span> <span class='ocrx_word' id='word_1_514' title='bbox 427 1886 499 1913; x_wconf 88' lang='lat' dir='ltr'><strong>hunc</strong></span> <span class='ocrx_word' id='word_1_515' title='bbox 512 1886 612 1913; x_wconf 90' lang='lat' dir='ltr'><strong>etenim</strong></span> <span class='ocrx_word' id='word_1_516' title='bbox 628 1886 738 1913; x_wconf 88' lang='lat' dir='ltr'><strong>modum</strong></span> <span class='ocrx_word' id='word_1_517' title='bbox 753 1886 880 1921; x_wconf 88' lang='lat' dir='ltr'><strong>discipuli</strong></span> <span class='ocrx_word' id='word_1_518' title='bbox 897 1885 989 1913; x_wconf 88' lang='lat' dir='ltr'><strong>Domi-</strong></span> 
     </span>
    </p>
   </div>
   <div class='ocr_carea' id='block_1_55' title="bbox 207 1930 987 1967">
    <p class='ocr_par' dir='ltr' id='par_1_55' title="bbox 207 1930 987 1967">
     <span class='ocr_line' id='line_1_55' title="bbox 207 1930 987 1967; baseline 0.003 -11"><span class='ocrx_word' id='word_1_519' title='bbox 207 1930 236 1956; x_wconf 91' lang='lat' dir='ltr'><strong>ni</strong></span> <span class='ocrx_word' id='word_1_520' title='bbox 264 1930 292 1956; x_wconf 90' lang='lat' dir='ltr'><strong>in</strong></span> <span class='ocrx_word' id='word_1_521' title='bbox 320 1930 467 1964; x_wconf 78' lang='lat' dir='ltr'><strong>Evangelia</strong></span> <span class='ocrx_word' id='word_1_522' title='bbox 494 1932 645 1958; x_wconf 90' lang='lat' dir='ltr'><strong>secundum</strong></span> <span class='ocrx_word' id='word_1_523' title='bbox 668 1931 800 1959; x_wconf 85' lang='lat' dir='ltr'><strong>Joannem</strong></span> <span class='ocrx_word' id='word_1_524' title='bbox 827 1932 987 1967; x_wconf 82' lang='lat' dir='ltr'><strong>loquuntur,</strong></span> 
     </span>
    </p>
   </div>
   <div class='ocr_carea' id='block_1_56' title="bbox 205 1975 989 2011">
    <p class='ocr_par' dir='ltr' id='par_1_56' title="bbox 205 1975 989 2011">
     <span class='ocr_line' id='line_1_56' title="bbox 205 1975 989 2011; baseline 0.003 -9"><span class='ocrx_word' id='word_1_525' title='bbox 205 1975 316 2011; x_wconf 84' lang='lat' dir='ltr'><strong>quando</strong></span> <span class='ocrx_word' id='word_1_526' title='bbox 331 1976 456 2008; x_wconf 91' lang='lat' dir='ltr'><strong>Domino,</strong></span> <span class='ocrx_word' id='word_1_527' title='bbox 472 1983 534 2003; x_wconf 91' lang='lat' dir='ltr'><strong>cum</strong></span> <span class='ocrx_word' id='word_1_528' title='bbox 553 1981 631 2004; x_wconf 82' lang='lat' dir='ltr'><strong>antea</strong></span> <span class='ocrx_word' id='word_1_529' title='bbox 644 1977 729 2003; x_wconf 87' lang='lat' dir='ltr'><strong>multa</strong></span> <span class='ocrx_word' id='word_1_530' title='bbox 743 1977 862 2004; x_wconf 85' lang='lat' dir='ltr'><strong>obscura</strong></span> <span class='ocrx_word' id='word_1_531' title='bbox 879 1981 989 2005; x_wconf 87' lang='lat' dir='ltr'><strong>senten-</strong></span> 
     </span>
    </p>
   </div>
   <div class='ocr_carea' id='block_1_57' title="bbox 206 2021 988 2053">
    <p class='ocr_par' dir='ltr' id='par_1_57' title="bbox 206 2021 988 2053">
     <span class='ocr_line' id='line_1_57' title="bbox 206 2021 988 2053; baseline 0.001 -5"><span class='ocrx_word' id='word_1_532' title='bbox 206 2021 362 2048; x_wconf 88' lang='lat' dir='ltr'><strong>tialocutus</strong></span> <span class='ocrx_word' id='word_1_533' title='bbox 382 2026 464 2053; x_wconf 86' lang='lat' dir='ltr'><strong>esset,</strong></span> <span class='ocrx_word' id='word_1_534' title='bbox 485 2022 594 2049; x_wconf 88' lang='lat' dir='ltr'><strong>tandem</strong></span> <span class='ocrx_word' id='word_1_535' title='bbox 621 2023 717 2049; x_wconf 88' lang='lat' dir='ltr'><strong>dicunt</strong></span> <span class='ocrx_word' id='word_1_536' title='bbox 730 2023 754 2050; x_wconf 86' lang='lat' dir='ltr'><strong>ei</strong></span> <span class='ocrx_word' id='word_1_537' title='bbox 771 2032 778 2050; x_wconf 93' lang='lat'>:</span> <span class='ocrx_word' id='word_1_538' title='bbox 796 2032 805 2048; x_wconf 76' lang='grc' dir='ltr'><strong>ι</strong></span> <span class='ocrx_word' id='word_1_539' title='bbox 825 2022 895 2050; x_wconf 86' lang='lat' dir='ltr'><strong>Ecce</strong></span> <span class='ocrx_word' id='word_1_540' title='bbox 917 2030 988 2050; x_wconf 90' lang='lat' dir='ltr'><strong>nunc</strong></span> 
     </span>
    </p>
   </div>
   <div class='ocr_carea' id='block_1_58' title="bbox 206 2067 989 2102">
    <p class='ocr_par' dir='ltr' id='par_1_58' title="bbox 206 2067 989 2102">
     <span class='ocr_line' id='line_1_58' title="bbox 206 2067 989 2102; baseline 0.003 -9"><span class='ocrx_word' id='word_1_541' title='bbox 206 2067 295 2102; x_wconf 87' lang='lat' dir='ltr'><strong>palam</strong></span> <span class='ocrx_word' id='word_1_542' title='bbox 309 2067 440 2102; x_wconf 87' lang='lat' dir='ltr'><strong>loqueris,</strong></span> <span class='ocrx_word' id='word_1_543' title='bbox 456 2071 484 2095; x_wconf 89' lang='lat' dir='ltr'><strong>et</strong></span> <span class='ocrx_word' id='word_1_544' title='bbox 498 2068 669 2102; x_wconf 84' lang='lat' dir='ltr'><strong>proverbium</strong></span> <span class='ocrx_word' id='word_1_545' title='bbox 686 2068 791 2095; x_wconf 90' lang='lat' dir='ltr'><strong>nullum</strong></span> <span class='ocrx_word' id='word_1_546' title='bbox 806 2068 914 2101; x_wconf 72' lang='lat' dir='ltr'><strong>dicis”,</strong></span> <span class='ocrx_word' id='word_1_547' title='bbox 931 2078 940 2094; x_wconf 77' lang='grc' dir='ltr'><strong>ι</strong></span> <span class='ocrx_word' id='word_1_548' title='bbox 959 2072 989 2096; x_wconf 93' lang='lat' dir='ltr'><strong>ut</strong></span> 
     </span>
    </p>
   </div>
   <div class='ocr_carea' id='block_1_59' title="bbox 207 2112 988 2148">
    <p class='ocr_par' dir='ltr' id='par_1_59' title="bbox 207 2112 988 2148">
     <span class='ocr_line' id='line_1_59' title="bbox 207 2112 988 2148; baseline 0.003 -8"><span class='ocrx_word' id='word_1_549' title='bbox 207 2113 342 2148; x_wconf 80' lang='lat' dir='ltr'><strong>intelligas</strong></span> <span class='ocrx_word' id='word_1_550' title='bbox 356 2112 505 2141; x_wconf 85' lang='lat' dir='ltr'><strong>Proverbia</strong></span> <span class='ocrx_word' id='word_1_551' title='bbox 518 2121 572 2140; x_wconf 88' lang='lat' dir='ltr'><strong>non</strong></span> <span class='ocrx_word' id='word_1_552' title='bbox 586 2117 692 2148; x_wconf 85' lang='lat' dir='ltr'><strong>aperto,</strong></span> <span class='ocrx_word' id='word_1_553' title='bbox 708 2114 756 2141; x_wconf 89' lang='lat' dir='ltr'><strong>sed</strong></span> <span class='ocrx_word' id='word_1_554' title='bbox 772 2114 891 2142; x_wconf 91' lang='lat' dir='ltr'><strong>obscuro</strong></span> <span class='ocrx_word' id='word_1_555' title='bbox 905 2122 988 2142; x_wconf 84' lang='lat' dir='ltr'><strong>sensu</strong></span> 
     </span>
    </p>
   </div>
   <div class='ocr_carea' id='block_1_60' title="bbox 206 2159 988 2195">
    <p class='ocr_par' dir='ltr' id='par_1_60' title="bbox 206 2159 988 2195">
     <span class='ocr_line' id='line_1_60' title="bbox 206 2159 988 2195; baseline 0.001 -9"><span class='ocrx_word' id='word_1_556' title='bbox 206 2159 270 2186; x_wconf 86' lang='lat' dir='ltr'><strong>dici.</strong></span> <span class='ocrx_word' id='word_1_557' title='bbox 286 2159 422 2192; x_wconf 86' lang='lat' dir='ltr'><strong>Quoniam</strong></span> <span class='ocrx_word' id='word_1_558' title='bbox 435 2159 517 2195; x_wconf 74' lang='lat' dir='ltr'><strong>igitur</strong></span> <span class='ocrx_word' id='word_1_559' title='bbox 534 2159 603 2186; x_wconf 84' lang='lat' dir='ltr'><strong>tales</strong></span> <span class='ocrx_word' id='word_1_560' title='bbox 618 2160 779 2194; x_wconf 88' lang='lat' dir='ltr'><strong>plerumque</strong></span> <span class='ocrx_word' id='word_1_561' title='bbox 801 2163 865 2188; x_wconf 88' lang='lat' dir='ltr'><strong>sunt</strong></span> <span class='ocrx_word' id='word_1_562' title='bbox 879 2160 908 2187; x_wconf 90' lang='lat' dir='ltr'><strong>in</strong></span> <span class='ocrx_word' id='word_1_563' title='bbox 937 2160 988 2187; x_wconf 89' lang='lat' dir='ltr'><strong>hoc</strong></span> 
     </span>
    </p>
   </div>
   <div class='ocr_carea' id='block_1_61' title="bbox 205 2204 989 2237">
    <p class='ocr_par' dir='ltr' id='par_1_61' title="bbox 205 2204 989 2237">
     <span class='ocr_line' id='line_1_61' title="bbox 205 2204 989 2237; baseline 0 -5"><span class='ocrx_word' id='word_1_564' title='bbox 205 2205 275 2232; x_wconf 86' lang='lat' dir='ltr'><strong>libro</strong></span> <span class='ocrx_word' id='word_1_565' title='bbox 292 2205 444 2237; x_wconf 61' lang='lat' dir='ltr'><strong>sententiae,</strong></span> <span class='ocrx_word' id='word_1_566' title='bbox 464 2205 524 2233; x_wconf 88' lang='lat' dir='ltr'><strong>idco</strong></span> <span class='ocrx_word' id='word_1_567' title='bbox 541 2205 682 2232; x_wconf 64' lang='lat' dir='ltr'><strong>Paraemiaa</strong></span> <span class='ocrx_word' id='word_1_568' title='bbox 702 2213 750 2232; x_wconf 89' lang='lat' dir='ltr'><strong>seu</strong></span> <span class='ocrx_word' id='word_1_569' title='bbox 772 2204 929 2237; x_wconf 86' lang='lat' dir='ltr'><strong>Proverbia,</strong></span> <span class='ocrx_word' id='word_1_570' title='bbox 947 2205 989 2232; x_wconf 89' lang='lat' dir='ltr'><strong>in-</strong></span> 
     </span>
    </p>
   </div>
   <div class='ocr_carea' id='block_1_62' title="bbox 206 2251 988 2286">
    <p class='ocr_par' dir='ltr' id='par_1_62' title="bbox 206 2251 988 2286">
     <span class='ocr_line' id='line_1_62' title="bbox 206 2251 988 2286; baseline 0 -8"><span class='ocrx_word' id='word_1_571' title='bbox 206 2253 324 2286; x_wconf 85' lang='lat' dir='ltr'><strong>scriptus</strong></span> <span class='ocrx_word' id='word_1_572' title='bbox 338 2251 382 2278; x_wconf 84' lang='lat' dir='ltr'><strong>hic</strong></span> <span class='ocrx_word' id='word_1_573' title='bbox 398 2252 467 2278; x_wconf 86' lang='lat' dir='ltr'><strong>liber</strong></span> <span class='ocrx_word' id='word_1_574' title='bbox 482 2256 535 2279; x_wconf 85' lang='lat' dir='ltr'><strong>est.</strong></span> <span class='ocrx_word' id='word_1_575' title='bbox 555 2251 603 2279; x_wconf 85' lang='lat' dir='ltr'><strong>Est</strong></span> <span class='ocrx_word' id='word_1_576' title='bbox 619 2257 710 2279; x_wconf 86' lang='lat' dir='ltr'><strong>autem</strong></span> <span class='ocrx_word' id='word_1_577' title='bbox 724 2252 788 2279; x_wconf 92' lang='lat' dir='ltr'><strong>inde</strong></span> <span class='ocrx_word' id='word_1_578' title='bbox 804 2252 877 2279; x_wconf 88' lang='lat' dir='ltr'><strong>dicta</strong></span> <span class='ocrx_word' id='word_1_579' title='bbox 892 2251 988 2279; x_wconf 73' lang='lat' dir='ltr'><strong>Parm-</strong></span> 
     </span>
    </p>
   </div>
   <div class='ocr_carea' id='block_1_63' title="bbox 205 2297 988 2331">
    <p class='ocr_par' dir='ltr' id='par_1_63' title="bbox 205 2297 988 2331">
     <span class='ocr_line' id='line_1_63' title="bbox 205 2297 988 2331; baseline 0.001 -8"><span class='ocrx_word' id='word_1_580' title='bbox 205 2297 270 2328; x_wconf 90' lang='lat' dir='ltr'><strong>mia,</strong></span> <span class='ocrx_word' id='word_1_581' title='bbox 283 2297 355 2331; x_wconf 88' lang='lat' dir='ltr'><strong>quod</strong></span> <span class='ocrx_word' id='word_1_582' title='bbox 371 2304 419 2331; x_wconf 88' lang='lat' dir='ltr'><strong>per</strong></span> <span class='ocrx_word' id='word_1_583' title='bbox 430 2297 499 2329; x_wconf 90' lang='lat' dir='ltr'><strong>vias,</strong></span> <span class='ocrx_word' id='word_1_584' title='bbox 513 2297 581 2324; x_wconf 87' lang='lat' dir='ltr'><strong>tales</strong></span> <span class='ocrx_word' id='word_1_585' title='bbox 596 2297 736 2325; x_wconf 76' lang='lat' dir='ltr'><strong>sententia:</strong></span> <span class='ocrx_word' id='word_1_586' title='bbox 752 2297 888 2324; x_wconf 90' lang='lat' dir='ltr'><strong>conscribi</strong></span> <span class='ocrx_word' id='word_1_587' title='bbox 902 2297 988 2324; x_wconf 70' lang='lat' dir='ltr'><strong>solitae</strong></span> 
     </span>
    </p>
   </div>
   <div class='ocr_carea' id='block_1_64' title="bbox 205 2344 988 2380">
    <p class='ocr_par' dir='ltr' id='par_1_64' title="bbox 205 2344 988 2380">
     <span class='ocr_line' id='line_1_64' title="bbox 205 2344 988 2380; baseline 0.003 -10"><span class='ocrx_word' id='word_1_588' title='bbox 205 2346 310 2375; x_wconf 87' lang='lat' dir='ltr'><strong>essent,</strong></span> <span class='ocrx_word' id='word_1_589' title='bbox 327 2344 359 2370; x_wconf 93' lang='lat' dir='ltr'><strong>ad</strong></span> <span class='ocrx_word' id='word_1_590' title='bbox 378 2344 578 2371; x_wconf 86' lang='lat' dir='ltr'><strong>correctionem</strong></span> <span class='ocrx_word' id='word_1_591' title='bbox 601 2347 628 2371; x_wconf 86' lang='lat' dir='ltr'><strong>et</strong></span> <span class='ocrx_word' id='word_1_592' title='bbox 649 2344 801 2371; x_wconf 87' lang='lat' dir='ltr'><strong>doctrinam</strong></span> <span class='ocrx_word' id='word_1_593' title='bbox 821 2352 926 2377; x_wconf 90' lang='lat' dir='ltr'><strong>eorum,</strong></span> <span class='ocrx_word' id='word_1_594' title='bbox 941 2345 988 2380; x_wconf 91' lang='lat' dir='ltr'><strong>qui</strong></span> 
     </span>
    </p>
   </div>
   <div class='ocr_carea' id='block_1_65' title="bbox 205 2389 990 2426">
    <p class='ocr_par' dir='ltr' id='par_1_65' title="bbox 205 2389 990 2426">
     <span class='ocr_line' id='line_1_65' title="bbox 205 2389 990 2426; baseline 0.004 -11"><span class='ocrx_word' id='word_1_595' title='bbox 205 2390 255 2416; x_wconf 88' lang='lat' dir='ltr'><strong>iter</strong></span> <span class='ocrx_word' id='word_1_596' title='bbox 270 2389 456 2417; x_wconf 89' lang='lat' dir='ltr'><strong>instituerent.</strong></span> <span class='ocrx_word' id='word_1_597' title='bbox 469 2389 522 2417; x_wconf 87' lang='lat' dir='ltr'><strong>Per</strong></span> <span class='ocrx_word' id='word_1_598' title='bbox 535 2390 594 2418; x_wconf 86' lang='lat' dir='ltr'><strong>vias</strong></span> <span class='ocrx_word' id='word_1_599' title='bbox 606 2395 696 2418; x_wconf 87' lang='lat' dir='ltr'><strong>autem</strong></span> <span class='ocrx_word' id='word_1_600' title='bbox 710 2391 910 2423; x_wconf 87' lang='lat' dir='ltr'><strong>scribebantur,</strong></span> <span class='ocrx_word' id='word_1_601' title='bbox 929 2399 990 2426; x_wconf 88' lang='lat' dir='ltr'><strong>pro-</strong></span> 
     </span>
    </p>
   </div>
   <div class='ocr_carea' id='block_1_66' title="bbox 206 2436 990 2472">
    <p class='ocr_par' dir='ltr' id='par_1_66' title="bbox 206 2436 990 2472">
     <span class='ocr_line' id='line_1_66' title="bbox 206 2436 990 2472; baseline 0.006 -12"><span class='ocrx_word' id='word_1_602' title='bbox 206 2439 299 2468; x_wconf 83' lang='lat' dir='ltr'><strong>pterea</strong></span> <span class='ocrx_word' id='word_1_603' title='bbox 315 2436 387 2471; x_wconf 87' lang='lat' dir='ltr'><strong>quod</strong></span> <span class='ocrx_word' id='word_1_604' title='bbox 402 2443 457 2463; x_wconf 93' lang='lat' dir='ltr'><strong>non</strong></span> <span class='ocrx_word' id='word_1_605' title='bbox 469 2443 575 2468; x_wconf 90' lang='lat' dir='ltr'><strong>omnes,</strong></span> <span class='ocrx_word' id='word_1_606' title='bbox 592 2436 716 2464; x_wconf 86' lang='lat' dir='ltr'><strong>veritatis</strong></span> <span class='ocrx_word' id='word_1_607' title='bbox 740 2444 880 2465; x_wconf 88' lang='lat' dir='ltr'><strong>sermones</strong></span> <span class='ocrx_word' id='word_1_608' title='bbox 899 2438 990 2472; x_wconf 83' lang='lat' dir='ltr'><strong>capie-</strong></span> 
     </span>
    </p>
   </div>
   <div class='ocr_carea' id='block_1_67' title="bbox 205 2480 989 2518">
    <p class='ocr_par' dir='ltr' id='par_1_67' title="bbox 205 2480 989 2518">
     <span class='ocr_line' id='line_1_67' title="bbox 205 2480 989 2518; baseline 0.005 -11"><span class='ocrx_word' id='word_1_609' title='bbox 205 2480 330 2508; x_wconf 76' lang='lat' dir='ltr'><strong>bautzut</strong></span> <span class='ocrx_word' id='word_1_610' title='bbox 346 2482 388 2508; x_wconf 92' lang='lat' dir='ltr'><strong>vel</strong></span> <span class='ocrx_word' id='word_1_611' title='bbox 413 2481 442 2509; x_wconf 87' lang='lat' dir='ltr'><strong>in</strong></span> <span class='ocrx_word' id='word_1_612' title='bbox 466 2482 635 2509; x_wconf 86' lang='lat' dir='ltr'><strong>transeundo</strong></span> <span class='ocrx_word' id='word_1_613' title='bbox 653 2485 681 2509; x_wconf 88' lang='lat' dir='ltr'><strong>et</strong></span> <span class='ocrx_word' id='word_1_614' title='bbox 703 2483 767 2510; x_wconf 84' lang='lat' dir='ltr'><strong>talia</strong></span> <span class='ocrx_word' id='word_1_615' title='bbox 795 2483 989 2518; x_wconf 77' lang='lat' dir='ltr'><strong>conspicienda</strong></span> 
     </span>
    </p>
   </div>
   <div class='ocr_carea' id='block_1_68' title="bbox 203 2527 990 2564">
    <p class='ocr_par' dir='ltr' id='par_1_68' title="bbox 203 2527 990 2564">
     <span class='ocr_line' id='line_1_68' title="bbox 203 2527 990 2564; baseline 0.004 -11"><span class='ocrx_word' id='word_1_616' title='bbox 203 2534 265 2560; x_wconf 77' lang='lat' dir='ltr'><strong>quae</strong></span> <span class='ocrx_word' id='word_1_617' title='bbox 292 2527 394 2562; x_wconf 84' lang='lat' dir='ltr'><strong>scripta</strong></span> <span class='ocrx_word' id='word_1_618' title='bbox 417 2531 522 2560; x_wconf 85' lang='lat' dir='ltr'><strong>essent,</strong></span> <span class='ocrx_word' id='word_1_619' title='bbox 537 2528 723 2563; x_wconf 81' lang='lat' dir='ltr'><strong>exquirerent,</strong></span> <span class='ocrx_word' id='word_1_620' title='bbox 738 2533 820 2564; x_wconf 86' lang='lat' dir='ltr'><strong>atque</strong></span> <span class='ocrx_word' id='word_1_621' title='bbox 844 2530 882 2557; x_wconf 88' lang='lat' dir='ltr'><strong>ita</strong></span> <span class='ocrx_word' id='word_1_622' title='bbox 898 2529 990 2558; x_wconf 89' lang='lat' dir='ltr'><strong>erudi-</strong></span> 
     </span>
    </p>
   </div>
   <div class='ocr_carea' id='block_1_69' title="bbox 241 2603 501 2638">
    <p class='ocr_par' dir='ltr' id='par_1_69' title="bbox 241 2603 501 2638">
     <span class='ocr_line' id='line_1_69' title="bbox 241 2603 501 2638; baseline 0.008 -8"><span class='ocrx_word' id='word_1_623' title='bbox 241 2604 262 2620; x_wconf 83' lang='lat'>&quot;</span> <span class='ocrx_word' id='word_1_624' title='bbox 281 2603 360 2631; x_wconf 82' lang='lat' dir='ltr'><strong>Joan.</strong></span> <span class='ocrx_word' id='word_1_625' title='bbox 379 2613 440 2638; x_wconf 75' lang='lat' dir='ltr'><strong>xvr,</strong></span> <span class='ocrx_word' id='word_1_626' title='bbox 457 2604 501 2632; x_wconf 75' lang='grc'><strong>29.</strong></span> 
     </span>
    </p>
   </div>
   <div class='ocr_carea' id='block_1_70' title="bbox 242 2681 991 2717">
    <p class='ocr_par' dir='ltr' id='par_1_70' title="bbox 242 2681 991 2717">
     <span class='ocr_line' id='line_1_70' title="bbox 242 2681 991 2717; baseline 0 -9"><span class='ocrx_word' id='word_1_627' title='bbox 242 2682 297 2717; x_wconf 81' lang='lat' dir='ltr'><strong>(l7)</strong></span> <span class='ocrx_word' id='word_1_628' title='bbox 314 2681 362 2709; x_wconf 84' lang='lat' dir='ltr'><strong>His</strong></span> <span class='ocrx_word' id='word_1_629' title='bbox 374 2687 527 2710; x_wconf 86' lang='lat' dir='ltr'><strong>consonant</strong></span> <span class='ocrx_word' id='word_1_630' title='bbox 543 2683 599 2710; x_wconf 57' lang='lat' dir='ltr'><strong>hac</strong></span> <span class='ocrx_word' id='word_1_631' title='bbox 611 2682 703 2710; x_wconf 85' lang='lat' dir='ltr'><strong>Basilii</strong></span> <span class='ocrx_word' id='word_1_632' title='bbox 718 2683 828 2710; x_wconf 85' lang='lat' dir='ltr'><strong>bomilia</strong></span> <span class='ocrx_word' id='word_1_633' title='bbox 844 2682 887 2709; x_wconf 79' lang='grc'><strong>12.</strong></span> <span class='ocrx_word' id='word_1_634' title='bbox 900 2682 929 2709; x_wconf 92' lang='lat' dir='ltr'><strong>ln</strong></span> <span class='ocrx_word' id='word_1_635' title='bbox 943 2689 991 2709; x_wconf 87' lang='lat' dir='ltr'><strong>ca-</strong></span> 
     </span>
    </p>
   </div>
   <div class='ocr_carea' id='block_1_71' title="bbox 206 2717 990 2753">
    <p class='ocr_par' dir='ltr' id='par_1_71' title="bbox 206 2717 990 2753">
     <span class='ocr_line' id='line_1_71' title="bbox 206 2717 990 2753; baseline -0.001 -10"><span class='ocrx_word' id='word_1_636' title='bbox 206 2721 254 2753; x_wconf 77' lang='lat' dir='ltr'><strong>put</strong></span> <span class='ocrx_word' id='word_1_637' title='bbox 271 2717 479 2753; x_wconf 69' lang='lat' dir='ltr'><strong>Proverbiorum</strong></span> <span class='ocrx_word' id='word_1_638' title='bbox 493 2725 554 2752; x_wconf 77' lang='lat' dir='ltr'><strong>pag.</strong></span> <span class='ocrx_word' id='word_1_639' title='bbox 572 2719 624 2746; x_wconf 71' lang='lat'><strong>454</strong></span> <span class='ocrx_word' id='word_1_640' title='bbox 637 2727 642 2744; x_wconf 93' lang='lat'>:</span> <span class='ocrx_word' id='word_1_641' title='bbox 656 2719 692 2744; x_wconf 81' lang='grc' dir='ltr'><strong>Τὸ</strong></span> <span class='ocrx_word' id='word_1_642' title='bbox 709 2718 761 2745; x_wconf 85' lang='grc' dir='ltr'><strong>τῶν</strong></span> <span class='ocrx_word' id='word_1_643' title='bbox 771 2717 929 2753; x_wconf 82' lang='grc' dir='ltr'><strong>Παροιμιῶν</strong></span> <span class='ocrx_word' id='word_1_644' title='bbox 943 2718 990 2743; x_wconf 72' lang='grc' dir='ltr'><strong>ἐπὶ</strong></span> 
     </span>
    </p>
   </div>
   <div class='ocr_carea' id='block_1_72' title="bbox 203 2751 989 2792">
    <p class='ocr_par' dir='ltr' id='par_1_72' title="bbox 203 2751 989 2792">
     <span class='ocr_line' id='line_1_72' title="bbox 203 2751 989 2792; baseline 0 -14"><span class='ocrx_word' id='word_1_645' title='bbox 203 2752 259 2792; x_wconf 61' lang='grc' dir='ltr'><strong>ςῷν</strong></span> <span class='ocrx_word' id='word_1_646' title='bbox 279 2751 424 2792; x_wconf 71' lang='grc' dir='ltr'>δημοδεστέ</span> <span class='ocrx_word' id='word_1_647' title='bbox 429 2751 538 2792; x_wconf 31' lang='lat' dir='ltr'><strong>{ﬂowing</strong></span> <span class='ocrx_word' id='word_1_648' title='bbox 543 2753 582 2792; x_wconf 40' lang='grc' dir='ltr'>ρὰ.</span> <span class='ocrx_word' id='word_1_649' title='bbox 597 2754 652 2792; x_wconf 74' lang='grc' dir='ltr'><strong>τρῖς</strong></span> <span class='ocrx_word' id='word_1_650' title='bbox 672 2753 769 2792; x_wconf 66' lang='grc' dir='ltr'>ἔξωθεν</span> <span class='ocrx_word' id='word_1_651' title='bbox 781 2751 989 2792; x_wconf 40' lang='grc' dir='ltr'><strong>’τέλτακταικκαὶ</strong></span> 
     </span>
    </p>
   </div>
   <div class='ocr_carea' id='block_1_73' title="bbox 205 2787 987 2823">
    <p class='ocr_par' dir='ltr' id='par_1_73' title="bbox 205 2787 987 2823">
     <span class='ocr_line' id='line_1_73' title="bbox 205 2787 987 2823; baseline 0 -11"><span class='ocrx_word' id='word_1_652' title='bbox 205 2787 253 2823; x_wconf 59' lang='grc' dir='ltr'><strong>ἐπεὶ</strong></span> <span class='ocrx_word' id='word_1_653' title='bbox 278 2787 334 2823; x_wconf 74' lang='grc' dir='ltr'><strong>τῶν</strong></span> <span class='ocrx_word' id='word_1_654' title='bbox 358 2788 386 2813; x_wconf 88' lang='grc' dir='ltr'>ὲν</span> <span class='ocrx_word' id='word_1_655' title='bbox 402 2789 460 2818; x_wconf 81' lang='grc' dir='ltr'>ταῖς</span> <span class='ocrx_word' id='word_1_656' title='bbox 481 2787 549 2819; x_wconf 74' lang='grc' dir='ltr'>ὁδοῖς</span> <span class='ocrx_word' id='word_1_657' title='bbox 575 2788 756 2823; x_wconf 75' lang='grc' dir='ltr'>λαλουμένων.</span> <span class='ocrx_word' id='word_1_658' title='bbox 773 2788 810 2819; x_wconf 84' lang='grc' dir='ltr'><strong>ὡς</strong></span> <span class='ocrx_word' id='word_1_659' title='bbox 836 2789 869 2814; x_wconf 76' lang='grc' dir='ltr'><strong>τὰ</strong></span> <span class='ocrx_word' id='word_1_660' title='bbox 890 2787 987 2823; x_wconf 61' lang='grc' dir='ltr'><strong>πολλά.</strong></span> 
     </span>
    </p>
   </div>
   <div class='ocr_carea' id='block_1_74' title="bbox 205 2820 989 2858">
    <p class='ocr_par' dir='ltr' id='par_1_74' title="bbox 205 2820 989 2858">
     <span class='ocr_line' id='line_1_74' title="bbox 205 2820 989 2858; baseline 0.001 -11"><span class='ocrx_word' id='word_1_661' title='bbox 205 2820 289 2856; x_wconf 79' lang='grc' dir='ltr'>Οἷμος</span> <span class='ocrx_word' id='word_1_662' title='bbox 307 2821 359 2857; x_wconf 79' lang='grc' dir='ltr'>γὰρ</span> <span class='ocrx_word' id='word_1_663' title='bbox 378 2822 443 2858; x_wconf 69' lang='grc' dir='ltr'>παρ’</span> <span class='ocrx_word' id='word_1_664' title='bbox 457 2823 572 2858; x_wconf 66' lang='grc' dir='ltr'>αὐτοίςή</span> <span class='ocrx_word' id='word_1_665' title='bbox 588 2823 646 2853; x_wconf 73' lang='grc' dir='ltr'>ὁδὸς</span> <span class='ocrx_word' id='word_1_666' title='bbox 659 2820 833 2858; x_wconf 68' lang='grc' dir='ltr'>ονομάζεται.</span> <span class='ocrx_word' id='word_1_667' title='bbox 851 2822 932 2848; x_wconf 83' lang='grc' dir='ltr'>Ὅθεν</span> <span class='ocrx_word' id='word_1_668' title='bbox 944 2823 989 2848; x_wconf 72' lang='grc' dir='ltr'><strong>καὶ</strong></span> 
     </span>
    </p>
   </div>
   <div class='ocr_carea' id='block_1_75' title="bbox 204 2856 989 2897">
    <p class='ocr_par' dir='ltr' id='par_1_75' title="bbox 204 2856 989 2897">
     <span class='ocr_line' id='line_1_75' title="bbox 204 2856 989 2897; baseline -0.004 -12"><span class='ocrx_word' id='word_1_669' title='bbox 204 2857 254 2891; x_wconf 76' lang='grc' dir='ltr'><strong>τὴν</strong></span> <span class='ocrx_word' id='word_1_670' title='bbox 267 2856 425 2897; x_wconf 52' lang='grc' dir='ltr'>παροίμίαν</span> <span class='ocrx_word' id='word_1_671' title='bbox 437 2857 571 2897; x_wconf 70' lang='grc' dir='ltr'>ὁρίζονται</span> <span class='ocrx_word' id='word_1_672' title='bbox 580 2865 586 2871; x_wconf 89' lang='grc'>·</span> <span class='ocrx_word' id='word_1_673' title='bbox 595 2858 682 2897; x_wconf 52' lang='grc' dir='ltr'>ξξῇμα</span> <span class='ocrx_word' id='word_1_674' title='bbox 690 2856 826 2897; x_wconf 58' lang='grc' dir='ltr'>παρόδίον.</span> <span class='ocrx_word' id='word_1_675' title='bbox 835 2858 989 2897; x_wconf 50' lang='grc' dir='ltr'><strong>⁸’δειεριμμιές</strong></span> 
     </span>
    </p>
   </div>
   <div class='ocr_carea' id='block_1_76' title="bbox 205 2891 988 2929">
    <p class='ocr_par' dir='ltr' id='par_1_76' title="bbox 205 2891 988 2929">
     <span class='ocr_line' id='line_1_76' title="bbox 205 2891 988 2929; baseline -0.003 -8"><span class='ocrx_word' id='word_1_676' title='bbox 205 2900 250 2921; x_wconf 73' lang='grc' dir='ltr'><strong>νον</strong></span> <span class='ocrx_word' id='word_1_677' title='bbox 265 2893 294 2920; x_wconf 77' lang='grc' dir='ltr'>ἐν</span> <span class='ocrx_word' id='word_1_678' title='bbox 309 2891 341 2928; x_wconf 81' lang='grc' dir='ltr'><strong>τῆ</strong></span> <span class='ocrx_word' id='word_1_679' title='bbox 365 2892 461 2929; x_wconf 78' lang='grc' dir='ltr'>χρήσει</span> <span class='ocrx_word' id='word_1_680' title='bbox 477 2891 531 2919; x_wconf 75' lang='grc' dir='ltr'><strong>τῶν</strong></span> <span class='ocrx_word' id='word_1_681' title='bbox 555 2891 670 2926; x_wconf 72' lang='grc' dir='ltr'>πολλῶν,</span> <span class='ocrx_word' id='word_1_682' title='bbox 691 2891 737 2919; x_wconf 66' lang='grc' dir='ltr'>καῖ</span> <span class='ocrx_word' id='word_1_683' title='bbox 752 2893 805 2920; x_wconf 74' lang='grc' dir='ltr'><strong>ἀπὸ</strong></span> <span class='ocrx_word' id='word_1_684' title='bbox 829 2891 926 2926; x_wconf 82' lang='grc' dir='ltr'>ὀλίγων</span> <span class='ocrx_word' id='word_1_685' title='bbox 942 2893 988 2919; x_wconf 74' lang='grc' dir='ltr'>ἐπὶ</span> 
     </span>
    </p>
   </div>
   <div class='ocr_carea' id='block_1_77' title="bbox 1144 1017 1722 1055">
    <p class='ocr_par' dir='ltr' id='par_1_77' title="bbox 1144 1017 1722 1055">
     <span class='ocr_line' id='line_1_77' title="bbox 1144 1017 1722 1055; baseline 0.009 -12"><span class='ocrx_word' id='word_1_686' title='bbox 1144 1017 1267 1044; x_wconf 73' lang='grc' dir='ltr'>Βιϐλίον</span> <span class='ocrx_word' id='word_1_687' title='bbox 1287 1017 1330 1049; x_wconf 82' lang='grc' dir='ltr'>ιδ’,</span> <span class='ocrx_word' id='word_1_688' title='bbox 1346 1018 1501 1052; x_wconf 78' lang='grc' dir='ltr'><strong>Παροιμίαι</strong></span> <span class='ocrx_word' id='word_1_689' title='bbox 1520 1020 1722 1055; x_wconf 76' lang='grc' dir='ltr'><strong>Σολομῶντος.</strong></span> 
     </span>
    </p>
   </div>
   <div class='ocr_carea' id='block_1_78' title="bbox 1078 1063 1827 1104">
    <p class='ocr_par' dir='ltr' id='par_1_78' title="bbox 1078 1063 1827 1104">
     <span class='ocr_line' id='line_1_78' title="bbox 1078 1063 1827 1104; baseline 0.004 -16"><span class='ocrx_word' id='word_1_690' title='bbox 1078 1063 1122 1089; x_wconf 73' lang='grc'><strong>22.</strong></span> <span class='ocrx_word' id='word_1_691' title='bbox 1144 1063 1272 1098; x_wconf 80' lang='grc' dir='ltr'>Σαλομὼν</span> <span class='ocrx_word' id='word_1_692' title='bbox 1286 1063 1343 1095; x_wconf 86' lang='grc' dir='ltr'>υίδς</span> <span class='ocrx_word' id='word_1_693' title='bbox 1365 1063 1460 1096; x_wconf 76' lang='grc' dir='ltr'><strong>Δασὶδ,</strong></span> <span class='ocrx_word' id='word_1_694' title='bbox 1476 1064 1664 1100; x_wconf 83' lang='grc' dir='ltr'>διαδεξάμενος</span> <span class='ocrx_word' id='word_1_695' title='bbox 1679 1069 1729 1103; x_wconf 83' lang='grc' dir='ltr'><strong>τὴν</strong></span> <span class='ocrx_word' id='word_1_696' title='bbox 1749 1069 1827 1104; x_wconf 84' lang='grc' dir='ltr'>βασι-</span> 
     </span>
    </p>
   </div>
   <div class='ocr_carea' id='block_1_79' title="bbox 1041 1109 1826 1152">
    <p class='ocr_par' dir='ltr' id='par_1_79' title="bbox 1041 1109 1826 1152">
     <span class='ocr_line' id='line_1_79' title="bbox 1041 1109 1826 1152; baseline 0.008 -16"><span class='ocrx_word' id='word_1_697' title='bbox 1041 1109 1115 1137; x_wconf 97' lang='grc' dir='ltr'>λείαν</span> <span class='ocrx_word' id='word_1_698' title='bbox 1129 1109 1176 1136; x_wconf 82' lang='grc' dir='ltr'>τοῦ</span> <span class='ocrx_word' id='word_1_699' title='bbox 1188 1109 1300 1144; x_wconf 83' lang='grc' dir='ltr'>πατρὸς,</span> <span class='ocrx_word' id='word_1_700' title='bbox 1314 1109 1413 1145; x_wconf 80' lang='grc' dir='ltr'>ηὔξατο</span> <span class='ocrx_word' id='word_1_701' title='bbox 1423 1110 1462 1146; x_wconf 86' lang='grc' dir='ltr'><strong>τῷ</strong></span> <span class='ocrx_word' id='word_1_702' title='bbox 1471 1111 1529 1146; x_wconf 86' lang='grc' dir='ltr'><strong>Θεῴ</strong></span> <span class='ocrx_word' id='word_1_703' title='bbox 1543 1111 1633 1138; x_wconf 74' lang='grc' dir='ltr'>λαῦεῖν</span> <span class='ocrx_word' id='word_1_704' title='bbox 1647 1115 1741 1147; x_wconf 75' lang='grc' dir='ltr'>σοφίαν</span> <span class='ocrx_word' id='word_1_705' title='bbox 1754 1115 1826 1152; x_wconf 84' lang='grc' dir='ltr'><strong>ὑπὲρ</strong></span> 
     </span>
    </p>
   </div>
   <div class='ocr_carea' id='block_1_80' title="bbox 1043 1155 1825 1193">
    <p class='ocr_par' dir='ltr' id='par_1_80' title="bbox 1043 1155 1825 1193">
     <span class='ocr_line' id='line_1_80' title="bbox 1043 1155 1825 1193; baseline 0.008 -11"><span class='ocrx_word' id='word_1_706' title='bbox 1043 1155 1176 1188; x_wconf 71' lang='grc' dir='ltr'>πλοῦτον,</span> <span class='ocrx_word' id='word_1_707' title='bbox 1198 1155 1246 1182; x_wconf 74' lang='grc' dir='ltr'><strong>καὶ</strong></span> <span class='ocrx_word' id='word_1_708' title='bbox 1265 1155 1334 1191; x_wconf 83' lang='grc' dir='ltr'>ὑπὲρ</span> <span class='ocrx_word' id='word_1_709' title='bbox 1351 1155 1456 1191; x_wconf 79' lang='grc' dir='ltr'>ἄμυναν</span> <span class='ocrx_word' id='word_1_710' title='bbox 1479 1157 1593 1193; x_wconf 80' lang='grc' dir='ltr'>ἐχθρῶν.</span> <span class='ocrx_word' id='word_1_711' title='bbox 1617 1158 1712 1186; x_wconf 75' lang='grc' dir='ltr'>Λαϐὼν</span> <span class='ocrx_word' id='word_1_712' title='bbox 1734 1161 1825 1188; x_wconf 77' lang='grc' dir='ltr'>τοίνυν</span> 
     </span>
    </p>
   </div>
   <div class='ocr_carea' id='block_1_81' title="bbox 1043 1201 1826 1240">
    <p class='ocr_par' dir='ltr' id='par_1_81' title="bbox 1043 1201 1826 1240">
     <span class='ocr_line' id='line_1_81' title="bbox 1043 1201 1826 1240; baseline 0.009 -13"><span class='ocrx_word' id='word_1_713' title='bbox 1043 1203 1090 1229; x_wconf 81' lang='grc' dir='ltr'>καὶ</span> <span class='ocrx_word' id='word_1_714' title='bbox 1109 1201 1252 1237; x_wconf 76' lang='grc' dir='ltr'>γενόμενος</span> <span class='ocrx_word' id='word_1_715' title='bbox 1269 1202 1350 1236; x_wconf 79' lang='grc' dir='ltr'>σοφὸς</span> <span class='ocrx_word' id='word_1_716' title='bbox 1372 1202 1441 1238; x_wconf 80' lang='grc' dir='ltr'>ὑπὲρ</span> <span class='ocrx_word' id='word_1_717' title='bbox 1458 1202 1563 1235; x_wconf 84' lang='grc' dir='ltr'><strong>πάντας</strong></span> <span class='ocrx_word' id='word_1_718' title='bbox 1586 1205 1649 1236; x_wconf 76' lang='grc' dir='ltr'><strong>τοὺς</strong></span> <span class='ocrx_word' id='word_1_719' title='bbox 1669 1205 1720 1240; x_wconf 85' lang='grc' dir='ltr'>πρὸ</span> <span class='ocrx_word' id='word_1_720' title='bbox 1741 1207 1826 1234; x_wconf 78' lang='grc' dir='ltr'>αὐτοῦ</span> 
     </span>
    </p>
   </div>
   <div class='ocr_carea' id='block_1_82' title="bbox 1042 1246 1824 1283">
    <p class='ocr_par' dir='ltr' id='par_1_82' title="bbox 1042 1246 1824 1283">
     <span class='ocr_line' id='line_1_82' title="bbox 1042 1246 1824 1283; baseline 0.005 -9"><span class='ocrx_word' id='word_1_721' title='bbox 1042 1248 1089 1274; x_wconf 75' lang='grc' dir='ltr'>καὶ</span> <span class='ocrx_word' id='word_1_722' title='bbox 1105 1249 1164 1283; x_wconf 84' lang='grc' dir='ltr'>μετ’</span> <span class='ocrx_word' id='word_1_723' title='bbox 1177 1248 1258 1274; x_wconf 78' lang='grc' dir='ltr'>αὑτὸν</span> <span class='ocrx_word' id='word_1_724' title='bbox 1270 1246 1439 1283; x_wconf 79' lang='grc' dir='ltr'><strong>ἀνθρώπους,</strong></span> <span class='ocrx_word' id='word_1_725' title='bbox 1456 1248 1622 1283; x_wconf 84' lang='grc' dir='ltr'>θαυμασθείς</span> <span class='ocrx_word' id='word_1_726' title='bbox 1638 1259 1667 1276; x_wconf 85' lang='grc' dir='ltr'>τε</span> <span class='ocrx_word' id='word_1_727' title='bbox 1682 1251 1728 1277; x_wconf 73' lang='grc' dir='ltr'><strong>ἐπὶ</strong></span> <span class='ocrx_word' id='word_1_728' title='bbox 1740 1253 1824 1278; x_wconf 75' lang='grc' dir='ltr'>πᾶσιν</span> 
     </span>
    </p>
   </div>
   <div class='ocr_carea' id='block_1_83' title="bbox 1042 1290 1824 1332">
    <p class='ocr_par' dir='ltr' id='par_1_83' title="bbox 1042 1290 1824 1332">
     <span class='ocr_line' id='line_1_83' title="bbox 1042 1290 1824 1332; baseline 0.006 -13"><span class='ocrx_word' id='word_1_729' title='bbox 1042 1290 1082 1325; x_wconf 63' lang='grc' dir='ltr'><strong>οἷς</strong></span> <span class='ocrx_word' id='word_1_730' title='bbox 1099 1293 1184 1320; x_wconf 77' lang='grc' dir='ltr'>ἐποίει</span> <span class='ocrx_word' id='word_1_731' title='bbox 1199 1301 1230 1319; x_wconf 80' lang='grc' dir='ltr'>τε</span> <span class='ocrx_word' id='word_1_732' title='bbox 1251 1293 1297 1319; x_wconf 75' lang='grc' dir='ltr'>καὶ</span> <span class='ocrx_word' id='word_1_733' title='bbox 1319 1293 1405 1327; x_wconf 69' lang='grc' dir='ltr'>ἔλεγε,</span> <span class='ocrx_word' id='word_1_734' title='bbox 1425 1294 1574 1329; x_wconf 84' lang='grc' dir='ltr'><strong>τρισχιλίας</strong></span> <span class='ocrx_word' id='word_1_735' title='bbox 1596 1296 1645 1330; x_wconf 87' lang='grc' dir='ltr'>μὲν</span> <span class='ocrx_word' id='word_1_736' title='bbox 1668 1297 1824 1332; x_wconf 71' lang='grc' dir='ltr'>παραὸολέις</span> 
     </span>
    </p>
   </div>
   <div class='ocr_carea' id='block_1_84' title="bbox 1042 1339 1824 1378">
    <p class='ocr_par' dir='ltr' id='par_1_84' title="bbox 1042 1339 1824 1378">
     <span class='ocr_line' id='line_1_84' title="bbox 1042 1339 1824 1378; baseline 0.006 -13"><span class='ocrx_word' id='word_1_737' title='bbox 1042 1340 1088 1366; x_wconf 77' lang='grc' dir='ltr'>καὶ</span> <span class='ocrx_word' id='word_1_738' title='bbox 1100 1339 1334 1374; x_wconf 80' lang='grc' dir='ltr'><strong>πεντακισχιλίους</strong></span> <span class='ocrx_word' id='word_1_739' title='bbox 1343 1339 1415 1374; x_wconf 80' lang='grc' dir='ltr'>ᾠδὰς</span> <span class='ocrx_word' id='word_1_740' title='bbox 1427 1339 1540 1374; x_wconf 83' lang='grc' dir='ltr'>ὲλάλησε</span> <span class='ocrx_word' id='word_1_741' title='bbox 1550 1349 1556 1355; x_wconf 88' lang='grc'>·</span> <span class='ocrx_word' id='word_1_742' title='bbox 1572 1341 1619 1367; x_wconf 74' lang='grc' dir='ltr'>καὶ</span> <span class='ocrx_word' id='word_1_743' title='bbox 1631 1342 1824 1378; x_wconf 80' lang='grc' dir='ltr'>ὲφυσιολόγησε</span> 
     </span>
    </p>
   </div>
   <div class='ocr_carea' id='block_1_85' title="bbox 1042 1382 1825 1419">
    <p class='ocr_par' dir='ltr' id='par_1_85' title="bbox 1042 1382 1825 1419">
     <span class='ocr_line' id='line_1_85' title="bbox 1042 1382 1825 1419; baseline 0.008 -11"><span class='ocrx_word' id='word_1_744' title='bbox 1042 1382 1107 1417; x_wconf 78' lang='grc' dir='ltr'>περὶ</span> <span class='ocrx_word' id='word_1_745' title='bbox 1121 1383 1229 1409; x_wconf 83' lang='grc' dir='ltr'>πάντων</span> <span class='ocrx_word' id='word_1_746' title='bbox 1243 1383 1297 1409; x_wconf 82' lang='grc' dir='ltr'><strong>τῶν</strong></span> <span class='ocrx_word' id='word_1_747' title='bbox 1312 1391 1341 1408; x_wconf 83' lang='grc' dir='ltr'>τε</span> <span class='ocrx_word' id='word_1_748' title='bbox 1360 1384 1392 1409; x_wconf 81' lang='grc' dir='ltr'>ὲκ</span> <span class='ocrx_word' id='word_1_749' title='bbox 1407 1384 1458 1419; x_wconf 86' lang='grc' dir='ltr'><strong>γῆς</strong></span> <span class='ocrx_word' id='word_1_750' title='bbox 1472 1384 1612 1419; x_wconf 81' lang='grc' dir='ltr'>φυομένων</span> <span class='ocrx_word' id='word_1_751' title='bbox 1626 1385 1671 1412; x_wconf 69' lang='grc' dir='ltr'><strong>καὶ</strong></span> <span class='ocrx_word' id='word_1_752' title='bbox 1685 1386 1753 1413; x_wconf 85' lang='grc' dir='ltr'>ὅλων</span> <span class='ocrx_word' id='word_1_753' title='bbox 1769 1387 1825 1414; x_wconf 80' lang='grc' dir='ltr'><strong>τῶν</strong></span> 
     </span>
    </p>
   </div>
   <div class='ocr_carea' id='block_1_86' title="bbox 1043 1427 1824 1469">
    <p class='ocr_par' dir='ltr' id='par_1_86' title="bbox 1043 1427 1824 1469">
     <span class='ocr_line' id='line_1_86' title="bbox 1043 1427 1824 1469; baseline 0.009 -16"><span class='ocrx_word' id='word_1_754' title='bbox 1043 1427 1129 1460; x_wconf 83' lang='grc' dir='ltr'>ζώων.</span> <span class='ocrx_word' id='word_1_755' title='bbox 1145 1428 1300 1464; x_wconf 79' lang='grc' dir='ltr'>Συνέγραψε</span> <span class='ocrx_word' id='word_1_756' title='bbox 1313 1428 1342 1455; x_wconf 84' lang='grc' dir='ltr'>δὲ</span> <span class='ocrx_word' id='word_1_757' title='bbox 1363 1428 1462 1464; x_wconf 77' lang='grc' dir='ltr'>βιϐλία,</span> <span class='ocrx_word' id='word_1_758' title='bbox 1478 1430 1669 1466; x_wconf 81' lang='grc' dir='ltr'>κανονιζόμενα</span> <span class='ocrx_word' id='word_1_759' title='bbox 1683 1433 1731 1467; x_wconf 79' lang='grc' dir='ltr'>μὲν</span> <span class='ocrx_word' id='word_1_760' title='bbox 1742 1433 1804 1469; x_wconf 81' lang='grc' dir='ltr'>τρία</span> <span class='ocrx_word' id='word_1_761' title='bbox 1814 1442 1824 1448; x_wconf 79' lang='lat'>&#39;</span> 
     </span>
    </p>
   </div>
   <div class='ocr_carea' id='block_1_87' title="bbox 1042 1472 1825 1510">
    <p class='ocr_par' dir='ltr' id='par_1_87' title="bbox 1042 1472 1825 1510">
     <span class='ocr_line' id='line_1_87' title="bbox 1042 1472 1825 1510; baseline 0.006 -10"><span class='ocrx_word' id='word_1_762' title='bbox 1042 1474 1126 1509; x_wconf 79' lang='grc' dir='ltr'>ἦγουν</span> <span class='ocrx_word' id='word_1_763' title='bbox 1147 1472 1225 1500; x_wconf 81' lang='grc' dir='ltr'>τοῦτό</span> <span class='ocrx_word' id='word_1_764' title='bbox 1243 1482 1273 1500; x_wconf 87' lang='grc' dir='ltr'>τε</span> <span class='ocrx_word' id='word_1_765' title='bbox 1294 1474 1325 1500; x_wconf 82' lang='grc' dir='ltr'><strong>τὸ</strong></span> <span class='ocrx_word' id='word_1_766' title='bbox 1341 1474 1505 1509; x_wconf 84' lang='grc' dir='ltr'>καλούμενον</span> <span class='ocrx_word' id='word_1_767' title='bbox 1527 1475 1673 1510; x_wconf 83' lang='grc' dir='ltr'>Παροιμίαι</span> <span class='ocrx_word' id='word_1_768' title='bbox 1689 1496 1696 1508; x_wconf 88' lang='grc'>,</span> <span class='ocrx_word' id='word_1_769' title='bbox 1717 1477 1763 1504; x_wconf 72' lang='grc' dir='ltr'>καὶ</span> <span class='ocrx_word' id='word_1_770' title='bbox 1779 1478 1825 1505; x_wconf 73' lang='grc' dir='ltr'><strong>τὸν</strong></span> 
     </span>
    </p>
   </div>
   <div class='ocr_carea' id='block_1_88' title="bbox 1049 1517 1825 1556">
    <p class='ocr_par' dir='ltr' id='par_1_88' title="bbox 1049 1517 1825 1556">
     <span class='ocr_line' id='line_1_88' title="bbox 1049 1517 1825 1556; baseline 0.004 -10"><span class='ocrx_word' id='word_1_771' title='bbox 1049 1518 1274 1555; x_wconf 71' lang='grc' dir='ltr'>Ἐκκλησιαστὴν,</span> <span class='ocrx_word' id='word_1_772' title='bbox 1284 1519 1369 1549; x_wconf 78' lang='grc' dir='ltr'>καὶτὸ</span> <span class='ocrx_word' id='word_1_773' title='bbox 1380 1517 1474 1555; x_wconf 77' lang='grc' dir='ltr'>ᾋσμα</span> <span class='ocrx_word' id='word_1_774' title='bbox 1488 1520 1540 1547; x_wconf 84' lang='grc' dir='ltr'><strong>τῶν</strong></span> <span class='ocrx_word' id='word_1_775' title='bbox 1550 1521 1680 1556; x_wconf 78' lang='grc' dir='ltr'><strong>ᾀσμάτων</strong></span> <span class='ocrx_word' id='word_1_776' title='bbox 1692 1530 1699 1538; x_wconf 79' lang='lat'><strong>&#39;</strong></span> <span class='ocrx_word' id='word_1_777' title='bbox 1714 1523 1825 1549; x_wconf 76' lang='grc' dir='ltr'>καὶέτε-</span> 
     </span>
    </p>
   </div>
   <div class='ocr_carea' id='block_1_89' title="bbox 1043 1564 1825 1602">
    <p class='ocr_par' dir='ltr' id='par_1_89' title="bbox 1043 1564 1825 1602">
     <span class='ocr_line' id='line_1_89' title="bbox 1043 1564 1825 1602; baseline 0.001 -11"><span class='ocrx_word' id='word_1_778' title='bbox 1043 1573 1088 1602; x_wconf 88' lang='grc' dir='ltr'>ρον</span> <span class='ocrx_word' id='word_1_779' title='bbox 1104 1565 1132 1592; x_wconf 86' lang='grc' dir='ltr'>δὲ</span> <span class='ocrx_word' id='word_1_780' title='bbox 1148 1564 1227 1596; x_wconf 78' lang='grc' dir='ltr'>ἐκτὸς</span> <span class='ocrx_word' id='word_1_781' title='bbox 1247 1564 1348 1590; x_wconf 84' lang='grc' dir='ltr'>τούτων</span> <span class='ocrx_word' id='word_1_782' title='bbox 1358 1584 1365 1597; x_wconf 92' lang='grc'>,</span> <span class='ocrx_word' id='word_1_783' title='bbox 1388 1564 1425 1598; x_wconf 82' lang='grc' dir='ltr'>μὴ</span> <span class='ocrx_word' id='word_1_784' title='bbox 1449 1564 1664 1599; x_wconf 80' lang='grc' dir='ltr'>κανονιζόμενον,</span> <span class='ocrx_word' id='word_1_785' title='bbox 1680 1565 1717 1597; x_wconf 83' lang='grc' dir='ltr'><strong>ὡς</strong></span> <span class='ocrx_word' id='word_1_786' title='bbox 1732 1566 1825 1602; x_wconf 84' lang='grc' dir='ltr'>προεί-</span> 
     </span>
    </p>
   </div>
   <div class='ocr_carea' id='block_1_90' title="bbox 1043 1608 1825 1646">
    <p class='ocr_par' dir='ltr' id='par_1_90' title="bbox 1043 1608 1825 1646">
     <span class='ocr_line' id='line_1_90' title="bbox 1043 1608 1825 1646; baseline 0.001 -10"><span class='ocrx_word' id='word_1_787' title='bbox 1043 1619 1132 1646; x_wconf 84' lang='grc' dir='ltr'>ρηται,</span> <span class='ocrx_word' id='word_1_788' title='bbox 1145 1610 1213 1645; x_wconf 80' lang='grc' dir='ltr'>ὅπερ</span> <span class='ocrx_word' id='word_1_789' title='bbox 1229 1608 1390 1644; x_wconf 75' lang='grc' dir='ltr'>ὀνομάζεται</span> <span class='ocrx_word' id='word_1_790' title='bbox 1412 1609 1496 1643; x_wconf 78' lang='grc' dir='ltr'>Σοφία</span> <span class='ocrx_word' id='word_1_791' title='bbox 1520 1609 1700 1645; x_wconf 80' lang='grc' dir='ltr'>Σολομῶντος.</span> <span class='ocrx_word' id='word_1_792' title='bbox 1725 1612 1825 1646; x_wconf 89' lang='grc' dir='ltr'>Παροι-</span> 
     </span>
    </p>
   </div>
   <div class='ocr_carea' id='block_1_91' title="bbox 1043 1653 1824 1690">
    <p class='ocr_par' dir='ltr' id='par_1_91' title="bbox 1043 1653 1824 1690">
     <span class='ocr_line' id='line_1_91' title="bbox 1043 1653 1824 1690; baseline 0 -9"><span class='ocrx_word' id='word_1_793' title='bbox 1043 1655 1106 1690; x_wconf 80' lang='grc' dir='ltr'>μίας</span> <span class='ocrx_word' id='word_1_794' title='bbox 1121 1655 1149 1681; x_wconf 86' lang='grc' dir='ltr'>δὲ</span> <span class='ocrx_word' id='word_1_795' title='bbox 1159 1653 1298 1690; x_wconf 74' lang='grc' dir='ltr'>ἐπέγραψε</span> <span class='ocrx_word' id='word_1_796' title='bbox 1311 1653 1341 1679; x_wconf 83' lang='grc' dir='ltr'><strong>τὺ</strong></span> <span class='ocrx_word' id='word_1_797' title='bbox 1356 1653 1442 1689; x_wconf 75' lang='grc' dir='ltr'>παρὸν</span> <span class='ocrx_word' id='word_1_798' title='bbox 1454 1653 1564 1688; x_wconf 83' lang='grc' dir='ltr'>βιὸλίον,</span> <span class='ocrx_word' id='word_1_799' title='bbox 1573 1654 1664 1689; x_wconf 71' lang='grc' dir='ltr'>ἐπειδὴ</span> <span class='ocrx_word' id='word_1_800' title='bbox 1679 1655 1824 1690; x_wconf 68' lang='grc' dir='ltr'>παροιμίαι</span> 
     </span>
    </p>
   </div>
   <div class='ocr_carea' id='block_1_92' title="bbox 1040 1699 1824 1736">
    <p class='ocr_par' dir='ltr' id='par_1_92' title="bbox 1040 1699 1824 1736">
     <span class='ocr_line' id='line_1_92' title="bbox 1040 1699 1824 1736; baseline 0 -9"><span class='ocrx_word' id='word_1_801' title='bbox 1040 1701 1093 1727; x_wconf 74' lang='grc' dir='ltr'><strong>εἰσὶ</strong></span> <span class='ocrx_word' id='word_1_802' title='bbox 1110 1700 1182 1734; x_wconf 81' lang='grc' dir='ltr'>λόγοι</span> <span class='ocrx_word' id='word_1_803' title='bbox 1199 1700 1297 1734; x_wconf 81' lang='grc' dir='ltr'>σοφῶν,</span> <span class='ocrx_word' id='word_1_804' title='bbox 1311 1699 1349 1731; x_wconf 81' lang='grc' dir='ltr'><strong>ὼς</strong></span> <span class='ocrx_word' id='word_1_805' title='bbox 1359 1699 1516 1734; x_wconf 80' lang='grc' dir='ltr'>αἰνίγματα,</span> <span class='ocrx_word' id='word_1_806' title='bbox 1533 1700 1611 1726; x_wconf 75' lang='grc' dir='ltr'>ἅτινα</span> <span class='ocrx_word' id='word_1_807' title='bbox 1625 1700 1715 1736; x_wconf 82' lang='grc' dir='ltr'>ἓτερον</span> <span class='ocrx_word' id='word_1_808' title='bbox 1736 1701 1785 1735; x_wconf 82' lang='grc' dir='ltr'>μέν</span> <span class='ocrx_word' id='word_1_809' title='bbox 1796 1709 1824 1727; x_wconf 82' lang='grc' dir='ltr'>τι</span> 
     </span>
    </p>
   </div>
   <div class='ocr_carea' id='block_1_93' title="bbox 1041 1745 1825 1781">
    <p class='ocr_par' dir='ltr' id='par_1_93' title="bbox 1041 1745 1825 1781">
     <span class='ocr_line' id='line_1_93' title="bbox 1041 1745 1825 1781; baseline 0.001 -9"><span class='ocrx_word' id='word_1_810' title='bbox 1041 1745 1152 1773; x_wconf 79' lang='grc' dir='ltr'>αὐτόθεν</span> <span class='ocrx_word' id='word_1_811' title='bbox 1164 1745 1295 1780; x_wconf 76' lang='grc' dir='ltr'>δηλοῦντα</span> <span class='ocrx_word' id='word_1_812' title='bbox 1311 1746 1393 1778; x_wconf 79' lang='grc' dir='ltr'><strong>ἐστιν,</strong></span> <span class='ocrx_word' id='word_1_813' title='bbox 1408 1745 1500 1780; x_wconf 76' lang='grc' dir='ltr'>ἕτερον</span> <span class='ocrx_word' id='word_1_814' title='bbox 1518 1745 1545 1771; x_wconf 79' lang='grc' dir='ltr'>δὲ</span> <span class='ocrx_word' id='word_1_815' title='bbox 1567 1746 1595 1772; x_wconf 79' lang='grc' dir='ltr'>ἐν</span> <span class='ocrx_word' id='word_1_816' title='bbox 1613 1746 1723 1781; x_wconf 84' lang='grc' dir='ltr'>ὑπονοίᾳ</span> <span class='ocrx_word' id='word_1_817' title='bbox 1736 1747 1825 1781; x_wconf 82' lang='grc' dir='ltr'>ἀπαγ-</span> 
     </span>
    </p>
   </div>
   <div class='ocr_carea' id='block_1_94' title="bbox 1041 1789 1823 1828">
    <p class='ocr_par' dir='ltr' id='par_1_94' title="bbox 1041 1789 1823 1828">
     <span class='ocr_line' id='line_1_94' title="bbox 1041 1789 1823 1828; baseline 0.001 -10"><span class='ocrx_word' id='word_1_818' title='bbox 1041 1791 1173 1826; x_wconf 79' lang='grc' dir='ltr'>γέλλουσι.</span> <span class='ocrx_word' id='word_1_819' title='bbox 1187 1791 1247 1818; x_wconf 87' lang='grc' dir='ltr'>Τῶν</span> <span class='ocrx_word' id='word_1_820' title='bbox 1260 1792 1288 1818; x_wconf 85' lang='grc' dir='ltr'>δὲ</span> <span class='ocrx_word' id='word_1_821' title='bbox 1303 1791 1430 1818; x_wconf 78' lang='grc' dir='ltr'>τοιούτων</span> <span class='ocrx_word' id='word_1_822' title='bbox 1446 1789 1514 1823; x_wconf 79' lang='grc' dir='ltr'>εἶδός</span> <span class='ocrx_word' id='word_1_823' title='bbox 1533 1793 1602 1819; x_wconf 81' lang='grc' dir='ltr'>εἰσιν</span> <span class='ocrx_word' id='word_1_824' title='bbox 1619 1794 1646 1819; x_wconf 75' lang='grc' dir='ltr'>αἱ</span> <span class='ocrx_word' id='word_1_825' title='bbox 1665 1793 1823 1828; x_wconf 86' lang='grc' dir='ltr'>Παροιμίαι.</span> 
     </span>
    </p>
   </div>
   <div class='ocr_carea' id='block_1_95' title="bbox 1041 1836 1824 1873">
    <p class='ocr_par' dir='ltr' id='par_1_95' title="bbox 1041 1836 1824 1873">
     <span class='ocr_line' id='line_1_95' title="bbox 1041 1836 1824 1873; baseline 0.001 -10"><span class='ocrx_word' id='word_1_826' title='bbox 1041 1836 1118 1864; x_wconf 83' lang='grc' dir='ltr'><strong>οὕτω</strong></span> <span class='ocrx_word' id='word_1_827' title='bbox 1135 1837 1189 1873; x_wconf 84' lang='grc' dir='ltr'><strong>γὰρ</strong></span> <span class='ocrx_word' id='word_1_828' title='bbox 1211 1837 1258 1864; x_wconf 75' lang='grc' dir='ltr'>καὶ</span> <span class='ocrx_word' id='word_1_829' title='bbox 1273 1838 1297 1864; x_wconf 88' lang='grc' dir='ltr'>οἰ</span> <span class='ocrx_word' id='word_1_830' title='bbox 1318 1838 1435 1873; x_wconf 79' lang='grc' dir='ltr'>μαθηταὶ</span> <span class='ocrx_word' id='word_1_831' title='bbox 1458 1838 1505 1864; x_wconf 79' lang='grc' dir='ltr'><strong>τοῦ</strong></span> <span class='ocrx_word' id='word_1_832' title='bbox 1525 1838 1628 1873; x_wconf 84' lang='grc' dir='ltr'>Κυρίου</span> <span class='ocrx_word' id='word_1_833' title='bbox 1649 1837 1772 1872; x_wconf 74' lang='grc' dir='ltr'>λέγουσιν</span> <span class='ocrx_word' id='word_1_834' title='bbox 1794 1839 1824 1865; x_wconf 86' lang='grc' dir='ltr'>ὲν</span> 
     </span>
    </p>
   </div>
   <div class='ocr_carea' id='block_1_96' title="bbox 1041 1883 1825 1919">
    <p class='ocr_par' dir='ltr' id='par_1_96' title="bbox 1041 1883 1825 1919">
     <span class='ocr_line' id='line_1_96' title="bbox 1041 1883 1825 1919; baseline 0 -10"><span class='ocrx_word' id='word_1_835' title='bbox 1041 1883 1080 1918; x_wconf 83' lang='grc' dir='ltr'><strong>τῷ</strong></span> <span class='ocrx_word' id='word_1_836' title='bbox 1095 1883 1165 1909; x_wconf 85' lang='grc' dir='ltr'>κατὰ</span> <span class='ocrx_word' id='word_1_837' title='bbox 1193 1883 1317 1919; x_wconf 83' lang='grc' dir='ltr'>Ἰωάννην</span> <span class='ocrx_word' id='word_1_838' title='bbox 1343 1883 1519 1918; x_wconf 85' lang='grc' dir='ltr'>Εὐαγγελίῳ,</span> <span class='ocrx_word' id='word_1_839' title='bbox 1544 1884 1606 1916; x_wconf 83' lang='grc' dir='ltr'><strong>ὅτε,</strong></span> <span class='ocrx_word' id='word_1_840' title='bbox 1632 1883 1680 1909; x_wconf 83' lang='grc' dir='ltr'><strong>τοῦ</strong></span> <span class='ocrx_word' id='word_1_841' title='bbox 1704 1884 1825 1918; x_wconf 74' lang='grc' dir='ltr'>Χριστοῦ</span> 
     </span>
    </p>
   </div>
   <div class='ocr_carea' id='block_1_97' title="bbox 1041 1929 1823 1965">
    <p class='ocr_par' dir='ltr' id='par_1_97' title="bbox 1041 1929 1823 1965">
     <span class='ocr_line' id='line_1_97' title="bbox 1041 1929 1823 1965; baseline -0.001 -9"><span class='ocrx_word' id='word_1_842' title='bbox 1041 1929 1126 1956; x_wconf 79' lang='grc' dir='ltr'>πολλὰ</span> <span class='ocrx_word' id='word_1_843' title='bbox 1142 1929 1283 1965; x_wconf 73' lang='grc' dir='ltr'>εἰρηκότος</span> <span class='ocrx_word' id='word_1_844' title='bbox 1302 1929 1434 1965; x_wconf 78' lang='grc' dir='ltr'>πρότερον</span> <span class='ocrx_word' id='word_1_845' title='bbox 1456 1930 1485 1956; x_wconf 80' lang='grc' dir='ltr'>ὲν</span> <span class='ocrx_word' id='word_1_846' title='bbox 1502 1929 1680 1965; x_wconf 80' lang='grc' dir='ltr'>κεκρυμμένῃ</span> <span class='ocrx_word' id='word_1_847' title='bbox 1702 1929 1823 1965; x_wconf 79' lang='grc' dir='ltr'>διανοίᾳ,</span> 
     </span>
    </p>
   </div>
   <div class='ocr_carea' id='block_1_98' title="bbox 1043 1975 1822 2012">
    <p class='ocr_par' dir='ltr' id='par_1_98' title="bbox 1043 1975 1822 2012">
     <span class='ocr_line' id='line_1_98' title="bbox 1043 1975 1822 2012; baseline 0 -10"><span class='ocrx_word' id='word_1_848' title='bbox 1043 1975 1153 2012; x_wconf 79' lang='grc' dir='ltr'>ὕστερόν</span> <span class='ocrx_word' id='word_1_849' title='bbox 1170 1985 1250 2010; x_wconf 82' lang='grc' dir='ltr'>φασιν</span> <span class='ocrx_word' id='word_1_850' title='bbox 1266 1975 1354 2011; x_wconf 81' lang='grc' dir='ltr'><strong>αὐτῷ·</strong></span> <span class='ocrx_word' id='word_1_851' title='bbox 1372 1985 1382 2001; x_wconf 73' lang='grc' dir='ltr'><strong>ι</strong></span> <span class='ocrx_word' id='word_1_852' title='bbox 1418 1976 1466 2002; x_wconf 84' lang='grc' dir='ltr'><strong>Ίδὲ</strong></span> <span class='ocrx_word' id='word_1_853' title='bbox 1489 1975 1536 2003; x_wconf 80' lang='grc' dir='ltr'>νῦν</span> <span class='ocrx_word' id='word_1_854' title='bbox 1554 1976 1697 2012; x_wconf 73' lang='grc' dir='ltr'>παρρησίᾳ</span> <span class='ocrx_word' id='word_1_855' title='bbox 1721 1975 1822 2007; x_wconf 85' lang='grc' dir='ltr'><strong>λαλεῖς,</strong></span> 
     </span>
    </p>
   </div>
   <div class='ocr_carea' id='block_1_99' title="bbox 1041 2021 1823 2058">
    <p class='ocr_par' dir='ltr' id='par_1_99' title="bbox 1041 2021 1823 2058">
     <span class='ocr_line' id='line_1_99' title="bbox 1041 2021 1823 2058; baseline -0.001 -10"><span class='ocrx_word' id='word_1_856' title='bbox 1041 2022 1248 2058; x_wconf 76' lang='grc' dir='ltr'>καὶ”παροιμίαν</span> <span class='ocrx_word' id='word_1_857' title='bbox 1263 2021 1322 2048; x_wconf 84' lang='grc' dir='ltr'>οὐδὲ</span> <span class='ocrx_word' id='word_1_858' title='bbox 1348 2022 1412 2057; x_wconf 87' lang='grc' dir='ltr'>μίαν</span> <span class='ocrx_word' id='word_1_859' title='bbox 1439 2021 1566 2056; x_wconf 70' lang='grc' dir='ltr'>λέγεις-ι</span> <span class='ocrx_word' id='word_1_860' title='bbox 1591 2022 1628 2053; x_wconf 83' lang='grc' dir='ltr'><strong>ὡς</strong></span> <span class='ocrx_word' id='word_1_861' title='bbox 1649 2021 1702 2047; x_wconf 82' lang='grc' dir='ltr'>τῶν</span> <span class='ocrx_word' id='word_1_862' title='bbox 1726 2031 1823 2057; x_wconf 85' lang='grc' dir='ltr'>παροι-</span> 
     </span>
    </p>
   </div>
   <div class='ocr_carea' id='block_1_100' title="bbox 1043 2067 1822 2103">
    <p class='ocr_par' dir='ltr' id='par_1_100' title="bbox 1043 2067 1822 2103">
     <span class='ocr_line' id='line_1_100' title="bbox 1043 2067 1822 2103; baseline -0.001 -9"><span class='ocrx_word' id='word_1_863' title='bbox 1043 2068 1110 2103; x_wconf 81' lang='grc' dir='ltr'>μιῶν</span> <span class='ocrx_word' id='word_1_864' title='bbox 1129 2068 1165 2103; x_wconf 86' lang='grc' dir='ltr'>μὴ</span> <span class='ocrx_word' id='word_1_865' title='bbox 1184 2069 1215 2094; x_wconf 84' lang='grc' dir='ltr'>ὲκ</span> <span class='ocrx_word' id='word_1_866' title='bbox 1228 2067 1353 2102; x_wconf 81' lang='grc' dir='ltr'>φανεροῦ,</span> <span class='ocrx_word' id='word_1_867' title='bbox 1366 2067 1432 2094; x_wconf 75' lang='grc' dir='ltr'><strong>ἀλλὰ</strong></span> <span class='ocrx_word' id='word_1_868' title='bbox 1445 2068 1643 2103; x_wconf 75' lang='grc' dir='ltr'>κεκρυμμένως</span> <span class='ocrx_word' id='word_1_869' title='bbox 1654 2067 1822 2102; x_wconf 75' lang='grc' dir='ltr'>λεγομένων.</span> 
     </span>
    </p>
   </div>
   <div class='ocr_carea' id='block_1_101' title="bbox 1048 2112 1824 2148">
    <p class='ocr_par' dir='ltr' id='par_1_101' title="bbox 1048 2112 1824 2148">
     <span class='ocr_line' id='line_1_101' title="bbox 1048 2112 1824 2148; baseline -0.003 -8"><span class='ocrx_word' id='word_1_870' title='bbox 1048 2114 1122 2140; x_wconf 79' lang='grc' dir='ltr'>Ἐπεὶ</span> <span class='ocrx_word' id='word_1_871' title='bbox 1134 2112 1180 2140; x_wconf 81' lang='grc' dir='ltr'><strong>οὖν</strong></span> <span class='ocrx_word' id='word_1_872' title='bbox 1196 2113 1224 2139; x_wconf 82' lang='grc' dir='ltr'>ἑν</span> <span class='ocrx_word' id='word_1_873' title='bbox 1237 2113 1275 2148; x_wconf 86' lang='grc' dir='ltr'><strong>τῷ</strong></span> <span class='ocrx_word' id='word_1_874' title='bbox 1290 2112 1383 2148; x_wconf 79' lang='grc' dir='ltr'>βιϐλίῳ</span> <span class='ocrx_word' id='word_1_875' title='bbox 1393 2112 1479 2147; x_wconf 81' lang='grc' dir='ltr'>τούτῳ</span> <span class='ocrx_word' id='word_1_876' title='bbox 1493 2112 1611 2139; x_wconf 78' lang='grc' dir='ltr'>πλεῖστοι</span> <span class='ocrx_word' id='word_1_877' title='bbox 1625 2112 1697 2146; x_wconf 87' lang='grc' dir='ltr'>λόγοι</span> <span class='ocrx_word' id='word_1_878' title='bbox 1707 2112 1824 2139; x_wconf 78' lang='grc' dir='ltr'>τοιοῦτοί</span> 
     </span>
    </p>
   </div>
   <div class='ocr_carea' id='block_1_102' title="bbox 1040 2156 1825 2192">
    <p class='ocr_par' dir='ltr' id='par_1_102' title="bbox 1040 2156 1825 2192">
     <span class='ocr_line' id='line_1_102' title="bbox 1040 2156 1825 2192; baseline -0.004 -7"><span class='ocrx_word' id='word_1_879' title='bbox 1040 2160 1105 2191; x_wconf 75' lang='grc' dir='ltr'>εἰσι,</span> <span class='ocrx_word' id='word_1_880' title='bbox 1121 2158 1164 2185; x_wconf 86' lang='grc' dir='ltr'>διὰ</span> <span class='ocrx_word' id='word_1_881' title='bbox 1177 2157 1255 2184; x_wconf 72' lang='grc' dir='ltr'>τοῦτο</span> <span class='ocrx_word' id='word_1_882' title='bbox 1270 2157 1421 2192; x_wconf 82' lang='grc' dir='ltr'>Παροιμίας</span> <span class='ocrx_word' id='word_1_883' title='bbox 1444 2156 1547 2192; x_wconf 76' lang='grc' dir='ltr'>ἔγραψε</span> <span class='ocrx_word' id='word_1_884' title='bbox 1563 2157 1592 2184; x_wconf 77' lang='grc' dir='ltr'><strong>τὸ</strong></span> <span class='ocrx_word' id='word_1_885' title='bbox 1610 2156 1719 2192; x_wconf 74' lang='grc' dir='ltr'>βιϐλίον.</span> <span class='ocrx_word' id='word_1_886' title='bbox 1752 2157 1825 2183; x_wconf 74' lang='grc' dir='ltr'>Ὠνο-</span> 
     </span>
    </p>
   </div>
   <div class='ocr_carea' id='block_1_103' title="bbox 1042 2202 1825 2239">
    <p class='ocr_par' dir='ltr' id='par_1_103' title="bbox 1042 2202 1825 2239">
     <span class='ocr_line' id='line_1_103' title="bbox 1042 2202 1825 2239; baseline -0.003 -9"><span class='ocrx_word' id='word_1_887' title='bbox 1042 2204 1133 2239; x_wconf 83' lang='grc' dir='ltr'>μάσθη</span> <span class='ocrx_word' id='word_1_888' title='bbox 1153 2204 1182 2230; x_wconf 76' lang='grc' dir='ltr'>δὲ</span> <span class='ocrx_word' id='word_1_889' title='bbox 1197 2203 1344 2239; x_wconf 83' lang='grc' dir='ltr'>Παροιμία,</span> <span class='ocrx_word' id='word_1_890' title='bbox 1366 2203 1457 2238; x_wconf 75' lang='grc' dir='ltr'>ἐπειδὴ</span> <span class='ocrx_word' id='word_1_891' title='bbox 1476 2203 1552 2238; x_wconf 80' lang='grc' dir='ltr'>παρὰ</span> <span class='ocrx_word' id='word_1_892' title='bbox 1571 2202 1621 2234; x_wconf 81' lang='grc' dir='ltr'><strong>τὰς</strong></span> <span class='ocrx_word' id='word_1_893' title='bbox 1642 2202 1717 2233; x_wconf 75' lang='grc' dir='ltr'>ὁδοὺς</span> <span class='ocrx_word' id='word_1_894' title='bbox 1741 2203 1825 2238; x_wconf 75' lang='grc' dir='ltr'>ἐγρά-</span> 
     </span>
    </p>
   </div>
   <div class='ocr_carea' id='block_1_104' title="bbox 1041 2247 1824 2284">
    <p class='ocr_par' dir='ltr' id='par_1_104' title="bbox 1041 2247 1824 2284">
     <span class='ocr_line' id='line_1_104' title="bbox 1041 2247 1824 2284; baseline -0.001 -8"><span class='ocrx_word' id='word_1_895' title='bbox 1041 2258 1121 2284; x_wconf 80' lang='grc' dir='ltr'>φοντο</span> <span class='ocrx_word' id='word_1_896' title='bbox 1133 2251 1157 2276; x_wconf 86' lang='grc' dir='ltr'>οἱ</span> <span class='ocrx_word' id='word_1_897' title='bbox 1173 2249 1287 2276; x_wconf 73' lang='grc' dir='ltr'>τοιοῦτοι</span> <span class='ocrx_word' id='word_1_898' title='bbox 1301 2249 1373 2283; x_wconf 86' lang='grc' dir='ltr'>λόγοι</span> <span class='ocrx_word' id='word_1_899' title='bbox 1393 2249 1460 2284; x_wconf 82' lang='grc' dir='ltr'><strong>πρὸς</strong></span> <span class='ocrx_word' id='word_1_900' title='bbox 1477 2248 1617 2284; x_wconf 84' lang='grc' dir='ltr'>διόρθωσιν</span> <span class='ocrx_word' id='word_1_901' title='bbox 1633 2248 1679 2274; x_wconf 73' lang='grc' dir='ltr'>καὶ</span> <span class='ocrx_word' id='word_1_902' title='bbox 1695 2247 1824 2275; x_wconf 76' lang='grc' dir='ltr'>διδασκα-</span> 
     </span>
    </p>
   </div>
   <div class='ocr_carea' id='block_1_105' title="bbox 1041 2293 1824 2330">
    <p class='ocr_par' dir='ltr' id='par_1_105' title="bbox 1041 2293 1824 2330">
     <span class='ocr_line' id='line_1_105' title="bbox 1041 2293 1824 2330; baseline -0.004 -8"><span class='ocrx_word' id='word_1_903' title='bbox 1041 2296 1100 2323; x_wconf 80' lang='grc' dir='ltr'>λίαν</span> <span class='ocrx_word' id='word_1_904' title='bbox 1116 2295 1178 2330; x_wconf 60' lang='grc' dir='ltr'><strong>⁵τῶν</strong></span> <span class='ocrx_word' id='word_1_905' title='bbox 1194 2296 1223 2321; x_wconf 86' lang='grc' dir='ltr'>ὲν</span> <span class='ocrx_word' id='word_1_906' title='bbox 1245 2297 1303 2327; x_wconf 85' lang='grc' dir='ltr'><strong>ταῖς</strong></span> <span class='ocrx_word' id='word_1_907' title='bbox 1327 2295 1396 2326; x_wconf 83' lang='grc' dir='ltr'>ὁδοῖς</span> <span class='ocrx_word' id='word_1_908' title='bbox 1407 2294 1651 2330; x_wconf 74' lang='grc' dir='ltr'>διαπορευομένων,</span> <span class='ocrx_word' id='word_1_909' title='bbox 1669 2293 1748 2328; x_wconf 74' lang='grc' dir='ltr'>Παρὰ</span> <span class='ocrx_word' id='word_1_910' title='bbox 1774 2293 1824 2325; x_wconf 76' lang='grc' dir='ltr'><strong>τὰς</strong></span> 
     </span>
    </p>
   </div>
   <div class='ocr_carea' id='block_1_106' title="bbox 1041 2339 1825 2377">
    <p class='ocr_par' dir='ltr' id='par_1_106' title="bbox 1041 2339 1825 2377">
     <span class='ocr_line' id='line_1_106' title="bbox 1041 2339 1825 2377; baseline -0.005 -8"><span class='ocrx_word' id='word_1_911' title='bbox 1041 2343 1117 2374; x_wconf 82' lang='grc' dir='ltr'>ὁδοὺς</span> <span class='ocrx_word' id='word_1_912' title='bbox 1135 2342 1163 2369; x_wconf 75' lang='grc' dir='ltr'>δὲ</span> <span class='ocrx_word' id='word_1_913' title='bbox 1182 2341 1340 2377; x_wconf 64' lang='grc' dir='ltr'>ἐγράφοντο,</span> <span class='ocrx_word' id='word_1_914' title='bbox 1356 2341 1417 2367; x_wconf 70' lang='grc' dir='ltr'><strong>ἐπεὶ</strong></span> <span class='ocrx_word' id='word_1_915' title='bbox 1440 2341 1477 2376; x_wconf 83' lang='grc' dir='ltr'>μὴ</span> <span class='ocrx_word' id='word_1_916' title='bbox 1497 2340 1597 2371; x_wconf 80' lang='grc' dir='ltr'>πάντες</span> <span class='ocrx_word' id='word_1_917' title='bbox 1618 2339 1735 2375; x_wconf 78' lang='grc' dir='ltr'>ἐχώρουν</span> <span class='ocrx_word' id='word_1_918' title='bbox 1759 2341 1825 2371; x_wconf 82' lang='grc' dir='ltr'><strong>τοὺς</strong></span> 
     </span>
    </p>
   </div>
   <div class='ocr_carea' id='block_1_107' title="bbox 1042 2378 1824 2424">
    <p class='ocr_par' dir='ltr' id='par_1_107' title="bbox 1042 2378 1824 2424">
     <span class='ocr_line' id='line_1_107' title="bbox 1042 2378 1824 2424; baseline -0.005 -9"><span class='ocrx_word' id='word_1_919' title='bbox 1042 2389 1090 2424; x_wconf 78' lang='grc' dir='ltr'><strong>τῆς</strong></span> <span class='ocrx_word' id='word_1_920' title='bbox 1102 2378 1230 2423; x_wconf 68' lang='grc' dir='ltr'>ἀληθείας</span> <span class='ocrx_word' id='word_1_921' title='bbox 1241 2388 1350 2421; x_wconf 83' lang='grc' dir='ltr'>λόγους·</span> <span class='ocrx_word' id='word_1_922' title='bbox 1373 2387 1416 2414; x_wconf 85' lang='grc' dir='ltr'>ἳνα</span> <span class='ocrx_word' id='word_1_923' title='bbox 1438 2386 1488 2413; x_wconf 78' lang='grc' dir='ltr'>κᾶν</span> <span class='ocrx_word' id='word_1_924' title='bbox 1512 2386 1679 2422; x_wconf 84' lang='grc' dir='ltr'>διερχόμενοι</span> <span class='ocrx_word' id='word_1_925' title='bbox 1696 2385 1743 2412; x_wconf 69' lang='grc' dir='ltr'>καὶ</span> <span class='ocrx_word' id='word_1_926' title='bbox 1763 2385 1824 2420; x_wconf 80' lang='grc' dir='ltr'><strong>βλέ-</strong></span> 
     </span>
    </p>
   </div>
   <div class='ocr_carea' id='block_1_108' title="bbox 1043 2431 1825 2470">
    <p class='ocr_par' dir='ltr' id='par_1_108' title="bbox 1043 2431 1825 2470">
     <span class='ocr_line' id='line_1_108' title="bbox 1043 2431 1825 2470; baseline -0.005 -9"><span class='ocrx_word' id='word_1_927' title='bbox 1043 2444 1138 2466; x_wconf 84' lang='grc' dir='ltr'>ποντες</span> <span class='ocrx_word' id='word_1_928' title='bbox 1150 2434 1306 2470; x_wconf 73' lang='grc' dir='ltr'>διερευνῶσι</span> <span class='ocrx_word' id='word_1_929' title='bbox 1320 2434 1354 2460; x_wconf 79' lang='grc' dir='ltr'><strong>τὰ</strong></span> <span class='ocrx_word' id='word_1_930' title='bbox 1368 2433 1556 2468; x_wconf 82' lang='grc' dir='ltr'>γεγραμμένα,</span> <span class='ocrx_word' id='word_1_931' title='bbox 1584 2433 1630 2458; x_wconf 80' lang='grc' dir='ltr'><strong>καὶ</strong></span> <span class='ocrx_word' id='word_1_932' title='bbox 1651 2431 1736 2462; x_wconf 73' lang='grc' dir='ltr'>οὕτως</span> <span class='ocrx_word' id='word_1_933' title='bbox 1759 2439 1825 2458; x_wconf 79' lang='grc' dir='ltr'>παι-</span> 
     </span>
    </p>
   </div>
   <div class='ocr_carea' id='block_1_109' title="bbox 1042 2477 1824 2516">
    <p class='ocr_par' dir='ltr' id='par_1_109' title="bbox 1042 2477 1824 2516">
     <span class='ocr_line' id='line_1_109' title="bbox 1042 2477 1824 2516; baseline -0.009 -6"><span class='ocrx_word' id='word_1_934' title='bbox 1042 2482 1172 2510; x_wconf 81' lang='grc' dir='ltr'>δεύωνται</span> <span class='ocrx_word' id='word_1_935' title='bbox 1186 2483 1210 2509; x_wconf 84' lang='grc' dir='ltr'>οι</span> <span class='ocrx_word' id='word_1_936' title='bbox 1231 2481 1379 2516; x_wconf 80' lang='grc' dir='ltr'>ἄνθρωποι.</span> <span class='ocrx_word' id='word_1_937' title='bbox 1403 2479 1480 2510; x_wconf 80' lang='grc' dir='ltr'>Τινὲς</span> <span class='ocrx_word' id='word_1_938' title='bbox 1498 2479 1563 2513; x_wconf 82' lang='grc' dir='ltr'>γοῦν</span> <span class='ocrx_word' id='word_1_939' title='bbox 1584 2478 1718 2514; x_wconf 77' lang='grc' dir='ltr'>ὁρίζονται</span> <span class='ocrx_word' id='word_1_940' title='bbox 1737 2477 1824 2509; x_wconf 76' lang='grc' dir='ltr'><strong>αὐτὰς</strong></span> 
     </span>
    </p>
   </div>
   <div class='ocr_carea' id='block_1_110' title="bbox 1043 2522 1823 2562">
    <p class='ocr_par' dir='ltr' id='par_1_110' title="bbox 1043 2522 1823 2562">
     <span class='ocr_line' id='line_1_110' title="bbox 1043 2522 1823 2562; baseline -0.006 -8"><span class='ocrx_word' id='word_1_941' title='bbox 1043 2528 1128 2560; x_wconf 77' lang='grc' dir='ltr'>οὕτως</span> <span class='ocrx_word' id='word_1_942' title='bbox 1143 2527 1198 2562; x_wconf 82' lang='grc'><strong>(17)</strong></span> <span class='ocrx_word' id='word_1_943' title='bbox 1211 2536 1217 2542; x_wconf 93' lang='grc'><strong>·</strong></span> <span class='ocrx_word' id='word_1_944' title='bbox 1235 2527 1309 2562; x_wconf 71' lang='grc' dir='ltr'>ῥῆμα</span> <span class='ocrx_word' id='word_1_945' title='bbox 1324 2525 1448 2562; x_wconf 72' lang='grc' dir='ltr'>παρόδων</span> <span class='ocrx_word' id='word_1_946' title='bbox 1463 2525 1516 2552; x_wconf 87' lang='grc' dir='ltr'>ἀπό</span> <span class='ocrx_word' id='word_1_947' title='bbox 1531 2533 1601 2556; x_wconf 84' lang='grc' dir='ltr'>τινος</span> <span class='ocrx_word' id='word_1_948' title='bbox 1612 2524 1670 2555; x_wconf 74' lang='grc' dir='ltr'>ἐνὸς</span> <span class='ocrx_word' id='word_1_949' title='bbox 1684 2524 1724 2555; x_wconf 81' lang='grc' dir='ltr'><strong>εἰς</strong></span> <span class='ocrx_word' id='word_1_950' title='bbox 1737 2522 1823 2550; x_wconf 73' lang='grc' dir='ltr'>πολλὰ</span> 
     </span>
    </p>
   </div>
   <div class='ocr_carea' id='block_1_111' title="bbox 1041 2679 1822 2718">
    <p class='ocr_par' dir='ltr' id='par_1_111' title="bbox 1041 2679 1822 2718">
     <span class='ocr_line' id='line_1_111' title="bbox 1041 2679 1822 2718; baseline -0.003 -10"><span class='ocrx_word' id='word_1_951' title='bbox 1041 2682 1151 2709; x_wconf 86' lang='grc' dir='ltr'>πλείονα</span> <span class='ocrx_word' id='word_1_952' title='bbox 1169 2682 1248 2717; x_wconf 77' lang='grc' dir='ltr'>ὃμοια</span> <span class='ocrx_word' id='word_1_953' title='bbox 1264 2681 1465 2718; x_wconf 80' lang='grc' dir='ltr'>μεταληφθῆναι</span> <span class='ocrx_word' id='word_1_954' title='bbox 1480 2682 1635 2717; x_wconf 76' lang='grc' dir='ltr'>δυνάμενονι</span> <span class='ocrx_word' id='word_1_955' title='bbox 1651 2680 1679 2708; x_wconf 90' lang='lat' dir='ltr'><strong>ld</strong></span> <span class='ocrx_word' id='word_1_956' title='bbox 1691 2684 1749 2718; x_wconf 79' lang='lat' dir='ltr'><strong>est:</strong></span> <span class='ocrx_word' id='word_1_957' title='bbox 1768 2679 1822 2718; x_wconf 61' lang='lat' dir='ltr'><strong>Pe.</strong></span> 
     </span>
    </p>
   </div>
   <div class='ocr_carea' id='block_1_112' title="bbox 1041 2716 1822 2752">
    <p class='ocr_par' dir='ltr' id='par_1_112' title="bbox 1041 2716 1822 2752">
     <span class='ocr_line' id='line_1_112' title="bbox 1041 2716 1822 2752; baseline -0.001 -9"><span class='ocrx_word' id='word_1_958' title='bbox 1041 2717 1193 2744; x_wconf 79' lang='lat' dir='ltr'><strong>rcenziarum</strong></span> <span class='ocrx_word' id='word_1_959' title='bbox 1209 2716 1313 2748; x_wconf 79' lang='lat' dir='ltr'><strong>nonien,</strong></span> <span class='ocrx_word' id='word_1_960' title='bbox 1333 2716 1400 2744; x_wconf 72' lang='lat' dir='ltr'><strong>inter</strong></span> <span class='ocrx_word' id='word_1_961' title='bbox 1413 2716 1531 2752; x_wconf 72' lang='lat' dir='ltr'><strong>imlgares</strong></span> <span class='ocrx_word' id='word_1_962' title='bbox 1546 2724 1674 2744; x_wconf 74' lang='lat' dir='ltr'><strong>sermones</strong></span> <span class='ocrx_word' id='word_1_963' title='bbox 1693 2716 1724 2742; x_wconf 83' lang='lat' dir='ltr'><strong>ab</strong></span> <span class='ocrx_word' id='word_1_964' title='bbox 1738 2716 1822 2752; x_wconf 64' lang='lat' dir='ltr'><strong>emoti-</strong></span> 
     </span>
    </p>
   </div>
   <div class='ocr_carea' id='block_1_113' title="bbox 1040 2751 1821 2788">
    <p class='ocr_par' dir='ltr' id='par_1_113' title="bbox 1040 2751 1821 2788">
     <span class='ocr_line' id='line_1_113' title="bbox 1040 2751 1821 2788; baseline -0.001 -10"><span class='ocrx_word' id='word_1_965' title='bbox 1040 2753 1078 2788; x_wconf 62' lang='grc' dir='ltr'><strong>οἰδ</strong></span> <span class='ocrx_word' id='word_1_966' title='bbox 1094 2758 1249 2788; x_wconf 70' lang='lat' dir='ltr'><strong>recensetuf,</strong></span> <span class='ocrx_word' id='word_1_967' title='bbox 1262 2757 1286 2779; x_wconf 84' lang='lat' dir='ltr'><strong>et</strong></span> <span class='ocrx_word' id='word_1_968' title='bbox 1300 2753 1367 2780; x_wconf 76' lang='lat' dir='ltr'><strong>inter</strong></span> <span class='ocrx_word' id='word_1_969' title='bbox 1381 2761 1411 2779; x_wconf 85' lang='lat' dir='ltr'><strong>ea</strong></span> <span class='ocrx_word' id='word_1_970' title='bbox 1421 2751 1489 2788; x_wconf 55' lang='lat' dir='ltr'><strong>quia.</strong></span> <span class='ocrx_word' id='word_1_971' title='bbox 1503 2757 1531 2779; x_wconf 83' lang='lat' dir='ltr'><strong>ut</strong></span> <span class='ocrx_word' id='word_1_972' title='bbox 1545 2752 1697 2788; x_wconf 65' lang='lat' dir='ltr'><strong>plurimum,</strong></span> <span class='ocrx_word' id='word_1_973' title='bbox 1711 2751 1821 2788; x_wconf 72' lang='lat' dir='ltr'><strong>per__via_s</strong></span> 
     </span>
    </p>
   </div>
   <div class='ocr_carea' id='block_1_114' title="bbox 1040 2785 1822 2823">
    <p class='ocr_par' dir='ltr' id='par_1_114' title="bbox 1040 2785 1822 2823">
     <span class='ocr_line' id='line_1_114' title="bbox 1040 2785 1822 2823; baseline -0.003 -10"><span class='ocrx_word' id='word_1_974' title='bbox 1040 2787 1163 2813; x_wconf 77' lang='lat' dir='ltr'><strong>dicuntur</strong></span> <span class='ocrx_word' id='word_1_975' title='bbox 1179 2796 1188 2814; x_wconf 86' lang='lat'><em>:</em></span> <span class='ocrx_word' id='word_1_976' title='bbox 1205 2786 1281 2823; x_wconf 77' lang='grc' dir='ltr'>οἶμος</span> <span class='ocrx_word' id='word_1_977' title='bbox 1298 2789 1365 2814; x_wconf 72' lang='lat' dir='ltr'><strong>enim</strong></span> <span class='ocrx_word' id='word_1_978' title='bbox 1385 2785 1454 2822; x_wconf 67' lang='lat' dir='ltr'><strong>aptid</strong></span> <span class='ocrx_word' id='word_1_979' title='bbox 1473 2785 1548 2819; x_wconf 78' lang='lat' dir='ltr'><strong>illos,</strong></span> <span class='ocrx_word' id='word_1_980' title='bbox 1565 2787 1606 2813; x_wconf 79' lang='lat' dir='ltr'><strong>via</strong></span> <span class='ocrx_word' id='word_1_981' title='bbox 1621 2787 1728 2823; x_wconf 79' lang='lat' dir='ltr'><strong>dicilrr.</strong></span> <span class='ocrx_word' id='word_1_982' title='bbox 1748 2785 1822 2812; x_wconf 72' lang='lat' dir='ltr'><strong>Unde</strong></span> 
     </span>
    </p>
   </div>
   <div class='ocr_carea' id='block_1_115' title="bbox 1039 2821 1821 2856">
    <p class='ocr_par' dir='ltr' id='par_1_115' title="bbox 1039 2821 1821 2856">
     <span class='ocr_line' id='line_1_115' title="bbox 1039 2821 1821 2856; baseline -0.003 -8"><span class='ocrx_word' id='word_1_983' title='bbox 1039 2823 1193 2856; x_wconf 71' lang='lat' dir='ltr'><strong>parwvrtiam</strong></span> <span class='ocrx_word' id='word_1_984' title='bbox 1218 2821 1345 2856; x_wconf 70' lang='lat' dir='ltr'><strong>definiunt</strong></span> <span class='ocrx_word' id='word_1_985' title='bbox 1359 2831 1368 2849; x_wconf 88' lang='lat'><em>:</em></span> <span class='ocrx_word' id='word_1_986' title='bbox 1382 2823 1487 2849; x_wconf 77' lang='lat' dir='ltr'><strong>Dictum</strong></span> <span class='ocrx_word' id='word_1_987' title='bbox 1506 2824 1531 2848; x_wconf 77' lang='lat' dir='ltr'><strong>in</strong></span> <span class='ocrx_word' id='word_1_988' title='bbox 1552 2830 1593 2848; x_wconf 79' lang='lat' dir='ltr'><strong>om</strong></span> <span class='ocrx_word' id='word_1_989' title='bbox 1613 2821 1754 2856; x_wconf 78' lang='lat' dir='ltr'><strong>prolatum,</strong></span> <span class='ocrx_word' id='word_1_990' title='bbox 1771 2829 1821 2847; x_wconf 78' lang='lat' dir='ltr'><strong>usu</strong></span> 
     </span>
    </p>
   </div>
   <div class='ocr_carea' id='block_1_116' title="bbox 1040 2856 1822 2893">
    <p class='ocr_par' dir='ltr' id='par_1_116' title="bbox 1040 2856 1822 2893">
     <span class='ocr_line' id='line_1_116' title="bbox 1040 2856 1822 2893; baseline 0 -10"><span class='ocrx_word' id='word_1_991' title='bbox 1040 2857 1181 2884; x_wconf 74' lang='lat' dir='ltr'><strong>multarunt</strong></span> <span class='ocrx_word' id='word_1_992' title='bbox 1208 2858 1310 2892; x_wconf 79' lang='lat' dir='ltr'><strong>tritum,</strong></span> <span class='ocrx_word' id='word_1_993' title='bbox 1330 2858 1398 2893; x_wconf 83' lang='lat' dir='ltr'><strong>quod</strong></span> <span class='ocrx_word' id='word_1_994' title='bbox 1420 2867 1436 2885; x_wconf 82' lang='grc' dir='ltr'><strong>α</strong></span> <span class='ocrx_word' id='word_1_995' title='bbox 1457 2858 1548 2892; x_wconf 76' lang='lat' dir='ltr'><strong>paucis</strong></span> <span class='ocrx_word' id='word_1_996' title='bbox 1571 2857 1604 2885; x_wconf 85' lang='lat' dir='ltr'><strong>ad</strong></span> <span class='ocrx_word' id='word_1_997' title='bbox 1625 2857 1702 2891; x_wconf 81' lang='lat' dir='ltr'><strong>plura</strong></span> <span class='ocrx_word' id='word_1_998' title='bbox 1721 2856 1822 2883; x_wconf 65' lang='lat' dir='ltr'><strong>unum</strong></span> 
     </span>
    </p>
   </div>
   <div class='ocr_carea' id='block_1_117' title="bbox 1040 2893 1288 2928">
    <p class='ocr_par' dir='ltr' id='par_1_117' title="bbox 1040 2893 1288 2928">
     <span class='ocr_line' id='line_1_117' title="bbox 1040 2893 1288 2928; baseline 0.008 -9"><span class='ocrx_word' id='word_1_999' title='bbox 1040 2893 1180 2927; x_wconf 74' lang='lat' dir='ltr'><strong>transferri</strong></span> <span class='ocrx_word' id='word_1_1000' title='bbox 1195 2898 1288 2928; x_wconf 74' lang='lat' dir='ltr'><strong>potest.</strong></span> 
     </span>
    </p>
   </div>
  </div>
