1915 3057
113 158 165 186 5M

668 144 838 174 SYNOPSIS
858 142 1064 172 SCRIPTURE
1081 141 1216 171 SACRE.

1691 134 1744 164 δι’

117 210 408 252 μεταλαμϐανόμενον.
429 208 522 236 Ἔστιν
537 202 583 234 οὖν
606 205 636 232 ὲν
651 204 691 240 τῷ
709 204 803 240 βιϐλίῳ
820 202 909 238 τούτῳ

969 205 1056 229 'entur
1068 200 1205 228 homines.
1217 198 1368 227 Paroemias
1382 197 1476 233 itaque
1492 194 1527 224 ad
1545 193 1618 222 hunc
1633 194 1744 222 modum

114 249 220 296 γνῶσις
240 258 336 293 σοφίας
356 256 405 283 καὶ
427 253 548 286 παιδείας
562 272 569 286 ,
591 252 684 287 νόησις
699 251 786 285 λόγων
800 249 907 285 ’φρονή-

117 315 199 338 σεως,
217 303 332 341 στροφαὶ
355 302 452 337 λόγων,
469 299 640 335 δικαιοσύνης
661 296 778 332 ἀληθοῦς
795 296 885 331 νόησις
897 313 905 327 ,

116 353 242 389 κρίματα
259 349 448 380 κατευθύνειν,
466 347 513 374 καὶ
529 345 679 381 ἐπαγγελία
696 343 742 370 τοῦ
763 341 906 376 γινώσκειν

116 402 151 427 ὲκ
174 399 277 426 τούτων
303 394 474 433 παραϐολὰς,
499 394 591 430 ῥήσεις
615 391 720 426 σοφῶν,
747 389 905 424 αἰνίγματα,

120 447 276 477 σκοτεινοὺς
289 444 394 478 λόγους.
413 441 467 468 Καὶ
477 440 530 467 εἰσὶ
542 438 655 474 γνώσεις
671 437 765 472 σοφίας
785 435 832 462 καὶ
845 443 906 461 παι-

119 494 194 525 δείας
206 501 212 508 ·
230 491 324 527 ἐπειδὴ
341 490 388 516 καὶ
400 488 531 523 Ἕλληνες
553 486 602 522 μὲν
618 484 713 520 σοφίαν
729 483 800 519 ἔχειν
819 483 906 516 ἐπαγ-

119 539 273 573 γέλλονται,
300 535 432 572 αἱρετικοὶ
453 533 482 560 δὲ
507 531 647 568 νομίζουσι
673 529 797 557 παιδείαν
823 527 904 563 ἔχειν.

120 585 171 612 Διὰ
185 584 263 611 τοῦτο
279 579 355 613 οὗτος
372 582 422 616 τὴν
441 579 529 615 ἀληθῆ
552 579 645 613 σοφίαν
669 578 716 604 καὶ
733 576 854 603 παιδείαν
869 575 907 602 δι-

120 632 226 662 δάσκει,
243 630 287 657 ἵνα
307 629 345 665 μὴ
366 629 399 663 τῇ
414 625 525 662 ὁμονοίᾳ
544 625 592 660 τῆς
613 624 707 658 σοφίας
724 624 763 654 εἰς
787 622 820 648 τὰ
834 621 908 655 σοφί-

122 686 216 713 σματα
227 676 281 703 τῶν
305 675 436 709 Ἑλλήνων
452 672 500 699 καὶ
512 670 566 698 τῶν
579 669 723 705 αἰρετικῶν
736 677 777 700 τις
789 667 905 703 ἐμπέσῃ.

120 711 177 750 Καὶ
200 721 255 758 γὰρ
272 719 402 755 ’Έλληνες
430 717 478 753 μὲν
506 715 623 751 οἰόμενοί
646 722 717 746 τινες
743 711 811 754 εἶναι
827 731 835 744 ,
863 712 908 739 καὶ

123 778 134 794 ί
148 768 298 802 φάσκοντες
315 762 382 791 εἶναι
401 763 490 798 σοφοὶ,
515 760 722 797 ἐμωράνθησαν.
739 768 748 784 ι
771 757 908 794 Αίρετικοὶ

120 815 162 846 δὲ,
177 811 353 840 παιδεύεσθαι
364 810 528 846 νομίζοντες,
543 807 756 843 ὲξεστράφησαν,
768 806 814 832 καὶ
823 805 909 839 ἁμαρ-

119 861 268 891 τάνουσιν,
300 859 376 890 ὄντες
407 856 644 891 αὺτοκατάκριτοι.
679 853 738 880 Τῶν
768 852 796 879 δὲ
831 851 909 878 θείων

121 907 210 941 λόγων
226 906 240 932 ὁ
254 904 372 936 ἀκούσας
388 903 479 937 σοφὸς,
495 901 648 936 σοφώτερος
663 899 751 926 ἔσται.

121 953 248 989 νομίμων
262 951 309 978 τοῦ
325 950 392 978 Θεοῦ
406 949 535 981 ἀκούσας,
555 948 602 974 καὶ
615 946 701 973 ταῦτα
718 944 848 980 φυλάξας,
863 943 909 970 ἐπί

122 1008 154 1026 τε
173 1001 206 1034 τῇ
221 998 329 1034 παιδείᾳ.
341 996 443 1033 Κυρίου
461 994 498 1031 μὴ
512 994 690 1030 ὀλιγωρήσας,
710 992 776 1028 μηδὲ
788 990 910 1022 ὲκλυθεὶς

122 1047 167 1073 ἐπ’
183 1045 263 1081 αὐτῇ,
284 1044 340 1076 υίὸς
358 1043 439 1078 σοφὸς
461 1043 615 1077 γενήσεται,
637 1040 683 1066 καὶ
699 1038 911 1074 πεπαιδευμένος

122 1092 279 1128 γενόμενος,
294 1091 397 1126 ταχέως
408 1090 454 1116 καὶ
466 1088 514 1125 τὴν
530 1087 593 1124 περὶ
608 1086 674 1114 Θεοῦ
687 1085 786 1121 γνῶσιν
797 1085 910 1117 δέξεται.

122 1139 233 1174 Ταύτην
250 1138 304 1174 γὰρ
315 1138 338 1164 οἱ
356 1137 432 1171 σοφοὶ
445 1134 627 1162 παιδεύονται.
651 1132 753 1167 Νόησις
777 1132 804 1158 δὲ
825 1131 913 1165 λόγων

123 1186 282 1222 φρονήσεως
302 1185 319 1219 ὴ
335 1182 456 1219 περὶτοῦ
482 1181 562 1217 μόνου
579 1181 626 1207 καὶ
640 1178 768 1216 ἀληθινοῦ
787 1178 854 1205 Θεοῦ
874 1177 914 1204 δι-

123 1232 268 1261 δασκαλία.
288 1231 350 1258 Ἐπὶ¹
364 1230 419 1266 γὰρ
441 1228 573 1264 Ἐλλήνων
586 1227 610 1254 οἱ
627 1227 676 1262 μὲν
692 1226 772 1261 σῶμα
788 1225 833 1252 τὸν
847 1224 914 1251 Θεὸν

122 1278 202 1307 εἶπον
215 1287 221 1293 ·
241 1278 266 1304 οἱ
279 1277 307 1304 δὲ
320 1277 367 1304 καὶ
382 1274 501 1306 είδώλοις
512 1272 593 1300 αὐτὸν
606 1272 761 1307 ὡμοίωσαν.
775 1269 913 1307 Αἱρετικοί

122 1327 162 1358 δὲ,
188 1325 236 1352 καὶ
258 1323 335 1351 αὐτοὶ
351 1322 414 1359 περὶ
435 1321 483 1348 τοῦ
512 1320 588 1351 δντος
618 1317 838 1354 παρεφρόνησαν.
865 1315 915 1342 Διὰ

122 1372 204 1400 τοῦτο
224 1367 301 1402 οὗτος
318 1368 366 1404 τὴν
382 1366 469 1404 ἀληθῆ
496 1365 561 1402 περὶ
573 1363 639 1392 Θεοῦ
653 1363 753 1399 γνῶσιν
767 1362 915 1398 ἐξηγεῖται,

123 1419 156 1445 τὸ
169 1417 220 1454 μὲν
233 1416 422 1451 ἀνέκφραστον
438 1412 521 1440 αὐτοῦ
531 1421 537 1428 ·
556 1422 565 1438 ι
577 1411 646 1446 Δόξα
660 1409 733 1438 Θεοῦ.
745 1409 863 1447 κρύπτει
874 1409 918 1436 λό-

124 1473 183 1500 γον.
190 1474 200 1491 ι
211 1463 249 1490 Τὸ
255 1463 283 1490 δὲ
290 1460 466 1497 προνοητικὸν
472 1457 554 1485 αὑτοῦ
564 1466 645 1492 φησιν
657 1465 664 1472 ’
677 1467 686 1483 ι
697 1457 742 1483 Ἐν
753 1457 833 1484 παντὶ
841 1456 917 1492 τύπῳ

123 1509 260 1546 ὀφθαλμοὶ
266 1507 369 1544 Κυρίου
379 1504 541 1533 σκοπεύουσι
549 1503 652 1534 κακούς
664 1511 694 1530 τε
703 1502 750 1530 καὶ
763 1501 881 1536 ἀγαθούς
890 1509 897 1518 ο
905 1510 914 1527 ι

126 1557 175 1584 καὶ
192 1555 272 1583 πάλιν
284 1562 291 1569 ·
309 1563 318 1580 ι
339 1552 469 1584 Πλούσιος
488 1550 535 1578 καὶ
557 1549 664 1585 πτωχὸς
686 1549 855 1584 συνήντησαν
869 1547 917 1574 ἀλ-

125 1602 234 1639 λήλοις·
249 1599 420 1636 ἀμφοτέρους
444 1573 474 1624 δί
496 1573 634 1632 ὲποίησενλ
650 1573 664 1621 δ
931 1573 953 1603 c

130 1662 140 1679 ι
158 1648 300 1678 Δανειστοῦ
317 1647 364 1675 καὶ
377 1644 572 1683 χρεωφειλέτου
587 1642 711 1678 ἀλλήλοις
728 1640 917 1673 συνελθόντων,

127 1695 279 1731 ἐπισκοπὴν
303 1694 420 1721 ποιεῖται
447 1692 462 1718 ὁ
495 1690 597 1726 Κύριος
619 1687 798 1724 ἀμφοτέρων·
825 1695 835 1712 ι
862 1685 918 1718 καὶ,

129 1755 140 1771 ε
152 1743 280 1770 Ἐνώπιον
296 1740 350 1776 γάρ
364 1741 416 1766 εἱσι
430 1737 483 1764 τῶν
500 1736 546 1763 τοῦ
566 1734 633 1762 Θεοῦ
650 1732 796 1769 ὀφθαλμῶν
808 1732 861 1758 ὁδοὶ
877 1732 920 1758 ἀν-

126 1790 190 1826 δρός
202 1798 209 1804 ·
225 1789 264 1819 είς
277 1787 305 1813 δὲ
318 1786 407 1816 πάσας
421 1782 531 1820 τροχιὰς
544 1780 625 1809 αὑτοῦ
641 1778 778 1807 σκοπεύει.
795 1788 804 1804 ι
823 1778 877 1804 Καὶ
890 1777 920 1804 τὸ
940 1796 942 1799 -

130 1824 180 1872 μὲν
196 1834 317 1871 κριτικὸν
329 1831 410 1859 αὐτοῦ
425 1838 508 1865 φησι·
527 1839 535 1855 ι
554 1827 651 1855 Θυσίαι
663 1825 769 1854 ἀσεὸὦν
785 1824 921 1860 βδέλυγμα

129 1869 244 1918 Κυρίου·
259 1879 336 1915 εὐχαὶ
347 1879 376 1905 δὲ
389 1875 617 1906 κατευθυνόντων,
627 1873 719 1900 δεκταὶ
734 1872 798 1907 παρ’
811 1869 896 1906 αὐτῷ’
909 1879 918 1896 ι

130 1930 177 1956 καὶ
208 1927 307 1953 πάλιν·
333 1933 343 1950 ι
368 1924 466 1954 Οἴκους
495 1919 631 1957 ὑϐριστῶν
659 1918 786 1953 κατασπᾷ
810 1916 921 1952 Κύριος,

128 1974 230 2009 ἔστησε
245 1972 273 1998 δὲ
285 1972 358 2006 ὃριον
377 1969 474 2004 χήρας.
494 1976 503 1993 ι
523 1966 560 1992 Τὸ
583 1965 611 1992 δὲ
625 1962 816 2000 δημιουργικὸν
840 1960 922 1988 αὐτοῦ

129 2021 181 2056 οὐχ
192 2008 287 2049 ἅπλῶς
298 2037 305 2048 ,
321 2015 378 2043 ἀλλ’
393 2015 434 2042 ὅτι
449 2013 494 2040 διὰ
514 2012 561 2039 τοῦ
579 2011 644 2038 ίδίου
661 2010 747 2044 Λόγου
766 2009 815 2036 καὶ
828 2008 923 2042 σοφίας

133 2067 224 2094 πάντα
245 2065 331 2092 ποιεῖ·
347 2063 361 2089 ὃ
382 2061 498 2098 μάλιστα
514 2059 560 2086 καὶ
581 2055 776 2094 χαρακτηρίζει
791 2055 836 2082 τὸν
857 2055 923 2090 ἁλη-

133 2113 207 2140 Θινὸν
232 2111 313 2143 Θεὸν,
328 2110 368 2135 ὃτι
393 2106 457 2134 Υίοῦ
470 2106 564 2141 Πατήρ
575 2105 650 2136 ἐστι,
671 2102 744 2136 λέγει
760 2101 824 2136 γοῦν
836 2109 842 2115 ·
861 2110 870 2126 ι
895 2101 924 2126 '0

133 2159 202 2190 Θεὸς
226 2158 259 2193 τῇ
285 2155 367 2191 σοφίᾳ
388 2152 551 2188 ὲθεμελίωσε
569 2150 618 2185 τὴν
641 2149 706 2184 γῆν·
727 2157 736 2174 ι
761 2147 807 2174 καὶ
824 2146 904 2173 πάλιν
917 2155 923 2162 ·

136 2191 258 2240 «Κύριος
268 2201 379 2236 εποίησε
394 2198 498 2235 χώρας,
517 2196 564 2223 καὶ
572 2195 726 2229 ἀοικήτους,
742 2193 789 2219 καὶ
803 2191 875 2228 ἄκρα
889 2192 927 2217 ot-

135 2237 256 2285 κοὺμενα
273 2247 322 2282 τῆς
336 2245 381 2272 ὑπ’
394 2241 519 2279 οὐρανόν.
535 2239 630 2266 Ἣνίκα
642 2238 772 2274 ἡτοίμαζε
789 2237 833 2263 τὸν
846 2237 927 2271 ούρα-

135 2295 191 2329 νδν,
207 2292 394 2329 συμπαρήμην
408 2288 493 2324 αὐτῷ,
510 2287 557 2314 καὶ
570 2286 614 2312 ὅτε
636 2283 756 2320 ἀφώριζε
772 2283 817 2309 τὸν
831 2281 927 2308 ἑαυτοῦ

137 2342 233 2379 θρόνον
243 2340 286 2367 ἐπ’
298 2338 416 2373 ἀνέμων,
428 2335 510 2371 ἡνίκα
526 2331 624 2368 ἰσχυρὰ
637 2331 722 2357 ἐποίει
732 2330 766 2356 τὰ
779 2330 834 2357 ἄνω
848 2329 927 2364 νέφη,

138 2373 212 2424 ήιμην
233 2385 298 2421 παρ’
320 2383 393 2419 αὐτῷ
415 2380 580 2420 ἁρμόζουσα.
605 2377 676 2412 Ἐγὼ
700 2377 773 2412 ήμην
844 2383 929 2411 προσ-

138 2420 241 2469 έχαίρε,
256 2420 317 2458 καθ’
333 2429 438 2466 ἡμέραν
449 2427 478 2454 δὲ
495 2425 679 2461 εὐφραινόμην
692 2424 720 2449 ὲν
732 2421 869 2457 προσώπῳ
879 2420 929 2447 αὐ-

137 2468 196 2507 τοῦ.
216 2489 226 2505 )
245 2476 464 2514 Στροφαὶιλόγων
479 2474 621 2510 εἴρηνται·
642 2470 734 2505 ἐπειδὴ
752 2468 875 2505 στρέφων
887 2475 930 2498 τις

139 2526 239 2557 αὐτοὺς
253 2525 287 2560 τῇ
300 2522 413 2558 διανοίᾳ,
425 2520 527 2555 ἀνοίγει
539 2519 586 2546 καὶ
602 2517 722 2553 εὑρίσκει
734 2516 780 2542 τὸν
795 2516 824 2541 ἐν
838 2514 930 2545 αὐτοῖς

139 2558 301 2606 ἐγκείμενον
313 2567 388 2595 νοῦν·
405 2563 449 2594 οἷά
462 2566 523 2593 εἰσι·
543 2574 553 2591 ‹
580 2563 699 2598 Διεσώθη
724 2561 778 2588 ἀπὸ
800 2559 846 2587 τοῦ
864 2558 931 2586 καύ-

240 2615 297 2647 υἱὸς
309 2615 427 2649 νοήμων,
438 2610 621 2647 ἀνεμόφθορος
634 2609 662 2635 δὲ
678 2608 782 2642 γίνεται
793 2607 822 2633 ὲν
832 2604 931 2641 ἀμητῷ

141 2650 198 2695 υἱὸς
220 2660 394 2696 παράνομος·
417 2668 426 2684 ι
445 2658 492 2684 καὶ
507 2655 588 2683 πάλιν
601 2663 608 2670 ·
627 2664 637 2680 ι
664 2651 810 2689 Ἑπιμελοῦ
830 2650 886 2677 τῶν
902 2651 932 2676 ἐν

140 2709 181 2745 τῷ
205 2695 290 2742 πεδίῳ
313 2704 439 2741 χλωρῶν,
455 2704 501 2730 καὶ
517 2702 607 2737 κερεῖς
630 2699 716 2730 πόαν,
739 2697 784 2724 καὶ
798 2695 932 2730 συνάγαγε

142 2741 238 2789 χύρτον
259 2750 372 2786 ὀρεινὸν,
386 2749 429 2775 ἵνα
453 2747 517 2783 ἔχῃς
539 2744 663 2780 πρόϐατα
679 2744 719 2776 εἰς
735 2741 881 2778 ἱματισμόν
892 2750 899 2756 ·
921 2750 930 2767 ι

180 2867 204 2883 ’⁸
223 2865 303 2893 Rom.
319 2864 398 2897 1,12.
429 2865 449 2880 ⁹¹
472 2863 526 2891 Tit.
544 2871 587 2895 ιιι,
605 2862 649 2890 M.
686 2862 709 2897 '7’
728 2861 813 2897 Prov.
826 2859 938 2897 xxvi}.

147 2901 191 2930 ιτ».
223 2901 247 2917 ο·
266 2892 345 2928 Ριοιί.
363 2908 389 2933 ν,
405 2899 450 2927 ei.
487 2899 509 2915 ον
531 2892 609 2926 ιιι-οἰκ
629 2905 675 2933 xv,
690 2896 716 2925 8.
754 2896 776 2913 οε
797 2895 862 2923 ibid.
881 2895 916 2922 εδ

969 2895 987 2911 ’³
1007 2894 1087 2922 Prov.
1107 2901 1147 2925 lli,
1169 2892 1211 2919 l9.

959 247 1084 276 nonnulli
1103 246 1247 278 deﬁniunt,
1263 246 1367 273 dictum
1394 242 1538 279 parodium
1563 242 1623 277 (seu
1647 242 1675 268 in
1700 242 1745 269 via

958 294 1102 330 positum),
1116 294 1151 321 ab
1166 300 1222 320 uno
1237 291 1354 327 quodam
1373 289 1405 316 ad
1424 289 1508 316 multa
1524 287 1698 315 translatum.
1716 286 1746 314 ln

958 340 1011 368 hoc
1040 340 1124 375 igitur
1150 339 1219 366 libro
1236 337 1349 365 scientia
1367 334 1508 370 sapientiae
1532 337 1559 361 et
1581 332 1745 368 discipline,

959 387 1117 414 intellectus
1129 382 1292 413 ~sermonum
1322 382 1484 418 prudentiae,
1501 379 1621 415 strophze
1647 379 1750 406 verbo—

959 443 1032 467 rum,
1047 434 1163 470 justitiae
1180 439 1251 460 verae
1276 430 1442 460 intellectus,
1458 427 1492 455 ad
1517 425 1687 462 dirigendum
1701 426 1747 461 iu-

959 469 1083 513 dicia,ret
1093 477 1254 514 pollicitatio
1267 469 1519 511 cognoscendarum
1538 479 1571 499 ex
1591 471 1653 499 istis
1664 479 1729 506 para
1738 486 1746 492 -

959 527 1096 558 bolarum,
1110 525 1246 552 dictorum
1259 520 1436 557 sapientium,
1452 518 1639 553 aenigmatum,
1655 521 1683 545 et
1697 517 1747 545 ob-

961 578 1105 600 scurorum
1128 576 1295 597 sermonum.
1311 566 1344 593 Et
1372 570 1436 593 sunt
1451 565 1571 593 scientiae
1585 564 1746 599 sapientiam

960 625 992 645 ac
1007 616 1182 651 disciplinam
1197 613 1346 641 tradentes.
1363 611 1430 638 Cum
1442 609 1570 637 et'Graeci
1586 609 1739 643 sapientian

961 671 991 691 se
1012 662 1113 689 habere
1130 660 1321 696 polliceantur,
1335 661 1362 684 et
1374 654 1494 683 haeretici
1508 654 1608 681 habere
1623 661 1652 681 se
1664 652 1749 680 disci—

961 710 1063 745 plinam
1078 706 1263 740 arbitrentur)
1278 705 1339 732 idco
1359 703 1402 730 hic
1413 708 1506 730 veram
1532 700 1694 735 sapientiam
1716 706 1749 726 ac

962 754 1134 789 disciplinam
1152 752 1241 783 docet,
1261 758 1295 777 ne
1318 749 1409 783 specie
1438 754 1470 774 ac
1495 745 1676 773 similitudine
1703 751 1749 772 sa-

963 799 1073 836 pientiae
1083 798 1230 834 quisquam
1247 796 1274 823 in
1291 795 1460 829 sophismata
1470 791 1627 819 Graecorum
1647 796 1674 818 et
1693 789 1750 817 italu

962 848 1110 876 reticorum
1125 843 1237 872 incidat.
1254 841 1342 869 Graeci
1366 847 1486 875 namque
1508 841 1636 874 putantes
1655 844 1684 865 se
1700 836 1751 863 ali-

784 897 844 924 Τῶν
858 897 911 932 γὰρ
928 895 948 924 Β
963 900 1032 928 quos
1048 899 1119 922 esse,
1139 894 1166 918 et
1185 899 1194 915 (
1219 888 1343 916 dicentes
1368 894 1398 914 se
1425 884 1563 920 sapientes
1591 891 1651 911 esse
1673 880 1750 910 stulti

961 939 1025 967 facti
1041 941 1106 966 sunt
1120 937 1161 970 '°;
1179 946 1188 962 ι
1207 934 1331 962 haeretici
1342 939 1407 960 vero
1416 931 1540 959 eruditos
1553 937 1625 962 esse,
1645 936 1674 956 se
1685 928 1749 960 rati,

961 985 1048 1013 aversi
1063 987 1137 1015 sunt,
1156 985 1184 1010 et
1199 984 1313 1017 peccant
1335 979 1448 1015 proprio
1461 977 1565 1013 judicio
1585 974 1752 1003 condemna-

960 1032 982 1059 ti
996 1031 1028 1060 “.
1045 1029 1161 1066 Sapiens
1184 1035 1249 1056 vero
1263 1027 1287 1055 si
1310 1025 1404 1054 divina
1429 1023 1539 1059 eloquia
1566 1021 1693 1053 audierit,
1707 1027 1753 1047 sa-

962 1077 1081 1114 pientior
1101 1075 1165 1104 erit.
1183 1074 1291 1102 Etenim
1319 1073 1343 1100 si
1368 1071 1491 1108 legitima
1516 1068 1566 1097 Dei
1589 1067 1708 1114 audierit
1726 1069 1754 1094 et

963 1106 1136 1154 custodierit,
1154 1123 1181 1148 et
1197 1120 1226 1147 in
1243 1106 1515 1154 disciplina'Domini
1537 1106 1678 1149 negliéens
1698 1118 1754 1139 non

963 1169 1058 1202 fuerit,
1076 1175 1128 1196 nec
1144 1167 1172 1194 in
1187 1174 1219 1194 ea
1235 1164 1379 1197 defecerit,
1390 1163 1464 1191 ﬁlius
1476 1160 1586 1196 sapiens
1601 1158 1707 1189 evadet,
1727 1159 1755 1184 et

963 1215 1089 1244 eruditus
1104 1214 1192 1241 factus
1203 1211 1388 1247 cognitionem
1402 1208 1450 1236 Dei
1465 1206 1610 1235 confestim
1628 1204 1754 1239 accipiet.

967 1261 1025 1290 Hac
1035 1261 1109 1289 enim
1135 1258 1274 1294 sapientes
1299 1255 1493 1284 instituuntur.
1510 1252 1674 1280 Sermonum
1688 1256 1755 1277 vero

965 1308 1133 1344 prudentum
1155 1304 1323 1335 intellectus,
1339 1300 1466 1329 doctrina
1489 1303 1532 1327 est
1556 1298 1591 1325 de
1617 1296 1676 1324 solo
1691 1302 1756 1322 vero

967 1343 1032 1381 Deo.
1049 1351 1207 1380 Graecorum
1219 1355 1340 1383 namque
1361 1346 1408 1374 alii
1431 1352 1533 1380 corpus
1551 1351 1612 1372 esse
1629 1343 1757 1370 dixerunt

967 1400 1069 1433 Deum,
1102 1398 1149 1425 alii
1182 1394 1340 1424 simulacris
1376 1393 1460 1421 etiam
1495 1392 1585 1427 ipsum
1622 1387 1758 1417 assimila-

967 1449 1042 1474 rnnt.
1084 1441 1213 1471 Παπειῑοί
1241 1448 1307 1469 vero
1339 1443 1366 1467 et
1396 1438 1449 1474 ipsi
1479 1438 1507 1465 in
1535 1436 1593 1464 veri
1624 1434 1759 1471 cognitio-

968 1500 1003 1520 ne
1019 1491 1206 1526 desipuerunt.
1231 1487 1379 1522 Propterea
1398 1484 1444 1512 hic
1474 1483 1509 1511 de
1533 1489 1598 1511 vera
1622 1481 1758 1516 cognitio-

970 1546 1005 1566 ne
1042 1536 1089 1564 Dei
1122 1535 1181 1562 haec
1208 1536 1328 1561 enarrat.
1365 1530 1444 1563 Quod
1473 1528 1583 1564 quidem
1614 1526 1760 1555 ineﬁabilis

970 1585 1027 1613 sit:
1048 1592 1058 1608 (
1076 1581 1168 1610 Gloria
1183 1579 1232 1607 Dei
1261 1577 1405 1606 abscondit
1429 1575 1543 1603 verbum
1558 1574 1592 1601 ".
1613 1583 1622 1599 ι
1640 1572 1678 1600 De
1697 1580 1760 1607 pro-

969 1629 1088 1659 videntia
1109 1634 1174 1655 vero
1199 1625 1273 1653 illius
1293 1624 1334 1653 sic
1358 1622 1500 1658 loquitur:
1520 1630 1530 1647 ι
1548 1622 1580 1648 In
1602 1619 1676 1648 omni
1699 1619 1760 1646 loco

973 1676 1053 1712 119
1075 1674 1146 1703 oculi
1167 1671 1274 1700 Domini
1299 1669 1522 1704 contemplantur
1545 1666 1632 1694 bonos
1654 1668 1681 1692 et
1703 1672 1761 1692 ma-

971 1710 1021 1751 1—0;
1025 1710 1058 1750 ἦ.
1077 1731 1087 1748 ι
1102 1719 1135 1747 Et
1146 1719 1244 1747 iterum
1263 1726 1270 1744 :
1295 1726 1304 1742 ι
1321 1715 1410 1751 ,θῖνες
1428 1717 1455 1742 et
1475 1720 1578 1751 pauper
1596 1712 1665 1739 alter
1682 1710 1762 1738 alteri

971 1769 1167 1798 occurrerunt,
1181 1768 1311 1799 utrosque
1327 1769 1392 1790 vero
1407 1760 1471 1788 fecit
1485 1759 1617 1787 Dominus
1627 1758 1661 1784 ἰ.
1675 1767 1685 1783 ι
1703 1757 1737 1784 Et
1752 1765 1760 1784 :

976 1826 986 1842 ι
1009 1815 1079 1843 Dum
1094 1811 1261 1841 conveniunt
1280 1809 1430 1837 faenerator
1447 1814 1479 1834 ac
1497 1806 1614 1837 debitor,
1629 1808 1764 1838 utrosque

974 1861 1132 1898 speculatur
1159 1857 1291 1885 Dominus
1316 1855 1350 1884 ”.
1380 1864 1390 1881 ι
1420 1853 1453 1880 Et
1476 1862 1484 1880 :
1507 1861 1516 1878 ι
1546 1851 1617 1879 Sunt
1638 1850 1711 1879 enim
1734 1850 1764 1877 in

973 1909 1122 1943 conspectu
1146 1904 1289 1932 oculorum
1303 1901 1358 1936 {Dei
1376 1901 1427 1928 viae
1452 1899 1521 1931 viri,
1547 1901 1575 1926 et
1595 1904 1691 1926 omnes
1718 1903 1764 1923 or-

972 1955 1044 1982 bitas
1066 1952 1127 1988 ejus
1149 1950 1307 1986 speculatur
1321 1947 1354 1974 θ’.
1385 1957 1394 1973 ι
1414 1945 1552 1974 Iudicium
1577 1951 1686 1980 quoque
1704 1943 1766 1977 ejus

974 2002 1191 2030 commemorat,
1225 1995 1320 2023 dicens
1350 2003 1357 2021 ι
1390 2003 1399 2020 ι
1421 1992 1575 2021 'Sacriﬁcia
1605 1991 1765 2026 impiorum,

975 2046 1192 2077 abominationes
1208 2046 1273 2071 sunt
1287 2040 1394 2069 Domini
1410 2050 1417 2068 :
1433 2044 1498 2068 vota
1514 2043 1605 2066 autem
1623 2041 1696 2065 recte
1706 2044 1766 2064 am-

977 2092 1140 2124 bulantium,
1154 2094 1266 2125 accepta
1279 2092 1344 2116 sunt
1359 2088 1430 2123 apud
1444 2082 1507 2115 eum
1520 2086 1554 2113 9".
1574 2095 1583 2111 ι
1598 2084 1630 2111 Et
1644 2084 1741 2111 iterum
1757 2092 1765 2110 :

980 2149 988 2164 ι
1012 2138 1113 2166 Domos
1134 2135 1352 2164 conviciatorum
1373 2134 1490 2168 dissipat
1511 2132 1654 2162 Dominus,
1677 2130 1766 2157 ﬁrmat

943 2196 963 2223 ιν)
979 2189 1069 2213 autem
1086 2183 1233 2211 terminum
1254 2181 1344 2209 viduae
1361 2180 1394 2206 ⁸⁸.
1418 2190 1426 2206 ι
1445 2178 1588 2214 Opificium
1607 2183 1671 2203 vero
1692 2175 1767 2202 illius

980 2239 1034 2258 non
1059 2229 1230 2265 simpliciter,
1251 2227 1299 2255 sed
1316 2234 1348 2254 eo
1371 2225 1443 2260 quod
1459 2233 1506 2260 per
1522 2223 1651 2254 Verbum,
1670 2229 1702 2249 ac
1723 2228 1768 2248 sa-

980 2278 1110 2313 pientiam
1128 2283 1207 2304 suam
1226 2277 1327 2301 cuncta
1346 2272 1449 2300 faciat:
1468 2271 1514 2306 qui
1529 2269 1690 2305 potissimus
1710 2268 1768 2295 veri

981 2323 1029 2352 Dei
1044 2323 1187 2351 character
1204 2324 1256 2354 est,
1277 2319 1350 2355 quod
1366 2319 1402 2346 sit
1417 2317 1477 2345 Filii
1493 2317 1583 2344 Pater.
1600 2316 1644 2342 Ait
1659 2314 1742 2349 igitur
1759 2323 1767 2340 :

985 2379 994 2396 ι
1015 2368 1155 2404 Sapientia
1169 2366 1243 2394 Deus
1255 2364 1381 2392 fundavit
1397 2367 1500 2390 terram
1514 2362 1548 2388 θ’.
1569 2370 1577 2386 ι
1597 2359 1629 2386 Ει
1643 2360 1743 2386 iterum
1760 2369 1767 2386 :

986 2425 995 2442 ι
1017 2415 1147 2442 Dominus
1167 2411 1232 2439 fecit
1246 2411 1371 2446 regiones
1383 2412 1410 2436 et
1422 2408 1542 2438 deserta,
1557 2409 1584 2433 et
1599 2405 1771 2432 summitates

983 2461 1119 2488 habitatas
1134 2459 1193 2494 ejus
1207 2465 1267 2493 qua:
1287 2457 1339 2485 sub
1355 2455 1425 2483 ccelo
1439 2457 1491 2481 est.
1505 2452 1619 2486 Quando
1633 2458 1772 2486 praepara-

984 2507 1029 2535 bat
1045 2506 1155 2537 cmlum,
1178 2503 1287 2531 aderam
1303 2503 1355 2538 ipSi
1374 2510 1380 2527 :
1401 2500 1512 2536 quando
1534 2498 1678 2533 separabat
1693 2498 1771 2524 thro-

983 2561 1048 2581 num
1073 2559 1152 2579 suum
1174 2557 1258 2585 supra
1277 2553 1383 2580 ventos,
1404 2546 1513 2582 quando
1533 2544 1638 2572 validas
1655 2544 1773 2571 faciebat

983 2600 1101 2634 desuper
1122 2597 1221 2628 nubes,
1245 2603 1306 2623 cum
1325 2602 1359 2622 eo
1375 2601 1450 2622 eram
1474 2595 1573 2620 cuncta
1594 2597 1771 2625 componens.

984 2645 1040 2681 Ego
1051 2652 1126 2672 eram
1140 2644 1167 2671 in
1182 2650 1234 2678 qua
1249 2641 1404 2674 laetabatur,
1421 2639 1537 2675 singulis
1553 2637 1649 2665 diebus
1662 2637 1774 2664 laetabar

985 2693 1014 2720 in
1031 2693 1179 2726 conspectu
1197 2689 1271 2717 illius
1286 2689 1314 2715 ¹.”
1331 2697 1340 2714 ι
1361 2686 1485 2722 Strophze
1503 2692 1611 2720 quoque
1627 2685 1774 2712 verborum

986 2738 1081 2766 insunt
1099 2736 1145 2765 isti
1162 2736 1233 2764 libro
1249 2745 1255 2762 :
1274 2741 1336 2762 nam
1354 2734 1378 2761 si
1392 2734 1455 2769 quis
1470 2740 1501 2761 ea
1513 2736 1604 2760 mente
1619 2735 1718 2761 verset.
1732 2740 1774 2758 re-

976 2859 999 2876 "
1019 2859 1098 2885 Prov.
1119 2865 1164 2889 xv,
1183 2857 1210 2884 5.
1248 2855 1270 2872 ’⁸
1290 2854 1370 2882 Prov.
1394 2861 1468 2889 πιειι,
1489 2851 1516 2878 2.
1555 2850 1577 2867 ³⁵
1597 2849 1677 2876 Prov.
1696 2853 1783 2878 xm”

1255 2893 1263 2906 ‘
1285 2891 1351 2919 ibid.
1367 2888 1462 2916 “16-31.
