  <div class='ocr_page' id='page_1' title='image "/cluster/home/n/w/nwhite01/storage/ocr_20150623/28/njp.32101007506148/183.png"; bbox 0 0 1915 3057; ppageno 0'>
   <div class='ocr_carea' id='block_1_1' title="bbox 192 122 244 149">
    <p class='ocr_par' dir='ltr' id='par_1_1' title="bbox 192 122 244 149">
     <span class='ocr_line' id='line_1_1' title="bbox 192 122 244 149; baseline 0 0"><span class='ocrx_word' id='word_1_1' title='bbox 192 122 244 149; x_wconf 68' lang='grc'><strong>545</strong></span> 
     </span>
    </p>
   </div>
   <div class='ocr_carea' id='block_1_2' title="bbox 792 119 1252 152">
    <p class='ocr_par' dir='ltr' id='par_1_2' title="bbox 792 119 1252 152">
     <span class='ocr_line' id='line_1_2' title="bbox 792 119 1252 152; baseline 0.004 -4"><span class='ocrx_word' id='word_1_2' title='bbox 792 122 822 149; x_wconf 81' lang='lat' dir='ltr'><strong>S.</strong></span> <span class='ocrx_word' id='word_1_3' title='bbox 842 119 1073 150; x_wconf 77' lang='lat' dir='ltr'><strong>ATHANASIUS.</strong></span> <span class='ocrx_word' id='word_1_4' title='bbox 1088 138 1123 143; x_wconf 89' lang='lat'><strong><em>—</em></strong></span> <span class='ocrx_word' id='word_1_5' title='bbox 1140 122 1252 152; x_wconf 81' lang='lat' dir='ltr'><strong>DUBIA.</strong></span> 
     </span>
    </p>
   </div>
   <div class='ocr_carea' id='block_1_3' title="bbox 1747 123 1801 151">
    <p class='ocr_par' dir='ltr' id='par_1_3' title="bbox 1747 123 1801 151">
     <span class='ocr_line' id='line_1_3' title="bbox 1747 123 1801 151; baseline 0 0"><span class='ocrx_word' id='word_1_6' title='bbox 1747 123 1801 151; x_wconf 69' lang='grc'><strong>544</strong></span> 
     </span>
    </p>
   </div>
   <div class='ocr_carea' id='block_1_4' title="bbox 192 178 972 218">
    <p class='ocr_par' dir='ltr' id='par_1_4' title="bbox 192 178 970 214">
     <span class='ocr_line' id='line_1_4' title="bbox 192 178 970 214; baseline 0.001 -7"><span class='ocrx_word' id='word_1_7' title='bbox 192 179 294 208; x_wconf 74' lang='lat' dir='ltr'><strong>serabit</strong></span> <span class='ocrx_word' id='word_1_8' title='bbox 321 186 353 207; x_wconf 86' lang='lat' dir='ltr'><strong>ac</strong></span> <span class='ocrx_word' id='word_1_9' title='bbox 376 178 494 207; x_wconf 76' lang='lat' dir='ltr'><strong>inveniet</strong></span> <span class='ocrx_word' id='word_1_10' title='bbox 522 179 686 207; x_wconf 88' lang='lat' dir='ltr'><strong>sententiam</strong></span> <span class='ocrx_word' id='word_1_11' title='bbox 716 179 744 207; x_wconf 92' lang='lat' dir='ltr'><strong>in</strong></span> <span class='ocrx_word' id='word_1_12' title='bbox 778 179 844 214; x_wconf 88' lang='lat' dir='ltr'><strong>ipsis</strong></span> <span class='ocrx_word' id='word_1_13' title='bbox 879 179 970 208; x_wconf 80' lang='lat' dir='ltr'><strong>sitam.</strong></span> 
     </span>
    </p>
   </div>
   <div class='ocr_carea' id='block_1_5' title="bbox 1023 178 1802 218">
    <p class='ocr_par' dir='ltr' id='par_1_5' title="bbox 1023 179 1802 218">
     <span class='ocr_line' id='line_1_5' title="bbox 1023 179 1802 218; baseline 0 -11"><span class='ocrx_word' id='word_1_14' title='bbox 1023 180 1068 208; x_wconf 82' lang='grc' dir='ltr'>καὶ</span> <span class='ocrx_word' id='word_1_15' title='bbox 1090 180 1188 207; x_wconf 80' lang='grc' dir='ltr'>πάλιν·</span> <span class='ocrx_word' id='word_1_16' title='bbox 1206 191 1215 206; x_wconf 80' lang='grc' dir='ltr'><strong>ι</strong></span> <span class='ocrx_word' id='word_1_17' title='bbox 1237 180 1300 208; x_wconf 83' lang='grc' dir='ltr'>Ἐὰν</span> <span class='ocrx_word' id='word_1_18' title='bbox 1322 179 1436 217; x_wconf 74' lang='grc' dir='ltr'>καθίσῃς</span> <span class='ocrx_word' id='word_1_19' title='bbox 1461 180 1575 207; x_wconf 81' lang='grc' dir='ltr'><strong>δειπνεῖν</strong></span> <span class='ocrx_word' id='word_1_20' title='bbox 1599 180 1644 207; x_wconf 72' lang='grc' dir='ltr'><strong>ἐπὶ</strong></span> <span class='ocrx_word' id='word_1_21' title='bbox 1663 181 1802 218; x_wconf 74' lang='grc' dir='ltr'><strong>τραπέζης</strong></span> 
     </span>
    </p>
   </div>
   <div class='ocr_carea' id='block_1_6' title="bbox 191 223 971 259">
    <p class='ocr_par' dir='ltr' id='par_1_6' title="bbox 191 223 971 259">
     <span class='ocr_line' id='line_1_6' title="bbox 191 223 971 259; baseline 0.001 -7"><span class='ocrx_word' id='word_1_22' title='bbox 191 225 289 259; x_wconf 81' lang='lat' dir='ltr'><strong>Qualia</strong></span> <span class='ocrx_word' id='word_1_23' title='bbox 303 227 366 252; x_wconf 88' lang='lat' dir='ltr'><strong>sunt</strong></span> <span class='ocrx_word' id='word_1_24' title='bbox 380 224 437 252; x_wconf 62' lang='lat' dir='ltr'><strong>haec</strong></span> <span class='ocrx_word' id='word_1_25' title='bbox 453 233 460 252; x_wconf 92' lang='lat'><strong>:</strong></span> <span class='ocrx_word' id='word_1_26' title='bbox 479 233 488 249; x_wconf 84' lang='grc' dir='ltr'><strong>ι</strong></span> <span class='ocrx_word' id='word_1_27' title='bbox 509 223 655 252; x_wconf 80' lang='lat' dir='ltr'><strong>Incolumis</strong></span> <span class='ocrx_word' id='word_1_28' title='bbox 671 225 757 252; x_wconf 80' lang='lat' dir='ltr'><strong>evasit</strong></span> <span class='ocrx_word' id='word_1_29' title='bbox 770 225 803 252; x_wconf 86' lang='lat' dir='ltr'><strong>ab</strong></span> <span class='ocrx_word' id='word_1_30' title='bbox 819 229 886 253; x_wconf 59' lang='lat' dir='ltr'><strong>aestu</strong></span> <span class='ocrx_word' id='word_1_31' title='bbox 900 226 971 254; x_wconf 80' lang='lat' dir='ltr'><strong>ﬁlius</strong></span> 
     </span>
    </p>
   </div>
   <div class='ocr_carea' id='block_1_7' title="bbox 193 270 972 305">
    <p class='ocr_par' dir='ltr' id='par_1_7' title="bbox 193 270 972 305">
     <span class='ocr_line' id='line_1_7' title="bbox 193 270 972 305; baseline 0.003 -8"><span class='ocrx_word' id='word_1_32' title='bbox 193 270 356 305; x_wconf 74' lang='lat' dir='ltr'><strong>intelligens.</strong></span> <span class='ocrx_word' id='word_1_33' title='bbox 377 270 560 304; x_wconf 73' lang='lat' dir='ltr'><strong>corrumpitur</strong></span> <span class='ocrx_word' id='word_1_34' title='bbox 584 274 674 297; x_wconf 91' lang='lat' dir='ltr'><strong>autem</strong></span> <span class='ocrx_word' id='word_1_35' title='bbox 696 277 712 296; x_wconf 90' lang='lat' dir='ltr'><strong>a</strong></span> <span class='ocrx_word' id='word_1_36' title='bbox 743 274 823 298; x_wconf 86' lang='lat' dir='ltr'><strong>vento</strong></span> <span class='ocrx_word' id='word_1_37' title='bbox 839 271 866 298; x_wconf 83' lang='lat' dir='ltr'><strong>in</strong></span> <span class='ocrx_word' id='word_1_38' title='bbox 883 278 972 299; x_wconf 88' lang='lat' dir='ltr'><strong>messe</strong></span> 
     </span>
    </p>
   </div>
   <div class='ocr_carea' id='block_1_8' title="bbox 194 315 972 355">
    <p class='ocr_par' dir='ltr' id='par_1_8' title="bbox 194 315 972 355">
     <span class='ocr_line' id='line_1_8' title="bbox 194 315 972 355; baseline 0.001 -12"><span class='ocrx_word' id='word_1_39' title='bbox 194 317 264 344; x_wconf 85' lang='lat' dir='ltr'><strong>tilius</strong></span> <span class='ocrx_word' id='word_1_40' title='bbox 286 317 394 351; x_wconf 92' lang='lat' dir='ltr'><strong>iniquus</strong></span> <span class='ocrx_word' id='word_1_41' title='bbox 408 317 428 343; x_wconf 83' lang='lat'><strong>&#39;.</strong></span> <span class='ocrx_word' id='word_1_42' title='bbox 449 325 458 342; x_wconf 85' lang='grc'><strong>›</strong></span> <span class='ocrx_word' id='word_1_43' title='bbox 476 315 508 343; x_wconf 84' lang='grc' dir='ltr'>Ει</span> <span class='ocrx_word' id='word_1_44' title='bbox 520 316 618 355; x_wconf 79' lang='lat' dir='ltr'><strong>iterum</strong></span> <span class='ocrx_word' id='word_1_45' title='bbox 641 325 648 342; x_wconf 84' lang='lat'><strong>:</strong></span> <span class='ocrx_word' id='word_1_46' title='bbox 668 325 676 341; x_wconf 81' lang='grc' dir='ltr'><strong>ι</strong></span> <span class='ocrx_word' id='word_1_47' title='bbox 694 315 814 344; x_wconf 79' lang='lat' dir='ltr'><strong>Sollicito</strong></span> <span class='ocrx_word' id='word_1_48' title='bbox 832 324 897 344; x_wconf 85' lang='lat' dir='ltr'><strong>cura</strong></span> <span class='ocrx_word' id='word_1_49' title='bbox 913 325 972 352; x_wconf 77' lang='lat' dir='ltr'><strong>quae</strong></span> 
     </span>
    </p>
   </div>
   <div class='ocr_carea' id='block_1_9' title="bbox 193 362 972 398">
    <p class='ocr_par' dir='ltr' id='par_1_9' title="bbox 193 362 972 398">
     <span class='ocr_line' id='line_1_9' title="bbox 193 362 972 398; baseline 0.001 -9"><span class='ocrx_word' id='word_1_50' title='bbox 193 363 220 390; x_wconf 91' lang='lat' dir='ltr'><strong>in</strong></span> <span class='ocrx_word' id='word_1_51' title='bbox 236 370 299 398; x_wconf 77' lang='lat' dir='ltr'><strong>agro</strong></span> <span class='ocrx_word' id='word_1_52' title='bbox 311 367 374 390; x_wconf 89' lang='lat' dir='ltr'><strong>sunt</strong></span> <span class='ocrx_word' id='word_1_53' title='bbox 393 362 502 394; x_wconf 82' lang='lat' dir='ltr'><strong>viridia,</strong></span> <span class='ocrx_word' id='word_1_54' title='bbox 519 366 547 390; x_wconf 92' lang='lat' dir='ltr'><strong>et</strong></span> <span class='ocrx_word' id='word_1_55' title='bbox 562 362 674 390; x_wconf 84' lang='lat' dir='ltr'><strong>herbam</strong></span> <span class='ocrx_word' id='word_1_56' title='bbox 693 362 822 393; x_wconf 85' lang='lat' dir='ltr'><strong>demetes.</strong></span> <span class='ocrx_word' id='word_1_57' title='bbox 835 370 866 390; x_wconf 88' lang='lat' dir='ltr'><strong>ac</strong></span> <span class='ocrx_word' id='word_1_58' title='bbox 882 362 972 390; x_wconf 77' lang='lat' dir='ltr'><strong>fenum</strong></span> 
     </span>
    </p>
   </div>
   <div class='ocr_carea' id='block_1_10' title="bbox 192 408 969 444">
    <p class='ocr_par' dir='ltr' id='par_1_10' title="bbox 192 408 969 444">
     <span class='ocr_line' id='line_1_10' title="bbox 192 408 969 444; baseline 0.001 -9"><span class='ocrx_word' id='word_1_59' title='bbox 192 413 349 436; x_wconf 87' lang='lat' dir='ltr'><strong>montanum</strong></span> <span class='ocrx_word' id='word_1_60' title='bbox 366 409 472 444; x_wconf 80' lang='lat' dir='ltr'><strong>collige,</strong></span> <span class='ocrx_word' id='word_1_61' title='bbox 488 412 518 436; x_wconf 91' lang='lat' dir='ltr'><strong>ut</strong></span> <span class='ocrx_word' id='word_1_62' title='bbox 529 416 593 436; x_wconf 88' lang='lat' dir='ltr'><strong>oves</strong></span> <span class='ocrx_word' id='word_1_63' title='bbox 607 408 708 436; x_wconf 87' lang='lat' dir='ltr'><strong>habeas</strong></span> <span class='ocrx_word' id='word_1_64' title='bbox 722 409 754 435; x_wconf 89' lang='lat' dir='ltr'><strong>ad</strong></span> <span class='ocrx_word' id='word_1_65' title='bbox 771 409 896 436; x_wconf 86' lang='lat' dir='ltr'><strong>vestitum</strong></span> <span class='ocrx_word' id='word_1_66' title='bbox 913 409 934 436; x_wconf 90' lang='grc'><strong>³.</strong></span> <span class='ocrx_word' id='word_1_67' title='bbox 960 418 969 435; x_wconf 84' lang='grc'><strong>›</strong></span> 
     </span>
    </p>
   </div>
   <div class='ocr_carea' id='block_1_11' title="bbox 192 454 972 484">
    <p class='ocr_par' dir='ltr' id='par_1_11' title="bbox 192 454 972 484">
     <span class='ocr_line' id='line_1_11' title="bbox 192 454 972 484; baseline 0 -2"><span class='ocrx_word' id='word_1_68' title='bbox 192 454 224 481; x_wconf 82' lang='grc' dir='ltr'><strong>Ει</strong></span> <span class='ocrx_word' id='word_1_69' title='bbox 239 463 335 482; x_wconf 84' lang='lat' dir='ltr'><strong>rursus</strong></span> <span class='ocrx_word' id='word_1_70' title='bbox 349 464 354 482; x_wconf 89' lang='lat'><strong>:</strong></span> <span class='ocrx_word' id='word_1_71' title='bbox 370 465 379 481; x_wconf 80' lang='grc' dir='ltr'><strong>ι</strong></span> <span class='ocrx_word' id='word_1_72' title='bbox 396 455 425 482; x_wconf 92' lang='lat' dir='ltr'><strong>Si</strong></span> <span class='ocrx_word' id='word_1_73' title='bbox 437 456 551 483; x_wconf 85' lang='lat' dir='ltr'><strong>conviva</strong></span> <span class='ocrx_word' id='word_1_74' title='bbox 565 455 668 484; x_wconf 89' lang='lat' dir='ltr'><strong>sederis</strong></span> <span class='ocrx_word' id='word_1_75' title='bbox 681 455 713 482; x_wconf 88' lang='lat' dir='ltr'><strong>ad</strong></span> <span class='ocrx_word' id='word_1_76' title='bbox 725 462 829 482; x_wconf 64' lang='lat' dir='ltr'><strong>coenam</strong></span> <span class='ocrx_word' id='word_1_77' title='bbox 843 456 868 482; x_wconf 94' lang='lat' dir='ltr'><strong>in</strong></span> <span class='ocrx_word' id='word_1_78' title='bbox 880 463 972 483; x_wconf 89' lang='lat' dir='ltr'><strong>mensa</strong></span> 
     </span>
    </p>
   </div>
   <div class='ocr_carea' id='block_1_12' title="bbox 191 501 969 536">
    <p class='ocr_par' dir='ltr' id='par_1_12' title="bbox 191 501 969 536">
     <span class='ocr_line' id='line_1_12' title="bbox 191 501 969 536; baseline 0.001 -10"><span class='ocrx_word' id='word_1_79' title='bbox 191 504 359 535; x_wconf 75' lang='lat' dir='ltr'><strong>magnatum,</strong></span> <span class='ocrx_word' id='word_1_80' title='bbox 371 507 460 528; x_wconf 88' lang='lat' dir='ltr'><strong>meme</strong></span> <span class='ocrx_word' id='word_1_81' title='bbox 469 501 604 536; x_wconf 76' lang='lat' dir='ltr'><strong>intelligas</strong></span> <span class='ocrx_word' id='word_1_82' title='bbox 616 509 676 535; x_wconf 71' lang='lat' dir='ltr'><strong>quae</strong></span> <span class='ocrx_word' id='word_1_83' title='bbox 688 504 860 536; x_wconf 86' lang='lat' dir='ltr'><strong>apponuntur</strong></span> <span class='ocrx_word' id='word_1_84' title='bbox 869 501 916 528; x_wconf 85' lang='lat' dir='ltr'><strong>libi</strong></span> <span class='ocrx_word' id='word_1_85' title='bbox 925 501 945 527; x_wconf 74' lang='grc'><strong>⁸.</strong></span> <span class='ocrx_word' id='word_1_86' title='bbox 960 509 969 527; x_wconf 83' lang='grc'>›</span> 
     </span>
    </p>
   </div>
   <div class='ocr_carea' id='block_1_13' title="bbox 191 545 973 581">
    <p class='ocr_par' dir='ltr' id='par_1_13' title="bbox 191 545 973 581">
     <span class='ocr_line' id='line_1_13' title="bbox 191 545 973 581; baseline 0.003 -8"><span class='ocrx_word' id='word_1_87' title='bbox 191 545 224 573; x_wconf 85' lang='lat' dir='ltr'><strong>Et</strong></span> <span class='ocrx_word' id='word_1_88' title='bbox 237 547 288 573; x_wconf 92' lang='lat' dir='ltr'><strong>alia</strong></span> <span class='ocrx_word' id='word_1_89' title='bbox 305 547 467 574; x_wconf 84' lang='lat' dir='ltr'><strong>consimilia.</strong></span> <span class='ocrx_word' id='word_1_90' title='bbox 480 546 557 574; x_wconf 84' lang='lat' dir='ltr'><strong>Verae</strong></span> <span class='ocrx_word' id='word_1_91' title='bbox 570 547 684 581; x_wconf 75' lang='lat' dir='ltr'><strong>justitize</strong></span> <span class='ocrx_word' id='word_1_92' title='bbox 701 547 789 574; x_wconf 85' lang='lat' dir='ltr'><strong>dictus</strong></span> <span class='ocrx_word' id='word_1_93' title='bbox 808 551 846 575; x_wconf 77' lang='lat' dir='ltr'><strong>est</strong></span> <span class='ocrx_word' id='word_1_94' title='bbox 868 547 973 575; x_wconf 87' lang='lat' dir='ltr'><strong>intelle-</strong></span> 
     </span>
    </p>
   </div>
   <div class='ocr_carea' id='block_1_14' title="bbox 191 591 973 628">
    <p class='ocr_par' dir='ltr' id='par_1_14' title="bbox 191 591 973 628">
     <span class='ocr_line' id='line_1_14' title="bbox 191 591 973 628; baseline -0.001 -8"><span class='ocrx_word' id='word_1_95' title='bbox 191 596 252 620; x_wconf 88' lang='lat' dir='ltr'><strong>ctus</strong></span> <span class='ocrx_word' id='word_1_96' title='bbox 273 603 278 620; x_wconf 93' lang='lat'>:</span> <span class='ocrx_word' id='word_1_97' title='bbox 297 593 424 628; x_wconf 88' lang='lat' dir='ltr'><strong>quoniam</strong></span> <span class='ocrx_word' id='word_1_98' title='bbox 436 591 590 620; x_wconf 80' lang='lat' dir='ltr'><strong>diiTercnler</strong></span> <span class='ocrx_word' id='word_1_99' title='bbox 603 593 711 628; x_wconf 88' lang='lat' dir='ltr'><strong>quidam</strong></span> <span class='ocrx_word' id='word_1_100' title='bbox 729 593 842 627; x_wconf 70' lang='lat' dir='ltr'><strong>iustitia:</strong></span> <span class='ocrx_word' id='word_1_101' title='bbox 855 593 973 620; x_wconf 81' lang='lat' dir='ltr'><strong>vocabu-</strong></span> 
     </span>
    </p>
   </div>
   <div class='ocr_carea' id='block_1_15' title="bbox 191 638 972 674">
    <p class='ocr_par' dir='ltr' id='par_1_15' title="bbox 191 638 972 674">
     <span class='ocr_line' id='line_1_15' title="bbox 191 638 972 674; baseline 0.001 -9"><span class='ocrx_word' id='word_1_102' title='bbox 191 638 247 666; x_wconf 88' lang='lat' dir='ltr'><strong>lum</strong></span> <span class='ocrx_word' id='word_1_103' title='bbox 277 639 424 674; x_wconf 89' lang='lat' dir='ltr'><strong>accipiunt,</strong></span> <span class='ocrx_word' id='word_1_104' title='bbox 444 639 505 666; x_wconf 89' lang='lat' dir='ltr'><strong>aliis</strong></span> <span class='ocrx_word' id='word_1_105' title='bbox 530 639 685 666; x_wconf 76' lang='lat' dir='ltr'><strong>dicentibus</strong></span> <span class='ocrx_word' id='word_1_106' title='bbox 700 639 834 674; x_wconf 78' lang='lat' dir='ltr'><strong>justitiam</strong></span> <span class='ocrx_word' id='word_1_107' title='bbox 857 646 926 670; x_wconf 90' lang='lat' dir='ltr'><strong>esse,</strong></span> <span class='ocrx_word' id='word_1_108' title='bbox 948 640 972 666; x_wconf 90' lang='lat' dir='ltr'><strong>si</strong></span> 
     </span>
    </p>
   </div>
   <div class='ocr_carea' id='block_1_16' title="bbox 190 685 970 720">
    <p class='ocr_par' dir='ltr' id='par_1_16' title="bbox 190 685 970 720">
     <span class='ocr_line' id='line_1_16' title="bbox 190 685 970 720; baseline 0 -8"><span class='ocrx_word' id='word_1_109' title='bbox 190 685 286 713; x_wconf 88' lang='lat' dir='ltr'><strong>reddat</strong></span> <span class='ocrx_word' id='word_1_110' title='bbox 297 687 357 720; x_wconf 82' lang='lat' dir='ltr'><strong>quis</strong></span> <span class='ocrx_word' id='word_1_111' title='bbox 372 686 444 720; x_wconf 88' lang='lat' dir='ltr'><strong>quod</strong></span> <span class='ocrx_word' id='word_1_112' title='bbox 459 685 666 713; x_wconf 85' lang='lat' dir='ltr'><strong>custodiendum</strong></span> <span class='ocrx_word' id='word_1_113' title='bbox 682 686 785 720; x_wconf 85' lang='lat' dir='ltr'><strong>accepit</strong></span> <span class='ocrx_word' id='word_1_114' title='bbox 801 695 807 712; x_wconf 87' lang='lat'>:</span> <span class='ocrx_word' id='word_1_115' title='bbox 823 685 884 712; x_wconf 87' lang='lat' dir='ltr'><strong>aliis</strong></span> <span class='ocrx_word' id='word_1_116' title='bbox 896 693 970 718; x_wconf 88' lang='lat' dir='ltr'><strong>vero,</strong></span> 
     </span>
    </p>
   </div>
   <div class='ocr_carea' id='block_1_17' title="bbox 191 731 970 767">
    <p class='ocr_par' dir='ltr' id='par_1_17' title="bbox 191 731 970 767">
     <span class='ocr_line' id='line_1_17' title="bbox 191 731 970 767; baseline 0.001 -10"><span class='ocrx_word' id='word_1_117' title='bbox 191 731 214 758; x_wconf 83' lang='lat' dir='ltr'><strong>si</strong></span> <span class='ocrx_word' id='word_1_118' title='bbox 236 732 336 758; x_wconf 88' lang='lat' dir='ltr'><strong>malum</strong></span> <span class='ocrx_word' id='word_1_119' title='bbox 358 732 487 759; x_wconf 84' lang='lat' dir='ltr'><strong>reddatur</strong></span> <span class='ocrx_word' id='word_1_120' title='bbox 501 740 550 767; x_wconf 88' lang='lat' dir='ltr'><strong>pro</strong></span> <span class='ocrx_word' id='word_1_121' title='bbox 565 732 647 764; x_wconf 88' lang='lat' dir='ltr'><strong>malo,</strong></span> <span class='ocrx_word' id='word_1_122' title='bbox 661 735 689 758; x_wconf 91' lang='lat' dir='ltr'><strong>et</strong></span> <span class='ocrx_word' id='word_1_123' title='bbox 705 732 804 759; x_wconf 91' lang='lat' dir='ltr'><strong>bonum</strong></span> <span class='ocrx_word' id='word_1_124' title='bbox 822 739 870 766; x_wconf 91' lang='lat' dir='ltr'><strong>pro</strong></span> <span class='ocrx_word' id='word_1_125' title='bbox 888 731 970 759; x_wconf 89' lang='lat' dir='ltr'><strong>bono.</strong></span> 
     </span>
    </p>
   </div>
   <div class='ocr_carea' id='block_1_18' title="bbox 190 775 971 812">
    <p class='ocr_par' dir='ltr' id='par_1_18' title="bbox 190 775 971 812">
     <span class='ocr_line' id='line_1_18' title="bbox 190 775 971 812; baseline 0.001 -9"><span class='ocrx_word' id='word_1_126' title='bbox 190 775 351 811; x_wconf 83' lang='lat' dir='ltr'><strong>llujusmodi</strong></span> <span class='ocrx_word' id='word_1_127' title='bbox 369 782 459 805; x_wconf 83' lang='lat' dir='ltr'><strong>autem</strong></span> <span class='ocrx_word' id='word_1_128' title='bbox 473 777 644 805; x_wconf 73' lang='lat' dir='ltr'><strong>definitiones</strong></span> <span class='ocrx_word' id='word_1_129' title='bbox 660 781 761 805; x_wconf 73' lang='lat' dir='ltr'><strong>exacta:</strong></span> <span class='ocrx_word' id='word_1_130' title='bbox 774 785 805 804; x_wconf 91' lang='lat' dir='ltr'><strong>ac</strong></span> <span class='ocrx_word' id='word_1_131' title='bbox 820 778 900 812; x_wconf 65' lang='lat' dir='ltr'><strong>justae</strong></span> <span class='ocrx_word' id='word_1_132' title='bbox 917 785 971 804; x_wconf 89' lang='lat' dir='ltr'><strong>non</strong></span> 
     </span>
    </p>
   </div>
   <div class='ocr_carea' id='block_1_19' title="bbox 191 822 977 859">
    <p class='ocr_par' dir='ltr' id='par_1_19' title="bbox 191 822 977 859">
     <span class='ocr_line' id='line_1_19' title="bbox 191 822 977 859; baseline 0.001 -10"><span class='ocrx_word' id='word_1_133' title='bbox 191 827 264 850; x_wconf 88' lang='lat' dir='ltr'><strong>sunt.</strong></span> <span class='ocrx_word' id='word_1_134' title='bbox 286 823 325 851; x_wconf 78' lang='lat' dir='ltr'><strong>Ne</strong></span> <span class='ocrx_word' id='word_1_135' title='bbox 343 824 445 852; x_wconf 64' lang='lat' dir='ltr'><strong>direris</strong></span> <span class='ocrx_word' id='word_1_136' title='bbox 459 825 541 857; x_wconf 84' lang='lat' dir='ltr'><strong>enim,</strong></span> <span class='ocrx_word' id='word_1_137' title='bbox 558 824 618 858; x_wconf 85' lang='lat' dir='ltr'><strong>Quo</strong></span> <span class='ocrx_word' id='word_1_138' title='bbox 632 824 677 851; x_wconf 88' lang='lat' dir='ltr'><strong>ille</strong></span> <span class='ocrx_word' id='word_1_139' title='bbox 698 831 762 859; x_wconf 75' lang='lat' dir='ltr'><strong>erga</strong></span> <span class='ocrx_word' id='word_1_140' title='bbox 778 832 821 851; x_wconf 90' lang='lat' dir='ltr'><strong>me</strong></span> <span class='ocrx_word' id='word_1_141' title='bbox 844 832 910 852; x_wconf 91' lang='lat' dir='ltr'><strong>usus</strong></span> <span class='ocrx_word' id='word_1_142' title='bbox 930 822 977 851; x_wconf 67' lang='lat' dir='ltr'><strong>est&#39;</strong></span> 
     </span>
    </p>
   </div>
   <div class='ocr_carea' id='block_1_20' title="bbox 190 870 972 906">
    <p class='ocr_par' dir='ltr' id='par_1_20' title="bbox 190 870 972 906">
     <span class='ocr_line' id='line_1_20' title="bbox 190 870 972 906; baseline 0.001 -10"><span class='ocrx_word' id='word_1_143' title='bbox 190 870 282 901; x_wconf 87' lang='lat' dir='ltr'><strong>modo,</strong></span> <span class='ocrx_word' id='word_1_144' title='bbox 299 870 393 898; x_wconf 91' lang='lat' dir='ltr'><strong>eodem</strong></span> <span class='ocrx_word' id='word_1_145' title='bbox 411 874 474 898; x_wconf 88' lang='lat' dir='ltr'><strong>utar</strong></span> <span class='ocrx_word' id='word_1_146' title='bbox 494 879 555 906; x_wconf 80' lang='lat' dir='ltr'><strong>ego,</strong></span> <span class='ocrx_word' id='word_1_147' title='bbox 572 878 666 905; x_wconf 72' lang='lat' dir='ltr'><strong>pmnas</strong></span> <span class='ocrx_word' id='word_1_148' title='bbox 679 871 713 898; x_wconf 89' lang='lat' dir='ltr'><strong>de</strong></span> <span class='ocrx_word' id='word_1_149' title='bbox 730 871 776 898; x_wconf 92' lang='lat' dir='ltr'><strong>illo</strong></span> <span class='ocrx_word' id='word_1_150' title='bbox 790 878 906 901; x_wconf 85' lang='lat' dir='ltr'><strong>sumam,</strong></span> <span class='ocrx_word' id='word_1_151' title='bbox 922 878 972 905; x_wconf 88' lang='lat' dir='ltr'><strong>pro</strong></span> 
     </span>
    </p>
   </div>
   <div class='ocr_carea' id='block_1_21' title="bbox 191 913 971 951">
    <p class='ocr_par' dir='ltr' id='par_1_21' title="bbox 191 913 971 951">
     <span class='ocr_line' id='line_1_21' title="bbox 191 913 971 951; baseline 0.004 -11"><span class='ocrx_word' id='word_1_152' title='bbox 191 913 290 949; x_wconf 81' lang='lat' dir='ltr'><strong>injuria</strong></span> <span class='ocrx_word' id='word_1_153' title='bbox 311 923 364 950; x_wconf 87' lang='lat' dir='ltr'><strong>qua</strong></span> <span class='ocrx_word' id='word_1_154' title='bbox 385 924 428 944; x_wconf 83' lang='lat' dir='ltr'><strong>me</strong></span> <span class='ocrx_word' id='word_1_155' title='bbox 444 916 543 944; x_wconf 69' lang='lat' dir='ltr'><strong>aﬂ‘ecit.</strong></span> <span class='ocrx_word' id='word_1_156' title='bbox 557 915 740 949; x_wconf 74' lang='lat' dir='ltr'><strong>Quamobrem</strong></span> <span class='ocrx_word' id='word_1_157' title='bbox 759 915 814 948; x_wconf 87' lang='lat' dir='ltr'><strong>hic,</strong></span> <span class='ocrx_word' id='word_1_158' title='bbox 834 924 894 951; x_wconf 64' lang='lat' dir='ltr'><strong>qua:</strong></span> <span class='ocrx_word' id='word_1_159' title='bbox 908 924 971 943; x_wconf 89' lang='lat' dir='ltr'><strong>vera</strong></span> 
     </span>
    </p>
   </div>
   <div class='ocr_carea' id='block_1_22' title="bbox 190 960 972 997">
    <p class='ocr_par' dir='ltr' id='par_1_22' title="bbox 190 960 972 997">
     <span class='ocr_line' id='line_1_22' title="bbox 190 960 972 997; baseline 0.004 -11"><span class='ocrx_word' id='word_1_160' title='bbox 190 960 227 987; x_wconf 80' lang='lat' dir='ltr'><strong>sit</strong></span> <span class='ocrx_word' id='word_1_161' title='bbox 241 961 359 995; x_wconf 90' lang='lat' dir='ltr'><strong>justitia,</strong></span> <span class='ocrx_word' id='word_1_162' title='bbox 374 961 453 989; x_wconf 85' lang='lat' dir='ltr'><strong>docet</strong></span> <span class='ocrx_word' id='word_1_163' title='bbox 467 971 475 989; x_wconf 85' lang='lat'><strong>:</strong></span> <span class='ocrx_word' id='word_1_164' title='bbox 495 970 554 990; x_wconf 89' lang='lat' dir='ltr'><strong>eam</strong></span> <span class='ocrx_word' id='word_1_165' title='bbox 572 963 697 990; x_wconf 85' lang='lat' dir='ltr'><strong>videlicet</strong></span> <span class='ocrx_word' id='word_1_166' title='bbox 712 971 802 990; x_wconf 87' lang='lat' dir='ltr'><strong>veram</strong></span> <span class='ocrx_word' id='word_1_167' title='bbox 817 971 878 990; x_wconf 88' lang='lat' dir='ltr'><strong>esse</strong></span> <span class='ocrx_word' id='word_1_168' title='bbox 893 962 972 997; x_wconf 88' lang='lat' dir='ltr'><strong>justi-</strong></span> 
     </span>
    </p>
   </div>
   <div class='ocr_carea' id='block_1_23' title="bbox 190 1006 971 1043">
    <p class='ocr_par' dir='ltr' id='par_1_23' title="bbox 190 1006 971 1043">
     <span class='ocr_line' id='line_1_23' title="bbox 190 1006 971 1043; baseline 0.003 -10"><span class='ocrx_word' id='word_1_169' title='bbox 190 1006 266 1038; x_wconf 85' lang='lat' dir='ltr'><strong>tiam,</strong></span> <span class='ocrx_word' id='word_1_170' title='bbox 285 1007 307 1034; x_wconf 88' lang='lat' dir='ltr'><strong>si</strong></span> <span class='ocrx_word' id='word_1_171' title='bbox 319 1007 466 1043; x_wconf 88' lang='lat' dir='ltr'><strong>unicuique</strong></span> <span class='ocrx_word' id='word_1_172' title='bbox 482 1008 554 1042; x_wconf 86' lang='lat' dir='ltr'><strong>quod</strong></span> <span class='ocrx_word' id='word_1_173' title='bbox 569 1016 648 1036; x_wconf 88' lang='lat' dir='ltr'><strong>suum</strong></span> <span class='ocrx_word' id='word_1_174' title='bbox 663 1012 705 1036; x_wconf 88' lang='lat' dir='ltr'><strong>est</strong></span> <span class='ocrx_word' id='word_1_175' title='bbox 717 1008 856 1037; x_wconf 81' lang='lat' dir='ltr'><strong>reddatur.</strong></span> <span class='ocrx_word' id='word_1_176' title='bbox 875 1017 885 1034; x_wconf 81' lang='grc' dir='ltr'><strong>ι</strong></span> <span class='ocrx_word' id='word_1_177' title='bbox 904 1008 971 1035; x_wconf 91' lang='lat' dir='ltr'><strong>Cum</strong></span> 
     </span>
    </p>
   </div>
   <div class='ocr_carea' id='block_1_24' title="bbox 189 1051 971 1089">
    <p class='ocr_par' dir='ltr' id='par_1_24' title="bbox 189 1051 971 1089">
     <span class='ocr_line' id='line_1_24' title="bbox 189 1051 971 1089; baseline 0.005 -11"><span class='ocrx_word' id='word_1_178' title='bbox 189 1051 285 1087; x_wconf 85' lang='lat' dir='ltr'><strong>primis</strong></span> <span class='ocrx_word' id='word_1_179' title='bbox 311 1052 432 1086; x_wconf 83' lang='lat' dir='ltr'><strong>honora,</strong></span> <span class='ocrx_word' id='word_1_180' title='bbox 463 1054 566 1088; x_wconf 89' lang='lat' dir='ltr'><strong>inquit,</strong></span> <span class='ocrx_word' id='word_1_181' title='bbox 592 1053 735 1081; x_wconf 88' lang='lat' dir='ltr'><strong>Dominum</strong></span> <span class='ocrx_word' id='word_1_182' title='bbox 756 1054 790 1082; x_wconf 93' lang='lat' dir='ltr'><strong>de</strong></span> <span class='ocrx_word' id='word_1_183' title='bbox 807 1055 891 1089; x_wconf 90' lang='lat' dir='ltr'><strong>justis</strong></span> <span class='ocrx_word' id='word_1_184' title='bbox 916 1055 971 1082; x_wconf 92' lang='lat' dir='ltr'><strong>tuis</strong></span> 
     </span>
    </p>
   </div>
   <div class='ocr_carea' id='block_1_25' title="bbox 189 1098 972 1136">
    <p class='ocr_par' dir='ltr' id='par_1_25' title="bbox 189 1098 972 1136">
     <span class='ocr_line' id='line_1_25' title="bbox 189 1098 972 1136; baseline 0.004 -11"><span class='ocrx_word' id='word_1_185' title='bbox 189 1098 340 1133; x_wconf 81' lang='lat' dir='ltr'><strong>laboribus,</strong></span> <span class='ocrx_word' id='word_1_186' title='bbox 357 1105 383 1128; x_wconf 85' lang='lat' dir='ltr'><strong>et</strong></span> <span class='ocrx_word' id='word_1_187' title='bbox 401 1100 536 1135; x_wconf 87' lang='lat' dir='ltr'><strong>primitias</strong></span> <span class='ocrx_word' id='word_1_188' title='bbox 556 1101 594 1128; x_wconf 91' lang='lat' dir='ltr'><strong>illi</strong></span> <span class='ocrx_word' id='word_1_189' title='bbox 614 1101 659 1133; x_wconf 89' lang='lat' dir='ltr'><strong>da,</strong></span> <span class='ocrx_word' id='word_1_190' title='bbox 673 1101 707 1128; x_wconf 93' lang='lat' dir='ltr'><strong>de</strong></span> <span class='ocrx_word' id='word_1_191' title='bbox 721 1101 897 1136; x_wconf 72' lang='lat' dir='ltr'><strong>tuisjustitia:</strong></span> <span class='ocrx_word' id='word_1_192' title='bbox 914 1101 972 1128; x_wconf 77' lang='lat' dir='ltr'><strong>fru-</strong></span> 
     </span>
    </p>
   </div>
   <div class='ocr_carea' id='block_1_26' title="bbox 189 1145 972 1182">
    <p class='ocr_par' dir='ltr' id='par_1_26' title="bbox 189 1145 972 1182">
     <span class='ocr_line' id='line_1_26' title="bbox 189 1145 972 1182; baseline 0.005 -12"><span class='ocrx_word' id='word_1_193' title='bbox 189 1145 280 1172; x_wconf 91' lang='lat' dir='ltr'><strong>ctibus</strong></span> <span class='ocrx_word' id='word_1_194' title='bbox 300 1146 323 1173; x_wconf 76' lang='lat'><strong>&quot;.</strong></span> <span class='ocrx_word' id='word_1_195' title='bbox 338 1154 347 1170; x_wconf 79' lang='grc' dir='ltr'><strong>ι</strong></span> <span class='ocrx_word' id='word_1_196' title='bbox 363 1145 481 1173; x_wconf 83' lang='lat' dir='ltr'><strong>Deinde:</strong></span> <span class='ocrx_word' id='word_1_197' title='bbox 501 1156 510 1172; x_wconf 80' lang='grc' dir='ltr'><strong>ι</strong></span> <span class='ocrx_word' id='word_1_198' title='bbox 525 1145 633 1173; x_wconf 78' lang='lat' dir='ltr'><strong>Honora</strong></span> <span class='ocrx_word' id='word_1_199' title='bbox 656 1153 758 1181; x_wconf 77' lang='lat' dir='ltr'><strong>regem,</strong></span> <span class='ocrx_word' id='word_1_200' title='bbox 772 1151 799 1174; x_wconf 89' lang='lat' dir='ltr'><strong>et</strong></span> <span class='ocrx_word' id='word_1_201' title='bbox 815 1147 972 1182; x_wconf 87' lang='lat' dir='ltr'><strong>parentibus</strong></span> 
     </span>
    </p>
   </div>
   <div class='ocr_carea' id='block_1_27' title="bbox 190 1190 972 1227">
    <p class='ocr_par' dir='ltr' id='par_1_27' title="bbox 190 1190 972 1227">
     <span class='ocr_line' id='line_1_27' title="bbox 190 1190 972 1227; baseline 0.003 -10"><span class='ocrx_word' id='word_1_202' title='bbox 190 1190 309 1218; x_wconf 82' lang='lat' dir='ltr'><strong>debitum</strong></span> <span class='ocrx_word' id='word_1_203' title='bbox 320 1191 415 1218; x_wconf 79' lang='lat' dir='ltr'><strong>exhibe</strong></span> <span class='ocrx_word' id='word_1_204' title='bbox 426 1191 552 1223; x_wconf 77' lang='lat' dir='ltr'><strong>oﬁicium,</strong></span> <span class='ocrx_word' id='word_1_205' title='bbox 561 1192 686 1226; x_wconf 80' lang='lat' dir='ltr'><strong>omnibus</strong></span> <span class='ocrx_word' id='word_1_206' title='bbox 698 1199 771 1223; x_wconf 89' lang='lat' dir='ltr'><strong>vero,</strong></span> <span class='ocrx_word' id='word_1_207' title='bbox 781 1192 853 1227; x_wconf 92' lang='lat' dir='ltr'><strong>quod</strong></span> <span class='ocrx_word' id='word_1_208' title='bbox 865 1200 972 1227; x_wconf 78' lang='lat' dir='ltr'><strong>:equum</strong></span> 
     </span>
    </p>
   </div>
   <div class='ocr_carea' id='block_1_28' title="bbox 189 1235 973 1273">
    <p class='ocr_par' dir='ltr' id='par_1_28' title="bbox 189 1235 973 1273">
     <span class='ocr_line' id='line_1_28' title="bbox 189 1235 973 1273; baseline 0.001 -10"><span class='ocrx_word' id='word_1_209' title='bbox 189 1240 232 1264; x_wconf 86' lang='lat' dir='ltr'><strong>est</strong></span> <span class='ocrx_word' id='word_1_210' title='bbox 244 1237 263 1263; x_wconf 84' lang='lat'><strong>&#39;.</strong></span> <span class='ocrx_word' id='word_1_211' title='bbox 284 1246 294 1262; x_wconf 83' lang='grc'><strong>›</strong></span> <span class='ocrx_word' id='word_1_212' title='bbox 312 1235 345 1262; x_wconf 83' lang='grc' dir='ltr'><strong>ΕΙ.</strong></span> <span class='ocrx_word' id='word_1_213' title='bbox 361 1236 405 1264; x_wconf 88' lang='lat' dir='ltr'><strong>hic</strong></span> <span class='ocrx_word' id='word_1_214' title='bbox 428 1237 536 1272; x_wconf 81' lang='lat' dir='ltr'><strong>quidem</strong></span> <span class='ocrx_word' id='word_1_215' title='bbox 559 1245 630 1265; x_wconf 91' lang='lat' dir='ltr'><strong>unus</strong></span> <span class='ocrx_word' id='word_1_216' title='bbox 645 1242 686 1265; x_wconf 88' lang='lat' dir='ltr'><strong>est</strong></span> <span class='ocrx_word' id='word_1_217' title='bbox 704 1242 794 1273; x_wconf 76' lang='lat' dir='ltr'><strong>typus.</strong></span> <span class='ocrx_word' id='word_1_218' title='bbox 816 1237 890 1265; x_wconf 77' lang='lat' dir='ltr'><strong>Alter</strong></span> <span class='ocrx_word' id='word_1_219' title='bbox 909 1245 973 1265; x_wconf 82' lang='lat' dir='ltr'><strong>vero</strong></span> 
     </span>
    </p>
   </div>
   <div class='ocr_carea' id='block_1_29' title="bbox 189 1280 974 1318">
    <p class='ocr_par' dir='ltr' id='par_1_29' title="bbox 189 1280 974 1318">
     <span class='ocr_line' id='line_1_29' title="bbox 189 1280 974 1318; baseline 0.005 -13"><span class='ocrx_word' id='word_1_220' title='bbox 189 1283 232 1306; x_wconf 90' lang='lat' dir='ltr'><strong>est</strong></span> <span class='ocrx_word' id='word_1_221' title='bbox 247 1282 277 1306; x_wconf 87' lang='lat' dir='ltr'><strong>ut</strong></span> <span class='ocrx_word' id='word_1_222' title='bbox 292 1280 412 1306; x_wconf 89' lang='lat' dir='ltr'><strong>animum</strong></span> <span class='ocrx_word' id='word_1_223' title='bbox 428 1288 508 1308; x_wconf 92' lang='lat' dir='ltr'><strong>suum</strong></span> <span class='ocrx_word' id='word_1_224' title='bbox 522 1282 638 1316; x_wconf 91' lang='lat' dir='ltr'><strong>quisque</strong></span> <span class='ocrx_word' id='word_1_225' title='bbox 652 1281 792 1316; x_wconf 75' lang='lat' dir='ltr'><strong>justiticet,</strong></span> <span class='ocrx_word' id='word_1_226' title='bbox 805 1283 974 1318; x_wconf 68' lang='lat' dir='ltr'><strong>aequabilita-</strong></span> 
     </span>
    </p>
   </div>
   <div class='ocr_carea' id='block_1_30' title="bbox 190 1325 973 1362">
    <p class='ocr_par' dir='ltr' id='par_1_30' title="bbox 190 1325 973 1362">
     <span class='ocr_line' id='line_1_30' title="bbox 190 1325 973 1362; baseline 0.005 -11"><span class='ocrx_word' id='word_1_227' title='bbox 190 1330 243 1352; x_wconf 90' lang='lat' dir='ltr'><strong>tem</strong></span> <span class='ocrx_word' id='word_1_228' title='bbox 267 1325 464 1358; x_wconf 85' lang='lat' dir='ltr'><strong>custodiendo,</strong></span> <span class='ocrx_word' id='word_1_229' title='bbox 488 1326 524 1354; x_wconf 88' lang='lat' dir='ltr'><strong>ita</strong></span> <span class='ocrx_word' id='word_1_230' title='bbox 545 1330 575 1354; x_wconf 88' lang='lat' dir='ltr'><strong>ut</strong></span> <span class='ocrx_word' id='word_1_231' title='bbox 599 1335 738 1362; x_wconf 86' lang='lat' dir='ltr'><strong>nunquam</strong></span> <span class='ocrx_word' id='word_1_232' title='bbox 759 1328 786 1355; x_wconf 90' lang='lat' dir='ltr'><strong>in</strong></span> <span class='ocrx_word' id='word_1_233' title='bbox 807 1328 973 1356; x_wconf 85' lang='lat' dir='ltr'><strong>contrariam</strong></span> 
     </span>
    </p>
   </div>
   <div class='ocr_carea' id='block_1_31' title="bbox 191 1370 970 1408">
    <p class='ocr_par' dir='ltr' id='par_1_31' title="bbox 191 1370 970 1408">
     <span class='ocr_line' id='line_1_31' title="bbox 191 1370 970 1408; baseline 0.005 -12"><span class='ocrx_word' id='word_1_234' title='bbox 191 1370 433 1405; x_wconf 67' lang='lat' dir='ltr'><strong>inaequabilitatem</strong></span> <span class='ocrx_word' id='word_1_235' title='bbox 451 1371 588 1400; x_wconf 87' lang='lat' dir='ltr'><strong>declinet:</strong></span> <span class='ocrx_word' id='word_1_236' title='bbox 606 1373 654 1400; x_wconf 90' lang='lat' dir='ltr'><strong>sed</strong></span> <span class='ocrx_word' id='word_1_237' title='bbox 671 1373 770 1400; x_wconf 88' lang='lat' dir='ltr'><strong>rationi</strong></span> <span class='ocrx_word' id='word_1_238' title='bbox 785 1373 970 1408; x_wconf 79' lang='lat' dir='ltr'><strong>obtemperet:</strong></span> 
     </span>
    </p>
   </div>
   <div class='ocr_carea' id='block_1_32' title="bbox 189 1415 971 1455">
    <p class='ocr_par' dir='ltr' id='par_1_32' title="bbox 189 1415 971 1455">
     <span class='ocr_line' id='line_1_32' title="bbox 189 1415 971 1455; baseline 0.004 -12"><span class='ocrx_word' id='word_1_239' title='bbox 189 1415 229 1444; x_wconf 83' lang='lat' dir='ltr'><strong>Ne</strong></span> <span class='ocrx_word' id='word_1_240' title='bbox 239 1417 308 1443; x_wconf 90' lang='lat' dir='ltr'><strong>malo</strong></span> <span class='ocrx_word' id='word_1_241' title='bbox 319 1417 433 1445; x_wconf 90' lang='lat' dir='ltr'><strong>consilio</strong></span> <span class='ocrx_word' id='word_1_242' title='bbox 445 1425 499 1453; x_wconf 87' lang='lat' dir='ltr'><strong>quo</strong></span> <span class='ocrx_word' id='word_1_243' title='bbox 506 1417 658 1453; x_wconf 86' lang='lat' dir='ltr'><strong>juventutis</strong></span> <span class='ocrx_word' id='word_1_244' title='bbox 671 1420 794 1446; x_wconf 88' lang='lat' dir='ltr'><strong>doctrina</strong></span> <span class='ocrx_word' id='word_1_245' title='bbox 805 1420 971 1455; x_wconf 86' lang='lat' dir='ltr'><strong>repudiatur,</strong></span> 
     </span>
    </p>
   </div>
   <div class='ocr_carea' id='block_1_33' title="bbox 188 1462 972 1501">
    <p class='ocr_par' dir='ltr' id='par_1_33' title="bbox 188 1462 972 1501">
     <span class='ocr_line' id='line_1_33' title="bbox 188 1462 972 1501; baseline 0.004 -12"><span class='ocrx_word' id='word_1_246' title='bbox 188 1463 306 1498; x_wconf 83' lang='lat' dir='ltr'><strong>capiaris</strong></span> <span class='ocrx_word' id='word_1_247' title='bbox 329 1473 336 1491; x_wconf 86' lang='lat'><strong>:</strong></span> <span class='ocrx_word' id='word_1_248' title='bbox 352 1463 406 1496; x_wconf 65' lang='lat' dir='ltr'><strong>fsed</strong></span> <span class='ocrx_word' id='word_1_249' title='bbox 425 1471 486 1491; x_wconf 88' lang='lat' dir='ltr'><strong>cum</strong></span> <span class='ocrx_word' id='word_1_250' title='bbox 505 1462 621 1492; x_wconf 81' lang='lat' dir='ltr'><strong>consilio</strong></span> <span class='ocrx_word' id='word_1_251' title='bbox 640 1465 732 1492; x_wconf 89' lang='lat' dir='ltr'><strong>omnia</strong></span> <span class='ocrx_word' id='word_1_252' title='bbox 748 1466 842 1498; x_wconf 81' lang='lat' dir='ltr'><strong>facias,</strong></span> <span class='ocrx_word' id='word_1_253' title='bbox 858 1470 885 1494; x_wconf 88' lang='lat' dir='ltr'><strong>et</strong></span> <span class='ocrx_word' id='word_1_254' title='bbox 899 1466 972 1501; x_wconf 77' lang='lat' dir='ltr'><strong>cogi-</strong></span> 
     </span>
    </p>
   </div>
   <div class='ocr_carea' id='block_1_34' title="bbox 1023 226 1802 263">
    <p class='ocr_par' dir='ltr' id='par_1_34' title="bbox 1023 226 1802 263">
     <span class='ocr_line' id='line_1_34' title="bbox 1023 226 1802 263; baseline 0.001 -10"><span class='ocrx_word' id='word_1_255' title='bbox 1023 227 1176 259; x_wconf 83' lang='grc' dir='ltr'>δυναστῶν,</span> <span class='ocrx_word' id='word_1_256' title='bbox 1189 226 1292 263; x_wconf 85' lang='grc' dir='ltr'>νοητῶς</span> <span class='ocrx_word' id='word_1_257' title='bbox 1313 227 1368 253; x_wconf 79' lang='grc' dir='ltr'>νόει</span> <span class='ocrx_word' id='word_1_258' title='bbox 1380 226 1414 253; x_wconf 82' lang='grc' dir='ltr'>τὰ</span> <span class='ocrx_word' id='word_1_259' title='bbox 1431 226 1632 262; x_wconf 73' lang='grc' dir='ltr'>παρατιθέμενα</span> <span class='ocrx_word' id='word_1_260' title='bbox 1649 235 1699 253; x_wconf 86' lang='grc' dir='ltr'>σοι.</span> <span class='ocrx_word' id='word_1_261' title='bbox 1721 236 1730 253; x_wconf 75' lang='grc' dir='ltr'><strong>ι</strong></span> <span class='ocrx_word' id='word_1_262' title='bbox 1746 227 1802 254; x_wconf 83' lang='grc' dir='ltr'><strong>Καὶ</strong></span> 
     </span>
    </p>
   </div>
   <div class='ocr_carea' id='block_1_35' title="bbox 1022 272 1801 309">
    <p class='ocr_par' dir='ltr' id='par_1_35' title="bbox 1022 272 1801 309">
     <span class='ocr_line' id='line_1_35' title="bbox 1022 272 1801 309; baseline -0.001 -9"><span class='ocrx_word' id='word_1_263' title='bbox 1022 273 1056 300; x_wconf 82' lang='grc' dir='ltr'><strong>τὰ</strong></span> <span class='ocrx_word' id='word_1_264' title='bbox 1067 274 1145 308; x_wconf 87' lang='grc' dir='ltr'>ὃμοια</span> <span class='ocrx_word' id='word_1_265' title='bbox 1155 273 1258 305; x_wconf 76' lang='grc' dir='ltr'><strong>τούτοις</strong></span> <span class='ocrx_word' id='word_1_266' title='bbox 1269 272 1438 308; x_wconf 76' lang='grc' dir='ltr'><strong>δικαιοσύνης</strong></span> <span class='ocrx_word' id='word_1_267' title='bbox 1449 272 1563 308; x_wconf 77' lang='grc' dir='ltr'><strong>ἀληθοῦς</strong></span> <span class='ocrx_word' id='word_1_268' title='bbox 1573 273 1663 308; x_wconf 81' lang='grc' dir='ltr'>νόησις</span> <span class='ocrx_word' id='word_1_269' title='bbox 1675 273 1780 309; x_wconf 73' lang='grc' dir='ltr'>εἴρηται</span> <span class='ocrx_word' id='word_1_270' title='bbox 1791 281 1801 289; x_wconf 87' lang='grc'>·</span> 
     </span>
    </p>
   </div>
   <div class='ocr_carea' id='block_1_36' title="bbox 1023 319 1802 355">
    <p class='ocr_par' dir='ltr' id='par_1_36' title="bbox 1023 319 1802 355">
     <span class='ocr_line' id='line_1_36' title="bbox 1023 319 1802 355; baseline 0.001 -9"><span class='ocrx_word' id='word_1_271' title='bbox 1023 319 1115 355; x_wconf 75' lang='grc' dir='ltr'>ἐπειδή</span> <span class='ocrx_word' id='word_1_272' title='bbox 1127 329 1196 351; x_wconf 89' lang='grc' dir='ltr'>τινες</span> <span class='ocrx_word' id='word_1_273' title='bbox 1208 319 1342 355; x_wconf 73' lang='grc' dir='ltr'>διαφόρως</span> <span class='ocrx_word' id='word_1_274' title='bbox 1354 319 1508 355; x_wconf 75' lang='grc' dir='ltr'>ὲξειλὴφασι</span> <span class='ocrx_word' id='word_1_275' title='bbox 1521 319 1551 346; x_wconf 87' lang='grc' dir='ltr'><strong>τδ</strong></span> <span class='ocrx_word' id='word_1_276' title='bbox 1565 319 1677 351; x_wconf 80' lang='grc' dir='ltr'>δίκαιον,</span> <span class='ocrx_word' id='word_1_277' title='bbox 1687 319 1740 346; x_wconf 81' lang='grc' dir='ltr'>τῶν</span> <span class='ocrx_word' id='word_1_278' title='bbox 1752 319 1802 355; x_wconf 78' lang='grc' dir='ltr'>μὲν</span> 
     </span>
    </p>
   </div>
   <div class='ocr_carea' id='block_1_37' title="bbox 1021 364 1803 400">
    <p class='ocr_par' dir='ltr' id='par_1_37' title="bbox 1021 364 1803 400">
     <span class='ocr_line' id='line_1_37' title="bbox 1021 364 1803 400; baseline 0.003 -10"><span class='ocrx_word' id='word_1_279' title='bbox 1021 364 1167 398; x_wconf 86' lang='grc' dir='ltr'>λεγόντων,</span> <span class='ocrx_word' id='word_1_280' title='bbox 1181 364 1283 391; x_wconf 85' lang='grc' dir='ltr'>δίκαιόν</span> <span class='ocrx_word' id='word_1_281' title='bbox 1299 366 1356 391; x_wconf 74' lang='grc' dir='ltr'>ἐστι</span> <span class='ocrx_word' id='word_1_282' title='bbox 1371 364 1400 390; x_wconf 74' lang='grc' dir='ltr'>τὸ</span> <span class='ocrx_word' id='word_1_283' title='bbox 1416 364 1568 390; x_wconf 78' lang='grc' dir='ltr'>ἀποδιδόναι</span> <span class='ocrx_word' id='word_1_284' title='bbox 1583 364 1653 400; x_wconf 80' lang='grc' dir='ltr'>ἃπερ</span> <span class='ocrx_word' id='word_1_285' title='bbox 1668 364 1745 391; x_wconf 72' lang='grc' dir='ltr'>ἔλαϐέ</span> <span class='ocrx_word' id='word_1_286' title='bbox 1761 374 1803 397; x_wconf 86' lang='grc' dir='ltr'><strong>τις</strong></span> 
     </span>
    </p>
   </div>
   <div class='ocr_carea' id='block_1_38' title="bbox 1023 410 1804 445">
    <p class='ocr_par' dir='ltr' id='par_1_38' title="bbox 1023 410 1804 445">
     <span class='ocr_line' id='line_1_38' title="bbox 1023 410 1804 445; baseline 0.001 -8"><span class='ocrx_word' id='word_1_287' title='bbox 1023 411 1138 445; x_wconf 76' lang='grc' dir='ltr'>φυλάξαι</span> <span class='ocrx_word' id='word_1_288' title='bbox 1151 418 1158 424; x_wconf 73' lang='grc'><strong><em>⁸</em></strong></span> <span class='ocrx_word' id='word_1_289' title='bbox 1176 410 1228 437; x_wconf 82' lang='grc' dir='ltr'><strong>τῶν</strong></span> <span class='ocrx_word' id='word_1_290' title='bbox 1241 410 1268 436; x_wconf 75' lang='grc' dir='ltr'>δὲ</span> <span class='ocrx_word' id='word_1_291' title='bbox 1279 430 1286 441; x_wconf 83' lang='grc'><strong>,</strong></span> <span class='ocrx_word' id='word_1_292' title='bbox 1301 410 1332 436; x_wconf 80' lang='grc' dir='ltr'>τὸ</span> <span class='ocrx_word' id='word_1_293' title='bbox 1346 410 1444 436; x_wconf 81' lang='grc' dir='ltr'>διδόναι</span> <span class='ocrx_word' id='word_1_294' title='bbox 1467 410 1549 437; x_wconf 77' lang='grc' dir='ltr'>κακὸν</span> <span class='ocrx_word' id='word_1_295' title='bbox 1572 411 1631 437; x_wconf 81' lang='grc' dir='ltr'>ἀντὶ</span> <span class='ocrx_word' id='word_1_296' title='bbox 1645 410 1741 442; x_wconf 82' lang='grc' dir='ltr'>κακοῦ,</span> <span class='ocrx_word' id='word_1_297' title='bbox 1755 411 1804 438; x_wconf 77' lang='grc' dir='ltr'>καὶ</span> 
     </span>
    </p>
   </div>
   <div class='ocr_carea' id='block_1_39' title="bbox 1023 453 1804 491">
    <p class='ocr_par' dir='ltr' id='par_1_39' title="bbox 1023 453 1804 491">
     <span class='ocr_line' id='line_1_39' title="bbox 1023 453 1804 491; baseline -0.001 -8"><span class='ocrx_word' id='word_1_298' title='bbox 1023 456 1124 491; x_wconf 84' lang='grc' dir='ltr'>ἀγαθὸν</span> <span class='ocrx_word' id='word_1_299' title='bbox 1140 455 1199 482; x_wconf 62' lang='grc' dir='ltr'>ἀντὶ</span> <span class='ocrx_word' id='word_1_300' title='bbox 1213 455 1324 490; x_wconf 79' lang='grc' dir='ltr'><strong>ἀγαθοῦ.</strong></span> <span class='ocrx_word' id='word_1_301' title='bbox 1340 455 1485 490; x_wconf 78' lang='grc' dir='ltr'>Συμϐαίνει</span> <span class='ocrx_word' id='word_1_302' title='bbox 1497 455 1524 481; x_wconf 80' lang='grc' dir='ltr'>δὲ</span> <span class='ocrx_word' id='word_1_303' title='bbox 1542 455 1578 490; x_wconf 71' lang='grc' dir='ltr'>μὴ</span> <span class='ocrx_word' id='word_1_304' title='bbox 1598 455 1721 490; x_wconf 72' lang='grc' dir='ltr'>ἀκριϐεῖς</span> <span class='ocrx_word' id='word_1_305' title='bbox 1735 453 1804 482; x_wconf 72' lang='grc' dir='ltr'>εἶναι</span> 
     </span>
    </p>
   </div>
   <div class='ocr_carea' id='block_1_40' title="bbox 1023 500 1806 536">
    <p class='ocr_par' dir='ltr' id='par_1_40' title="bbox 1023 500 1806 536">
     <span class='ocr_line' id='line_1_40' title="bbox 1023 500 1806 536; baseline -0.004 -7"><span class='ocrx_word' id='word_1_306' title='bbox 1023 503 1084 532; x_wconf 74' lang='grc' dir='ltr'>τοὺς</span> <span class='ocrx_word' id='word_1_307' title='bbox 1107 501 1239 533; x_wconf 83' lang='grc' dir='ltr'>τοιούτους</span> <span class='ocrx_word' id='word_1_308' title='bbox 1261 501 1348 536; x_wconf 79' lang='grc' dir='ltr'>ὄρους.</span> <span class='ocrx_word' id='word_1_309' title='bbox 1369 501 1413 536; x_wconf 85' lang='grc' dir='ltr'><strong>Μὴ</strong></span> <span class='ocrx_word' id='word_1_310' title='bbox 1435 500 1514 536; x_wconf 74' lang='grc' dir='ltr'>είπῃς</span> <span class='ocrx_word' id='word_1_311' title='bbox 1539 500 1611 536; x_wconf 79' lang='grc' dir='ltr'>γὰρ,</span> <span class='ocrx_word' id='word_1_312' title='bbox 1631 502 1678 527; x_wconf 89' lang='grc' dir='ltr'>Ὃν</span> <span class='ocrx_word' id='word_1_313' title='bbox 1704 501 1806 535; x_wconf 80' lang='grc' dir='ltr'>τρόπον</span> 
     </span>
    </p>
   </div>
   <div class='ocr_carea' id='block_1_41' title="bbox 1023 546 1806 583">
    <p class='ocr_par' dir='ltr' id='par_1_41' title="bbox 1023 546 1806 583">
     <span class='ocr_line' id='line_1_41' title="bbox 1023 546 1806 583; baseline -0.001 -9"><span class='ocrx_word' id='word_1_314' title='bbox 1023 547 1156 583; x_wconf 76' lang='grc' dir='ltr'>ἐχρήσατό</span> <span class='ocrx_word' id='word_1_315' title='bbox 1173 556 1235 582; x_wconf 84' lang='grc' dir='ltr'>μοι,</span> <span class='ocrx_word' id='word_1_316' title='bbox 1258 547 1394 582; x_wconf 76' lang='grc' dir='ltr'><strong>χρήσομαι</strong></span> <span class='ocrx_word' id='word_1_317' title='bbox 1417 546 1504 582; x_wconf 79' lang='grc' dir='ltr'>αὐτῷ,</span> <span class='ocrx_word' id='word_1_318' title='bbox 1529 547 1637 582; x_wconf 86' lang='grc' dir='ltr'>τίσομαι</span> <span class='ocrx_word' id='word_1_319' title='bbox 1652 546 1680 573; x_wconf 79' lang='grc' dir='ltr'>δὲ</span> <span class='ocrx_word' id='word_1_320' title='bbox 1693 546 1772 573; x_wconf 72' lang='grc' dir='ltr'>αὐτὸν</span> <span class='ocrx_word' id='word_1_321' title='bbox 1786 547 1806 573; x_wconf 78' lang='grc' dir='ltr'><strong>ἆ</strong></span> 
     </span>
    </p>
   </div>
   <div class='ocr_carea' id='block_1_42' title="bbox 1024 591 1807 629">
    <p class='ocr_par' dir='ltr' id='par_1_42' title="bbox 1024 591 1807 629">
     <span class='ocr_line' id='line_1_42' title="bbox 1024 591 1807 629; baseline -0.001 -9"><span class='ocrx_word' id='word_1_322' title='bbox 1024 603 1058 629; x_wconf 86' lang='grc' dir='ltr'><strong>με</strong></span> <span class='ocrx_word' id='word_1_323' title='bbox 1073 594 1192 629; x_wconf 67' lang='grc' dir='ltr'>ἠδίκησε.</span> <span class='ocrx_word' id='word_1_324' title='bbox 1210 594 1259 620; x_wconf 78' lang='grc' dir='ltr'>Διὰ</span> <span class='ocrx_word' id='word_1_325' title='bbox 1271 594 1349 620; x_wconf 81' lang='grc' dir='ltr'>τοῦτο</span> <span class='ocrx_word' id='word_1_326' title='bbox 1369 591 1444 625; x_wconf 71' lang='grc' dir='ltr'>οὗτος</span> <span class='ocrx_word' id='word_1_327' title='bbox 1457 593 1505 629; x_wconf 67' lang='grc' dir='ltr'>τὴν</span> <span class='ocrx_word' id='word_1_328' title='bbox 1528 593 1614 628; x_wconf 82' lang='grc' dir='ltr'>ἀληθῆ</span> <span class='ocrx_word' id='word_1_329' title='bbox 1634 593 1807 628; x_wconf 80' lang='grc' dir='ltr'>δικαιοσύνην</span> 
     </span>
    </p>
   </div>
   <div class='ocr_carea' id='block_1_43' title="bbox 1022 638 1806 674">
    <p class='ocr_par' dir='ltr' id='par_1_43' title="bbox 1022 638 1806 674">
     <span class='ocr_line' id='line_1_43' title="bbox 1022 638 1806 674; baseline -0.001 -9"><span class='ocrx_word' id='word_1_330' title='bbox 1022 638 1150 671; x_wconf 77' lang='grc' dir='ltr'>διδάσκει,</span> <span class='ocrx_word' id='word_1_331' title='bbox 1166 639 1206 666; x_wconf 83' lang='grc' dir='ltr'>ὅτι</span> <span class='ocrx_word' id='word_1_332' title='bbox 1227 639 1304 665; x_wconf 81' lang='grc' dir='ltr'>τοῦτό</span> <span class='ocrx_word' id='word_1_333' title='bbox 1326 640 1382 665; x_wconf 67' lang='grc' dir='ltr'>ἐστι</span> <span class='ocrx_word' id='word_1_334' title='bbox 1403 638 1433 665; x_wconf 80' lang='grc' dir='ltr'><strong>τὸ</strong></span> <span class='ocrx_word' id='word_1_335' title='bbox 1455 638 1561 674; x_wconf 77' lang='grc' dir='ltr'>ἀληθῶς</span> <span class='ocrx_word' id='word_1_336' title='bbox 1580 638 1692 670; x_wconf 85' lang='grc' dir='ltr'>δίκαιον,</span> <span class='ocrx_word' id='word_1_337' title='bbox 1709 638 1806 665; x_wconf 84' lang='grc' dir='ltr'>ἀποδι-</span> 
     </span>
    </p>
   </div>
   <div class='ocr_carea' id='block_1_44' title="bbox 1023 684 1807 720">
    <p class='ocr_par' dir='ltr' id='par_1_44' title="bbox 1023 684 1807 720">
     <span class='ocr_line' id='line_1_44' title="bbox 1023 684 1807 720; baseline 0 -9"><span class='ocrx_word' id='word_1_338' title='bbox 1023 684 1095 711; x_wconf 82' lang='grc' dir='ltr'>δόναι</span> <span class='ocrx_word' id='word_1_339' title='bbox 1112 685 1218 720; x_wconf 76' lang='grc' dir='ltr'>ἑκάστῳ</span> <span class='ocrx_word' id='word_1_340' title='bbox 1229 685 1259 711; x_wconf 82' lang='grc' dir='ltr'>τὸ</span> <span class='ocrx_word' id='word_1_341' title='bbox 1271 684 1344 712; x_wconf 65' lang='grc' dir='ltr'>ἴδιον.</span> <span class='ocrx_word' id='word_1_342' title='bbox 1365 694 1373 710; x_wconf 89' lang='grc' dir='ltr'><strong>ι</strong></span> <span class='ocrx_word' id='word_1_343' title='bbox 1384 685 1597 720; x_wconf 79' lang='grc' dir='ltr'>Προηγουμένως</span> <span class='ocrx_word' id='word_1_344' title='bbox 1616 685 1664 720; x_wconf 83' lang='grc' dir='ltr'>μὲν</span> <span class='ocrx_word' id='word_1_345' title='bbox 1679 684 1744 719; x_wconf 86' lang='grc' dir='ltr'>τίμα</span> <span class='ocrx_word' id='word_1_346' title='bbox 1759 685 1807 711; x_wconf 76' lang='grc' dir='ltr'>τὸν</span> 
     </span>
    </p>
   </div>
   <div class='ocr_carea' id='block_1_45' title="bbox 1023 730 1808 766">
    <p class='ocr_par' dir='ltr' id='par_1_45' title="bbox 1023 730 1808 766">
     <span class='ocr_line' id='line_1_45' title="bbox 1023 730 1808 766; baseline -0.001 -9"><span class='ocrx_word' id='word_1_347' title='bbox 1023 730 1124 766; x_wconf 81' lang='grc' dir='ltr'>Κύριον</span> <span class='ocrx_word' id='word_1_348' title='bbox 1137 731 1190 757; x_wconf 77' lang='grc' dir='ltr'><strong>ἀπὸ</strong></span> <span class='ocrx_word' id='word_1_349' title='bbox 1205 730 1259 757; x_wconf 84' lang='grc' dir='ltr'>σῶν</span> <span class='ocrx_word' id='word_1_350' title='bbox 1276 731 1385 757; x_wconf 85' lang='grc' dir='ltr'>δικαίων</span> <span class='ocrx_word' id='word_1_351' title='bbox 1405 731 1492 757; x_wconf 84' lang='grc' dir='ltr'>πόνων</span> <span class='ocrx_word' id='word_1_352' title='bbox 1504 751 1510 762; x_wconf 86' lang='grc'><strong>,</strong></span> <span class='ocrx_word' id='word_1_353' title='bbox 1526 731 1572 756; x_wconf 72' lang='grc' dir='ltr'>καὶ</span> <span class='ocrx_word' id='word_1_354' title='bbox 1593 731 1714 766; x_wconf 79' lang='grc' dir='ltr'><strong>ἀπάρχου</strong></span> <span class='ocrx_word' id='word_1_355' title='bbox 1731 730 1808 766; x_wconf 80' lang='grc' dir='ltr'>αὐτῷ</span> 
     </span>
    </p>
   </div>
   <div class='ocr_carea' id='block_1_46' title="bbox 1023 775 1808 812">
    <p class='ocr_par' dir='ltr' id='par_1_46' title="bbox 1023 775 1808 812">
     <span class='ocr_line' id='line_1_46' title="bbox 1023 775 1808 812; baseline 0 -10"><span class='ocrx_word' id='word_1_356' title='bbox 1023 777 1076 803; x_wconf 70' lang='grc' dir='ltr'><strong>ἀπὸ</strong></span> <span class='ocrx_word' id='word_1_357' title='bbox 1085 776 1137 803; x_wconf 82' lang='grc' dir='ltr'>σῶν</span> <span class='ocrx_word' id='word_1_358' title='bbox 1145 777 1258 812; x_wconf 78' lang='grc' dir='ltr'><strong>καρπῶν</strong></span> <span class='ocrx_word' id='word_1_359' title='bbox 1271 777 1451 812; x_wconf 82' lang='grc' dir='ltr'>δικαιοσύνης.</span> <span class='ocrx_word' id='word_1_360' title='bbox 1463 787 1471 801; x_wconf 76' lang='grc' dir='ltr'><strong>ι</strong></span> <span class='ocrx_word' id='word_1_361' title='bbox 1485 777 1612 802; x_wconf 77' lang='grc' dir='ltr'>Ἔπειτα.’</span> <span class='ocrx_word' id='word_1_362' title='bbox 1622 786 1630 801; x_wconf 84' lang='grc' dir='ltr'><strong>ι</strong></span> <span class='ocrx_word' id='word_1_363' title='bbox 1643 775 1715 812; x_wconf 86' lang='grc' dir='ltr'>Τίμα</span> <span class='ocrx_word' id='word_1_364' title='bbox 1730 776 1808 811; x_wconf 80' lang='grc' dir='ltr'>βασι-</span> 
     </span>
    </p>
   </div>
   <div class='ocr_carea' id='block_1_47' title="bbox 1023 821 1807 858">
    <p class='ocr_par' dir='ltr' id='par_1_47' title="bbox 1023 821 1807 858">
     <span class='ocr_line' id='line_1_47' title="bbox 1023 821 1807 858; baseline 0 -10"><span class='ocrx_word' id='word_1_365' title='bbox 1023 822 1080 855; x_wconf 77' lang='grc' dir='ltr'>λέα,</span> <span class='ocrx_word' id='word_1_366' title='bbox 1092 824 1138 849; x_wconf 63' lang='grc' dir='ltr'><strong>καὶ⁸</strong></span> <span class='ocrx_word' id='word_1_367' title='bbox 1152 825 1206 855; x_wconf 82' lang='grc' dir='ltr'>τοῖς</span> <span class='ocrx_word' id='word_1_368' title='bbox 1218 823 1266 858; x_wconf 79' lang='grc' dir='ltr'>μὲν</span> <span class='ocrx_word' id='word_1_369' title='bbox 1276 823 1383 857; x_wconf 76' lang='grc' dir='ltr'>γονεῦσι</span> <span class='ocrx_word' id='word_1_370' title='bbox 1394 823 1423 848; x_wconf 81' lang='grc' dir='ltr'>τὸ</span> <span class='ocrx_word' id='word_1_371' title='bbox 1437 822 1554 857; x_wconf 73' lang='grc' dir='ltr'>καθῆκον</span> <span class='ocrx_word' id='word_1_372' title='bbox 1563 822 1695 854; x_wconf 83' lang='grc' dir='ltr'>ἁποδίδου,</span> <span class='ocrx_word' id='word_1_373' title='bbox 1708 823 1763 853; x_wconf 85' lang='grc' dir='ltr'>τοῖς</span> <span class='ocrx_word' id='word_1_374' title='bbox 1776 821 1807 848; x_wconf 78' lang='grc' dir='ltr'>δὲ</span> 
     </span>
    </p>
   </div>
   <div class='ocr_carea' id='block_1_48' title="bbox 1023 865 1808 904">
    <p class='ocr_par' dir='ltr' id='par_1_48' title="bbox 1023 865 1808 904">
     <span class='ocr_line' id='line_1_48' title="bbox 1023 865 1808 904; baseline -0.003 -9"><span class='ocrx_word' id='word_1_375' title='bbox 1023 870 1088 895; x_wconf 72' lang='grc' dir='ltr'>πᾶσι</span> <span class='ocrx_word' id='word_1_376' title='bbox 1102 869 1132 895; x_wconf 87' lang='grc' dir='ltr'>τὸ</span> <span class='ocrx_word' id='word_1_377' title='bbox 1147 870 1212 896; x_wconf 73' lang='grc' dir='ltr'>ἴσον.</span> <span class='ocrx_word' id='word_1_378' title='bbox 1235 879 1243 894; x_wconf 75' lang='grc' dir='ltr'><strong>ι</strong></span> <span class='ocrx_word' id='word_1_379' title='bbox 1272 869 1326 896; x_wconf 77' lang='grc' dir='ltr'><strong>Καὶ</strong></span> <span class='ocrx_word' id='word_1_380' title='bbox 1343 865 1419 900; x_wconf 74' lang='grc' dir='ltr'>οὗτος</span> <span class='ocrx_word' id='word_1_381' title='bbox 1441 868 1490 904; x_wconf 68' lang='grc' dir='ltr'>μὲν</span> <span class='ocrx_word' id='word_1_382' title='bbox 1507 866 1545 900; x_wconf 80' lang='grc' dir='ltr'>εἷς</span> <span class='ocrx_word' id='word_1_383' title='bbox 1569 868 1664 900; x_wconf 83' lang='grc' dir='ltr'>τύπος·</span> <span class='ocrx_word' id='word_1_384' title='bbox 1682 867 1808 903; x_wconf 74' lang='grc' dir='ltr'>δεύτερος</span> 
     </span>
    </p>
   </div>
   <div class='ocr_carea' id='block_1_49' title="bbox 1021 913 1806 950">
    <p class='ocr_par' dir='ltr' id='par_1_49' title="bbox 1021 913 1806 950">
     <span class='ocr_line' id='line_1_49' title="bbox 1021 913 1806 950; baseline -0.003 -10"><span class='ocrx_word' id='word_1_385' title='bbox 1021 914 1048 941; x_wconf 78' lang='grc' dir='ltr'>δὲ</span> <span class='ocrx_word' id='word_1_386' title='bbox 1064 914 1182 941; x_wconf 78' lang='grc' dir='ltr'>δικαιοῦν</span> <span class='ocrx_word' id='word_1_387' title='bbox 1192 915 1240 950; x_wconf 79' lang='grc' dir='ltr'>τὴν</span> <span class='ocrx_word' id='word_1_388' title='bbox 1252 914 1338 950; x_wconf 63' lang='grc' dir='ltr'>ψυχὴν</span> <span class='ocrx_word' id='word_1_389' title='bbox 1354 914 1458 946; x_wconf 76' lang='grc' dir='ltr'>ἑαυτοῦ,</span> <span class='ocrx_word' id='word_1_390' title='bbox 1471 914 1519 950; x_wconf 76' lang='grc' dir='ltr'>τὴν</span> <span class='ocrx_word' id='word_1_391' title='bbox 1532 914 1639 948; x_wconf 73' lang='grc' dir='ltr'>ἰσότητα</span> <span class='ocrx_word' id='word_1_392' title='bbox 1652 913 1806 947; x_wconf 76' lang='grc' dir='ltr'><strong>φυλάττειν,</strong></span> 
     </span>
    </p>
   </div>
   <div class='ocr_carea' id='block_1_50' title="bbox 1021 958 1805 996">
    <p class='ocr_par' dir='ltr' id='par_1_50' title="bbox 1021 958 1805 996">
     <span class='ocr_line' id='line_1_50' title="bbox 1021 958 1805 996; baseline -0.001 -10"><span class='ocrx_word' id='word_1_393' title='bbox 1021 960 1090 986; x_wconf 80' lang='grc' dir='ltr'>ὥστε</span> <span class='ocrx_word' id='word_1_394' title='bbox 1107 960 1143 996; x_wconf 90' lang='grc' dir='ltr'>μὴ</span> <span class='ocrx_word' id='word_1_395' title='bbox 1161 961 1259 987; x_wconf 75' lang='grc' dir='ltr'>κλίνειν</span> <span class='ocrx_word' id='word_1_396' title='bbox 1274 962 1313 992; x_wconf 82' lang='grc' dir='ltr'><strong>είς</strong></span> <span class='ocrx_word' id='word_1_397' title='bbox 1328 960 1471 995; x_wconf 73' lang='grc' dir='ltr'>ἀνισότητα</span> <span class='ocrx_word' id='word_1_398' title='bbox 1480 969 1486 975; x_wconf 71' lang='grc'><strong><em>⁸</em></strong></span> <span class='ocrx_word' id='word_1_399' title='bbox 1500 959 1567 987; x_wconf 75' lang='grc' dir='ltr'>ἀλλὰ</span> <span class='ocrx_word' id='word_1_400' title='bbox 1577 959 1616 994; x_wconf 79' lang='grc' dir='ltr'>τῷ</span> <span class='ocrx_word' id='word_1_401' title='bbox 1629 960 1676 995; x_wconf 79' lang='grc' dir='ltr'>μὲν</span> <span class='ocrx_word' id='word_1_402' title='bbox 1689 958 1805 995; x_wconf 79' lang='grc' dir='ltr'>λογικῷ·</span> 
     </span>
    </p>
   </div>
   <div class='ocr_carea' id='block_1_51' title="bbox 1022 1005 1809 1044">
    <p class='ocr_par' dir='ltr' id='par_1_51' title="bbox 1022 1005 1809 1044">
     <span class='ocr_line' id='line_1_51' title="bbox 1022 1005 1809 1044; baseline -0.003 -10"><span class='ocrx_word' id='word_1_403' title='bbox 1022 1008 1066 1042; x_wconf 89' lang='grc' dir='ltr'>Μή</span> <span class='ocrx_word' id='word_1_404' title='bbox 1096 1016 1125 1033; x_wconf 84' lang='grc' dir='ltr'><strong>σε</strong></span> <span class='ocrx_word' id='word_1_405' title='bbox 1154 1007 1294 1044; x_wconf 75' lang='grc' dir='ltr'>καταλάεῃ</span> <span class='ocrx_word' id='word_1_406' title='bbox 1318 1007 1397 1042; x_wconf 84' lang='grc' dir='ltr'>βουλὴ</span> <span class='ocrx_word' id='word_1_407' title='bbox 1415 1007 1497 1041; x_wconf 81' lang='grc' dir='ltr'>κακὴ,</span> <span class='ocrx_word' id='word_1_408' title='bbox 1520 1007 1537 1042; x_wconf 85' lang='grc' dir='ltr'>ὴ</span> <span class='ocrx_word' id='word_1_409' title='bbox 1565 1005 1747 1033; x_wconf 82' lang='grc' dir='ltr'><strong>ἀπολείπουσα</strong></span> <span class='ocrx_word' id='word_1_410' title='bbox 1767 1005 1809 1032; x_wconf 75' lang='grc' dir='ltr'>δι-</span> 
     </span>
    </p>
   </div>
   <div class='ocr_carea' id='block_1_52' title="bbox 1021 1050 1807 1088">
    <p class='ocr_par' dir='ltr' id='par_1_52' title="bbox 1021 1050 1807 1088">
     <span class='ocr_line' id='line_1_52' title="bbox 1021 1050 1807 1088; baseline -0.004 -9"><span class='ocrx_word' id='word_1_411' title='bbox 1021 1053 1165 1080; x_wconf 85' lang='grc' dir='ltr'>δασκαλίαν</span> <span class='ocrx_word' id='word_1_412' title='bbox 1184 1053 1318 1088; x_wconf 78' lang='grc' dir='ltr'>νεότητος,</span> <span class='ocrx_word' id='word_1_413' title='bbox 1340 1052 1406 1079; x_wconf 75' lang='grc' dir='ltr'>ἀλλὰ</span> <span class='ocrx_word' id='word_1_414' title='bbox 1423 1053 1490 1088; x_wconf 75' lang='grc' dir='ltr'>μετὰ</span> <span class='ocrx_word' id='word_1_415' title='bbox 1508 1051 1604 1086; x_wconf 81' lang='grc' dir='ltr'>βουλῆς</span> <span class='ocrx_word' id='word_1_416' title='bbox 1621 1052 1708 1078; x_wconf 82' lang='grc' dir='ltr'>πάντα</span> <span class='ocrx_word' id='word_1_417' title='bbox 1723 1050 1807 1083; x_wconf 70' lang='grc' dir='ltr'>ποίει,</span> 
     </span>
    </p>
   </div>
   <div class='ocr_carea' id='block_1_53' title="bbox 1022 1094 1808 1134">
    <p class='ocr_par' dir='ltr' id='par_1_53' title="bbox 1022 1094 1808 1134">
     <span class='ocr_line' id='line_1_53' title="bbox 1022 1094 1808 1134; baseline -0.003 -8"><span class='ocrx_word' id='word_1_418' title='bbox 1022 1100 1068 1126; x_wconf 76' lang='grc' dir='ltr'>καὶ</span> <span class='ocrx_word' id='word_1_419' title='bbox 1081 1100 1105 1125; x_wconf 84' lang='grc' dir='ltr'>οἱ</span> <span class='ocrx_word' id='word_1_420' title='bbox 1119 1099 1242 1134; x_wconf 82' lang='grc' dir='ltr'>λογισμοί</span> <span class='ocrx_word' id='word_1_421' title='bbox 1260 1108 1305 1126; x_wconf 84' lang='grc' dir='ltr'><strong>σου</strong></span> <span class='ocrx_word' id='word_1_422' title='bbox 1325 1094 1444 1125; x_wconf 70' lang='grc' dir='ltr'>ἔστωσαν</span> <span class='ocrx_word' id='word_1_423' title='bbox 1465 1098 1602 1134; x_wconf 75' lang='grc' dir='ltr'>κρίματα”</span> <span class='ocrx_word' id='word_1_424' title='bbox 1617 1098 1685 1124; x_wconf 71' lang='grc' dir='ltr'>ὥστε</span> <span class='ocrx_word' id='word_1_425' title='bbox 1703 1097 1808 1133; x_wconf 83' lang='grc' dir='ltr'>κρίνειν</span> 
     </span>
    </p>
   </div>
   <div class='ocr_carea' id='block_1_54' title="bbox 1023 1143 1808 1181">
    <p class='ocr_par' dir='ltr' id='par_1_54' title="bbox 1023 1143 1808 1181">
     <span class='ocr_line' id='line_1_54' title="bbox 1023 1143 1808 1181; baseline -0.003 -9"><span class='ocrx_word' id='word_1_426' title='bbox 1023 1147 1117 1173; x_wconf 76' lang='grc' dir='ltr'>ἑαυτὸν</span> <span class='ocrx_word' id='word_1_427' title='bbox 1131 1147 1254 1178; x_wconf 79' lang='grc' dir='ltr'>ἕκαστον,</span> <span class='ocrx_word' id='word_1_428' title='bbox 1273 1146 1319 1172; x_wconf 79' lang='grc' dir='ltr'>καὶ</span> <span class='ocrx_word' id='word_1_429' title='bbox 1335 1145 1382 1181; x_wconf 80' lang='grc' dir='ltr'>τὴν</span> <span class='ocrx_word' id='word_1_430' title='bbox 1399 1146 1446 1181; x_wconf 74' lang='grc' dir='ltr'>μὲν</span> <span class='ocrx_word' id='word_1_431' title='bbox 1461 1145 1606 1180; x_wconf 77' lang='grc' dir='ltr'>ἐπιθυμίαν</span> <span class='ocrx_word' id='word_1_432' title='bbox 1629 1146 1718 1171; x_wconf 76' lang='grc' dir='ltr'>πᾶσαν</span> <span class='ocrx_word' id='word_1_433' title='bbox 1734 1143 1808 1179; x_wconf 71' lang='grc' dir='ltr'>ἔχειν</span> 
     </span>
    </p>
   </div>
   <div class='ocr_carea' id='block_1_55' title="bbox 1022 1189 1808 1226">
    <p class='ocr_par' dir='ltr' id='par_1_55' title="bbox 1022 1189 1808 1226">
     <span class='ocr_line' id='line_1_55' title="bbox 1022 1189 1808 1226; baseline -0.003 -8"><span class='ocrx_word' id='word_1_434' title='bbox 1022 1191 1146 1226; x_wconf 58' lang='grc' dir='ltr'>ἀγαθήν</span> <span class='ocrx_word' id='word_1_435' title='bbox 1172 1191 1302 1226; x_wconf 79' lang='grc' dir='ltr'>ἐπιθυμία</span> <span class='ocrx_word' id='word_1_436' title='bbox 1323 1191 1377 1226; x_wconf 69' lang='grc' dir='ltr'><strong>γὰρ</strong></span> <span class='ocrx_word' id='word_1_437' title='bbox 1395 1190 1506 1218; x_wconf 78' lang='grc' dir='ltr'>δικαίων</span> <span class='ocrx_word' id='word_1_438' title='bbox 1529 1192 1603 1217; x_wconf 78' lang='grc' dir='ltr'>πᾶσα</span> <span class='ocrx_word' id='word_1_439' title='bbox 1628 1189 1735 1225; x_wconf 80' lang='grc' dir='ltr'>ἀγαθὴ,</span> <span class='ocrx_word' id='word_1_440' title='bbox 1760 1190 1808 1216; x_wconf 73' lang='grc' dir='ltr'>καὶ</span> 
     </span>
    </p>
   </div>
   <div class='ocr_carea' id='block_1_56' title="bbox 1023 1236 1806 1273">
    <p class='ocr_par' dir='ltr' id='par_1_56' title="bbox 1023 1236 1806 1273">
     <span class='ocr_line' id='line_1_56' title="bbox 1023 1236 1806 1273; baseline -0.001 -10"><span class='ocrx_word' id='word_1_441' title='bbox 1023 1238 1153 1273; x_wconf 79' lang='grc' dir='ltr'>ἐπιθυμία</span> <span class='ocrx_word' id='word_1_442' title='bbox 1166 1238 1269 1264; x_wconf 82' lang='grc' dir='ltr'>δικαίου</span> <span class='ocrx_word' id='word_1_443' title='bbox 1288 1238 1380 1273; x_wconf 77' lang='grc' dir='ltr'>ὃεκτή.</span> <span class='ocrx_word' id='word_1_444' title='bbox 1399 1237 1475 1263; x_wconf 80' lang='grc' dir='ltr'><strong>Κατᾶ</strong></span> <span class='ocrx_word' id='word_1_445' title='bbox 1491 1237 1518 1263; x_wconf 74' lang='grc' dir='ltr'>δὲ</span> <span class='ocrx_word' id='word_1_446' title='bbox 1534 1237 1563 1263; x_wconf 84' lang='grc' dir='ltr'>τὸ</span> <span class='ocrx_word' id='word_1_447' title='bbox 1585 1236 1714 1272; x_wconf 83' lang='grc' dir='ltr'>θυμικόν·</span> <span class='ocrx_word' id='word_1_448' title='bbox 1733 1246 1743 1261; x_wconf 75' lang='grc' dir='ltr'><strong>ι</strong></span> 
     </span>
    </p>
   </div>
   <div class='ocr_carea' id='block_1_57' title="bbox 1024 1282 1807 1318">
    <p class='ocr_par' dir='ltr' id='par_1_57' title="bbox 1024 1282 1807 1318">
     <span class='ocr_line' id='line_1_57' title="bbox 1024 1282 1807 1318; baseline -0.001 -9"><span class='ocrx_word' id='word_1_449' title='bbox 1024 1283 1077 1309; x_wconf 80' lang='grc' dir='ltr'>ῐσθι</span> <span class='ocrx_word' id='word_1_450' title='bbox 1093 1284 1198 1318; x_wconf 82' lang='grc' dir='ltr'>ἑταῖρος</span> <span class='ocrx_word' id='word_1_451' title='bbox 1216 1282 1293 1318; x_wconf 65' lang='grc' dir='ltr'>ἀνδρὶ</span> <span class='ocrx_word' id='word_1_452' title='bbox 1310 1282 1436 1318; x_wconf 81' lang='grc' dir='ltr'>θυμώδει,</span> <span class='ocrx_word' id='word_1_453' title='bbox 1446 1282 1516 1317; x_wconf 73' lang='grc' dir='ltr'>φίλῳ</span> <span class='ocrx_word' id='word_1_454' title='bbox 1532 1282 1559 1308; x_wconf 74' lang='grc' dir='ltr'>δὲ</span> <span class='ocrx_word' id='word_1_455' title='bbox 1576 1282 1676 1318; x_wconf 79' lang='grc' dir='ltr'><strong>ὀργίλῳ</strong></span> <span class='ocrx_word' id='word_1_456' title='bbox 1691 1282 1728 1316; x_wconf 86' lang='grc' dir='ltr'>μὴ</span> <span class='ocrx_word' id='word_1_457' title='bbox 1742 1290 1807 1309; x_wconf 82' lang='grc' dir='ltr'>συν-</span> 
     </span>
    </p>
   </div>
   <div class='ocr_carea' id='block_1_58' title="bbox 1022 1328 1806 1364">
    <p class='ocr_par' dir='ltr' id='par_1_58' title="bbox 1022 1328 1806 1364">
     <span class='ocr_line' id='line_1_58' title="bbox 1022 1328 1806 1364; baseline -0.001 -9"><span class='ocrx_word' id='word_1_458' title='bbox 1022 1329 1141 1361; x_wconf 78' lang='grc' dir='ltr'>αυλίζου.</span> <span class='ocrx_word' id='word_1_459' title='bbox 1157 1328 1234 1355; x_wconf 84' lang='grc' dir='ltr'>Ὅλον</span> <span class='ocrx_word' id='word_1_460' title='bbox 1247 1328 1302 1364; x_wconf 75' lang='grc' dir='ltr'><strong>γὰρ</strong></span> <span class='ocrx_word' id='word_1_461' title='bbox 1327 1329 1372 1354; x_wconf 82' lang='grc' dir='ltr'><strong>τὸν</strong></span> <span class='ocrx_word' id='word_1_462' title='bbox 1386 1329 1470 1364; x_wconf 73' lang='grc' dir='ltr'>θυμὸν</span> <span class='ocrx_word' id='word_1_463' title='bbox 1482 1328 1562 1355; x_wconf 79' lang='grc' dir='ltr'>αὐτοῦ</span> <span class='ocrx_word' id='word_1_464' title='bbox 1580 1328 1689 1364; x_wconf 77' lang='grc' dir='ltr'>ἐκφέρει</span> <span class='ocrx_word' id='word_1_465' title='bbox 1701 1328 1806 1363; x_wconf 81' lang='grc' dir='ltr'>ἄφρων·</span> 
     </span>
    </p>
   </div>
   <div class='ocr_carea' id='block_1_59' title="bbox 1022 1374 1808 1410">
    <p class='ocr_par' dir='ltr' id='par_1_59' title="bbox 1022 1374 1808 1410">
     <span class='ocr_line' id='line_1_59' title="bbox 1022 1374 1808 1410; baseline -0.001 -9"><span class='ocrx_word' id='word_1_466' title='bbox 1022 1376 1035 1402; x_wconf 81' lang='grc' dir='ltr'>ὁ</span> <span class='ocrx_word' id='word_1_467' title='bbox 1048 1375 1076 1401; x_wconf 82' lang='grc' dir='ltr'>δὲ</span> <span class='ocrx_word' id='word_1_468' title='bbox 1095 1374 1174 1410; x_wconf 81' lang='grc' dir='ltr'>σοφὸς</span> <span class='ocrx_word' id='word_1_469' title='bbox 1189 1375 1346 1409; x_wconf 74' lang='grc' dir='ltr'>ταμιεύεται</span> <span class='ocrx_word' id='word_1_470' title='bbox 1359 1374 1428 1401; x_wconf 76' lang='grc' dir='ltr'>κατὰ</span> <span class='ocrx_word' id='word_1_471' title='bbox 1443 1375 1534 1410; x_wconf 75' lang='grc' dir='ltr'>μέρος.</span> <span class='ocrx_word' id='word_1_472' title='bbox 1553 1384 1562 1400; x_wconf 74' lang='grc' dir='ltr'><strong>ι</strong></span> <span class='ocrx_word' id='word_1_473' title='bbox 1579 1374 1655 1401; x_wconf 75' lang='grc' dir='ltr'>Οὕτω</span> <span class='ocrx_word' id='word_1_474' title='bbox 1668 1374 1696 1401; x_wconf 80' lang='grc' dir='ltr'>δὲ</span> <span class='ocrx_word' id='word_1_475' title='bbox 1710 1374 1808 1402; x_wconf 74' lang='grc' dir='ltr'>ἑαυτὸν</span> 
     </span>
    </p>
   </div>
   <div class='ocr_carea' id='block_1_60' title="bbox 1025 1420 1808 1456">
    <p class='ocr_par' dir='ltr' id='par_1_60' title="bbox 1025 1420 1808 1456">
     <span class='ocr_line' id='line_1_60' title="bbox 1025 1420 1808 1456; baseline -0.001 -9"><span class='ocrx_word' id='word_1_476' title='bbox 1025 1420 1163 1456; x_wconf 77' lang='grc' dir='ltr'><strong>ῥυθμίζων</strong></span> <span class='ocrx_word' id='word_1_477' title='bbox 1178 1420 1319 1456; x_wconf 81' lang='grc' dir='ltr'>ἄνθρωπος</span> <span class='ocrx_word' id='word_1_478' title='bbox 1331 1441 1338 1452; x_wconf 87' lang='grc'><strong>,</strong></span> <span class='ocrx_word' id='word_1_479' title='bbox 1356 1420 1401 1447; x_wconf 66' lang='grc' dir='ltr'>καὶ</span> <span class='ocrx_word' id='word_1_480' title='bbox 1423 1421 1471 1456; x_wconf 79' lang='grc' dir='ltr'>τὴν</span> <span class='ocrx_word' id='word_1_481' title='bbox 1486 1421 1552 1446; x_wconf 76' lang='grc' dir='ltr'>ἰδίαν</span> <span class='ocrx_word' id='word_1_482' title='bbox 1574 1421 1688 1446; x_wconf 77' lang='grc' dir='ltr'>ἑκάστου</span> <span class='ocrx_word' id='word_1_483' title='bbox 1709 1420 1808 1455; x_wconf 79' lang='grc' dir='ltr'>μέρους</span> 
     </span>
    </p>
   </div>
   <div class='ocr_carea' id='block_1_61' title="bbox 1022 1465 1808 1503">
    <p class='ocr_par' dir='ltr' id='par_1_61' title="bbox 1022 1465 1808 1503">
     <span class='ocr_line' id='line_1_61' title="bbox 1022 1465 1808 1503; baseline -0.001 -10"><span class='ocrx_word' id='word_1_484' title='bbox 1022 1467 1070 1503; x_wconf 86' lang='grc' dir='ltr'>τῆς</span> <span class='ocrx_word' id='word_1_485' title='bbox 1082 1467 1170 1502; x_wconf 74' lang='grc' dir='ltr'>ψυχῆς</span> <span class='ocrx_word' id='word_1_486' title='bbox 1187 1467 1284 1502; x_wconf 74' lang='grc' dir='ltr'>πρᾶξιν</span> <span class='ocrx_word' id='word_1_487' title='bbox 1300 1467 1363 1502; x_wconf 80' lang='grc' dir='ltr'>ὑγιῆ</span> <span class='ocrx_word' id='word_1_488' title='bbox 1385 1466 1430 1492; x_wconf 75' lang='grc' dir='ltr'>καὶ</span> <span class='ocrx_word' id='word_1_489' title='bbox 1452 1467 1529 1501; x_wconf 81' lang='grc' dir='ltr'>ἀσινῆ</span> <span class='ocrx_word' id='word_1_490' title='bbox 1549 1466 1702 1501; x_wconf 73' lang='grc' dir='ltr'>φυλάττων,</span> <span class='ocrx_word' id='word_1_491' title='bbox 1730 1465 1808 1492; x_wconf 78' lang='grc' dir='ltr'>ἔσται</span> 
     </span>
    </p>
   </div>
   <div class='ocr_carea' id='block_1_62' title="bbox 189 1510 972 1552">
    <p class='ocr_par' dir='ltr' id='par_1_62' title="bbox 189 1510 971 1546">
     <span class='ocr_line' id='line_1_62' title="bbox 189 1510 971 1546; baseline 0.001 -9"><span class='ocrx_word' id='word_1_492' title='bbox 189 1510 308 1538; x_wconf 83' lang='lat' dir='ltr'><strong>taliones</strong></span> <span class='ocrx_word' id='word_1_493' title='bbox 328 1515 381 1538; x_wconf 66' lang='lat' dir='ltr'><strong>tua:</strong></span> <span class='ocrx_word' id='word_1_494' title='bbox 405 1510 461 1538; x_wconf 87' lang='lat' dir='ltr'><strong>sint</strong></span> <span class='ocrx_word' id='word_1_495' title='bbox 476 1510 590 1545; x_wconf 90' lang='lat' dir='ltr'><strong>judicia,</strong></span> <span class='ocrx_word' id='word_1_496' title='bbox 612 1511 649 1538; x_wconf 88' lang='lat' dir='ltr'><strong>ita</strong></span> <span class='ocrx_word' id='word_1_497' title='bbox 669 1515 700 1538; x_wconf 93' lang='lat' dir='ltr'><strong>ut</strong></span> <span class='ocrx_word' id='word_1_498' title='bbox 717 1511 835 1546; x_wconf 89' lang='lat' dir='ltr'><strong>seipsum</strong></span> <span class='ocrx_word' id='word_1_499' title='bbox 855 1511 971 1546; x_wconf 88' lang='lat' dir='ltr'><strong>quisque</strong></span> 
     </span>
    </p>
   </div>
   <div class='ocr_carea' id='block_1_63' title="bbox 1023 1510 1810 1552">
    <p class='ocr_par' dir='ltr' id='par_1_63' title="bbox 1023 1512 1810 1548">
     <span class='ocr_line' id='line_1_63' title="bbox 1023 1512 1810 1548; baseline -0.003 -9"><span class='ocrx_word' id='word_1_500' title='bbox 1023 1512 1162 1547; x_wconf 79' lang='grc' dir='ltr'>γινώσκων</span> <span class='ocrx_word' id='word_1_501' title='bbox 1176 1513 1224 1548; x_wconf 84' lang='grc' dir='ltr'>τὴν</span> <span class='ocrx_word' id='word_1_502' title='bbox 1239 1512 1324 1548; x_wconf 79' lang='grc' dir='ltr'>ἀληθῆ</span> <span class='ocrx_word' id='word_1_503' title='bbox 1338 1512 1518 1547; x_wconf 79' lang='grc' dir='ltr'>δικαιοσύνην.</span> <span class='ocrx_word' id='word_1_504' title='bbox 1533 1512 1662 1547; x_wconf 80' lang='grc' dir='ltr'>Κρίματα</span> <span class='ocrx_word' id='word_1_505' title='bbox 1673 1512 1700 1538; x_wconf 79' lang='grc' dir='ltr'>δὲ</span> <span class='ocrx_word' id='word_1_506' title='bbox 1711 1520 1810 1538; x_wconf 87' lang='grc' dir='ltr'>κατευ-</span> 
     </span>
    </p>
   </div>
   <div class='ocr_carea' id='block_1_64' title="bbox 186 1553 972 1592">
    <p class='ocr_par' dir='ltr' id='par_1_64' title="bbox 186 1553 972 1592">
     <span class='ocr_line' id='line_1_64' title="bbox 186 1553 972 1592; baseline 0.004 -11"><span class='ocrx_word' id='word_1_507' title='bbox 186 1554 301 1590; x_wconf 86' lang='lat' dir='ltr'><strong>judicet,</strong></span> <span class='ocrx_word' id='word_1_508' title='bbox 314 1559 341 1583; x_wconf 91' lang='lat' dir='ltr'><strong>et</strong></span> <span class='ocrx_word' id='word_1_509' title='bbox 351 1563 432 1584; x_wconf 90' lang='lat' dir='ltr'><strong>omne</strong></span> <span class='ocrx_word' id='word_1_510' title='bbox 447 1556 612 1584; x_wconf 87' lang='lat' dir='ltr'><strong>desiderium</strong></span> <span class='ocrx_word' id='word_1_511' title='bbox 628 1557 743 1592; x_wconf 87' lang='lat' dir='ltr'><strong>probum</strong></span> <span class='ocrx_word' id='word_1_512' title='bbox 758 1557 855 1585; x_wconf 87' lang='lat' dir='ltr'><strong>habeat</strong></span> <span class='ocrx_word' id='word_1_513' title='bbox 870 1567 876 1585; x_wconf 89' lang='lat'><strong>:</strong></span> <span class='ocrx_word' id='word_1_514' title='bbox 889 1553 972 1585; x_wconf 80' lang='lat' dir='ltr'><strong>omne</strong></span> 
     </span>
    </p>
   </div>
   <div class='ocr_carea' id='block_1_65' title="bbox 189 1602 971 1638">
    <p class='ocr_par' dir='ltr' id='par_1_65' title="bbox 189 1602 971 1638">
     <span class='ocr_line' id='line_1_65' title="bbox 189 1602 971 1638; baseline 0.001 -9"><span class='ocrx_word' id='word_1_515' title='bbox 189 1602 288 1638; x_wconf 87' lang='lat' dir='ltr'><strong>quippe</strong></span> <span class='ocrx_word' id='word_1_516' title='bbox 304 1603 442 1636; x_wconf 75' lang='lat' dir='ltr'><strong>iustorum</strong></span> <span class='ocrx_word' id='word_1_517' title='bbox 457 1603 622 1630; x_wconf 84' lang='lat' dir='ltr'><strong>desiderium</strong></span> <span class='ocrx_word' id='word_1_518' title='bbox 638 1603 738 1631; x_wconf 87' lang='lat' dir='ltr'><strong>bonum</strong></span> <span class='ocrx_word' id='word_1_519' title='bbox 759 1607 811 1635; x_wconf 84' lang='lat' dir='ltr'><strong>cst,</strong></span> <span class='ocrx_word' id='word_1_520' title='bbox 828 1607 855 1630; x_wconf 90' lang='lat' dir='ltr'><strong>et</strong></span> <span class='ocrx_word' id='word_1_521' title='bbox 869 1611 971 1630; x_wconf 87' lang='lat' dir='ltr'><strong>concu-</strong></span> 
     </span>
    </p>
   </div>
   <div class='ocr_carea' id='block_1_66' title="bbox 189 1647 972 1684">
    <p class='ocr_par' dir='ltr' id='par_1_66' title="bbox 189 1647 972 1684">
     <span class='ocr_line' id='line_1_66' title="bbox 189 1647 972 1684; baseline 0 -9"><span class='ocrx_word' id='word_1_522' title='bbox 189 1648 320 1683; x_wconf 86' lang='lat' dir='ltr'><strong>piscentia</strong></span> <span class='ocrx_word' id='word_1_523' title='bbox 332 1649 399 1683; x_wconf 84' lang='lat' dir='ltr'><strong>justi</strong></span> <span class='ocrx_word' id='word_1_524' title='bbox 418 1652 529 1684; x_wconf 88' lang='lat' dir='ltr'><strong>accepta</strong></span> <span class='ocrx_word' id='word_1_525' title='bbox 541 1652 593 1676; x_wconf 86' lang='lat' dir='ltr'><strong>est.</strong></span> <span class='ocrx_word' id='word_1_526' title='bbox 611 1647 688 1681; x_wconf 89' lang='lat' dir='ltr'><strong>Quod</strong></span> <span class='ocrx_word' id='word_1_527' title='bbox 700 1652 789 1675; x_wconf 86' lang='lat' dir='ltr'><strong>autem</strong></span> <span class='ocrx_word' id='word_1_528' title='bbox 803 1648 972 1675; x_wconf 85' lang='lat' dir='ltr'><strong>iracundiam</strong></span> 
     </span>
    </p>
   </div>
   <div class='ocr_carea' id='block_1_67' title="bbox 190 1693 971 1730">
    <p class='ocr_par' dir='ltr' id='par_1_67' title="bbox 190 1693 971 1730">
     <span class='ocr_line' id='line_1_67' title="bbox 190 1693 971 1730; baseline -0.003 -8"><span class='ocrx_word' id='word_1_529' title='bbox 190 1699 295 1730; x_wconf 84' lang='lat' dir='ltr'><strong>spectat</strong></span> <span class='ocrx_word' id='word_1_530' title='bbox 321 1703 328 1721; x_wconf 74' lang='grc' dir='ltr'><strong>ε</strong></span> <span class='ocrx_word' id='word_1_531' title='bbox 353 1704 362 1720; x_wconf 78' lang='grc' dir='ltr'><strong>ι</strong></span> <span class='ocrx_word' id='word_1_532' title='bbox 386 1694 426 1722; x_wconf 89' lang='lat' dir='ltr'><strong>Ne</strong></span> <span class='ocrx_word' id='word_1_533' title='bbox 445 1695 483 1722; x_wconf 90' lang='lat' dir='ltr'><strong>sis</strong></span> <span class='ocrx_word' id='word_1_534' title='bbox 512 1694 627 1726; x_wconf 87' lang='lat' dir='ltr'><strong>amicus,</strong></span> <span class='ocrx_word' id='word_1_535' title='bbox 647 1693 752 1729; x_wconf 81' lang='lat' dir='ltr'><strong>inquit,</strong></span> <span class='ocrx_word' id='word_1_536' title='bbox 772 1694 830 1720; x_wconf 88' lang='lat' dir='ltr'><strong>viro</strong></span> <span class='ocrx_word' id='word_1_537' title='bbox 857 1693 971 1725; x_wconf 79' lang='lat' dir='ltr'><strong>furioso,</strong></span> 
     </span>
    </p>
   </div>
   <div class='ocr_carea' id='block_1_68' title="bbox 189 1739 972 1769">
    <p class='ocr_par' dir='ltr' id='par_1_68' title="bbox 189 1739 972 1769">
     <span class='ocr_line' id='line_1_68' title="bbox 189 1739 972 1769; baseline -0.003 -1"><span class='ocrx_word' id='word_1_538' title='bbox 189 1746 217 1769; x_wconf 83' lang='lat' dir='ltr'><strong>et</strong></span> <span class='ocrx_word' id='word_1_539' title='bbox 230 1742 317 1768; x_wconf 91' lang='lat' dir='ltr'><strong>amico</strong></span> <span class='ocrx_word' id='word_1_540' title='bbox 327 1741 459 1769; x_wconf 86' lang='lat' dir='ltr'><strong>iracundo</strong></span> <span class='ocrx_word' id='word_1_541' title='bbox 473 1749 507 1768; x_wconf 91' lang='lat' dir='ltr'><strong>ne</strong></span> <span class='ocrx_word' id='word_1_542' title='bbox 520 1740 671 1768; x_wconf 85' lang='lat' dir='ltr'><strong>cohabites.</strong></span> <span class='ocrx_word' id='word_1_543' title='bbox 684 1739 797 1766; x_wconf 89' lang='lat' dir='ltr'><strong>Omnem</strong></span> <span class='ocrx_word' id='word_1_544' title='bbox 812 1739 884 1767; x_wconf 91' lang='lat' dir='ltr'><strong>enim</strong></span> <span class='ocrx_word' id='word_1_545' title='bbox 903 1739 972 1766; x_wconf 89' lang='lat' dir='ltr'><strong>iram</strong></span> 
     </span>
    </p>
   </div>
   <div class='ocr_carea' id='block_1_69' title="bbox 190 1785 973 1822">
    <p class='ocr_par' dir='ltr' id='par_1_69' title="bbox 190 1785 973 1822">
     <span class='ocr_line' id='line_1_69' title="bbox 190 1785 973 1822; baseline -0.004 -8"><span class='ocrx_word' id='word_1_546' title='bbox 190 1795 267 1814; x_wconf 87' lang='lat' dir='ltr'><strong>suam</strong></span> <span class='ocrx_word' id='word_1_547' title='bbox 293 1787 392 1814; x_wconf 87' lang='lat' dir='ltr'><strong>emittit</strong></span> <span class='ocrx_word' id='word_1_548' title='bbox 423 1786 555 1822; x_wconf 88' lang='lat' dir='ltr'><strong>insipiens</strong></span> <span class='ocrx_word' id='word_1_549' title='bbox 583 1796 590 1813; x_wconf 93' lang='lat'>:</span> <span class='ocrx_word' id='word_1_550' title='bbox 615 1785 724 1820; x_wconf 87' lang='lat' dir='ltr'><strong>sapiens</strong></span> <span class='ocrx_word' id='word_1_551' title='bbox 752 1793 816 1813; x_wconf 89' lang='lat' dir='ltr'><strong>vero</strong></span> <span class='ocrx_word' id='word_1_552' title='bbox 840 1785 913 1812; x_wconf 92' lang='lat' dir='ltr'><strong>illam</strong></span> <span class='ocrx_word' id='word_1_553' title='bbox 939 1793 973 1812; x_wconf 79' lang='lat' dir='ltr'><strong>ex</strong></span> 
     </span>
    </p>
   </div>
   <div class='ocr_carea' id='block_1_70' title="bbox 190 1831 973 1868">
    <p class='ocr_par' dir='ltr' id='par_1_70' title="bbox 190 1831 973 1868">
     <span class='ocr_line' id='line_1_70' title="bbox 190 1831 973 1868; baseline -0.005 -8"><span class='ocrx_word' id='word_1_554' title='bbox 190 1837 267 1868; x_wconf 87' lang='lat' dir='ltr'><strong>parte</strong></span> <span class='ocrx_word' id='word_1_555' title='bbox 282 1832 406 1860; x_wconf 89' lang='lat' dir='ltr'><strong>recondit</strong></span> <span class='ocrx_word' id='word_1_556' title='bbox 424 1833 444 1859; x_wconf 89' lang='grc'><strong>⁷.</strong></span> <span class='ocrx_word' id='word_1_557' title='bbox 467 1842 475 1858; x_wconf 78' lang='grc' dir='ltr'><strong>ι</strong></span> <span class='ocrx_word' id='word_1_558' title='bbox 494 1832 546 1865; x_wconf 85' lang='lat' dir='ltr'><strong>Qui</strong></span> <span class='ocrx_word' id='word_1_559' title='bbox 558 1832 678 1867; x_wconf 89' lang='lat' dir='ltr'><strong>seipsum</strong></span> <span class='ocrx_word' id='word_1_560' title='bbox 697 1831 731 1859; x_wconf 90' lang='lat' dir='ltr'><strong>ad</strong></span> <span class='ocrx_word' id='word_1_561' title='bbox 751 1831 824 1858; x_wconf 91' lang='lat' dir='ltr'><strong>hunc</strong></span> <span class='ocrx_word' id='word_1_562' title='bbox 836 1831 973 1865; x_wconf 87' lang='lat' dir='ltr'><strong>componit</strong></span> 
     </span>
    </p>
   </div>
   <div class='ocr_carea' id='block_1_71' title="bbox 191 1877 972 1913">
    <p class='ocr_par' dir='ltr' id='par_1_71' title="bbox 191 1877 972 1913">
     <span class='ocr_line' id='line_1_71' title="bbox 191 1877 972 1913; baseline -0.005 -7"><span class='ocrx_word' id='word_1_563' title='bbox 191 1879 312 1910; x_wconf 86' lang='lat' dir='ltr'><strong>modum.</strong></span> <span class='ocrx_word' id='word_1_564' title='bbox 324 1883 352 1905; x_wconf 88' lang='lat' dir='ltr'><strong>et</strong></span> <span class='ocrx_word' id='word_1_565' title='bbox 363 1878 485 1913; x_wconf 82' lang='lat' dir='ltr'><strong>singulas</strong></span> <span class='ocrx_word' id='word_1_566' title='bbox 498 1878 631 1913; x_wconf 82' lang='lat' dir='ltr'><strong>cujusque</strong></span> <span class='ocrx_word' id='word_1_567' title='bbox 643 1878 730 1913; x_wconf 89' lang='lat' dir='ltr'><strong>partis</strong></span> <span class='ocrx_word' id='word_1_568' title='bbox 745 1877 841 1904; x_wconf 71' lang='lat' dir='ltr'><strong>animae</strong></span> <span class='ocrx_word' id='word_1_569' title='bbox 853 1877 972 1903; x_wconf 88' lang='lat' dir='ltr'><strong>actiones</strong></span> 
     </span>
    </p>
   </div>
   <div class='ocr_carea' id='block_1_72' title="bbox 191 1922 973 1958">
    <p class='ocr_par' dir='ltr' id='par_1_72' title="bbox 191 1922 973 1958">
     <span class='ocr_line' id='line_1_72' title="bbox 191 1922 973 1958; baseline -0.005 -6"><span class='ocrx_word' id='word_1_570' title='bbox 191 1931 273 1952; x_wconf 88' lang='lat' dir='ltr'><strong>sanas</strong></span> <span class='ocrx_word' id='word_1_571' title='bbox 288 1928 315 1952; x_wconf 92' lang='lat' dir='ltr'><strong>et</strong></span> <span class='ocrx_word' id='word_1_572' title='bbox 332 1924 466 1952; x_wconf 89' lang='lat' dir='ltr'><strong>innocuas</strong></span> <span class='ocrx_word' id='word_1_573' title='bbox 480 1924 617 1958; x_wconf 87' lang='lat' dir='ltr'><strong>custodit,</strong></span> <span class='ocrx_word' id='word_1_574' title='bbox 633 1923 657 1951; x_wconf 91' lang='lat' dir='ltr'><strong>is</strong></span> <span class='ocrx_word' id='word_1_575' title='bbox 671 1924 778 1951; x_wconf 80' lang='lat' dir='ltr'><strong>demum</strong></span> <span class='ocrx_word' id='word_1_576' title='bbox 793 1930 883 1950; x_wconf 86' lang='lat' dir='ltr'><strong>veram</strong></span> <span class='ocrx_word' id='word_1_577' title='bbox 897 1922 973 1958; x_wconf 76' lang='lat' dir='ltr'><strong>agni-</strong></span> 
     </span>
    </p>
   </div>
   <div class='ocr_carea' id='block_1_73' title="bbox 192 1968 972 2006">
    <p class='ocr_par' dir='ltr' id='par_1_73' title="bbox 192 1968 972 2006">
     <span class='ocr_line' id='line_1_73' title="bbox 192 1968 972 2006; baseline -0.005 -8"><span class='ocrx_word' id='word_1_578' title='bbox 192 1975 269 1998; x_wconf 84' lang='lat' dir='ltr'><strong>turus</strong></span> <span class='ocrx_word' id='word_1_579' title='bbox 284 1975 326 1998; x_wconf 84' lang='lat' dir='ltr'><strong>est</strong></span> <span class='ocrx_word' id='word_1_580' title='bbox 342 1970 487 2006; x_wconf 87' lang='lat' dir='ltr'><strong>justitiam.</strong></span> <span class='ocrx_word' id='word_1_581' title='bbox 504 1970 612 1998; x_wconf 84' lang='lat' dir='ltr'><strong>Judicia</strong></span> <span class='ocrx_word' id='word_1_582' title='bbox 636 1977 701 1997; x_wconf 89' lang='lat' dir='ltr'><strong>vero</strong></span> <span class='ocrx_word' id='word_1_583' title='bbox 720 1969 838 2005; x_wconf 78' lang='lat' dir='ltr'><strong>dirigere</strong></span> <span class='ocrx_word' id='word_1_584' title='bbox 860 1968 972 2003; x_wconf 85' lang='lat' dir='ltr'><strong>potissi-</strong></span> 
     </span>
    </p>
   </div>
   <div class='ocr_carea' id='block_1_74' title="bbox 191 2013 974 2052">
    <p class='ocr_par' dir='ltr' id='par_1_74' title="bbox 191 2013 974 2052">
     <span class='ocr_line' id='line_1_74' title="bbox 191 2013 974 2052; baseline -0.004 -8"><span class='ocrx_word' id='word_1_585' title='bbox 191 2025 266 2044; x_wconf 90' lang='lat' dir='ltr'><strong>mum</strong></span> <span class='ocrx_word' id='word_1_586' title='bbox 294 2017 403 2052; x_wconf 89' lang='lat' dir='ltr'><strong>quidem</strong></span> <span class='ocrx_word' id='word_1_587' title='bbox 435 2020 486 2050; x_wconf 90' lang='lat' dir='ltr'><strong>est,</strong></span> <span class='ocrx_word' id='word_1_588' title='bbox 521 2016 595 2051; x_wconf 87' lang='lat' dir='ltr'><strong>juste</strong></span> <span class='ocrx_word' id='word_1_589' title='bbox 624 2015 774 2044; x_wconf 89' lang='lat' dir='ltr'><strong>secundum</strong></span> <span class='ocrx_word' id='word_1_590' title='bbox 806 2015 893 2050; x_wconf 77' lang='lat' dir='ltr'><strong>legem</strong></span> <span class='ocrx_word' id='word_1_591' title='bbox 926 2013 974 2041; x_wconf 92' lang='lat' dir='ltr'><strong>Dei</strong></span> 
     </span>
    </p>
   </div>
   <div class='ocr_carea' id='block_1_75' title="bbox 189 2061 974 2099">
    <p class='ocr_par' dir='ltr' id='par_1_75' title="bbox 189 2061 974 2099">
     <span class='ocr_line' id='line_1_75' title="bbox 189 2061 974 2099; baseline -0.003 -9"><span class='ocrx_word' id='word_1_592' title='bbox 189 2063 322 2099; x_wconf 86' lang='lat' dir='ltr'><strong>judicare,</strong></span> <span class='ocrx_word' id='word_1_593' title='bbox 343 2068 373 2091; x_wconf 93' lang='lat' dir='ltr'><strong>ut</strong></span> <span class='ocrx_word' id='word_1_594' title='bbox 397 2063 458 2090; x_wconf 88' lang='lat' dir='ltr'><strong>ait:</strong></span> <span class='ocrx_word' id='word_1_595' title='bbox 479 2072 489 2089; x_wconf 75' lang='grc' dir='ltr'><strong>ι</strong></span> <span class='ocrx_word' id='word_1_596' title='bbox 516 2063 599 2098; x_wconf 84' lang='lat' dir='ltr'><strong>Aperi</strong></span> <span class='ocrx_word' id='word_1_597' title='bbox 620 2071 652 2091; x_wconf 89' lang='lat' dir='ltr'><strong>os</strong></span> <span class='ocrx_word' id='word_1_598' title='bbox 668 2067 745 2090; x_wconf 89' lang='lat' dir='ltr'><strong>tuum</strong></span> <span class='ocrx_word' id='word_1_599' title='bbox 765 2061 849 2090; x_wconf 87' lang='lat' dir='ltr'><strong>verbo</strong></span> <span class='ocrx_word' id='word_1_600' title='bbox 869 2061 932 2094; x_wconf 86' lang='lat' dir='ltr'><strong>Dei,</strong></span> <span class='ocrx_word' id='word_1_601' title='bbox 947 2065 974 2089; x_wconf 87' lang='lat' dir='ltr'><strong>et</strong></span> 
     </span>
    </p>
   </div>
   <div class='ocr_carea' id='block_1_76' title="bbox 191 2107 974 2144">
    <p class='ocr_par' dir='ltr' id='par_1_76' title="bbox 191 2107 974 2144">
     <span class='ocr_line' id='line_1_76' title="bbox 191 2107 974 2144; baseline -0.005 -7"><span class='ocrx_word' id='word_1_602' title='bbox 191 2117 258 2137; x_wconf 84' lang='lat' dir='ltr'><strong>sane</strong></span> <span class='ocrx_word' id='word_1_603' title='bbox 274 2109 307 2137; x_wconf 92' lang='lat' dir='ltr'><strong>de</strong></span> <span class='ocrx_word' id='word_1_604' title='bbox 318 2109 446 2137; x_wconf 84' lang='lat' dir='ltr'><strong>omnibus</strong></span> <span class='ocrx_word' id='word_1_605' title='bbox 467 2108 572 2144; x_wconf 88' lang='lat' dir='ltr'><strong>judica.</strong></span> <span class='ocrx_word' id='word_1_606' title='bbox 588 2108 739 2143; x_wconf 86' lang='lat' dir='ltr'><strong>Pauperem</strong></span> <span class='ocrx_word' id='word_1_607' title='bbox 758 2115 823 2135; x_wconf 85' lang='lat' dir='ltr'><strong>vero</strong></span> <span class='ocrx_word' id='word_1_608' title='bbox 844 2111 872 2134; x_wconf 89' lang='lat' dir='ltr'><strong>et</strong></span> <span class='ocrx_word' id='word_1_609' title='bbox 893 2107 974 2134; x_wconf 88' lang='lat' dir='ltr'><strong>imbe-</strong></span> 
     </span>
    </p>
   </div>
   <div class='ocr_carea' id='block_1_77' title="bbox 190 2152 974 2190">
    <p class='ocr_par' dir='ltr' id='par_1_77' title="bbox 190 2152 974 2190">
     <span class='ocr_line' id='line_1_77' title="bbox 190 2152 974 2190; baseline -0.004 -8"><span class='ocrx_word' id='word_1_610' title='bbox 190 2155 280 2183; x_wconf 85' lang='lat' dir='ltr'><strong>cillem</strong></span> <span class='ocrx_word' id='word_1_611' title='bbox 293 2154 422 2190; x_wconf 84' lang='lat' dir='ltr'><strong>dijudica.</strong></span> <span class='ocrx_word' id='word_1_612' title='bbox 437 2154 489 2188; x_wconf 87' lang='lat' dir='ltr'><strong>Qui</strong></span> <span class='ocrx_word' id='word_1_613' title='bbox 502 2162 620 2189; x_wconf 89' lang='lat' dir='ltr'><strong>namque</strong></span> <span class='ocrx_word' id='word_1_614' title='bbox 633 2154 699 2182; x_wconf 85' lang='lat' dir='ltr'><strong>dicit</strong></span> <span class='ocrx_word' id='word_1_615' title='bbox 713 2153 747 2181; x_wconf 84' lang='lat' dir='ltr'><strong>de</strong></span> <span class='ocrx_word' id='word_1_616' title='bbox 763 2153 846 2189; x_wconf 87' lang='lat' dir='ltr'><strong>impio</strong></span> <span class='ocrx_word' id='word_1_617' title='bbox 860 2160 866 2179; x_wconf 90' lang='lat'>:</span> <span class='ocrx_word' id='word_1_618' title='bbox 879 2152 974 2180; x_wconf 85' lang='lat' dir='ltr'><strong>Justus</strong></span> 
     </span>
    </p>
   </div>
   <div class='ocr_carea' id='block_1_78' title="bbox 1023 1557 1809 1593">
    <p class='ocr_par' dir='ltr' id='par_1_78' title="bbox 1023 1557 1809 1593">
     <span class='ocr_line' id='line_1_78' title="bbox 1023 1557 1809 1593; baseline -0.001 -9"><span class='ocrx_word' id='word_1_619' title='bbox 1023 1557 1111 1584; x_wconf 83' lang='grc' dir='ltr'>θύνειν</span> <span class='ocrx_word' id='word_1_620' title='bbox 1128 1558 1184 1584; x_wconf 76' lang='grc' dir='ltr'>ἐστὶ</span> <span class='ocrx_word' id='word_1_621' title='bbox 1197 1559 1406 1593; x_wconf 75' lang='grc' dir='ltr'>προηγουμένως</span> <span class='ocrx_word' id='word_1_622' title='bbox 1424 1557 1473 1593; x_wconf 82' lang='grc' dir='ltr'>μὲν</span> <span class='ocrx_word' id='word_1_623' title='bbox 1493 1557 1593 1592; x_wconf 84' lang='grc' dir='ltr'>κρίνειν</span> <span class='ocrx_word' id='word_1_624' title='bbox 1612 1557 1722 1589; x_wconf 75' lang='grc' dir='ltr'>δικαίως</span> <span class='ocrx_word' id='word_1_625' title='bbox 1737 1557 1809 1584; x_wconf 71' lang='grc' dir='ltr'>κατὰ</span> 
     </span>
    </p>
   </div>
   <div class='ocr_carea' id='block_1_79' title="bbox 1021 1602 1809 1638">
    <p class='ocr_par' dir='ltr' id='par_1_79' title="bbox 1021 1602 1809 1638">
     <span class='ocr_line' id='line_1_79' title="bbox 1021 1602 1809 1638; baseline -0.004 -8"><span class='ocrx_word' id='word_1_626' title='bbox 1021 1603 1067 1630; x_wconf 77' lang='grc' dir='ltr'>τὸν</span> <span class='ocrx_word' id='word_1_627' title='bbox 1081 1603 1126 1630; x_wconf 84' lang='grc' dir='ltr'><strong>τοῦ</strong></span> <span class='ocrx_word' id='word_1_628' title='bbox 1147 1603 1212 1630; x_wconf 79' lang='grc' dir='ltr'>Θεοῦ</span> <span class='ocrx_word' id='word_1_629' title='bbox 1235 1603 1331 1638; x_wconf 87' lang='grc' dir='ltr'>νόμον,</span> <span class='ocrx_word' id='word_1_630' title='bbox 1348 1602 1385 1634; x_wconf 83' lang='grc' dir='ltr'>ὣς</span> <span class='ocrx_word' id='word_1_631' title='bbox 1401 1611 1482 1638; x_wconf 81' lang='grc' dir='ltr'>φησι·</span> <span class='ocrx_word' id='word_1_632' title='bbox 1505 1612 1513 1627; x_wconf 83' lang='grc' dir='ltr'><strong>ι</strong></span> <span class='ocrx_word' id='word_1_633' title='bbox 1532 1602 1639 1636; x_wconf 77' lang='grc' dir='ltr'>Ἀνοιγε</span> <span class='ocrx_word' id='word_1_634' title='bbox 1659 1602 1704 1628; x_wconf 80' lang='grc' dir='ltr'><strong>σὺν</strong></span> <span class='ocrx_word' id='word_1_635' title='bbox 1721 1603 1809 1637; x_wconf 81' lang='grc' dir='ltr'>στόμα</span> 
     </span>
    </p>
   </div>
   <div class='ocr_carea' id='block_1_80' title="bbox 1022 1648 1810 1685">
    <p class='ocr_par' dir='ltr' id='par_1_80' title="bbox 1022 1648 1810 1685">
     <span class='ocr_line' id='line_1_80' title="bbox 1022 1648 1810 1685; baseline -0.003 -9"><span class='ocrx_word' id='word_1_636' title='bbox 1022 1649 1092 1684; x_wconf 84' lang='grc' dir='ltr'>λόγῳ</span> <span class='ocrx_word' id='word_1_637' title='bbox 1105 1649 1183 1681; x_wconf 82' lang='grc' dir='ltr'>Θεοῦ,</span> <span class='ocrx_word' id='word_1_638' title='bbox 1198 1649 1244 1676; x_wconf 75' lang='grc' dir='ltr'>καὶ</span> <span class='ocrx_word' id='word_1_639' title='bbox 1260 1649 1336 1685; x_wconf 86' lang='grc' dir='ltr'>κρίνε</span> <span class='ocrx_word' id='word_1_640' title='bbox 1351 1649 1453 1680; x_wconf 76' lang='grc' dir='ltr'>πάντας</span> <span class='ocrx_word' id='word_1_641' title='bbox 1467 1648 1560 1682; x_wconf 81' lang='grc' dir='ltr'>ὑγιῶς.</span> <span class='ocrx_word' id='word_1_642' title='bbox 1574 1648 1698 1683; x_wconf 79' lang='grc' dir='ltr'>Διάκρινε</span> <span class='ocrx_word' id='word_1_643' title='bbox 1715 1648 1743 1674; x_wconf 76' lang='grc' dir='ltr'>δὲ</span> <span class='ocrx_word' id='word_1_644' title='bbox 1759 1648 1810 1674; x_wconf 79' lang='grc' dir='ltr'><strong>πέ-</strong></span> 
     </span>
    </p>
   </div>
   <div class='ocr_carea' id='block_1_81' title="bbox 1022 1694 1810 1730">
    <p class='ocr_par' dir='ltr' id='par_1_81' title="bbox 1022 1694 1810 1730">
     <span class='ocr_line' id='line_1_81' title="bbox 1022 1694 1810 1730; baseline -0.003 -8"><span class='ocrx_word' id='word_1_645' title='bbox 1022 1704 1090 1730; x_wconf 80' lang='grc' dir='ltr'>νητα</span> <span class='ocrx_word' id='word_1_646' title='bbox 1110 1697 1156 1722; x_wconf 66' lang='grc' dir='ltr'>καὶ.</span> <span class='ocrx_word' id='word_1_647' title='bbox 1175 1695 1286 1730; x_wconf 80' lang='grc' dir='ltr'>ἀσθενῆ.</span> <span class='ocrx_word' id='word_1_648' title='bbox 1309 1696 1337 1721; x_wconf 93' lang='lat'><strong>&#39;0</strong></span> <span class='ocrx_word' id='word_1_649' title='bbox 1353 1695 1406 1730; x_wconf 76' lang='grc' dir='ltr'><strong>γὰρ</strong></span> <span class='ocrx_word' id='word_1_650' title='bbox 1423 1694 1506 1720; x_wconf 79' lang='grc' dir='ltr'>εἰπὼν</span> <span class='ocrx_word' id='word_1_651' title='bbox 1529 1695 1573 1720; x_wconf 78' lang='grc' dir='ltr'>τὸν</span> <span class='ocrx_word' id='word_1_652' title='bbox 1587 1694 1683 1729; x_wconf 76' lang='grc' dir='ltr'>ἀσεϐῆ,</span> <span class='ocrx_word' id='word_1_653' title='bbox 1700 1694 1810 1727; x_wconf 55' lang='lat' dir='ltr'><strong>Abunde</strong></span> 
     </span>
    </p>
   </div>
   <div class='ocr_carea' id='block_1_82' title="bbox 1023 1739 1812 1776">
    <p class='ocr_par' dir='ltr' id='par_1_82' title="bbox 1023 1739 1812 1776">
     <span class='ocr_line' id='line_1_82' title="bbox 1023 1739 1812 1776; baseline 0.001 -10"><span class='ocrx_word' id='word_1_654' title='bbox 1023 1741 1106 1773; x_wconf 72' lang='grc' dir='ltr'>ἔστιν,</span> <span class='ocrx_word' id='word_1_655' title='bbox 1121 1741 1318 1776; x_wconf 78' lang='grc' dir='ltr'>ὲπικατάρατος</span> <span class='ocrx_word' id='word_1_656' title='bbox 1333 1741 1416 1773; x_wconf 79' lang='grc' dir='ltr'>λαοῖς,</span> <span class='ocrx_word' id='word_1_657' title='bbox 1431 1741 1478 1768; x_wconf 74' lang='grc' dir='ltr'><strong>καὶ</strong></span> <span class='ocrx_word' id='word_1_658' title='bbox 1494 1740 1606 1776; x_wconf 78' lang='grc' dir='ltr'>μισητὸς</span> <span class='ocrx_word' id='word_1_659' title='bbox 1622 1741 1660 1772; x_wconf 73' lang='grc' dir='ltr'><strong>εἰς</strong></span> <span class='ocrx_word' id='word_1_660' title='bbox 1674 1739 1749 1776; x_wconf 80' lang='grc' dir='ltr'>ἔθνη.</span> <span class='ocrx_word' id='word_1_661' title='bbox 1762 1741 1812 1767; x_wconf 74' lang='lat' dir='ltr'><strong>AL-</strong></span> 
     </span>
    </p>
   </div>
   <div class='ocr_carea' id='block_1_83' title="bbox 1022 1786 1811 1823">
    <p class='ocr_par' dir='ltr' id='par_1_83' title="bbox 1022 1786 1811 1823">
     <span class='ocr_line' id='line_1_83' title="bbox 1022 1786 1811 1823; baseline 0.003 -11"><span class='ocrx_word' id='word_1_662' title='bbox 1022 1786 1124 1813; x_wconf 84' lang='grc' dir='ltr'>δεῖσθαι</span> <span class='ocrx_word' id='word_1_663' title='bbox 1147 1786 1200 1823; x_wconf 79' lang='grc' dir='ltr'><strong>γὰρ</strong></span> <span class='ocrx_word' id='word_1_664' title='bbox 1222 1787 1366 1822; x_wconf 82' lang='grc' dir='ltr'>πρόσωπον</span> <span class='ocrx_word' id='word_1_665' title='bbox 1382 1788 1410 1814; x_wconf 75' lang='grc' dir='ltr'>ἐν</span> <span class='ocrx_word' id='word_1_666' title='bbox 1429 1788 1516 1823; x_wconf 88' lang='grc' dir='ltr'>κρίσει</span> <span class='ocrx_word' id='word_1_667' title='bbox 1533 1787 1563 1813; x_wconf 78' lang='grc' dir='ltr'><strong>οὐ</strong></span> <span class='ocrx_word' id='word_1_668' title='bbox 1581 1787 1671 1813; x_wconf 86' lang='grc' dir='ltr'>καλόν.</span> <span class='ocrx_word' id='word_1_669' title='bbox 1695 1796 1704 1812; x_wconf 72' lang='grc' dir='ltr'><strong>ι</strong></span> <span class='ocrx_word' id='word_1_670' title='bbox 1723 1786 1811 1814; x_wconf 85' lang='grc' dir='ltr'>Τοῦτο</span> 
     </span>
    </p>
   </div>
   <div class='ocr_carea' id='block_1_84' title="bbox 1024 1833 1810 1869">
    <p class='ocr_par' dir='ltr' id='par_1_84' title="bbox 1024 1833 1810 1869">
     <span class='ocr_line' id='line_1_84' title="bbox 1024 1833 1810 1869; baseline 0.001 -11"><span class='ocrx_word' id='word_1_671' title='bbox 1024 1833 1073 1868; x_wconf 72' lang='grc' dir='ltr'>μὲν</span> <span class='ocrx_word' id='word_1_672' title='bbox 1085 1833 1117 1859; x_wconf 84' lang='grc' dir='ltr'>ἐκ</span> <span class='ocrx_word' id='word_1_673' title='bbox 1130 1833 1176 1859; x_wconf 85' lang='grc' dir='ltr'><strong>τοῦ</strong></span> <span class='ocrx_word' id='word_1_674' title='bbox 1193 1833 1308 1869; x_wconf 82' lang='grc' dir='ltr'>φανεροῦ</span> <span class='ocrx_word' id='word_1_675' title='bbox 1326 1833 1420 1869; x_wconf 78' lang='grc' dir='ltr'>ῥητέον</span> <span class='ocrx_word' id='word_1_676' title='bbox 1431 1842 1438 1848; x_wconf 77' lang='grc'><em>”</em></span> <span class='ocrx_word' id='word_1_677' title='bbox 1459 1834 1552 1860; x_wconf 76' lang='grc' dir='ltr'>ἔπειτα</span> <span class='ocrx_word' id='word_1_678' title='bbox 1567 1834 1596 1860; x_wconf 80' lang='grc' dir='ltr'>δὲ</span> <span class='ocrx_word' id='word_1_679' title='bbox 1610 1834 1652 1860; x_wconf 82' lang='grc' dir='ltr'>ἵνα</span> <span class='ocrx_word' id='word_1_680' title='bbox 1666 1833 1734 1869; x_wconf 86' lang='grc' dir='ltr'>ὅπερ</span> <span class='ocrx_word' id='word_1_681' title='bbox 1750 1833 1810 1859; x_wconf 79' lang='grc' dir='ltr'><strong>ἑτέ-</strong></span> 
     </span>
    </p>
   </div>
   <div class='ocr_carea' id='block_1_85' title="bbox 1025 1878 1805 1915">
    <p class='ocr_par' dir='ltr' id='par_1_85' title="bbox 1025 1878 1805 1915">
     <span class='ocr_line' id='line_1_85' title="bbox 1025 1878 1805 1915; baseline 0 -11"><span class='ocrx_word' id='word_1_682' title='bbox 1025 1886 1086 1913; x_wconf 87' lang='grc' dir='ltr'>ρους</span> <span class='ocrx_word' id='word_1_683' title='bbox 1101 1878 1187 1914; x_wconf 86' lang='grc' dir='ltr'>κρίνει</span> <span class='ocrx_word' id='word_1_684' title='bbox 1204 1887 1255 1911; x_wconf 84' lang='grc' dir='ltr'>τις,</span> <span class='ocrx_word' id='word_1_685' title='bbox 1270 1878 1347 1906; x_wconf 84' lang='grc' dir='ltr'>τοῦτο</span> <span class='ocrx_word' id='word_1_686' title='bbox 1361 1880 1407 1906; x_wconf 75' lang='grc' dir='ltr'>καὶ</span> <span class='ocrx_word' id='word_1_687' title='bbox 1432 1879 1472 1911; x_wconf 84' lang='grc' dir='ltr'><strong>εἰς</strong></span> <span class='ocrx_word' id='word_1_688' title='bbox 1489 1880 1583 1906; x_wconf 72' lang='grc' dir='ltr'>ἑαυτὸν</span> <span class='ocrx_word' id='word_1_689' title='bbox 1598 1879 1628 1906; x_wconf 79' lang='grc' dir='ltr'><strong>τὸ</strong></span> <span class='ocrx_word' id='word_1_690' title='bbox 1650 1880 1735 1915; x_wconf 84' lang='grc' dir='ltr'>κρῖμα</span> <span class='ocrx_word' id='word_1_691' title='bbox 1746 1887 1805 1906; x_wconf 84' lang='grc' dir='ltr'>κατ-</span> 
     </span>
    </p>
   </div>
   <div class='ocr_carea' id='block_1_86' title="bbox 1024 1923 1810 1961">
    <p class='ocr_par' dir='ltr' id='par_1_86' title="bbox 1024 1923 1810 1961">
     <span class='ocr_line' id='line_1_86' title="bbox 1024 1923 1810 1961; baseline 0.003 -11"><span class='ocrx_word' id='word_1_692' title='bbox 1024 1923 1134 1961; x_wconf 82' lang='grc' dir='ltr'>ευθύνῃ,</span> <span class='ocrx_word' id='word_1_693' title='bbox 1161 1925 1208 1951; x_wconf 73' lang='grc' dir='ltr'><strong>καὶ</strong></span> <span class='ocrx_word' id='word_1_694' title='bbox 1223 1924 1318 1951; x_wconf 80' lang='grc' dir='ltr'>ἑαυτὸν</span> <span class='ocrx_word' id='word_1_695' title='bbox 1331 1925 1463 1960; x_wconf 78' lang='grc' dir='ltr'>δοκιμάζῃ</span> <span class='ocrx_word' id='word_1_696' title='bbox 1474 1946 1481 1957; x_wconf 86' lang='grc'><strong>,</strong></span> <span class='ocrx_word' id='word_1_697' title='bbox 1499 1926 1632 1961; x_wconf 79' lang='grc' dir='ltr'>ἐπιτιμῶν</span> <span class='ocrx_word' id='word_1_698' title='bbox 1646 1926 1694 1961; x_wconf 80' lang='grc' dir='ltr'>μὲν</span> <span class='ocrx_word' id='word_1_699' title='bbox 1711 1924 1810 1960; x_wconf 78' lang='grc' dir='ltr'>ἑαυτῷ,</span> 
     </span>
    </p>
   </div>
   <div class='ocr_carea' id='block_1_87' title="bbox 1023 1969 1812 2008">
    <p class='ocr_par' dir='ltr' id='par_1_87' title="bbox 1023 1969 1812 2008">
     <span class='ocr_line' id='line_1_87' title="bbox 1023 1969 1812 2008; baseline 0.004 -13"><span class='ocrx_word' id='word_1_700' title='bbox 1023 1969 1070 1995; x_wconf 75' lang='grc' dir='ltr'>ἐὰν</span> <span class='ocrx_word' id='word_1_701' title='bbox 1087 1970 1232 2006; x_wconf 83' lang='grc' dir='ltr'>πλεονεκτῇ</span> <span class='ocrx_word' id='word_1_702' title='bbox 1247 1971 1261 1996; x_wconf 90' lang='grc' dir='ltr'>ὁ</span> <span class='ocrx_word' id='word_1_703' title='bbox 1276 1970 1377 2006; x_wconf 81' lang='grc' dir='ltr'>θυμός·</span> <span class='ocrx_word' id='word_1_704' title='bbox 1395 1971 1498 2006; x_wconf 76' lang='grc' dir='ltr'>ἐπέχων</span> <span class='ocrx_word' id='word_1_705' title='bbox 1511 1971 1550 2003; x_wconf 80' lang='grc' dir='ltr'>δὲ,</span> <span class='ocrx_word' id='word_1_706' title='bbox 1569 1972 1615 1998; x_wconf 72' lang='grc' dir='ltr'>ἐὰν</span> <span class='ocrx_word' id='word_1_707' title='bbox 1632 1971 1780 2008; x_wconf 71' lang='grc' dir='ltr'><strong>περισσεύῃ</strong></span> <span class='ocrx_word' id='word_1_708' title='bbox 1793 1971 1812 2007; x_wconf 83' lang='grc' dir='ltr'><strong>ἡ</strong></span> 
     </span>
    </p>
   </div>
   <div class='ocr_carea' id='block_1_88' title="bbox 1024 2015 1810 2051">
    <p class='ocr_par' dir='ltr' id='par_1_88' title="bbox 1024 2015 1810 2051">
     <span class='ocr_line' id='line_1_88' title="bbox 1024 2015 1810 2051; baseline 0.003 -10"><span class='ocrx_word' id='word_1_709' title='bbox 1024 2015 1156 2050; x_wconf 76' lang='grc' dir='ltr'>ἐπιθυμία</span> <span class='ocrx_word' id='word_1_710' title='bbox 1168 2024 1174 2030; x_wconf 94' lang='grc'><strong>·</strong></span> <span class='ocrx_word' id='word_1_711' title='bbox 1198 2015 1335 2051; x_wconf 77' lang='grc' dir='ltr'>διεγείρων</span> <span class='ocrx_word' id='word_1_712' title='bbox 1361 2016 1399 2047; x_wconf 81' lang='grc' dir='ltr'>δὲ,</span> <span class='ocrx_word' id='word_1_713' title='bbox 1413 2017 1460 2043; x_wconf 77' lang='grc' dir='ltr'><strong>ἐὰν</strong></span> <span class='ocrx_word' id='word_1_714' title='bbox 1476 2017 1594 2051; x_wconf 83' lang='grc' dir='ltr'>ἀφυπνοῖ</span> <span class='ocrx_word' id='word_1_715' title='bbox 1604 2016 1634 2043; x_wconf 81' lang='grc' dir='ltr'>τὸ</span> <span class='ocrx_word' id='word_1_716' title='bbox 1647 2016 1810 2051; x_wconf 80' lang='grc' dir='ltr'>λογιστικὸν,</span> 
     </span>
    </p>
   </div>
   <div class='ocr_carea' id='block_1_89' title="bbox 1023 2060 1812 2097">
    <p class='ocr_par' dir='ltr' id='par_1_89' title="bbox 1023 2060 1812 2097">
     <span class='ocr_line' id='line_1_89' title="bbox 1023 2060 1812 2097; baseline 0.005 -11"><span class='ocrx_word' id='word_1_717' title='bbox 1023 2060 1128 2095; x_wconf 82' lang='grc' dir='ltr'>λέγων·</span> <span class='ocrx_word' id='word_1_718' title='bbox 1153 2070 1162 2086; x_wconf 75' lang='grc' dir='ltr'><strong>ι</strong></span> <span class='ocrx_word' id='word_1_719' title='bbox 1184 2061 1256 2092; x_wconf 83' lang='grc' dir='ltr'>Ἕως</span> <span class='ocrx_word' id='word_1_720' title='bbox 1272 2061 1335 2088; x_wconf 79' lang='grc' dir='ltr'>πότε</span> <span class='ocrx_word' id='word_1_721' title='bbox 1347 2082 1354 2094; x_wconf 88' lang='grc'><strong>,</strong></span> <span class='ocrx_word' id='word_1_722' title='bbox 1377 2062 1493 2097; x_wconf 78' lang='grc' dir='ltr'>ὀκνηρὲ,</span> <span class='ocrx_word' id='word_1_723' title='bbox 1514 2063 1690 2096; x_wconf 81' lang='grc' dir='ltr'>κατάκεισαι;</span> <span class='ocrx_word' id='word_1_724' title='bbox 1709 2073 1718 2089; x_wconf 72' lang='grc' dir='ltr'><strong>ι</strong></span> <span class='ocrx_word' id='word_1_725' title='bbox 1734 2063 1812 2090; x_wconf 68' lang='grc' dir='ltr'>Οὕτω</span> 
     </span>
    </p>
   </div>
   <div class='ocr_carea' id='block_1_90' title="bbox 1023 2106 1813 2144">
    <p class='ocr_par' dir='ltr' id='par_1_90' title="bbox 1023 2106 1813 2144">
     <span class='ocr_line' id='line_1_90' title="bbox 1023 2106 1813 2144; baseline 0.004 -12"><span class='ocrx_word' id='word_1_726' title='bbox 1023 2106 1078 2142; x_wconf 84' lang='grc' dir='ltr'>γὰρ</span> <span class='ocrx_word' id='word_1_727' title='bbox 1091 2106 1186 2133; x_wconf 79' lang='grc' dir='ltr'>ἑαυτὸν</span> <span class='ocrx_word' id='word_1_728' title='bbox 1200 2106 1310 2138; x_wconf 79' lang='grc' dir='ltr'>δικαίως</span> <span class='ocrx_word' id='word_1_729' title='bbox 1330 2107 1414 2141; x_wconf 81' lang='grc' dir='ltr'>ἄγων,</span> <span class='ocrx_word' id='word_1_730' title='bbox 1433 2108 1478 2134; x_wconf 73' lang='grc' dir='ltr'>καὶ</span> <span class='ocrx_word' id='word_1_731' title='bbox 1494 2108 1645 2144; x_wconf 74' lang='grc' dir='ltr'>κατήγορος</span> <span class='ocrx_word' id='word_1_732' title='bbox 1659 2108 1755 2135; x_wconf 81' lang='grc' dir='ltr'>ἑαυτοῦ</span> <span class='ocrx_word' id='word_1_733' title='bbox 1769 2117 1813 2143; x_wconf 83' lang='grc' dir='ltr'>γι-</span> 
     </span>
    </p>
   </div>
   <div class='ocr_carea' id='block_1_91' title="bbox 1024 2152 1813 2189">
    <p class='ocr_par' dir='ltr' id='par_1_91' title="bbox 1024 2152 1813 2189">
     <span class='ocr_line' id='line_1_91' title="bbox 1024 2152 1813 2189; baseline 0.001 -11"><span class='ocrx_word' id='word_1_734' title='bbox 1024 2152 1144 2187; x_wconf 86' lang='grc' dir='ltr'>νόμενος,</span> <span class='ocrx_word' id='word_1_735' title='bbox 1159 2153 1244 2187; x_wconf 77' lang='grc' dir='ltr'>κρῖμα</span> <span class='ocrx_word' id='word_1_736' title='bbox 1254 2152 1426 2179; x_wconf 80' lang='grc' dir='ltr'>κατευθύνειν</span> <span class='ocrx_word' id='word_1_737' title='bbox 1440 2153 1599 2189; x_wconf 79' lang='grc' dir='ltr'>μαθήσεται,</span> <span class='ocrx_word' id='word_1_738' title='bbox 1612 2154 1658 2180; x_wconf 70' lang='grc' dir='ltr'><strong>καὶ</strong></span> <span class='ocrx_word' id='word_1_739' title='bbox 1668 2153 1716 2180; x_wconf 85' lang='grc' dir='ltr'>οὑκ</span> <span class='ocrx_word' id='word_1_740' title='bbox 1731 2152 1813 2179; x_wconf 84' lang='grc' dir='ltr'>ἀκού-</span> 
     </span>
    </p>
   </div>
   <div class='ocr_carea' id='block_1_92' title="bbox 190 2194 972 2235">
    <p class='ocr_par' dir='ltr' id='par_1_92' title="bbox 190 2199 972 2235">
     <span class='ocr_line' id='line_1_92' title="bbox 190 2199 972 2235; baseline -0.005 -6"><span class='ocrx_word' id='word_1_741' title='bbox 190 2205 248 2234; x_wconf 86' lang='lat' dir='ltr'><strong>est;</strong></span> <span class='ocrx_word' id='word_1_742' title='bbox 263 2200 440 2228; x_wconf 84' lang='lat' dir='ltr'><strong>exsecrabilis</strong></span> <span class='ocrx_word' id='word_1_743' title='bbox 453 2203 497 2228; x_wconf 89' lang='lat' dir='ltr'><strong>est</strong></span> <span class='ocrx_word' id='word_1_744' title='bbox 509 2199 627 2235; x_wconf 83' lang='lat' dir='ltr'><strong>populis,</strong></span> <span class='ocrx_word' id='word_1_745' title='bbox 642 2203 669 2226; x_wconf 90' lang='lat' dir='ltr'><strong>et</strong></span> <span class='ocrx_word' id='word_1_746' title='bbox 686 2199 798 2226; x_wconf 80' lang='lat' dir='ltr'><strong>odiosus</strong></span> <span class='ocrx_word' id='word_1_747' title='bbox 816 2199 886 2226; x_wconf 88' lang='lat' dir='ltr'><strong>inter</strong></span> <span class='ocrx_word' id='word_1_748' title='bbox 905 2205 972 2233; x_wconf 77' lang='lat' dir='ltr'><strong>gen-</strong></span> 
     </span>
    </p>
   </div>
   <div class='ocr_carea' id='block_1_93' title="bbox 1023 2194 1811 2235">
    <p class='ocr_par' dir='ltr' id='par_1_93' title="bbox 1025 2197 1811 2234">
     <span class='ocr_line' id='line_1_93' title="bbox 1025 2197 1811 2234; baseline 0.001 -10"><span class='ocrx_word' id='word_1_749' title='bbox 1025 2206 1098 2224; x_wconf 84' lang='grc' dir='ltr'>σεται</span> <span class='ocrx_word' id='word_1_750' title='bbox 1113 2199 1177 2233; x_wconf 81' lang='grc' dir='ltr'>παρ’</span> <span class='ocrx_word' id='word_1_751' title='bbox 1189 2197 1279 2233; x_wconf 78' lang='grc' dir='ltr'>ἐτέρου</span> <span class='ocrx_word' id='word_1_752' title='bbox 1292 2206 1298 2212; x_wconf 90' lang='grc'>·</span> <span class='ocrx_word' id='word_1_753' title='bbox 1318 2208 1327 2223; x_wconf 78' lang='grc' dir='ltr'><strong>ι</strong></span> <span class='ocrx_word' id='word_1_754' title='bbox 1351 2197 1379 2224; x_wconf 91' lang='lat'><strong>&#39;0</strong></span> <span class='ocrx_word' id='word_1_755' title='bbox 1393 2198 1525 2225; x_wconf 80' lang='grc' dir='ltr'>διδάσκων</span> <span class='ocrx_word' id='word_1_756' title='bbox 1538 2199 1639 2234; x_wconf 75' lang='grc' dir='ltr'>ἕτερον,</span> <span class='ocrx_word' id='word_1_757' title='bbox 1655 2198 1765 2225; x_wconf 81' lang='grc' dir='ltr'>σεαυτὸν</span> <span class='ocrx_word' id='word_1_758' title='bbox 1780 2198 1811 2225; x_wconf 80' lang='grc' dir='ltr'>οὐ</span> 
     </span>
    </p>
   </div>
   <div class='ocr_carea' id='block_1_94' title="bbox 189 2245 970 2281">
    <p class='ocr_par' dir='ltr' id='par_1_94' title="bbox 189 2245 970 2281">
     <span class='ocr_line' id='line_1_94' title="bbox 189 2245 970 2281; baseline -0.005 -6"><span class='ocrx_word' id='word_1_759' title='bbox 189 2253 242 2276; x_wconf 86' lang='lat' dir='ltr'><strong>tcs.</strong></span> <span class='ocrx_word' id='word_1_760' title='bbox 257 2246 406 2274; x_wconf 87' lang='lat' dir='ltr'><strong>Personam</strong></span> <span class='ocrx_word' id='word_1_761' title='bbox 421 2246 494 2274; x_wconf 88' lang='lat' dir='ltr'><strong>enim</strong></span> <span class='ocrx_word' id='word_1_762' title='bbox 513 2246 540 2273; x_wconf 92' lang='lat' dir='ltr'><strong>in</strong></span> <span class='ocrx_word' id='word_1_763' title='bbox 554 2246 658 2281; x_wconf 87' lang='lat' dir='ltr'><strong>judicio</strong></span> <span class='ocrx_word' id='word_1_764' title='bbox 671 2245 789 2273; x_wconf 82' lang='lat' dir='ltr'><strong>revereri</strong></span> <span class='ocrx_word' id='word_1_765' title='bbox 801 2245 902 2272; x_wconf 90' lang='lat' dir='ltr'><strong>bonum</strong></span> <span class='ocrx_word' id='word_1_766' title='bbox 916 2251 970 2271; x_wconf 89' lang='lat' dir='ltr'><strong>non</strong></span> 
     </span>
    </p>
   </div>
   <div class='ocr_carea' id='block_1_95' title="bbox 189 2290 971 2328">
    <p class='ocr_par' dir='ltr' id='par_1_95' title="bbox 189 2290 971 2328">
     <span class='ocr_line' id='line_1_95' title="bbox 189 2290 971 2328; baseline -0.005 -7"><span class='ocrx_word' id='word_1_767' title='bbox 189 2298 232 2322; x_wconf 87' lang='lat' dir='ltr'><strong>est</strong></span> <span class='ocrx_word' id='word_1_768' title='bbox 247 2295 268 2321; x_wconf 88' lang='lat'><strong>&quot;.</strong></span> <span class='ocrx_word' id='word_1_769' title='bbox 293 2303 302 2320; x_wconf 77' lang='grc' dir='ltr'><strong>ι</strong></span> <span class='ocrx_word' id='word_1_770' title='bbox 329 2292 387 2321; x_wconf 79' lang='lat' dir='ltr'><strong>Hoc</strong></span> <span class='ocrx_word' id='word_1_771' title='bbox 407 2293 517 2328; x_wconf 87' lang='lat' dir='ltr'><strong>quidem</strong></span> <span class='ocrx_word' id='word_1_772' title='bbox 545 2293 634 2328; x_wconf 90' lang='lat' dir='ltr'><strong>palam</strong></span> <span class='ocrx_word' id='word_1_773' title='bbox 661 2296 688 2320; x_wconf 86' lang='lat' dir='ltr'><strong>et</strong></span> <span class='ocrx_word' id='word_1_774' title='bbox 713 2295 806 2327; x_wconf 86' lang='lat' dir='ltr'><strong>aperte</strong></span> <span class='ocrx_word' id='word_1_775' title='bbox 824 2290 971 2318; x_wconf 90' lang='lat' dir='ltr'><strong>dicendum</strong></span> 
     </span>
    </p>
   </div>
   <div class='ocr_carea' id='block_1_96' title="bbox 189 2337 974 2375">
    <p class='ocr_par' dir='ltr' id='par_1_96' title="bbox 189 2337 974 2375">
     <span class='ocr_line' id='line_1_96' title="bbox 189 2337 974 2375; baseline -0.005 -8"><span class='ocrx_word' id='word_1_776' title='bbox 189 2343 231 2367; x_wconf 88' lang='lat' dir='ltr'><strong>est</strong></span> <span class='ocrx_word' id='word_1_777' title='bbox 251 2349 260 2367; x_wconf 90' lang='lat'><strong>:</strong></span> <span class='ocrx_word' id='word_1_778' title='bbox 280 2339 388 2372; x_wconf 85' lang='lat' dir='ltr'><strong>deinde,</strong></span> <span class='ocrx_word' id='word_1_779' title='bbox 406 2343 437 2367; x_wconf 89' lang='lat' dir='ltr'><strong>ut</strong></span> <span class='ocrx_word' id='word_1_780' title='bbox 457 2339 530 2375; x_wconf 88' lang='lat' dir='ltr'><strong>quod</strong></span> <span class='ocrx_word' id='word_1_781' title='bbox 551 2338 686 2374; x_wconf 88' lang='lat' dir='ltr'><strong>judicium</strong></span> <span class='ocrx_word' id='word_1_782' title='bbox 705 2338 733 2365; x_wconf 92' lang='lat' dir='ltr'><strong>in</strong></span> <span class='ocrx_word' id='word_1_783' title='bbox 749 2338 817 2365; x_wconf 88' lang='lat' dir='ltr'><strong>alios</strong></span> <span class='ocrx_word' id='word_1_784' title='bbox 839 2337 974 2372; x_wconf 89' lang='lat' dir='ltr'><strong>quispiam</strong></span> 
     </span>
    </p>
   </div>
   <div class='ocr_carea' id='block_1_97' title="bbox 191 2383 975 2420">
    <p class='ocr_par' dir='ltr' id='par_1_97' title="bbox 191 2383 975 2420">
     <span class='ocr_line' id='line_1_97' title="bbox 191 2383 975 2420; baseline -0.004 -8"><span class='ocrx_word' id='word_1_785' title='bbox 191 2384 310 2420; x_wconf 79' lang='lat' dir='ltr'><strong>profert,</strong></span> <span class='ocrx_word' id='word_1_786' title='bbox 327 2385 442 2420; x_wconf 86' lang='lat' dir='ltr'><strong>idipsum</strong></span> <span class='ocrx_word' id='word_1_787' title='bbox 456 2385 484 2413; x_wconf 94' lang='lat' dir='ltr'><strong>in</strong></span> <span class='ocrx_word' id='word_1_788' title='bbox 497 2393 558 2413; x_wconf 82' lang='lat' dir='ltr'><strong>sese</strong></span> <span class='ocrx_word' id='word_1_789' title='bbox 571 2385 688 2420; x_wconf 75' lang='lat' dir='ltr'><strong>dirigat,</strong></span> <span class='ocrx_word' id='word_1_790' title='bbox 701 2391 784 2419; x_wconf 87' lang='lat' dir='ltr'><strong>seque</strong></span> <span class='ocrx_word' id='word_1_791' title='bbox 798 2384 857 2419; x_wconf 85' lang='lat' dir='ltr'><strong>ipse</strong></span> <span class='ocrx_word' id='word_1_792' title='bbox 871 2383 975 2411; x_wconf 78' lang='lat' dir='ltr'><strong>exarui-</strong></span> 
     </span>
    </p>
   </div>
   <div class='ocr_carea' id='block_1_98' title="bbox 191 2428 975 2466">
    <p class='ocr_par' dir='ltr' id='par_1_98' title="bbox 191 2428 975 2466">
     <span class='ocr_line' id='line_1_98' title="bbox 191 2428 975 2466; baseline -0.004 -8"><span class='ocrx_word' id='word_1_793' title='bbox 191 2434 237 2458; x_wconf 88' lang='lat' dir='ltr'><strong>net</strong></span> <span class='ocrx_word' id='word_1_794' title='bbox 250 2440 256 2458; x_wconf 89' lang='lat'><strong>:</strong></span> <span class='ocrx_word' id='word_1_795' title='bbox 268 2431 470 2466; x_wconf 85' lang='lat' dir='ltr'><strong>corripiatque,</strong></span> <span class='ocrx_word' id='word_1_796' title='bbox 489 2431 513 2459; x_wconf 87' lang='lat' dir='ltr'><strong>si</strong></span> <span class='ocrx_word' id='word_1_797' title='bbox 537 2430 685 2458; x_wconf 82' lang='lat' dir='ltr'><strong>excesserit</strong></span> <span class='ocrx_word' id='word_1_798' title='bbox 701 2431 741 2457; x_wconf 88' lang='lat' dir='ltr'><strong>ira</strong></span> <span class='ocrx_word' id='word_1_799' title='bbox 758 2439 765 2456; x_wconf 86' lang='lat'>:</span> <span class='ocrx_word' id='word_1_800' title='bbox 789 2429 932 2462; x_wconf 85' lang='lat' dir='ltr'><strong>cohibeat,</strong></span> <span class='ocrx_word' id='word_1_801' title='bbox 951 2428 975 2455; x_wconf 89' lang='lat' dir='ltr'><strong>si</strong></span> 
     </span>
    </p>
   </div>
   <div class='ocr_carea' id='block_1_99' title="bbox 189 2474 975 2512">
    <p class='ocr_par' dir='ltr' id='par_1_99' title="bbox 189 2474 975 2512">
     <span class='ocr_line' id='line_1_99' title="bbox 189 2474 975 2512; baseline -0.003 -9"><span class='ocrx_word' id='word_1_802' title='bbox 189 2477 376 2504; x_wconf 70' lang='lat' dir='ltr'><strong>vehementior</strong></span> <span class='ocrx_word' id='word_1_803' title='bbox 392 2477 473 2505; x_wconf 73' lang='lat' dir='ltr'><strong>fuerit</strong></span> <span class='ocrx_word' id='word_1_804' title='bbox 492 2476 731 2512; x_wconf 85' lang='lat' dir='ltr'><strong>concupiscentia:</strong></span> <span class='ocrx_word' id='word_1_805' title='bbox 745 2476 858 2507; x_wconf 84' lang='lat' dir='ltr'><strong>excitet,</strong></span> <span class='ocrx_word' id='word_1_806' title='bbox 875 2474 897 2502; x_wconf 89' lang='lat' dir='ltr'><strong>si</strong></span> <span class='ocrx_word' id='word_1_807' title='bbox 910 2474 975 2502; x_wconf 92' lang='lat' dir='ltr'><strong>dor-</strong></span> 
     </span>
    </p>
   </div>
   <div class='ocr_carea' id='block_1_100' title="bbox 190 2522 974 2560">
    <p class='ocr_par' dir='ltr' id='par_1_100' title="bbox 190 2522 974 2560">
     <span class='ocr_line' id='line_1_100' title="bbox 190 2522 974 2560; baseline 0.005 -10"><span class='ocrx_word' id='word_1_808' title='bbox 190 2523 281 2550; x_wconf 89' lang='lat' dir='ltr'><strong>micrit</strong></span> <span class='ocrx_word' id='word_1_809' title='bbox 307 2524 348 2552; x_wconf 85' lang='lat' dir='ltr'><strong>vis</strong></span> <span class='ocrx_word' id='word_1_810' title='bbox 376 2524 513 2552; x_wconf 89' lang='lat' dir='ltr'><strong>ratiocinii</strong></span> <span class='ocrx_word' id='word_1_811' title='bbox 531 2534 538 2552; x_wconf 86' lang='lat'><strong>:</strong></span> <span class='ocrx_word' id='word_1_812' title='bbox 557 2534 566 2550; x_wconf 76' lang='grc' dir='ltr'><strong>ι</strong></span> <span class='ocrx_word' id='word_1_813' title='bbox 584 2525 742 2560; x_wconf 85' lang='lat' dir='ltr'><strong>Quousque,</strong></span> <span class='ocrx_word' id='word_1_814' title='bbox 766 2524 842 2551; x_wconf 75' lang='lat' dir='ltr'><strong>aiens</strong></span> <span class='ocrx_word' id='word_1_815' title='bbox 855 2543 861 2554; x_wconf 78' lang='grc' dir='ltr'><strong>ι</strong></span> <span class='ocrx_word' id='word_1_816' title='bbox 889 2522 974 2557; x_wconf 64' lang='lat' dir='ltr'><strong>Piger.</strong></span> 
     </span>
    </p>
   </div>
   <div class='ocr_carea' id='block_1_101' title="bbox 188 2568 976 2607">
    <p class='ocr_par' dir='ltr' id='par_1_101' title="bbox 188 2568 976 2607">
     <span class='ocr_line' id='line_1_101' title="bbox 188 2568 976 2607; baseline -0.001 -11"><span class='ocrx_word' id='word_1_817' title='bbox 188 2569 300 2604; x_wconf 79' lang='lat' dir='ltr'><strong>jaces’?</strong></span> <span class='ocrx_word' id='word_1_818' title='bbox 313 2581 322 2596; x_wconf 77' lang='grc' dir='ltr'><strong>ι</strong></span> <span class='ocrx_word' id='word_1_819' title='bbox 334 2570 372 2598; x_wconf 90' lang='lat' dir='ltr'><strong>Ita</strong></span> <span class='ocrx_word' id='word_1_820' title='bbox 387 2572 457 2599; x_wconf 90' lang='lat' dir='ltr'><strong>enim</strong></span> <span class='ocrx_word' id='word_1_821' title='bbox 476 2579 506 2599; x_wconf 87' lang='lat' dir='ltr'><strong>se</strong></span> <span class='ocrx_word' id='word_1_822' title='bbox 517 2571 590 2606; x_wconf 88' lang='lat' dir='ltr'><strong>juste</strong></span> <span class='ocrx_word' id='word_1_823' title='bbox 604 2579 710 2607; x_wconf 83' lang='lat' dir='ltr'><strong>gerens,</strong></span> <span class='ocrx_word' id='word_1_824' title='bbox 726 2574 922 2604; x_wconf 79' lang='lat' dir='ltr'><strong>acwsatorque</strong></span> <span class='ocrx_word' id='word_1_825' title='bbox 934 2568 976 2596; x_wconf 88' lang='lat' dir='ltr'><strong>sui</strong></span> 
     </span>
    </p>
   </div>
   <div class='ocr_carea' id='block_1_102' title="bbox 192 2615 976 2654">
    <p class='ocr_par' dir='ltr' id='par_1_102' title="bbox 192 2615 976 2654">
     <span class='ocr_line' id='line_1_102' title="bbox 192 2615 976 2654; baseline -0.001 -12"><span class='ocrx_word' id='word_1_826' title='bbox 192 2615 295 2650; x_wconf 83' lang='lat' dir='ltr'><strong>factus,</strong></span> <span class='ocrx_word' id='word_1_827' title='bbox 307 2621 412 2644; x_wconf 86' lang='lat' dir='ltr'><strong>rectum</strong></span> <span class='ocrx_word' id='word_1_828' title='bbox 424 2617 557 2652; x_wconf 90' lang='lat' dir='ltr'><strong>judicium</strong></span> <span class='ocrx_word' id='word_1_829' title='bbox 571 2618 650 2653; x_wconf 73' lang='lat'><strong>120</strong></span> <span class='ocrx_word' id='word_1_830' title='bbox 668 2617 791 2654; x_wconf 78' lang='lat' dir='ltr'><strong>proferre</strong></span> <span class='ocrx_word' id='word_1_831' title='bbox 802 2616 888 2643; x_wconf 83' lang='lat' dir='ltr'><strong>discet</strong></span> <span class='ocrx_word' id='word_1_832' title='bbox 899 2635 906 2647; x_wconf 85' lang='lat'><strong>,</strong></span> <span class='ocrx_word' id='word_1_833' title='bbox 925 2621 976 2641; x_wconf 87' lang='lat' dir='ltr'><strong>nec</strong></span> 
     </span>
    </p>
   </div>
   <div class='ocr_carea' id='block_1_103' title="bbox 191 2660 976 2698">
    <p class='ocr_par' dir='ltr' id='par_1_103' title="bbox 191 2660 976 2698">
     <span class='ocr_line' id='line_1_103' title="bbox 191 2660 976 2698; baseline -0.003 -9"><span class='ocrx_word' id='word_1_834' title='bbox 191 2663 283 2690; x_wconf 80' lang='lat' dir='ltr'><strong>audiet</strong></span> <span class='ocrx_word' id='word_1_835' title='bbox 296 2663 330 2689; x_wconf 89' lang='lat' dir='ltr'><strong>ab</strong></span> <span class='ocrx_word' id='word_1_836' title='bbox 341 2663 394 2690; x_wconf 84' lang='lat' dir='ltr'><strong>alio</strong></span> <span class='ocrx_word' id='word_1_837' title='bbox 408 2671 414 2689; x_wconf 89' lang='lat'>:</span> <span class='ocrx_word' id='word_1_838' title='bbox 428 2673 437 2689; x_wconf 87' lang='grc'><strong>‹</strong></span> <span class='ocrx_word' id='word_1_839' title='bbox 454 2663 505 2697; x_wconf 89' lang='lat' dir='ltr'><strong>Qui</strong></span> <span class='ocrx_word' id='word_1_840' title='bbox 517 2663 598 2691; x_wconf 90' lang='lat' dir='ltr'><strong>alium</strong></span> <span class='ocrx_word' id='word_1_841' title='bbox 610 2664 702 2695; x_wconf 86' lang='lat' dir='ltr'><strong>doces.</strong></span> <span class='ocrx_word' id='word_1_842' title='bbox 725 2663 842 2698; x_wconf 89' lang='lat' dir='ltr'><strong>teipsum</strong></span> <span class='ocrx_word' id='word_1_843' title='bbox 856 2668 909 2688; x_wconf 91' lang='lat' dir='ltr'><strong>non</strong></span> <span class='ocrx_word' id='word_1_844' title='bbox 925 2660 976 2687; x_wconf 91' lang='lat' dir='ltr'><strong>do-</strong></span> 
     </span>
    </p>
   </div>
   <div class='ocr_carea' id='block_1_104' title="bbox 191 2707 977 2744">
    <p class='ocr_par' dir='ltr' id='par_1_104' title="bbox 191 2707 977 2744">
     <span class='ocr_line' id='line_1_104' title="bbox 191 2707 977 2744; baseline 0.008 -9"><span class='ocrx_word' id='word_1_845' title='bbox 191 2715 237 2736; x_wconf 86' lang='lat' dir='ltr'><strong>ces</strong></span> <span class='ocrx_word' id='word_1_846' title='bbox 244 2708 255 2735; x_wconf 81' lang='lat'><strong>?</strong></span> <span class='ocrx_word' id='word_1_847' title='bbox 263 2708 313 2742; x_wconf 89' lang='lat' dir='ltr'><strong>Qui</strong></span> <span class='ocrx_word' id='word_1_848' title='bbox 325 2710 376 2741; x_wconf 79' lang='lat' dir='ltr'><strong>ais.</strong></span> <span class='ocrx_word' id='word_1_849' title='bbox 385 2709 444 2738; x_wconf 87' lang='lat' dir='ltr'><strong>Non</strong></span> <span class='ocrx_word' id='word_1_850' title='bbox 452 2710 643 2744; x_wconf 68' lang='lat' dir='ltr'><strong>maechaberis,</strong></span> <span class='ocrx_word' id='word_1_851' title='bbox 652 2710 799 2739; x_wconf 71' lang='lat' dir='ltr'><strong>moscharis</strong></span> <span class='ocrx_word' id='word_1_852' title='bbox 812 2709 833 2724; x_wconf 78' lang='grc'><strong>¹⁰</strong></span> <span class='ocrx_word' id='word_1_853' title='bbox 839 2708 865 2734; x_wconf 72' lang='grc' dir='ltr'>Ῡι</span> <span class='ocrx_word' id='word_1_854' title='bbox 876 2707 977 2740; x_wconf 70' lang='lat' dir='ltr'><strong>Quem-</strong></span> 
     </span>
    </p>
   </div>
   <div class='ocr_carea' id='block_1_105' title="bbox 226 2781 1640 2836">
    <p class='ocr_par' dir='ltr' id='par_1_105' title="bbox 226 2781 1640 2836">
     <span class='ocr_line' id='line_1_105' title="bbox 226 2781 1640 2836; baseline 0.001 -8"><span class='ocrx_word' id='word_1_855' title='bbox 226 2803 236 2817; x_wconf 81' lang='grc'><strong><em>²</em></strong></span> <span class='ocrx_word' id='word_1_856' title='bbox 255 2801 334 2831; x_wconf 87' lang='lat' dir='ltr'><strong>Prov.</strong></span> <span class='ocrx_word' id='word_1_857' title='bbox 350 2813 384 2836; x_wconf 84' lang='lat' dir='ltr'><strong>x,</strong></span> <span class='ocrx_word' id='word_1_858' title='bbox 401 2805 428 2832; x_wconf 85' lang='lat'><strong>5.</strong></span> <span class='ocrx_word' id='word_1_859' title='bbox 466 2805 476 2820; x_wconf 86' lang='grc'>³</span> <span class='ocrx_word' id='word_1_860' title='bbox 494 2804 574 2832; x_wconf 82' lang='lat' dir='ltr'><strong>Prov.</strong></span> <span class='ocrx_word' id='word_1_861' title='bbox 598 2811 683 2834; x_wconf 78' lang='lat' dir='ltr'><strong>xxv&quot;.</strong></span> <span class='ocrx_word' id='word_1_862' title='bbox 706 2804 752 2832; x_wconf 75' lang='lat'><strong>25.</strong></span> <span class='ocrx_word' id='word_1_863' title='bbox 805 2803 816 2819; x_wconf 71' lang='grc'>⁸</span> <span class='ocrx_word' id='word_1_864' title='bbox 833 2781 913 2830; x_wconf 80' lang='lat' dir='ltr'><strong>Prov.</strong></span> <span class='ocrx_word' id='word_1_865' title='bbox 930 2810 1013 2834; x_wconf 77' lang='lat' dir='ltr'><strong>mu,</strong></span> <span class='ocrx_word' id='word_1_866' title='bbox 1030 2803 1055 2829; x_wconf 76' lang='grc' dir='ltr'>Ι.</span> <span class='ocrx_word' id='word_1_867' title='bbox 1109 2803 1120 2818; x_wconf 85' lang='grc'><strong><em>⁸</em></strong></span> <span class='ocrx_word' id='word_1_868' title='bbox 1137 2801 1217 2829; x_wconf 86' lang='lat' dir='ltr'><strong>Prov.</strong></span> <span class='ocrx_word' id='word_1_869' title='bbox 1237 2809 1284 2831; x_wconf 79' lang='lat' dir='ltr'><strong>III,</strong></span> <span class='ocrx_word' id='word_1_870' title='bbox 1299 2802 1326 2829; x_wconf 90' lang='lat'><strong>9.</strong></span> <span class='ocrx_word' id='word_1_871' title='bbox 1375 2803 1385 2818; x_wconf 86' lang='grc'>⁶</span> <span class='ocrx_word' id='word_1_872' title='bbox 1405 2802 1482 2831; x_wconf 83' lang='lat' dir='ltr'><strong>Prov.</strong></span> <span class='ocrx_word' id='word_1_873' title='bbox 1503 2810 1578 2836; x_wconf 71' lang='lat' dir='ltr'><strong>xxxv,</strong></span> <span class='ocrx_word' id='word_1_874' title='bbox 1596 2802 1640 2830; x_wconf 76' lang='lat'><strong>2|.</strong></span> 
     </span>
    </p>
   </div>
   <div class='ocr_carea' id='block_1_106' title="bbox 384 2836 1297 2874">
    <p class='ocr_par' dir='ltr' id='par_1_106' title="bbox 384 2836 1297 2874">
     <span class='ocr_line' id='line_1_106' title="bbox 384 2836 1297 2874; baseline -0.004 -8"><span class='ocrx_word' id='word_1_875' title='bbox 384 2840 395 2855; x_wconf 83' lang='lat'>&#39;</span> <span class='ocrx_word' id='word_1_876' title='bbox 414 2839 495 2868; x_wconf 87' lang='lat' dir='ltr'><strong>Prov.</strong></span> <span class='ocrx_word' id='word_1_877' title='bbox 512 2848 587 2873; x_wconf 76' lang='lat' dir='ltr'><strong>ulv,</strong></span> <span class='ocrx_word' id='word_1_878' title='bbox 609 2839 705 2867; x_wconf 71' lang='lat'><strong>25-25.</strong></span> <span class='ocrx_word' id='word_1_879' title='bbox 743 2841 754 2856; x_wconf 83' lang='grc'><strong><em>⁹</em></strong></span> <span class='ocrx_word' id='word_1_880' title='bbox 773 2839 852 2867; x_wconf 83' lang='lat' dir='ltr'><strong>Prov.</strong></span> <span class='ocrx_word' id='word_1_881' title='bbox 870 2847 912 2874; x_wconf 75' lang='grc' dir='ltr'>γι,</span> <span class='ocrx_word' id='word_1_882' title='bbox 929 2838 954 2866; x_wconf 87' lang='lat'><strong>9.</strong></span> <span class='ocrx_word' id='word_1_883' title='bbox 994 2837 1015 2854; x_wconf 86' lang='grc'><strong>¹⁰</strong></span> <span class='ocrx_word' id='word_1_884' title='bbox 1034 2836 1112 2866; x_wconf 79' lang='lat' dir='ltr'><strong>Rom.</strong></span> <span class='ocrx_word' id='word_1_885' title='bbox 1130 2845 1170 2870; x_wconf 85' lang='grc' dir='ltr'><strong>ιι,</strong></span> <span class='ocrx_word' id='word_1_886' title='bbox 1186 2836 1217 2864; x_wconf 63' lang='lat' dir='ltr'><strong>ﬁt</strong></span> <span class='ocrx_word' id='word_1_887' title='bbox 1229 2856 1237 2870; x_wconf 93' lang='lat'><strong>,</strong></span> <span class='ocrx_word' id='word_1_888' title='bbox 1253 2836 1297 2863; x_wconf 69' lang='lat'><strong>22.</strong></span> 
     </span>
    </p>
   </div>
   <div class='ocr_carea' id='block_1_107' title="bbox 193 2838 327 2870">
    <p class='ocr_par' dir='ltr' id='par_1_107' title="bbox 193 2838 327 2870">
     <span class='ocr_line' id='line_1_107' title="bbox 193 2838 327 2870; baseline 0.015 -8"><span class='ocrx_word' id='word_1_889' title='bbox 193 2843 248 2864; x_wconf 75' lang='lat' dir='ltr'><strong>un</strong></span> <span class='ocrx_word' id='word_1_890' title='bbox 258 2857 265 2870; x_wconf 93' lang='lat'><strong>,</strong></span> <span class='ocrx_word' id='word_1_891' title='bbox 283 2838 327 2866; x_wconf 73' lang='grc'><strong>24.</strong></span> 
     </span>
    </p>
   </div>
   <div class='ocr_carea' id='block_1_108' title="bbox 1024 2243 1810 2282">
    <p class='ocr_par' dir='ltr' id='par_1_108' title="bbox 1024 2243 1810 2282">
     <span class='ocr_line' id='line_1_108' title="bbox 1024 2243 1810 2282; baseline 0.001 -12"><span class='ocrx_word' id='word_1_892' title='bbox 1024 2243 1177 2275; x_wconf 86' lang='grc' dir='ltr'>διδάσκεις;</span> <span class='ocrx_word' id='word_1_893' title='bbox 1201 2243 1348 2281; x_wconf 33' lang='grc' dir='ltr'>’0.λέγων,</span> <span class='ocrx_word' id='word_1_894' title='bbox 1361 2244 1405 2279; x_wconf 85' lang='grc' dir='ltr'><strong>Μὴ</strong></span> <span class='ocrx_word' id='word_1_895' title='bbox 1434 2244 1597 2282; x_wconf 79' lang='grc' dir='ltr'>μοιχεύσῃς,</span> <span class='ocrx_word' id='word_1_896' title='bbox 1623 2244 1777 2280; x_wconf 76' lang='grc' dir='ltr'>μοιχεύειςς</span> <span class='ocrx_word' id='word_1_897' title='bbox 1799 2254 1810 2271; x_wconf 73' lang='grc' dir='ltr'><strong>ι</strong></span> 
     </span>
    </p>
   </div>
   <div class='ocr_carea' id='block_1_109' title="bbox 1024 2288 1813 2327">
    <p class='ocr_par' dir='ltr' id='par_1_109' title="bbox 1024 2288 1813 2327">
     <span class='ocr_line' id='line_1_109' title="bbox 1024 2288 1813 2327; baseline 0.003 -12"><span class='ocrx_word' id='word_1_898' title='bbox 1024 2288 1118 2325; x_wconf 84' lang='grc' dir='ltr'>ὥσπερ</span> <span class='ocrx_word' id='word_1_899' title='bbox 1133 2289 1186 2326; x_wconf 85' lang='grc' dir='ltr'><strong>γὰρ</strong></span> <span class='ocrx_word' id='word_1_900' title='bbox 1200 2290 1214 2316; x_wconf 83' lang='grc' dir='ltr'>ὁ</span> <span class='ocrx_word' id='word_1_901' title='bbox 1232 2288 1331 2315; x_wconf 75' lang='grc' dir='ltr'>ὁδεύων</span> <span class='ocrx_word' id='word_1_902' title='bbox 1343 2289 1390 2316; x_wconf 76' lang='grc' dir='ltr'><strong>καὶ</strong></span> <span class='ocrx_word' id='word_1_903' title='bbox 1407 2290 1578 2317; x_wconf 80' lang='grc' dir='ltr'>κατευθύνων</span> <span class='ocrx_word' id='word_1_904' title='bbox 1594 2291 1643 2327; x_wconf 82' lang='grc' dir='ltr'>τὴν</span> <span class='ocrx_word' id='word_1_905' title='bbox 1660 2291 1727 2321; x_wconf 75' lang='grc' dir='ltr'>ὁδὸν,</span> <span class='ocrx_word' id='word_1_906' title='bbox 1743 2290 1813 2325; x_wconf 69' lang='grc' dir='ltr'>φθά-</span> 
     </span>
    </p>
   </div>
   <div class='ocr_carea' id='block_1_110' title="bbox 1025 2334 1812 2372">
    <p class='ocr_par' dir='ltr' id='par_1_110' title="bbox 1025 2334 1812 2372">
     <span class='ocr_line' id='line_1_110' title="bbox 1025 2334 1812 2372; baseline 0.003 -11"><span class='ocrx_word' id='word_1_907' title='bbox 1025 2344 1065 2362; x_wconf 86' lang='grc' dir='ltr'><strong>νει</strong></span> <span class='ocrx_word' id='word_1_908' title='bbox 1087 2336 1125 2366; x_wconf 83' lang='grc' dir='ltr'>εἰς</span> <span class='ocrx_word' id='word_1_909' title='bbox 1144 2335 1174 2361; x_wconf 82' lang='grc' dir='ltr'>τὸ</span> <span class='ocrx_word' id='word_1_910' title='bbox 1197 2334 1288 2366; x_wconf 84' lang='grc' dir='ltr'>τέλος·</span> <span class='ocrx_word' id='word_1_911' title='bbox 1309 2334 1394 2367; x_wconf 73' lang='grc' dir='ltr'>οὕτως</span> <span class='ocrx_word' id='word_1_912' title='bbox 1408 2336 1422 2361; x_wconf 88' lang='grc' dir='ltr'>ὁ</span> <span class='ocrx_word' id='word_1_913' title='bbox 1439 2336 1609 2363; x_wconf 85' lang='grc' dir='ltr'>κατευθύνων</span> <span class='ocrx_word' id='word_1_914' title='bbox 1630 2337 1750 2372; x_wconf 87' lang='grc' dir='ltr'>κρίματα</span> <span class='ocrx_word' id='word_1_915' title='bbox 1771 2336 1812 2362; x_wconf 89' lang='grc' dir='ltr'>δί-</span> 
     </span>
    </p>
   </div>
   <div class='ocr_carea' id='block_1_111' title="bbox 1027 2381 1813 2418">
    <p class='ocr_par' dir='ltr' id='par_1_111' title="bbox 1027 2381 1813 2418">
     <span class='ocr_line' id='line_1_111' title="bbox 1027 2381 1813 2418; baseline 0 -10"><span class='ocrx_word' id='word_1_916' title='bbox 1027 2389 1102 2413; x_wconf 85' lang='grc' dir='ltr'>καιος</span> <span class='ocrx_word' id='word_1_917' title='bbox 1116 2381 1300 2416; x_wconf 78' lang='grc' dir='ltr'>γνωσθήσεται</span> <span class='ocrx_word' id='word_1_918' title='bbox 1315 2382 1360 2407; x_wconf 83' lang='grc' dir='ltr'>καὶ</span> <span class='ocrx_word' id='word_1_919' title='bbox 1376 2381 1465 2415; x_wconf 82' lang='grc' dir='ltr'>σοφός.</span> <span class='ocrx_word' id='word_1_920' title='bbox 1480 2382 1636 2418; x_wconf 75' lang='grc' dir='ltr'>Παραϐολαὶ</span> <span class='ocrx_word' id='word_1_921' title='bbox 1648 2382 1675 2408; x_wconf 85' lang='grc' dir='ltr'>δὲ</span> <span class='ocrx_word' id='word_1_922' title='bbox 1689 2382 1813 2416; x_wconf 82' lang='grc' dir='ltr'>λέγονται</span> 
     </span>
    </p>
   </div>
   <div class='ocr_carea' id='block_1_112' title="bbox 1027 2427 1813 2464">
    <p class='ocr_par' dir='ltr' id='par_1_112' title="bbox 1027 2427 1813 2464">
     <span class='ocr_line' id='line_1_112' title="bbox 1027 2427 1813 2464; baseline 0 -10"><span class='ocrx_word' id='word_1_923' title='bbox 1027 2428 1111 2462; x_wconf 84' lang='grc' dir='ltr'>λόγοι,</span> <span class='ocrx_word' id='word_1_924' title='bbox 1125 2427 1220 2464; x_wconf 83' lang='grc' dir='ltr'>ὥσπερ</span> <span class='ocrx_word' id='word_1_925' title='bbox 1231 2429 1334 2460; x_wconf 73' lang='grc' dir='ltr'>εἰκόνες</span> <span class='ocrx_word' id='word_1_926' title='bbox 1347 2428 1401 2456; x_wconf 85' lang='grc' dir='ltr'>τῶν</span> <span class='ocrx_word' id='word_1_927' title='bbox 1413 2428 1575 2464; x_wconf 81' lang='grc' dir='ltr'>λεγομένων.</span> <span class='ocrx_word' id='word_1_928' title='bbox 1597 2429 1640 2462; x_wconf 84' lang='grc' dir='ltr'><strong>Ἐξ</strong></span> <span class='ocrx_word' id='word_1_929' title='bbox 1655 2428 1743 2461; x_wconf 76' lang='grc' dir='ltr'>αὐτῶν</span> <span class='ocrx_word' id='word_1_930' title='bbox 1757 2428 1813 2464; x_wconf 81' lang='grc' dir='ltr'><strong>γὰρ</strong></span> 
     </span>
    </p>
   </div>
   <div class='ocr_carea' id='block_1_113' title="bbox 1027 2473 1814 2510">
    <p class='ocr_par' dir='ltr' id='par_1_113' title="bbox 1027 2473 1814 2510">
     <span class='ocr_line' id='line_1_113' title="bbox 1027 2473 1814 2510; baseline -0.001 -9"><span class='ocrx_word' id='word_1_931' title='bbox 1027 2473 1070 2501; x_wconf 80' lang='grc' dir='ltr'><strong>διὰ</strong></span> <span class='ocrx_word' id='word_1_932' title='bbox 1081 2473 1128 2509; x_wconf 79' lang='grc' dir='ltr'>τὴν</span> <span class='ocrx_word' id='word_1_933' title='bbox 1136 2474 1280 2510; x_wconf 76' lang='grc' dir='ltr'>ὁμοιότητα</span> <span class='ocrx_word' id='word_1_934' title='bbox 1287 2474 1467 2509; x_wconf 85' lang='grc' dir='ltr'>τὸλεγόμενον</span> <span class='ocrx_word' id='word_1_935' title='bbox 1478 2474 1579 2501; x_wconf 87' lang='grc' dir='ltr'>καταλα</span> <span class='ocrx_word' id='word_1_936' title='bbox 1584 2475 1721 2510; x_wconf 72' lang='grc' dir='ltr'>μϐάνεται.</span> <span class='ocrx_word' id='word_1_937' title='bbox 1735 2473 1814 2500; x_wconf 76' lang='grc' dir='ltr'>Οὕτω</span> 
     </span>
    </p>
   </div>
   <div class='ocr_carea' id='block_1_114' title="bbox 1028 2520 1814 2556">
    <p class='ocr_par' dir='ltr' id='par_1_114' title="bbox 1028 2520 1814 2556">
     <span class='ocr_line' id='line_1_114' title="bbox 1028 2520 1814 2556; baseline -0.001 -10"><span class='ocrx_word' id='word_1_938' title='bbox 1028 2520 1082 2556; x_wconf 75' lang='grc' dir='ltr'><strong>γὰρ</strong></span> <span class='ocrx_word' id='word_1_939' title='bbox 1098 2522 1112 2546; x_wconf 83' lang='grc' dir='ltr'>ὁ</span> <span class='ocrx_word' id='word_1_940' title='bbox 1135 2520 1235 2556; x_wconf 77' lang='grc' dir='ltr'>Κύριος</span> <span class='ocrx_word' id='word_1_941' title='bbox 1259 2521 1364 2555; x_wconf 77' lang='grc' dir='ltr'>ἔλεγεν,</span> <span class='ocrx_word' id='word_1_942' title='bbox 1386 2521 1424 2553; x_wconf 82' lang='grc' dir='ltr'>ὡς</span> <span class='ocrx_word' id='word_1_943' title='bbox 1446 2522 1460 2547; x_wconf 85' lang='grc' dir='ltr'><strong>ὀ</strong></span> <span class='ocrx_word' id='word_1_944' title='bbox 1483 2521 1595 2556; x_wconf 80' lang='grc' dir='ltr'>Μάρκος</span> <span class='ocrx_word' id='word_1_945' title='bbox 1611 2521 1694 2556; x_wconf 80' lang='grc' dir='ltr'>φησί·</span> <span class='ocrx_word' id='word_1_946' title='bbox 1722 2529 1731 2545; x_wconf 81' lang='grc' dir='ltr'><strong>ι</strong></span> <span class='ocrx_word' id='word_1_947' title='bbox 1755 2520 1814 2546; x_wconf 73' lang='grc' dir='ltr'>Τίνι</span> 
     </span>
    </p>
   </div>
   <div class='ocr_carea' id='block_1_115' title="bbox 1029 2565 1814 2602">
    <p class='ocr_par' dir='ltr' id='par_1_115' title="bbox 1029 2565 1814 2602">
     <span class='ocr_line' id='line_1_115' title="bbox 1029 2565 1814 2602; baseline -0.001 -10"><span class='ocrx_word' id='word_1_948' title='bbox 1029 2565 1154 2601; x_wconf 77' lang='grc' dir='ltr'>ὁμοιώσω</span> <span class='ocrx_word' id='word_1_949' title='bbox 1166 2566 1214 2602; x_wconf 75' lang='grc' dir='ltr'>τὴν</span> <span class='ocrx_word' id='word_1_950' title='bbox 1228 2566 1364 2601; x_wconf 69' lang='grc' dir='ltr'>βασιλείαν</span> <span class='ocrx_word' id='word_1_951' title='bbox 1377 2566 1422 2593; x_wconf 84' lang='grc' dir='ltr'><strong>τοῦ</strong></span> <span class='ocrx_word' id='word_1_952' title='bbox 1438 2566 1522 2599; x_wconf 83' lang='grc' dir='ltr'>Θεοῦ;</span> <span class='ocrx_word' id='word_1_953' title='bbox 1536 2567 1551 2601; x_wconf 85' lang='grc' dir='ltr'><strong>ἢ</strong></span> <span class='ocrx_word' id='word_1_954' title='bbox 1565 2567 1592 2592; x_wconf 76' lang='grc' dir='ltr'>ἐν</span> <span class='ocrx_word' id='word_1_955' title='bbox 1610 2566 1673 2601; x_wconf 71' lang='grc' dir='ltr'>ποίᾳ</span> <span class='ocrx_word' id='word_1_956' title='bbox 1691 2565 1814 2601; x_wconf 76' lang='grc' dir='ltr'>παραϐο-</span> 
     </span>
    </p>
   </div>
   <div class='ocr_carea' id='block_1_116' title="bbox 1029 2612 1814 2649">
    <p class='ocr_par' dir='ltr' id='par_1_116' title="bbox 1029 2612 1814 2649">
     <span class='ocr_line' id='line_1_116' title="bbox 1029 2612 1814 2649; baseline -0.001 -10"><span class='ocrx_word' id='word_1_957' title='bbox 1029 2613 1062 2649; x_wconf 83' lang='grc' dir='ltr'>λῇ</span> <span class='ocrx_word' id='word_1_958' title='bbox 1079 2613 1279 2648; x_wconf 75' lang='grc' dir='ltr'>παραϐάλωμαι</span> <span class='ocrx_word' id='word_1_959' title='bbox 1301 2614 1404 2649; x_wconf 76' lang='grc' dir='ltr'>αὐτήν;</span> <span class='ocrx_word' id='word_1_960' title='bbox 1427 2623 1436 2640; x_wconf 68' lang='grc' dir='ltr'><strong>ι</strong></span> <span class='ocrx_word' id='word_1_961' title='bbox 1461 2613 1498 2646; x_wconf 84' lang='grc' dir='ltr'>ὡς</span> <span class='ocrx_word' id='word_1_962' title='bbox 1517 2613 1571 2639; x_wconf 81' lang='grc' dir='ltr'>τῶν</span> <span class='ocrx_word' id='word_1_963' title='bbox 1593 2612 1662 2639; x_wconf 80' lang='grc' dir='ltr'>κατὰ</span> <span class='ocrx_word' id='word_1_964' title='bbox 1685 2613 1814 2647; x_wconf 77' lang='grc' dir='ltr'>ὁμοίωσιν</span> 
     </span>
    </p>
   </div>
   <div class='ocr_carea' id='block_1_117' title="bbox 1030 2658 1814 2695">
    <p class='ocr_par' dir='ltr' id='par_1_117' title="bbox 1030 2658 1814 2695">
     <span class='ocr_line' id='line_1_117' title="bbox 1030 2658 1814 2695; baseline -0.001 -10"><span class='ocrx_word' id='word_1_965' title='bbox 1030 2659 1182 2693; x_wconf 77' lang='grc' dir='ltr'>λεγομένων</span> <span class='ocrx_word' id='word_1_966' title='bbox 1198 2659 1354 2694; x_wconf 80' lang='grc' dir='ltr'>παραϐολῆς</span> <span class='ocrx_word' id='word_1_967' title='bbox 1368 2659 1460 2695; x_wconf 73' lang='grc' dir='ltr'>οὔσης.</span> <span class='ocrx_word' id='word_1_968' title='bbox 1476 2659 1530 2686; x_wconf 75' lang='grc' dir='ltr'><strong>Καὶ</strong></span> <span class='ocrx_word' id='word_1_969' title='bbox 1548 2658 1603 2694; x_wconf 88' lang='grc' dir='ltr'><strong>γὰρ</strong></span> <span class='ocrx_word' id='word_1_970' title='bbox 1617 2658 1717 2692; x_wconf 75' lang='grc' dir='ltr'>λέγων’</span> <span class='ocrx_word' id='word_1_971' title='bbox 1736 2667 1745 2684; x_wconf 72' lang='grc' dir='ltr'><strong>ι</strong></span> <span class='ocrx_word' id='word_1_972' title='bbox 1769 2658 1814 2684; x_wconf 77' lang='grc' dir='ltr'><strong>Ὀ-</strong></span> 
     </span>
    </p>
   </div>
   <div class='ocr_carea' id='block_1_118' title="bbox 1033 2703 1813 2740">
    <p class='ocr_par' dir='ltr' id='par_1_118' title="bbox 1033 2703 1813 2740">
     <span class='ocr_line' id='line_1_118' title="bbox 1033 2703 1813 2740; baseline -0.003 -9"><span class='ocrx_word' id='word_1_973' title='bbox 1033 2705 1095 2740; x_wconf 87' lang='grc' dir='ltr'>μοία</span> <span class='ocrx_word' id='word_1_974' title='bbox 1107 2705 1179 2731; x_wconf 75' lang='grc' dir='ltr'>ἐστὶν</span> <span class='ocrx_word' id='word_1_975' title='bbox 1194 2706 1210 2739; x_wconf 80' lang='grc' dir='ltr'>ἡ</span> <span class='ocrx_word' id='word_1_976' title='bbox 1226 2705 1348 2739; x_wconf 82' lang='grc' dir='ltr'>βασιλεία</span> <span class='ocrx_word' id='word_1_977' title='bbox 1361 2705 1408 2732; x_wconf 86' lang='grc' dir='ltr'><strong>τοῦ</strong></span> <span class='ocrx_word' id='word_1_978' title='bbox 1423 2705 1490 2732; x_wconf 80' lang='grc' dir='ltr'>Θεοῦ</span> <span class='ocrx_word' id='word_1_979' title='bbox 1502 2726 1508 2738; x_wconf 92' lang='grc'><strong>,</strong></span> <span class='ocrx_word' id='word_1_980' title='bbox 1525 2714 1534 2731; x_wconf 73' lang='grc' dir='ltr'><strong>ι</strong></span> <span class='ocrx_word' id='word_1_981' title='bbox 1551 2704 1661 2740; x_wconf 75' lang='grc' dir='ltr'>ὕστερον</span> <span class='ocrx_word' id='word_1_982' title='bbox 1678 2703 1813 2738; x_wconf 77' lang='grc' dir='ltr'>ἐπέφερεο</span> 
     </span>
    </p>
   </div>
   <div class='ocr_carea' id='block_1_119' title="bbox 1699 2800 1813 2829">
    <p class='ocr_par' dir='ltr' id='par_1_119' title="bbox 1699 2800 1813 2829">
     <span class='ocr_line' id='line_1_119' title="bbox 1699 2800 1813 2829; baseline 0 0"><span class='ocrx_word' id='word_1_983' title='bbox 1699 2801 1709 2816; x_wconf 88' lang='grc'><strong>⁷</strong></span> <span class='ocrx_word' id='word_1_984' title='bbox 1729 2800 1813 2829; x_wconf 87' lang='lat' dir='ltr'><strong>Prov.</strong></span> 
     </span>
    </p>
   </div>
  </div>
