1915 3057
125 129 184 157 515

665 125 831 154 SYNOPSIS
848 124 1054 154 SCRIPTUBE
1076 125 1210 154 SACRE.

1699 126 1752 155 556

129 196 140 212 ε
163 185 212 212 Διὰ
223 184 302 212 τοῦτο
318 185 346 212 ὲν
360 184 524 221 παραϐολαῖς
538 184 629 215 αὐτοῖς
649 184 731 210 λαλῶ.
749 193 760 209 ι
779 183 855 210 Εἰσὶν
871 180 917 211 οὖν

969 183 1114 211 admodum
1140 184 1213 212 enim
1239 182 1285 218 qui
1309 182 1363 211 iter
1380 181 1456 223 facit,
1475 182 1498 211 si
1515 187 1591 211 recta
1611 183 1752 219 gradiatur

126 230 253 257 τοιαῦται
274 231 301 257 αἱ
327 229 497 265 παραϐολαί·
525 239 534 255 ι
552 230 656 264 Ὠσπερ
677 228 764 262 ἔξοδος
783 228 869 263 χιόνος
889 229 918 255 ἐν

128 276 228 312 ἀμητῷ
253 276 416 311 κατάκαυμα
440 275 558 310 ὠφελεῖ,
581 273 666 306 οὕτως
682 274 797 308 ἄγγελος
825 275 918 307 πιστὸς

127 323 194 354 τοὺς
217 322 427 354 ἀποστείλαντας
447 321 544 348 αὐτόν·
566 331 575 348 ι
600 321 646 348 καὶ
666 321 760 348 πάλινι
779 330 789 346 ‹
814 321 918 357 Ὠσπερ

128 370 225 404 ἄνεμοι
242 369 288 394 καὶ
300 367 368 403 νέφη
397 367 443 394 καὶ
458 367 539 399 ὑετοὶ,
554 366 639 398 οὕτως
653 367 677 393 oi
689 366 859 401 καυχώμενοι
874 367 919 392 ἐπὶ

128 415 202 442 δόσει
216 414 308 449 ψευδεῖ
318 423 324 429 ·
343 423 352 439 ι
375 414 421 440 καὶ
436 413 470 440 τὰ
484 413 564 449 ὃμοια
577 413 691 445 τούτοις.
715 413 821 448 Ῥήσεις
832 412 860 439 δὲ
876 421 919 439 σο-

130 461 189 495 φῶν
209 461 260 487 εἰσι
275 459 349 494 λόγοι
371 460 401 486 οὺ
427 459 630 495 σεσοφισμένοι,
644 459 703 485 οὐδὲ
719 459 747 485 ὲν
761 458 800 494 τῷ
814 457 919 493 πιθανῷ

128 505 298 537 ἀπατῶντες,
311 503 378 531 ἀλλά
390 504 588 540 ἠκριϐωμένην
604 504 653 540 οὐχ
666 504 704 535 ὼς
719 503 789 530 κατὰ
802 504 919 539 πρόστα-

130 550 172 583 ξιν
187 550 216 577 δὲ
237 550 395 586 λεγόμενοι,
416 550 473 577 ἀλλ’
493 550 530 582 ὡς
551 550 615 585 παρ’
632 549 721 576 αὐτῶν
742 549 918 583 γνωσθέντες,

129 597 179 624 καὶ
197 597 234 627 ὡς
252 596 402 630 ἀποφάσεις
426 596 515 623 αὐτῶν
531 595 756 632 προσφερόμενοι.
771 592 830 622 Oiei
847 596 915 621 εἰσι·

133 652 143 668 ι
162 642 282 677 Καρδίας
302 641 527 677 εὐφραινομένης,
553 643 698 676 πρόσωπον
722 640 828 668 θάλλει·
849 641 877 667 ὲν
890 640 918 667 δὲ

130 688 228 720 λύπαις
242 687 325 723 οὔσης
336 708 343 720 ,
364 687 570 723 σκυθρωπάζει·
594 697 603 713 ι
620 687 666 714 καὶ
677 707 685 720 ,
704 696 713 712 ι
733 686 837 722 Καρδία
852 686 918 722 ὀρθὴ

130 735 208 770 ζητεῖ
226 735 350 770 αἴσθησιν
362 743 368 749 ·
395 735 481 770 στόμα
494 734 522 761 δὲ
534 734 702 761 ἀπαιδεύτων
723 733 855 768 γνώσεται
873 742 920 760 κα-

130 781 182 807 κέι·
203 790 212 805 ι
227 781 285 812 καὶ,
306 790 314 806 ι
333 780 419 811 Μῖσος
443 779 544 816 ἐγείρει
566 781 670 811 νεῖκος·
690 780 794 811 πάντας
809 779 838 806 δὲ
856 779 919 811 τοὺς

130 826 169 862 μὴ
193 825 409 860 φιλονεικοῦντας
440 825 571 852 καλύπτει
604 825 696 860 φιλία’
716 836 725 851 ι
752 826 818 857 καὶ,
843 834 854 850 ι
872 825 919 856 Ὂς

129 874 293 907 καταφρονεί
302 873 472 908 πράγματος,
485 871 753 907 καταφρονηθήσεται
766 869 812 897 ὑπ’
826 869 917 897 αὐτοῦ·
935 867 956 895 Β

129 918 144 943 ὁ
161 918 188 944 δὲ
203 918 367 953 φοϐούμενος
382 918 490 952 ἐντολὴν
502 938 508 950 ,
530 915 607 949 οὗτος
621 917 746 951 ὑγιαίνει.
767 926 776 942 ι
794 916 854 942 Τῶν
870 915 919 950 μὲν

129 962 184 998 γὰρ
200 963 284 989 ἄλλων
306 963 455 998 ἀνθρώπων
470 964 494 989 οἱ
515 962 587 997 λόγοι
611 963 682 989 κατά
698 961 820 988 πλεῖστον
834 960 920 996 ἀμφί-

129 1008 202 1035 ϐολοι
215 1008 391 1044 τυγχάνουσιν
406 1008 480 1040 ὄντες
490 1017 496 1023 '
513 1009 538 1035 οί
552 1009 579 1035 δὲ
596 1008 649 1034 τῶν
661 1007 760 1042 σοφῶν,
776 1005 827 1034 οἷοί
852 1007 920 1033 εἰσιν

130 1052 213 1086 οὗτοι,
230 1054 337 1090 ἀληθεῖς
350 1056 411 1086 εἰσι,
421 1055 468 1081 καὶ
479 1054 645 1089 πανταχόθεν
657 1053 836 1089 ἡκρίϐωνται,
849 1052 918 1078 ὥστε

132 1099 200 1134 μηδὲ
213 1099 397 1133 ἀντιλέγεσθαι
423 1099 531 1130 αὐτούς.
550 1099 606 1125 Καὶ
620 1099 643 1124 οἱ
659 1098 708 1133 μὲν
725 1096 798 1124 ἄλλοι
814 1096 920 1131 ἄνθρω-

129 1153 177 1172 ποι
192 1146 246 1172 ἀπὸ
256 1146 302 1172 τοῦ
315 1146 407 1178 τέλους
422 1146 471 1181 τῆς
484 1145 606 1181 πράξεως
621 1143 781 1179 γνωρίζουσι
803 1143 833 1169 τὸ
848 1143 920 1178 πρᾶ-

131 1200 206 1227 γμα,
218 1190 288 1219 οἷον·
307 1192 348 1218 ὅτι
372 1192 400 1218 Ὀ
421 1191 511 1222 ἄδικος
531 1190 631 1225 φαῦλόν
649 1191 718 1221 ἐστι,
739 1189 785 1216 καὶ
801 1190 814 1215 ό
828 1187 920 1223 μοιχὸς

129 1238 214 1265 κακόν
224 1246 230 1253 ·
248 1238 323 1264 τοῦτο
337 1238 365 1264 δὲ
380 1238 426 1264 καὶ
441 1237 520 1264 παντί
531 1246 569 1272 τῳ
582 1237 659 1271 δῆλον
673 1235 704 1262 ἂν
721 1234 763 1270 εἴη
772 1243 778 1249 ·
792 1235 816 1260 οἱ
832 1234 860 1260 δὲ
876 1242 920 1260 σο-

130 1284 176 1318 φοὶ
191 1283 240 1314 τὰς
253 1282 338 1318 ἀρχὰς
351 1282 404 1309 τῶν
418 1281 542 1317 πράξεων
563 1280 739 1316 προλέγουσι,
760 1281 805 1306 καὶ
826 1279 919 1315 ὥσπερ

131 1330 253 1366 σύμϐολα
265 1330 318 1356 τῶν
332 1330 381 1365 τῆς
397 1329 484 1365 ψυχῆς
500 1329 657 1364 κινημάτων
681 1327 919 1363 προαπαγγέλλω-

131 1385 172 1402 σιν
184 1385 190 1391 ·
208 1376 239 1402 ἰν*
257 1376 382 1407 ἕκαστος,
403 1374 543 1409 γινώσκων
566 1374 616 1406 τὰς
638 1373 725 1410 ἀρχὰς
739 1373 792 1399 τῶν
813 1371 917 1404 κακῶν,

130 1421 305 1456 φυλάττηται,
320 1417 364 1446 οἷά
376 1421 433 1446 ἐστι
446 1420 480 1446 τὰ
491 1419 677 1456 προειρημένα
695 1427 702 1434 ’
720 1428 729 1444 ι
747 1419 834 1449 Μῖσος
846 1417 917 1452 ἐγείο

132 1477 173 1504 ρει
186 1469 272 1499 νεῖκος
281 1476 288 1482 ·
303 1467 406 1498 πάντας
420 1466 449 1493 δὲ
473 1467 536 1498 τοὺς
551 1466 588 1502 μὴ
609 1464 823 1500 φιλονεικοῦντας
836 1464 919 1490 καλύ-

130 1520 192 1538 πτει
212 1511 296 1546 φιλία.
317 1521 327 1537 ι
353 1511 381 1537 '0
397 1510 453 1547 γὰρ
478 1511 582 1546 φίλερις
606 1510 658 1536 ἀπὸ
677 1509 773 1545 μίσους
795 1509 849 1544 ἔχει
871 1509 918 1545 τὴν

131 1558 217 1594 ἀρχὴν
229 1558 278 1593 τῆς
290 1557 417 1592 τοιαύτης
430 1557 537 1589 κακίας,
549 1556 595 1583 καὶ
605 1556 655 1582 οὐκ
671 1556 702 1583 ἀν
714 1565 756 1587 τις
771 1556 842 1582 εἴποι
856 1556 919 1590 ἀγα-

131 1604 185 1639 πᾷν
201 1603 245 1629 τὸν
263 1602 474 1637 φιλονεικοῦντα.
492 1602 576 1629 Πάλιν
598 1601 626 1628 δὲ
648 1602 680 1628 ὲκ
696 1600 742 1627 τοῦ
760 1600 893 1632 ἐναντίου,
905 1601 919 1627 ό

132 1649 170 1684 μὴ
185 1649 341 1684 φιλονεικῶν
354 1648 496 1684 γνώρισμα
508 1647 616 1683 ἀγάπης
631 1646 687 1682 ἔχει
697 1655 703 1661 ·
717 1647 763 1673 καί¹
774 1647 824 1673 οὐκ
834 1646 866 1673 ἄν
877 1654 919 1677 τις

130 1697 202 1723 εἴποι
216 1697 363 1732 φιλόνεικον
375 1696 419 1722 τὸν
440 1695 587 1730 ἀγαπῶντα
596 1715 604 1727 ,
618 1695 660 1726 ὡς
674 1694 754 1721 πάλιν
773 1694 804 1721 τό
814 1703 821 1710 σ
841 1703 850 1719 ι
874 1693 918 1720 Ἐν

130 1743 286 1778 ἐπιθυμίαις
302 1743 360 1769 ἐστὶ
375 1742 428 1773 πᾶς
442 1741 555 1777 ἀεργὸς,
573 1741 619 1767 καὶ¹
644 1740 776 1775 ὀξύθυμος
801 1739 917 1775 πράσσει

132 1789 199 1824 μετὰ
214 1788 349 1820 ἀϐουλίας.
361 1797 370 1814 ›
390 1783 443 1813 Τοῦ
456 1786 509 1822 γὰρ
521 1785 621 1822 ἀεργοῦ
634 1786 753 1821 ὲσήμανε
769 1785 818 1821 τὴν
829 1785 918 1821 ψυχὴν

129 1835 159 1860 ὲν
177 1834 276 1865 πάσαις
299 1832 456 1868 ἐπιθυμίαις
473 1831 642 1867 βεϐυθίσθαι,
660 1833 706 1858 καὶ
724 1831 770 1858 τὸν
784 1831 917 1866 ὀξύθυμον

131 1880 198 1915 μηδὲ
215 1880 279 1915 μίαν
304 1880 399 1915 ἔχοντα
416 1878 512 1914 βουλὴν
531 1878 614 1914 ὀρθὴν
634 1878 762 1914 ἐδήλωσε.
777 1878 831 1905 Καὶ
849 1877 917 1910 ὅλως

128 1924 200 1953 οὗτοι
211 1926 246 1953 τὰ
256 1926 337 1961 ἠθικὰ
357 1925 457 1961 μᾶλλον
472 1924 682 1959 ἀπαγγέλλουσι,
698 1925 747 1960 τὴν
766 1924 852 1961 ἀρχὴν
867 1924 916 1960 τῆς

129 1972 254 2008 πράξεως
266 1973 325 2000 ὅθεν
338 1973 508 2006 συνίσταται,
523 1973 656 2008 λέγοντες,
679 1974 719 2000 ὅτι
736 1973 785 2008 τῆς
806 1973 855 2007 μὲν
870 1981 916 2007 φι-

127 2017 261 2049 λονεικίας
285 2019 445 2053 προηγεῖται
463 2019 553 2053 μῖσος·
569 2018 615 2044 τοῦ
640 2018 668 2045 δὲ
693 2018 730 2053 μὴ
756 2017 916 2052 φιλονεικεῖν

129 2065 289 2099 προηγεῖται
304 2064 396 2099 ἀγάπη
410 2072 416 2078 ·
433 2064 480 2090 καὶ
497 2064 546 2099 τῆς
566 2063 615 2099 μὲν
627 2064 741 2099 ἀεργίας
756 2065 916 2099 προηγεῖται

226 2111 312 2145 κακή·
328 2110 374 2136 τοῦ
394 2110 422 2136 δὲ
445 2109 580 2145 ὀξυθύμου
600 2112 759 2146 προηγεῖται
784 2110 914 2137 ἀϐουλία·

130 2156 233 2184 καὶτοῦ
249 2156 296 2192 μὲν
311 2155 519 2191 ἐξουθενημένου
536 2157 606 2191 ἀρχή
622 2157 678 2182 ἐστι
693 2156 723 2182 τὸ
736 2157 916 2191 καταφρονεῖν

971 230 1028 261 via,
1045 229 1079 256 ad
1097 229 1178 256 tinem
1193 229 1244 256 viae
1262 229 1404 264 pervenit;
1420 229 1477 262 sie,
1491 230 1539 264 qui
1553 233 1627 257 recta
1649 231 1752 264 profert

970 275 1084 310 judicia,
1108 276 1200 310 justus
1230 279 1392 310 agnoscetur
1415 278 1442 303 et
1468 276 1585 311 sapiens.
1613 276 1753 305 Parabolas

974 325 1064 348 autem
1089 322 1216 349 dicuntur
1237 328 1391 353 sermones,
1407 321 1486 356 quasi
1507 321 1638 357 imagines
1657 330 1752 350 eorum

973 375 1033 402 quae
1052 368 1190 396 dicuntur.
1215 367 1262 403 Ex.
1278 368 1344 403 ipsis
1364 368 1436 395 enim
1461 376 1510 404 per
1535 368 1751 402 similitudinem,

974 414 1046 449 quod
1066 414 1176 448 dicitur,
1194 414 1361 450 intelligitur.
1376 415 1414 442 Ita
1428 422 1545 450 namque
1562 414 1702 447 Dominus,
1723 419 1753 443 ut

973 460 1011 487 ait
1033 459 1153 491 Marcus,
1177 459 1245 486 dixit
1267 469 1273 487 :
1293 469 1302 485 ι
1319 459 1368 487 Cui
1390 460 1547 487 assimilabo
1561 467 1673 495 regnum
1687 460 1753 488 Dei?

972 510 1019 533 aut
1035 513 1088 541 qua
1105 505 1234 540 parabola
1251 505 1418 533 adumbrabo
1437 506 1502 533 illud
1520 505 1560 532 “'i
1576 515 1586 532 ι
1616 505 1652 533 Ut
1673 505 1753 533 nimi-

971 560 1033 580 rum
1044 551 1171 587 parabola
1185 552 1221 579 sit
1236 551 1269 579 de
1286 551 1366 579 rebus
1380 559 1428 587 per
1441 550 1646 579 similitudinem
1660 551 1752 579 dictis.

973 598 1042 627 Cum
1064 598 1179 626 dixisset
1194 598 1266 626 enim
1285 607 1291 625 ε
1310 607 1318 623 ι
1341 597 1435 624 Simile
1452 601 1495 625 est
1514 605 1626 633 regnum
1646 597 1692 625 Dei
1711 606 1717 625 ι
1739 607 1749 623 ι

972 644 1070 672 deinde
1084 644 1176 671 intulit
1194 653 1200 671 :
1221 653 1230 669 ε
1250 643 1313 670 Ideo
1325 643 1351 670 in
1366 643 1503 678 parabolis
1513 643 1611 677 loquor
1625 643 1678 670 illis
1692 643 1724 669 ¹¹.
1740 651 1749 668 ι

975 689 1141 725 Hujusmodi
1157 689 1248 723 itaque
1266 692 1330 715 sunt
1341 688 1477 723 parabolae
1493 697 1500 715 :
1520 698 1530 713 ι
1551 687 1628 715 Sicut
1641 688 1753 715 emissio

972 736 1043 764 nivis
1066 736 1094 763 in
1116 743 1207 762 messe
1230 735 1328 761 allevat
1345 738 1452 765 aestum,
1475 734 1515 761 sic
1539 733 1653 761 nuntius
1667 733 1753 760 ﬁdelis

973 782 1007 809 iis
1027 782 1074 816 qui
1100 782 1234 809 miserunt
1254 781 1328 808 illum
1345 781 1377 807 η.
1405 790 1415 806 ι
1434 779 1464 806 Et
1485 788 1594 807 rursum
1612 789 1619 807 :
1640 789 1649 805 ι
1677 778 1754 806 Sicut

973 827 1045 854 venti
1057 830 1083 854 et
1097 827 1183 854 nubes
1194 831 1220 853 et
1231 827 1338 861 pluviae,
1355 826 1395 853 sic
1410 826 1456 860 qui
1472 826 1624 861 gloriantur
1639 826 1666 852 in
1681 825 1753 852 dono

971 872 1093 900 mendaci
1120 872 1152 903 “,
1181 881 1191 898 ›
1217 875 1245 899 et
1264 871 1306 898 his
1324 871 1431 898 similia.
1456 870 1531 897 Dicta
1547 870 1628 905 po'rro
1646 870 1754 904 sapien-

970 920 1037 946 tium
1049 922 1122 951 sunt,
1141 926 1194 946 non
1219 918 1384 952 sophismata
1402 917 1558 948 verborum,
1584 923 1671 951 neque
1693 923 1753 942 ser-

969 973 1065 992 mones
1090 963 1287 999 probabilitatis
1311 963 1401 998 specie
1424 962 1605 996 decipientes,
1625 961 1672 989 sed
1697 961 1753 989 veri

969 1015 996 1039 et
1014 1010 1133 1038 accurati
1154 1019 1160 1037 :
1181 1017 1235 1036 non
1251 1009 1328 1044 quasi
1353 1008 1496 1042 cujusdam
1515 1007 1638 1041 jussione
1656 1006 1752 1039 habiti,

970 1055 1018 1082 sed
1035 1063 1082 1090 per
1098 1062 1127 1081 se
1145 1054 1211 1085 noti,
1228 1058 1255 1081 et
1275 1053 1353 1088 quasi
1371 1052 1512 1081 sententiae
1532 1059 1626 1079 eorum
1643 1051 1752 1086 prolati.

970 1095 1070 1135 Quales
1081 1105 1146 1128 sunt
1163 1108 1169 1126 :
1187 1110 1195 1125 ι
1218 1099 1305 1127 Corde
1323 1100 1445 1130 lactante,
1469 1098 1545 1125 ﬂoret
1564 1097 1674 1124 vultus:
1690 1104 1753 1123 curn

970 1152 1058 1174 autem
1082 1147 1109 1174 in
1131 1145 1244 1173 tristitia
1266 1149 1317 1177 est,
1333 1144 1495 1178 deprimitur
1515 1143 1546 1169 ¹⁹.
1570 1152 1579 1168 ›
1597 1141 1629 1168 Ει
1646 1151 1652 1169 :
1672 1150 1681 1166 ι
1700 1141 1754 1169 Cor

969 1197 1073 1220 rectum
1085 1192 1181 1227 qualrit
1190 1199 1299 1219 sensum
1314 1200 1321 1224 ;
1333 1198 1364 1216 os
1377 1193 1467 1216 autem
1481 1188 1753 1222 indisciplinatorum,

970 1244 1115 1274 cognoscet
1138 1238 1208 1264 mala
1231 1237 1263 1264 η.
1287 1246 1295 1262 ι
1314 1236 1346 1262 Ει
1363 1245 1369 1263 :
1388 1246 1396 1261 ι
1418 1235 1514 1262 Odium
1531 1235 1631 1262 excitat
1644 1237 1754 1261 conten-

971 1285 1070 1312 tionem
1090 1295 1096 1312 :
1116 1293 1211 1311 onmes
1226 1287 1314 1311 autem
1329 1291 1375 1310 eos
1387 1282 1432 1317 qui
1449 1280 1611 1308 contentiosi
1623 1288 1676 1308 non
1689 1283 1755 1308 sunt

970 1331 1089 1365 contegit
1107 1330 1225 1356 amicitia
1238 1329 1270 1356 ¹⁷.
1288 1339 1297 1355 ι
1313 1328 1343 1355 Et
1360 1338 1366 1354 :
1382 1337 1391 1353 ι
1407 1327 1458 1360 Qui
1476 1326 1613 1361 negotium
1631 1329 1755 1352 contem-

970 1378 1021 1409 nit,
1033 1380 1221 1404 contemnetur
1237 1375 1270 1402 ab
1289 1375 1347 1409 ipso
1361 1383 1368 1407 ;
1386 1374 1432 1409 qui
1450 1381 1514 1400 vero
1533 1371 1690 1399 mandatum
1704 1378 1752 1399 ve-

969 1427 1055 1455 retur,
1076 1422 1120 1449 ille
1144 1429 1227 1449 sanus
1249 1425 1291 1449 est
1309 1420 1340 1447 ⁵⁸.
1357 1429 1366 1446 ι
1385 1420 1507 1446 Aliorum
1532 1426 1651 1453 namque
1665 1417 1753 1445 homi-

969 1475 1035 1494 num
1068 1474 1229 1498 sermones,
1259 1469 1289 1492 ut
1330 1465 1475 1500 plurimum
1507 1464 1626 1499 ambigui
1659 1468 1751 1496 sunt;

970 1513 1134 1548 sapientium
1160 1520 1236 1544 vero,
1263 1512 1357 1547 quales
1384 1515 1448 1538 sunt
1474 1511 1529 1543 isti,
1561 1510 1616 1537 veri
1641 1513 1754 1537 suntet

969 1559 1043 1587 omni
1058 1567 1088 1586 ex
1105 1563 1181 1593 parte
1196 1558 1326 1589 accurati,
1343 1558 1379 1584 ita
1397 1562 1425 1584 ut
1437 1557 1548 1584 minime
1563 1557 1629 1592 ipsis
1644 1561 1753 1583 contra-

968 1605 1084 1632 dicatur.
1100 1604 1132 1631 Et
1149 1605 1194 1631 alii
1206 1604 1315 1639 quidem
1330 1604 1454 1631 homines
1470 1611 1501 1630 ex
1521 1603 1573 1630 line
1589 1602 1680 1638 operis
1695 1610 1752 1630 rem

967 1651 1115 1684 declarant,
1131 1651 1210 1686 quale
1224 1655 1266 1677 cst
1280 1659 1286 1676 :
1300 1649 1410 1684 Iniquus
1422 1657 1465 1677 res
1475 1653 1517 1676 est
1532 1649 1613 1680 mala,
1634 1652 1661 1675 et
1686 1654 1754 1674 maz-

968 1697 1035 1724 chus
1052 1705 1164 1732 pravum
1180 1697 1244 1732 quid
1257 1700 1309 1728 est,
1323 1696 1394 1731 quod
1410 1695 1496 1722 cuivis
1508 1694 1682 1722 manifestum
1699 1697 1750 1721 est.

969 1742 1111 1779 Sapientes
1138 1747 1228 1771 autem
1255 1743 1364 1770 initium
1396 1750 1509 1777 operum
1536 1740 1697 1776 praedicunt,
1726 1743 1753 1767 et

967 1789 1048 1824 quasi
1074 1789 1197 1825 symbola
1231 1789 1313 1815 animi
1341 1793 1464 1815 motuum
1493 1787 1694 1822 praenuntiant;
1723 1789 1754 1812 ut

967 1836 1094 1871 quisque,
1118 1835 1216 1871 agnitis
1233 1836 1367 1862 malorum
1394 1834 1546 1868 principiis,
1572 1833 1623 1860 sibi
1646 1835 1752 1863 caveat,

967 1883 1058 1918 qualia
1086 1887 1150 1909 sunt
1176 1882 1302 1917 superius
1338 1881 1410 1908 dicta
1434 1890 1440 1908 :
1469 1889 1477 1906 I
1510 1879 1606 1907 Odium
1638 1878 1754 1905 suscitat

967 1929 1185 1961 contentionem,
1205 1936 1299 1955 omnes
1320 1932 1409 1954 autem
1426 1927 1473 1962 qui
1496 1935 1550 1954 non
1571 1925 1750 1957 contendunt,

966 1977 1086 2012 contegit
1110 1976 1228 2003 amicitia
1252 1976 1283 2001 ¹⁹.
1305 1986 1314 2001 ι
1335 1975 1528 2002 Contentiosus
1545 1974 1616 2001 enim
1635 1980 1668 2000 ex
1689 1971 1752 1999 odio

966 2023 1076 2050 malitiae
1107 2023 1188 2057 hujus
1220 2021 1384 2056 principium
1414 2021 1513 2052 habet,
1543 2027 1593 2047 nec
1618 2018 1752 2054 quispiam

966 2068 1065 2096 dixerit
1082 2069 1284 2096 contentiosum
1307 2075 1336 2094 se
1356 2067 1477 2101 diligere.
1494 2066 1604 2096 Contra,
1624 2065 1670 2099 qui
1684 2071 1751 2091 con-

965 2114 1100 2142 tentiosus
1128 2122 1182 2141 non
1208 2118 1260 2145 est,
1292 2113 1448 2140 dilectionis
1480 2111 1608 2138 indicium
1635 2110 1715 2137 habet
1743 2119 1750 2136 :

966 2168 1018 2188 nec
1037 2160 1235 2187 contentiosum
1253 2159 1386 2194 quispiam
1403 2158 1502 2185 dixerit
1518 2165 1579 2189 cum
1592 2156 1637 2191 qui
1653 2155 1750 2191 diligit,

129 2203 209 2229 αὐτὸν
223 2202 270 2229 τοῦ
284 2202 366 2237 νόμου
380 2210 385 2216 -
400 2202 449 2237 τῆς
467 2201 496 2227 δὲ
514 2201 606 2236 ὑγείας
628 2203 790 2237 προηγεῖται
806 2203 820 2228 ὁ
835 2201 916 2236 φόϐος

969 2209 997 2233 ιιι
1012 2213 1121 2233 rursum
1138 2205 1237 2232 dicitur
1253 2214 1260 2232 :
1279 2214 1287 2230 ι
1311 2204 1339 2231 In
1357 2203 1587 2238 concupiscentiis
1603 2206 1644 2229 est
1662 2201 1752 2229 omnis

130 2248 175 2275 τοῦ
199 2248 264 2275 Θεοῦ
277 2256 284 2263 ·
309 2248 423 2283 καὶτῆς
444 2247 493 2282 μὲν
515 2246 650 2279 ἀπωλείας
671 2247 719 2282 τῆς
741 2247 829 2282 ψυχῆς
841 2248 915 2273 ἐστιν

130 2294 199 2329 ἀρχὴ
214 2294 245 2320 τὸ
259 2293 411 2327 ἀφύλακτον
425 2292 497 2327 ἔχειν
512 2292 542 2319 τὸ
557 2293 643 2327 στόμα
655 2301 661 2307 ·
677 2292 723 2319 τοῦ
735 2292 763 2319 δὲ
776 2291 914 2319 πτοεῖσθαι

129 2350 188 2368 τινα
198 2342 356 2376 προηγεῖται
368 2341 384 2376 ἡ
399 2340 558 2377 προπέτεια.
573 2338 649 2366 Οὕτω
663 2339 692 2365 δὲ
707 2339 825 2374 ἑκάστην
837 2339 915 2374 ῥῆσιν

129 2387 260 2419 ἀναλύων,
276 2387 402 2422 εὑρήσεις
415 2386 562 2422 εἰρημένην
575 2386 621 2413 καὶ
638 2385 832 2421 γεγραμμένην
846 2385 916 2421 ὑπὲρ

128 2433 175 2459 τοῦ
189 2434 250 2460 τοὺς
265 2432 411 2464 ἀκούοντας
432 2432 479 2458 καὶ
502 2431 684 2467 μανθάνοντας
699 2431 748 2462 τὰς
760 2431 846 2466 ἀρχὰς
860 2431 914 2457 τῶν

129 2479 220 2505 κακῶν
235 2480 280 2504 καὶ
290 2478 341 2504 τῶν
357 2478 475 2511 ἀγαθῶν,
491 2477 601 2513 φεύγειν
614 2477 661 2513 μὲν
672 2478 704 2504 τὰ
717 2477 815 2512 φαῦλα,
828 2477 914 2514 πράτ-

129 2531 185 2549 τειν
201 2523 230 2549 δὲ
243 2523 277 2549 τὰ
294 2523 391 2557 ἀγαθά.
406 2524 558 2559 Αἰνίγματα
571 2523 598 2549 δὲ
613 2523 659 2550 καὶ
676 2524 807 2550 σκοτεινοὶ
831 2523 913 2557 λόγοι.

129 2569 225 2600 οἵτινες
239 2569 367 2602 ἀσφαλεῖς
384 2569 432 2604 μὲν
446 2569 619 2601 οὓτως-εἰσὶν,
636 2569 706 2596 ὥστε
721 2571 798 2606 ὰνιᾷν
810 2571 855 2596 τὸν
870 2571 913 2597 ὲν-

129 2614 295 2649 τυγχάνοντα
313 2614 352 2650 τῷ
368 2615 450 2650 μηδὲν
464 2615 616 2650 ἐμφαίνειν,
630 2616 697 2651 μηδέ
712 2625 772 2643 τινα
789 2616 915 2643 ὑπόνοιαν

131 2659 276 2695 παρέχειν·
303 2659 480 2695 ὲρευνώμενοι
501 2660 530 2687 δὲ
553 2660 627 2695 ὅμως
646 2661 796 2688 δεικνύουσι
820 2661 864 2687 τὸν
886 2663 914 2688 ἐν

131 2705 221 2736 αὐτοῖς
233 2704 304 2731 νοῦν.
324 2703 381 2732 Oiei
396 2707 462 2732 εἰσι·
481 2715 490 2732 ι
505 2706 544 2742 Τῇ
565 2706 659 2743 βδέλλῃ
675 2709 748 2743 τρεῖς
767 2707 914 2743 θυγατέρες

967 2253 1085 2284 otiosus,
1099 2256 1125 2280 et
1135 2251 1283 2279 iracundus
1294 2251 1397 2286 absque
1410 2251 1525 2277 consilio
1536 2250 1591 2285 agit
1607 2249 1638 2276 ".
1659 2258 1668 2274 ι
1683 2247 1752 2275 Nam

966 2299 1047 2327 otiosi
1073 2299 1191 2326 animam
1225 2298 1360 2333 signiﬁcat
1389 2298 1416 2324 in
1442 2297 1568 2325 omnibus
1604 2295 1751 2330 concupis-

967 2344 1065 2372 centiis
1095 2351 1157 2371 esse
1186 2343 1359 2376 demersam;
1383 2348 1410 2371 et
1435 2343 1614 2375 iracundum,
1646 2342 1751 2369 nullum

967 2395 1073 2418 rectum
1095 2390 1196 2416 habere
1211 2389 1353 2416 consilium
1370 2389 1498 2416 ostendit.
1515 2387 1547 2414 lli
1564 2388 1654 2423 itaque
1673 2388 1751 2422 plane

967 2443 1059 2464 mores
1082 2435 1232 2466 declarant,
1252 2439 1278 2462 et
1300 2435 1416 2462 actionis
1437 2433 1599 2469 principium
1621 2432 1691 2459 unde
1706 2440 1751 2459 or-

967 2482 1074 2514 diatur,
1100 2481 1164 2509 dum
1204 2481 1291 2512 aiunt,
1335 2480 1428 2508 odimn
1460 2480 1612 2514 praecedere
1639 2480 1713 2505 rixas
1741 2487 1747 2506 :

967 2530 1126 2556 cbaritatem
1142 2536 1202 2556 esse
1217 2528 1379 2563 principium
1394 2531 1421 2553 et
1432 2534 1542 2553 causam
1559 2534 1612 2561 qua
1629 2525 1750 2552 vitantur

967 2576 1157 2602 contentiones
1189 2583 1195 2601 :
1227 2574 1282 2601 otio
1308 2573 1404 2608 praeire
1432 2580 1541 2607 pravam
1572 2572 1748 2606 voluptatem,

967 2620 1097 2647 iracundo
1113 2620 1207 2655 praeire
1220 2620 1329 2647 consilii
1345 2619 1464 2654 inopiam
1482 2628 1488 2645 :
1503 2622 1530 2645 et
1539 2625 1650 2644 caiisam
1667 2624 1750 2651 quare

966 2666 1027 2701 quis
1051 2666 1225 2701 despicialur,
1241 2673 1302 2693 csse
1314 2669 1497 2699 contemptum
1511 2663 1578 2699 legis
1596 2673 1602 2690 :
1620 2662 1691 2698 quod
1705 2670 1749 2690 sa-

969 2712 1079 2739 nitatem
1096 2712 1228 2747 przecedat
1240 2711 1319 2738 timor
1332 2711 1376 2738 Dei
1393 2720 1399 2736 2
1417 2711 1480 2737 item
1499 2704 1570 2745 quod
1587 2709 1748 2745 principium

169 2815 193 2855 εξ
209 2815 293 2844 Mare.
310 2817 428 2855 Iv,_30.__
447 2817 586 2855 ff_Mattji.
605 2826 653 2855 xiii
667 2838 679 2855 ,_
692 2819 737 2855 μ’).
771 2819 798 2855 νί³
820 2819 898 2855 Prov.

969 2828 981 2851 ν,
1002 2819 1043 2846 15.
1084 2820 1104 2836 ’⁵
1122 2820 1194 2855 ἰδία.Δ
1223 2820 1263 2848 Μ.
1305 2821 1324 2836 ⁸⁸
1345 2820 1424 2848 Prov.
1442 2828 1487 2854 xv,
1497 2820 1540 2848 1-5.
1580 2821 1602 2836 ”
1622 2820 1688 2848 ibid.
1704 2819 1750 2849 Η.

133 2850 155 2868 ⁸⁷
173 2849 255 2879 Prov.
274 2857 307 2884 ι,
326 2851 369 2879 12.
409 2852 430 2868 ’⁸
446 2852 510 2880 ibid.
530 2853 575 2881 15.

622 2853 643 2869 ¹⁹
662 2853 727 2881 ibid.
750 2854 792 2882 Η.
832 2855 854 2870 ὀ
874 2853 954 2882 Prov.
973 2863 1029 2887 MV,
1047 2855 1090 2882 17.
