1929 3056
192 115 244 143 547

787 117 817 147 S.
834 117 1070 147 ATHANASIUS.
1090 134 1125 139 ——
1143 118 1258 147 DUBIA.

1770 119 1824 149 5&8

192 174 354 211 perditionis
377 175 474 203 anima:
499 175 545 207 sit,
570 183 626 203 non
655 175 795 204 custodire
825 184 857 205 os
885 185 977 210 suum,

1034 175 1101 214 ἦσαν
1117 178 1256 213 ἀγαπήσει
1271 175 1451 212 ἀγαπώμεναι
1462 185 1468 191 ·
1485 177 1532 204 καὶ
1547 176 1575 204 αί
1587 177 1662 212 τρεῖς
1675 185 1766 210 αυται,
1777 179 1826 206 καὶ

192 222 265 257 quod
282 222 380 250 terrori
394 227 494 257 prmeat
511 223 662 250 temeritas.
680 221 708 250 Si
724 230 757 251 eo
773 223 854 251 modo
872 223 979 258 singula

191 268 264 296 dicta
278 268 452 303 expenderis,
467 268 655 304 deprehendes
674 277 706 296 ea
721 269 782 297 ideo
797 277 859 298 esse
874 270 980 305 scripta

192 320 273 350 atque
297 315 413 350 prolata,
442 320 473 342 ut
498 316 546 350 qui
575 315 712 343 audierint
733 315 869 344 maiorum
898 316 983 343 hono-

193 369 309 396 rumque
345 361 481 396 principia
512 361 619 394 edocti,
643 369 726 396 prava
759 361 879 397 fugiant,
908 361 980 388 bona

192 411 349 443 operentur.
374 407 532 442 IEnigmata
554 415 637 443 porro
653 412 684 435 et
700 409 810 436 obscuri
826 416 979 440 sermones,

192 454 230 481 ita
250 458 330 482 caute
347 458 411 481 sunt
427 454 527 489 posita,
548 458 578 481 ut
594 462 655 481 eum
676 455 722 489 qui
747 454 844 489 legerit
864 461 983 482 mcerore

191 499 328 534 alliciant,
359 500 432 536 quod
461 500 531 527 nihil
559 501 651 528 statim
685 501 850 533 exhibeant,
877 501 982 528 nullum

190 555 301 574 sensum
316 547 490 575 subindicent
507 557 513 574 :
528 551 647 575 attamen
659 547 723 574 dum
737 551 867 575 accurate
880 555 983 583 expen-

191 593 304 627 duntur,
328 602 406 621 suam
432 595 594 622 sententiam
621 594 754 621 indicant.
777 593 872 627 Qualia
895 598 980 622 sunt:

194 647 203 664 ι
226 638 404 674 Sanguisugae
428 643 484 667 tres
505 643 583 666 erant
604 639 664 667 lilia;
684 639 830 667 admodum
849 639 954 667 dilecta:
974 649 981 666 :

1032 227 1048 261 ἡ
1063 225 1180 262 τετάρτη
1205 225 1255 252 οὐκ
1273 223 1394 260 ἠρκέσθη
1411 225 1498 251 εἰπεῖν
1509 245 1516 258 ,
1539 224 1650 251 Ἱκανόν.
1672 224 1764 260 ᾍδης,
1778 226 1826 253 καὶ

1033 271 1104 307 ἔρως
1125 271 1254 306 γυναικὸς
1264 291 1272 302 ,
1288 271 1336 297 καὶ
1351 270 1496 306 τάρταρος,
1512 270 1558 297 καὶ
1575 272 1609 306 γῆ
1624 271 1675 297 οὐκ
1686 271 1826 306 ἐμπιπλα-

1036 317 1104 352 μένη
1118 316 1222 348 ὓδατος,
1235 316 1282 343 καὶ
1294 315 1374 351 ὕδωρ,
1388 316 1436 342 καὶ
1451 315 1516 352 πῦρ,
1528 316 1558 342 οὑ
1573 316 1610 351 μὴ
1624 315 1746 349 εἴπωσιν,
1767 318 1827 353 Ἀρ-

1034 365 1092 390 κεί·
1111 373 1121 388 ι
1138 363 1185 389 καὶ
1198 362 1279 389 πάλιν
1293 371 1300 377 ·
1317 371 1325 388 ι
1346 362 1415 398 Τρία
1429 362 1457 388 δέ
1474 363 1547 389 ἐστιν
1563 362 1682 389 ἀδύνατά
1699 371 1743 398 μοι
1761 363 1825 398 νοῆ-

1035 417 1089 440 σαι,
1106 408 1153 434 καὶ
1176 407 1207 434 τὸ
1227 407 1357 442 τέταρτον
1377 407 1426 434 οὐκ
1448 406 1637 441 ὲπιγινώσκω·
1660 408 1720 443 ῐχνη
1744 407 1825 434 ἀετοῦ

1037 453 1198 489 πετομένου,
1213 453 1260 480 καὶ
1274 453 1349 485 ὀδοὺς
1365 453 1453 488 ὄφεως
1472 454 1518 480 ἐπὶ
1532 454 1645 490 πέτρας,
1657 454 1703 480 καὶ
1717 454 1827 489 τρίϐους

1036 499 1100 534 νηὸς
1115 497 1345 533 ποντοπορούσης,
1366 497 1413 524 καὶ
1436 497 1512 529 ὁδοὺς
1526 497 1621 534 ἀνδρὸς
1636 498 1664 524 ἐν
1678 498 1794 533 νεότητι,
1813 507 1824 524 ν

1035 545 1082 571 καὶ
1097 545 1146 571 ὅσα
1157 544 1269 571 τοιαῦτα
1281 545 1353 570 ἐστιν
1366 544 1515 579 αἰνίγματα
1524 552 1530 558 ⁸
1544 544 1625 580 ἕτερα
1640 545 1693 580 γάρ
1706 553 1766 570 τινα
1780 544 1829 579 δη-

1035 590 1086 623 λοῖ,
1101 590 1147 617 καὶ
1168 590 1268 625 ἑτέρων
1290 589 1394 616 ἔννοιαν
1415 589 1579 624 παρίστησι*
1597 590 1644 616 καὶ
1667 589 1759 625 ἀσαφῆ
1776 589 1828 625 μὲν

1035 637 1105 668 ἐστι,
1117 636 1306 672 κεκρυμμένον
1323 635 1351 662 δὲ
1366 635 1421 671 ἔχει
1435 635 1479 662 τὸν
1499 635 1559 662 νοῦν

191 691 217 714 et
233 686 276 714 hae
303 691 369 719 tres,
403 691 429 714 et
449 691 545 722 quarta
571 695 626 715 non
646 686 750 720 dicunt,
770 687 844 714 Satis
867 691 919 715 est.
948 686 1086 717 infernus,
1111 687 1140 711 et
1165 691 1242 710 amor
1264 682 1397 713 mulieris,
1416 687 1443 710 et
1465 687 1600 713 tartarus.
1619 688 1646 709 et
1671 687 1742 710 terra
1765 691 1830 718 quae

192 740 245 759 non
265 737 405 760 saturatur
424 741 504 768 aqua,
522 737 548 761 et
573 741 654 769 aqua,
676 739 704 762 et
726 735 808 770 ignis,
823 741 966 770 nunquam
984 733 1090 764 dicunt,
1109 731 1183 759 Satis
1204 734 1247 758 est
1263 730 1298 758 “.
1319 740 1328 756 ι
1348 731 1379 758 Ει
1409 730 1506 757 iterum
1525 739 1531 756 :
1553 740 1562 756 ‹
1581 730 1644 758 Tria
1676 735 1749 764 sunt,
1765 738 1831 766 quae

192 778 332 805 intellectu
356 779 423 806 mihi
443 783 508 807 sunt
530 779 721 815 impossibilia,
738 785 766 808 et
791 784 919 816 quartum
952 787 1006 807 non
1038 785 1198 814 cognosco;
1226 776 1340 812 vestigia
1364 777 1461 812 aquila:
1482 777 1614 809 \‘olantis,
1639 781 1665 804 et
1687 778 1744 805 vias
1768 786 1830 806 ser-

191 825 282 859 pentis
297 833 379 860 supra
396 831 518 859 petram.
535 831 562 854 et
575 826 633 854 vias
653 827 731 854 navis
748 827 776 854 in
807 827 877 854 mari
909 826 1011 857 euntis,
1027 829 1054 853 et
1075 825 1134 853 vias
1161 824 1238 858 12],
1262 823 1312 850 viri
1344 823 1372 850 in
1405 823 1589 850 adolescentia
1613 824 1647 856 ¹¹,
1672 834 1681 850 ι
1700 827 1728 850 et
1748 832 1829 859 quae-

192 879 300 906 cunque
327 873 460 906 ejusmodi
490 877 554 900 sunt
581 875 725 909 aenigmata
748 883 756 900 :

785 874 838 901 alia
866 881 985 908 namque
1005 873 1096 900 statim
1111 872 1233 900 indicant
1245 890 1254 903 ,
1272 870 1352 897 aliam
1368 873 1465 904 ,tamen
1489 870 1653 897 sententiam
1673 870 1826 898 exhibent:

192 919 346 947 etobscura
362 919 470 954 quidem
487 923 560 952 sunt,
576 920 768 948 absconditum
786 928 851 949 vero
868 928 980 949 sensum
996 920 1107 947 habent.

404 975 482 1003 Liber
500 976 563 1008 XV,
584 976 767 1004 Ecclesiastes.

225 1023 270 1050 25.
291 1022 323 1049 Et
337 1023 409 1050 hunc
425 1023 525 1050 librum
536 1023 647 1058 scripsit
669 1023 798 1050 Salomon
817 1044 825 1056 ,
850 1027 880 1050 ut
899 1030 982 1057 supra

195 1069 300 1096 dictum
314 1073 366 1097 est.
395 1068 500 1096 Dicitur
527 1072 618 1096 autem
648 1069 840 1102 Ecclesiastes,
852 1069 983 1104 quoniam

193 1117 232 1144 ita
240 1117 315 1144 hunc
329 1117 480 1144 nominavit
493 1121 590 1145 auctor
603 1118 671 1153 ipse,
683 1118 730 1152 qui
744 1118 854 1152 scripsit
866 1118 893 1145 in
907 1118 984 1152 prin-

185 1151 264 1199 'cipio
279 1163 367 1198 ipsius
385 1163 499 1190 dicens:
514 1171 524 1187 ‹
543 1151 633 1190 Verba
652 1151 826 1190 Ecclesiasta:
841 1163 888 1190 ﬁlii
905 1151 985 1191 bavi-

193 1211 236 1238 dis
247 1211 320 1245 regis
334 1209 419 1238 Israel
442 1210 470 1237 in
491 1209 642 1238 Jerusalem
664 1220 671 1237 :
688 1209 802 1239 Vanitas
818 1211 982 1245 vanitatum,

192 1257 262 1284 dixit
282 1257 473 1285 Ecclesiastes.
499 1266 509 1283 ι
527 1256 615 1285 Variis
635 1265 699 1285 vero
714 1257 871 1286 nominibus
900 1266 982 1286 voea-

191 1309 237 1332 tus
252 1307 293 1331 est
308 1303 452 1331 Salomon:
471 1303 597 1339 Sapiens,
611 1304 676 1339 quia
691 1305 830 1340 sapientia:
845 1305 983 1340 particeps

191 1349 262 1383 fuit;
279 1349 414 1382 Prudens,
429 1357 462 1377 eo
479 1349 551 1385 quod
563 1350 685 1378 veritatis
711 1351 738 1378 in
761 1351 820 1386 ipso
845 1351 894 1378 fuit
919 1359 984 1386 pru-

192 1397 303 1430 dentia;
319 1395 430 1428 Doctus.
455 1396 585 1431 quoniam
607 1404 699 1424 veram
715 1404 730 1423 a
750 1396 865 1424 Domino
881 1397 984 1424 doctri-

192 1450 256 1470 nam
272 1442 379 1469 habuit.
408 1441 589 1470 Ecclesiastes
616 1450 681 1470 vero
709 1446 821 1470 vocatus
841 1448 894 1475 est,
919 1443 982 1478 quia

193 1488 226 1515 ad
239 1488 370 1523 populum
383 1488 442 1523 ipse
458 1488 649 1521 concionatus,
666 1492 693 1515 et
706 1496 767 1523 qua:
791 1489 905 1524 spiritus
919 1492 984 1517 sunt

194 1534 304 1562 locutus
316 1538 369 1562 est.
382 1534 411 1562 In
429 1535 480 1562 hoc
492 1540 581 1563 autem
597 1535 668 1562 libro
681 1535 714 1562 de
731 1536 851 1562 naturali
876 1535 983 1563 theoria

193 1580 413 1615 philosophatur.
427 1581 562 1614 Quoniam
578 1581 652 1609 enim
669 1581 791 1617 Egyptii
809 1581 844 1609 de
859 1581 905 1608 illa
918 1589 983 1609 suas

191 1626 248 1661 jam
262 1626 400 1654 habebant
419 1627 640 1662 imaginationes,
654 1632 680 1655 et
697 1626 783 1654 Graeci
799 1627 876 1655 hisce
890 1627 923 1655 de
939 1635 983 1655 re-

194 1671 247 1698 bus
260 1670 407 1698 fabulaturi
423 1675 501 1699 erant
516 1681 521 1697 :
537 1672 572 1699 ob
584 1680 643 1699 eam
661 1672 720 1707 ipse
736 1680 847 1699 causam
863 1672 983 1707 impulsu

195 1717 313 1753 Spiritus
331 1719 418 1746 sancti
433 1719 546 1754 eos,qui
557 1719 591 1746 de
607 1719 667 1746 istis
688 1719 827 1754 inquirere
842 1719 982 1746 conaban-

194 1769 249 1794 tur,
263 1764 423 1799 compescit,
444 1764 558 1792 diccns:
579 1774 588 1790 ι
610 1765 670 1792 Non
695 1765 795 1800 poterit
812 1765 893 1792 homo
909 1765 984 1792 inve-

197 1808 256 1834 nire
266 1815 345 1842 opus,
356 1808 429 1843 quod
442 1809 494 1836 sub
509 1809 566 1836 sole
577 1808 679 1836 factum
690 1813 733 1836 est
747 1819 754 1836 :
773 1809 898 1844 quamvis
910 1817 984 1844 quae-

195 1853 281 1880 rendo
301 1853 441 1888 fatigetur,
467 1862 521 1881 non
544 1855 664 1882 inveniet
679 1855 711 1882 ¹³.
731 1865 740 1880 ι
762 1854 878 1881 Damnat
899 1855 982 1882 etiam

195 1899 388 1935 Egyptiorum
420 1899 579 1935 religionem
613 1900 688 1928 circa
722 1901 917 1928 divinationem
949 1908 983 1928 ex

194 1945 313 1972 hominis
330 1945 483 1978 nativitate,
500 1945 595 1974 dicens
611 1955 617 1973 :
634 1956 644 1972 ‹
663 1947 713 1980 Qui
730 1947 853 1975 observat
871 1952 983 1975 ventum

197 1999 252 2018 non
270 1995 352 2024 seret,
379 1996 406 2019 et
422 1992 467 2026 qui
489 1993 587 2029 aspicit
603 1993 636 2020 ad
659 1993 746 2021 nubes
771 2001 826 2020 non
846 1997 939 2024 metet,
954 1993 983 2020 in

195 2036 298 2071 quibus
313 2035 425 2071 agnosci
448 2044 502 2063 non
532 2041 631 2072 potest,
657 2045 717 2073 qua:
734 2038 769 2065 sit
788 2038 831 2064 via
857 2038 981 2073 spiritus.

196 2082 274 2110 Sicut
289 2090 351 2110 ossa
368 2083 396 2110 in
410 2086 505 2110 ventre
517 2087 624 2110 uterum
642 2085 785 2119 gestantis,
800 2085 837 2111 ita
852 2091 907 2111 non
932 2092 981 2111 co-

195 2132 307 2163 gnoscet
318 2136 400 2164 opera
422 2129 480 2161 Dei,
498 2137 669 2165 quaecunque
686 2130 767 2157 faciet
781 2132 907 2158 universa
919 2130 952 2156 “.
970 2140 979 2157 ι

194 2174 295 2202 Deinde
311 2179 337 2202 et
352 2176 388 2203 de
403 2176 571 2211 singulorum
586 2177 691 2203 theoria
717 2181 848 2209 tractans,
866 2176 978 2208 fatetur,

194 2220 267 2256 quod
287 2221 320 2248 de
334 2221 435 2249 talibus
451 2229 520 2249 vane
534 2227 683 2257 quaeratur,
696 2225 724 2249 et
749 2221 822 2257 quod
846 2221 981 2256 ejusmodi

194 2267 264 2294 nihil
289 2268 398 2302 pariant
412 2268 497 2300 aliud,
509 2277 591 2303 quam
618 2269 750 2296 laborem.
768 2267 827 2295 Non
851 2268 923 2295 enim
949 2275 982 2294 ex

195 2313 304 2341 illorum
320 2315 486 2350 cognitione,
506 2315 553 2342 sed
568 2323 601 2342 ex
625 2315 681 2342 vita
703 2319 730 2342 et
754 2314 860 2341 actibus
873 2313 982 2348 sapiens

195 2360 324 2394 ctjustus
340 2361 430 2395 quivis
446 2361 650 2396 comprobatur.
665 2361 736 2387 Dicit
750 2368 867 2395 namque
884 2368 890 2386 :
910 2370 919 2386 ι
932 2360 981 2387 Ει-

195 2406 268 2432 enim
282 2413 451 2441 quaecunque
468 2406 540 2434 scire
567 2415 596 2434 se
620 2407 719 2434 dixerit
738 2408 858 2442 sapiens,
870 2415 902 2435 ea
924 2415 982 2434 non

196 2452 297 2487 poterit
310 2452 443 2480 invenire.
461 2452 596 2485 Quoniam
611 2457 697 2480 totum
717 2453 769 2481 hoc
790 2455 889 2481 tradidi
905 2454 983 2482 cordi

196 2503 268 2530 meo,
284 2500 312 2524 et
326 2501 411 2524 totum
424 2497 476 2524 hoc
488 2497 555 2524 vidit
570 2497 661 2524 anima
689 2505 761 2530 mea,
778 2499 850 2533 quod
865 2498 932 2533 justi
956 2501 983 2525 ct

197 2543 344 2578 sapientes,
358 2547 384 2570 et
397 2551 479 2578 opera
493 2551 588 2572 eorum
616 2547 681 2571 sunt
704 2543 732 2571 in
756 2552 838 2571 manu
862 2543 910 2571 Dei
920 2545 957 2571 ’³.
970 2553 978 2568 ι

195 2586 281 2617 Recte
293 2589 376 2624 igitur
393 2590 486 2617 talium
515 2598 607 2618 rerum
634 2590 839 2625 inquisitionem
866 2594 981 2624 prtcter-

196 2643 318 2670 gressus,
332 2640 358 2663 et
374 2636 401 2663 in
416 2637 625 2672 contemplanda
637 2637 794 2664 mortalium
810 2637 903 2672 politia
918 2645 980 2664 con-

197 2681 322 2713 stitutus,
340 2690 402 2709 cum
421 2683 521 2710 multos
545 2687 572 2711 et
599 2684 688 2712 varios
707 2684 811 2712 videret
837 2683 980 2711 hominum

196 2734 289 2760 casus,
304 2729 454 2762 concludit,
471 2729 542 2764 quod
566 2730 736 2765 providentia
756 2731 983 2759 administrentur

197 2773 298 2807 omnia,
322 2775 439 2803 dicens:
460 2785 469 2801 ι
487 2775 591 2804 Cursus
616 2785 670 2803 non
694 2781 737 2805 est
762 2777 908 2812 velocium,
932 2783 982 2804 nec

197 2829 254 2890 "7‘
275 2829 352 2861 Prov.
372 2841 444 2868 xxx,
462 2835 513 2866 l5,
532 2834 575 2862 16.
624 2835 646 2850 ¹¹
668 2835 731 2864 ibid.
753 2835 801 2869 18,
820 2836 863 2863 l9.

920 2835 943 2852 "
962 2834 1050 2864 Eccle.
1067 2841 1134 2866 vm,
1152 2833 1195 2860 17.

1202 974 1323 1001 Βιϐλίον
1345 977 1386 1005 ιε’,
1409 972 1658 1007 Ἐκκλησιαστής.

1068 1022 1112 1049 25.
1131 1021 1187 1048 Καὶ
1202 1021 1282 1047 τοῦτο
1299 1019 1425 1056 Σολομὼν
1441 1019 1544 1055 ἔγραψε
1562 1019 1592 1046 τὺ
1609 1019 1721 1055 βιϐλίον,
1736 1020 1828 1048 καθὰ-

1033 1077 1087 1103 περ
1106 1067 1277 1103 προείρηται.
1300 1066 1415 1100 Λέγεται
1436 1065 1464 1092 δὲ
1484 1065 1707 1102 Ἐκκλησιαστὴς,
1730 1067 1829 1103 ἐπειδὴ

1033 1113 1120 1144 οὕτως
1141 1113 1281 1147 ὠνόμασεν
1296 1111 1377 1143 αὐτὸς
1398 1112 1412 1137 ὀ
1434 1111 1553 1146 γράψας,
1576 1111 1661 1138 εἰπὼν
1683 1113 1712 1139 ἐν
1731 1113 1803 1148 ἀρχῇ
1817 1121 1826 1128 ·

1037 1169 1046 1186 ι
1058 1160 1181 1194 Ῥήματα
1189 1157 1402 1194 Ἐκκλησιαστοῦ
1415 1157 1473 1184 υίοῦ
1484 1157 1566 1184 Δαὸἱδ
1576 1157 1707 1192 βασιλέως
1715 1158 1829 1194 Ἰσραὴλ

1035 1206 1064 1232 ὲν
1082 1205 1274 1240 Ἰερουσαλήμ·
1298 1203 1455 1239 Ματαιότης
1485 1205 1683 1239 ματαιοτήτων,
1709 1202 1785 1231 εἶπεν
1811 1206 1830 1232 ὀ

1042 1252 1265 1288 Ἐκκλησιαστής.
1281 1260 1291 1277 ι
1306 1251 1439 1282 Ποικίλως
1458 1251 1479 1277 δ’
1493 1251 1526 1277 ἂν
1540 1251 1640 1288 ζεκλήθη
1651 1253 1666 1278 ὁ
1681 1251 1808 1287 Σολομὼν
1818 1261 1828 1267 -

1035 1299 1115 1333 σοφὸς
1133 1298 1192 1333 μὲν,
1221 1298 1262 1324 ὅτι
1287 1296 1382 1331 σοφίας
1409 1297 1538 1332 μετέσχε·
1567 1297 1699 1333 φρόνιμος
1722 1297 1761 1331 δὲ,
1781 1298 1828 1325 ὅτι

1035 1344 1164 1380 φρόνησις
1185 1343 1312 1378 ἀληθείας
1333 1341 1367 1378 ἦν
1390 1343 1418 1369 ὲν
1441 1343 1531 1378 αὐτῷ·
1549 1344 1764 1380 πεπαιδευμένος
1782 1345 1827 1377 δὲ,

1033 1391 1074 1418 ὅτι
1105 1391 1152 1426 τὴν
1182 1389 1311 1426 ἀληθινὴν
1344 1389 1468 1416 παιδείαν
1499 1390 1574 1425 παρὰ
1606 1390 1709 1426 Κυρίου
1737 1387 1827 1425 εἶχεν.

1040 1436 1156 1472 Ἐκλήθη
1177 1434 1222 1463 οὖν
1241 1435 1466 1471 Ἐκκλησιαστὴς,
1487 1436 1528 1462 ὅτι
1547 1436 1628 1468 αὐτὸς
1647 1436 1829 1471 ὲξεκλησίαζε

1033 1482 1097 1514 τοὺς
1114 1482 1205 1513 λαοὺς,
1218 1481 1266 1508 καὶ
1279 1481 1369 1508 ἐλάλει
1381 1480 1415 1507 τὰ
1432 1480 1479 1507 τοῦ
1491 1481 1655 1517 πνεύματος.
1674 1483 1718 1509 Ἐν
1735 1482 1829 1519 τούτῳ

1033 1529 1062 1556 δὲ
1072 1527 1111 1564 τῷ
1129 1528 1222 1563 βιϐλίῳ
1241 1526 1368 1563 περὶτῆς
1389 1527 1506 1562 φυσικῆς
1527 1527 1644 1562 θεωρίας
1667 1528 1828 1563 φιλοσοφῶν

1035 1573 1169 1608 φαίνεται.
1189 1573 1297 1608 Ἐπειδὴ
1319 1572 1373 1608 γὰρ
1398 1572 1541 1607 Αἰγύπτιοι
1563 1573 1612 1609 μὲν
1630 1573 1826 1608 ἐφαντάζοντο,

1034 1619 1165 1656 ’Έλληνες
1187 1619 1216 1645 δὲ
1235 1619 1346 1654 ἔμελλον
1368 1620 1431 1655 περὶ
1451 1619 1552 1646 τούτων
1582 1620 1755 1655 μυθολογεῖν·
1780 1621 1830 1650 διὰ

996 1658 1018 1687 C
1033 1664 1113 1691 τοῦτο
1131 1662 1219 1696 οὗτος,
1240 1663 1378 1698 Πνεύματι
1396 1663 1465 1699 ἁγίῳ
1481 1663 1648 1700 κινούμενος,
1668 1665 1749 1692 παύει
1773 1666 1827 1701 μὲν

1032 1711 1095 1742 τοὺς
1123 1710 1329 1745 ἐπιχειροῦντας
1354 1710 1418 1746 περὶ
1439 1709 1541 1737 τούτων
1567 1711 1667 1746 ζητεῖν,
1692 1712 1825 1746 φάσκων-

1036 1766 1046 1782 (
1061 1757 1099 1783 Οὐ
1121 1756 1265 1792 δυνήσεται
1286 1755 1429 1792 ἄνθρωπος
1452 1755 1499 1783 τοῦ
1522 1757 1612 1792 εὑρεῖν
1630 1757 1660 1784 τὸ
1676 1758 1780 1793 ποίημα
1793 1759 1828 1785 τὸ

1033 1803 1216 1839 πεποιημένον
1231 1802 1284 1829 ὑπὸ
1303 1802 1348 1830 τὸν
1365 1802 1440 1837 ἥλιον
1450 1810 1458 1817 ο
1471 1803 1522 1829 ὅσα
1534 1802 1567 1829 ἂν
1582 1803 1705 1839 μοχθήσῃ
1716 1804 1827 1839 ἀνθρως

1033 1859 1084 1882 πος
1103 1849 1150 1876 τοῦ
1169 1850 1295 1886 ζητῆσαι,
1315 1849 1361 1876 καὶ
1381 1849 1431 1885 οὐχ
1453 1849 1582 1885 εὑρήσει·
1602 1859 1612 1875 ι
1633 1850 1772 1877 διαῦἀλλει
1795 1851 1826 1878 δὲ

1033 1896 1081 1923 καὶ
1097 1895 1147 1932 τὴν
1167 1896 1322 1930 Αἰγυπτίων
1344 1896 1408 1931 περὶ
1425 1895 1645 1930 γενεθλιαλογίας
1662 1897 1763 1932 νόησιν,
1777 1897 1821 1923 λέ-

1033 1952 1104 1977 γων·
1125 1953 1134 1970 ι
1154 1943 1252 1979 Τηρῶν
1268 1943 1368 1979 ἄνεμον
1383 1944 1413 1969 οὺ
1425 1943 1529 1977 σπερεῖ,
1543 1942 1591 1968 καὶ
1607 1942 1711 1977 βλέπων
1725 1943 1754 1969 ὲν
1764 1944 1826 1975 ταῖς

1034 1990 1159 2024 νεφέλαις
1174 1990 1204 2016 οὐ
1225 1989 1336 2024 θερίσει,
1352 1989 1380 2015 ὲν
1398 1986 1438 2020 οἷς
1453 1989 1503 2015 οὐκ
1522 1988 1579 2014 ἐστι
1595 1988 1748 2022 γινώσκων,
1764 1989 1790 2015 τι
1805 1989 1824 2024 ἡ

1032 2034 1091 2066 ὁδὸς
1099 2035 1146 2062 τοῦ
1161 2035 1375 2070 πνεύματος.Ὠς
1390 2035 1456 2061 ὀστᾶ
1469 2036 1497 2060 ὲν
1512 2035 1610 2070 γαστρὶ
1625 2035 1823 2070 κυοφορούσης,

1033 2080 1120 2112 οὕτως
1138 2082 1169 2108 οὺ
1184 2080 1275 2117 γνώσῃ
1292 2080 1327 2107 τὰ
1341 2080 1481 2115 ποιήματα
1492 2080 1539 2106 τοῦ
1552 2079 1630 2113 Θεοῦ,
1649 2081 1699 2107 ὅσα
1715 2081 1823 2117 ποιήσει

1033 2128 1066 2155 τὰ
1081 2128 1237 2163 σύμπαντα.
1254 2137 1263 2154 ι
1285 2126 1352 2154 Εἶτα
1370 2127 1418 2154 καὶ
1437 2127 1500 2163 περὶ
1510 2126 1558 2162 τὴν
1574 2126 1691 2162 θεωρίαν
1706 2127 1823 2160 ὲκᾴστου

1033 2174 1192 2209 γιγνόμενος
1215 2173 1341 2205 συνεῖδεν,
1359 2173 1400 2200 ὄτι
1426 2173 1512 2208 μάτην
1532 2172 1591 2199 ἐστὶ
1613 2173 1677 2209 περὶ
1695 2172 1826 2200 τοιούτων

1033 2220 1136 2255 ζητεῖν,
1155 2219 1201 2246 καὶ
1217 2219 1295 2254 μόνον
1314 2218 1348 2245 τὰ
1366 2218 1478 2246 τοιαῦτα
1496 2218 1595 2254 μόχθον
1609 2219 1701 2254 γεννᾷ.
1717 2219 1754 2246 Οὐ
1769 2219 1825 2254 γὰρ

1033 2266 1086 2292 ἀπὸ
1099 2265 1145 2292 τοῦ
1160 2264 1304 2299 γινώσκειν
1318 2264 1353 2291 τὰ
1363 2264 1485 2297 τοιαῦτα,
1505 2265 1563 2291 ἀλλ’
1577 2264 1631 2292 ἀπὸ
1644 2264 1690 2291 τοῦ
1707 2273 1826 2301 πρακτι-

1034 2311 1081 2337 κοῦ
1100 2310 1157 2345 βίου
1174 2310 1188 2335 ὁ
1203 2309 1283 2344 σοφὸς
1296 2310 1342 2335 καὶ
1355 2309 1457 2340 δίκαιος
1474 2309 1641 2336 συνίσταται.
1658 2308 1739 2343 Λέγει
1750 2309 1823 2344 γάρ·

1036 2366 1046 2382 ¢
1062 2356 1116 2383 Καί
1130 2365 1161 2390 γε
1174 2356 1223 2383 ὅσα
1237 2355 1283 2382 ἐὰν
1301 2355 1365 2391 εἴπῃ
1383 2354 1463 2389 σοφὸς
1479 2355 1525 2381 τοῦ
1540 2355 1652 2390 γνῶναι,
1668 2355 1698 2381 οὺ
1711 2355 1825 2390 δυνήσε-

1033 2413 1077 2430 ται
1094 2403 1141 2430 τοῦ
1162 2403 1262 2439 εὑρεῖν.
1279 2402 1339 2428 Ὅτι
1362 2401 1473 2437 σύμπαν
1491 2401 1571 2428 τοῦτο
1590 2401 1678 2428 ἔδωκα
1694 2402 1733 2433 είς
1752 2410 1823 2437 καρ-

1033 2450 1092 2477 δίαν
1113 2459 1174 2486 μου,
1196 2449 1243 2476 καὶ
1263 2448 1336 2484 ψυχή
1361 2457 1412 2483 μου
1436 2448 1546 2483 σύμπαν
1563 2445 1616 2474 εἶδε
1637 2447 1725 2479 τοῦτο,
1742 2448 1781 2480 ὡς
1797 2449 1824 2475 οἱ

1033 2497 1131 2523 δίκαιοι
1145 2497 1192 2523 καὶ
1208 2497 1232 2523 οἱ
1250 2495 1327 2530 σοφοὶ
1345 2496 1391 2522 καὶ
1408 2496 1435 2522 αι
1452 2495 1577 2532 ἐργασίαι
1596 2494 1685 2521 αὐτῶν
1702 2495 1731 2521 ὲν
1750 2495 1825 2529 χειρὶ

1034 2543 1113 2571 Θεοῦ.
1131 2553 1141 2570 ι
1164 2543 1284 2575 Εἰκότως
1302 2543 1392 2570 τοίνυν
1412 2543 1477 2578 περὶ
1495 2541 1549 2569 τῶν
1561 2541 1689 2569 τοιούτων
1708 2541 1825 2577 ζήτησιν

1031 2590 1136 2622 διαῆὰς,
1157 2591 1203 2617 καὶ
1215 2591 1279 2626 περὶ
1295 2590 1345 2626 τὴν
1366 2588 1540 2624 ἀνθρωπίνην
1560 2588 1698 2616 πολιτείαν
1714 2597 1825 2623 καταγι-

1032 2637 1171 2672 γνόμενος,
1185 2636 1256 2672 ἀρῶν
1269 2645 1298 2662 τε
1314 2635 1398 2663 πολλὰ
1411 2635 1458 2663 καὶ
1470 2634 1579 2662 ποικίλα
1593 2634 1627 2662 τὰ
1643 2634 1697 2661 τῶν
1716 2634 1823 2670 ἀνθρώ-

1034 2692 1092 2710 πων
1107 2682 1308 2718 συμπτώματα,
1325 2683 1490 2718 συνίστησιν,
1504 2682 1545 2708 ὄτι
1558 2682 1671 2717 προνοίᾳ
1683 2681 1717 2708 τὰ
1732 2681 1823 2708 πάντα

1033 2729 1184 2760 διοικεῖται,
1201 2728 1288 2763 λέγων
1297 2737 1303 2744 ·
1317 2738 1326 2753 ι
1339 2729 1376 2755 Οὐ
1391 2730 1447 2760 τοῖς
1463 2727 1574 2762 κούφοις
1585 2727 1715 2763 ὁδρόμος,
1729 2727 1777 2754 καὶ
1789 2727 1823 2754 οὔ

1034 2776 1089 2807 τοῖς
1097 2777 1215 2807 συνετοῐς
1224 2774 1368 2811 [δυνατοῖς]
1384 2775 1397 2800 ὁ
1406 2774 1533 2809 πόλεμος,
1545 2773 1593 2800 καί
1603 2781 1634 2808 γε
1649 2772 1679 2799 οὐ
1693 2772 1732 2807 τῷ
1747 2772 1823 2808 σοφῷ

1248 2833 1270 2849 ’⁵
1287 2832 1375 2860 Eccle.
1404 2839 1449 2865 ιι,
1467 2829 1502 2863 4,
1519 2831 1546 2859 5.
1600 2831 1623 2846 “
1642 2829 1730 2857 Eccle.
1749 2836 1825 2863 vui,
