1929 3056
135 160 189 187 5w

666 159 835 188 thOPSlS
855 160 1064 189 SCRIPTURE
1085 161 1222 190 SACRA‘I.

1705 162 1757 191 350

134 218 149 244 ὁ
163 217 254 252 ἄρτος,
269 215 317 242 καί
327 224 358 249 γε
367 216 396 242 οὗ
407 216 461 247 τοῖς
474 217 592 248 συνετοϊς
611 216 625 242 ὁ
641 217 766 250 πλοῦτος,
784 218 832 245 καί
846 226 878 252 γε
894 219 925 246 οὐ

977 220 1076 247 bellum
1088 220 1275 255 prudentium,
1289 227 1339 248 nec
1365 219 1500 255 sapientis
1522 220 1610 256 panis,
1625 227 1675 247 nec
1693 229 1759 256 pru-

134 265 193 294 τοῖς
209 261 390 296 γινώσκουσιν
408 263 424 294 ή
446 262 526 297 χάρις
536 271 543 277 ·
561 262 601 289 ὅτι
617 263 712 299 καιρὸς
722 264 768 290 καὶ
778 264 926 300 ἀπάντημα

137 309 333 344 συναντήσεται
348 309 404 339 τοῖς
423 309 506 334 πᾶσιν
520 308 620 340 αὐτοῖς.
642 309 686 335 Ἐν
701 309 782 336 παντὶ
795 309 850 345 γάρ
868 310 926 336 ἐστι

137 355 264 391 βασιλεὺς
275 354 320 381 τοῦ
339 353 424 389 ἀγροῦ
438 354 627 389 εἰργασμένου.
645 355 698 381 Καὶ
716 354 770 390 γὰρ
785 355 872 386 οὐδεὶς
881 354 927 382 κύ-

138 401 197 437 ριός
214 409 295 436 φησιν
310 400 339 426 ἐν
361 399 465 431 τούτοις
487 400 538 434 τῆς
558 400 653 426 ἑαυτοῦ
677 400 784 436 βουλῆς.
802 401 865 427 Ὅτι
885 401 927 433 τίς

137 446 290 482 ἄνθρωπος,
307 445 335 476 ὃς
350 445 524 472 ἐπελεύσεται
539 446 626 473 ὀπίσω
644 447 695 481 τῆς
712 446 810 482 βουλῆς
829 447 864 473 τὰ
877 448 927 473 ὅσα

137 493 266 528 ἐποίησεν
285 493 384 528 αὑτήν;
406 492 454 519 καὶ
477 492 518 518 ὅτι
540 492 616 519 οὐδὲν
633 493 714 519 πλέον
738 493 880 529 ἄνθρωπος
896 494 926 520 ὲν

137 538 178 574 τῷ
201 539 250 573 βίῳ
273 538 359 574 τούτῳ
383 538 578 570 ὲξουσιάσαιτο,
595 539 612 574 ἢ
636 538 682 565 τοῦ
708 540 792 566 ποιεῖν
810 539 926 575 πονηρὸν

137 584 185 611 καὶ
202 583 311 618 ἀγαθὸν,
328 583 374 610 καὶ
392 583 546 619 ἑτοιμάζειν
571 585 611 616 εἰς
627 585 677 620 τὴν
700 584 789 617 ἔξοδον
810 584 843 612 τὰ
859 585 928 620 ἔργα

138 630 231 657 αὐτοῦ.
244 630 300 657 Καὶ
314 629 368 664 γὰρ
381 629 428 656 καὶ
438 629 452 655 ὃ
467 629 584 664 φάγεται
597 630 643 656 καὶ
655 630 755 663 πίεται,
770 630 848 657 τοῦτο
858 631 927 666 δόμα

138 676 206 702 Θεοῦ
223 677 307 703 ἐστιν.
324 675 404 702 Ὅθεν
423 675 477 701 εἴτε
495 675 607 711 ζήτησίς
623 677 682 702 ἐστι
707 676 770 711 περὶ
789 676 848 708 τοῦ,
869 676 927 708 πῶς

139 722 234 756 γέγονε
257 721 291 748 τὰ
309 721 468 756 φαινόμενα,
492 722 546 748 εῐτε
569 722 663 756 κτῆσίς
688 723 746 748 ἐστι
769 722 925 758 χρημάτων,

138 768 194 794 εἴτε
208 767 297 803 τρυφὴ
313 767 482 802 περιουσίας,
502 767 590 794 πάντα
605 767 691 794 ταῦτα
709 769 857 803 ματαιότης
874 777 926 803 μα-

137 814 287 847 ταιοτήτων
303 813 371 846 ἐστὶ,
388 813 434 840 καὶ
449 813 528 839 πλέον
548 814 623 841 οὐδὲν
636 814 653 849 ἢ
669 814 812 849 περισσεία
832 814 928 850 βουλῆς

138 858 186 884 καὶ
211 858 397 893 προαιρέσεως
420 859 593 894 ὲπιχήρησις.
620 869 629 885 ι
657 860 702 886 Ἑν
726 859 754 886 δὲ
777 859 816 895 τῷ
839 859 927 894 λέγειν

136 902 225 930 ταῦτα
242 904 420 940 ματαιότητα,
435 905 561 939 ἐμφαίνει
576 905 630 932 τῶν
647 905 797 941 μελλόντων
813 906 844 932 τὸ
863 905 928 932 αίώ-
943 891 964 920 Β

138 957 205 976 νιον.
224 950 269 976 Διὸ
284 950 330 976 καὶ
345 951 434 977 πάντα
450 951 581 986 ὑπερὸὰς,
600 953 729 986 παραινεῖ
743 951 798 978 τῶν
812 952 927 978 αἰωνίων

140 996 337 1031 μνημονεύειν,
354 997 400 1023 καὶ
420 997 517 1024 εἰδέναι
540 998 618 1030 τέλος
635 997 742 1025 ἔσεσθαι
758 998 804 1024 τοῦ
825 998 927 1033 κόσμου

137 1043 242 1074 τούτου,
260 1043 289 1069 ὲν
304 1042 344 1078 τῷ
366 1043 472 1077 λέγειν,
504 1045 598 1079 ἀργεῖν
619 1043 668 1075 τὰς
689 1043 853 1079 ἀληθούσας,
870 1054 879 1069 ι
898 1045 928 1070 ὲν

137 1087 230 1123 ἡμέρα
293 1088 325 1114 ἂν
353 1088 502 1115 σαλευθῶσι
541 1089 661 1124 φύλακες
683 1089 732 1124 τῆς
757 1089 855 1121 οἰκίας,
880 1090 927 1115 καὶ

137 1133 340 1169 δωστραφῶσιν
355 1134 449 1170 ἄνδρες
465 1134 516 1170 τῆς
529 1135 679 1170 δυνάμεως,
697 1135 743 1161 καὶ
757 1135 881 1171 ἧργησαν
898 1136 926 1161 αἱ

138 1179 297 1215 ἀλήθουσαι.
317 1189 326 1206 ι
345 1180 399 1207 Καὶ¹
421 1180 455 1207 τὰ
479 1181 546 1216 μετὰ
571 1180 601 1207 τὺ
625 1181 699 1212 τέλος
722 1180 750 1207 δὲ
772 1181 925 1216 ἐξηγεῖταισ

142 1236 151 1252 ι
175 1227 234 1253 Ὀτι
255 1225 366 1261 σύμπαν
388 1226 418 1252 τὸ
438 1227 542 1261 ποίημα
559 1228 573 1253 ὁ
588 1226 652 1259 Θεὸς
669 1227 728 1259 ἄξει
748 1218 776 1253 ὲν
793 1227 882 1262 κρίσει
898 1229 927 1254 ὲν

139 1273 221 1298 παντὶ
241 1272 512 1308 παρεωραμένῳ,ὲὰν
522 1273 632 1306 ἀγαθὸν,
649 1273 696 1299 καὶ
710 1272 757 1300 ἐὰν
771 1273 897 1308 πονηρόν.
914 1283 925 1300 ι

146 1319 194 1345 Ἐκ
205 1318 237 1354 δὴ
250 1319 351 1345 τούτων
368 1318 513 1350 δείκνυσιν⁷
529 1319 569 1345 ὅτι
584 1319 655 1354 ἅπερ
674 1319 760 1354 ἔλεγε,
777 1329 786 1345 ι
805 1315 926 1346 Ματαιό-

137 1373 188 1399 της
206 1365 402 1400 ματαιοτήτων,
423 1374 432 1390 ι
456 1365 486 1390 οὺ
509 1364 558 1400 τὴν
581 1365 670 1391 κτίσιν
693 1364 842 1400 διαϐάλλων
864 1361 943 1400 ἔφη,’

140 1398 197 1437 ἀλλ’
207 1398 263 1442 γὸτι,
277 1410 312 1436 τὰ
326 1398 423 1437 αἰώνια
436 1398 556 1445 θεωρῶν,
575 1410 651 1444 ἔλεγε
667 1410 716 1446 τὴν
729 1398 782 1437 τῶν
798 1398 928 1446 προσκαί-

141 1465 195 1492 ρων
211 1456 358 1492 ἐπιθυμίαν
375 1453 445 1482 εἶναι
461 1456 637 1492 ματαιότητα.
653 1456 708 1483 Καὶ
724 1457 814 1492 κρίσιν
830 1457 857 1483 δὲ
872 1456 928 1482 δια-

139 1501 283 1533 διδάσκων,
299 1502 426 1537 σημαίνει
438 1501 487 1537 τὴν
507 1502 652 1528 ἀνάστασιν
669 1502 722 1528 τῶν
747 1501 862 1537 νεκρῶν,
881 1502 927 1528 καὶ

138 1547 194 1574 τῶν
211 1547 336 1582 πράξεων
350 1548 537 1575 ἀνταπόδοσιν.
555 1548 670 1574 Ἔπειτα
680 1547 777 1582 λέγων,
795 1557 804 1573 ι
820 1549 928 1584 Ἤργη-

140 1601 190 1620 σαν
203 1595 231 1620 at
243 1593 401 1629 ἀλήθουσαι,
418 1604 428 1620 ι
444 1594 563 1621 δείκνυσι
580 1594 660 1620 πάλιν
679 1594 715 1630 μὴ
728 1592 796 1621 εἶναι
811 1595 926 1630 ματαίαν

138 1639 223 1675 αὐτὴν
242 1640 290 1674 τὴν
303 1640 402 1672 κτίσιν,
414 1639 482 1666 ἀλλὰ
494 1640 542 1667 καὶ
562 1640 661 1675 μᾶλλον
674 1639 831 1667 διδάσκαλον
846 1642 926 1668 πᾶσιν

140 1686 226 1720 αὐτὴν
247 1683 328 1712 οὖσαν
344 1686 384 1716 εἰς
401 1685 550 1712 εὐσέϐειαν.
569 1686 599 1712 Ἡ
620 1685 674 1722 γὰρ
687 1685 763 1718 τάξις
779 1685 864 1721 αὐτῆς
880 1687 927 1713 καὶ

139 1731 156 1766 ή
180 1731 358 1767 διακόσμησις
381 1731 505 1767 διήγησις
526 1732 583 1758 ἐστι
601 1732 664 1767 περὶ
679 1731 724 1758 τοῦ
747 1732 926 1767 πεποιηκότος

138 1777 187 1802 καὶ
205 1776 346 1808 κτίσαντος
367 1777 461 1812 αὐτὴν,
478 1778 507 1803 ὲν
565 1778 612 1804 καὶ
633 1778 657 1804 οἱ
677 1778 814 1813 προφῆται
836 1778 883 1805 καὶ
900 1779 925 1805 οἱ

140 1823 341 1856 εὐαγγελισταὶ,
356 1823 402 1850 καὶ
414 1823 438 1849 οἱ
453 1822 605 1850 διδάσκαλοί
621 1824 699 1855 εἰσιν,
709 1824 802 1860 ὥσπερ
814 1824 926 1860 ἀλήθον-

139 1875 185 1898 τες
199 1867 305 1903 ἑκάστῳ
321 1867 423 1903 τροφὴν
439 1868 481 1894 διὰ
499 1868 547 1903 τῆς
564 1867 736 1900 διδασκαλίας
752 1868 801 1904 τὴν
819 1870 858 1901 είς
879 1870 925 1896 εὐ-

140 1913 247 1940 σέϐειαν
262 1910 363 1948 γνῶσιν
373 1923 379 1930 ·
396 1914 492 1945 οἵτινες
508 1914 651 1950 ἁλήθοντες
668 1915 817 1950 ἀργήσουσι
834 1915 925 1942 λοιπὸν

138 1960 167 1986 ἐν
184 1961 216 1994 τῇ
231 1960 380 1995 συντελείᾳ.
395 1960 452 1986 Οὐκ
465 1959 505 1986 ἔτι
524 1959 578 1995 γὰρ
595 1959 632 1992 ὡς
648 1959 792 1995 ἀλήοοντες
807 1960 925 1992 διδάξου-

139 2014 182 2031 σιν
208 2006 294 2038 αὒτοὶ,
312 2006 368 2032 ἀλλ’
385 2007 418 2032 ὲκ
437 2005 491 2032 τῶν
515 2005 640 2041 πράξεων
659 2006 773 2032 ἑκάστου
797 2007 814 2042 ἡ
835 2006 924 2043 κρίσις

137 2051 252 2086 γίνεται.

303 2111 423 2138 Βιόλίον
440 2110 487 2143 ις’,
502 2108 603 2146 *ᾼσμίι
616 2110 766 2145 ᾀσμάτων.

172 2157 218 2184 9Λ.
234 2156 287 2184 Τοῦ
301 2157 471 2192 Σολομῶντός
484 2157 539 2183 ἐστι
553 2156 687 2183 καὶτοῦτο
700 2157 731 2183 τὸ
742 2156 843 2192 βιὸλῐον
858 2164 923 2190 συγ-

139 2201 243 2237 γραφὴ,
262 2201 332 2228 καθὰ
353 2201 562 2236 προδεδήλωται.
582 2201 661 2228 ὐλον
681 2201 709 2227 δὲ
726 2201 799 2236 αὺτῷ
819 2202 921 2237 γέγρα-

977 265 1098 292 dentium
1133 264 1282 300 opulentia,
1311 272 1361 292 nec
1397 265 1621 300 cognoscentium
1644 266 1757 302 gratia:

976 311 1104 346 quoniam
1119 315 1228 346 tempus
1237 315 1264 338 et
1277 312 1386 340 occasio
1401 312 1482 339 simul
1496 312 1623 340 omnibus
1639 313 1699 340 istis
1715 319 1759 340 oe-

977 360 1086 384 current
1097 357 1129 383 “.
1150 356 1179 383 In
1192 357 1319 384 omnibus
1343 357 1415 384 enim
1438 362 1492 389 est,
1515 365 1564 385 rex
1589 358 1647 393 agri
1680 358 1756 385 culti.

976 400 1069 436 Neque
1084 402 1154 429 enim
1169 402 1314 436 quisquam
1330 402 1357 429 in
1376 403 1437 430 istis
1455 403 1563 430 consilii
1575 403 1617 431 sui
1632 403 1758 432 dominus

976 451 1026 474 est.
1045 447 1112 480 Quis
1126 451 1167 475 est
1181 448 1253 475 enim
1266 448 1357 480 homo,
1373 448 1420 483 qui
1445 449 1531 484 possit
1543 449 1582 477 ire
1597 454 1672 477 retro
1688 457 1752 478 con-

977 492 1079 524 silium,
1092 500 1262 528 quaacunque
1280 493 1402 520 fecerunt
1418 494 1529 529 ipsum?
1543 495 1575 521 Et
1605 495 1677 530 quod
1692 496 1760 524 nihil

976 539 1119 574 potestatis
1141 539 1260 574 amplius
1274 539 1302 566 in
1315 539 1365 566 hac
1381 539 1436 566 vita
1452 539 1550 567 habeat
1568 540 1660 572 homo,
1676 550 1760 577 quam

976 585 1096 613 faciendi
1111 585 1211 613 bonum
1228 589 1255 612 et
1265 585 1377 618 malum,
1395 588 1422 612 et
1432 585 1602 620 praeparandi
1616 594 1699 621 opera
1711 595 1761 614 sua

977 631 1011 658 ad
1025 631 1139 658 exitum.
1155 630 1223 658 Nam
1240 635 1267 658 et
1278 630 1351 665 quod
1370 629 1428 658 edit
1442 635 1468 658 et
1489 631 1569 663 bibit,
1585 631 1637 658 hoc
1657 632 1761 660 donum

977 676 1024 704 Dei
1041 681 1094 705 est.
1115 675 1193 704 Unde
1210 677 1267 703 sive
1278 679 1427 711 quaeratur,
1448 676 1587 711 quomodo
1605 677 1675 704 facta
1695 678 1761 710 sint,

977 730 1037 758 quae
1054 723 1190 755 videntur,
1218 722 1275 750 sive
1298 723 1388 750 adsint
1409 723 1540 758 pecuniae,
1560 723 1617 750 sive
1637 724 1762 759 voluptas

978 769 1153 797 abundantiae
1170 770 1284 796 :omnia
1300 769 1357 796 base
1372 769 1480 796 vanitas
1503 769 1664 802 vanitatum,
1678 775 1704 798 et
1720 771 1763 798 ni-

978 815 1014 842 hil
1031 814 1147 849 amplius
1161 821 1241 848 quam
1257 813 1431 848 superﬂuitas
1450 813 1559 841 consilii
1574 817 1601 841 et
1615 814 1763 841 voluntatis

978 859 1134 888 conatus".
1153 869 1162 885 ι
1184 859 1254 886 Cum
1277 860 1316 886 ait
1343 862 1446 890 autem,
1462 859 1519 886 haec
1532 867 1592 887 esse
1603 860 1762 892 vanitatem,

978 906 1132 934 futurorum
1155 906 1334 933 aeternitatem
1365 905 1510 939 signiﬁcat.
1541 905 1712 941 Quapropter
1735 910 1764 933 et

978 952 1104 980 universa
1134 951 1352 983 transcenderis,
1379 951 1505 978 hortatur
1531 955 1561 978 ut
1595 956 1763 979 aeternorum

977 996 1136 1024 memoriam
1168 1004 1320 1027 servemus,
1349 1000 1375 1024 et
1410 997 1530 1024 sciamus
1561 997 1684 1024 futurum
1712 997 1764 1024 ali-

976 1045 1098 1079 quando.
1114 1047 1145 1070 ut
1165 1042 1285 1070 mundus
1301 1043 1345 1070 hic
1358 1042 1478 1075 ﬁniatur,
1490 1050 1552 1070 cum
1568 1043 1645 1075 dicit,
1663 1042 1721 1070 fore
1731 1047 1763 1089 .ut

978 1089 1111 1116 molentes
1133 1092 1253 1120 cessent.
1286 1097 1295 1114 ι
1325 1089 1352 1116 in
1380 1088 1424 1116 die
1442 1097 1495 1124 qua
1518 1088 1764 1117 commovebuntur

977 1135 1107 1163 custodes
1123 1135 1220 1162 domus
1237 1138 1264 1162 et
1281 1135 1416 1162 nutabunt
1432 1135 1482 1162 viri
1506 1139 1640 1170 potentes,
1655 1139 1682 1163 et
1705 1143 1764 1162 mo-

977 1181 1063 1208 lentes
1082 1181 1301 1208 cessaverunt”.
1323 1190 1331 1206 ι
1353 1180 1385 1207 Et
1400 1189 1460 1216 qua:
1483 1181 1563 1208 tinem
1585 1182 1678 1208 mundi
1696 1182 1760 1209 sub-

977 1232 1129 1262 sequuntur
1157 1227 1280 1262 exponit,
1304 1227 1399 1254 dicens
1424 1236 1431 1253 :
1453 1236 1461 1252 ι
1483 1226 1618 1260 Quoniam
1652 1230 1764 1262 cuncta,

977 1280 1037 1308 quae
1058 1272 1135 1303 ﬁunt.
1152 1272 1233 1300 ducet
1257 1272 1329 1300 Deus
1355 1273 1382 1300 in
1404 1272 1548 1307 judicium;
1565 1274 1592 1300 in
1618 1273 1693 1300 omni
1719 1281 1764 1300 er~-

977 1322 1048 1350 rato,
1078 1318 1136 1346 sive
1164 1318 1275 1349 bonum,
1295 1319 1352 1346 sive
1376 1319 1519 1345 malum”.
1542 1328 1550 1344 ι
1570 1318 1619 1346 His
1643 1319 1765 1346 ostendit

977 1364 1051 1400 quod
1076 1364 1142 1391 illud
1165 1374 1170 1392 :
1193 1373 1202 1390 ι
1223 1363 1337 1392 Vanitas
1360 1365 1522 1397 vanitatum,
1542 1375 1551 1390 ι
1576 1373 1630 1392 non
1657 1365 1690 1392 ad
1711 1365 1764 1392 hoc

977 1409 1096 1440 dixerit,
1126 1412 1157 1436 ut.
1189 1413 1344 1436 creaturam
1379 1410 1586 1443 criminaretur;
1613 1410 1661 1438 sed
1691 1410 1764 1445 quod

977 1459 1077 1482 aeterna
1090 1455 1302 1489 contemplatus,
1324 1451 1425 1482 rerum'
1439 1456 1629 1490 temporalium
1654 1455 1764 1483 deside-

978 1499 1048 1527 rium
1064 1499 1222 1527 admoneret
1241 1507 1301 1528 esse
1319 1501 1478 1528 vanitatem.
1497 1500 1529 1527 Et
1557 1501 1601 1528 ubi
1628 1501 1762 1536 judicium

977 1545 1101 1572 futurum
1131 1553 1193 1573 esse
1222 1545 1311 1578 docet,
1329 1545 1418 1573 innuit
1442 1546 1501 1574 fore
1533 1547 1763 1574 resurrectionem

977 1595 1160 1625 mortuorum,
1173 1595 1200 1618 et
1214 1595 1336 1618 actorum
1350 1591 1570 1620 retributionem.
1585 1592 1685 1619 Deinde
1700 1599 1763 1619 cum

978 1636 1044 1663 dicit
1061 1644 1068 1662 :
1088 1646 1097 1662 ‹
1118 1637 1302 1664 Cessaverunt
1314 1637 1458 1671 molentes,
1470 1647 1479 1663 ι
1494 1638 1572 1672 122
1582 1637 1700 1665 ostendit
1710 1645 1765 1665 non

976 1690 1072 1709 vanam
1088 1690 1149 1710 esse
1170 1683 1256 1717 ipsam
1275 1686 1442 1714 creaturam,
1461 1684 1508 1711 sed
1522 1684 1613 1718 potius
1629 1684 1759 1712 omnibus

975 1735 1037 1754 esse
1048 1727 1158 1762 pietatis
1178 1727 1347 1762 magistram.
1368 1727 1509 1763 Siquidem
1534 1730 1621 1764 ipsius
1645 1729 1711 1756 ordo
1736 1734 1764 1757 et

975 1779 1100 1805 ornatus,
1122 1773 1156 1801 de
1177 1774 1281 1801 factore
1310 1774 1370 1809 ipso
1392 1782 1423 1801 ac
1450 1779 1575 1802 creatore
1600 1776 1760 1811 praedicatio

979 1823 1022 1846 est
1042 1820 1088 1846 :in
1104 1827 1159 1855 qua
1188 1824 1253 1848 sunt
1278 1825 1305 1847 ct
1329 1821 1468 1855 prophetae
1493 1824 1520 1848 et
1535 1822 1717 1856 evangelista,
1735 1825 1763 1849 et

975 1865 1112 1897 doctores,
1127 1871 1256 1901 tanquam
1272 1866 1405 1893 molentes
1426 1867 1575 1902 unicuique
1589 1868 1758 1900 alimoniam,

975 1920 1024 1948 per
1045 1912 1210 1945 doctrinam,
1236 1912 1365 1940 videlicet
1395 1913 1504 1948 pietatis
1532 1913 1674 1941 scientiam
1691 1924 1697 1941 :
1714 1914 1762 1949 qui

974 1959 1108 1987 molentes
1124 1959 1233 1986 tandem
1268 1960 1295 1986 in
1325 1959 1563 1986 consummatione
1591 1960 1761 1987 otiabuntur.

975 2003 1044 2031 Tum
1059 2004 1133 2031 enim
1158 2012 1213 2031 non
1240 2004 1378 2031 docebunt
1400 2005 1530 2039 amplius,
1549 2005 1635 2032 instar
1658 2005 1761 2032 molen-

974 2052 1053 2084 tium,
1070 2051 1117 2079 sed
1134 2051 1250 2086 quisque
1266 2050 1417 2079 secundum
1435 2055 1494 2078 acta
1508 2050 1686 2085 judicabitur.

1100 2107 1179 2134 Liber
1197 2107 1283 2140 XVI,
1301 2108 1441 2134 Canticum
1463 2107 1636 2134 canticorum.

1010 2154 1054 2181 ‘24.
1075 2153 1125 2181 llic
1146 2162 1257 2189 quoque
1280 2154 1349 2182 liber
1378 2153 1533 2181 Salomonis
1553 2158 1595 2181 est
1623 2160 1703 2188 opus,
1731 2157 1761 2180 ut

975 2199 1101 2233 superius
1111 2198 1279 2226 declaratum
1295 2203 1348 2226 est.
1368 2198 1522 2233 Totumque
1534 2198 1568 2225 ab
1584 2197 1662 2224 initio
1674 2205 1760 2232 usque

138 2255 205 2273 πται
224 2247 271 2273 ἀπ’
284 2246 372 2282 ἀρχῆς
388 2246 469 2282 μέχρι
491 2247 584 2279 τέλους
603 2247 742 2282 μυστικῶς
756 2247 825 2283 μετὰ
843 2241 925 2283 ἀλλη-

977 2245 1010 2272 ad
1025 2245 1104 2272 ﬁnem
1123 2245 1237 2281 mystice
1249 2249 1276 2272 et
1291 2253 1353 2272 cum
1369 2245 1496 2280 allegoria
1511 2243 1679 2279 acnigmatica
1694 2251 1760 2270 con-

139 2292 232 2328 γορίας
245 2291 469 2327 αἰνιγματώδους.
485 2293 521 2320 Οὐ
535 2292 588 2329 γὰρ
606 2294 635 2319 ἐν
653 2293 692 2328 τῷ
708 2295 849 2328 προφανεῐ,
867 2294 924 2320 ἀλλ’

139 2338 168 2364 ὲν
189 2339 336 2373 ἀπορρήτῳ
352 2338 504 2374 κέκρυπται
524 2338 578 2365 τῶν
603 2340 631 2365 ὲν
654 2339 728 2375 αὐτῷ
746 2340 886 2375 δογμάτων
911 2341 926 2367 ὁ

139 2384 212 2416 νοῦς.
236 2383 432 2420 Ἐρευνώμενος
453 2385 481 2411 δὲ
496 2385 660 2420 εὑρίσκεται,
677 2385 743 2411 διότι
760 2386 830 2421 μετὰ
845 2386 926 2421 ἀλλη-

139 2431 234 2466 γορίας
256 2431 429 2465 ἐντυγχάνειν
443 2430 496 2465 ὅλῳ
511 2431 598 2466 τούτῳ
623 2433 755 2466 προσήκει
784 2432 846 2463 τοὺς
863 2440 925 2457 συν-

138 2475 232 2508 ετούς·
256 2476 300 2503 ἵνα
322 2476 358 2512 μὴ
377 2477 410 2503 δι’
431 2477 541 2511 ἄγνοιαν
561 2477 614 2504 τῶν
625 2477 738 2512 ἀμαθῶν
754 2478 793 2509 είς
815 2478 925 2513 ἀτιμίαν

139 2521 248 2557 ἐμπέσῃ
263 2521 297 2548 τὰ
312 2522 454 2558 εἰρημένα.
467 2520 563 2558 ’ᾼσμα
585 2522 612 2549 δὲ
632 2523 762 2558 ᾀσμάτων
781 2522 825 2549 διὰ
847 2523 924 2549 τοῦτο

138 2567 271 2598 καλεῖται,
291 2567 384 2603 ἐπειδὴ
409 2567 477 2603 μετὰ
495 2568 544 2603 μὲν
566 2568 600 2595 τὰ
616 2568 684 2596 ἄλλα
704 2568 813 2604 ᾄσματα
833 2568 923 2600 τοῦτο,

140 2613 210 2648 μετὰ
231 2613 260 2639 δὲ
278 2613 357 2639 τοῦτο
378 2613 428 2640 οὐκ
448 2613 487 2640 ἔτι
503 2613 566 2640 ἄλλο
582 2615 734 2650 προσδοκᾷν
754 2614 843 2642 ἔστιν·
861 2615 924 2642 ἄλλο

138 2657 167 2683 δὲ
186 2657 257 2691 λέγω
269 2658 299 2684 οὐ
316 2657 426 2691 βιϐλίον,
439 2657 506 2684 ἀλλὰ
517 2659 548 2685 τὸ
563 2659 594 2685 ἐκ
608 2659 654 2686 τοῦ
677 2659 779 2694 βιϐλίου
796 2660 924 2694 σημαινό-

140 2710 229 2737 μενον.
245 2703 278 2728 ὐ
293 2702 321 2728 δὲ
336 2702 406 2736 λέγω
418 2703 536 2730 τοιοῦτόν
552 2705 619 2731 ἐστι·
637 2705 741 2740 Πᾶσαὴ
758 2705 816 2732 θεία
829 2706 925 2742 Γραφὴ

139 2749 204 2784 περὶ
219 2748 268 2782 τῆς
281 2749 320 2779 εις
334 2749 407 2784 ἡμᾶς
423 2749 533 2776 καθόδου
554 2750 601 2777 τοῦ
625 2751 711 2784 Λόγου
727 2751 774 2778 καὶ
789 2752 922 2788 ὲνσάρκου

139 2792 290 2827 παρουσίας
302 2792 384 2819 αὑτοῦ
402 2794 578 2830 προφητεύει.
593 2795 677 2822 Τοῦτο
691 2795 745 2831 γὰρ
756 2796 786 2823 τὸ
800 2796 924 2832 βούλημα

976 2291 1098 2326 scripsit.
1129 2291 1268 2318 Sententia
1292 2291 1394 2326 quippe
1421 2292 1580 2326 dogmatum
1613 2289 1684 2324 ejus,
1705 2297 1760 2317 non

976 2342 1080 2373 aperta.
1098 2338 1144 2366 sed
1162 2338 1271 2365 occulta
1290 2342 1342 2365 est.
1358 2338 1485 2364 Attamen
1503 2337 1525 2364 si
1541 2340 1684 2363 accurrate
1698 2343 1760 2370 per-

975 2385 1111 2420 quiratur,
1131 2384 1295 2411 invenietur.
1315 2384 1486 2418 Quapropter
1514 2382 1633 2417 expedit,
1656 2386 1684 2408 ut
1712 2382 1759 2417 qui

977 2431 1126 2466 prudentes
1138 2434 1213 2462 sunt;
1226 2430 1253 2457 in
1271 2433 1327 2457 toto
1344 2430 1395 2457 hoc
1410 2430 1479 2457 libro
1494 2429 1638 2463 allegorice
1648 2435 1760 2456 versen—

977 2481 1034 2508 tur,
1055 2484 1090 2503 ne
1106 2480 1216 2511 propter
1231 2476 1419 2511 imperitorum
1436 2475 1626 2510 ignorantiam,
1641 2481 1701 2509 qua:
1715 2474 1760 2501 hic

976 2523 1119 2555 dicuntur,
1133 2522 1302 2556 contemptui
1322 2522 1484 2549 habeantur.
1501 2520 1643 2547 Canticum
1668 2525 1758 2548 autem

977 2570 1149 2597 canticorum
1180 2568 1242 2595 ideo
1261 2572 1386 2599 vocatur,
1400 2567 1473 2602 quod
1496 2570 1558 2601 post
1581 2566 1634 2593 alia
1652 2567 1759 2593 cantica

977 2614 1173 2648 subsequatur,
1189 2619 1216 2641 et
1227 2613 1303 2648 quod
1325 2621 1380 2640 non
1404 2612 1478 2640 aliud
1500 2615 1593 2646 postea
1616 2611 1758 2638 Canticum

977 2660 1012 2687 sit
1027 2659 1241 2694 exspectandum
1258 2667 1265 2685 :
1283 2658 1355 2685 aliud
1378 2662 1468 2685 autent
1486 2657 1559 2688 dico,
1569 2664 1623 2684 non
1640 2656 1757 2688 librum;

977 2705 1024 2733 sed
1039 2705 1111 2741 quod
1129 2705 1156 2732 in
1169 2705 1237 2732 libro
1253 2703 1433 2739 signiﬁcatur.
1450 2703 1527 2736 Quod
1545 2702 1606 2730 dico
1621 2702 1673 2730 taie
1699 2705 1756 2729 est:

975 2750 1070 2778 Omnis
1080 2750 1171 2777 divina
1186 2749 1338 2784 Scriptura,
1355 2749 1388 2777 de
1400 2747 1481 2776 Verbi
1498 2749 1631 2776 descensu
1643 2747 1677 2775 ad
1694 2755 1756 2779 nos,

975 2801 1002 2825 et
1013 2796 1046 2824 de
1063 2796 1180 2824 adventu
1195 2795 1255 2830 ejus
1268 2795 1297 2822 in
1313 2803 1396 2824 carne
1407 2794 1576 2831 prophetiam
1592 2794 1681 2822 habet.
1695 2791 1758 2820 Haec

175 2871 196 2886 "
216 2871 302 2900 l’ct-le.
321 2881 364 2907 tr,
383 2872 426 2901 ll.
463 2874 484 2889 ¹⁷
505 2872 592 2901 Ecclc.
611 2882 637 2907 ι’,
654 2874 686 2908 9,
705 2874 754 2906 l6,
773 2874 866 2904 lii-18.
904 2875 927 2891 “
946 2874 1036 2904 Eccle.
1056 2883 1112 2907 xii,
1128 2875 1155 2902 1’5.
1194 2874 1216 2890 ”
1237 2873 1303 2901 ibitl.
1323 2873 1366 2901 ι-ι.
